4078 6432
1204 379 1239 405 ρ

405 485 546 544 1015
1148 485 1415 542 EUSEBII
1453 482 1936 541 CESARIENSIS
1966 480 2117 539 OPP.
2158 481 2341 538 PARS
2375 481 2950 541 Ill.—EXEGETICA.
3518 493 3667 548 1016

402 607 535 663 totis
576 606 721 659 mille
769 607 927 659 annis
974 605 1233 676 templum
1286 605 1405 673 ejus
1456 604 1705 672 duravit;
1756 603 1974 659 totidem

2084 602 2274 672 χιλίοις
2306 601 2449 655 ἔτεσι
2478 602 2710 673 συνέστη
2742 606 2770 657 6
2808 606 2865 657 ἐν
2894 605 3029 676 αὐτῇ
3073 604 3235 670 νεώς·
3269 605 3506 662 τοσαῦτα
3545 610 3664 682 γὰρ

401 698 603 769 quippe
634 702 992 751 numerantur
1024 710 1054 749 a
1101 697 1284 766 templi
1319 694 1631 751 Salomonis
1661 694 1980 751 fundatione

400 804 575 859 usque
616 788 682 841 ad
733 786 1034 843 Salvatoris
1070 790 1245 843 nostri
1285 789 1600 853 adventum.
1650 792 1800 855 Quos
1849 789 1978 842 item

396 878 630 933 indicari
670 887 805 950 puto
849 878 904 933 in
944 894 1145 933 Luxu
1175 882 1425 948 psalmo,
1481 881 1574 949 qui
1618 880 1977 945 inscribitur,

402 968 589 1025 Oratio
622 968 865 1041 Moysis;
898 971 951 1024 in
986 971 1345 1041 sequentibus
1379 972 1581 1042 quippe
1622 973 1737 1027 haec
1768 972 1930 1027 habet
1961 992 1973 1026 :

400 1061 663 1128 Quoniam
696 1063 837 1117 mille
868 1064 995 1117 anni
1020 1075 1142 1117 ante
1172 1066 1351 1119 oculos
1383 1075 1499 1120 tuos
1520 1106 1535 1129 ,
1585 1077 1837 1135 tanquam
1866 1064 1977 1118 dies

396 1151 641 1206 hesterna
668 1164 783 1223 qua:
808 1155 1094 1222 praeteriit,
1134 1163 1183 1208 et
1214 1155 1456 1209 custodia
1486 1157 1538 1209 in
1568 1164 1736 1210 nocte.
1771 1154 1977 1224 Hujus-

395 1244 542 1298 modi
579 1247 761 1315 itaque
790 1245 1097 1301 millenario
1128 1246 1208 1301 vel
1245 1264 1352 1301 una
1391 1248 1509 1303 dies
1552 1246 1976 1303 resurrectionis

398 1334 700 1391 Salvatoris
731 1339 905 1393 nostri
942 1354 1006 1393 ex
1047 1340 1281 1394 mortuis
1312 1338 1676 1409 praeponenda
1698 1381 1712 1404 ,
1751 1348 1806 1392 et
1841 1354 1978 1409 pre—

397 1428 595 1482 tiosior
626 1429 815 1484 haberi
842 1430 1004 1485 debet
1068 1432 1119 1487 ei
1176 1433 1269 1502 qui
1304 1434 1548 1502 ejusdem
1592 1447 1779 1486 amore
1822 1431 1977 1485 duci-

396 1526 509 1575 tur.
543 1519 723 1584 Quare
754 1522 1046 1576 adventum
1069 1531 1344 1577 maturare
1370 1538 1529 1578 suum
1561 1530 1718 1593 rogat
1746 1522 1972 1577 dicens:

395 1609 606 1679 Aspice,
645 1612 816 1677 Deus,
852 1623 900 1667 et
934 1616 1129 1683 respice
1161 1616 1215 1667 in
1249 1616 1439 1684 faciem
1469 1614 1670 1669 Christi
1703 1616 1812 1679 tui,
1845 1631 1978 1685 quo-

395 1702 542 1754 niam
572 1704 757 1758 melior
782 1714 861 1758 est
896 1705 1005 1759 dies
1030 1723 1137 1759 una
1164 1707 1216 1762 in
1257 1708 1408 1760 atriis
1442 1708 1545 1761 tuis
1577 1722 1735 1775 super
1778 1706 1972 1760 millia.

393 1789 583 1863 Neque
613 1810 743 1848 vero
766 1796 936 1850 millia
994 1798 1082 1851 hic
1137 1798 1421 1867 pluraliter
1455 1797 1775 1868 accipienda
1821 1807 1972 1852 sunt.

392 1884 531 1937 Nam
571 1887 714 1956 apud
744 1886 1000 1946 Hebraeos
1031 1890 1145 1945 haec
1170 1906 1273 1944 vox
1300 1891 1588 1945 millenare
1610 1906 1779 1944 unum
1808 1891 1976 1961 signi-

2078 691 2146 766 ἦν
2164 696 2232 749 τὰ
2258 696 2365 748 ἀπὸ
2382 697 2481 766 τῆς
2501 695 2842 766 Σολομῶντος
2868 698 3214 768 κατασκευῆς
3227 697 3320 751 τοῦ
3349 700 3477 753 ναοῦ
3494 701 3664 773 μέχρι

2077 788 2177 857 τῆς
2198 785 2293 839 τοῦ
2317 787 2567 857 Σωτῆρος
2588 787 2746 857 ήμῶν
2767 788 3088 860 παρουσίας,
3116 789 3153 844 ἃ
3175 792 3269 844 καὶ
3291 788 3445 857 αὖθις
3462 793 3662 865 δηλοῦ-

2081 876 2204 929 σθαι
2232 877 2470 947 ἡγοῦμαι
2502 876 2587 930 διὰ
2612 876 2707 930 τοῦ
2742 878 2841 932 πθ¹
2866 878 3082 951 ψαλμοῦ
3102 920 3116 945 ,
3160 880 3219 944 ὃς
3250 882 3663 953 ἐπιγέγραπται

2082 967 2201 1038 μὲν,
2220 967 2537 1036 Προσευχὴ
2554 967 2869 1036 Μωῦσέως,
2898 971 3031 1041 φησὶ
3059 970 3152 1024 καὶ
3167 970 3390 1043 προῖὼν,
3419 973 3539 1027 Ὅτι
3562 976 3660 1042 χί-

2076 1062 2179 1113 λια
2213 1059 2318 1127 ἔτη
2358 1061 2429 1113 ἐν
2469 1060 2797 1129 ὀφθαλμοῖς
2824 1077 2940 1115 σου
2967 1061 3113 1117 ὡσεὶ
3146 1062 3339 1132 ἡμέρα
3370 1064 3410 1132 ή
3455 1065 3655 1134 ἐχθὲς,

2078 1152 2211 1219 ἥτις
2241 1150 2467 1220 διῆλθε,
2504 1154 2601 1207 καὶ
2630 1154 2875 1223 φυλακὴ
2894 1155 2964 1207 ἐν
2986 1156 3182 1209 νυκτί.
3220 1156 3330 1227 Τῆς
3353 1154 3447 1211 οὖν
3479 1157 3661 1228 χιλιά-

2077 1246 2166 1309 δος
2195 1247 2409 1318 ἐκείνης
2438 1249 2470 1319 ἡ
2506 1248 2604 1318 μία
2629 1248 2813 1320 ἡμέρα
2842 1248 2941 1320 τῆς
2973 1250 3037 1303 ἐκ
3071 1249 3279 1321 νεκρῶν
3305 1251 3659 1315 ἀναστάσεως

2076 1336 2170 1391 τοῦ
2188 1339 2438 1409 Σωτῆρος
2454 1339 2610 1409 ἡμῶν
2631 1341 2929 1412 προκριτέα
2947 1343 3040 1394 καὶ
3060 1342 3434 1415 προτιμοτέρα
3452 1346 3660 1415 τυγχά-

2076 1448 2156 1483 νει
2181 1431 2258 1501 τῷ
2286 1431 2490 1503 ταύτης
2521 1432 2833 1504 ἐπιθυμητῇ
2868 1434 3163 1505 γενομένῳ.
3195 1433 3286 1487 Διὸ
3312 1435 3530 1506 εὔχεται
3557 1454 3659 1495 ’τα-τ

2075 1522 2234 1593 χῢναι
2257 1523 2357 1593 τὴν
2379 1525 2680 1594 παρουσίαν
2705 1524 2868 1578 αὐτοῦ
2896 1526 3097 1594 λέγων·
3144 1526 3275 1590 Ἰδὲ,
3308 1531 3341 1581 ό
3364 1528 3524 1594 Θεὸς,
3553 1530 3659 1582 καὶ

2074 1614 2176 1666 ἐπί
2179 1616 2409 1682 ϐλεψω·
2437 1617 2525 1682 εις
2550 1616 2614 1668 τὸ
2638 1619 2965 1683 πρόσωπον
2986 1617 3090 1671 τοῦ
3115 1618 3375 1686 Χριστοῦ
3396 1636 3532 1684 σου,
3566 1619 3660 1673 ὅτι

2076 1708 2379 1775 κρείσσων
2404 1708 2596 1777 ἡμέρα
2626 1710 2737 1777 μία
2754 1710 2826 1762 ἐν
2847 1709 2974 1777 ταῖς
3000 1710 3215 1776 αὐλαῖς
3237 1726 3355 1769 σου
3380 1712 3532 1779 ὑπὲρ
3566 1730 3656 1781 χιέ

2074 1797 2308 1865 λιάδας.
2368 1799 2442 1852 Οὐ
2488 1800 2704 1863 πάντως
2730 1801 2786 1854 δέ
2817 1800 3194 1871 πληθυντικῶς
3224 1802 3514 1856 ἀκουστέον
3542 1803 3654 1855 τῶν

2079 1889 2363 1959 χιλιάδων’
2398 1891 2548 1961 παρὰ
2573 1890 2682 1963 γὰρ
2722 1891 2989 1962 Ἐὕραίοις
3012 1891 3148 1963 αὕτη
3184 1894 3217 1963 ἡ
3250 1891 3391 1957 λέξις
3414 1892 3542 1962 μίαν
3570 1911 3659 1963 χιτ

393 1974 521 2029 licat
546 2017 560 2041 ,
605 1949 670 2032 ut
699 1981 897 2050 cuique
948 1981 1321 2036 consideranti
1356 1982 1535 2050 palam
1567 1982 1693 2035 erit.
1731 1980 1797 2035 Et
1844 1949 1974 2051 quia

2076 1949 2231 2036 λιάδα
2256 1949 2530 2053 σημαίνει,
2550 1949 2626 2046 ως
2647 1949 2906 2054 παντὶιτῷ
2925 1949 3118 2056 ἐπιστή
3127 1949 3279 2038 σαντι
3300 1949 3457 2054 δῆλὸν
3480 1949 3651 2041 ἔσται,

392 2074 511 2129 dics
545 2088 652 2127 una
684 2072 737 2126 in
769 2073 923 2129 atriis
952 2089 1049 2143 per
1077 2081 1251 2128 totum
1280 2073 1468 2128 orbem
1499 2075 1552 2127 in
1586 2074 1822 2133 adventu
1856 2071 1972 2142 Dei,

392 2167 486 2236 qui
517 2166 935 2237 praenuntiatur,
976 2164 1218 2220 fundatis
1244 2205 1257 2229 ,
1302 2164 1649 2234 praestantior
1680 2170 1765 2219 est
1811 2164 1977 2218 milli-

391 2259 526 2326 bus;
564 2259 687 2314 ideo
726 2259 982 2330 superius
1017 2274 1237 2329 quoque
1261 2259 1515 2314 dicebat:
1560 2257 1893 2327 Concupiscit
1924 2266 1974 2313 et

392 2349 574 2420 deﬁcit
599 2351 778 2404 anima
805 2368 921 2404 mea
952 2351 1005 2403 in
1045 2352 1189 2404 atria
1239 2349 1473 2405 Domini.
1511 2349 1578 2403 Et
1619 2366 1815 2405 rursus
1844 2351 1973 2420 quia

386 2442 501 2513 jam
527 2458 689 2512 supra
718 2443 949 2507 dixerat,
972 2443 1123 2497 Beati
1144 2444 1233 2511 qui
1255 2444 1496 2496 habitant
1521 2444 1578 2496 in
1605 2442 1762 2507 domo
1781 2452 1892 2508 tua,
1916 2444 1974 2497 in

389 2536 589 2589 sarcula
612 2536 926 2589 surculorum
963 2516 1255 2590 laudabunt
1304 2547 1350 2589 te
1374 2552 1399 2589 ι
1442 2536 1528 2591 his
1561 2536 1719 2591 [idem
1766 2535 1973 2590 habens

390 2639 454 2679 ac
478 2641 667 2679 verum
691 2642 815 2681 esse
846 2626 1055 2680 dictum
1091 2626 1405 2695 hujusmodi
1439 2641 1768 2696 persuasus,
1808 2640 1872 2680 ea
1905 2625 1973 2681 de

389 2732 559 2774 causa
587 2719 710 2773 dico
739 2739 753 2773 :
790 2719 939 2789 Elegi
962 2718 1195 2787 abjectus
1224 2736 1335 2773 esse
1355 2720 1409 2772 in
1432 2720 1588 2772 domo
1611 2719 1708 2774 Dei
1734 2720 1836 2775 mei
1858 2735 1973 2772 ma-

388 2810 506 2880 gis;
541 2818 601 2863 ut
635 2810 691 2864 in
715 2811 878 2865 domo
910 2809 1001 2865 Dei
1035 2812 1349 2867 consistens
1404 2811 1460 2864 in
1510 2810 1711 2864 saecula
1745 2811 1972 2865 saeculo-

388 2916 514 2959 rum
548 2902 717 2957 Deum
762 2902 986 2958 laudare
1024 2904 1255 2959 valeam.
1295 2902 1401 2958 Sed
1430 2904 1593 2958 etiam
1631 2904 1776 2959 sicut
1823 2904 1970 2958 diem

389 3008 555 3047 unam
579 2993 820 3049 millibus
846 2996 1073 3049 antetuli
1098 3036 1112 3059 ,
1146 2996 1220 3049 ita
1247 3002 1301 3050 et
1330 2995 1550 3051 domum
1577 2995 1694 3059 Dei,
1720 3010 1841 3066 quae
1887 3003 1973 3049 est

390 3083 638 3169 Ecglesia
672 3083 768 3139 Dei
830 3086 1064 3141 viventis
1091 3125 1105 3149 ,
1160 3087 1416 3141 columna
1468 3094 1523 3141 et
1557 3086 1970 3142 fundamentum

384 3176 656 3239 veritatis,
680 3176 865 3246 potius
895 3177 1054 3247 elegi,
1085 3191 1247 3247 quam
1288 3177 1537 3243 habitare
1565 3178 1623 3233 in
1652 3179 1840 3234 multis
1887 3187 1973 3232 ta-

385 3268 703 3323 bernaculis
726 3276 1099 3339 peccatorum.
1150 3266 1285 3323 Nam
1332 3269 1436 3339 ipsi
1470 3285 1688 3341 quoque
1715 3278 1972 3340 peccato-

388 3374 481 3414 res
512 3360 566 3413 in
596 3361 833 3431 speciem
859 3361 1341 3421 tabernaculorum
1370 3359 1466 3415 Dei
1495 3376 1617 3417 sese
1645 3377 1971 3431 composue-

386 3460 519 3506 runt
547 3471 560 3506 :
611 3451 705 3508 sed
738 3452 1089 3509 tabernacula
1120 3452 1236 3517 Dei,
1261 3453 1549 3520 amabilia;
1596 3460 1968 3524 peccatorum,

384 3543 514 3599 odio
544 3543 707 3615 digna
739 3553 887 3600 sunt.
921 3575 993 3585 —
1025 3544 1192 3601 Vens.
1246 3545 1335 3601 12.
1377 3545 1517 3612 Quia
1549 3544 1970 3598 misericonliam

384 3647 434 3690 et
466 3638 735 3691 veritatem
781 3635 955 3707 diligit
991 3636 1244 3699 Dominus
1287 3637 1463 3705 Deus,
1500 3639 1731 3709 gratiam
1770 3646 1820 3691 et
1855 3636 1971 3706 glo-

386 3728 527 3779 riam
561 3725 709 3780 dabit
745 3724 1025 3782 Dominus.
1075 3726 1180 3781 Pro
1230 3728 1343 3793 illo,
1372 3708 1969 3794 Quia'misericordiam

385 3826 436 3871 et
462 3818 734 3873 veritatem
762 3818 937 3890 diligit
966 3818 1251 3884 Dominus,
1267 3818 1487 3890 Aquila,
1506 3818 1645 3885 Quia
1665 3821 1969 3875 misericor-

385 3911 479 3965 dia
499 3920 548 3965 et
571 3911 783 3982 clypeus
816 3911 1075 3966 Dominus
1116 3911 1292 3976 Deus;
1343 3912 1537 3983 quinta
1588 3928 1720 3967 vero
1764 3914 1967 3979 editio,

388 4002 531 4069 Quia
556 4002 639 4056 sol
676 4012 726 4057 et
762 4011 1027 4071 protector
1070 4002 1331 4065 Dominus
1380 4002 1557 4073 Deus;
1606 4002 1969 4075 Symmachus

387 4096 665 4160 similiter,
692 4094 834 4161 Quia
862 4095 965 4157 sol,
993 4094 1151 4151 dixit.
1176 4094 1303 4151 Ideo
1325 4110 1587 4168 namque,
1621 4096 1715 4161 ait,
1743 4112 1850 4151 una
1878 4096 1971 4152 illa

386 4185 505 4243 dies
537 4188 778 4242 millibus
807 4189 1000 4242 melior
1022 4194 1127 4251 est,
1158 4188 1286 4258 quia
1312 4186 1577 4244 Dominus
1598 4187 1696 4244 Dei
1732 4189 1969 4243 Verbum

388 4280 497 4336 diei
530 4279 677 4334 illius
727 4279 809 4335 sol
849 4285 953 4333 est.
1003 4277 1162 4339 Hunc
1206 4293 1338 4333 vero
1372 4280 1541 4335 solem
1572 4281 1837 4351 propheta
1885 4280 1970 4337 his

387 4372 572 4429 verbis
604 4370 1011 4427 subindicavit:
1065 4370 1392 4427 Timentibus
1442 4382 1617 4426 autem
1652 4389 1730 4426 me
1771 4374 1973 4433 orietur

387 4465 483 4520 Sol
516 4464 784 4534 justitice,
821 4472 870 4517 et
904 4461 1108 4516 medela
1140 4464 1195 4516 in
1222 4463 1323 4517 alis
1361 4464 1475 4532 ejus
1510 4464 1575 4517 ³⁸.
1618 4462 1755 4517 Eum
1792 4466 1969 4535 ipsum

383 4555 724 4627 signiﬁcabat
744 4554 837 4625 qui
867 4554 1005 4607 dixit
1030 4573 1043 4607 :
1079 4554 1148 4608 Et
1180 4553 1379 4609 occidet
1398 4554 1480 4608 sol
1504 4571 1661 4624 super
1690 4556 1968 4624 prophetas

2074 2074 2186 2129 Καὶ
2230 2075 2530 2147 ἐπειδήπερ
2564 2076 2595 2145 ή
2646 2077 2742 2146 μία
2780 2076 2963 2148 ἡμέρα
2998 2078 3366 2150 προτιμοτέρα
3409 2080 3525 2133 ἐστὶ
3555 2080 3657 2151 τῆς

2073 2166 2307 2238 χιλιάδος
2328 2167 2385 2218 ἐν
2404 2167 2525 2229 ταῖς
2546 2166 2735 2229 αὐλαῖς
2756 2171 2877 2231 ταῖς
2900 2166 3020 2222 καθ’
3041 2168 3168 2238 ὅλης
3189 2169 3287 2239 τῆς
3305 2169 3649 2239 οἰκουμένης,

2072 2256 2160 2310 διὰ
2193 2258 2293 2327 τῆς
2332 2257 2649 2326 θεοφανείας
2677 2257 2770 2311 τοῦ
2803 2260 3283 2331 προφητευομένου
3314 2259 3469 2325 Θεοῦ,
3512 2261 3656 2332 ἱδρυ-

2073 2350 2312 2415 θείσαις·
2371 2350 2459 2405 διὰ
2499 2356 2657 2409 τοῦτο
2689 2353 2783 2405 καὶ
2814 2353 3070 2425 ἀνωτέρω
3097 2354 3307 2423 ἔλεγεν·
3358 2355 3663 2409 Ἐπιποθεῖ

2071 2445 2171 2504 καὶ
2188 2444 2449 2499 ἐκλείπει
2468 2444 2507 2511 ἡ
2524 2444 2692 2513 ψυχή
2708 2462 2827 2514 μου
2843 2446 2931 2511 εὶς
2949 2444 3058 2511 τὰς
3076 2445 3269 2511 αὐλὰς
3287 2445 3393 2512 τοῦ
3408 2447 3655 2515 Κυρίου..

2071 2536 2183 2589 Καὶ
2211 2536 2373 2590 πάλιν
2406 2535 2711 2607 ἐπειδήπερ
2754 2536 3010 2609 ἀνωτέρω
3041 2536 3193 2605 ἔλεγε
3220 2538 3280 2590 τὸ
3300 2576 3314 2602 ,
3366 2536 3654 2605 Μακάριοι

2071 2630 2127 2681 ol
2155 2627 2575 2695 κατοικοῦντες
2600 2629 2669 2682 ἐν
2697 2627 2776 2693 τῷ
2797 2629 2942 2696 οῑκῳ
2970 2644 3088 2682 σου
3109 2668 3125 2693 ,
3151 2631 3238 2695 εὶς
3262 2629 3407 2696 τοὺς
3435 2628 3655 2695 αἰῶνας

2071 2718 2190 2772 τῶν
2208 2719 2435 2773 αἰώνων
2449 2719 2767 2774 αὶνέσουσί
2786 2736 2861 2774 σε
2879 2737 2893 2750 ·
2912 2720 3084 2791 τούτῳ
3104 2721 3376 2779 πιστεύων
3396 2721 3489 2774 καὶ
3504 2721 3574 2773 ἁκ
3582 2737 3655 2790 ρι-

2072 2810 2181 2874 6ὦς
2228 2812 2592 2882 πεπεισμένος
2622 2812 2794 2883 ἀληθῆ
2829 2807 2968 2865 εἶναι
3005 2812 3097 2865 τὸν
3136 2811 3324 2880 λόγον,
3368 2811 3457 2865 διὰ
3494 2811 3657 2865 τοῦτό

2073 2920 2248 2974 φημι·
2298 2904 2705 2973 Ἐξελεξάμην
2730 2902 3260 2971 παραρῤιπτεῖσθαι
3285 2905 3356 2957 ἐν
3396 2902 3478 2969 τῷ
3512 2904 3656 2968 οἴκῳ

2071 2996 2178 3049 τοῦ
2207 2995 2353 3049 Θεοῦ
2370 3014 2489 3063 μου
2522 2995 2764 3065 μᾶλλον
2784 3012 2799 3027 ο
2838 2995 2901 3049 ἵν’
2926 2998 2983 3049 ἐν
3014 2994 3092 3066 τῷ
3117 2996 3251 3066 οἴκῳ
3275 2995 3370 3048 τοῦ
3393 2994 3528 3048 Θεοῦ
3553 2995 3650 3059 ὣν,

2071 3084 2313 3155 δύνωμαι
2345 3087 2425 3148 είς
2452 3087 2576 3148 τοὺς
2596 3085 2797 3149 αἰῶνας
2824 3085 2933 3139 τῶν
2958 3085 3169 3139 αἰώνων
3191 3088 3360 3139 αίνεῖν
3386 3085 3476 3139 τὸν
3496 3085 3647 3139 Θεόν.

2070 3176 2288 3231 Μᾶλλον
2318 3178 2375 3231 δὲ
2401 3177 2730 3248 ἐξελεξάμην
2763 3177 2950 3249 ὥσπερ
2982 3178 3081 3249 τὴν
3116 3177 3246 3248 μίαν
3273 3178 3487 3251 ἡμέραν
3512 3176 3654 3248 ὑπὲρ

1997 3309 2039 3368 C
2074 3270 2174 3336 τὴν
2225 3269 2440 3339 χιλιάδα
2461 3309 2475 3332 ,
2510 3268 2652 3322 οὕτω
2703 3268 2795 3322 τὸν
2836 3264 2984 3323 οἶκον
3015 3268 3111 3321 τοῦ
3140 3268 3275 3323 Θεοῦ
3299 3309 3313 3335 ,
3351 3270 3472 3340 ἥτις
3503 3270 3652 3321 ἐστὶν

2085 3360 2379 3431 Ἐκκλησία
2398 3361 2530 3416 ε)εοῦ
2550 3361 2769 3426 ζῶντος,
2796 3361 2985 3427 στῦλος
3000 3362 3095 3415 καὶ
3112 3361 3394 3433 ἑδραίωμα
3408 3362 3509 3432 τῆς
3522 3361 3654 3431 ἁληέ

2074 3452 2225 3516 θείας
2248 3494 2262 3517 ,
2319 3453 2519 3523 μᾶλλον
2561 3454 2593 3524 ῆ
2639 3455 2806 3507 οίκείν
2844 3455 2902 3507 ἐν
2943 3453 3157 3517 πολλοῖς
3194 3456 3515 3525 σκηνώμασι
3545 3454 3653 3506 τῶν

2070 3545 2429 3616 ἁμαρτωλῶν.
2490 3547 2799 3616 Μιμήματα
2833 3545 2941 3616 γὰρ
2992 3545 3103 3598 τῶν
3149 3547 3519 3617 σκηνωμάτων
3558 3544 3652 3598 τοῦ

2071 3636 2206 3690 Θεοῦ
2234 3653 2327 3690 και
2352 3638 2400 3689 οἱ
2433 3637 2744 3707 ἁμαρτωλοὶ
2770 3639 2997 3700 ἑαυτοὺς
3025 3638 3435 3691 κατεσκεύασαν
3456 3656 3470 3669 ·
3518 3637 3654 3691 ἀλλὰ

2072 3726 2139 3780 τὰ
2174 3727 2271 3798 μὲν
2310 3728 2401 3781 τοῦ
2430 3727 2565 3781 Θεοῦ
2592 3729 2855 3801 ἀγαπητὰ
2880 3731 3136 3801 τυγχάνει
3161 3770 3175 3793 ,
3214 3730 3405 3799 μίσους
3435 3730 3492 3783 δὲ
3526 3730 3653 3795 ἄξια

2070 3818 2140 3873 τὰ
2158 3818 2266 3872 τῶν
2292 3818 2648 3890 ἁμαρτωλῶν.
2680 3820 2804 3875 Ὅτι
2821 3821 2993 3887 ἕλεος
3014 3820 3113 3874 καὶ
3136 3820 3428 3888 ἀλήθειαν
3452 3820 3657 3891 ἀγαπᾷ

2071 3910 2287 3977 Κύριος
2326 3913 2359 3963 ὀ
2398 3911 2575 3976 Θεὸς,
2612 3911 2790 3980 χάριν
2818 3913 2916 3965 καὶ
2962 3911 3150 3977 δόξαν
3191 3909 3370 3966 δώσει
3410 3914 3647 3980 Κύριος.

2084 4002 2229 4069 Ἀντὶ
2250 4001 2367 4069 τοῦ,
2400 4002 2527 4057 Ὅτι
2552 4004 2730 4058 ἔλεον
2757 4006 2855 4059 καὶ
2877 4005 3164 4072 ἀλήθειαν
3184 4003 3385 4073 ἀταπᾷ
3409 4003 3649 4075 Κύριος,

2071 4094 2100 4145 6
2140 4096 2368 4158 Ἀκύλας
2401 4097 2595 4167 φησὶν,
2628 4097 2749 4149 Ὅτι
2783 4096 2957 4163 ἔλεος
2995 4098 3096 4153 καὶ
3129 4098 3337 4165 θυρεὸς
3369 4098 3587 4166 Κύριος
3618 4101 3653 4152 δ

2075 4187 2247 4252 Θεός·
2285 4188 2380 4241 καὶ
2411 4190 2442 4259 ή
2473 4188 2698 4260 πέμπτη
2728 4188 2971 4254 ἐκδοσις,
3010 4192 3139 4247 Ὅτι
3185 4190 3355 4258 ἥλιος
3385 4190 3485 4244 καὶ
3514 4206 3655 4245 σκε-

2073 4277 2312 4345 παστὴς
2336 4280 2551 4347 Κύριος
2581 4283 2614 4333 ό
2642 4282 2787 4345 Θεός
2805 4297 2819 4310 θ
2850 4280 2945 4333 καὶ
2975 4282 3003 4333 6
3029 4280 3325 4352 Σύμμαχος
3355 4281 3412 4333 δὲ
3442 4279 3655 4345 τούτοις

2074 4370 2382 4440 συμφώνως
2400 4410 2415 4435 ,
2449 4372 2578 4425 Ὅτι
2596 4371 2775 4439 ἥλιον
2810 4372 2906 4443 (1),
2942 4372 3217 4443 ὠνόμασε.
3236 4372 3335 4425 Διὰ
3349 4371 3504 4425 τοῦτο
3518 4372 3650 4445 γὰρ,

2074 4461 2239 4531 φησὶν
2259 4501 2272 4525 ,
2303 4461 2484 4533 ἐκείνη
2521 4463 2553 4532 ή
2592 4462 2691 4532 μία
2723 4462 2907 4533 ἡμέρα
2934 4464 3203 4534 κρείσσων
3230 4464 3346 4516 ἐστὶ
3377 4463 3652 4533 χιλιάδων,

2074 4554 2371 4626 ἐπειδήπερ
2418 4554 2577 4618 αὐτὸς
2615 4557 2643 4607 6
2681 4554 2884 4625 Κύριος
2924 4556 2952 4608 6
2992 4555 3084 4607 τοῦ
3121 4554 3255 4607 Θεοῦ
3287 4555 3460 4624 Λόγος
3503 4556 3652 4626 ἥλιος

382 4648 474 4718 qui
504 4663 686 4702 errare
738 4647 941 4717 faciunt
968 4645 1221 4715 populum
1265 4662 1438 4700 meum
1466 4647 1543 4714 ”;
1576 4648 1835 4718 [apertius
1869 4664 1969 4702 au-

2075 4648 2330 4718 τυγχάνει
2365 4648 2465 4719 τῆς
2498 4648 2709 4719 ἡμέρας
2736 4649 2968 4720 ἐκείνης.
3024 4648 3224 4702 Τοῦτον
3249 4648 3306 4701 δὲ
3339 4650 3433 4702 καὶ
3463 4650 3493 4702 6
3516 4665 3654 4721 προ-

382 4748 491 4793 tem
522 4739 714 4802 Isaias,
747 4738 871 4793 Non
902 4738 1004 4792 erit
1038 4737 1135 4791 tibi
1187 4738 1268 4793 sol
1296 4738 1350 4790 in
1379 4739 1543 4793 lucem
1579 4738 1716 4803 diei,
1758 4740 1969 4808 inquit,

383 4830 473 4890 sed
501 4832 604 4885 erit
636 4832 731 4889 tibi
764 4831 1020 4895 Dominus
1048 4832 1142 4889 lux
1177 4831 1518 4900 sempiterna,
1548 4841 1599 4889 et
1636 4831 1773 4889 Deus
1799 4832 1973 4903 gloria

385 4933 477 4978 tua
496 4924 564 4979 “.
601 4923 738 4979 Cum
763 4924 889 4990 talis
923 4925 1007 4979 sol
1032 4922 1297 4980 Dominus
1328 4924 1441 4991 sit,
1484 4924 1717 4995 gratiam
1763 4930 1818 4979 et
1851 4924 1969 4995 glo-

380 5018 521 5072 riam
572 5031 637 5071 ac
678 5016 843 5073 etiam
876 5016 1009 5087 quid
1049 5017 1405 5087 praestantius
1433 5023 1488 5071 et
1520 5016 1745 5081 melius,
1802 5023 1969 5087 atque

382 5108 657 5166 ineﬂ'abile
709 5116 765 5165 et
817 5108 1163 5165 reconditum
1199 5109 1403 5164 bonum
1436 5108 1588 5163 dabit
1636 5108 1703 5163 iis
1735 5108 1828 5178 qui
1858 5124 1975 5162 am-

2079 4739 2255 4808 φήτης
2286 4738 2375 4790 τὸν
2405 4738 2554 4807 ἥλιον
2581 4740 2824 4808 ᾐνίττετο
2852 4741 3057 4810 φήσας’
3118 4739 3245 4806 Τοῖς
3266 4738 3335 4792 δὲ
3361 4740 3657 4810 φοϐουμέε

2078 4843 2209 4893 νοις
2217 4844 2295 4896 με
2310 4829 2491 4881 άνατε
2503 4828 2803 4893 ’Ἡλεῖλιος
2827 4828 3247 4897 δικαιοσύνης,
3272 4830 3372 4885 καὶ
3402 4829 3563 4896 ῖασις
3585 4830 3657 4883 ἐν

2075 4919 2206 4985 ταῖς
2234 4920 2520 4993 πτέρυξιν
2551 4920 2759 4985 αὑτοῦ.
2788 4920 2890 4974 Τὸν
2916 4921 3078 4973 αὐτὸν
3098 4920 3154 4986 δέ
3186 4920 3371 4992 ἐδήλου
3401 4921 3497 4975 καὶ
3525 4922 3555 4975 6
3588 4922 3659 4974 εί-

2077 5010 2213 5064 πών·
2239 5012 2349 5066 Καὶ
2372 5012 2618 5066 δύσεται
2640 5013 2885 5078 ὀ”Ηλιος
2903 5013 3002 5067 ἐπὶ
3020 5012 3162 5079 τοὺς
3181 5013 3490 5082 προφήτας
3510 5013 3657 5080 τοὺς

2077 5104 2433 5169 πλανῶντας
2454 5106 2558 5158 τὸν
2572 5107 2725 5159 λαόν
2741 5124 2860 5175 μου
2875 5123 2887 5134 ·
2914 5107 3243 5176 γυμνότερον
3261 5107 3317 5160 δέ
3349 5109 3377 5160 6
3404 5107 3651 5173 Ἡσαΐας,

381 5201 574 5255 bulant
602 5202 656 5254 in
692 5200 1043 5267 innocentia;
1074 5200 1154 5255 siv
1174 5215 1205 5255 e
1245 5199 1546 5255 secundum
1589 5197 1974 5269 Symmachum

2073 5200 2193 5251 Οὐκ
2225 5198 2395 5251 ἔσται
2415 5214 2514 5253 σοι
2544 5202 2576 5252 ὀ
2606 5198 2779 5266 ἥλιος
2805 5202 2888 5265 εὶς
2913 5198 3038 5268 φῶς
3066 5198 3174 5267 τῆς
3200 5200 3444 5269 ἡμέρας,
3467 5201 3651 5270 φησιν,

382 5291 573 5362 (νεεδ.
598 5293 706 5362 15),
732 5294 799 5347 iis
829 5294 919 5362 qui
952 5292 1230 5348 ambulant
1266 5292 1322 5346 in
1343 5291 1682 5362 perfectione.
1728 5290 1857 5345 Ideo
1887 5290 1972 5345 di-

382 5380 487 5437 ctis
532 5381 691 5437 lldem
727 5381 964 5447 habens,
1022 5396 1089 5437 ac
1128 5382 1301 5451 probe
1343 5396 1644 5453 persuasus
1699 5395 1827 5437 vera
1882 5380 1973 5434 illa

382 5486 526 5536 esse,
547 5474 627 5528 sic
650 5488 957 5530 sermonem
974 5475 1172 5530 claudo
1195 5494 1209 5528 :
1246 5473 1473 5530 Domine
1489 5475 1766 5539 virtutum,
1789 5473 1970 5528 beatus

383 5563 535 5623 homo
560 5565 653 5633 qui
679 5574 855 5635 sperat
886 5567 941 5620 in
978 5575 1045 5620 te.
1081 5565 1216 5621 Nam
1266 5566 1312 5622 si
1356 5566 1482 5637 quis
1515 5567 1676 5621 aliter
1713 5580 1745 5620 a
1787 5566 1972 5621 multis

382 5654 578 5717 beatus
610 5655 834 5723 dicitur;
875 5656 981 5728 ipsi
1004 5672 1136 5713 sane
1173 5656 1310 5713 falsa
1339 5658 1622 5714 beatitudo
1655 5658 1968 5715 ascribitur.

2076 5289 2214 5346 ἀλλ’
2249 5289 2422 5344 ἔσται
2458 5304 2559 5344 σοι
2599 5292 2818 5359 Κύριος
2849 5290 2975 5360 φῶς
3007 5291 3279 5359 αἰώνιον,
3312 5292 3411 5346 καὶ
3446 5295 3479 5347 ὁ
3510 5292 3655 5359 Θεὸς

2076 5381 2225 5446 δόξα
2251 5397 2389 5437 σου.
2420 5382 2670 5446 Τοιοῦτος
2691 5383 2747 5437 δὲ
2772 5382 2921 5454 ἥλιος
2950 5382 3026 5437 ὢν
3054 5385 3083 5436 ὁ
3111 5384 3333 5455 Κύριος,
3368 5385 3528 5455 χάριν
3558 5385 3653 5440 καὶ

2077 5473 2233 5541 δόξαν
2267 5474 2361 5527 καὶ
2390 5474 2471 5527 ἔτι
2512 5474 2636 5545 μεῖζ
2643 5492 2701 5528 ον
2735 5476 2829 5528 καὶ
2861 5478 3107 5546 κρεῖττον
3129 5517 3145 5542 ,
3181 5477 3419 5548 ἄρῤητόν
3451 5494 3513 5530 τε
3559 5476 3655 5531 καὶ

2078 5567 2387 5638 ἀπόρρητον
2428 5567 2631 5636 ἀγαθὸν
2672 5567 2832 5621 δώσει
2865 5572 2975 5632 τοῖς
3010 5570 3395 5641 πορευομένοις
3421 5571 3481 5626 ἐν
3512 5570 3653 5625 duae

2080 5660 2200 5731 κίᾳ·
2237 5662 2269 5731 ἢ
2306 5660 2445 5714 κατὰ
2476 5660 2567 5715 τὸν
2599 5661 2913 5733 Σύμμαχον,
2956 5663 3084 5731 Τοῖς
3107 5662 3426 5718 ὁδεύουσιν
3461 5662 3532 5717 ἐν
3564 5677 3653 5730 τες

462 5811 507 5843 ³⁸
547 5810 780 5868 Malach.
816 5827 890 5877 tv,
921 5812 977 5866 2.
1057 5813 1101 5845 ³³
1142 5812 1310 5868 Mich.
1343 5828 1443 5878 ιιι,
1482 5814 1535 5871 6.
1613 5816 1656 5848 ⁸⁰
1698 5816 1803 5869 lsa.
1845 5832 1908 5868 ιιι
1934 5856 1946 5880 ,
1987 5815 2071 5869 19.

469 5929 544 6003 (l)
584 5928 725 5986 Vera
758 5930 920 5984 lectio
949 5938 1031 5989 est
1064 5930 1271 5994 Ἥλιος,
1303 5936 1477 6003 sint).
