4078 6432
380 498 517 556 10ῒῖ

1469 510 1972 569 COMMENTARIA
2012 516 2077 571 IN
2114 512 2454 580 PSALMOS.

2830 378 2862 399 ἢ

3520 539 3644 597 1018

374 624 657 691 λειότητι.
710 622 808 676 Διά
847 623 1005 678 τοῦτο
1037 627 1305 683 πιστεύων
1336 633 1450 694 τοῖς
1477 634 1789 705 εἰρημένοις
1812 677 1826 703 ,
1868 656 1930 691 κα

2030 680 2038 698 ι
2070 638 2198 705 Sed,
2225 652 2284 697 ut
2304 659 2433 699 vere
2466 643 2703 711 dicatur,
2736 649 2889 706 solus
2921 650 3013 707 ille
3038 652 3230 710 beatus
3256 656 3343 711 cui
3369 672 3536 729 supra
3559 662 3645 716 di-

375 714 618 786 ἀκριϐῶς
642 716 878 785 ἐμαυτὸν
906 718 1099 784 πείσας
1123 719 1343 792 ἀληθεῖς
1372 718 1508 777 εἶναι
1538 727 1665 789 τοὺς
1693 728 1820 795 περὶ
1847 730 1963 783 τού-

374 824 482 858 των
529 806 753 877 λόγους,
789 808 943 875 τέλος
977 812 1070 865 τοῦ
1122 814 1324 877 παντὸς
1355 815 1515 884 λόγου
1551 820 1719 890 φημί’
1781 822 1971 889 Κύριε,

373 895 494 950 τῶν
525 897 836 968 δυνάμεων
860 942 874 965 ,
910 902 1204 971 μακάριος
1244 907 1278 958 ὁ
1315 905 1623 976 ἄνθρωπος
1650 912 1683 963 ό
1707 910 1960 972 ἐλπίζων

371 990 471 1055 ἐπὶ
496 992 590 1045 σέ.
637 994 753 1057 Πᾶς
783 993 891 1066 γάρ
919 997 946 1047 ὁ
971 995 1145 1059 ἄλλως
1170 997 1320 1070 παρά
1352 1003 1464 1064 τοῖς
1489 1002 1703 1067 πολλοῖς
1732 1020 1959 1076 μακαρι-

372 1082 597 1155 ζόμενος
626 1087 1057 1159 πεπλανημένως
1082 1090 1147 1143 ἂν
1181 1093 1555 1165 μακαρίζοιτο.
1593 1097 1770 1161 Μόνος
1801 1097 1877 1165 δὲ,
1907 1099 1955 1151 εί

370 1177 475 1261 χρὴ
510 1177 715 1250 τάληθῆ
760 1180 957 1249 φάναι,
997 1184 1265 1255 μακάριος
1298 1184 1386 1239 διὰ
1428 1187 1498 1241 τὰ
1528 1188 1953 1261 προλελεγμένα,

367 1267 443 1329 ὡς
476 1266 543 1341 ἂν
572 1267 790 1323 πάντων
822 1270 929 1323 τῶν
961 1272 1181 1340 ἀγαθῶν
1209 1274 1461 1346 έμπλεος,
1495 1278 1523 1330 ὅ
1552 1295 1633 1331 σοι
1664 1278 1810 1350 μόνῳ
1839 1281 1957 1333 ἑαυ-

366 1356 456 1411 τὸν
488 1357 827 1430 ἀναρτήσας,
865 1363 959 1415 καὶ
1001 1364 1182 1429 πάσας
1223 1367 1415 1420 ἑαυτοῦ
1450 1366 1551 1431 τάς
1583 1368 1805 1433 ἐλπίδας
1835 1372 1955 1435 ταῖς

369 1449 517 1522 παρά
543 1451 625 1504 σοὶ
650 1452 1005 1521 ἐπαγγελίαις
1031 1457 1268 1522 ἀναθείς.
1323 1459 1463 1530 Ἤδη
1494 1459 1550 1512 δὲ
1581 1459 1761 1531 τρίτον
1791 1462 1846 1514 ἐν
1877 1462 1955 1533 τῷ

366 1542 593 1615 παρόντι
615 1542 814 1615 ψαλμῷ
842 1548 1151 1619 μακαρίσας
1169 1552 1197 1602 ό
1220 1550 1376 1620 λόγος
1397 1553 1523 1616 τούς
1543 1553 1954 1625 ἐμφερομένους

363 1632 422 1684 ἐν
453 1630 622 1703 αὐτῷ,
651 1633 902 1704 οὐδαμῶς
930 1637 1025 1690 τοῦ
1054 1632 1683 1711 Ἰουδαίωνὲθνους,ξούδὲ
1716 1643 1806 1696 τοῦ
1852 1645 1952 1697 Ἰσ-

366 1724 502 1797 ραὴλ
534 1726 960 1797 ἐμνημόνευσεν,
993 1731 1113 1784 οὐδὲ
1138 1732 1263 1797 τούς
1297 1733 1367 1787 τὰ
1384 1735 1665 1800 Μωῡσὲως
1683 1736 1750 1789 δι’
1774 1737 1952 1809 ἔργων

361 1816 812 1889 ἀποπληροῦντας
838 1821 1174 1894 ὲμακάρισεν
1195 1842 1209 1855 ο
1247 1824 1385 1879 ἀλλά
1412 1827 1629 1896 πρῶτον
1655 1829 1753 1899 μὲν
1786 1831 1949 1884 καθό-

358 1909 452 1970 λου
473 1911 599 1976 τοὺς
626 1914 1015 1981 κατοικοῦντας
1038 1919 1096 1971 ἐν
1121 1917 1199 1989 τῷ
1224 1918 1359 1990 οἴκῳ
1381 1918 1471 1972 τοῦ
1494 1919 1628 1973 Θεοῦ
1645 1938 1658 1951 ο
1697 1922 1949 1996 δεύτερον

358 2004 537 2058 πάντα
570 2005 739 2078 ἄνδρα
765 2000 827 2061 οὐ
859 2010 1006 2062 ἐστιν
1033 2009 1317 2081 ἀντίληψις
1343 2009 1490 2082 αὐτῷ
1524 2012 1677 2085 παρὰ
1704 2016 1909 2085 Κυρίου
1931 2033 1944 2047 ·

2062 745 2149 789 cta
2190 744 2543 807 competunt,
2594 741 2865 812 siquidem
2920 745 3037 815 ipse
3088 750 3343 806 omnibus
3401 752 3645 823 repletur

2060 823 2242 888 bouis,
2262 827 2357 897 qui
2389 842 2510 884 sese
2540 830 2635 885 tibi
2661 832 2764 887 soli
2786 836 3148 902 concredidit,
3184 843 3464 911 totamque
3488 858 3641 913 spem

2060 916 2116 969 in
2147 918 2432 985 promissis
2472 922 2581 978 tuis
2610 922 2885 994 deposuit.
2917 928 3055 983 Cum
3107 946 3270 999 porro
3302 932 3356 987 in
3387 938 3641 1003 praesenti

2060 1007 2270 1075 psalmo
2300 1008 2413 1078 jam
2451 1013 2612 1068 tertio
2644 1015 2789 1070 beati
2822 1019 3099 1087 praedicati
3126 1020 3328 1077 fuerint
3358 1024 3394 1078 ii
3428 1024 3496 1081 de
3517 1028 3642 1097 qui-

2058 1098 2160 1154 bus
2191 1116 2392 1168 sermo,
2422 1106 2572 1160 nulla
2607 1105 2849 1166 Judaicae
2889 1115 3067 1183 gentis
3100 1116 3184 1170 vel
3227 1114 3445 1173 lsraelis
3495 1119 3640 1175 facta

2057 1192 2264 1246 mentio
2295 1201 2412 1262 est;
2456 1212 2636 1267 neque
2664 1200 2829 1255 etiam
2864 1218 2959 1259 eos
2989 1206 3084 1274 qui
3133 1217 3406 1278 praecepta
3436 1209 3642 1283 Moysis

2055 1286 2301 1340 exsecuti
2339 1295 2466 1342 sunt
2489 1290 2677 1347 beatos
2708 1295 3063 1363 praedicavit:
3108 1299 3203 1353 sed
3239 1301 3419 1369 primo
3471 1318 3638 1373 gene-

2056 1374 2216 1428 ratim
2244 1392 2339 1433 eos
2369 1381 2462 1449 qui
2494 1382 2745 1439 habitant
2789 1386 2845 1440 in
2881 1386 3044 1445 domo
3074 1388 3167 1445 Dei
3193 1409 3208 1459 ;
3246 1393 3490 1448 secundo
3520 1410 3640 1449 om-

1998 1537 2005 1546 ,
2056 1481 2178 1521 nem
2212 1468 2488 1527 hominem
2518 1475 2607 1529 cui
2641 1484 2726 1532 est
2756 1480 3022 1535 auxilium
3063 1497 3095 1536 a
3125 1482 3391 1553 Domino;
3444 1500 3509 1540 ac
3540 1486 3639 1541 de-

2056 1574 2204 1613 mum
2235 1561 2291 1616 in
2321 1562 2427 1619 line
2466 1570 2761 1637 sermonis,
2790 1572 3077 1630 indefinite
3115 1583 3168 1631 et
3194 1579 3493 1647 generatim
3522 1596 3640 1635 om-

2055 1667 2178 1707 nem
2214 1654 2490 1714 hominem
2532 1660 2588 1715 in
2624 1662 2913 1720 Dominum
2960 1678 3293 1738 sperantem.
3327 1672 3463 1727 Nam
3508 1689 3635 1729 cum

2055 1742 2238 1801 futura
2284 1747 2378 1804 Dei
2424 1756 2715 1822 praesentia
2781 1765 2835 1814 et
2890 1758 3096 1817 Christi
3130 1762 3200 1817 ad
3254 1764 3505 1822 homines
3533 1767 3632 1821 ad-

2052 1847 2249 1895 ventus
2280 1847 2705 1903 annuntiaretur
2728 1889 2743 1914 ,
2776 1866 2888 1906 non
2915 1850 3118 1911 Iudaeis
3143 1863 3378 1924 tantum,
3407 1859 3502 1915 sed
3522 1875 3636 1915 om-

2052 1929 2212 1986 nibus
2241 1933 2406 1989 etiam
2442 1936 2761 1997 hominibus
2795 1943 3165 2004 beatitudines
3198 1949 3341 2018 illas,
3368 1967 3490 2022 quae
3538 1968 3634 2022 pe-

2050 2037 2149 2081 nes
2180 2022 2350 2081 Deum
2380 2037 2531 2096 sunt,
2561 2036 2877 2091 annuntiari
2909 2045 3172 2109 oportuit.

358 2100 453 2154 καὶ
487 2102 578 2153 ἐπὶ
610 2102 753 2156 τέλει
789 2103 883 2156 τοῦ
952 2106 1154 2169 παντὸς
1206 2106 1367 2175 λόγου
1433 2108 1701 2181 ἀορίστως
1764 2112 1859 2164 καὶ
1896 2114 2200 2184 καθολικῶς
2246 2124 2422 2178 πάντα
2472 2127 2760 2201 ἄνθρωπον
2805 2132 2898 2187 τὸν
2939 2100 3231 2200 έλπίζοντα
3271 2139 3366 2192 ἐπὶ
3403 2139 3627 2211 Κύριον.

356 2192 509 2307 Χρῆν
550 2194 658 2267 γὰρ
700 2199 1021 2267 ἐπιφανείας
1060 2199 1194 2254 Θεοῦ
1232 2203 1326 2255 καὶ
1364 2203 1600 2275 Χριστοῦ
1644 2207 1944 2274 παρουσίας
1981 2213 2061 2275 είς
2092 2214 2413 2287 ἀνθρώπους
2471 2192 2983 2302 καταγγελλομένης
3020 2192 3096 2304 μη
3136 2232 3405 2298 Ἰουδαίοις
3448 2192 3606 2307 μόνον

356 2285 489 2357 ἀλλά
521 2290 616 2342 καὶ
643 2292 776 2345 πᾶσι
800 2294 912 2356 τοῖς
939 2292 1248 2365 ἀνθρώποις
1275 2297 1401 2360 τοὺς
1428 2299 1577 2371 παρᾶ
1597 2300 1674 2372 τῷ
1696 2300 1815 2373 Θεῷ
1840 2285 2225 2380 μακαρισμούς
2255 2285 2728 2385 ἀναγγελίζεσθάι.

391 2447 498 2517 En:
533 2449 774 2521 ΤΕΑΟΣ,
807 2451 961 2506 ΤοιΣ
994 2454 1176 2509 ΥιοιΣ
1209 2454 1394 2511 ΚΟΡΕ
1428 2459 1744 2516 ΨΑΛΜΟΣ.
1783 2464 1906 2516 ΠΔν.

2054 2474 2105 2530 1.
2142 2474 2213 2531 ΙΝ
2248 2477 2478 2546 FINEM,
2522 2482 2724 2540 FILIIS
2752 2485 2937 2544 CORE
2975 2488 3625 2548 PSALMUS.LXXXIV.

422 2606 812 2676 Εὐδόκησας,
837 2612 1043 2679 Κύριε,
1078 2610 1195 2680 τὴν
1226 2611 1346 2682 γῆν
1373 2626 1491 2667 σου
1510 2654 1526 2679 ,
1555 2614 1944 2686 ἀπέστρεψας

349 2698 465 2766 τὴν
496 2702 919 2769 αἰχμαλωσίαν
957 2702 1172 2771 Ἰακώϐ,
1228 2704 1561 2770 Ἀκολούθως
1583 2706 1662 2778 τῷ
1689 2709 1795 2778 πρὸ
1825 2709 1944 2762 τού-

346 2808 442 2844 του
474 2792 675 2864 ψαλμῷ
710 2794 848 2865 μετὰ
888 2795 985 2867 τὴν
1015 2799 1073 2850 ὲν
1098 2797 1295 2869 ὲκείνῳ
1330 2798 1715 2857 θεσπισθεῖσαν
1748 2802 1943 2872 θεοφά-

347 2902 496 2939 νειαν
522 2885 580 2938 ὲν
602 2884 679 2956 τῷ
702 2887 839 2956 μετὰ
865 2890 1054 2960 χεῖρας
1076 2890 1263 2945 κακῶν
1288 2891 1581 2964 ἀπαλλαγὴ
1609 2894 1941 2965 προφητεύε-

346 2995 460 3043 ται,
498 2978 592 3032 καὶ
623 2978 891 3051 λύτρωσις
922 2981 1021 3053 μὲν
1054 2983 1431 3055 αἰχμαλωσίας
1455 3023 1471 3047 ,
1506 2985 1855 3058 συγχώρησις
1882 2986 1939 3040 δὲ

346 3071 444 3137 καὶ
469 3070 662 3139 ἄφεσις
688 3072 1122 3143 ἁμαρτημάτων.
1177 3076 1379 3129 Εἵπετο
1408 3076 1517 3147 γὰρ
1546 3077 1719 3130 ταῦτα
1742 3081 1807 3150 τῇ
1842 3077 1936 3132 τοῦ

345 3161 481 3215 Θεοῦ
509 3164 590 3226 είς
618 3162 941 3234 ἀνθρώπους
972 3168 1247 3240 παρουσίᾳ
1272 3208 1287 3233 ,
1320 3169 1415 3222 καὶ
1446 3172 1557 3233 τοῖς
1584 3170 1792 3235 λοιποῖς
1823 3174 1938 3237 τοῖς

344 3252 437 3305 ὲπὶ
464 3252 542 3323 τῷ
573 3253 679 3325 πρὸ
701 3253 890 3309 τούτου
918 3255 1116 3328 ψαλμῷ
1142 3257 1550 3329 δεδηλωμένοις.
1586 3261 1800 3333 Ἐπειδὴ
1825 3262 1935 3333 γὰρ

345 3345 404 3397 ὲν
454 3346 647 3417 ἐκείνῳ
701 3346 1038 3418 σκηνώματα
1077 3349 1213 3403 Θεοῦ
1256 3351 1483 3405 πλεῖστα
1515 3355 1608 3409 καὶ
1647 3354 1807 3408 αὐλαὶ
1839 3357 1934 3409 καὶ

346 3434 702 3508 θυσιαστήρια
726 3438 820 3490 ἐπὶ
844 3438 944 3509 τῆς
964 3438 1069 3509 γῆς
1088 3439 1404 3505 ὲθεσπίζετο
1429 3444 1813 3515 συστήσεσθαι,
1838 3445 1932 3511 καὶ

342 3524 404 3577 τὸ
429 3526 637 3580 τούτων
668 3526 840 3580 αἴτιον
870 3528 1001 3593 Θεὸς
1032 3525 1101 3600 ἦν
1128 3530 1336 3605 μέλλων
1372 3535 1466 3587 ἐπὶ
1494 3536 1596 3607 γῆς
1622 3538 1928 3606 φαίνεσθαι,

340 3616 435 3669 καὶ
451 3618 710 3688 ὀνομαστὶ
725 3620 768 3671 Χ
779 3620 961 3689 ριστὸς
978 3616 1047 3697 ἦν
1064 3622 1509 3695 ὲπιϐλεπόμενοςτ
1532 3627 1749 3698 ἐλέγετο
1766 3630 1895 3699 γοῦν
1911 3649 1925 3677 ε

353 3706 712 3776 Ὀφθήσεται
739 3712 773 3765 d
796 3712 941 3778 Θεὸς
961 3712 1081 3766 τῶν
1117 3712 1270 3769 θεῶν
1296 3716 1367 3770 ἐν
1396 3717 1548 3772 Σιών
1565 3736 1579 3749 ο
1608 3722 1701 3773 καὶ⁹
1728 3722 1886 3776 πάλιν
1909 3740 1921 3754 ·

352 3800 683 3869 Ἐπίφανον
721 3803 821 3857 ἐπὶ
866 3803 933 3858 τὸ
975 3806 1301 3873 πρόσωπον
1329 3810 1436 3865 τοῦ
1476 3813 1736 3882 Χριστοῦ
1772 3831 1921 3869 σουτ

341 3891 564 3961 εἰκότως
596 3894 654 3947 ὲν
686 3894 764 3965 τῷ
804 3898 1151 3969 προκειμένῳ
1177 3899 1379 3972 ψαλμῷ
1407 3902 1478 3955 τά
1514 3903 1776 3975 μέλλοντα
1804 3906 1922 3960 ἔσε-

340 3984 465 4038 σθαι
492 3985 614 4039 καθ’
642 3986 771 4058 ὅλης
798 3988 898 4059 τῆς
932 3989 1041 4044 τῶν
1072 3990 1375 4064 ἀνθρώπων
1396 3995 1723 4068 οἰκουμένης
1754 4015 1923 4069 προατ

337 4079 681 4155 ναφωνείται.
720 4080 788 4131 ‘A
815 4079 877 4152 δὴ
914 4082 1009 4135 καὶ
1039 4083 1395 4156 πεπλήρωται
1428 4086 1520 4145 ἐπὶ
1558 4090 1655 4160 τῆς
1680 4089 1773 4143 τοῦ
1800 4092 1919 4144 Σω-

334 4167 503 4238 τῆρος
531 4170 691 4240 ἡμῶν
717 4172 1042 4243 παρουσίας,
1065 4176 1185 4228 καθ’
1206 4175 1274 4246 ἢν
1299 4177 1590 4250 εὐδόκησεν
1614 4182 1642 4249 ό
1662 4180 1795 4246 Θεὸς
1820 4199 1920 4236 κα-

332 4257 608 4327 ταξιώσας
644 4262 814 4333 αὐτὴν
856 4264 954 4336 τῆς
990 4254 1298 4333 ὲπιϐἀσεῶς
1336 4270 1429 4323 τοῦ
1457 4272 1694 4344 Χριστοῦ
1728 4274 1915 4335 αὐτοῦ.

332 4349 511 4402 Πάλαι
541 4350 637 4421 μὲν
664 4352 772 4423 γὰρ
797 4352 983 4425 είρητο
1008 4353 1086 4425 τῷ
1120 4357 1557 4429 πρωτοπλάστῳ’
1593 4360 1684 4427 Γῆ
1711 4360 1785 4426 εἷ,
1816 4361 1917 4415 καὶ

330 4443 417 4506 εὶς
437 4440 553 4511 γῆν
571 4443 901 4516 ἀπελεύσῃ,
926 4446 1038 4518 καὶ,
1069 4446 1535 4516 Ἐπικατάρατος
1548 4450 1587 4517 ή
1611 4451 1687 4521 γῆ
1703 4451 1773 4505 ἐν
1793 4451 1918 4519 τοῖς

331 4531 525 4601 ἔργοις
551 4547 667 4587 σου
689 4550 701 4562 ·
761 4536 855 4587 καὶ
880 4534 1039 4599 ἄλλος
1070 4536 1366 4607 προφητῶν
1399 4536 1582 4605 ἔλεγεν
1604 4555 1617 4567 ·
1660 4540 1789 4607 Ἀρὰ
1817 4539 1917 4597 καὶ

329 4622 517 4689 φόνος
556 4623 654 4675 καὶ
683 4622 943 4691 ψεῦδος,
974 4623 1072 4677 καὶ
1104 4624 1305 4693 κλοπὴ
1334 4625 1432 4679 καὶ
1464 4628 1705 4695 μοιχεία
1733 4628 1912 4699 κέχυ-

328 4728 422 4765 ται
449 4711 549 4765 ἐπὶ
580 4710 691 4780 τῆς
722 4712 869 4782 γῆς·
922 4713 1021 4767 καὶ
1057 4716 1277 4784 αἵματα
1299 4716 1391 4785 ἐφ’
1423 4718 1635 4786 αἵμασι
1658 4719 1914 4789 μίσγου-

329 4818 431 4855 σιγ
451 4819 463 4831 ·
512 4803 597 4867 Ὡς
623 4802 679 4856 δὲ
707 4804 966 4877 ἐπεδήμει
998 4809 1064 4877 τῇ
1091 4810 1161 4879 γῇ
1197 4808 1225 4860 ὁ
1252 4808 1379 4871 Υἱὸς
1401 4809 1494 4862 τοῦ
1523 4809 1689 4876 Θεοῦ,
1725 4812 1820 4865 καὶ
1851 4815 1914 4868 τὸ

325 4893 433 4946 ἀπὸ
463 4893 568 4964 γῆς
596 4894 755 4965 σῶμα
779 4896 1119 4968 ἀνελάμϐανε
1141 4917 1153 4929 ·
1194 4900 1465 4973 μεταϐολὴ
1496 4903 1779 4975 προτέρων
1808 4906 1916 4974 ἐγί-

326 5003 482 5057 γνετο
504 4988 690 5042 κακῶν
708 5029 723 5053 ,
748 4990 843 5042 καὶ
870 4990 931 5043 τὸ
961 4993 1069 5045 πᾶν
1101 4993 1201 5063 τῆς
1227 4995 1329 5065 γῆς
1353 4998 1615 5065 στοιχεῖον
1654 4997 1776 5050 ἀντὶ
1814 4998 1913 5069 τῆς

326 5080 594 5152 προτέρας
621 5082 762 5153 ἀρᾶς
790 5081 1041 5151 εὐλογίας
1074 5083 1207 5137 Θεοῦ
1241 5085 1677 5156 μετελάμϐανεν,
1713 5087 1913 5159 ἐκκλη-

327 5170 439 5224 σίαι
476 5188 538 5223 τε
577 5173 674 5226 καὶ⁹
714 5167 851 5226 οἶκοι
897 5172 976 5244 τῷ
1009 5173 1127 5245 Θεῷ
1159 5179 1580 5249 προσευκτήριοι
1626 5176 1748 5231 καθ’
1779 5178 1910 5251 ὅλης

321 5260 421 5330 τῆς
445 5262 768 5335 οίκουμένης
807 5264 1141 5322 συνίσταντο.
1209 5269 1302 5322 Διὸ
1338 5269 1433 5323 νῦν
1483 5270 1582 5342 μὲν
1621 5270 1901 5327 λέλεκται·

324 5352 677 5423 Εὐδόκησας
697 5398 712 5423 ,
738 5358 916 5426 Κύριε
940 5399 955 5424 ,
1001 5358 1115 5428 τὴν
1147 5360 1266 5429 γῆν
1293 5376 1410 5417 σου
1435 5382 1447 5393 ·
1488 5367 1545 5418 ἐν
1579 5364 1794 5436 ἑτέροις
1823 5366 1901 5429 δὲ,

322 5444 535 5513 Κύριος
557 5448 987 5513 ἐϐασίλευσεν,
1020 5451 1451 5520 ἀγαλλιάσεται
1478 5456 1516 5524 ἠ
1542 5455 1617 5524 γῆ
1632 5496 1647 5520 ,
1681 5460 1776 5511 καὶ
1801 5458 1904 5512 πά-

321 5537 401 5590 λιν
421 5554 432 5565 ·
464 5540 685 5608 ’ᾼσατε
706 5540 787 5606 τῷ
812 5542 1009 5610 Κυρίῳ
1035 5541 1203 5599 πᾶσα
1224 5546 1263 5613 ἠ
1289 5544 1381 5615 τῆ.
1420 5548 1658 5611 Εἰκότως
1682 5544 1776 5603 οῦν
1808 5550 1902 5603 καὶ

321 5629 483 5684 αὐτοῦ
517 5632 764 5687 λέλεκται
795 5633 889 5689 τοῦ
918 5635 1123 5706 Κυρίου
1150 5638 1182 5707 ἡ
1213 5639 1285 5707 γῆ
1343 5638 1486 5692 κατὰ
1511 5640 1571 5693 τὸ
1592 5680 1606 5703 ,
1632 5640 1901 5709 Εὐδόκη-

320 5738 455 5788 σας,
473 5724 669 5791 Κύριε,
687 5726 801 5794 τὴν
818 5726 936 5796 γῆν
951 5741 1086 5782 σου.
1109 5729 1183 5782 Οὐ
1208 5729 1367 5799 μόνον
1387 5729 1494 5798 γὰρ
1511 5731 1713 5800 κτίσμα
1732 5732 1898 5786 αὐτοῦ

321 5815 412 5867 καὶ
433 5815 664 5886 ποίημα,
690 5818 826 5872 ἀλλά
847 5819 941 5872 καὶ⁹
965 5819 1151 5891 κτῆμα
1174 5819 1364 5890 γέγονε
1383 5821 1471 5877 διὰ
1486 5821 1553 5875 τά
1576 5823 1893 5896 λελεγμένα.

2119 2609 2287 2670 Vens.
2319 2614 2375 2672 2.
2408 2616 2759 2686 Benedixisti,
2787 2620 3032 2689 Domine,
3057 2635 3252 2679 terram
3276 2635 3444 2691 tuam,
3478 2642 3628 2680 aver-

2047 2704 2161 2758 tisti
2192 2709 2549 2776 captivitatem
2604 2710 2794 2769 Jacob.
2857 2713 3151 2786 Postquam
3191 2717 3249 2772 in
3298 2716 3626 2788 praecedenti

2046 2795 2261 2863 psalmo
2293 2796 2390 2853 Dei
2424 2800 2692 2857 adventus
2722 2806 3124 2873 praenuntiatus
3171 2804 3383 2870 fuerat,
3427 2821 3623 2862 conse-

2043 2897 2281 2957 quenter
2302 2890 2360 2944 in
2402 2891 2507 2948 hoc
2533 2895 2745 2964 ereptio
2780 2911 2809 2949 a
2841 2897 3019 2961 malis,
3049 2912 3265 2954 necnon
3287 2899 3624 2969 captivitatis

2042 2979 2427 3047 solutio,venia
2441 3000 2658 3057 quoque
2673 2996 2727 3043 et
2748 2990 3000 3046 remissio
3016 2998 3365 3061 peccatorum
3382 2993 3627 3062 praedici-

2040 3077 2149 3125 tur.
2180 3071 2307 3128 Haec
2329 3075 2529 3145 quippe
2550 3080 2734 3134 omnia
2762 3078 2853 3136 Dei
2869 3082 2935 3139 ad
2957 3082 3207 3138 homines
3238 3083 3531 3139 adventum
3566 3090 3622 3140 et

2038 3161 2318 3232 reliquain
2336 3166 2603 3234 superiori
2633 3170 2844 3238 psalmo
2873 3173 3156 3228 enuntiata
3208 3174 3621 3245 subsequeban-

2038 3258 2149 3304 tur.
2175 3250 2310 3319 Quia
2334 3255 2479 3309 enim
2505 3256 2561 3310 in
2582 3256 2676 3313 illo
2697 3260 2868 3314 multa
2894 3260 2991 3316 Dei
3014 3250 3533 3330 tabernacula,atria
3563 3274 3619 3321 et

2036 3342 2228 3397 altaria
2245 3343 2301 3398 in
2331 3353 2481 3400 terra
2507 3349 2891 3405 constituenda
2912 3366 3036 3407 esse
3056 3354 3375 3423 praedictum
3402 3355 3615 3425 fuerat;

2035 3430 2340 3505 horumque
2370 3444 2567 3492 auctor
2603 3437 2746 3496 Deus
2772 3448 2892 3496 erat
2914 3442 2983 3497 ad
3029 3443 3280 3501 homines
3307 3455 3571 3503 venturus
3596 3488 3613 3514 ,

2035 3540 2100 3579 ac
2128 3527 2454 3584 nominatim
2477 3529 2734 3587 Christus
2754 3532 2847 3588 hic
2879 3537 3329 3606 conspiciendus,
3359 3539 3505 3593 unde
3530 3541 3615 3594 di—

2032 3618 2284 3686 cebatur,
2307 3620 2581 3677 Videbitur
2600 3624 2741 3680 Deus
2763 3627 2981 3681 deorum
3008 3630 3063 3683 in
3093 3628 3264 3697 Sion;
3297 3646 3363 3685 ac
3389 3647 3607 3698 rursus,

2030 3711 2242 3780 Appare
2301 3712 2371 3768 ad
2415 3715 2605 3784 [aciem
2655 3716 2859 3773 Christi
2912 3720 2987 3773 tui
3019 3735 3037 3774 :
3065 3720 3190 3791 jure
3236 3721 3292 3775 in
3355 3724 3611 3793 praesenti

1951 3783 1997 3846 ε
2025 3802 2239 3870 psalmo
2268 3820 2389 3875 quae
2410 3783 2509 3876 per
2538 3814 2712 3863 totum
2755 3810 2944 3865 orbem
2980 3783 3163 3865 futura
3198 3820 3329 3866 sunt
3354 3783 3612 3883 praenun-

2024 3896 2251 3957 tiantur.
2312 3894 2443 3962 Quae
2495 3914 2629 3955 sane
2681 3901 2739 3954 in
2796 3901 3032 3957 adventu
3073 3902 3382 3961 Servatoris
3430 3905 3607 3967 nostri

2022 3986 2292 4056 completa
2320 3995 2449 4043 sunt
2483 4007 2495 4042 :
2534 4006 2645 4060 quo
2673 3991 2935 4060 placitum
2954 3992 3064 4049 Deo
3096 3994 3199 4049 fuit
3226 4006 3427 4051 terram
3443 3996 3609 4051 Chri-

2021 4077 2091 4132 sti
2123 4078 2206 4132 sui
2247 4077 2397 4143 aditu
2427 4079 2664 4151 dignari.
2710 4080 2992 4153 Siquidem
3027 4086 3156 4139 olim
3185 4087 3363 4157 primo
3392 4086 3609 4158 parenti

2019 4172 2227 4237 dictum
2259 4170 2476 4239 fuerat:
2512 4172 2679 4227 Terra
2707 4190 2784 4242 es,
2815 4185 2865 4229 et
2900 4177 2958 4229 in
2998 4186 3195 4231 terram
3226 4182 3499 4236 reverteris
3527 4183 3605 4253 δίε

2018 4271 2092 4325 et,
2125 4259 2418 4323 Maledicta
2468 4271 2611 4330 terra
2661 4266 2717 4319 in
2768 4266 3012 4335 operibus
3062 4269 3167 4323 tuis
3214 4269 3291 4337 “;
3353 4272 3609 4347 aliusque

2019 4354 2285 4424 propheta
2310 4354 2446 4410 dicit
2478 4375 2491 4410 :
2525 4354 2876 4417 Maledictum
2903 4367 2953 4412 et
2982 4359 3151 4414 clades
3188 4370 3239 4416 et
3265 4362 3600 4429 mendacium

2016 4456 2066 4501 et
2092 4446 2296 4516 furtum
2330 4456 2380 4502 et
2402 4448 2725 4515 adulterium
2745 4451 2917 4519 eﬂ‘usa
2941 4462 3066 4507 sunt
3095 4469 3252 4523 super
3277 4465 3474 4510 terram
3496 4475 3515 4511 :
3546 4469 3597 4513 et

2016 4536 2339 4611 sanguinem‘
2381 4543 2637 4613 sanguine
2689 4544 2906 4597 miscent
2934 4544 3020 4598 ης
3058 4546 3151 4601 ubi
3194 4556 3377 4603 autem
3422 4547 3601 4611 Filius

2015 4627 2113 4684 Dei
2145 4630 2526 4703 peregrinatus
2560 4639 2645 4687 est
2693 4633 2749 4687 in
2775 4640 2921 4687 terra
2941 4673 2957 4701 ,
2982 4642 3369 4708 terrenumque
3395 4654 3602 4710 corpus

2016 4726 2333 4797 assumpsit,
2366 4726 2611 4794 priorum
2647 4727 2917 4782 malorum
2958 4728 3267 4785 immutatio
3298 4730 3441 4786 facta
3470 4740 3555 4789 est
3575 4773 3595 4805 ,γ

1994 4822 2301 4886 totumque
2327 4824 2487 4872 terra:
2520 4817 2851 4881 elementum
2874 4858 2889 4884 ,
2938 4820 3059 4875 loco
3086 4822 3335 4891 pristinae
3364 4824 3599 4879 malediq

2014 4909 2235 4973 ctionis,
2263 4910 2704 4966 benedictionem
2740 4911 2995 4974 sortitum
3017 4922 3122 4980 est,
3156 4929 3221 4973 ac
3260 4916 3509 4972 ecclesia:
3539 4926 3595 4978 et

2013 5002 2253 5061 oratoria
2277 5002 2387 5057 Deo
2416 5018 2513 5074 per
2528 5011 2703 5058 totum
2725 5007 2914 5062 orbem
2930 5008 3227 5062 constituta
3246 5017 3395 5073 sunt.
3413 5009 3599 5076 Quare

2007 5094 2121 5164 jam
2156 5095 2377 5162 dicitur,
2399 5078 2729 5163 Benedixisti
2750 5139 2766 5166 ,
2812 5100 3056 5167 Domine,
3089 5111 3287 5163 terram
3315 5110 3462 5155 tuam
3506 5100 3597 5171 “;

2013 5188 2069 5242 in
2100 5187 2222 5244 aliis
2251 5204 2404 5255 vero,
2434 5190 2712 5259 Dominus,
2737 5194 2992 5264 regnavit,
3019 5192 3309 5247 exsultabit
3339 5202 3482 5248 terra
3510 5193 3594 5264 ";

2014 5293 2079 5333 ac
2106 5295 2348 5345 rursum,
2379 5279 2604 5341 Cantate
2633 5281 2881 5349 Domino,
2908 5284 3079 5337 omnis
3110 5293 3255 5337 terra
3274 5283 3340 5338 “.
3399 5282 3597 5340 Merito

2012 5369 2197 5440 itaque
2224 5371 2397 5441 ipsius
2422 5370 2639 5428 Domini
2667 5388 2790 5437 esse
2834 5382 2981 5433 terra
3015 5374 3219 5430 dicitur
3246 5375 3351 5430 hoc
3382 5374 3548 5430 modo

2011 5463 2363 5531 Benedixisti,
2393 5466 2639 5533 Domine,
2674 5475 2870 5522 terram
2898 5477 3066 5525 tuam.
3095 5469 3214 5525 Non
3250 5472 3396 5525 enim
3433 5469 3595 5541 opifie

2008 5558 2154 5612 cium
2176 5559 2462 5627 duntaxat,
2483 5561 2579 5616 sed
2600 5561 2767 5615 etiam
2794 5563 3073 5633 possessio
3095 5564 3217 5635 ejus
3239 5565 3383 5620 facta
3411 5573 3496 5620 est
3518 5564 3595 5626 oh

2008 5651 2203 5706 allatas
2232 5655 2485 5723 superius
2508 5670 2726 5711 causas.

423 5969 465 6015 ⁸³
507 5969 638 6026 Gen.
676 5987 767 6040 ιιι,
802 5973 889 6041 i9.
966 5974 1010 6007 "
1050 5974 1185 6032 ibid.
1223 5976 1306 6041 17.
1386 5978 1431 6011 ⁸³
1467 5977 1595 6037 Osc.
1634 5995 1712 6059 ιν,
1739 5982 1793 6037 2.
1869 5982 1914 6018 ³³

2030 5984 2098 6042 al.
2130 6000 2362 6067 pxxxiv,
2397 5986 2454 6047 2.
2530 5989 2576 6023 "
2623 5986 3009 6061 Psal.xcv1,.'i.
3086 5992 3131 6077 δέ
3170 5990 3316 6055 Psal.
3355 6006 3481 6059 xcv.
3518 5990 3577 6067 1.
