4078 6432
515 445 656 504 1019

1234 461 1501 519 Ειτεειιη
1542 469 2022 533 εειῖελιιιεκειε
2059 481 2209 537 OPP.
2255 484 2437 541 PARS
2475 461 3055 547 lll.—EXEGETICA.

3629 497 3782 553 1-9Ξο

581 563 696 629 Qua
726 568 934 624 ratione
963 579 1142 627 autem
1170 576 1414 645 dicatur,
1449 585 1699 641 Avertiin
1728 595 2044 659 captivitate;

594 657 671 677 UL
724 658 887 677 μμ...
1245 668 1275 677 ..
1512 676 1515 677 ,

2143 622 2159 658 ι
2256 600 2381 663 Πῶς
2419 602 2475 654 δὲ
2504 604 2715 675 εἴρηται
2744 605 2825 668 τὸ,
2872 607 3270 675 Ἀπέστρεψας
3308 608 3422 677 τὴν
3456 611 3777 677 αἰχμαλω-

506 654 693 723 Jacob,
722 658 987 732 intelliges
1011 680 1076 718 ex
1108 668 1196 721 illa
1243 668 1551 731 Servatoris
1579 694 1710 733 voce
1731 723 1744 746 ,
1790 700 1897 753 qua
1936 686 2077 741 hanc

516 746 668 803 Isaia:
703 753 1041 821 prophetiam
1066 797 1081 821 ,
1138 758 1371 828 Spiritus
1408 761 1623 821 Do'mini
1653 788 1808 840 super
1854 793 1967 838 me,
2018 795 2077 833 eo

500 840 640 908 quod
672 845 883 897 unxerit
914 863 1015 911 me,
1054 854 1414 921 evangelisare
1447 862 1759 926 pauperibus
1782 866 1926 919 misit
1957 885 2036 921 me
2061 909 2076 933 ,

498 933 790 998 prmdicare
824 939 1044 1005 captivis
1072 942 1454 1008 dimissionem.
1490 961 1539 1003 et
1570 956 1721 1008 arcis
1756 958 1895 1011 visus
1926 962 2078 1013 resti-

500 1023 753 1077 tutionem
782 1026 847 1091 ⁸⁷,
871 1043 994 1085 cum
1026 1030 1269 1101 legisset,
1302 1037 1531 1103 addidit,
1570 1040 1742 1097 Hodie
1767 1047 1979 1115 impleta
1999 1058 2077 1103 est

495 1110 607 1165 Ιιανε
638 1115 909 1182 prophetia
935 1120 988 1171 in
1010 1122 1227 1175 auribus
1247 1128 1432 1181 vestris
1458 1129 1522 1197 “,
1554 1130 1606 1185 in
1652 1150 1711 1189 se
1744 1138 2073 1206 completum

494 1204 778 1258 oraculum
810 1207 1145 1281 significans.
1179 1211 1317 1280 Quia
1352 1220 1563 1276 scilicet
1591 1224 1708 1294 ipse
1739 1224 1999 1283 Servator
2020 1238 2075 1285 et

492 1293 806 1366 redemptor
826 1301 1132 1359 animarum
1164 1305 1447 1365 hominum
1497 1324 1677 1381 esset,
1709 1335 1847 1388 quas
1874 1336 1904 1375 a
1935 1323 2072 1378 dura

490 1385 871 1456 multiplicium
918 1396 1205 1451 numinum
1236 1403 1442 1458 erroris
1486 1414 1540 1460 et
1569 1408 1875 1465 daemonum
1907 1431 2071 1470 vexa-

492 1476 559 1532 ιε(
572 1477 657 1532 nis
680 1482 962 1549 servitute,
986 1488 1179 1544 solutis
1202 1502 1548 1561 peccatorum
1584 1502 1840 1567 vinculis,
1872 1505 2069 1561 libera-

490 1565 603 1623 bat.
633 1569 788 1636 Quod
816 1577 979 1631 etiam
1020 1581 1073 1634 in
1114 1587 1367 1651 prmsenti
1398 1590 1607 1657 psalmo
1650 1592 1941 1650 denotatur
1982 1598 2067 1654 his

486 1660 672 1715 verbis
698 1681 711 1711 τ
748 1695 818 1703 -
842 1665 1008 1724 Vens.
1038 1670 1091 1724 5.
1132 1672 1405 1728 Remisisti
1430 1679 1735 1749 iniquitates
1756 1684 1893 1751 plebi
1924 1696 2028 1741 tute
2047 1729 2063 1753 ,

487 1754 738 1816 aperuisti
787 1760 966 1812 omnia
1008 1774 1220 1829 peccata
1268 1781 1470 1823 eorum.
1524 1769 1844 1841 lniquitates
1881 1786 2063 1833 autem

483 1843 747 1899 remissas
798 1854 853 1899 et
903 1860 1124 1919 opertas
1169 1854 1309 1908 alius
1357 1858 1483 1912 item
1542 1876 1722 1917 sermo
1766 1866 2057 1924 meminit:

483 1924 639 1981 Beati
658 1947 880 1999 quorum
921 1939 1155 1993 remissa:
1185 1953 1308 1997 sunt
1361 1947 1663 2017 iniquitates
1688 1993 1702 2016 ,
1750 1964 1800 2006 et
1836 1972 2058 2025 quorum
2090 1984 2132 2039 Β

484 2023 619 2069 tecta
656 2033 776 2074 sunt
805 2036 1021 2091 peccata
1066 2028 1129 2082 δ’.
1162 2029 1256 2087 llis
1288 2050 1451 2103 porro
1484 2036 1721 2109 Spiritus
1763 2023 2056 2117 signiﬁcat,

479 2107 835 2176 pristinorum
891 2131 1241 2186 peccatorum
1290 2127 1668 2186 remissionem
1715 2134 1812 2202 iisf,
1853 2140 1945 2207 qui
1991 2156 2058 2195 ex

477 2200 746 2264 Spirituali
790 2209 1095 2266 animarum
1128 2217 1441 2284 captivitate
1496 2224 1764 2296 redempti
1816 2241 1985 2299 sunt,
2025 2248 2055 2287 a

476 2290 765 2350 Servatore
786 2313 1139 2359 concessam:
1175 2308 1411 2378 quibus,
1445 2313 1489 2367 si
1522 2326 1645 2384 post
1674 2321 2053 2379 remissionem

473 2381 669 2439 iterum
693 2394 1060 2460 peccaverint,
1105 2413 1214 2453 non
1248 2405 1490 2459 secundo
1533 2419 1755 2476 peccata
1795 2416 2049 2482 remittit,

472 2477 565 2529 sed
595 2482 789 2547 operit.
836 2482 969 2540 Nam
1020 2489 1089 2543 ab
1130 2490 1223 2545 illo
1267 2509 1590 2553 concessum
1635 2510 1755 2567 est,
1798 2516 1859 2560 ut
1892 2507 2050 2566 bonis

469 2567 726 2633 operibus
765 2576 1006 2631 secundo
1044 2580 1213 2647 gestis
1256 2584 1485 2652 pristina
1514 2588 1713 2645 delicta
1753 2606 2049 2669 contegan-

469 2663 578 2712 tur.
599 2657 723 2714 Haec
747 2678 874 2718 vero
894 2669 1076 2723 omnia
1098 2673 1217 2727 orbi
1242 2684 1422 2743 terra},
1442 2680 1696 2737 videlicet
1719 2686 1865 2741 illam
1894 2692 2049 2747 inco-

465 2750 807 2819 colentibus,
842 2772 938 2825 per
981 2758 1280 2821 Salvatoris
1329 2769 1621 2827 adventum
1663 2778 2045 2839 universorum

464 2836 609 2895 Deus
639 2844 896 2917 elargitus
918 2859 1021 2915 est,
1042 2854 1227 2909 sedata
1260 2858 1337 2913 ira
1356 2877 1419 2916 ac
1439 2865 1683 2935 mitigato
1712 2868 1916 2938 furore,
1938 2890 2046 2945 quo

462 2931 683 2998 quidem
716 2944 875 2991 antea
903 2944 1188 3013 terrigena:
1226 2949 1303 3003 illi
1334 2952 1481 3021 digni
1525 2931 1701 3022 ciant,
1736 2963 1806 3016 ob
1844 2931 2041 3036 impie-

462 3022 595 3078 tatis
630 3034 1070 3096 exsuperantiam
1118 3037 1322 3095 inimici
1369 3045 1488 3113 ejus
1523 3049 1737 3119 ell'ecti;
1791 3066 1847 3109 at
1897 3057 2041 3116 Deus

459 3112 581 3183 ipse
609 3128 746 3182 erat,
770 3123 860 3189 qui
899 3124 951 3177 in
977 3126 1197 3185 Christo
1245 3134 1351 3188 sibi
1400 3141 1664 3196 mundum
1716 3151 2040 3207 reconcilia-

458 3204 574 3269 bat,
600 3224 777 3280 neque
806 3214 939 3284 ipsis
970 3220 1201 3287 pristina
1234 3237 1455 3295 peccata
1487 3232 1810 3302 imputabat.
1834 3240 2038 3306 Quam-

2184 693 2328 745 σίαν
2369 694 2584 759 Ἰακὼε,
2608 698 2821 766 νοήσεις
2855 699 2917 750 ἐκ
2950 700 3045 769 τῆς
3073 702 3338 770 σωτηρίου
3372 702 3572 771 φωνῆς,
3602 704 3672 755 δι’
3702 700 3779 774 ἧς

2180 781 2277 850 τὴν
2310 784 2559 851 φήσασαν
2589 785 2683 836 τοῦ
2727 786 2945 839 Ἡσαΐου
2976 790 3340 859 προφητείαν,
3371 792 3617 858 Πνεῦμα
3648 795 3777 845 Kr-

2172 872 2310 935 ρίου
2334 872 2425 922 ἐπ’
2444 873 2568 941 ἐμὲ,
2585 871 2654 929 οὗ
2678 876 2885 929 ἕνεκεν
2906 880 3108 946 ἔχρισέ
3135 897 3233 948 με,
3254 882 3773 948 εὐαγγελίσασθαι

2180 963 2437 1031 πτωχοῖς
2494 966 2845 1020 ἀ.τέσταλκέ
2884 987 2998 1036 με,
3051 971 3301 1037 κηρῦξαι
3360 976 3775 1041 αἰχμαλώτοις

2178 1052 2399 1120 ἄφεσιν
2424 1057 2519 1109 καὶ
2544 1059 2795 1126 τυφλοῖς
2814 1061 3167 1129 ἀνάϐλεψιν,
3188 1066 3449 1131 ἀναγνοὺς
3472 1068 3731 1136 ἐπήγαγε
3750 1110 3769 1133 ,

2177 1144 2450 1214 Σήμερον
2477 1150 2859 1217 πεπλήρωται
2898 1154 2935 1220 ἡ
2974 1156 3303 1222 προφητεία
3338 1156 3487 1224 αὕτη
3537 1158 3608 1209 ἐν·
3634 1158 3769 1223 τοῖς

2173 1233 2324 1289 ὠσὶν
2350 1237 2535 1306 ὑμῶν,
2572 1240 2839 1294 διδάσκων
2872 1246 2950 1303 εἰς
2978 1244 3169 1297 ἑαυτὸν
3200 1246 3536 1317 πληροῦσθαι
3566 1250 3627 1301 τὸ
3672 1250 3771 1303 λό-

2171 1343 2309 1395 γιον.
2339 1328 2459 1381 ’Ότι
2504 1331 2568 1401 δὴ
2609 1333 2771 1396 αὐτὸς
2800 1329 2867 1403 ἦν
2910 1336 2938 1385 ὁ
2977 1336 3165 1406 Σωτὴρ
3205 1338 3297 1389 καὶ
3329 1338 3603 1409 λυτρωτὴς
3650 1341 3765 1393 τῶν

2172 1417 2529 1489 ἀνθρωπίνων
2562 1421 2772 1492 ψυχῶν,
2802 1422 2866 1488 ἃς
2897 1424 3003 1481 ἀπὸ
3028 1424 3126 1493 τῆς
3162 1430 3362 1498 πικρᾶς
3386 1429 3630 1493 δουλείας
3651 1431 3764 1500 τῆς

2170 1508 2429 1562 πολυθέΟυ
2459 1511 2667 1582 πλάνης
2696 1515 2789 1567 καὶ
2820 1515 2917 1585 τῆς
2948 1516 3264 1590 δαιμονικῆς
3292 1520 3571 1590 ἐνεργείας
3592 1520 3763 1589 ἠλευ-

2170 1597 2353 1671 θέρου,
2385 1600 2552 1666 λύσας
2576 1604 2754 1657 αὐτῶν
2786 1608 2885 1671 τὰς
2918 1610 3102 1680 σειρὰς
3124 1610 3233 1663 τῶν
3264 1613 3568 1685 ἁμαρτιῶν.
3592 1617 3663 1665 Ὀ
3688 1614 3757 1685 δὴ

2167 1692 2262 1745 καὶ
2301 1693 2432 1745 αὐτὸ
2485 1697 2812 1766 παρίσταται
2848 1699 2935 1752 διὰ
2982 1701 3076 1753 τοῦ
3118 1705 3479 1774 προκειμένου
3529 1705 3755 1776 ψαλμοῦ

2166 1783 2500 1850 φάσκοντος·
2547 1787 2805 1857 Ἀφῆκας
2860 1790 2965 1857 τὰς
3012 1794 3267 1873 ἀνομίας
3315 1794 3394 1859 τῷ
3420 1795 3545 1861 λαῷ
3590 1813 3749 1861 σου,

2170 1872 2487 1942 ἐκάλυψας
2516 1877 2718 1945 πάσας
2763 1880 2869 1947 τὰς
2900 1883 3190 1957 ἁμαρτίας
3231 1887 3448 1940 αὐτῶν.
3488 1889 3752 1958 Ἀνομίας

2159 1962 2216 2014 δὲ
2250 1966 2552 2036 ἀφιεμένοις
2574 1970 2666 2022 καὶ
2710 1971 3125 2044 καλυπτομένας
3160 1972 3267 2030 οἵδε
3303 1980 3395 2032 καὶ
3428 1979 3661 2049 ἀλλαχοῦ
3719 1984 3749 2033 ὁ

2162 2054 2386 2123 φάσκων
2420 2058 2576 2127 λόγος
2596 2077 2607 2088 ·
2640 2062 2928 2131 Μακάριοι
2952 2060 3038 2129 ὧν
3062 2068 3373 2137 ἀφέθησαν
3398 2074 3457 2123 αἱ
3479 2072 3745 2140 ἀνομίαι,

2160 2148 2259 2200 καὶ
2277 2143 2363 2200 ὧν
2388 2150 2822 2221 ἐκαλύερθησαν
2850 2160 2907 2211 αὶ
2931 2159 3205 2227 ἁμαρτίαι
3226 2179 3239 2191 ·
3270 2164 3341 2232 Ση
3352 2163 3530 2231 μαίνει
3562 2163 3619 2215 δὲ
3648 2164 3744 2217 διὰ

2156 2239 2361 2292 τούτων
2405 2242 2467 2295 τὸ
2513 2244 2737 2315 Πνεῦμα
2781 2249 2879 2320 τὴν
2922 2250 3026 2303 ὑπὸ
3058 2252 3152 2304 τοῦ
3204 2255 3456 2324 Σωτῆρος
3500 2256 3743 2326 δεδωρη-

2158 2331 2326 2400 μένην
2360 2333 2550 2401 ἄφεσιν
2582 2337 2690 2390 τῶν
2716 2341 2995 2412 προτέρων
3037 2344 3447 2416 ἁμαρτημάτων
3486 2351 3596 2411 τοῖς
3625 2350 3739 2401 ἀπὸ

2153 2423 2253 2491 τῆς
2286 2426 2483 2495 νοητῆς
2504 2430 2613 2481 τῶν
2642 2429 2831 2501 ψυχῶν
2865 2435 3239 2504 αἰχμαλωσίας
3267 2437 3696 2511 λελυτρωμένοις
3716 2459 3731 2473 ·

2152 2510 2254 2578 οἷς,
2284 2521 2331 2569 εἰ
2364 2520 2501 2589 μετὰ
2525 2523 2623 2592 τὴν
2649 2524 2845 2593 ἄφεσιν
2869 2529 3027 2581 πάλιν
3060 2532 3373 2601 ἁμάρτοιεν,
3400 2534 3581 2586 οὐκέτι
3613 2534 3735 2587 δευ-

2150 2608 2316 2678 τέραν
2338 2610 2549 2679 ἄφεσιν,
2576 2615 3033 2688 ἀλλ’·ἐπικάλυψιν
3062 2623 3343 2694 ἁμαρτιῶν
3368 2627 3614 2697 παρέχει.
3631 2628 3733 2681 Διὰ

2150 2698 2260 2771 γὰρ
2307 2702 2575 2775 δευτέρων
2635 2710 3074 2782 κατορθωμάτων
3140 2716 3434 2770 καλύπτειν
3479 2718 3547 2771 τὰ
3596 2737 3732 2791 προ-

2146 2796 2515 2865 ημαρτημένα
2563 2800 2931 2872 συνεχώρησε.
2980 2805 3165 2858 Ταῦτα
3204 2806 3261 2860 δὲ
3308 2809 3486 2863 πάντα
3521 2814 3584 2881 τῇ
3619 2812 3728 2863 τῶν

2145 2885 2450 2956 ἀνθρώπων
2482 2893 2574 2961 γῇ,
2619 2894 2712 2946 καὶ
2743 2894 2941 2967 δηλαδὴ
2981 2900 3095 2960 τοῖς
3134 2901 3479 2954 κατοικοῦσιν
3529 2904 3723 2971 αὐτὴν,

2143 2974 2229 3029 διὰ
2264 2978 2363 3046 τῆς
2405 2980 2500 3033 τοῦ
2547 2983 2800 3055 Σωτῆρος
2844 2987 3139 3058 ἐπιδημίας
3182 2991 3212 3042 ὁ
3253 2990 3363 3043 τῶν
3406 2990 3544 3044 ὅλων
3591 2992 3725 3055 Θεὸς

2144 3065 2480 3139 ἐδωρήσατο,
2527 3074 2889 3139 καταπαύσας
2921 3078 3021 3148 τὴν
3057 3078 3225 3151 ὀργὴν
3270 3082 3365 3134 καὶ
3404 3081 3495 3134 τὸν
3528 3083 3732 3152 θυμὸν,

2138 3151 2213 3211 ῶν
2239 3160 2377 3224 ἄξιοι
2402 3163 2463 3216 τὸ
2499 3165 2627 3236 πρὶν
2659 3166 2956 3237 ἐτύγχανον
2974 3172 3024 3223 οἱ
3046 3172 3142 3242 τὴν
3164 3172 3270 3243 γῆν
3296 3151 3608 3238 οἰκοῦντες,
3626 3176 3721 3228 ire

2137 3250 2201 3321 δὴ
2236 3253 2422 3324 ἐχθροὶ
2462 3256 2615 3320 ὄντες
2660 3260 2824 3313 αύτοῦ
2855 3262 2941 3315 διὰ
2969 3264 3068 3327 τὰς
3104 3264 3211 3317 τῶν
3246 3267 3508 3319 ἀσεϐειῶν
3542 3268 3721 3321 αὐτῶν

458 3298 649 3353 obrem
681 3302 888 3361 dictum
914 3317 999 3364 est
1030 3330 1042 3365 :
1078 3342 1147 3353 —
1179 3313 1343 3373 Vens.
1384 3320 1501 3375 4-7.
1538 3298 1803 3396 Μίιὶθαδιὶ
1831 3349 2036 3388 omnem

458 3389 595 3427 imm
631 3402 771 3427 tua.“
842 3403 1071 3427 ,κη-,μα
1119 3405 1174 3427 ._L
1330 3411 1341 3422 -
1402 3412 1433 3427 ι·
1553 3417 1585 3427 _.
1664 3419 1676 3427 .
1911 3425 1934 3427 ,_

2143 3298 2201 3321 --ι
2236 3298 2422 3324 -Λνι....
2464 3298 2612 3320 ...υνν
2660 3298 2824 3313 uta-vv
2855 3298 2941 3315 υιυι
2980 3298 3065 3327 ..μιν
3115 3298 3210 3317 οων
3246 3298 3508 3319 αυςυειων
3542 3298 3717 3321 uni-ul?

2143 3343 2477 3414 ὑπερϐολάςο
2512 3348 2650 3400 ἀλλὰ
2676 3350 2807 3413 Θεὸς
2839 3347 2906 3421 ἦν
2943 3354 2999 3404 ὲν
3030 3356 3253 3427 Χριστῷ
3282 3357 3486 3427 κόσμον
3513 3361 3717 3413 καταλ-

455 3389 598 3443 iram
628 3402 794 3459 tuam,
838 3403 1071 3457 avertisti
1110 3405 1175 3459 ab
1206 3409 1288 3462 ira
1324 3411 1701 3482 indignationis
1732 3430 1855 3477 tum.
1893 3425 2033 3479 Con-

456 3491 593 3537 verte
614 3503 729 3551 nos,
752 3488 894 3545 Deus
918 3495 1239 3551 salutarium
1270 3511 1589 3573 nostrorum,
1615 3518 1663 3561 et
1694 3524 1866 3567 averte
1891 3517 2031 3571 iram

455 3582 605 3637 tuam
630 3596 663 3632 α
692 3580 861 3636 nobis.
892 3582 1151 3657 Nunquid
1196 3592 1251 3644 in
1282 3603 1535 3649 retentum
1564 3598 1810 3657 irasceris
1840 3608 1987 3663 nobis
2006 3613 2032 3666 ?

452 3676 549 3722 aut
586 3672 830 3727 extendes
861 3675 997 3729 iram
1029 3688 1175 3733 tuam
1213 3700 1245 3736 a
1280 3690 1616 3753 generatione
1640 3693 1693 3747 in
1734 3702 2029 3765 generatio-

451 3763 607 3815 nem?
650 3762 808 3827 Deus,
830 3774 885 3819 tu
906 3781 1206 3827 convertens
1229 3778 1515 3846 viviﬁcabis
1539 3800 1655 3850 nos,
1686 3797 1735 3840 et
1767 3790 1909 3857 plebs
1936 3804 2026 3849 tua

448 3851 722 3907 twtabitur
768 3857 821 3909 in
878 3867 947 3916 te.
983 3860 1171 3919 Priora
1207 3869 1424 3937 quidem
1460 3872 1529 3926 de
1572 3851 1776 3935 futuris
1823 3884 1877 3936 in
1912 3892 2027 3941 toto

449 3942 583 3997 orbe
612 3950 1138 4020 prtenuntiabantur,
1162 3974 1283 4027 qum
1313 3966 1613 4022 secundum
1632 3974 1885 4041 superius
1910 3985 2025 4031 tra-

446 4032 619 4088 ditam
639 4036 1141 4109 interpretationem
1172 4048 1225 4103 in
1257 4051 1491 4110 adventu
1515 4032 1817 4118 Salvatoris
1847 4070 2023 4123 nostri

444 4124 515 4177 ad
554 4124 711 4181 ﬁnem
743 4130 977 4188 deducta
1008 4145 1155 4193 sunt.
1194 4140 1320 4198 Haec
1350 4161 1479 4203 vero
1522 4166 1643 4220 quae
1694 4160 2018 4225 tractamus,

444 4217 745 4272 orationem
777 4226 1059 4282 continent
1097 4247 1196 4299 pro
1232 4238 1430 4304 populo
1462 4256 1530 4295 ex
1577 4244 2016 4306 circumcisione.

441 4305 583 4372 Quia
616 4309 761 4363 enim
794 4314 1055 4382 propheta
1085 4320 1271 4377 divino
1299 4326 1510 4384 amatus
1540 4329 1745 4401 Spiritu
1776 4305 2019 4397 Judaicse

439 4398 618 4466 gentis
644 4415 772 4469 erga
813 4402 1092 4461 Christum
1140 4398 1973 4493 incredulitatemprospicicbat
1998 4470 2014 4495 ,

437 4503 652 4543 necnon
677 4490 973 4548 vindictam
990 4496 1291 4557 facinorum
1309 4520 1475 4563 causa
1490 4510 1620 4578 ipsis
1637 4512 2010 4586 inﬂigendam;

434 4573 579 4630 hanc
634 4594 736 4648 pro
782 4581 918 4653 ipsis
972 4590 1276 4647 orationem
1332 4573 1534 4653 emittit
1572 4573 2011 4679 peropportune;

434 4665 513 4719 ita
549 4676 607 4720 ut
644 4669 795 4725 nulla
823 4674 877 4728 in
909 4678 1123 4745 psalmo
1152 4687 1516 4745 contradictio
1544 4665 2011 4767 deprehendatur;
2042 4700 2087 4757 D

432 4760 579 4827 quod
609 4776 732 4817 cum
783 4765 941 4823 initio
995 4773 1219 4829 meliora
1280 4779 1400 4834 orbi
1443 4784 1773 4843 vaticinatus
1820 4802 1965 4848 esset
1994 4836 2009 4858 ,

404 4852 539 4921 'jatn
566 4858 724 4926 quasi
755 4861 891 4916 nihil
922 4864 1049 4918 boni
1078 4868 1334 4924 collatum
1388 4874 1460 4928 sit
1495 4891 1685 4944 preces
1735 4881 2006 4940 instituat.

427 4945 611 5002 Prima
639 4951 822 5021 itaque
853 4954 920 5008 de
943 4955 1227 5015 beneficiis
1282 4976 1312 5015 a
1348 4963 1633 5024 Salvatore
1665 4982 1856 5029 nostro
1906 4977 2009 5033 hu-

426 5049 590 5090 mano
609 5043 790 5108 generi
808 5045 1178 5105 concedendis
1202 5054 1459 5120 praedicta
1483 5058 1731 5129 fuerant;
1764 5069 2007 5124 secundo

424 5130 606 5180 autem
656 5129 777 5185 loco
822 5148 921 5202 pro
970 5139 1375 5199 contribulibus
1434 5161 1464 5199 a
1518 5150 1781 5218 propheta
1811 5170 2005 5224 preces

423 5218 783 5290 emittuntur,
827 5236 889 5282 ut
926 5230 1007 5284 ira
1058 5231 1207 5303 ipsos
1239 5236 1495 5294 invasnra
1528 5243 1779 5313 sedetur;
1837 5259 2002 5321 atque

423 5306 527 5375 ipsi
559 5309 776 5369 demum
812 5316 906 5373 Dei
944 5320 1013 5375 ad
1051 5338 1111 5378 se
1147 5330 1541 5396 conversione,
1597 5342 1759 5405 atque
1805 5338 1895 5393 illa
1946 5346 2001 5399 in

421 5399 641 5457 Christo
669 5404 763 5460 Dei
791 5408 977 5466 laetitia
1007 5413 1156 5485 digni
1187 5418 1512 5479 habeantur.

420 5494 748 5565 εὐεργεσιῶν
766 5508 1197 5578 προεφητεύετο·
1223 5512 1291 5566 τὰ
1317 5513 1373 5568 δὲ
1404 5516 1630 5591 δεύτερα
1684 5524 1713 5577 ὁ
1744 5530 2025 5604 προφήτης
2064 5535 2094 5588 ὑ

420 5586 524 5655 μὲν
591 5590 692 5661 τὴν
731 5597 853 5647 κατ’
928 5598 1109 5653 αὐτῶν
1162 5601 1371 5675 ὀργὴν,
1402 5586 1801 5686 καταξιωθῆναι

415 5682 641 5756 Χριστῷ
663 5687 756 5740 τοῦ
789 5690 924 5745 Θεοῦ
958 5696 1314 5773 εὐφροσύνης.

482 5886 528 5921 ’⁷
567 5884 669 5943 lsa.
706 5903 828 5959 tu.
865 5892 915 5950 1.
993 5896 1036 5929 ⁸⁸
1075 5897 1206 5958 Luc.
1244 5917 1314 5971 iv,
1350 5905 1436 5963 18.
1515 5907 1558 5941 ³⁹
1592 5907 1735 5966 Psal.
1760 5927 1911 5981 χχιι,
1936 5916 1985 5972 1.

2140 3434 2352 3489 λάσσων
2381 3439 2589 3510 ἐαυτῷ,
2622 3442 2695 3513 μὴ
2727 3443 3071 3516 λογιζόμενος
3104 3448 3159 3500 δὲ
3201 3450 3385 3513 αὐτοῖς
3427 3452 3497 3503 τὰ
3534 3469 3719 3522 supa—

2139 3527 2427 3599 πτώματα.
2462 3532 2553 3585 Διὸ
2591 3534 2867 3589 λέλεκται·
2902 3541 3302 3608 Κατέπαυσας
3344 3541 3552 3598 πᾶσαν
3600 3545 3718 3611 τὴν

2137 3619 2323 3689 ὀργήν
2356 3637 2501 3689 σου,
2535 3626 2923 3697 ἀπέστρεψας
2960 3631 3077 3685 ἀπὸ
3126 3633 3309 3703 ὀργῆς
3354 3635 3542 3703 θυμοῦ
3573 3653 3712 3689 σου.

2149 3711 2546 3783 Ἐπίστρεψον
2574 3718 2752 3787 ἡμᾶς,
2779 3724 2811 3773 d
2842 3723 2988 3788 Θεὸς
3024 3722 3144 3775 τῶν
3177 3727 3485 3794 σωτηρίων
3520 3729 3712 3797 ἡμῶν,

2133 3802 2231 3853 καὶ
2253 3803 2641 3876 ἀπόστρεψον
2664 3810 2771 3863 τὸν
2794 3815 2986 3881 θυμόν
3011 3828 3127 3868 σου
3149 3816 3248 3883 ἀφ’
3269 3814 3457 3884 ἡμῶν.
3498 3820 3595 3886 Μὴ
3624 3822 3715 3885 εἰς

2132 3889 2239 3941 τὸν
2301 3893 2489 3949 αἰῶνα
2539 3900 2873 3972 όργισθήσῃ
2917 3904 3103 3973 mir;
3143 3906 3180 3975 ἢ
3242 3907 3529 3976 «Stater-sic
3594 3912 3713 3978 τὴν

2132 3982 2319 4052 ὀργήν
2352 4000 2470 4041 σου
2507 3989 2625 4044 ἀπὸ
2673 3992 2885 4060 γενεᾶς
2913 3998 3001 4062 εἰς
3041 3998 3291 4067 revertr;
3327 4000 3380 4052 '0
3427 4002 3589 4066 Θεὸς,
3626 4006 3711 4056 σὺ

2130 4075 2502 4147 ἐπιστρέψας
2548 4081 2797 4152 ζοκόσεις
2828 4088 3019 4156 ἡμᾶς,
3067 4093 3165 4145 καὶ
3207 4096 3240 4147 ό
3269 4094 3419 4160 λαός
3441 4108 3560 4148 σου
3606 4097 3709 4149 εὐ-

2128 4169 2533 4236 φρανθήσεται
2553 4175 2653 4229 ἐπὶ
2676 4180 2797 4232 σοί.
2815 4181 2897 4233 Τὰ
2924 4183 3024 4251 μὲν
3042 4186 3281 4257 πρότερα
3304 4189 3711 4260 προεφητεύετο

2127 4259 2255 4328 περὶ
2295 4260 2404 4315 τῶν
2436 4267 2815 4336 γενησομένων
2850 4271 2968 4324 καθ’
2997 4273 3126 4346 ὅλης
3158 4276 3258 4346 τῆς
3288 4278 3411 4347 γῆς,
3437 4278 3472 4331 ἃ
3506 4259 3569 4350 δὴ
3608 4281 3707 4333 καὶ

2124 4348 2312 4414 τέλους
2338 4351 2494 4424 ἔτυχε
2523 4355 2609 4409 διὰ
2642 4360 2740 4428 τῆς
2773 4364 3076 4433 παρουσίας
3113 4367 3206 4420 τοῦ
3254 4370 3504 4441 Σωτῆρος
3543 4348 3701 4441 ἡμῶν

2126 4440 2265 4493 κατὰ
2293 4443 2395 4513 τὴν
2428 4446 2784 4504 ἀποδοθεῖσαν
2813 4454 3108 4525 ἑρμηνείαν
3126 4474 3141 4487 ·
3173 4459 3241 4511 τὰ
3270 4460 3326 4512 δὲ
3363 4440 3701 4531 προκείμενα

2123 4532 2287 4604 εὐχὴν
2317 4537 2557 4607 περιέχει
2592 4541 2730 4611 ὑπὲρ
2752 4544 2846 4596 τοῦ
2881 4548 2944 4599 ὲκ
2973 4551 3274 4621 περιτομῆς
3306 4552 3456 4605 λαοῦ.
3484 4555 3699 4625 Ἐπειδὴ

2120 4621 2231 4693 γὰρ
2258 4626 2285 4676 ὁ
2321 4630 2602 4700 προφήτης
2632 4636 2889 4706 προεώρα
2916 4639 2993 4708 τῷ
3020 4638 3148 4711 θείῳ
3187 4642 3463 4713 Πνεύματι
3495 4644 3589 4714 τὴν
3619 4621 3700 4709 εἰς

2114 4714 2206 4767 τὸν
2240 4718 2473 4789 Χριστὸν
2493 4723 2775 4780 ἀπείθειαν
2804 4728 2897 4781 τοῦ
2933 4731 3201 4786 Ἰουδαίων
3230 4734 3435 4799 ἔθνους,
3468 4738 3559 4790 καὶ
3594 4739 3697 4808 τὴν

2117 4808 2572 4885 καταληψομένην
2612 4819 2806 4884 αὐτοὺς
2854 4822 3021 4894 ὀργὴν
3054 4826 3163 4880 τῶν
3201 4829 3695 4901 τολμηθησομένων

2113 4897 2297 4962 αὐτοῖς
2352 4903 2574 4973 ἕνεκεν,
2638 4912 2863 4978 εἰκότως
2934 4917 3031 4988 τὴν
3089 4897 3457 4992 προκειμένην
3521 4897 3693 4992 εὐχὴν

2113 4989 2255 5060 ὑπὲρ
2280 4995 2459 5050 αὐτῶν
2491 5002 2843 5074 ἀναπέμπει·
2884 5007 2959 5071 ὡς
3005 5011 3200 5082 μηκέτι
3242 5013 3418 5066 δοκεῖν
3450 5016 3690 5068 ἐναντιο-

2110 5080 2297 5151 λογίαν
2325 5091 2601 5163 περιέχειν
2629 5096 2721 5149 τὸν
2754 5098 2989 5171 ψαλμὸν,
3016 5080 3272 5176 ἀνωτέρω
3300 5106 3401 5177 μὲν
3437 5108 3508 5160 ’τὰ
3549 5124 3687 5179 χρη-

2108 5175 2337 5249 στότερα
2358 5182 2689 5241 θεσπίσαντα
2726 5192 2870 5263 πάσῃ
2905 5196 2969 5265 τῇ
2996 5198 3089 5266 γῇ,
3140 5198 3197 5249 ὲν
3223 5198 3280 5250 δὲ
3304 5175 3429 5261 τοῖς
3458 5175 3680 5271 προκει-

2109 5263 2310 5336 μένοις,
2342 5272 2419 5335 ὡς
2453 5276 2679 5345 μηδενὸς
2716 5283 2922 5350 ἀγαθοῦ
2960 5263 3350 5359 πεπραγμένου
3382 5290 3480 5360 τὴν
3505 5263 3685 5359 ἐὐχὴν

2102 5354 2384 5420 διεξιόντα.
2429 5366 2509 5420 Τὰ
2536 5372 2715 5425 τοίνυν
2752 5376 2947 5445 πρῶτα
2984 5380 3112 5449 περὶ
3159 5380 3269 5434 τῶν
3312 5380 3398 5433 διὰ
3429 5381 3525 5435 τοῦ
3572 5381 3685 5433 Σωο

2101 5447 2265 5518 τῆρος
2296 5454 2453 5524 ήμῶν
2493 5466 2936 5535 παρασχεθεισῶν
2966 5447 3199 5541 τῷ-τῶν
3240 5472 3544 5543 ἀνθρώπων
3582 5471 3682 5542 βίῳ

2100 5540 2204 5611 πὲρ
2253 5546 2362 5601 τῶν
2411 5553 2686 5623 ὁμοεθνῶν
2752 5560 3009 5632 εὔχεται,
3060 5565 3318 5621 ἱκετεύων
3371 5564 3678 5619 παύσασθαι

1973 5626 2067 5681 καὶ
2103 5633 2302 5701 αὐτοὺς
2338 5642 2437 5712 τῆς
2481 5646 2572 5700 τοῦ
2626 5650 2761 5705 Θεοῦ
2795 5626 3131 5729 ἐπιστροφῆς
3169 5659 3261 5714 καὶ
3306 5660 3405 5729 τῆς
3456 5657 3550 5712 ἐπὶ
3595 5654 3675 5727 τῷ
