4078 6432
350 508 485 565 ιοει
570 504 574 509 ’

1486 486 1995 560 COMMENTARIA
2036 503 2101 558 IN
2142 502 2479 559 PSALMOS.

3485 506 3624 561 M22

421 624 629 686 Δεῖξον
674 622 842 694 ήμῖν,
872 624 1073 693 Κύριε,
1109 623 1176 678 τὸ
1210 622 1385 689 ἔλεός
1419 639 1536 679 σου
1571 625 1670 679 καὶ
1710 627 1776 679 τὸ
1817 642 1933 679 σω-

2108 624 2276 680 Vens.
2313 626 2367 680 8.
2412 623 2639 680 Ostende
2682 624 2867 691 nobis,
2916 625 3170 693 Domine,
3206 625 3625 682 misericordiam

352 720 557 787 τήριόν
590 733 706 772 σου
728 717 883 785 δῴης
916 716 1080 787 ἡμῖν.
1106 718 1226 770 Ἔτι
1261 717 1357 771 καὶ¹
1388 718 1564 771 ταῦτα
1585 721 1614 772 6
1640 720 1937 790 Προφήτης

349 812 591 882 εὔχεται,
622 810 880 865 ἱκετεύων
914 809 1315 880 καταξιωθῆναι
1342 810 1434 865 καὶ
1458 810 1619 873 αὐτὸς
1642 811 1938 881 ὀφθαλμοῖς

354 903 695 973 παραλαϐεῖν
729 903 797 956 τὰ
825 904 1083 974 μέλλοντα
1116 902 1337 956 ἔσεσθαι
1378 904 1466 957 διὰ
1498 902 1593 957 τοῦ
1630 904 1813 966 ἐλέους
1844 901 1935 955 τοῦ

349 992 511 1057 Θεοῦ,
537 992 572 1046 ἀ
596 992 659 1063 δὴ
680 995 741 1047 ἐν
763 995 875 1057 τοῖς
901 993 1158 1065 ἀνωτέρω
1178 994 1602 1064 προεφητεύετο.
1627 993 1942 1065 Παρακαλεῖ

351 1084 411 1137 δὲ
446 1085 541 1138 καὶ
576 1083 675 1155 τῆς
700 1083 795 1136 ⁴τοῦ
841 1083 1080 1155 Χριστοῦ
1114 1088 1195 1149 εἰς
1232 1084 1554 1157 ἀνθρώπους
1588 1086 1939 1157 ὲπιλὰμψεως

350 1178 575 1248 τυχεῖν,
621 1177 710 1231 διά
764 1176 859 1231 τοῦ
902 1178 1167 1246 φάσκειν’
1211 1179 1321 1233 Καὶ
1356 1180 1422 1234 τὸ
1476 1180 1777 1252 σωτήριόν
1822 1194 1939 1234 σου

351 1268 513 1337 δῴης
540 1268 704 1339 ήμῖν.
733 1269 933 1339 Σαφῶς
963 1270 1019 1323 δὲ
1059 1270 1122 1324 τὸ
1162 1273 1432 1344 σωτήριον
1479 1273 1642 1327 αὑτὸν
1682 1268 1821 1326 εἶναι
1849 1273 1940 1325 τὸν

355 1362 588 1433 Χριστὸν
651 1360 887 1427 ἐδίδαξεν
919 1365 948 1416 6
1004 1362 1230 1434 Συμεὼν
1280 1367 1338 1417 ὲν
1389 1368 1499 1429 τοῖς
1554 1365 1936 1433 Εὐαγγελίοιςο

353 1453 532 1507 λαϐὼν
560 1454 692 1522 γοῦν
730 1454 870 1525 μετὰ
896 1458 1086 1526 χεῖρας
1118 1455 1198 1508 ἔτι
1227 1457 1421 1527 νήπιον
1450 1456 1577 1511 ὄντα
1596 1456 1686 1509 τὸν
1710 1457 1937 1527 Ἰησοῦν,

352 1540 475 1599 εἶπε
495 1563 510 1576 ο
552 1546 683 1600 Νῦν
703 1547 996 1614 ἀπολύεις
1025 1548 1133 1601 τὸν
1181 1548 1410 1602 δοῦλόν
1450 1565 1567 1603 σου
1590 1589 1604 1611 ,
1639 1548 1938 1613 δέσποτα,

354 1636 505 1697 κατὰ
550 1637 659 1691 τὸν
700 1639 889 1710 λόγον
935 1655 1051 1693 σου
1108 1640 1179 1693 ἐν
1217 1638 1447 1708 εἰρήνῃ.
1500 1641 1621 1693 Ὅτι
1680 1638 1845 1694 εἶδον
1887 1644 1941 1695 οἰ

354 1730 652 1799 ὀφθαλμοί
698 1748 818 1799 μου
846 1730 915 1785 τὸ
948 1730 1254 1800 Σωτήριόν
1297 1748 1436 1787 σου.
1484 1732 1656 1786 Τοῦτο
1686 1730 1778 1787 οὖν
1810 1735 1942 1787 αὐτὸ

358 1825 454 1886 καὶ
487 1824 516 1876 6
547 1824 846 1897 Προφήτης
872 1825 1001 1878 ἰδεῖν
1041 1823 1259 1895 εῦχεται
1280 1843 1292 1856 ·
1325 1826 1408 1879 διό
1448 1844 1611 1899 φησιν
1655 1832 1682 1880 ὁ
1712 1828 1901 1898 Σωτήρ
1924 1845 1937 1857 ·

2045 728 2211 783 tuam,
2233 727 2282 772 et
2304 718 2543 772 salutare
2564 727 2712 772 tuum
2735 720 2807 772 da
2838 720 3008 776 nobis.
3045 719 3146 776 Hic
3166 721 3328 775 etiam
3346 719 3625 790 Propheta

2043 812 2319 881 precando
2354 811 2586 877 insistit,
2617 818 2679 865 ut
2715 812 2831 882 ipse
2858 828 3078 883 quoque
3103 812 3305 884 dignus
3334 813 3621 878 habeatur,

2040 905 2132 974 qui
2159 920 2221 958 ea
2269 921 2389 975 quae
2412 921 2511 975 per
2538 904 2975 960 misericordiam
3007 905 3101 961 Dei
3129 914 3425 968 eventura,
3476 919 3624 974 quae-

2041 1011 2148 1064 que
2174 1004 2333 1051 anlea
2359 998 2724 1067 praenuntiata
2750 1007 2900 1062 sunt,
2929 997 3104 1053 oculis
3132 996 3418 1068 percipiat.
3448 994 3626 1067 Rogat

2041 1088 2169 1142 item
2200 1094 2259 1141 ut
2290 1087 2610 1156 splendendi
2661 1087 2808 1145 illius
2860 1086 3065 1143 Christi
3106 1087 3173 1141 ad
3218 1086 3470 1141 homines
3523 1085 3625 1140 ads-

2042 1188 2239 1234 ventus
2269 1180 2385 1251 ipse
2417 1195 2647 1235 consors
2668 1178 2953 1243 elliciatur,
2982 1194 3107 1233 cum
3136 1179 3245 1243 ait,
3277 1177 3348 1232 Et
3387 1178 3625 1232 salutare

2043 1283 2192 1327 tuum
2221 1271 2291 1327 da
2316 1273 2487 1328 nobis.
2524 1272 2776 1328 Salutare
2805 1280 2987 1327 autem
3022 1272 3155 1327 illud
3188 1271 3471 1327 Christum
3499 1285 3627 1327 esse

2043 1369 2190 1423 clare
2220 1368 2379 1424 docet
2410 1369 2464 1422 in
2493 1367 2805 1439 Evangeliis
2830 1365 3054 1422 Simeon
3083 1386 3095 1420 :
3128 1366 3245 1435 qui,
3277 1364 3408 1421 Jesu
3444 1365 3626 1420 adhuc

2044 1463 2253 1518 infante
2283 1464 2339 1516 in
2372 1463 2519 1517 ulnis
2554 1469 2803 1532 accepto,
2834 1459 2971 1515 dixit
3002 1479 3014 1514 :
3057 1458 3214 1513 Nunc
3246 1457 3471 1513 dimittis
3511 1474 3625 1511 ser-

2043 1573 2163 1609 vum
2225 1566 2414 1619 tuum,
2469 1555 2728 1618 Domine,
2778 1552 3066 1608 secundum
3116 1552 3327 1607 verbum
3359 1561 3508 1605 tuum
3567 1550 3626 1603 in

2041 1665 2187 1717 pace.
2221 1648 2361 1715 Quia
2398 1648 2639 1702 viderunt
2682 1646 2824 1701 oculi
2883 1646 2982 1699 mei
3040 1644 3276 1698 salutare
3336 1652 3487 1696 tuum
3551 1641 3622 1697 δί’.

2044 1740 2281 1810 ldipsum
2331 1737 2520 1792 videre
2558 1745 2813 1807 peroptat
2843 1735 3119 1806 Propheta
3151 1754 3164 1789 :
3218 1734 3342 1789 ideo
3373 1730 3626 1788 Salvator

2043 1833 2139 1893 ait,
2169 1831 2330 1884 Multi
2360 1830 2625 1900 prophetae
2651 1838 2701 1883 et
2720 1829 2858 1899 justi
2887 1812 3161 1882 voluerunt
3191 1827 3362 1880 videre
3389 1842 3506 1895 qua:
3534 1841 3625 1879 vos

358 1916 580 1978 Πολλοί
614 1916 913 1985 προφῆται
948 1917 1047 1971 καὶ
1069 1917 1285 1972 δίκαιοι
1314 1919 1702 1988 ἐπεθύμησαν
1722 1919 1873 1973 ἰδεῖν
1902 1919 1940 1973 ἃ

2050 1922 2251 1986 videtis,
2282 1930 2331 1975 et
2362 1938 2465 1975 non
2490 1919 2728 1974 viderunt
2759 1920 2826 1973 '“.
2852 1949 2919 1957 —
2943 1916 3109 1971 Vens.
3144 1917 3198 1969 9.
3237 1915 3467 1969 Audiam
3497 1914 3625 1985 quid

357 2009 529 2079 ὑμεῖς
555 1979 846 2076 βλέπετε,
879 2010 976 2064 καὶ
1005 2012 1116 2065 οὐκ
1152 2006 1336 2065 εἶδον.
1373 1979 1725 2080 Ἀκονύσομαι
1755 2012 1813 2064 τί
1833 2015 1940 2065 λα-

2050 2015 2286 2085 tequetur
2327 2016 2384 2066 in
2418 2030 2498 2066 me
2553 2012 2811 2065 Dominus
2857 2010 3037 2074 Deus,
3082 2010 3331 2080 quoniam
3384 2009 3625 2079 loquetur

354 2100 536 2169 λήσει
554 2102 624 2156 ἐν
643 2102 774 2172 ἐμοὶ
801 2103 1017 2170 Κύριος
1038 2106 1070 2157 ὁ
1102 2102 1266 2168 Θεὸς,
1292 2103 1381 2156 ὅτι
1402 2103 1661 2171 λαλήσει
1689 2102 1940 2171 εἰρήνην

2050 2124 2221 2161 pacem
2252 2108 2305 2161 in
2332 2107 2530 2176 plebem
2550 2122 2727 2171 suam,
2750 2114 2798 2158 et
2842 2106 2897 2158 in
2947 2113 3159 2157 sanctos
3190 2120 3312 2156 suos
3344 2110 3394 2156 et
3447 2103 3502 2155 in
3535 2118 3623 2155 eos

352 2194 454 2251 ἐπὶ
490 2192 599 2248 τὸν
619 2193 774 2249 λαὸν
798 2194 1005 2260 αὑτοῦ,
1048 2195 1147 2248 καί
1175 2196 1273 2249 ἐπὶ
1308 2198 1451 2263 τοὺς
1495 2198 1708 2263 ὁσίους
1729 2195 1937 2260 αὐτοῦ,

356 2288 455 2341 κ(ιί
495 2289 595 2343 ἐπὶ
630 2288 771 2355 τοὺς
804 2289 1278 2357 ἐπιστρέφοντας
1321 2290 1598 2359 καρδίαν.
1626 2290 1941 2363 Εὐξάμενος

352 2382 383 2433 6
406 2376 715 2451 Προφήτης,
744 2382 809 2450 τῇ
836 2382 1014 2450 σιωπῇ
1044 2380 1236 2433 ἑαυτὸν
1258 2381 1616 2453 παραδίδωσι,
1641 2383 1939 2446 πιστεύσας

357 2471 887 2543 ἐπακουσθήσεσθαι.
905 2468 1039 2524 Εἶτα
1070 2473 1447 2543 προσδοκήσας
1478 2474 1826 2546 ἀποκρίσεως
1849 2492 1941 2528 τυ-

356 2567 473 2643 χεῖν
520 2582 683 2635 φησιν
731 2565 893 2627 αὐτὸς
935 2564 1071 2635 πρὸς
1117 2566 1307 2619 αὐτόν’
1346 2564 1428 2618 Τά
1488 2566 1585 2637 μὲν
1628 2567 1728 2638 τῆς
1774 2566 1941 2638 εύχῆς

358 2674 451 2727 μοι
477 2655 701 2708 τοιαῦτα
738 2656 927 2725 γέγονε
946 2674 959 2686 ·
988 2656 1179 2728 καιρὸς
1205 2656 1262 2709 δὲ
1294 2656 1479 2711 λοιπὸν
1509 2658 1813 2713 ἐπακοῦσαι
1845 2657 1940 2712 τοῦ

356 2746 516 2813 ἀγίου
542 2745 887 2816 Πνεύματος,
929 2747 1021 2801 καὶ
1077 2746 1266 2817 μαθεῖν
1305 2748 1436 2820 παρ’
1464 2749 1630 2802 αὐτοῦ
1662 2750 1713 2803 τί
1756 2751 1942 2821 μέλλοι

360 2835 636 2899 θεσπίζειν
669 2838 918 2909 περὶτῆς
945 2839 1170 2910 εἰρήνης
1193 2838 1286 2891 τοῦ
1307 2840 1437 2893 λαοῦ
1465 2840 1651 2907 αὐτοῦ,
1691 2844 1785 2895 καὶ
1816 2844 1943 2915 περὶ

358 2930 467 2982 τῶν
510 2929 811 3001 μελλόντων
843 2930 933 2989 διὰ
959 2931 1053 2989 τοῦ
1094 2933 1331 3005 Χριστοῦ
1367 2933 1532 2987 αὐτοῦ
1570 2935 1938 3006 ἐπιστρέφειν.

360 3018 495 3076 Εἶτα
525 3022 696 3095 βραχύ
722 3024 1160 3094 τιὲφησυχάσας,
1187 3023 1491 3096 πληροῦται
1511 3025 1605 3079 τοῦ
1627 3026 1944 3097 Πνεύματος

360 3115 454 3167 τοῦ
488 3115 654 3179 θείου,
711 3115 807 3170 καὶ
854 3116 1187 3188 προφητεύει
1234 3117 1363 3187 ἑξῆς
1413 3111 1517 3171 ὧδέ
1564 3136 1681 3182 πως
1738 3118 1941 3188 λέγωνδ

360 3203 534 3272 Πλὴν
555 3205 736 3276 ἐγγὺς
755 3205 874 3259 τῶν
894 3204 1281 3275 φοϐουμένων
1313 3206 1502 3261 αὐτὸν
1546 3208 1613 3261 τὸ
1645 3207 1946 3277 σωτήριον

2041 2203 2131 2272 qui
2158 2198 2731 2269 convertuntur_corde.
2761 2196 3056 2266 Postquam
3087 2204 3342 2267 precatus
3378 2202 3463 2249 est
3490 2195 3626 2247 Pro-

2043 2295 2239 2365 pheta,
2295 2303 2480 2347 certus
2530 2309 2588 2347 se
2642 2290 3043 2345 exaudiendum
3093 2305 3249 2353 esse,
3306 2288 3525 2343 silentio
3564 2302 3625 2342 se

2043 2386 2233 2441 tradit.
2272 2384 2413 2439 Hinc
2442 2385 2571 2438 dum
2603 2383 3019 2453 responsionem
3050 2387 3353 2451 exspectat,
3394 2394 3515 2435 sese
3541 2380 3622 2434 sic

2044 2477 2344 2548 alloquitur
2376 2495 2389 2531 :
2425 2474 2572 2530 Talis
2626 2473 2729 2528 fuit
2786 2475 3028 2545 precatio
3078 2487 3231 2539 mea;
3265 2472 3375 2541 jam
3410 2481 3624 2540 tempus

2044 2574 2129 2625 est
2159 2578 2220 2622 ut
2253 2566 2518 2639 Spiritum
2574 2574 2827 2622 sanctum
2860 2565 3114 2630 audiam,
3164 2572 3219 2620 et
3261 2564 3330 2618 ab
3380 2564 3474 2618 illo
3511 2562 3627 2618 edi-

2045 2676 2218 2728 scam,
2253 2659 2384 2730 quid
2418 2659 2486 2714 de
2513 2673 2648 2729 pace
2695 2658 2878 2728 populi
2929 2658 3013 2712 sui
3075 2666 3129 2711 et
3183 2656 3250 2710 de
3282 2655 3350 2711 iis
3378 2656 3471 2725 qui
3529 2670 3627 2725 per

2044 2754 2326 2810 Christum
2385 2768 2547 2809 suum
2604 2751 2956 2807 convertendi
3010 2756 3170 2813 sunt,
3228 2749 3626 2803 vaticinaturus

2047 2845 2139 2901 sit.
2181 2844 2387 2901 Deinde
2436 2859 2566 2899 vero
2617 2853 2906 2913 postquam
2972 2841 3194 2910 paulum
3264 2838 3511 2896 substitit
3571 2846 3626 2894 et

2045 2936 2273 3008 quievit,
2340 2934 2549 3006 Spiritu
2605 2934 2791 2988 divino
2866 2932 3137 3002 repletur;
3220 2941 3274 2985 et
3348 2930 3453 2985 sub
3511 2928 3628 2983 haec

2046 3030 2388 3102 prophetiam
2434 3029 2545 3084 edit
2587 3027 2672 3082 his
2705 3026 2926 3083 verbis:
2964 3056 3030 3065 ——
3065 3023 3230 3079 Vens.
3280 3022 3367 3078 i0.
3406 3022 3628 3077 Verum—

2051 3133 2225 3177 tamen
2257 3137 2415 3190 prope
2446 3121 2684 3174 timentes
2717 3135 2836 3173 eum
2871 3118 3108 3173 salutare
3126 3117 3315 3186 ipsius,
3341 3124 3399 3169 ut
3419 3114 3630 3169 inhabi-

2052 3224 2123 3270 tet
2148 3216 2321 3287 gloria
2365 3215 2421 3268 in
2454 3223 2594 3268 terra
2646 3221 2849 3267 nostra.
2884 3210 2983 3267 His
3011 3217 3190 3266 autem
3218 3209 3460 3265 declarat
3486 3207 3631 3277 jam-

358 3298 569 3362 αὑτοῦ,
605 3297 712 3352 τοῦ
745 3297 1213 3373 κατασκηνῶσαι
1243 3297 1430 3361 δόξαν
1451 3299 1521 3351 ἐν
1550 3296 1627 3366 τῇ
1647 3297 1724 3368 γῇ
1754 3298 1943 3368 ήμῶνο

2050 3308 2159 3377 iam
2190 3306 2551 3362 adventurum
2590 3304 2908 3371 hominibus
2955 3318 3079 3359 esse
3128 3301 3371 3357 salutare
3414 3298 3532 3362 Dei,
3560 3298 3631 3353 de

364 3387 671 3462 ἰέαρίστησι
705 3390 761 3444 δὲ
789 3389 877 3443 διά
902 3390 1131 3455 τούτων,
1160 3390 1284 3443 ὅσον
1317 3390 1530 3445 οὐδέπω
1567 3390 1781 3461 μέλλειν
1828 3393 1947 3444 ἐπι-

364 3474 658 3553 στήσεσθαι
684 3480 993 3554 ἀνθρώποις
1021 3481 1083 3534 τὸ
1114 3482 1381 3552 σωτήριον
1405 3480 1498 3533 τοῦ
1538 3480 1694 3544 Θεοῦ,
1718 3482 1849 3553 περὶ
1884 3474 1946 3533 οὗ

363 3575 622 3648 ἀνωτέρω
674 3572 877 3646 ηὔξατο
909 3572 1105 3636 εἰπών·
1157 3571 1363 3637 Δεῖξον
1412 3571 1590 3641 ήμῖν,
1625 3572 1829 3639 Κύριε,
1879 3571 1947 3624 τὸ

362 3667 534 3732 ἔλεός
564 3682 700 3731 σου,
724 3664 825 3719 καὶ
850 3665 916 3718 τὸ
946 3662 1243 3732 σωτήριόν
1273 3678 1389 3717 σου
1414 3660 1574 3731 δῴης
1609 3663 1772 3733 ἡμῖν.
1808 3662 1949 3715 Αὐτὸ

362 3759 427 3830 δὴ
462 3754 555 3812 οῦν
590 3757 750 3811 τοῦτό
786 3776 918 3830 φησι
954 3758 1016 3811 τὸ
1054 3758 1330 3835 Σωτήριον
1358 3752 1594 3825 ¹ἔγγιστα
1640 3755 1946 3826 τυγχάνειν,

362 3850 459 3902 καὶ
507 3849 734 3921 πλησίον
771 3846 874 3920 ήδη
900 3848 995 3901 καὶ
1032 3848 1199 3917 ἐγγὺς
1241 3846 1351 3900 τῶν
1392 3845 1741 3917 φοϐουμένων
1788 3846 1949 3900 αὐτὸν

366 3938 528 4010 εἶναι,
554 3942 726 3996 αἴτιον
769 3942 1012 4013 ὑπάρχον
1048 3939 1144 3994 τοῦ
1193 3939 1619 4011 κατασκηνῶσαι
1656 3936 1811 4002 δόξαν
1857 3938 1951 3991 καὶ

367 4036 703 4107 σκηνώματα
760 4035 1024 4106 συστῆσαι
1054 4035 1112 4088 ὲν
1142 4037 1208 4108 τῇ
1241 4035 1314 4106 γῇ
1358 4032 1534 4104 ἡμῶν.
1572 4030 1734 4095 Ἕθος
1779 4030 1837 4084 δὲ
1882 4032 1949 4102 τῇ

367 4128 490 4201 θείᾳ
528 4128 719 4200 Γραφῇ
751 4128 844 4182 τὸν
889 4127 1124 4199 Χριστὸν
1155 4126 1249 4179 τοῦ
1283 4108 1418 4178 Θεοῦ
1457 4126 1725 4196 σωτήριον
1750 4123 1950 4195 όνομά-

368 4220 503 4287 ζειν,
538 4220 798 4284 πολλάκις
846 4221 936 4273 διὰ
967 4220 1177 4274 πολλῶν
1226 4218 1610 4293 ἀπεδείξαμεν.
1643 4219 1708 4271 Ὃ
1752 4217 1818 4287 δὴ
1860 4217 1954 4269 καὶ

367 4312 463 4365 νῦν
501 4311 774 4376 θεσπίζων
816 4314 844 4365 6
894 4311 1074 4381 λόγος,
1114 4313 1352 4386 παρίστη
1386 4310 1653 4365 διδάσκων
1692 4309 1813 4362 ἀντὶ
1854 4306 1953 4377 τῆς

369 4404 638 4476 προτέρας
667 4404 893 4475 ἀτιμίας
916 4407 1013 4473 τῆς
1045 4404 1186 4469 κατὰ
1210 4403 1306 4477 τὴν
1337 4400 1781 4473 εἰδωλολατρείαν
1821 4400 1955 4452 ὑπο-

371 4484 577 4567 στάσης
622 4499 681 4550 ὲν
713 4500 777 4568 τῇ
809 4499 878 4568 γῇ
916 4496 1072 4562 δόξαν
1096 4499 1153 4550 ὲν
1194 4496 1331 4566 αὑτῇ
1363 4492 1829 4565 κατασκηνώσειν,
1858 4491 1955 4544 καὶ

371 4590 708 4663 σκηνώματα
745 4588 1023 4660 πανταχοῦ
1083 4589 1184 4660 γῆς
1234 4586 1617 4660 ἱδρυθήσεσθαι
1663 4585 1821 4656 δόξης
1854 4584 1954 4653 τῆς

2050 3416 2160 3471 quo
2201 3398 2455 3469 superius
2479 3397 2596 3451 haec
2624 3397 2953 3466 precabatur
2985 3412 2998 3446 :
3035 3392 3263 3450 Ostende
3303 3392 3474 3458 nobis,
3512 3390 3626 3443 Do-

2050 3492 2209 3554 mine,
2247 3487 2667 3545 misericordiam
2696 3497 2865 3552 tuam,
2895 3497 2944 3541 et
2979 3485 3215 3541 salutare
3248 3493 3395 3538 tuum
3425 3482 3496 3535 da
3536 3499 3632 3536 no-

2051 3583 2151 3638 bis.
2170 3583 2284 3638 Hoc
2302 3584 2478 3654 ipsum
2505 3575 2870 3650 salutare'jam
2891 3578 3199 3649 proximum
3247 3590 3370 3631 esse
3392 3574 3634 3629 declarat

2051 3691 2115 3730 ac
2146 3676 2384 3731 vicinum
2412 3675 2730 3730 timentibus
2764 3687 2887 3728 eum
2908 3712 2923 3736 ,
2966 3672 3257 3742 ipsumque
3289 3683 3475 3723 veram
3509 3682 3632 3723 esse

2050 3781 2274 3822 causam
2308 3781 2409 3821 cur
2459 3765 2630 3837 gloria
2677 3762 2945 3819 inhabitet
2990 3768 3044 3815 et
3082 3759 3435 3815 tabernacula
3461 3763 3632 3827 ponat

2053 3861 2110 3914 in
2150 3866 2297 3915 terra
2319 3866 2528 3914 nostra.
2566 3856 2623 3912 ld
2650 3864 2833 3911 autem
2860 3853 3031 3909 moris
3056 3867 3180 3907 esse
3226 3850 3522 3921 Scriptum
3554 3848 3634 3903 di-

2052 3953 2211 4018 vinae,
2242 3959 2304 4006 ut
2331 3951 2609 4005 Christum
2636 3948 2731 4004 Dei
2779 3948 3021 4003 salutare
3060 3954 3360 4014 nuncupet,
3389 3958 3533 4013 saepe
3577 3950 3633 3997 et

2052 4046 2303 4116 pluribus
2329 4042 2830 4114 comprobavimus.
2864 4038 3022 4106 Quod
3063 4054 3195 4093 sane
3246 4037 3349 4091 hoc
3397 4036 3452 4090 in
3492 4035 3632 4089 vati—

2053 4134 2200 4189 cinio
2244 4133 2576 4195 declaratur,
2609 4130 2820 4185 scilicet
2840 4128 2963 4182 loco
2993 4125 3194 4196 prioris
3225 4123 3482 4185 infamim,
3513 4135 3635 4192 quae

2054 4225 2377 4282 idololatriae
2422 4236 2669 4293 tempore
2714 4222 2771 4275 in
2816 4227 2963 4274 terra
3011 4215 3353 4279 versabatur,
3406 4212 3636 4283 gloriam

2054 4317 2255 4372 ibidem
2291 4302 2682 4376 habitaturam,
2707 4317 2761 4366 et
2789 4308 3142 4364 tabernacula
3170 4307 3358 4377 gloriae
3399 4304 3512 4359 Deo
3537 4319 3637 4374 per

2056 4408 2426 4480 evangelicam
2453 4405 2760 4461 doctrinam
2792 4402 3115 4464 referendae,
3140 4400 3343 4469 ubique
3366 4406 3635 4452 terrarum

2060 4502 2270 4573 ﬁgenda
2317 4517 2461 4557 esse.
2519 4497 2833 4553 Secundum
2881 4496 2999 4550 haec
3046 4494 3271 4548 modum
3318 4491 3491 4560 aperit
3527 4504 3637 4558 quo

2061 4594 2329 4664 promissa
2351 4590 2674 4661 complenda
2711 4594 2862 4653 sunt,
2887 4586 2974 4642 his
3001 4583 3183 4639 verbis
3211 4602 3223 4636 :
3250 4611 3321 4623 ——
3344 4579 3512 4633 Vens.
3544 4577 3634 4631 H.

368 4684 447 4754 τῷ
485 4682 605 4755 Θεῷ
636 4683 725 4739 δ,ιά
760 4684 860 4754 τῆς
900 4682 1259 4751 εὐαγγελικῆς
1296 4679 1640 4741 διδασκαλίας
1687 4675 1947 4746 ἀνατεθη-

2058 4686 2429 4742 Misericordia
2465 4694 2513 4739 et
2558 4683 2749 4737 veritas
2786 4680 3122 4734 obviarerunt
3169 4674 3293 4740 sibi,
3344 4668 3560 4741 justitia
3587 4678 3636 4723 et

372 4776 631 4847 σομένης.
689 4770 825 4828 Εἷτα
874 4774 1085 4838 τούτοις
1144 4773 1272 4843 ἑξῆς
1320 4773 1411 4825 τὸν
1458 4772 1685 4847 τρόπον,
1727 4767 1850 4829 καθ’
1896 4767 1955 4823 ὃν

371 4868 595 4940 ἔμελλεν
642 4865 1209 4939 ἀποπληρωθήσεσθαι
1260 4863 1330 4917 τά
1370 4862 1790 4937 ἐπηγγελμένα,
1838 4862 1955 4915 δια-

373 4964 535 5030 σαφεῖ
578 4960 788 5029 λέγων·
828 4961 1037 5024 Ἔλεος
1082 4957 1181 5011 καὶ
1240 4956 1492 5023 ἀλήθεια
1532 4953 1953 5021 συνήντησαν,

373 5053 730 5121 δικαιοσύνη
778 5053 878 5106 καὶ
905 5051 1115 5120 εἰρήνη
1159 5048 1595 5118 κατεφίλησαν.
1630 5047 1735 5100 Δύο
1765 5046 1829 5117 δὴ
1867 5045 1957 5101 διὰ

372 5144 576 5200 τούτων
606 5144 864 5213 συζυγίας
895 5143 1345 5215 φησὶν-ἀλλήλαις
1371 5139 1790 5213 συνηντηκέναι,
1824 5132 1898 5192 ὧν
1923 5141 1957 5210 ἡ

374 5236 568 5309 πρώτη
596 5238 779 5301 ἐλέους
810 5233 878 5309 ἦν
909 5236 1005 5291 καὶ
1035 5235 1314 5307 ἀληθείας,
1345 5236 1380 5308 ή
1407 5234 1462 5287 δὲ
1496 5232 1725 5305 δευτέρα
1755 5232 1959 5286 δικαιο-

374 5328 541 5400 σύνης
583 5331 678 5383 καὶ
721 5331 965 5400 εἰρήνης.
1002 5329 1347 5397 Συνήντησαν
1381 5326 1655 5397 ἀλλήλαις,
1680 5324 1834 5397 φησὶ,
1866 5323 1959 5378 καὶ

378 5420 626 5491 φιλικοὺς
677 5422 1003 5492 ἀσπασμοὺς
1031 5420 1438 5474 ἀποδεδώκασι·
1488 5417 1857 5489 κατεφίλησάν
1898 5432 1958 5468 τε

377 5512 513 5584 ὁμοῦ
535 5513 635 5584 τὴν
669 5514 1016 5586 δικαιοσύνην
1038 5513 1133 5566 καὶ
1163 5512 1262 5585 τὴν
1297 5513 1521 5584 εἰρήνην
1549 5514 1583 5581 ὴ
1611 5509 1839 5581 ἀλήθεια
1866 5508 1963 5573 καὶ

378 5602 441 5656 τὺ
467 5602 633 5667 ἔλεος.
674 5596 843 5658 Πόθεν
871 5605 931 5658 δὲ
954 5603 1288 5675 ἀφικόμεναι
1313 5601 1570 5673 ἀλλήλαις
1600 5601 1960 5673 συνήντησαν,

383 5696 545 5751 πάλιν
573 5697 779 5761 ὑποϐὰς
809 5697 1050 5751 διδάσκει
1070 5697 1273 5766 λέγων·
1317 5694 1585 5763 Ἀλήθεια
1618 5694 1689 5748 ἐκ
1714 5692 1826 5764 τῆς
1852 5693 1965 5765 γῆς

382 5789 671 5855 ἀνέτειλε,
698 5790 796 5844 καί
835 5790 1188 5859 δικαιοσύνη
1231 5790 1299 5843 ἐκ
1332 5788 1438 5843 τοῦ
1480 5788 1740 5856 οὐρανοῦ
1767 5787 1964 5844 διέκυ-

452 5973 497 6002 δη
539 5970 668 6027 Luc,
708 5988 783 6038 ιι,
821 5972 1023 6039 29,50.
1101 5973 1140 6005 δι
1188 5968 1379 6027 Matth.
1416 5985 1547 6037 xm,
1584 5968 1672 6024 17.

2056 4796 2163 4850 pax
2196 4778 2449 4835 osculata:
2492 4786 2635 4830 sunt.
2686 4773 2783 4828 His
2831 4787 2998 4843 porro
3032 4770 3188 4824 binas
3221 4763 3638 4835 conjugationes

2057 4870 2332 4925 coaluisse
2362 4868 2541 4933 docet,
2574 4880 2805 4935 quarum
2840 4863 3017 4932 prima
3050 4866 3135 4914 est
3168 4853 3560 4912 misericordiae
3583 4858 3639 4905 et

2057 4963 2337 5027 veritatis;
2372 4960 2615 5017 secunda
2640 4974 2789 5022 vero,
2817 4955 3046 5027 iustitiae
3074 4961 3129 5009 et
3171 4948 3346 5022 pacis.
3370 4947 3639 5004 Occurre-

2058 5061 2210 5121 runt,
2248 5053 2447 5122 inquit,
2491 5058 2705 5115 mutuo,
2742 5048 3060 5117 amicasque
3103 5042 3464 5099 salutationes
3506 5054 3639 5094 con—

2059 5147 2305 5202 tulerunt
2352 5164 2366 5201 :
2407 5145 2597 5199 oscula
2634 5142 2904 5199 dederunt
2942 5139 3107 5197 simul
3155 5136 3384 5209 iustitiae
3421 5140 3476 5189 et
3517 5131 3639 5204 paci

2061 5235 2266 5293 veritas
2292 5242 2346 5290 et
2376 5233 2772 5290 misericordia.
2802 5231 2963 5287 Unde
3001 5245 3130 5285 vero
3162 5227 3419 5299 proiectae
3447 5231 3639 5278 mutuo

2062 5328 2431 5394 occurrerint,
2483 5327 2784 5384 secundum
2835 5328 2950 5379 haec
2992 5322 3236 5378 declarat
3282 5318 3368 5374 his
3407 5316 3636 5374 verbis:

2063 5454 2133 5463 —
2154 5421 2321 5477 Vens.
2356 5423 2445 5476 12.
2490 5420 2696 5474 Veritas
2726 5418 2789 5472 de
2818 5427 2957 5471 terra
2982 5424 3101 5470 orta
3128 5421 3226 5478 est,
3259 5421 3308 5466 et
3329 5411 3549 5481 justitia
3577 5408 3642 5464 de

2066 5515 2191 5572 caelo
2213 5515 2503 5585 prospexit.
2523 5512 2722 5582 Utpote
2744 5511 2907 5582 igitur
2928 5524 2996 5564 ex
3016 5521 3213 5578 magna
3233 5501 3644 5573 intercapedine

2066 5616 2259 5665 mutuo
2290 5614 2703 5668 concurrentes,
2742 5618 2863 5659 sese
2900 5601 3136 5656 invicem
3174 5599 3437 5668 amplexae
3467 5602 3521 5651 et
3553 5611 3645 5651 os-

2067 5701 2264 5757 culata:
2293 5706 2443 5764 sunt,
2478 5697 2608 5752 hinc
2647 5695 2867 5765 justitia
2895 5709 3017 5764 quae
3059 5692 3127 5747 de
3170 5691 3312 5747 coelo
3349 5690 3405 5744 in
3439 5696 3644 5744 terram

2066 5793 2371 5866 prospexit,
2414 5790 2539 5847 inde
2578 5789 2783 5846 veritas
2829 5802 2951 5860 quze
2996 5784 3064 5841 de
3110 5784 3221 5841 imo
3248 5783 3364 5840 sive
3398 5781 3465 5838 de
3499 5788 3646 5836 terra
