4078 6432
400 435 543 493 1023

1111 431 1388 491 EUSEBII
1426 428 1903 488 CESARlENSlS
1939 427 2092 486 OPP.
2133 425 2315 482 PARS
2352 425 2440 481 ill.
2481 455 2550 467 -—
2590 423 3000 481 EXEGETICA.

3536 425 3690 481 1024

398 566 524 614 orta
551 562 657 612 est.
697 549 797 611 His
827 559 1232 624 consequenter
1261 551 1588 621 adjiciemus
1611 559 1665 606 et
1698 549 1995 620 subjunge-

2102 551 2238 617 ψεν-
2281 547 2370 610 Ὠς
2401 548 2466 599 ὲκ
2507 545 2720 616 μακροῦ
2760 542 3051 613 τοιγαροῦν
3086 543 3457 614 διαστήματος
3490 559 3697 597 συντυ-

398 663 524 702 mus
554 660 618 701 ea
654 659 780 715 quae
809 644 864 698 in
896 643 1170 714 principio
1202 642 1399 712 psalmi
1422 643 1603 712 posita
1645 647 1798 704 sunt,
1829 647 1883 695 et
1913 639 1995 694 sic

403 737 610 793 habent
637 735 1020 801 :Benedixisti,
1053 734 1302 800 Domine,
1329 743 1527 788 terram
1558 743 1723 801 tuam,
1756 731 1996 786 avertisti

399 830 766 900 captivitatem
793 826 984 882 Iacob.
1017 826 1290 881 Remisisti
1321 826 1651 896 iniquitatem
1676 823 1841 892 plebis
1867 832 1992 887 tute,

404 923 661 992 aperuisti
693 922 874 975 omnia
917 929 1134 990 peccata
1164 935 1368 976 eorum.
1415 917 1541 972 Haec
1565 917 1770 987 quippe
1809 913 1995 969 omnia

395 1023 513 1072 tum
549 1013 732 1067 futura
766 1013 1294 1082 praenuntiabantur,
1336 1024 1463 1063 cum
1517 1008 1761 1064 salutare
1791 1003 1888 1059 Dei
1931 1004 1990 1059 in

397 1115 548 1160 terra
573 1105 752 1159 visum
777 1111 945 1158 esset.
982 1101 1265 1172 Siquidem
1285 1115 1395 1157 una
1425 1113 1552 1154 cum
1591 1098 1820 1152 salutari
1845 1096 1989 1152 veri-

401 1206 490 1252 tas
526 1197 595 1252 de
627 1205 772 1251 terra
801 1203 941 1261 orta,
974 1211 1038 1250 ac
1066 1195 1286 1264 justitia
1322 1207 1443 1263 quae
1474 1191 1544 1245 de
1585 1190 1728 1244 caelo
1775 1187 1994 1259 prospi-

398 1289 553 1345 ciens
605 1289 706 1358 ipsi
753 1287 1024 1350 occurrit,
1080 1284 1176 1340 Dei
1229 1284 1466 1356 gratiam
1513 1298 1582 1338 ex
1628 1297 1786 1352 aequo
1815 1295 1994 1350 exque

399 1394 660 1450 suprema
716 1379 856 1449 justi
905 1378 1121 1432 ratione
1166 1377 1224 1432 in
1276 1391 1469 1430 omnes
1519 1373 1770 1429 homines
1818 1370 1994 1427 eﬂun-

405 1473 511 1528 dit.

2093 639 2286 710 χοῦσαι
2326 635 2616 708 ἀλλήλαις,
2661 634 3093 707 περιεπτύξαντο
3135 634 3230 688 καὶ
3280 633 3692 704 κατεφίλησαν·

2093 728 2301 782 ἀνωθεν
2333 728 2433 798 μὲν
2457 727 2515 791 ἐξ
2544 727 2776 798 οὐρανοῦ
2801 726 3109 796 διακύψασα
3142 726 3234 779 ἐπὶ
3261 727 3361 797 τὴν
3402 725 3508 793 γῆν
3541 727 3576 795 ή
3604 724 3699 776 δι-

2094 819 2379 888 καιοσύνη,
2433 817 2681 871 κάτωθεν
2728 817 2786 870 δὲ
2833 817 2944 870 ἀπὸ
2984 816 3087 886 τῆς
3135 816 3242 886 γῆς
3292 814 3696 883 ἀνατείλασαή

2095 910 2342 982 ἀλήθεια.
2369 909 2592 974 Τούτοις
2630 909 2938 974 ἀκολούθως
2968 908 3095 979 ἑξῆς
3129 905 3565 978 παραθησόμεθα
3593 906 3700 958 καὶ

2098 1003 2411 1073 συνάψομεν
2439 1003 2508 1056 τὰ
2555 1001 2750 1073 πρῶτα
2783 999 2876 1054 τοῦ
2914 998 3134 1070 ψαλμοῦ
3155 1040 3169 1062 ,
3201 1001 3260 1052 ὲν
3304 992 3385 1061 οἷς
3429 995 3658 1063 ἐλέγετο
3678 1012 3693 1024 ’

2095 1097 2474 1165 Εὑδόκησας,
2500 1098 2696 1165 Κύριε,
2722 1093 2837 1163 τὴν
2857 1093 2977 1164 γῆν
2996 1108 3134 1157 σου,
3155 1090 3545 1159 ἀπέστρεψας
3575 1088 3700 1156 τὴν

2096 1190 2517 1259 αἰχμαλωσίαν
2570 1186 2785 1249 Ἰακώϐ.
2837 1184 3095 1255 Ἇφῆκας
3140 1182 3255 1252 τὴν
3284 1182 3543 1251 ἀνομίαν
3583 1180 3700 1234 τοῦ

2097 1280 2250 1335 λαοῦ
2278 1296 2415 1342 σου,
2436 1278 2750 1345 ἐκάλυψας
2784 1276 2987 1342 πάσας
3008 1275 3114 1342 τὰς
3140 1273 3429 1342 ἁμαρτίας
3465 1271 3694 1325 αὐτῶν.

2097 1371 2284 1425 Ταῦτα
2309 1370 2420 1442 γάρ
2450 1370 2628 1424 πάντα
2653 1369 2865 1441 μέλλειν
2898 1366 3118 1420 ἔσεσθαι
3149 1364 3578 1437 προεφητεύετο,
3597 1361 3697 1414 τοῦ

2107 1462 2377 1533 σωτηρίου
2411 1462 2503 1515 τοῦ
2545 1461 2681 1514 Θεοῦ
2707 1461 2799 1513 ἐπὶ
2831 1459 2936 1530 γῆς
2997 1456 3273 1526 ὀφθέντος.
3311 1455 3460 1508 Ἐπεὶ
3485 1455 3584 1506 σὺν
3615 1453 3700 1523 τῷ

399 1561 663 1633 Σωτηρίῳ
710 1560 938 1631 ἀλήθεια
969 1561 1034 1612 ὲκ
1066 1559 1165 1628 τῆς
1195 1558 1300 1628 γῆς
1334 1556 1684 1618 ἀνατείλασα,
1725 1555 1902 1628 ταύτῃ
1969 1571 2030 1607 τε
2073 1555 2456 1626 συναντήσασα
2494 1555 2528 1625 ή
2579 1556 2644 1606 ὲκ
2689 1552 2782 1605 τοῦ
2824 1548 3056 1620 οὐρανοῦ
3125 1546 3435 1616 διακύψασα
3483 1546 3698 1599 δικαιο-

402 1655 536 1726 σύνη
559 1694 574 1719 ,
611 1657 690 1718 είς
740 1655 950 1717 πάντας
983 1651 1306 1723 ἀνθρώπους
1351 1649 1412 1714 ὲξ
1457 1650 1573 1702 ἴσου
1611 1651 1708 1702 καὶ
1755 1649 1898 1702 κατὰ
1931 1648 1992 1702 τὸ
2030 1648 2372 1702 δικαιότατον
2397 1648 2497 1718 τὴν
2526 1647 2619 1704 τοῦ
2645 1646 2780 1699 Θεοῦ
2808 1646 2966 1717 χάριν
2995 1643 3296 1716 ὲξήπλωσε.

478 1771 577 1827 His
615 1786 783 1842 porro
833 1771 1054 1827 divinus
1114 1769 1328 1823 Domini
1365 1777 1418 1824 et
1454 1767 1768 1825 Servatoris
1818 1769 1992 1826 nostri

2173 1769 2369 1839 Σαφῶς
2402 1769 2459 1822 δὲ
2488 1767 2576 1821 διὰ
2614 1767 2818 1822 τούτων
2846 1769 2878 1838 ἡ
2911 1766 3199 1834 Θεοφάνεια
3220 1763 3312 1818 τοῦ
3344 1763 3550 1836 Κυρίου
3597 1766 3698 1818 καὶ

397 1861 529 1919 Jesu
562 1863 774 1918 Christi
840 1863 1107 1918 adventus
1148 1861 1438 1933 perspicue
1493 1862 1854 1927 enuntiatur;
1902 1875 1998 1930 per

2102 1865 2350 1936 Σωτῆρος
2397 1863 2556 1934 ήμῶν
2599 1861 2773 1933 Ἰησοῦ
2826 1860 3062 1931 Χριστοῦ
3115 1858 3472 1930 παρίσταται·
3535 1858 3604 1911 δι’
3631 1854 3692 1911 οὗ

403 1971 568 2026 quem
615 1956 790 2009 solum
828 1954 1031 2010 veritas
1079 1953 1148 2008 de
1194 1961 1338 2007 terra
1379 1959 1500 2005 orta
1533 1961 1617 2006 est
1651 1969 1666 2008 :
1703 1953 1832 2022 quia
1881 1952 1999 2022 ipse

398 2048 605 2102 veritas
645 2054 784 2110 erat,
822 2060 883 2099 ac
927 2046 1194 2100 doctrina:
1240 2045 1362 2114 ejus
1407 2045 1736 2115 evangelicae
1785 2061 1991 2112 sermo,

399 2155 511 2194 non
535 2146 594 2192 ιιι
619 2139 748 2192 olim
775 2139 830 2192 in
873 2138 1063 2207 ﬁguris
1106 2145 1160 2190 et
1202 2137 1490 2208 symbolis,
1525 2137 1621 2192 sed
1678 2152 1772 2206 per
1821 2137 1997 2206 ipsam

399 2232 691 2300 veritatem
750 2230 1094 2285 tradebatur.
1147 2227 1274 2283 Ideo
1325 2229 1531 2283 dictum
1578 2239 1664 2283 est
1714 2247 1727 2282 :
1767 2227 1878 2282 Lex
1906 2245 1999 2296 per

401 2321 644 2393 Moysem
674 2323 807 2376 data
849 2331 947 2385 est,
977 2323 1154 2392 gratia
1187 2331 1236 2375 et
1267 2322 1460 2376 veritas
1501 2336 1592 2390 per
1623 2320 1809 2376 Iesum
1843 2320 2000 2376 Chri-

399 2424 540 2468 stum
566 2413 712 2482 facta
741 2412 930 2468 est"?
979 2412 1248 2469 Universa
1287 2421 1468 2468 autem
1504 2427 1670 2482 opera
1701 2412 1822 2481 ejus
1849 2412 1998 2470 veri-

397 2513 484 2560 tas
511 2513 690 2569 erant,
722 2519 937 2559 necnon
968 2515 1124 2559 ortus
1151 2506 1292 2574 ejus,
1327 2506 1512 2575 passio
1541 2512 1596 2560 et
1623 2513 1843 2570 caetera,
1877 2520 1999 2575 quae

398 2597 582 2667 specie
614 2597 795 2652 solum
829 2604 883 2652 et
910 2597 1204 2666 phantasia
1230 2606 1384 2668 gesta
1419 2598 1590 2654 fuisse
1629 2599 1998 2668 opinabantur

402 2691 552 2744 athei
589 2689 858 2746 heretici.
893 2691 1051 2756 Quod
1085 2693 1132 2746 si
1176 2694 1358 2748 omnis
1392 2691 1557 2747 homo
1592 2691 1851 2758 mendax,
1883 2705 2001 2746 me-

401 2781 515 2836 rito
548 2782 668 2852 ipse
699 2783 874 2847 solus,
911 2783 1006 2852 qui
1042 2784 1245 2838 veritas
1274 2791 1382 2848 est,
1432 2784 1500 2840 de
1533 2791 1680 2842 terra
1710 2793 1867 2841 ortus
1890 2794 1995 2850 est,

399 2875 750 2945 peregrinum
781 2876 1062 2946 quidpiam
1095 2884 1149 2930 et
1191 2877 1477 2943 insolens;
1515 2886 1658 2933 terra
1679 2879 1840 2948 quale
1865 2895 2001 2934 nun-

404 2981 574 3035 quam
609 2968 810 3022 tulerat
841 2968 1044 3023 bonum
1078 2967 1412 3038 proferente,
1440 2973 1493 3024 in
1522 2987 1633 3040 quo
1662 2971 1883 3039 justitia
1906 2969 1997 3025 illa

406 3057 476 3116 de
501 3058 644 3112 cutio
682 3060 1027 3130 prospiciens
1070 3061 1360 3130 requievit.
1410 3061 1631 3117 Justitia
1680 3071 1832 3128 vero,
1879 3080 2000 3134 quae

404 3152 465 3206 in
498 3153 732 3206 veritate
765 3153 1054 3224 requievit,
1086 3170 1336 3224 quaenam
1361 3158 1466 3210 alia
1500 3157 1688 3221 fuerit,
1736 3157 1844 3212 nisi
1882 3158 1996 3228 ipse
2022 3192 2070 3255 ο

405 3240 554 3298 Deus
586 3240 827 3297 Verbum
861 3243 927 3298 de
957 3258 1067 3314 quo
1103 3245 1311 3299 dictum
1349 3255 1434 3302 est
1491 3267 1504 3302 :
1562 3248 1665 3314 Qui
1705 3249 1878 3317 factus
1917 3259 1994 3303 est

405 3332 562 3386 nobis
593 3333 855 3401 sapientia
887 3349 919 3385 a
953 3331 1086 3396 Deo,
1111 3332 1333 3402 justitia
1370 3345 1420 3389 et
1454 3339 1809 3406 sanctiﬁcatio
1837 3348 1888 3392 et
1915 3355 1997 3392 re-

403 3423 636 3493 demptio
687 3423 772 3478 "‘3
820 3423 920 3480 Hic
972 3440 1211 3496 namque
1257 3441 1323 3482 ex
1367 3428 1524 3482 ccnlis
1565 3428 1906 3484 descendens
1941 3430 1994 3483 in

403 3515 660 3580 veritate,
694 3532 815 3587 quae
851 3517 918 3572 de
953 3528 1100 3572 terra
1132 3527 1255 3573 orta
1299 3527 1402 3583 est,
1451 3521 1737 3590 requievit,
1785 3522 1998 3592 ipsique

402 3605 757 3677 conjunctus,
791 3623 893 3663 ceu
927 3609 1183 3664 dilectam
1214 3611 1525 3665 amabiliter
1555 3626 1675 3666 eam
1707 3613 1998 3682 amplexa-

410 3704 506 3752 tus
530 3706 635 3754 est.
671 3697 906 3754 Veritati
946 3717 1114 3771 porro
1172 3701 1239 3759 de
1294 3709 1437 3757 terra
1479 3711 1613 3758 ortae
1654 3720 1998 3774 praecurrens

408 3789 602 3851 aderat
629 3791 1006 3847 misericordia
1032 3810 1046 3846 :
1073 3809 1170 3863 per
1191 3794 1629 3850 misericordiam
1655 3798 1856 3868 quippe
1879 3798 1997 3863 Dei,

411 3890 530 3936 tota
559 3885 808 3940 veritatis
849 3885 1191 3955 dispensatio
1235 3888 1378 3940 facta
1411 3895 1516 3943 est.
1547 3886 1830 3946 Justitiam
1870 3905 2000 3945 vero

407 3975 481 4029 de
513 3975 654 4059 ccelo
689 3976 968 4046 delapsam
1004 3993 1106 4048 pax
1141 3980 1508 4048 sequebatur;
1532 3989 1590 4034 ut
1618 3980 1870 4038 homines
1892 3990 2003 4038 ter-

408 4079 530 4123 ram
562 4068 892 4133 incolentes,
933 4085 1043 4124 non
1073 4071 1250 4126 solum
1285 4073 1662 4129 misericordia
1692 4073 1786 4128 Dei
1821 4081 1875 4129 et
1907 4091 2001 4131 ves

409 4159 600 4224 ritate,
637 4160 731 4215 sed
760 4162 926 4216 etiam
957 4161 1053 4216 illa
1083 4164 1298 4219 cmlesti
1338 4165 1558 4234 justitia
1588 4174 1643 4222 et
1677 4167 1798 4236 ejus
1825 4167 2001 4222 amica

411 4263 551 4322 pace
599 4247 935 4306 fruerentur.
969 4250 1103 4305 Nam
1135 4254 1264 4307 olim
1311 4254 1530 4324 quidem
1562 4255 1789 4325 justitize
1819 4263 1875 4311 et
1906 4272 2003 4326 pa-

410 4339 495 4395 cis
523 4339 864 4395 domicilium
897 4343 1098 4397 coelum
1144 4353 1303 4411 erat;
1342 4362 1486 4400 nunc
1526 4363 1658 4403 vero
1698 4356 1841 4402 terra
1876 4364 1999 4404 cum

413 4433 798 4488 misericordia
824 4431 916 4488 Dei
941 4435 996 4487 in
1022 4442 1170 4490 terra
1202 4435 1464 4490 substitit.
1488 4434 1623 4491 Nam
1653 4438 1768 4492 hmo
1796 4439 2003 4494 subse-

411 4525 702 4594 quentium
731 4539 900 4580 causa
935 4524 1039 4580 fuit

410 4615 708 4671 ricordiam
741 4617 948 4687 reliqua
973 4619 1158 4674 omnia
1193 4628 1382 4677 secuta
1413 4628 1543 4676 sunt
1572 4642 1585 4677 :
1618 4629 1743 4692 post
1776 4624 2001 4680 miseri-

413 4708 660 4762 cordiam
692 4709 894 4779 quippe
921 4710 1147 4773 veritas,
1176 4711 1303 4765 hinc
1329 4713 1566 4780 justitia,
1598 4713 1832 4785 denique
1866 4731 1998 4786 pax.

411 4800 493 4856 De
530 4800 825 4857 Servatore
862 4811 1012 4858 certe
1043 4811 1236 4858 nostro
1267 4803 1472 4860 diserte
1510 4806 1772 4861 scribitur
1808 4827 1819 4862 :
1862 4807 2003 4873 Quia

412 4877 526 4962 ipse
554 4900 632 4944 est
659 4907 766 4960 pax
799 4903 1003 4957 nostra,
1038 4895 1128 4964 qui
1170 4893 1293 4963 fecit
1328 4905 1551 4965 utraque
1594 4913 1756 4950 unum
1791 4899 1867 4967 3‘;
1901 4907 1955 4954 et
1987 4922 1999 4956 :

414 4982 721 5052 Paciﬁcans
748 5000 840 5053 per
864 5003 917 5040 se
945 4987 1050 5040 sive
1078 5003 1195 5056 qua:
1217 4989 1270 5040 in
1297 4989 1464 5050 castis,
1499 4990 1605 5044 sive
1633 5008 1751 5062 qua:
1780 4993 1834 5046 in
1862 5003 2004 5049 terra

416 5086 542 5131 sunt
564 5077 644 5143 ⁵³;
668 5092 732 5132 ac
759 5093 981 5132 rursum
1016 5099 1028 5133 :
1072 5077 1293 5134 Veniens
1327 5082 1702 5152 euangelizavit
1729 5101 1910 5154 pacem
1936 5089 2002 5142 iis

416 5170 509 5238 qui
540 5170 710 5240 longe,
747 5178 798 5224 et
840 5171 905 5224 iis
966 5172 1056 5240 qui
1085 5187 1243 5240 prope
1295 5184 1419 5228 sunt
1451 5175 1518 5229 ⁵⁸.
1578 5174 1708 5230 Jure
1761 5193 1892 5247 ergo
1945 5179 2001 5233 in

417 5259 636 5320 Psalmo
675 5262 881 5316 dicitur
912 5263 1046 5316 illud
1084 5284 1096 5319 :
1145 5264 1520 5321 Verumtamen
1558 5284 1717 5338 prope
1761 5271 1999 5325 timentes

419 5368 539 5413 eum
595 5352 836 5406 salutare
870 5353 1058 5421 ipsius,
1082 5365 1138 5408 ut
1164 5357 1416 5412 inhabitet
1447 5359 1619 5427 gloria
1651 5362 1703 5413 in
1735 5369 1876 5414 terra
1909 5379 2003 5415 no-

421 5453 555 5506 stra.
589 5443 756 5499 Multa
780 5446 980 5515 quippe
1009 5462 1314 5519 magnaque
1336 5452 1516 5521 gloria
1548 5452 1602 5504 in
1629 5461 1772 5506 terra
1792 5461 2002 5522 nostra,

422 5537 678 5592 videlicet
700 5537 757 5590 in
783 5537 935 5603 orbe,
967 5554 1063 5609 per
1086 5543 1496 5611 prophetiarum
1519 5554 1772 5599 eventum
1794 5546 2007 5601 consti—

422 5630 509 5696 tit.
537 5628 600 5682 Et
621 5631 736 5700 qui,
751 5645 957 5701 quaeso,
977 5646 1087 5687 non
1110 5634 1424 5689 habitatura
1443 5644 1563 5690 erat
1583 5638 1753 5704 gloria
1775 5639 1831 5692 in
1859 5645 2007 5693 terra

425 5726 636 5791 nostra,
662 5719 882 5791 quando
916 5724 1160 5777 salutare
1190 5724 1384 5793 ipsius,
1416 5725 1670 5782 Christus
1693 5726 1810 5792 Dei,
1835 5736 1890 5783 et
1913 5727 2006 5782 illa

497 5877 543 5921 ’9
570 5874 730 5941 Joan.
768 5892 820 5942 ι,
862 5875 946 5931 i7.

2104 1957 2265 2028 μόνου
2311 1954 2600 2026 ήάλήθεια
2646 1955 2710 2008 ὲκ
2742 1952 2839 2023 τῆς
2889 1952 2992 2022 γῆς
3036 1949 3342 2004 ἀνέτειλεν·
3387 1949 3691 2020 ἐπειδήπερ

2100 2051 2264 2114 αὐτὸς
2310 2045 2378 2121 ἦν
2417 2051 2450 2120 ή
2491 2046 2742 2119 ἀλήθεια,
2795 2048 2822 2098 ὃ
2870 2063 2927 2098 τε
2963 2044 3062 2114 τῆς
3112 2042 3474 2111 εὐαγγελικῆς
3519 2043 3692 2095 αὐτοῦ

2099 2143 2448 2206 διδασκαλίας
2481 2141 2639 2208 λόγος
2679 2141 2779 2192 οὐκ
2812 2138 2886 2191 ἔθ’
2923 2138 2998 2201 ὡς
3031 2137 3090 2190 τὸ
3126 2137 3352 2190 παλαιὸν
3401 2137 3459 2187 ὲν
3496 2135 3694 2197 τύποι-ς

2101 2237 2196 2290 καὶ
2226 2236 2315 2289 διὰ
2350 2233 2636 2305 συμϐόλων
2682 2231 3034 2302 παραδέδοτο,
3068 2229 3203 2282 ἀλλὰ
3253 2229 3320 2280 δι’
3349 2228 3518 2298 αὐτῆς
3556 2227 3693 2297 ἀλη-

2101 2328 2270 2390 θείας.
2298 2326 2388 2379 Διὸ
2411 2325 2622 2397 εἴρηται
2645 2342 2656 2352 ’
2699 2324 2752 2374 '0
2782 2324 2967 2392 νόμος
2999 2320 3096 2374 διὰ
3111 2319 3407 2384 Μωῦσέως
3428 2318 3633 2386 ἐδόθη,
3652 2319 3691 2385 ἠ

2100 2419 2272 2490 χάρις
2307 2419 2407 2472 καὶ
2435 2417 2472 2484 η
2503 2415 2758 2485 ἀλήθεια
2785 2413 2881 2468 διὰ
2917 2413 3112 2480 Ἰησοῦ
3140 2411 3397 2481 Χριστοῦ
3426 2411 3689 2480 ἐγένετο.

2099 2511 2211 2565 Καὶ
2242 2511 2411 2564 πᾶσαι
2440 2508 2496 2562 δὲ
2527 2506 2691 2562 αὐτοῦ
2719 2507 2773 2560 αἱ
2824 2503 3052 2578 πράξεις
3092 2504 3317 2576 ἀλήθεια
3347 2499 3508 2574 ἦσαν,
3549 2503 3584 2572 ἧ
3627 2516 3692 2556 τε

2100 2605 2315 2673 γένεσις
2350 2602 2516 2656 αὐτοῦ
2551 2600 2729 2655 καὶτὸ
2759 2598 2931 2668 πᾴθος
2962 2599 3056 2652 καὶ
3078 2598 3147 2651 τὰ
3179 2597 3362 2660 λοιπὰ,
3384 2596 3419 2650 ὃ.
3450 2596 3515 2667 δή
3545 2595 3691 2650 ι...τὰ

2099 2697 2322 2767 δόκησιν
2356 2695 2450 2750 καὶ
2497 2692 2803 2763 φαντασίαν
2840 2691 3109 2755 ὑπέλαϐον
3135 2688 3414 2758 γεγονέναι
3449 2690 3499 2741 οἱ
3539 2687 3692 2742 ἀθεειι

2101 2787 2440 2858 αἱρεσιῶται.
2481 2786 2546 2838 Ei
2566 2784 2623 2838 δὲ
2661 2783 2757 2836 καὶ
2782 2784 2889 2846 πᾶς
2924 2781 3208 2853 ἄνθρωπος
3237 2779 3500 2850 ψεύστης,
3529 2777 3691 2850 μόνος

2102 2880 2168 2933 ἂν
2197 2879 2358 2942 αὐτὸς
2383 2879 2627 2942 εἰκότως,
2655 2877 2878 2949 ἀλήθεια
2906 2875 3003 2940 ῶν,
3031 2873 3140 2927 ἀπὸ
3165 2873 3266 2944 τῆς
3294 2873 3397 2943 γῆς
3425 2871 3688 2936 ἀνέτειλε,

2104 2970 2254 3038 ξένον
2284 2989 2335 3024 τι
2361 2972 2549 3043 χρῆμα
2583 2970 2681 3041 τῆς
2719 2971 2822 3040 γῆς
2842 3008 2856 3034 ,
2907 2969 3000 3022 καὶ
3034 2961 3145 3020 οἷον
3184 2965 3530 3020 οὐδεπώποτε
3560 2979 3693 3036 εφο-

2102 3065 2372 3134 ηνέγκατο
2403 3061 2629 3132 ἀγαθὸν,
2653 3061 2992 3134 ἀποδούσηςο
3030 3062 3116 3130 ἐφ’
3150 3060 3209 3114 ὃν
3235 3059 3330 3113 καὶ
3359 3061 3392 3130 ή
3430 3058 3490 3123 ἐξ
3523 3060 3690 3130 οὐρα-

2104 3157 2196 3212 νοῦ
2226 3156 2536 3226 διακύψασα
2560 3156 2873 3227 δικαιοσύνη
2907 3154 3269 3209 ἀνεπαύσατο.
3299 3153 3394 3216 Τίς
3427 3153 3471 3205 δ’
3505 3151 3570 3205 ἂν
3605 3154 3690 3222 εἴη

2101 3255 2134 3325 ή
2157 3251 2470 3321 δικαιοσύνη
2493 3253 2523 3321 ή
2549 3249 2986 3322 ἀναπαυσαμένη
3012 3251 3105 3302 ἐπὶ
3125 3250 3223 3320 τὴν
3246 3248 3504 3319 ἀλήθειαν
3527 3247 3641 3300 ἀλλ’
3657 3247 3691 3317 ἡ

2100 3344 2262 3407 αὐτὸς
2297 3346 2325 3397 ὁ
2359 3343 2490 3406 Θεὸς
2533 3342 2705 3410 Λόγος
2728 3343 2904 3424 κπερὶ
2933 3335 2993 3395 οὗ
3022 3340 3260 3414 εἴρηται,
3299 3342 3396 3406 Ὃς
3435 3339 3692 3408 ἐγενήθη

2099 3437 2245 3507 ἡμῖν
2289 3435 2477 3504 σοφία
2521 3433 2640 3488 ἀπὸ
2675 3433 2846 3499 Θεοῦ,
2881 3432 3238 3500 δικαιοσύνη
3282 3449 3344 3485 τε
3395 3430 3495 3484 καί
3528 3431 3695 3499 ἁγια-

2099 3527 2256 3598 σμὸς
2299 3527 2396 3580 καὶ
2446 3527 2900 3593 ἀπολύτρωσιςς
2946 3519 3112 3587 Οὗτος
3151 3524 3291 3593 γὰρ,
3327 3522 3387 3587 ἐξ
3436 3522 3689 3593 οὐρανῶν

2101 3619 2366 3682 καταϐὰς,
2398 3617 2815 3670 ὲπανεπαύσατο
2844 3619 2910 3688 τῇ
2951 3617 3057 3669 ἀπὸ
3087 3616 3184 3686 τῆς
3215 3615 3319 3684 γῆς
3359 3613 3694 3685 ἀνατειλάση

2102 3712 2349 3785 ἀληθείᾳ,
2378 3711 2563 3783 ήνώθη
2600 3729 2658 3764 τε
2709 3711 2884 3780 αὐτῇ,
2917 3710 3013 3762 καὶ
3060 3708 3135 3771 ὡς
3182 3707 3310 3778 φίλῃ
3355 3690 3700 3778 περιπλοκὰς

2102 3808 2270 3861 ἔδωκε
2302 3806 2546 3878 φιλικὰς.
2574 3805 2748 3876 Συνῆν
2779 3805 2836 3858 δὲ
2875 3805 2942 3875 τῇ
2977 3803 3076 3874 μὲν
3113 3804 3220 3856 ἀπὸ
3267 3801 3365 3872 τῆς
3411 3800 3518 3870 γῆς
3555 3802 3693 3853 ἀνα-

2102 3898 2327 3971 τειλάσῃ
2356 3896 2586 3968 ἀληθείᾳ.
2612 3895 2674 3948 τὸ
2711 3894 2862 3958 ἕλεος
2898 3893 3198 3966 προτρέχον
3239 3892 3405 3961 αὐτῆς
3427 3909 3439 3920 ·
3467 3891 3557 3943 διὰ
3584 3888 3694 3958 γὰρ

2102 3989 2163 4041 τὸ
2190 3987 2282 4041 τοῦ
2310 3987 2444 4040 Θεοῦ
2480 3985 2629 4050 ἕλεος
2651 3987 2686 4057 ή
2721 3985 2873 4037 πᾶσα
2898 3983 2999 4054 τῆς
3021 3981 3277 4052 ἀληθείας
3302 3979 3522 4049 γέγονεν
3550 3979 3697 4030 οἰκο-

2103 4080 2296 4152 νομία’
2349 4079 2512 4150 τῇδὲ
2565 4077 2624 4149 ἐξ
2661 4075 2906 4149 οὐρανῶν
2970 4071 3307 4143 κατελθθύσῃ
3369 4069 3692 4142 δικαιοσύνῃ

2104 4173 2342 4244 εἴπετοίή
2366 4173 2578 4244 εἰρήνη,
2605 4171 2752 4233 ὅπως
2774 4169 2942 4239 οἱρπὶ
2977 4167 3080 4238 γῆς
3107 4163 3385 4226 οἰκοῦντες
3413 4161 3694 4234 ἄνθρωποι

2109 4265 2184 4335 μὴ
2229 4263 2387 4334 μόνον
2442 4263 2591 4315 ἐλέου
2630 4261 2764 4314 Θεοῦ
2813 4260 2908 4314 καὶ
2961 4257 3218 4328 ἀληθείας
3272 4253 3692 4318 ἀπολαύσωσιν,

2105 4356 2245 4410 ἀλλὰ
2269 4357 2362 4410 καὶ
2403 4357 2502 4426 τῆς
2535 4355 2592 4421 ἐξ
2624 4353 2869 4426 οὐρανῶν
2909 4351 3281 4423 δικαιοσύνης,
3321 4350 3437 4420 ἅμα
3464 4347 3560 4400 καὶ
3594 4347 3695 4416 τῆς

2105 4448 2311 4520 ταύτης
2362 4447 2523 4519 φίλης
2574 4448 2819 4518 εἰρήνης.
2869 4444 3047 4498 Πάλαι
3098 4443 3196 4514 μὲν
3229 4441 3338 4512 γὰρ
3381 4440 3696 4510 οἰκητήριον

1091 4545 1105 4580 :
1153 4527 1423 4597 siquidem
1459 4541 1681 4600 propter
1710 4529 1806 4585 Dei
1841 4531 2000 4589 mise-

2108 4537 2372 4606 ἐτύγχανε
2400 4537 2498 4607 τῆς
2524 4533 2868 4604 δικαιοσύνης
2898 4534 2992 4586 καὶ
3019 4532 3120 4603 τῆς
3162 4531 3385 4602 εἰρήνης
3429 4527 3659 4599 οὐρανός
3679 4545 3691 4557 ·

2111 4629 2201 4684 νῦν
2231 4629 2286 4681 δὲ
2314 4629 2406 4682 καὶ
2431 4631 2464 4697 ἡ
2491 4628 2584 4698 γῆ,
2612 4627 2700 4680 ὅτε
2731 4626 2824 4679 ἐπὶ
2844 4627 2943 4696 τῆς
2975 4625 3077 4696 γῆς
3100 4623 3308 4694 ὑπέστη
3337 4623 3398 4676 τὸ
3430 4621 3577 4683 ἕλεος
3600 4619 3696 4672 τοῦ

2106 4719 2437 4773 Θεοῦ.Τοῦτο
2451 4719 2558 4789 γὰρ
2573 4713 2640 4788 ἦν
2657 4718 2749 4770 καὶ
2764 4717 2871 4768 τῶν
2889 4715 3013 4787 ἑξῆς
3031 4715 3223 4768 αἴτιον·
3237 4713 3326 4766 διὰ
3345 4713 3454 4784 γὰρ
3469 4714 3529 4766 τὸ
3551 4713 3698 4775 ἕλεος

2109 4812 2203 4865 τοῦ
2229 4810 2365 4864 Θεοῦ
2408 4811 2503 4863 καὶ
2539 4809 2606 4862 τὰ
2652 4807 2818 4861 λοιπὰ
2849 4807 3026 4859 πάντα
3082 4804 3523 4877 ὲπηκολούθησε’
3560 4803 3700 4875 μετά

2109 4904 2219 4975 γὰρ
2253 4903 2309 4956 τὸ
2338 4903 2482 4965 ἕλεος
2519 4904 2550 4972 ή
2578 4900 2822 4972 ἀλήθεια,
2852 4899 3042 4952 ἔπειτα
3064 4900 3096 4970 ἡ
3117 4898 3452 4969 δικαιοσύνη,
3478 4896 3574 4951 καὶ
3607 4897 3699 4950 ἐπὶ

2106 4999 2273 5050 πᾶσιν
2290 4999 2322 5066 ἡ
2350 4994 2880 5067 εἰρήνη.Γέγραπται
2901 4992 2958 5046 δὲ
2984 4991 3169 5061 σαφῶς
3192 4991 3430 5062 περὶτοῦ
3448 4990 3698 5061 Σωτῆρος

2103 5087 2283 5160 ἡμῶν,
2320 5088 2438 5138 Ὅτι
2465 5086 2647 5151 αὐτός
2674 5085 2846 5138 ἐστιν
2888 5083 2927 5152 η
2959 5082 3168 5152 εἰρήνη
3203 5082 3394 5152 ημῶν,
3434 5081 3699 5148 ποιήσας

2105 5181 2179 5235 τὰ
2204 5181 2505 5249 ἀμφότερα
2528 5176 2598 5230 ἓν
2617 5193 2629 5206 ·
2664 5177 2778 5241 καὶ,
2802 5173 3288 5244 Εἱρηνοποιήσας
3306 5173 3380 5228 δι’
3407 5173 3594 5228 αὐτοῦ
3626 5172 3700 5227 τὰ

2107 5273 2178 5326 ἐν
2205 5271 2328 5337 τοῖς
2364 5269 2643 5339 οὐρανοῖς
2677 5269 2775 5322 καὶ
2814 5267 2888 5321 τὰ
2925 5267 3023 5320 ἐπὶ
3055 5267 3165 5334 τῆς
3200 5267 3314 5336 γῆς
3336 5285 3351 5297 ο
3379 5268 3474 5320 καὶ
3500 5264 3689 5319 ’πάλιν⁸

2121 5361 2342 5416 Ἐλθὼν
2393 5361 2833 5430 εὐηγγελίσατο
2871 5359 3122 5429 είρήνην
3166 5358 3291 5425 τοῖς
3313 5358 3554 5428 μακρὰν
3598 5355 3698 5408 καὶ

2109 5453 2234 5520 τοῖς
2266 5454 2465 5524 ἐγγύς.
2495 5451 2735 5516 Είκότως
2781 5446 2874 5505 οὖν
2925 5449 3014 5504 διὰ
3037 5449 3214 5505 ταῦτα
3260 5453 3319 5505 ἐν
3368 5451 3446 5522 τῷ
3499 5446 3698 5520 ψαλμῷ

2110 5544 2326 5615 εἴρηται
2351 5544 2430 5609 τὺ,
2459 5541 2634 5611 Πλὴν
2659 5542 2842 5612 ἐγγὺς
2864 5541 2984 5596 τῶν
3006 5541 3394 5611 φοϐουμένων
3420 5540 3606 5595 αὐτὸν
3630 5539 3698 5592 τὸ

2109 5636 2410 5703 σωτήριον
2457 5632 2676 5698 αὐτοῦ,
2735 5634 2843 5687 τοῦ
2883 5633 3350 5702 κπασκηνῶσαι
3396 5633 3585 5699 δόξαν
3630 5632 3700 5686 ἐν

2111 5726 2188 5796 τῇ
2215 5725 2298 5800 τῇ
2313 5725 2842 5799 ᾐμῶν.,Πολλὴογᾲρ
2866 5728 2961 5780 καὶ
2988 5726 3200 5797 μεγάλη
3229 5727 3355 5795 δόξα
3381 5727 3440 5781 ὲν
3472 5729 3539 5799 τῇ
3564 5726 3700 5806 ήμετ

1047 5879 1093 5912 ⁸³
1131 5877 1152 5932 l
1191 5879 1317 5934 Cor.
1359 5896 1408 5946 1,
1446 5880 1535 5937 50.
1613 5881 1660 5913 ⁸³
1698 5879 1897 5960 Ephcs.
1936 5897 2000 5948 ιι,

2102 5880 2132 5938 i.
2209 5883 2254 5916 "
2293 5879 2412 5938 Col.
2453 5897 2506 5947 ι,
2540 5881 2627 5937 20.
2707 5882 2752 5913 "
2793 5879 2990 5960 Ephes.
3030 5895 3107 5949 ιι,
3150 5867 3236 5946 Π.
