4078 6432
308 299 341 349 1
351 296 470 350 0‘25

1502 280 2002 352 COMMENTARIA
2045 296 2115 351 1N
2154 287 2494 355 PSALMOS.

3458 310 3597 367 {026

302 416 459 489 τέρᾳ
485 417 578 485 γῇ,
616 413 760 482 λέγω
786 413 841 467 δέ
871 416 935 485 τῇ
984 412 1092 466 τῶν
1123 413 1437 485 ἀνθρώπων
1469 416 1785 488 οἰκουμένῃ,
1825 417 1895 470 διὲ

2019 419 2096 473 ἀει
2117 420 2258 474 cmlo
2291 421 2507 490 justitia
2539 419 2607 475 ad
2636 422 2755 476 eam
2782 422 3042 478 acoedere
3064 422 3284 494 dignata
3306 432 3391 481 est
3413 427 3437 480 ?
3459 427 3597 484 Cum

302 510 421 580 τῆς
466 506 571 559 τῶν
617 508 1109 577 προφητεύομένων
1167 506 1448 570 ἐκϐάσεως
1490 508 1744 579 συνέστη.
1800 511 1909 563 Καὶ

305 600 443 663 πῶς
482 599 593 671 γὰρ
630 599 731 652 οὐκ
782 599 983 671 ἤμελλε
1029 599 1404 670 κατασκηνοῦν
1452 599 1580 667 δόξα
1622 602 1679 654 ἐν
1723 605 1788 672 τῇ
1836 604 1908 673 γῇ

302 692 501 765 ἡμῶν,
529 693 619 745 ὅτε
647 691 823 745 καὶτὸ
861 695 1127 764 σωτήριον
1151 691 1247 744 τοῦ
1293 690 1484 758 αὑτοῦ,
1512 692 1675 756 αὐτὸς
1710 695 1738 747 ό
1771 695 1910 765 Χρι-

307 785 446 847 στὸς
468 783 655 846 αὐτοῦ,
679 786 773 837 καὶ
798 784 831 854 ἡ
858 783 917 848 ἐξ
937 782 1169 855 ούρανοῦ
1193 782 1531 854 δικαιοσύνη,
1561 783 1763 854 ταύτης
1790 786 1909 837 ἐπιέ-

307 876 482 947 ϐἧναι
516 873 855 946 κατηξίωσε;
897 875 1082 929 Ταῦτα
1121 876 1179 929 δὲ
1226 874 1403 929 πάντα
1452 877 1763 940 ἐπακούσας
1809 876 1907 931 τοῦ

304 967 453 1021 Θεοῦ
486 968 875 1038 προορίσαντος
900 969 994 1020 καὶ
1036 967 1474 1039 προλαλήσαντος
1506 969 1600 1021 ἐπὶ
1652 968 1743 1023 τὸν
1777 968 1907 1024 λαὸν

311 1058 514 1123 αὑτοῦ,
540 1058 786 1122 θεσπίζει
813 1059 950 1129 μετὰ
975 1059 1074 1131 τὴν
1101 1059 1289 1130 εὐχὴν,
1316 1060 1515 1114 εἰπών·
1557 1062 1907 1132 Ἀκούσομαι

310 1151 378 1203 τί
407 1149 671 1218 λαλήσει
693 1151 909 1218 Κύριος
930 1154 962 1204 ὁ
988 1153 1133 1217 Θεός
1150 1168 1164 1182 ·
1192 1151 1271 1204 διὸ
1292 1153 1573 1224 ἐπήγαγεν
1604 1153 1757 1225 ἑξῆς·
1785 1154 1907 1209 Ὅτι

307 1240 582 1308 λαλήσει
611 1242 861 1309 εἰρήνην
879 1242 978 1295 ἐπὶ
1002 1243 1112 1297 τὸν
1142 1243 1299 1297 λαὸν
1331 1245 1536 1299 αὑτοῦ.
1582 1243 1730 1315 Αὕτη
1782 1246 1839 1300 δὲ
1870 1248 1905 1317 ή

307 1332 512 1404 εἰρήνη
538 1332 731 1402 γέγονε
753 1332 829 1403 τῷ
851 1333 986 1404 λαῷ,
1010 1334 1098 1387 ὅτε
1118 1334 1179 1387 τὸ
1194 1334 1340 1399 ἔλεος
1361 1337 1503 1407 καὶὴ
1530 1336 1755 1409 ἀλήθεια
1780 1354 1904 1391 συν-

310 1426 582 1497 ήντησαν,
616 1426 650 1496 ἦ
689 1443 747 1479 τε
774 1426 1087 1499 δικαιοσύνη
1114 1428 1209 1481 καὶ
1235 1430 1267 1499 ἡ
1291 1430 1481 1501 εἰρήνη
1512 1430 1901 1501 κατεφίλησανε

308 1511 419 1572 Ὧν
436 1517 607 1582 οὕτως
634 1511 886 1590 ἐχόντων,
918 1520 1014 1573 καὶ
1036 1519 1105 1573 τά
1142 1518 1240 1591 τῆς
1268 1521 1437 1591 εὐχῆς
1463 1522 1780 1576 ἀποδέδοται
1807 1521 1901 1575 τοῦ

303 1612 625 1682 Προφήτου,
666 1613 761 1665 καὶ
784 1612 852 1666 τὰ
889 1612 995 1684 πρὸ
1022 1614 1122 1683 τῆς
1150 1614 1316 1683 εὐχῆς
1338 1615 1622 1686 εἰρημένα.
1660 1616 1771 1668 Καὶ
1793 1615 1902 1686 γὰρ

2013 509 2127 563 haec
2149 518 2328 565 autem
2360 511 2545 565 omnia
2567 526 2599 566 a
2628 510 2739 567 Deo
2762 512 2988 568 definita
3022 524 3077 569 et
3107 517 3470 585 praenuntiata
3495 535 3595 574 au-

2011 599 2206 667 disset,
2266 608 2391 671 post
2431 601 2634 656 editam
2683 603 2988 657 orationem
3030 608 3143 659 hac
3192 607 3526 662 vaticinatur
3579 628 3595 665 :

2008 690 2244 747 Audiam
2268 694 2393 765 quid
2420 693 2662 763 loquetur
2681 695 2736 748 in
2759 711 2841 749 me
2867 694 3126 750 Dominus
3151 696 3295 753 Deus
3319 716 3339 764 ;
3366 700 3599 771 ideoque

2009 785 2209 856 pergit,
2232 788 2479 855 quoniam
2502 788 2741 857 loquetur
2762 805 2943 855 pacem
2965 791 3017 843 in
3047 790 3246 859 plebem
3268 809 3445 848 suam.
3470 793 3600 849 Haec

2007 892 2140 933 vero
2169 893 2275 948 pax
2305 886 2422 932 tum
2461 880 2662 949 p0pulo
2701 895 2964 937 concessa
2995 891 3100 945 est,
3138 898 3261 938 cum
3294 888 3598 942 misericor-

2008 968 2101 1023 dia
2131 977 2181 1022 et
2210 972 2401 1024 veritas
2431 970 2767 1025 obviaverunt
2799 973 2921 1038 sibi,
2951 974 3169 1043 justitia
3210 985 3260 1030 et
3305 993 3411 1045 pax
3444 996 3602 1034 oscu-

2010 1061 2134 1115 latae
2163 1071 2305 1117 sunt.
2351 1062 2484 1129 Quae
2534 1078 2659 1118 cum
2703 1064 2778 1117 ita
2819 1081 2878 1120 se
2913 1066 3171 1131 habeant,
3220 1084 3344 1123 cum
3380 1086 3443 1126 ea
3476 1089 3598 1142 quae

2010 1150 2288 1222 Propheta
2320 1162 2578 1225 precatus
2606 1154 2807 1223 fuerat,
2841 1164 2957 1212 tum
2980 1173 3042 1212 ea
3076 1174 3197 1228 qua:
3229 1170 3354 1215 ante
3390 1165 3598 1217 oratio-

2006 1257 2133 1297 nem
2164 1242 2397 1311 dixerat,
2427 1260 2693 1302 concessa
2727 1245 2901 1302 fuere.
2934 1246 3071 1301 Nam
3093 1250 3371 1304 benedixit
3400 1250 3583 1306 Domi-
3650 1300 3658 1307 .

2006 1347 2111 1388 nus
2154 1341 2357 1389 terram
2401 1351 2583 1401 suam,
2616 1337 2996 1393 misericordia
3025 1347 3079 1393 et
3115 1340 3340 1395 veritate
3374 1356 3438 1395 ac
3466 1342 3596 1396 reli-

2005 1426 2130 1496 quis
2157 1427 2417 1497 dignatus
2451 1443 2594 1496 eam;
2617 1429 2752 1499 quin
2788 1431 2950 1484 etiam
2985 1431 3289 1485 animarum
3325 1432 3592 1486 humana-

2006 1533 2127 1571 rum
2161 1519 2534 1587 captivitatem
2568 1520 2787 1586 avertit,
2825 1521 3004 1575 soluto
3049 1521 3189 1574 bello
3221 1522 3484 1590 quolibet,
3527 1538 3593 1578 ac

2006 1612 2360 1665 reconciliata
2403 1626 2554 1680 pace,
2590 1611 2887 1684 fractisque
2922 1614 3159 1669 vinculis
3206 1629 3269 1668 ac
3310 1616 3590 1686 compedi-

304 1702 573 1774 εὐδόκησε
614 1703 821 1775 Κύριος
846 1704 942 1775 τὴν
977 1704 1080 1775 γῆν
1116 1705 1306 1769 αὑτοῦ,
1355 1706 1702 1772 καταξιώσας
1730 1708 1895 1779 αὐτὴν

2009 1702 2114 1757 bus
2139 1718 2234 1772 per
2258 1713 2546 1773 peccatum
2574 1705 2834 1759 inductis.
2861 1704 3225 1771 Quamobrem
3250 1706 3377 1760 huic
3399 1706 3546 1761 dicto
3570 1725 3586 1763 ι

305 1794 498 1859 ἐλέους
525 1795 621 1848 καὶ
652 1795 911 1867 ἀληθείας
948 1797 1170 1851 καὶτῶν
1194 1797 1399 1852 λοιπῶν
1418 1815 1432 1828 '
1466 1799 1603 1853 ἀλλά
1627 1800 1723 1854 καὶ
1762 1799 1895 1853 ἀπέ-

2004 1795 2261 1849 Avertisti
2287 1796 2644 1863 captivitatem
2667 1794 2855 1859 Jacob,
2887 1797 3032 1851 istud
3058 1796 3410 1866 subjungitur
3441 1816 3454 1852 :
3490 1796 3591 1851 Rea

308 1888 513 1959 στρεψε
558 1888 657 1960 τὴν
709 1890 1089 1960 αἰχμαλωσίαν
1119 1890 1229 1945 τῶν
1281 1891 1638 1963 ἀνθρωπίνων
1691 1892 1899 1963 ψυχῶν,

307 1979 481 2044 λύσας
517 1981 616 2051 μὲν
646 1981 826 2035 πάντα
866 1981 1122 2052 πόλεμον,
1152 1983 1519 2056 χαρισάμενος
1552 1983 1608 2037 δὲ
1634 1982 1731 2055 τὴν
1752 1986 1903 2056 εἰρή-

304 2090 432 2143 νην,
467 2074 561 2127 καὶ
590 2074 891 2147 διαρρήξας
927 2075 1055 2138 τοὺς
1088 2076 1342 2146 δεσμοὺς,
1374 2076 1468 2130 καὶ
1516 2056 1644 2141 τοὺς
1685 2077 1902 2140 κλοιοὺς

304 2166 437 2229 τοὺς
473 2165 583 2220 ἀπὸ
608 2167 707 2238 τῆς
745 2167 1022 2238 ἁμαρτίας
1060 2168 1471 2238 ἐγγενομένους.
1499 2168 1591 2221 Διὸ
1635 2168 1731 2221 καὶ
1776 2185 1902 2222 συν-

306 2258 481 2328 ῆπται
506 2257 604 2328 τῷ,
642 2256 1050 2326 Ἀπέστρεψας
1078 2257 1194 2325 τὴν
1224 2252 1646 2326 αἰχμαλωσίαν
1680 2258 1896 2325 Ἰακὼϐ,

306 2351 391 2414 τὸ,
448 2348 703 2418 Ἀφῆκας
770 2348 878 2415 τὰς
913 2346 1163 2419 ἀνομίας
1205 2349 1284 2415 τῷ
1317 2348 1445 2415 λαῷ
1490 2365 1645 2414 σου,
1690 2350 1896 2414 καὶτὸ,

318 2438 666 2508 Ἐκάλυψας
698 2438 903 2506 πάσας
946 2444 1053 2506 τὰς
1089 2440 1379 2509 ἁμαρτίας
1436 2439 1653 2495 αὐτῶν.
1697 2442 1761 2493 Ἦ
1789 2442 1898 2514 γὰρ

302 2530 610 2602 ἐπιστροφὴ
653 2530 755 2601 τῆς
788 2531 1166 2602 αἰχμαλωσίας
1208 2532 1307 2585 οὐκ
1337 2531 1512 2595 ἄλλως
1555 2532 1895 2605 ἀπετελέσθη

301 2621 341 2693 ἢ
367 2622 434 2675 δι’
464 2622 713 2692 ἀφέσεως
744 2622 852 2677 τῶν
874 2622 1179 2694 ἁμαρτιῶν.
1212 2624 1334 2677 Ὅτι
1362 2624 1420 2676 δὲ
1465 2624 1559 2677 καὶ
1596 2624 1771 2678 ταῦτα
1807 2626 1897 2681 διὰ

302 2719 405 2788 τῆς
447 2714 541 2768 τοῦ
588 2716 838 2786 Σωτῆρος
884 2715 1043 2786 ἡμῶν
1091 2715 1417 2784 ἐπιφανείας
1458 2715 1645 2778 τέλους
1681 2716 1891 2786 ἔτυχεν,

303 2806 467 2869 αὐτὸς
494 2806 734 2872 ἐδίδαξεν
772 2810 829 2859 ἐν
862 2809 975 2869 τοῖς
1006 2806 1381 2873 Εύαγγελίοις,
1415 2807 1526 2869 ὅτε,
1573 2806 1752 2859 λαϐὼν
1797 2808 1895 2877 τὴν

306 2896 490 2966 βίϐλον
520 2896 613 2950 τοῦ
648 2897 892 2959 Ἡσαΐου,
929 2897 1023 2949 καὶ
1074 2896 1342 2964 ἀναγνοὺς
1373 2897 1454 2963 τὸ,
1495 2896 1738 2965 Πνεῦμα
1772 2901 1891 2950 Κυ-

299 2995 434 3062 ρίου
470 2994 562 3046 ἐπ’
591 2991 716 3062 ἐμὲ,
751 2988 823 3047 οὗ
865 2991 1099 3045 εἵνεκεν
1136 2987 1343 3058 ἐχρισέ
1376 3005 1471 3057 με,
1501 2988 1894 3056 εὐαγγελίσα-

304 3088 445 3141 σθαι
466 3085 723 3154 πτωχοῖς
745 3082 1095 3138 ἀπέσταλκέ
1106 3098 1202 3151 με,
1220 3079 1471 3148 κηρῦξαι
1494 3077 1892 3175 αἰχμαλώτοις
1918 3113 1963 3175 c

305 3175 546 3245 ἄφεσιν,
580 3178 673 3229 καὶ
707 3176 775 3227 τὰ
833 3174 994 3245 ἑξῆς,
1045 3174 1347 3243 ἐπήνεγκεν
1380 3164 1549 3224 εἰπών
1575 3187 1588 3200 ⁸
1622 3170 1891 3238 Σήμερον

303 3266 679 3333 πεπλήρωται
709 3266 747 3331 ἡ
780 3264 991 3334 Γραφὴ
1033 3264 1188 3331 αὕτη
1223 3265 1293 3316 ἐν
1338 3261 1465 3330 τοῖς
1502 3261 1653 3315 ὠσὶν
1694 3262 1882 3329 ὑμῶν.

306 3358 366 3411 Εἰ
395 3357 437 3410 δ’
467 3354 560 3410 οὖν
590 3356 860 3427 ἐννοήσειέ
886 3373 989 3421 τις,
1013 3355 1157 3408 εἴποι
1187 3354 1252 3408 ἂν
1273 3354 1335 3406 τὺ
1365 3355 1521 3422 γένος
1540 3353 1648 3406 τῶν
1678 3351 1887 3424 ἀνθρώ-

306 3465 421 3501 πων
450 3448 617 3501 πάλαι
650 3448 912 3520 πρότερον
934 3446 1311 3516 αἰχμαλωσίαν
1353 3444 1457 3497 ὑπὸ
1488 3443 1595 3496 τῶν
1637 3443 1885 3514 ἀοράτων

304 3539 598 3610 πολεμίων,
623 3538 732 3592 τῶν
759 3538 975 3610 ἀληθῶς
996 3537 1205 3609 ἐχθρῶν
1228 3535 1321 3590 τοῦ
1340 3535 1496 3600 Θεοῦ,
1519 3533 1885 3588 καθελκυσθὲν

304 3633 381 3695 εἰς
410 3629 875 3700 εἰδωλολατρείας,
911 3630 1007 3682 καὶ
1049 3628 1229 3691 πάσας
1272 3626 1499 3696 πράξεις
1530 3625 1761 3696 αἰσχράς
1792 3625 1884 3678 καὶ

306 3724 617 3794 ἀθεμίτους,
648 3724 749 3776 οὐκ
780 3722 845 3775 ἂν
872 3722 1092 3792 ὀκνήσει
1129 3718 1309 3790 δεινὴν
1339 3716 1544 3788 ταύτην
1583 3718 1747 3785 φάναι
1781 3716 1883 3786 ψυ-

304 3815 411 3887 χῶν
465 3814 841 3885 αἰχμαλωσίαν
870 3852 884 3877 ,
934 3809 1005 3884 ἧς
1064 3809 1380 3873 ἀπαλλάξας
1430 3809 1524 3861 καὶ
1572 3806 1887 3879 ἐλευθέρους

303 3908 783 3980 καταστησάμενος
826 3907 976 3976 ἡμᾶς
1013 3906 1042 3958 ὁ
1085 3902 1277 3974 Σωτὴρ
1309 3900 1403 3955 καὶ
1446 3900 1651 3972 Κύριος
1687 3900 1841 3971 ἡμῶν
1865 3940 1881 3967 ,

303 4000 490 4069 ἄφεσίν
526 4016 586 4053 τε
609 3999 696 4053 διὰ
716 3996 943 4070 λουτροῦ
973 3995 1392 4065 παλιγγενεσίας
1425 3993 1671 4048 παλαιῶν
1700 3994 1883 4066 πλημ-

2003 1887 2203 1939 misisti
2258 1888 2566 1956 iniquitates
2598 1888 2735 1957 plebi
2792 1897 2929 1952 tua};
2974 1898 3024 1943 et
3074 1889 3206 1942 illud
3256 1904 3267 1938 :
3321 1888 3589 1957 Operuisti

2003 1980 2179 2033 omnia
2211 1988 2428 2048 peccata
2453 1996 2657 2035 eorum.
2697 1979 2832 2033 Nam
2891 1980 3103 2035 reditus
3133 1996 3199 2035 ex
3246 1981 3584 2050 captivitate,

2001 2086 2112 2125 non
2144 2071 2253 2125 alio
2276 2087 2441 2143 quam
2462 2088 2561 2143 per
2612 2072 3000 2128 remissionem
3048 2080 3392 2143 peccatorum
3424 2074 3587 2127 modo

2001 2170 2192 2232 partus
2218 2172 2323 2219 est.
2353 2161 2510 2229 Quod
2551 2170 2734 2219 autem
2782 2163 2897 2217 haec
2932 2177 3029 2233 per
3061 2164 3356 2218 adventum
3390 2163 3587 2219 Serva-

2001 2257 2138 2309 toris
2169 2258 2342 2310 nostri
2374 2256 2441 2311 ad
2462 2256 2713 2312 effectum
2735 2256 2969 2312 deducta
3004 2256 3134 2321 sint,
3165 2257 3281 2327 ipse
3317 2258 3373 2310 in
3406 2258 3585 2313 Evan-

1999 2348 2155 2416 geliis
2190 2347 2395 2413 docuit,
2460 2363 2583 2401 cum
2636 2356 2862 2417 accepto
2900 2347 3051 2403 Isaiae
3095 2347 3254 2411 libro,
3293 2356 3583 2419 postquam

2000 2438 2221 2508 legisset
2258 2439 2390 2493 illud
2426 2458 2437 2492 :
2472 2438 2702 2508 Spiritus
2755 2439 2963 2493 Domini
3006 2456 3164 2509 super
3212 2456 3315 2504 me,
3345 2457 3404 2494 eo
3444 2441 3582 2510 quod

1999 2532 2211 2584 auxerit
2243 2548 2343 2595 me,
2378 2531 2738 2602 evangelizare
2766 2531 3087 2600 pauperibus
3127 2532 3275 2586 misit
3315 2549 3414 2598 me,
3444 2547 3584 2600 prie-

1997 2622 2178 2678 dicare
2207 2625 2428 2694 captivis
2452 2625 2812 2679 dimissionem
2844 2626 2910 2690 ⁵⁷,
2936 2633 2989 2680 et
3018 2633 3249 2692 caztera;
3287 2626 3470 2680 intulit
3494 2627 3580 2682 his

1995 2716 2178 2769 verbis
2208 2735 2220 2769 :
2260 2716 2431 2771 Hodie
2456 2718 2671 2786 impleta
2699 2725 2776 2770 est
2810 2717 2920 2770 lucc
2964 2716 3243 2787 Scriptura
3272 2718 3327 2770 in
3359 2716 3578 2772 auribus

1996 2807 2181 2859 vestris
2212 2806 2279 2861 ⁵⁸.
2316 2805 2414 2860 His
2445 2809 2491 2861 si
2528 2808 2652 2875 quis
2687 2808 2929 2861 animum
2959 2806 3237 2875 adliibeat,
3272 2808 3420 2863 dicat
3446 2824 3580 2864 sane

1995 2914 2167 2969 genus
2197 2899 2479 2953 hominum
2515 2902 2645 2954 olim
2680 2901 3051 2969 captivitatem
3086 2916 3307 2971 passum
3354 2916 3477 2956 esse
3508 2902 3580 2957 ab

1994 2991 2361 3046 invisibilibus
2384 2992 2642 3055 inimicis,
2678 3008 2805 3047 vere
2837 2992 2933 3047 Dei
2979 2992 3253 3057 hostibus,
3297 2992 3355 3047 in
3400 2992 3580 3047 idolo-

1992 3080 2211 3135 latriam
2272 3089 2326 3136 et
2356 3084 2412 3135 in
2441 3083 2618 3151 turpia
2645 3083 2829 3137 omnia
2865 3081 3183 3152 nefariaque
3215 3097 3380 3153 opera
3410 3084 3580 3153 pelle-

1992 3178 2176 3238 ctum;
2212 3187 2389 3242 neque
2423 3181 2711 3227 cunctetur
2749 3190 2869 3229 eam
2894 3190 3113 3245 gravem
3139 3175 3447 3228 animarum
3474 3190 3574 3229 ca-

1996 3267 2299 3337 ptivitalem
2336 3268 2715 3339 pronuntiare,
2759 3283 2867 3338 qua
2903 3283 3027 3323 cum
3058 3282 3161 3323 nos
3189 3267 3484 3337 eripuisset
3520 3266 3579 3320 li-

1994 3356 2266 3427 berosque
2299 3359 2680 3413 constituisset
2715 3344 2969 3413 Salvator
2997 3367 3050 3413 et
3074 3357 3336 3415 Dominus
3360 3366 3575 3426 noster,

1993 3460 2255 3501 concessa
2288 3463 2383 3517 per
2426 3448 2704 3501 lavacrum
2747 3450 3179 3518 regenerationis
3216 3451 3575 3519 pristinorum

1992 3536 2259 3589 scelerum
2287 3544 2340 3590 et
2364 3537 2702 3607 impietaium
2730 3539 2887 3592 venia
2914 3553 2979 3593 ac
3005 3539 3352 3605 remissione,
3384 3550 3578 3596 auctor

1990 3627 2150 3681 nobis
2184 3626 2289 3681 fuit
2346 3630 2646 3698 gratiarum
2691 3630 2925 3685 actionis
2976 3631 3033 3684 in
3098 3631 3311 3701 psalmo
3360 3632 3574 3702 positae,

1988 3722 2064 3777 ita
2098 3731 2157 3776 ut
2194 3739 2297 3779 nos
2347 3739 2564 3794 quoque
2620 3725 2804 3779 dicere
2847 3725 3126 3779 valeamus
3166 3744 3179 3780 :
3225 3725 3572 3793 Benedixisti,

1998 3815 2247 3883 Domine,
2285 3826 2482 3870 terram
2526 3828 2669 3870 tuam
2693 3857 2707 3881 ,
2741 3818 2977 3870 avertisti
3005 3818 3360 3887 captivitatem
3382 3816 3570 3875 Iacob.

1989 3907 2271 3963 Remisisti
2334 3911 2640 3979 iniquitates
2689 3908 2854 3978 plebis
2900 3918 3025 3975 tuae,
3088 3910 3342 3978 aperuisti
3393 3912 3574 3964 omnia

1987 4007 2203 4065 peccata
2241 4015 2443 4054 eorum.

306 4091 626 4163 μελημάτων
659 4091 754 4145 καὶ
788 4090 942 4143 λύσιν
1012 4089 1295 4161 προτέρων
1329 4087 1694 4159 ἀσεϐημάτων
1731 4082 2049 4160 παρασχὼν,
2122 4092 2294 4156 αἴτιος
2338 4094 2470 4164 ἡμῖν
2508 4091 2741 4165 κατέστη
2786 4094 2884 4164 τῆς
2947 4095 3005 4147 ἐν
3041 4096 3119 4165 τῷ
3185 4093 3384 4166 ψαλμῷ
3416 4095 3576 4165 εὐχα-

306 4184 530 4253 ριστίας,
558 4185 633 4247 ὼς
668 4182 929 4236 δύνασθαι
974 4182 1074 4234 καὶ
1121 4183 1274 4252 ἡμᾶς
1305 4181 1518 4249 λέγειν·
1558 4180 1937 4250 Εηὺδόκησας,
1988 4187 2187 4255 Κύριε,
2223 4185 2341 4256 τὴν
2390 4185 2507 4258 γῆν
2559 4203 2696 4251 σου,
2752 4188 3137 4256 ἀπέστρεψας
3194 4188 3311 4257 τὴν
3364 4190 3574 4259 αἰχμαρ

306 4276 531 4331 λωσιαν
570 4274 783 4331 Ἰακώϐ.
824 4274 1079 4345 Ἁφῆκας
1123 4274 1231 4341 τὰς
1260 4275 1511 4344 ἀνομίας
1558 4274 1665 4330 τοῦ
1713 4278 1867 4332 λαοῦ
1905 4290 2044 4345 σου,
2067 4280 2388 4351 ἐκάλυψας
2409 4280 2612 4348 πάσας
2637 4282 2745 4348 τὰς
2778 4283 3069 4353 ἁμαρτίας
3098 4281 3317 4337 αὐτῶν.

369 4386 475 4442 Καὶ
514 4389 623 4457 γὰρ
662 4390 695 4441 ὁ
721 4389 935 4456 Κύριος
963 4387 1142 4441 δώσει
1174 4387 1575 4456 χρηστότητα,
1609 4389 1707 4443 καὶ
1731 4390 1770 4458 ἡ
1800 4389 1879 4461 γῆ

303 4477 464 4549 ἡμῶν
492 4479 669 4534 δώσει
701 4479 809 4533 τόν
849 4479 1083 4548 καρπὸν
1128 4482 1339 4549 αὐτης.
1413 4481 1589 4535 Πάλαι
1624 4483 1744 4554 μὲν,
1790 4484 1881 4545 ὅτε

2058 4395 2223 4452 Vens.
2259 4398 2348 4453 15.
2382 4396 2594 4452 Etenim
2632 4397 2887 4454 Dominus
2919 4399 3067 4453 dabit
3107 4400 3498 4471 benignitatem,
3522 4410 3573 4454 et

1986 4501 2133 4545 terra
2166 4502 2349 4547 nostra
2374 4493 2524 4548 dabit
2553 4496 2788 4565 fructum
2817 4513 2991 4550 suum.
3015 4495 3158 4552 Olim
3189 4497 3410 4567 quidem
3442 4514 3567 4552 cum

306 4572 400 4625 ὑπὸ
428 4571 673 4644 κατάραν
711 4567 779 4643 ἦν
809 4572 842 4643 ή
871 4570 965 4641 γῆ,
1009 4572 1260 4637 ἀκάνθας
1284 4572 1379 4626 καὶ
1407 4574 1687 4644 τριϐόλους
1724 4576 1878 4646 ἔφυε,

1996 4581 2091 4635 sub
2112 4582 2405 4638 maledicto
2429 4594 2572 4639 terra
2604 4595 2769 4651 esset,
2804 4587 2993 4654 spinas
3021 4603 3083 4641 ac
3108 4588 3343 4643 tribulos
3373 4588 3571 4658 germi-

306 4662 437 4715 κατὰ
478 4660 541 4714 τὸ
597 4662 905 4733 εἰρημένον·
968 4663 1428 4733 Ἐπικατάρατος
1466 4667 1505 4733 ἡ
1544 4667 1622 4737 γῆ
1661 4669 1731 4722 ὲν
1758 4668 1884 4737 τοῖς

304 4754 489 4823 ἔργοις
518 4766 655 4817 σου,
682 4754 951 4822 ἀκάνθας
982 4757 1079 4810 καί
1104 4760 1418 4827 τριϐόλους
1449 4759 1739 4821 ἀνατελεῖ
1760 4777 1880 4817 σοι·

304 4850 389 4904 νῦν
418 4850 462 4902 δ’
491 4850 580 4903 ὅτε
617 4849 841 4904 τοιαῦτα
884 4851 1065 4919 ἀγαθά
1105 4853 1187 4913 εἰς
1226 4851 1396 4923 αὐτὴν
1442 4853 1719 4924 ἐλήλυθεν,
1753 4856 1885 4909 ἀκο-

303 4942 497 5007 λούθως
526 4943 621 4996 καὶ
646 4942 785 5015 αὐτὴ
812 4943 904 4997 τὸν
936 4945 1283 5015 προσήκοντα
1322 4946 1534 5017 καρπὸν
1571 4947 1881 5001 ἀποδιδόναι

304 5036 535 5105 λέγεται,
566 5036 662 5090 ἆτε
691 5036 755 5108 δὴ
798 5037 1037 5107 τυχοῦσα
1068 5038 1166 5108 τῆς
1195 5037 1346 5109 παρά
1373 5037 1467 5090 τοῦ
1503 5039 1709 5108 Κυρίου
1743 5056 1878 5110 χρη-

307 5131 570 5202 στότητος.
606 5130 833 5203 Καρπός
863 5131 921 5184 δὲ
960 5130 1181 5195 ἐπάξιος
1218 5130 1353 5185 Θεοῦ
1384 5132 1484 5185 οὐκ
1514 5131 1745 5185 ἄκανθαι
1781 5134 1876 5186 καὶ

305 5222 551 5295 τρίϐολοι,
586 5224 721 5277 ἀλλὰ
758 5224 974 5286 πάντως
999 5239 1101 5275 που
1125 5222 1297 5277 ταῦτα
1327 5224 1393 5277 δι’
1422 5218 1498 5277 ὧν
1526 5224 1875 5291 καταξιοῦται

305 5316 542 5385 εὐλογίας
569 5316 668 5387 τῆς
696 5316 846 5388 παρὰ
873 5315 967 5369 τοῦ
996 5315 1151 5370 Θεοῦ.
1182 5316 1258 5387 Γῆ
1290 5316 1349 5370 δέ
1378 5318 1412 5388 ή
1447 5316 1645 5369 πιοῦσα
1673 5316 1763 5369 τὸν
1787 5318 1875 5370 ἐπ’

306 5407 463 5477 αὐτῆς
493 5408 785 5478 ἐρχόμενον
822 5407 1081 5472 πολλάκις
1127 5408 1300 5474 ὑετὸν,
1334 5407 1580 5481 φέρουσά
1616 5425 1675 5461 τε
1715 5408 1875 5479 βοτά-

306 5517 392 5570 νην
409 5498 628 5552 εΰθετον
662 5500 909 5565 ἐκείνοις,
952 5500 1019 5553 δι’
1045 5500 1141 5564 οὒς
1180 5501 1275 5555 καὶ
1304 5504 1654 5574 γεωργεῖται,
1701 5520 1872 5572 μετα-

1985 4673 2177 4736 nabat,
2211 4676 2513 4730 secundum
2549 4677 2681 4730 illud
2719 4697 2729 4730 :
2757 4675 3043 4732 Maledicta
3072 4690 3211 4733 terra
3246 4682 3299 4732 in
3329 4679 3568 4749 operibus

1986 4765 2111 4829 tuis,
2141 4766 2322 4833 spinas
2362 4775 2411 4820 et
2454 4766 2677 4821 tribulos
2710 4769 3025 4838 germinabit
3054 4770 3150 4823 tibi
3177 4770 3223 4801 ⁸⁸
3253 4789 3266 4825 :
3294 4784 3440 4824 nunc
3470 4785 3568 4822 au-

1980 4863 2114 4923 tem,
2142 4873 2268 4912 cum
2303 4860 2359 4913 in
2380 4874 2444 4915 ea
2475 4860 2666 4914 talium
2692 4862 2968 4931 bonorum
3000 4863 3244 4918 accessio
3277 4861 3419 4916 facta
3458 4868 3563 4925 est,

1985 4964 2016 5004 e
2042 4965 2103 5004 re
2137 4961 2529 5021 congruentem
2564 4956 2763 5009 dicitur
2799 4954 3044 5026 proferre
3074 4954 3310 5008 fructum
3339 4970 3353 5019 ;
3381 4962 3568 5022 utpote

1984 5060 2106 5114 quae
2157 5044 2370 5100 Domini
2413 5049 2804 5119 benignitatem
2859 5055 3154 5102 consecuta
3188 5047 3279 5100 sit.
3329 5044 3566 5099 Fructus

1985 5145 2179 5193 autem.
2205 5137 2317 5193 Deo
2345 5139 2543 5209 dignus
2575 5157 2683 5194 non
2727 5142 2899 5210 spinae
2932 5147 2986 5194 et
3018 5138 3203 5193 tribuli
3238 5144 3367 5193 sunt
3395 5155 3410 5201 ;
3469 5136 3565 5191 sed

1983 5243 2047 5283 ea
2096 5230 2257 5298 plane
2298 5232 2498 5301 quibus
2553 5230 2649 5287 Dei
2704 5233 3140 5288 benedictionem
3194 5232 3390 5286 sortita
3454 5238 3563 5284 est.

1984 5320 2153 5375 Terra
2188 5339 2318 5379 vero
2359 5340 2479 5394 quae
2518 5325 2858 5381 decidentem
2910 5326 3147 5396 pluviam
3184 5325 3382 5394 saepius
3412 5324 3563 5377 exci-

1982 5412 2063 5482 pit
2085 5422 2137 5468 et
2170 5414 2326 5479 bibit,
2355 5431 2418 5469 ac
2446 5416 2751 5472 cultoribus
2780 5417 2895 5472 suis
2914 5427 3306 5487 congruentem
3338 5416 3563 5470 herbam

1980 5505 2210 5575 profert,
2241 5522 2304 5562 ea
2334 5508 2731 5565 benediCtionis
2761 5527 2791 5565 a
2824 5509 2934 5564 Deo
2959 5510 3101 5564 datae
3142 5510 3416 5580 particeps
3455 5516 3559 5562 est.

306 5592 560 5663 λαμϐάνει
584 5591 831 5661 εὐλογίας
865 5593 963 5663 τῆς
998 5593 1149 5664 παρά
1186 5594 1280 5646 τοῦ
1321 5593 1477 5651 Θεοῦ.
1514 5595 1752 5658 Εἰκότως
1778 5589 1871 5651 οὖν

1996 5596 2110 5654 lure
2143 5614 2273 5672 ergo
2306 5616 2445 5657 nova
2476 5602 2691 5659 cantica
2718 5604 2880 5659 edere
2917 5610 3063 5658 terra
3099 5602 3342 5674 jubetur,
3376 5607 3564 5670 utpote

368 5749 409 5782 "
448 5752 554 5803 lsa.
592 5764 714 5817 in,
749 5750 799 5805 ι.
875 5750 920 5783 ⁸⁸
960 5748 1095 5816 Luc,
1130 5765 1201 5817 tv,
1244 5749 1331 5806 18.
1408 5750 1451 5787 '9
1478 5748 1628 5837 chn.
1670 5765 1752 5819 ni,
1788 5749 1982 5818 ΗΑΒ.
