4078 6432
485 336 626 393 i027

1233 331 1504 388 EUSEBII
1542 324 2019 388 CESARIENSIS
2039 333 2061 387 (

2164 335 2195 388 ⁵.
2231 330 2415 386 PARS
2445 330 2534 388 III.
2558 346 2635 375 ’-ι-
2668 332 3083 394 ΕΧΕΩΕΤΙΟΔ.

3616 337 3766 395 1028

486 470 609 527 quae
645 453 759 525 jam
792 452 1048 508 indicatis
1077 451 1235 507 bonis
1267 451 1488 523 dignata
1521 450 1614 517 sit,
1657 466 1782 506 cum
1826 449 2061 522 Spiritus

2166 450 2235 505 τὰ
2272 449 2431 505 καινά
2484 450 2708 523 ᾄσματα
2735 449 2884 522 ᾅδειν
2912 447 3314 522 προστάττεται
3342 450 3377 521 ἡ
3423 449 3518 521 γῆ,
3566 449 3647 513 ὡς
3694 451 3771 505 ἂν

489 558 717 603 sanctus
750 544 854 619 ipsi
885 545 1097 600 accinat
1121 552 1174 600 et
1206 544 1387 616 dicatl.
1414 543 1640 599 Cantate
1670 545 1920 610 Domino,
1952 560 2065 598 om—

486 639 571 693 nis
626 648 789 705 terra,
817 646 1028 691 cantate
1078 635 1302 689 Domino
1337 637 1600 690 canticum
1656 652 1845 690 novum
1876 636 1953 700 ‘°;
1986 642 2062 701 et,

490 728 752 784 Dominus
805 728 1065 798 regnavit,
1116 726 1403 781 exsultabit
1443 735 1585 781 terra
1616 726 1682 792 “,
1729 734 1784 782 et
1828 727 1933 780 alia
1979 726 2065 782 his

488 820 713 878 similia.
751 849 823 859 ——
851 818 1018 875 Vens.
1062 818 1150 873 M.
1183 816 1411 873 Justitia
1440 827 1560 873 ante
1587 835 1705 873 eum
1747 818 2062 884 ambulabit,

485 921 537 971 e't
564 923 721 986 ponet
748 914 803 968 in
834 915 921 968 via
946 929 1156 985 gressus
1188 916 1324 983 ejus.
1367 912 1544 985 Hujus
1573 913 1705 969 dicti
1738 914 2066 969 sententiam

486 1007 753 1079 liquidius
802 1005 1036 1061 efferunt
1083 1006 1281 1076 reliqui
1330 1007 1680 1077 interpretes,
1719 1007 2065 1075 maximeque

487 1098 851 1173 Symmachus
880 1100 974 1172 qui
1028 1100 1111 1155 sic
1140 1100 1305 1155 habet
1348 1117 1363 1154 :
1398 1097 1626 1154 Iustitia
1652 1098 2066 1168 uniuscujusque

482 1192 739 1262 praecedet
791 1194 983 1263 ipsum,
1015 1201 1065 1247 et
1097 1203 1251 1263 ponet
1284 1195 1340 1247 in
1369 1195 1456 1248 via
1480 1194 1634 1264 pedes
1672 1194 1808 1263 ejus.
1837 1191 2066 1248 Collatis

490 1298 731 1354 namque
750 1291 914 1339 terrae
937 1283 1120 1347 bonis,
1149 1283 1401 1355 quisquis
1422 1292 1625 1339 terram
1650 1284 1859 1348 incolit,
1879 1290 2068 1353 utpote

483 1376 577 1446 qui
600 1376 829 1445 justitize
856 1375 924 1430 de
959 1376 1104 1431 coelo
1135 1376 1520 1447 prospicientis
1552 1390 1782 1431 consors
1811 1374 1902 1440 sit,
1937 1387 2067 1445 pro-

482 1467 659 1537 priam
684 1468 790 1522 sibi
807 1467 1074 1537 justitiam
1101 1468 1378 1530 obtinens,
1397 1483 1516 1523 eam
1542 1468 1598 1521 in
1617 1468 1701 1521 via
1734 1466 1803 1521 ad
1829 1481 2067 1538 superna

484 1552 704 1617 ducem,
735 1566 800 1607 ac
822 1569 1046 1625 gressus
1076 1571 1206 1613 suos
1236 1556 1559 1626 dirigentem
1591 1555 1849 1623 habebit;
1882 1565 1941 1610 ut
1961 1556 2065 1612 iter

484 1643 555 1697 ad
593 1645 764 1701 coalos
794 1658 1072 1715 emensus,
1108 1642 1512 1719 roboratusque
1540 1657 1595 1703 et
1624 1663 1656 1702 a
1694 1656 2067 1719 praecurrentia

481 1736 697 1807 justitia
731 1753 831 1794 sua
858 1752 1022 1792 manu
1038 1740 1256 1807 ductus,
1281 1756 1515 1811 superna
1547 1741 1819 1811 promissa
1861 1741 2059 1795 nanci-

2168 543 2425 597 τοιούτων
2480 543 2683 615 ἀρτίως
2733 542 3124 614 δεδηλωμένων
3180 540 3568 613 κατηξιωμένη
3587 582 3605 605 ,
3654 542 3765 595 τοῦ

2166 638 2321 707 ἁγίου
2358 638 2678 709 Πνεύματος
2715 635 3116 706 ἐπιφωνοῦντος
3163 635 3299 707 αὐτῇ
3338 636 3433 690 καὶ
3475 635 3763 705 λέγοντος·

2170 732 2397 801 ’.ᾼσατε
2428 731 2511 797 τῷ
2551 730 2750 799 Κυρίῳ
2791 728 2962 784 πᾶσα
2998 728 3039 796 ἡ
3085 727 3184 798 τῆ,
3211 726 3400 795 ᾆσατε
3428 726 3509 793 τῷ
3552 730 3767 796 Κυρίῳ

2165 817 2333 891 ᾆσμα
2362 823 2592 877 καινόν·
2623 822 2737 889 καὶ,
2769 822 2985 891 Κύριος
3007 821 3430 886 ἐϐασίλευσεν,
3462 820 3766 890 ἀγαλλιά-

2165 927 2338 969 σεται
2379 915 2421 983 ἠ
2463 914 2563 987 γῆ,
2612 914 2709 969 xui.
2743 915 2844 968 ὅσα
2887 913 3097 978 τούτοις
3131 915 3295 985 ὅμοια
3331 913 3611 984 τυγχάνει.
3664 914 3766 966 Δι-

2165 1006 2463 1075 καιοσύνη
2514 1006 2797 1061 ἐναντίον
2853 1005 3044 1059 αὐτοῦ
3101 1006 3597 1076 προπορεύσεται,
3654 1006 3768 1060 καὶ

2166 1097 2342 1168 θήσει
2375 1101 2463 1165 είς
2492 1099 2639 1154 ὁδὸν
2674 1099 2748 1154 τὰ
2781 1100 3114 1171 διαδήματα
3157 1098 3365 1154 αὑτοῦ.
3410 1097 3616 1152 Τούτου
3654 1097 3767 1169 τὴν

2163 1190 2404 1245 διάνοιαν
2434 1192 2769 1265 σαφέστερον
2800 1192 3160 1248 ἐκδεδιῖηιασιν
3195 1193 3245 1245 οἱ
3276 1192 3451 1245 λοιποὶ
3482 1192 3772 1261 ἑρμηνεύς·-

2162 1281 2275 1345 ταὶ,
2319 1282 2414 1334 καὶ
2453 1282 2687 1352 μάλιστα
2735 1284 2765 1335 ὁ
2808 1282 3106 1355 Σύμμαχος
3148 1281 3336 1337 εἰπών’
3388 1282 3771 1349 Δικαιοσύνη

2163 1372 2426 1428 ἑκάστου
2451 1376 2882 1444 προελεύσεται
2911 1376 3119 1442 αὐτὸν,
3151 1375 3252 1430 καί
3283 1376 3455 1443 θήσει
3486 1377 3572 1441 είς
3606 1374 3771 1429 ὁδόν

2164 1464 2306 1531 τοὺς
2334 1466 2527 1533 πόδας
2552 1469 2761 1526 αὑτοῦ.
2788 1470 2943 1524 Μετά
2961 1468 3069 1542 γὰρ
3089 1468 3160 1523 τὰ
3181 1472 3249 1542 τῇ
3276 1473 3347 1542 γῇ
3379 1469 3769 1541 κεχαρισμένα

2163 1555 2346 1624 ἀγαθά
2369 1555 2600 1621 ἕκαστος
2618 1557 2728 1611 τῶν
2753 1558 2850 1630 τὴν
2876 1559 2982 1630 γῆν
3010 1560 3435 1622 κατοικούντων,
3461 1558 3537 1622 ὼς
3558 1556 3628 1610 ἀν
3652 1557 3765 1627 τῆς

2164 1645 2226 1710 ἐξ
2261 1647 2508 1719 οὐρανῶν
2549 1648 2894 1721 διακυψάσης
2939 1650 3286 1720 δικαιοσύνης
3317 1647 3622 1721 μετασχὼν,
3660 1650 3767 1702 καὶ

2168 1738 2333 1802 αὐτὸς
2362 1738 2498 1793 ἰδίαν
2528 1741 2873 1813 κτησάμενος
2899 1740 3264 1813 δικαιοσύνην,
3294 1740 3406 1805 ἕξει
3434 1738 3601 1810 αὐτὴν
3627 1756 3765 1810 προ-

491 1837 682 1883 scatur
712 1848 724 1883 :
766 1845 887 1901 quae
922 1829 1175 1887 Salvator
1199 1839 1254 1886 et
1282 1830 1547 1887 Dominus
1592 1841 1781 1887 noster
1810 1832 2061 1886 omnibus

2166 1827 2406 1896 άγουσαν
2438 1830 2601 1884 αὐτὸν
2640 1833 2722 1895 είς
2763 1831 2862 1902 τὴν
2901 1832 3015 1887 ἀνω
3058 1831 3326 1902 φέρουσαν
3357 1830 3497 1895 ὁδὸν,
3540 1830 3639 1883 καὶ
3685 1828 3762 1882 τὰ

486 1917 802 1976 hominibus
832 1921 1176 1977 annuntiavit
1206 1922 1393 1977 dicens
1425 1942 1439 1977 :
1471 1923 1924 1994 Appropinquavit
1973 1938 2062 1977 re-

483 2025 645 2080 gnum
699 2010 1059 2080 caelorum”;
1123 2020 1177 2069 et
1229 2012 1387 2067 Beati
1448 2012 1754 2083 hujusmodi
1796 2012 2059 2081 homines,

482 2102 733 2172 quoniam
761 2105 999 2173 ipsorum
1021 2112 1102 2159 est
1135 2120 1355 2174 regnum
1383 2105 1634 2160 caelorum
1673 2105 1740 2161 “.

2168 1920 2481 1993 διαδήματα
2510 1924 2681 1994 αὐτῆς
2717 1925 3182 1978 κατατάττουσανο
3223 1925 3372 1988 ὅπως
3405 1921 3631 1986 ὁδεύσας
3654 1922 3761 1992 τὴν

2168 2016 2249 2079 είς
2273 2015 2538 2086 οὐρανοὺς
2569 2017 2861 2089 φέρουσαν,
2890 2017 3375 2091 ἐπιστηριζόμενός
3408 2034 3469 2070 τε
3508 2014 3603 2069 καὶ
3635 2032 3760 2084 χει-

2170 2108 2589 2179 ραγωγούμενος
2620 2109 2726 2163 ὑπὸ
2766 2111 2869 2182 τῆς
2912 2110 3262 2183 προαγούσης
3293 2110 3455 2164 αὐτὸν
3476 2105 3761 2161 δικαιοσύ-

482 2211 581 2267 νης
613 2191 798 2262 αὐτοῦ,
829 2196 981 2267 τύχοι
1014 2196 1123 2251 τῶν
1164 2197 1504 2270 ἐπουρανίων
1538 2198 1901 2268 ἐπαγγελιῶν,
1939 2198 2008 2263 ἃς
2035 2200 2064 2252 ὁ
2102 2199 2294 2274 Σωτὴρ
2355 2202 2450 2255 καὶ
2476 2200 2680 2274 Κύριος
2711 2202 2873 2273 ἡμῶν
2907 2205 3177 2276 ἐκήρυττε
3217 2205 3382 2259 πᾶσιν
3433 2200 3760 2273 ἀνθρώποις

483 2289 677 2359 λέγων’
706 2294 982 2363 Ἤγγικεν
1004 2293 1044 2361 ὴ
1067 2293 1359 2358 ,βασιλεία
1380 2293 1500 2348 τῶν
1520 2293 1815 2363 οὐρανῶν·
1843 2295 1960 2363 καὶ,
1990 2296 2283 2366 Μακάριοι
2310 2302 2367 2353 οἱ
2426 2297 2670 2365 τοιοίδε,
2699 2297 2790 2352 ὅτι
2815 2297 3016 2354 αὐτῶν
3036 2299 3206 2353 ἐστιν
3226 2299 3267 2366 ἠ
3302 2297 3593 2363 ,ϐασιλεία
3630 2294 3763 2350 τῶν

483 2389 557 2441 οὐ
580 2386 773 2443 κινῶν.

770 2548 1031 2607 ORATIO
1068 2546 1204 2605 INSI
1239 2548 1470 2606 DAVID.
1514 2550 1775 2607 LXXXV.

556 2688 725 2745 Vens.
759 2687 811 2743 I.
847 2685 1080 2755 Inciina,
1107 2685 1352 2754 Domine,
1401 2705 1584 2743 aurem
1616 2698 1762 2742 tuam
1788 2697 1838 2743 et
1867 2690 2062 2744 exaudi

486 2800 590 2850 me,
624 2782 874 2854 quoniam
918 2782 1067 2846 inaps
1118 2790 1168 2835 et
1201 2796 1402 2850 pauper
1431 2796 1549 2835 sum
1581 2798 1693 2852 ego.
1722 2781 1860 2836 Cum
1889 2781 1977 2837 his
2003 2782 2062 2835 in

485 2874 627 2930 locis
655 2882 891 2945 quatuor
919 2873 1116 2943 psalmi
1145 2873 1381 2942 ﬁliorum
1415 2871 1550 2928 Core
1585 2870 1836 2944 inscripti
1867 2880 2063 2930 cense-

487 2972 720 3036 quenter
747 2972 1041 3035 ponantur,
1072 2978 1304 3034 quorum
1333 2963 1544 3033 primus
1584 2972 1670 3020 εει
1700 2979 1933 3029 LXXXIII,

488 3059 703 3115 cundus
725 3073 949 3122 Lxmv,
979 3058 1177 3113 tertius
1209 3072 1429 3122 Lxxxw,
1461 3064 1774 3127 postremus
1798 3073 2021 3112 Lxxxvn
2042 3098 2057 3123 ,

486 3160 791 3222 opportune
809 3156 1018 3220 quaerat
1049 3149 1247 3219 aliquis
1272 3149 1403 3219 quid
1434 3164 1617 3205 causae
1651 3149 1745 3213 sit,
1771 3151 1915 3220 quod
1940 3166 2063 3205 ora-

2484 2551 2858 2606 npozerxu
2901 2552 2990 2623 To
3040 2552 3262 2607 ΔΑΥιΔ,
3290 2552 3416 2608 ne.

2234 2679 2481 2745 Κλῒνον,
2512 2680 2709 2748 Κύριε,
2736 2678 2804 2733 τὸ
2826 2673 2938 2747 οὖς
2957 2695 3095 2744 σου,
3119 2680 3217 2734 καὶ
3238 2679 3589 2737 ἐπάκουσον
3604 2702 3753 2753 μου,

2164 2773 2253 2829 ὅτι
2285 2774 2521 2845 πτωχὸς
2549 2774 2649 2827 καὶ
2696 2775 2887 2842 πένης
2922 2774 3039 2845 εἰμὶ
3073 2774 3204 2845 ἐγώ.
3246 2775 3540 2847 Τεσσάρων
3578 2778 3756 2833 ὄντων

2165 2867 2363 2939 ἐφεξῆς
2412 2867 2645 2939 ψαλμῶν
2694 2867 2803 2922 τῶν
2858 2868 3355 2940 ἐπιγεγραμμένων
3406 2868 3554 2924 υἱῶν
3589 2874 3753 2942 Κορὲ

2167 2960 2309 3014 κατὰ
2356 2962 2484 3024 τοὺς
2521 2959 2799 3031 παρόντας
2843 2960 3064 3024 τόπους,
3108 2959 3324 3032 πρώτου
3372 2961 3471 3033 μὲν
3498 2962 3592 3016 τοῦ
3632 2972 3754 3033 ’τι-γ’,

2165 3050 2357 3104 ἔπειτα
2396 3049 2491 3103 τοῦ
2534 3049 2638 3116 πδν,
2674 3050 2769 3104 καὶ
2805 3051 2990 3123 τρίτου
3025 3051 3121 3105 τοῦ
3154 3059 3271 3119 erg",
3302 3055 3397 3107 καὶ
3437 3055 3755 3111 τελευταίου

2165 3129 2259 3198 τοῦ
2295 3144 2405 3208 πζ’,
2449 3143 2567 3207 πῶς
2595 3145 2924 3217 ἠπροσευχὴ
2959 3145 3050 3199 τοῦ
3087 3146 3249 3200 Δαυῒδ
3277 3147 3541 3221 ἀκαίρως,
3572 3149 3651 3214 ὡς
3681 3151 3756 3205 ἂν

487 3244 566 3297 ῑὶο
612 3241 831 3297 Davidis
879 3241 1280 3310 intempestive,
1315 3248 1375 3294 ut
1421 3242 1691 3311 quispiam
1744 3242 1962 3308 dixerit,
2002 3243 2059 3296 in

2164 3237 2303 3289 εἴποι
2338 3252 2443 3302 τις,
2487 3235 2934 3306 παρεμϐἐὸληται
2978 3236 3141 3308 μέση,
3180 3237 3417 3307 εὐλόγως
3458 3240 3523 3294 ἄν
3549 3258 3634 3305 τις
3663 3242 3758 3307 ἐξ-

488 3333 670 3389 medio
701 3348 892 3389 eorum
922 3333 1099 3388 locata
1133 3334 1317 3388 fuerit.
1353 3333 1590 3390 [Estimo
1622 3335 1790 3405 igitur
1810 3350 1916 3390 non
1942 3337 2064 3390 sine

487 3441 691 3494 causa,
744 3425 839 3483 sed
881 3426 1348 3496 opportunissime
1399 3427 1677 3482 vaticiniis
1723 3426 1790 3483 de
1841 3427 2063 3482 Christo

488 3514 790 3571 immistam
820 3515 964 3570 hanc
989 3516 1292 3571 orationem
1322 3515 1513 3572 fuisse.
1544 3517 1685 3583 Quia
1711 3518 1857 3573 enim
1890 3518 2064 3573 bono-

485 3621 611 3662 rum
648 3606 939 3677 promissa,
970 3607 1185 3662 veniam
1232 3617 1605 3678 peccatorum,
1638 3609 1734 3665 Dei
1769 3610 1837 3665 ad
1880 3611 2062 3666 homi-

485 3714 585 3756 nes
634 3699 951 3766 adventum,
985 3700 1191 3757 Christi
1240 3700 1604 3772 redemptoris
1646 3717 1712 3757 ac
1756 3702 2063 3759 Servatoris

484 3791 769 3847 hominum
800 3792 1327 3863 peregrinationem,
1365 3795 1528 3863 primi
1576 3795 1775 3866 psalmi
1825 3796 2063 3866 ﬁliorum

485 3884 620 3940 Core
654 3885 928 3965 inscripti
961 3885 1425 3950 vaticinabantur,
1460 3886 1717 3942 videlicet
1765 3874 1975 3942 unm
2009 3896 2065 3944 et

484 3993 706 4044 Lxxxiv,
737 3978 847 4032 imo
872 3978 1037 4033 etiam
1065 3978 1159 4051 qui
1205 3988 1394 4049 postea
1426 3979 1665 4049 ﬁliorum
1701 3977 1836 4035 Core
1864 3980 2064 4036 inscri-

483 4072 709 4136 buntur,
744 4071 984 4141 gentium
1018 4070 1384 4137 vocationem,
1420 4070 1626 4127 Christi
1669 4079 1875 4139 ortum,
1913 4088 2064 4127 mor-

485 4170 593 4217 tem
625 4162 694 4217 ab
717 4176 783 4216 eo
812 4176 911 4231 pro
940 4160 1256 4216 hominibus
1287 4171 1621 4232 susceptam,
1651 4162 2058 4233 praedicabant;

483 4254 725 4308 arbitror
744 4253 801 4307 in
828 4251 1009 4308 medio
1034 4253 1332 4323 prophetiae
1360 4253 1525 4310 hasce
1569 4269 1660 4311 res
1688 4255 2061 4326 praenuntian-

483 4350 557 4404 tis
593 4343 1197 4418 necessario'positam
1233 4347 1407 4405 fuisse
1458 4347 1684 4405 Davidis
1731 4351 2058 4417 orationem,

482 4455 589 4512 qua
621 4441 892 4511 supplicat
922 4439 1066 4495 bona
1087 4456 1186 4511 per
1210 4439 1547 4496 Salvatorem
1578 4442 1850 4499 universis
1882 4442 2063 4498 homi-

2164 3326 2423 3380 ετάσειεν.
2462 3324 2735 3397 Ἦγοῦμαι
2760 3326 2939 3381 τοίνυν
2964 3328 3064 3381 οὐκ
3086 3328 3316 3397 ἀλόγως,
3349 3329 3465 3383 ἀλλ’
3497 3332 3759 3404 εὐκαιρό-

2161 3434 2300 3471 τατα
2338 3419 2460 3481 ταῖς
2502 3418 2631 3489 περὶ
2670 3417 2766 3471 τοῦ
2812 3418 3051 3490 Χριστοῦ
3100 3421 3459 3493 προφητείαις
3490 3436 3754 3495 παραμε-

2165 3508 2355 3579 μίχθαι
2381 3509 2482 3581 τὴν
2515 3510 2880 3583 προκειμένην
2915 3514 3100 3585 εὐχήν,
3150 3513 3365 3585 Ἐπειδὴ
3391 3514 3499 3587 γὰρ
3524 3516 3758 3584 ἀγαθῶν

2163 3600 2496 3669 ἐπαγγελίας
2529 3602 2624 3657 καὶ
2665 3604 2887 3672 ἀφέσεις
2931 3604 3365 3677 ἁμαρτημάτων,
3402 3605 3538 3660 Θεοῦ
3571 3625 3632 3660 τε
3669 3611 3758 3672 είς

2163 3691 2485 3762 ἀνθρώπους
2510 3696 2813 3767 παρουσίαν
2856 3695 2951 3749 καὶ
2988 3695 3225 3767 Χριστοῦ
3264 3696 3446 3765 ἄφιξιν
3472 3697 3758 3769 λυτρωτοῦ

2164 3785 2259 3838 καὶ
2286 3785 2536 3857 Σωτῆρος
2581 3786 2905 3858 ἀνθρώπων,
2939 3789 2987 3840 oi
3028 3788 3236 3859 πρῶτοι
3267 3788 3377 3842 τῶν
3405 3790 3757 3860 ἐπιγεγραμ-

2167 3877 2342 3947 μένων
2391 3879 2538 3933 υἱῶν
2568 3881 2720 3948 Κορὲ
2772 3884 3170 3953 προεφήτευον,
3226 3882 3318 3936 ὅτε
3356 3889 3450 3951 πγ¹
3494 3882 3590 3936 καί
3639 3881 3755 3937 πᾶν.

2177 3969 2337 4023 Ἀλλά
2373 3973 2466 4024 καὶ
2502 3973 2552 4025 οἱ
2585 3972 2712 4045 ἐξῆς
2741 3973 3115 4046 ἐπιλεγόμενοι
3142 3960 3258 4028 τῶν
3288 3974 3436 4029 υἱῶν·
3452 3975 3628 4044 Κορὲ,
3654 3976 3754 4029 καὶ

2163 4062 2317 4115 αὐτοὶ
2343 4062 2514 4118 ἐθνῶν
2548 4064 2743 4137 κλῆσιν
2764 4066 3198 4139 εὐηγγελίζοντο,
3226 4067 3321 4121 καὶ
3344 4067 3580 4139 Χριστοῦ
3601 4067 3756 4136 γένε-

2164 4171 2270 4219 σιν,
2302 4158 2397 4209 καὶ
2424 4157 2515 4210 τὸν
2556 4157 2698 4230 ὑπὲρ
2736 4158 3038 4231 ἀνθρώπων
3084 4159 3248 4214 αὐτοῦ
3291 4159 3535 4213 θάνατον’
3580 4161 3755 4229 ἀναγ-

2161 4248 2333 4313 καίως
2364 4249 2603 4322 ἡγοῦμαι
2639 4251 2741 4323 τῆς
2790 4252 2919 4325 περὶ
2955 4252 3162 4306 τούτων
3200 4252 3536 4324 προφητείας
3575 4253 3753 4324 μέσην

2162 4341 2653 4415 παρεμσεόλῆσθαι
2678 4345 2779 4416 τὴν
2803 4345 3113 4418 προσευχὴν
3134 4345 3227 4399 τοῦ
3253 4347 3433 4413 Δαυῖδ,
3455 4348 3522 4401 δι’
3541 4344 3611 4420 ἧς
3633 4350 3749 4401 ἱκε-

2159 4432 2309 4486 τεύει
2342 4436 2527 4505 τυχεῖν
2568 4436 2664 4490 κού⁸
2701 4437 2865 4501 αὐτὸς
2904 4437 3011 4493 τῶν
3043 4436 3134 4492 διὰ
3163 4438 3257 4491 τοῦ
3300 4430 3553 4512 Σωτῆρος
3582 4442 3749 4493 πᾶσιν

480 4534 648 4589 nibus
677 4532 1045 4605 procuranda,
1076 4534 1180 4589 sibi
1204 4549 1424 4605 quoque
1456 4534 1698 4592 conferri
1723 4538 1742 4601 ;‘
1767 4543 1828 4591 ut
1868 4545 1922 4593 et
1942 4538 2061 4610 ipse

2164 4524 2468 4598 ἀνθρώποις
2494 4527 2935 4600 προξενουμένων
2961 4529 3203 4599 ἀγαθῶψ
3229 4530 3307 4594 ὼς
3342 4530 3428 4597 ἂν,
3458 4531 3553 4585 καὶ
3586 4532 3750 4597 αὐτὸς

482 4626 751 4681 bonorum
775 4639 897 4696 quae
919 4625 970 4679 in
995 4624 1282 4695 prophetia
1307 4624 1668 4681 enuntiantur
1689 4641 1940 4693 consors,
1963 4607 2059 4683 ve-

2164 4620 2454 4691 γενόμενος
2482 4621 2741 4686 κοινωνὸς
2772 4622 2882 4677 τῶν
2916 4622 3434 4696 προφητευομένων,
3462 4623 3614 4694 τύχοι
3650 4625 3751 4695 μὲν

480 4719 631 4774 niam
662 4726 1017 4789 peccatorum
1072 4725 1464 4786 consequatur,
1508 4733 1819 4789 magnoque
1853 4719 1949 4775 illo
1994 4735 2060 4775 ac

482 4811 709 4866 salutari
745 4811 889 4865 hono
921 4809 1154 4876 fruatur,
1183 4811 1327 4881 quod
1360 4811 1618 4867 omnibus
1650 4812 1906 4883 gentibus
1932 4830 2061 4884 pro-

480 4903 738 4958 mittitur.
772 4904 832 4957 ln
863 4902 967 4958 hac
1005 4902 1190 4973 itaque
1234 4903 1484 4958 oratione
1526 4900 1697 4960 David
1741 4904 1966 4961 effusam
2004 4906 2061 4961 in

479 5011 671 5051 omnes
699 5002 890 5064 gentes
928 4993 1159 5064 gratiam
1196 5000 1485 5058 memorat,
1514 5009 1678 5064 quam
1709 4993 1968 5050 demirari
1998 5010 2059 5051 se

479 5098 534 5145 et
589 5099 813 5159 stupere
862 5088 1151 5157 protltetur
1196 5085 1282 5141 his
1313 5086 1499 5141 verbis
1536 5104 1550 5140 :
1585 5085 1708 5139 Non
1747 5094 1825 5139 est
1863 5086 2057 5140 similis

480 5178 561 5233 tui
586 5179 642 5232 in
671 5178 796 5242 diis,
835 5175 1072 5240 Domine,
1101 5183 1151 5229 et
1181 5190 1285 5228 non
1316 5182 1394 5228 est
1439 5175 1719 5229 secundum
1751 5191 1910 5244 opera
1941 5183 2053 5229 tua.

484 5270 676 5325 Omnes
706 5279 878 5340 gentes
908 5282 1242 5337 quascunque
1265 5264 1439 5335 fecisti
1462 5266 1663 5320 venient
1685 5275 1733 5319 et
1757 5265 2056 5320 adorabunt

480 5379 661 5416 coram
693 5372 756 5415 te.
792 5360 932 5426 Quia
962 5360 1132 5429 igitur
1159 5358 1275 5428 ipse
1305 5373 1523 5428 quoque
1560 5357 1712 5427 paria
1743 5358 1886 5411 bona
1923 5372 2057 5411 con«

482 5454 634 5525 sequi
664 5454 1011 5524 precabatur,
1042 5451 1348 5506 orationem
1390 5465 1545 5507 suam
1577 5451 1632 5504 in
1683 5449 1862 5503 medio
1909 5449 2058 5518 psal-

482 5561 695 5598 morum
719 5543 1157 5614 evangelicorum
1185 5552 1551 5614 congruenter
1581 5542 1805 5597 locavit.
1838 5540 1963 5596 Haec
1990 5540 2057 5596 de

482 5631 759 5701 proposita
794 5631 1094 5701 quastione
1128 5630 1277 5686 dicta
1325 5632 1458 5686 sint.
1504 5630 1618 5686 Nec
1665 5631 2052 5704 ignorantium,

2166 4712 2414 4781 ἀφέσεως
2449 4714 2753 4786 ἁμαρτιῶν,
2795 4715 3091 4770 ἀπολαύσοι
3124 4716 3182 4770 δὲ
3210 4718 3312 4788 τῆς
3352 4716 3621 4788 σωτηρίου
3652 4735 3749 4789 με-

2165 4806 2506 4879 γαλώωρεᾶς
2546 4808 2647 4878 τῆς
2692 4809 2825 4861 πᾶσι
2860 4812 2975 4873 τοῖς
3014 4809 3190 4864 ἔθνεσι
3232 4809 3748 4880 εὐαγγελιζομένης.

2166 4900 2509 4971 Μνημονεύει
2542 4901 2674 4969 γοῦν
2703 4902 2761 4956 ἐν
2799 4904 2863 4973 τῇ
2897 4901 3062 4956 αὑτοῦ
3093 4905 3371 4974 προσευχῇ
3399 4904 3428 4955 ὁ
3455 4893 3619 4954 Δαυῗδ
3645 4902 3749 4971 τῆς

2162 4993 2242 5056 εἰς
2273 4992 2344 5046 τά
2370 4993 2495 5065 ἔθνη
2525 4993 2782 5065 χυθείσης
2817 4993 2911 5047 τοῦ
2954 4994 3088 5048 Θεοῦ
3137 4994 3380 5067 χάριτος,
3425 4993 3748 5064 ἀποθαυμὰ-

2165 5084 2271 5150 ζων
2302 5085 2395 5139 καὶ
2428 5086 2860 5157 ἐκπληττόμενος
2883 5088 2983 5159 τὴν
3000 5087 3187 5160 χάριν,
3216 5087 3283 5140 δι’
3310 5081 3387 5141 ὧν
3414 5103 3601 5157 φησιν’
3625 5089 3747 5139 Οὐκ

2162 5175 2334 5229 ἐστιν
2363 5175 2565 5245 ὅμοιός
2599 5193 2698 5230 σοι
2752 5177 2822 5229 ἐν
2859 5177 3033 5243 θεοῖς,
3082 5179 3279 5245 Κύριε,
3326 5177 3426 5230 καὶ
3475 5178 3585 5229 οὐκ
3614 5175 3748 5229 ἐστι

2163 5273 2312 5325 κατὰ
2339 5269 2410 5321 τὰ
2444 5256 2587 5337 ἔργα
2617 5286 2755 5322 σου.
2790 5269 2993 5322 Πάντα
3023 5270 3095 5323 τὰ
3123 5270 3268 5337 ἔθνη
3307 5268 3424 5324 ὅσα
3451 5267 3746 5333 ἐποίησας

2164 5356 2383 5424 ἥξουσι
2411 5360 2508 5412 καὶ
2538 5361 3082 5427 προσκυνήσουσιν
3124 5359 3381 5414 ἐνώπιόν
3406 5374 3544 5413 σου.
3591 5358 3746 5410 Ἐπεὶ

2161 5448 2341 5501 τοίνυν
2381 5450 2476 5502 καὶ
2524 5452 2688 5514 αὐτὸς
2730 5450 2927 5522 ηὔχετο
2968 5449 3062 5504 τοῦ
3109 5451 3238 5504 ἴσων
3277 5450 3500 5520 ἀγαθῶν
3537 5452 3742 5520 τυχεῖν,

2161 5540 2386 5603 εἰκότως
2417 5542 2516 5611 τὴν
2550 5542 2744 5595 ἑαυτοῦ
2778 5544 3087 5615 προσευχὴν
3120 5544 3290 5615 μέσην
3318 5543 3427 5596 τῶν
3462 5541 3745 5610 εύαγγελι--

2162 5633 2274 5686 κῶν
2313 5632 2543 5703 ψαλμῶν
2592 5634 2986 5706 παρεμϐάλλει.
3034 5636 3219 5690 Ταῦτα
3276 5636 3375 5707 μὲν
3409 5631 3502 5692 οὖν
3532 5636 3613 5697 είς
3642 5631 3742 5704 τὴν

552 5784 597 5816 ⁸⁸
634 5782 778 5840 Psal.
818 5798 940 5851 xcv,
976 5783 1029 5839 1.
1108 5785 1149 5816 ⁶¹
1189 5782 1337 5841 Psal.
1374 5801 1529 5854 xcvr,
1570 5788 1619 5840 1.
1699 5788 1753 5861 ⁶²ν
1782 5785 1974 5843 Matth.
2010 5804 2061 5842 na

2164 5789 2195 5843 Ξ.
2274 5789 2317 5819 ⁸³
2358 5787 2546 5844 Matth.
2576 5807 2631 5856 ν,
2661 5789 2715 5855 5,
2754 5790 2841 5845 10.
