  <div class='ocr_page' id='page_1' title='image "/cluster/home/n/w/nwhite01/storage/ocr_20150623/23/nnc1.0046978313/540.png"; bbox 0 0 4078 6432; ppageno 0'>
   <div class='ocr_carea' id='block_1_1' title="bbox 306 333 450 391">
    <p class='ocr_par' dir='ltr' id='par_1_1' title="bbox 306 333 450 391">
     <span class='ocr_line' id='line_1_1' title="bbox 306 333 450 391; baseline 0.014 -2"><span class='ocrx_word' id='word_1_1' title='bbox 306 336 335 389; x_wconf 81' lang='grc'><strong>1</strong></span> <span class='ocrx_word' id='word_1_2' title='bbox 346 333 450 391; x_wconf 72' lang='lat'><strong>0‘29</strong></span> 
     </span>
    </p>
   </div>
   <div class='ocr_carea' id='block_1_2' title="bbox 1426 303 2445 383">
    <p class='ocr_par' dir='ltr' id='par_1_2' title="bbox 1426 303 2445 383">
     <span class='ocr_line' id='line_1_2' title="bbox 1426 303 2445 383; baseline -0.005 0"><span class='ocrx_word' id='word_1_3' title='bbox 1426 324 1947 383; x_wconf 63' lang='lat' dir='ltr'><strong>‘eounENrama</strong></span> <span class='ocrx_word' id='word_1_4' title='bbox 1985 323 2053 379; x_wconf 75' lang='lat' dir='ltr'><strong>1N</strong></span> <span class='ocrx_word' id='word_1_5' title='bbox 2094 303 2445 382; x_wconf 59' lang='lat' dir='ltr'><strong>Pssimos.‘</strong></span> 
     </span>
    </p>
   </div>
   <div class='ocr_carea' id='block_1_3' title="bbox 3438 324 3576 382">
    <p class='ocr_par' dir='ltr' id='par_1_3' title="bbox 3438 324 3576 382">
     <span class='ocr_line' id='line_1_3' title="bbox 3438 324 3576 382; baseline 0.036 -5"><span class='ocrx_word' id='word_1_6' title='bbox 3438 324 3576 382; x_wconf 71' lang='lat'><strong>1030</strong></span> 
     </span>
    </p>
   </div>
   <div class='ocr_carea' id='block_1_4' title="bbox 304 437 1880 520">
    <p class='ocr_par' dir='ltr' id='par_1_4' title="bbox 304 440 1880 520">
     <span class='ocr_line' id='line_1_4' title="bbox 304 440 1880 520; baseline -0.007 -16"><span class='ocrx_word' id='word_1_7' title='bbox 304 449 589 520; x_wconf 78' lang='grc' dir='ltr'>λεχθεῖσαν</span> <span class='ocrx_word' id='word_1_8' title='bbox 619 442 877 515; x_wconf 82' lang='grc' dir='ltr'><strong>πρότασιν</strong></span> <span class='ocrx_word' id='word_1_9' title='bbox 906 440 1159 513; x_wconf 82' lang='grc' dir='ltr'>εἰρήσθω.</span> <span class='ocrx_word' id='word_1_10' title='bbox 1190 440 1310 512; x_wconf 86' lang='grc' dir='ltr'>Χρὴ</span> <span class='ocrx_word' id='word_1_11' title='bbox 1341 441 1398 494; x_wconf 85' lang='grc' dir='ltr'>δὲ</span> <span class='ocrx_word' id='word_1_12' title='bbox 1434 441 1508 512; x_wconf 86' lang='grc' dir='ltr'>μὴ</span> <span class='ocrx_word' id='word_1_13' title='bbox 1539 443 1771 509; x_wconf 82' lang='grc' dir='ltr'>ἀγνοεῖν,</span> <span class='ocrx_word' id='word_1_14' title='bbox 1806 442 1880 493; x_wconf 85' lang='grc' dir='ltr'><strong>ὅτι</strong></span> 
     </span>
    </p>
   </div>
   <div class='ocr_carea' id='block_1_5' title="bbox 1984 437 3575 520">
    <p class='ocr_par' dir='ltr' id='par_1_5' title="bbox 1993 437 3575 511">
     <span class='ocr_line' id='line_1_5' title="bbox 1993 437 3575 511; baseline 0.001 -18"><span class='ocrx_word' id='word_1_15' title='bbox 1993 440 2130 495; x_wconf 89' lang='lat' dir='ltr'><strong>alios</strong></span> <span class='ocrx_word' id='word_1_16' title='bbox 2154 441 2444 510; x_wconf 88' lang='lat' dir='ltr'><strong>plerosque</strong></span> <span class='ocrx_word' id='word_1_17' title='bbox 2470 439 2709 511; x_wconf 88' lang='lat' dir='ltr'><strong>psalmos</strong></span> <span class='ocrx_word' id='word_1_18' title='bbox 2739 454 2860 496; x_wconf 89' lang='lat' dir='ltr'><strong>esse</strong></span> <span class='ocrx_word' id='word_1_19' title='bbox 2882 439 2997 511; x_wconf 89' lang='lat' dir='ltr'><strong>qui,</strong></span> <span class='ocrx_word' id='word_1_20' title='bbox 3023 438 3233 503; x_wconf 79' lang='lat' dir='ltr'><strong>Oratio,</strong></span> <span class='ocrx_word' id='word_1_21' title='bbox 3261 437 3575 496; x_wconf 85' lang='lat' dir='ltr'><strong>inscribun-</strong></span> 
     </span>
    </p>
   </div>
   <div class='ocr_carea' id='block_1_6' title="bbox 306 532 1891 605">
    <p class='ocr_par' dir='ltr' id='par_1_6' title="bbox 306 532 1891 605">
     <span class='ocr_line' id='line_1_6' title="bbox 306 532 1891 605; baseline -0.006 -9"><span class='ocrx_word' id='word_1_22' title='bbox 306 543 402 596; x_wconf 75' lang='grc' dir='ltr'><strong>καὶ</strong></span> <span class='ocrx_word' id='word_1_23' title='bbox 437 538 582 594; x_wconf 84' lang='grc' dir='ltr'>ἄλλοι</span> <span class='ocrx_word' id='word_1_24' title='bbox 628 535 844 597; x_wconf 88' lang='grc' dir='ltr'>πλείους</span> <span class='ocrx_word' id='word_1_25' title='bbox 884 534 991 587; x_wconf 73' lang='grc' dir='ltr'>εἰσὶ</span> <span class='ocrx_word' id='word_1_26' title='bbox 1021 532 1376 602; x_wconf 80' lang='grc' dir='ltr'>Προσευχῆς</span> <span class='ocrx_word' id='word_1_27' title='bbox 1426 534 1891 605; x_wconf 78' lang='grc' dir='ltr'><strong>ἐπιγεγραμμένοι</strong></span> 
     </span>
    </p>
   </div>
   <div class='ocr_carea' id='block_1_7' title="bbox 302 620 1890 699">
    <p class='ocr_par' dir='ltr' id='par_1_7' title="bbox 302 620 1890 699">
     <span class='ocr_line' id='line_1_7' title="bbox 302 620 1890 699; baseline -0.003 -17"><span class='ocrx_word' id='word_1_28' title='bbox 302 629 529 699; x_wconf 79' lang='grc' dir='ltr'>ψαλμοί·</span> <span class='ocrx_word' id='word_1_29' title='bbox 554 626 666 680; x_wconf 85' lang='grc' dir='ltr'>ἀλλ’</span> <span class='ocrx_word' id='word_1_30' title='bbox 695 620 847 688; x_wconf 70' lang='grc' dir='ltr'>οὗτος</span> <span class='ocrx_word' id='word_1_31' title='bbox 878 627 1013 695; x_wconf 86' lang='grc' dir='ltr'><strong>μετά</strong></span> <span class='ocrx_word' id='word_1_32' title='bbox 1046 623 1382 694; x_wconf 73' lang='grc' dir='ltr'><strong>προσθήκης,</strong></span> <span class='ocrx_word' id='word_1_33' title='bbox 1427 624 1535 677; x_wconf 86' lang='grc' dir='ltr'><strong>τοῦ</strong></span> <span class='ocrx_word' id='word_1_34' title='bbox 1571 626 1770 690; x_wconf 82' lang='grc' dir='ltr'>Δαυῒδ,</span> <span class='ocrx_word' id='word_1_35' title='bbox 1810 626 1890 678; x_wconf 79' lang='grc' dir='ltr'><strong>εἷ-</strong></span> 
     </span>
    </p>
   </div>
   <div class='ocr_carea' id='block_1_8' title="bbox 308 714 1892 789">
    <p class='ocr_par' dir='ltr' id='par_1_8' title="bbox 308 714 1892 789">
     <span class='ocr_line' id='line_1_8' title="bbox 308 714 1892 789; baseline -0.002 -18"><span class='ocrx_word' id='word_1_36' title='bbox 308 735 489 788; x_wconf 90' lang='grc' dir='ltr'>ρηται·</span> <span class='ocrx_word' id='word_1_37' title='bbox 512 716 698 789; x_wconf 85' lang='grc' dir='ltr'>’έτερος</span> <span class='ocrx_word' id='word_1_38' title='bbox 722 715 777 768; x_wconf 80' lang='grc' dir='ltr'><strong>δὲ</strong></span> <span class='ocrx_word' id='word_1_39' title='bbox 805 714 1231 784; x_wconf 78' lang='grc' dir='ltr'>ἐπιγέγραπται,</span> <span class='ocrx_word' id='word_1_40' title='bbox 1260 715 1576 785; x_wconf 80' lang='grc' dir='ltr'>Προσευχὴ</span> <span class='ocrx_word' id='word_1_41' title='bbox 1598 715 1703 769; x_wconf 85' lang='grc' dir='ltr'><strong>τοῦ</strong></span> <span class='ocrx_word' id='word_1_42' title='bbox 1725 720 1892 770; x_wconf 65' lang='lat' dir='ltr'><strong>Maii)-</strong></span> 
     </span>
    </p>
   </div>
   <div class='ocr_carea' id='block_1_9' title="bbox 303 806 1890 878">
    <p class='ocr_par' dir='ltr' id='par_1_9' title="bbox 303 806 1890 878">
     <span class='ocr_line' id='line_1_9' title="bbox 303 806 1890 878; baseline -0.001 -15"><span class='ocrx_word' id='word_1_43' title='bbox 303 808 389 877; x_wconf 84' lang='grc' dir='ltr'><strong><em>σῆ</em></strong></span> <span class='ocrx_word' id='word_1_44' title='bbox 418 808 729 877; x_wconf 82' lang='grc' dir='ltr'>ἀνθρώπου</span> <span class='ocrx_word' id='word_1_45' title='bbox 758 806 863 860; x_wconf 81' lang='grc' dir='ltr'><strong>τοῦ</strong></span> <span class='ocrx_word' id='word_1_46' title='bbox 901 807 1067 860; x_wconf 84' lang='grc' dir='ltr'><strong>Θεοῦ·</strong></span> <span class='ocrx_word' id='word_1_47' title='bbox 1104 807 1195 859; x_wconf 79' lang='grc' dir='ltr'><strong>καὶ</strong></span> <span class='ocrx_word' id='word_1_48' title='bbox 1223 806 1398 870; x_wconf 81' lang='grc' dir='ltr'>ἄλλος,</span> <span class='ocrx_word' id='word_1_49' title='bbox 1437 808 1754 878; x_wconf 81' lang='grc' dir='ltr'>Προσευχὴ</span> <span class='ocrx_word' id='word_1_50' title='bbox 1784 809 1890 863; x_wconf 86' lang='grc' dir='ltr'><strong>τοῦ</strong></span> 
     </span>
    </p>
   </div>
   <div class='ocr_carea' id='block_1_10' title="bbox 305 899 1891 971">
    <p class='ocr_par' dir='ltr' id='par_1_10' title="bbox 305 899 1891 971">
     <span class='ocr_line' id='line_1_10' title="bbox 305 899 1891 971; baseline 0.001 -16"><span class='ocrx_word' id='word_1_51' title='bbox 305 902 568 971; x_wconf 80' lang='grc' dir='ltr'>πτωχοῦ,</span> <span class='ocrx_word' id='word_1_52' title='bbox 596 900 742 954; x_wconf 84' lang='grc' dir='ltr'>ὅταν</span> <span class='ocrx_word' id='word_1_53' title='bbox 764 899 1065 967; x_wconf 79' lang='grc' dir='ltr'>ἀκηδιάσῃ</span> <span class='ocrx_word' id='word_1_54' title='bbox 1098 899 1195 952; x_wconf 80' lang='grc' dir='ltr'>καὶ</span> <span class='ocrx_word' id='word_1_55' title='bbox 1232 900 1509 954; x_wconf 77' lang='grc' dir='ltr'>ἐναντίον</span> <span class='ocrx_word' id='word_1_56' title='bbox 1534 902 1639 955; x_wconf 85' lang='grc' dir='ltr'><strong>τοῦ</strong></span> <span class='ocrx_word' id='word_1_57' title='bbox 1669 902 1891 970; x_wconf 83' lang='grc' dir='ltr'><strong>Κυρίου</strong></span> 
     </span>
    </p>
   </div>
   <div class='ocr_carea' id='block_1_11' title="bbox 304 992 1890 1064">
    <p class='ocr_par' dir='ltr' id='par_1_11' title="bbox 304 992 1890 1064">
     <span class='ocr_line' id='line_1_11' title="bbox 304 992 1890 1064; baseline 0.001 -16"><span class='ocrx_word' id='word_1_58' title='bbox 304 996 490 1063; x_wconf 77' lang='grc' dir='ltr'>ἐκχέῃ</span> <span class='ocrx_word' id='word_1_59' title='bbox 519 994 635 1061; x_wconf 75' lang='grc' dir='ltr'><strong>τὴν</strong></span> <span class='ocrx_word' id='word_1_60' title='bbox 660 992 876 1059; x_wconf 74' lang='grc' dir='ltr'>δέησιν</span> <span class='ocrx_word' id='word_1_61' title='bbox 900 992 1106 1046; x_wconf 85' lang='grc' dir='ltr'>αὐτοῦ.</span> <span class='ocrx_word' id='word_1_62' title='bbox 1154 992 1290 1044; x_wconf 84' lang='grc' dir='ltr'>Ἀλλ’</span> <span class='ocrx_word' id='word_1_63' title='bbox 1314 993 1387 1057; x_wconf 83' lang='grc' dir='ltr'><strong>ὡς</strong></span> <span class='ocrx_word' id='word_1_64' title='bbox 1420 994 1890 1064; x_wconf 79' lang='grc' dir='ltr'>ὲπαναϐεϐηκότες</span> 
     </span>
    </p>
   </div>
   <div class='ocr_carea' id='block_1_12' title="bbox 300 1084 1891 1157">
    <p class='ocr_par' dir='ltr' id='par_1_12' title="bbox 300 1084 1891 1157">
     <span class='ocr_line' id='line_1_12' title="bbox 300 1084 1891 1157; baseline -0.001 -18"><span class='ocrx_word' id='word_1_65' title='bbox 300 1087 401 1150; x_wconf 84' lang='grc' dir='ltr'><strong>τάς</strong></span> <span class='ocrx_word' id='word_1_66' title='bbox 435 1087 491 1140; x_wconf 86' lang='grc' dir='ltr'>ὲν</span> <span class='ocrx_word' id='word_1_67' title='bbox 518 1088 584 1156; x_wconf 84' lang='grc' dir='ltr'>τῇ</span> <span class='ocrx_word' id='word_1_68' title='bbox 616 1084 827 1154; x_wconf 81' lang='grc' dir='ltr'>Παλαιᾷ</span> <span class='ocrx_word' id='word_1_69' title='bbox 854 1084 1040 1153; x_wconf 86' lang='grc' dir='ltr'>Γραφῇ</span> <span class='ocrx_word' id='word_1_70' title='bbox 1078 1085 1403 1155; x_wconf 79' lang='grc' dir='ltr'>προσευχὰς,</span> <span class='ocrx_word' id='word_1_71' title='bbox 1436 1086 1485 1137; x_wconf 91' lang='grc' dir='ltr'>οἱ</span> <span class='ocrx_word' id='word_1_72' title='bbox 1519 1084 1609 1137; x_wconf 88' lang='grc' dir='ltr'><strong>τοῦ</strong></span> <span class='ocrx_word' id='word_1_73' title='bbox 1642 1086 1891 1157; x_wconf 83' lang='grc' dir='ltr'><strong>Σωτῆρος</strong></span> 
     </span>
    </p>
   </div>
   <div class='ocr_carea' id='block_1_13' title="bbox 302 1175 1891 1247">
    <p class='ocr_par' dir='ltr' id='par_1_13' title="bbox 302 1175 1891 1247">
     <span class='ocr_line' id='line_1_13' title="bbox 302 1175 1891 1247; baseline 0.003 -19"><span class='ocrx_word' id='word_1_74' title='bbox 302 1175 462 1247; x_wconf 81' lang='grc' dir='ltr'>ἡμῶν</span> <span class='ocrx_word' id='word_1_75' title='bbox 512 1176 815 1230; x_wconf 79' lang='grc' dir='ltr'>ἀπόστολοιξ</span> <span class='ocrx_word' id='word_1_76' title='bbox 844 1175 1231 1245; x_wconf 77' lang='grc' dir='ltr'>προσελθόντες</span> <span class='ocrx_word' id='word_1_77' title='bbox 1263 1176 1447 1245; x_wconf 78' lang='grc' dir='ltr'>ἠξίουν</span> <span class='ocrx_word' id='word_1_78' title='bbox 1485 1178 1647 1230; x_wconf 80' lang='grc' dir='ltr'>αὐτὸν</span> <span class='ocrx_word' id='word_1_79' title='bbox 1685 1178 1891 1245; x_wconf 80' lang='grc' dir='ltr'>διδάξαι</span> 
     </span>
    </p>
   </div>
   <div class='ocr_carea' id='block_1_14' title="bbox 301 1266 1890 1341">
    <p class='ocr_par' dir='ltr' id='par_1_14' title="bbox 301 1266 1890 1341">
     <span class='ocr_line' id='line_1_14' title="bbox 301 1266 1890 1341; baseline 0.004 -21"><span class='ocrx_word' id='word_1_80' title='bbox 301 1269 499 1332; x_wconf 81' lang='grc' dir='ltr'>αὐτοὺς</span> <span class='ocrx_word' id='word_1_81' title='bbox 542 1266 975 1338; x_wconf 82' lang='grc' dir='ltr'>προσεύχεσθαι·</span> <span class='ocrx_word' id='word_1_82' title='bbox 1022 1268 1049 1319; x_wconf 89' lang='grc' dir='ltr'><strong>ὁ</strong></span> <span class='ocrx_word' id='word_1_83' title='bbox 1084 1268 1139 1321; x_wconf 83' lang='grc' dir='ltr'><strong>δὲ</strong></span> <span class='ocrx_word' id='word_1_84' title='bbox 1171 1268 1433 1335; x_wconf 81' lang='grc' dir='ltr'>διδάσκει,</span> <span class='ocrx_word' id='word_1_85' title='bbox 1486 1271 1667 1341; x_wconf 88' lang='grc' dir='ltr'>μόνοις</span> <span class='ocrx_word' id='word_1_86' title='bbox 1706 1274 1890 1338; x_wconf 85' lang='grc' dir='ltr'>αὐτοῖς</span> 
     </span>
    </p>
   </div>
   <div class='ocr_carea' id='block_1_15' title="bbox 303 1359 1886 1437">
    <p class='ocr_par' dir='ltr' id='par_1_15' title="bbox 303 1359 1886 1437">
     <span class='ocr_line' id='line_1_15' title="bbox 303 1359 1886 1437; baseline 0.003 -24"><span class='ocrx_word' id='word_1_87' title='bbox 303 1362 399 1413; x_wconf 76' lang='grc' dir='ltr'><strong>καὶ</strong></span> <span class='ocrx_word' id='word_1_88' title='bbox 427 1362 538 1423; x_wconf 85' lang='grc' dir='ltr'>τοῖς</span> <span class='ocrx_word' id='word_1_89' title='bbox 569 1360 776 1429; x_wconf 83' lang='grc' dir='ltr'>ὁμοίοις</span> <span class='ocrx_word' id='word_1_90' title='bbox 821 1359 1153 1430; x_wconf 82' lang='grc' dir='ltr'>κατάλληλον</span> <span class='ocrx_word' id='word_1_91' title='bbox 1186 1361 1513 1433; x_wconf 78' lang='grc' dir='ltr'>παραδιδοὺς</span> <span class='ocrx_word' id='word_1_92' title='bbox 1558 1366 1886 1437; x_wconf 90' lang='grc' dir='ltr'>προσευχήν.</span> 
     </span>
    </p>
   </div>
   <div class='ocr_carea' id='block_1_16' title="bbox 301 1451 1891 1525">
    <p class='ocr_par' dir='ltr' id='par_1_16' title="bbox 301 1451 1891 1525">
     <span class='ocr_line' id='line_1_16' title="bbox 301 1451 1891 1525; baseline 0.004 -20"><span class='ocrx_word' id='word_1_93' title='bbox 301 1453 395 1506; x_wconf 89' lang='grc' dir='ltr'>Διό</span> <span class='ocrx_word' id='word_1_94' title='bbox 438 1470 569 1523; x_wconf 89' lang='grc' dir='ltr'>φησι</span> <span class='ocrx_word' id='word_1_95' title='bbox 617 1451 753 1523; x_wconf 81' lang='grc' dir='ltr'>πρὸς</span> <span class='ocrx_word' id='word_1_96' title='bbox 804 1451 1021 1513; x_wconf 79' lang='grc' dir='ltr'>αὐτούς·</span> <span class='ocrx_word' id='word_1_97' title='bbox 1074 1453 1270 1519; x_wconf 78' lang='grc' dir='ltr'>Οὕτως</span> <span class='ocrx_word' id='word_1_98' title='bbox 1319 1452 1430 1506; x_wconf 81' lang='grc' dir='ltr'>οὖν</span> <span class='ocrx_word' id='word_1_99' title='bbox 1478 1456 1891 1525; x_wconf 77' lang='grc' dir='ltr'>προσεύχεσθε</span> 
     </span>
    </p>
   </div>
   <div class='ocr_carea' id='block_1_17' title="bbox 206 1543 1891 1617">
    <p class='ocr_par' dir='ltr' id='par_1_17' title="bbox 206 1543 1891 1617">
     <span class='ocr_line' id='line_1_17' title="bbox 206 1543 1891 1617; baseline 0.003 -20"><span class='ocrx_word' id='word_1_100' title='bbox 206 1548 209 1551; x_wconf 84' lang='grc'><em>’</em></span> <span class='ocrx_word' id='word_1_101' title='bbox 302 1545 489 1614; x_wconf 82' lang='grc' dir='ltr'><strong>ὑμεῖς·</strong></span> <span class='ocrx_word' id='word_1_102' title='bbox 524 1544 715 1611; x_wconf 83' lang='grc' dir='ltr'>Πάτερ</span> <span class='ocrx_word' id='word_1_103' title='bbox 744 1543 914 1613; x_wconf 77' lang='grc' dir='ltr'>ἡμῶν</span> <span class='ocrx_word' id='word_1_104' title='bbox 941 1547 972 1597; x_wconf 83' lang='grc' dir='ltr'><strong>ό</strong></span> <span class='ocrx_word' id='word_1_105' title='bbox 994 1544 1062 1597; x_wconf 84' lang='grc' dir='ltr'>ἐν</span> <span class='ocrx_word' id='word_1_106' title='bbox 1084 1544 1206 1608; x_wconf 81' lang='grc' dir='ltr'>τοῖς</span> <span class='ocrx_word' id='word_1_107' title='bbox 1226 1544 1521 1611; x_wconf 75' lang='grc' dir='ltr'>οὐρανοῖς,</span> <span class='ocrx_word' id='word_1_108' title='bbox 1552 1547 1891 1617; x_wconf 76' lang='grc' dir='ltr'>ἁγιασθήτω</span> 
     </span>
    </p>
   </div>
   <div class='ocr_carea' id='block_1_18' title="bbox 302 1634 1890 1706">
    <p class='ocr_par' dir='ltr' id='par_1_18' title="bbox 302 1634 1890 1706">
     <span class='ocr_line' id='line_1_18' title="bbox 302 1634 1890 1706; baseline 0.003 -17"><span class='ocrx_word' id='word_1_109' title='bbox 302 1638 369 1689; x_wconf 86' lang='grc' dir='ltr'>τὸ</span> <span class='ocrx_word' id='word_1_110' title='bbox 410 1636 596 1704; x_wconf 75' lang='grc' dir='ltr'>ὄνομά</span> <span class='ocrx_word' id='word_1_111' title='bbox 628 1652 765 1702; x_wconf 90' lang='grc' dir='ltr'>σου,</span> <span class='ocrx_word' id='word_1_112' title='bbox 807 1637 900 1689; x_wconf 74' lang='grc' dir='ltr'><strong>καὶ</strong></span> <span class='ocrx_word' id='word_1_113' title='bbox 942 1636 1011 1688; x_wconf 81' lang='grc' dir='ltr'>τὰ</span> <span class='ocrx_word' id='word_1_114' title='bbox 1057 1636 1205 1706; x_wconf 77' lang='grc' dir='ltr'><strong>ὲξῆς.</strong></span> <span class='ocrx_word' id='word_1_115' title='bbox 1256 1639 1526 1701; x_wconf 86' lang='grc' dir='ltr'>Ἕκαστος</span> <span class='ocrx_word' id='word_1_116' title='bbox 1562 1634 1654 1692; x_wconf 77' lang='grc' dir='ltr'><strong>οὖν</strong></span> <span class='ocrx_word' id='word_1_117' title='bbox 1701 1641 1890 1693; x_wconf 80' lang='grc' dir='ltr'>ἑαυτὸν</span> 
     </span>
    </p>
   </div>
   <div class='ocr_carea' id='block_1_19' title="bbox 301 1728 1890 1803">
    <p class='ocr_par' dir='ltr' id='par_1_19' title="bbox 301 1728 1890 1803">
     <span class='ocr_line' id='line_1_19' title="bbox 301 1728 1890 1803; baseline 0.003 -22"><span class='ocrx_word' id='word_1_118' title='bbox 301 1729 661 1800; x_wconf 76' lang='grc' dir='ltr'>δοκιμαζέτω,</span> <span class='ocrx_word' id='word_1_119' title='bbox 703 1730 813 1781; x_wconf 77' lang='grc' dir='ltr'>εἴτε</span> <span class='ocrx_word' id='word_1_120' title='bbox 844 1728 992 1793; x_wconf 79' lang='grc' dir='ltr'>ἄξιός</span> <span class='ocrx_word' id='word_1_121' title='bbox 1030 1730 1196 1795; x_wconf 78' lang='grc' dir='ltr'>ἐστιν,</span> <span class='ocrx_word' id='word_1_122' title='bbox 1231 1732 1306 1795; x_wconf 84' lang='grc' dir='ltr'><strong>ὡς</strong></span> <span class='ocrx_word' id='word_1_123' title='bbox 1343 1732 1443 1802; x_wconf 75' lang='grc' dir='ltr'>ἤδη</span> <span class='ocrx_word' id='word_1_124' title='bbox 1488 1732 1601 1795; x_wconf 86' lang='grc' dir='ltr'>υἱὸς</span> <span class='ocrx_word' id='word_1_125' title='bbox 1627 1732 1759 1785; x_wconf 91' lang='grc' dir='ltr'>Θεοῦ</span> <span class='ocrx_word' id='word_1_126' title='bbox 1798 1750 1890 1803; x_wconf 91' lang='grc' dir='ltr'>γε-</span> 
     </span>
    </p>
   </div>
   <div class='ocr_carea' id='block_1_20' title="bbox 1994 532 3577 606">
    <p class='ocr_par' dir='ltr' id='par_1_20' title="bbox 1994 532 3577 606">
     <span class='ocr_line' id='line_1_20' title="bbox 1994 532 3577 606; baseline 0.004 -22"><span class='ocrx_word' id='word_1_127' title='bbox 1994 540 2122 598; x_wconf 85' lang='lat' dir='ltr'><strong>tur;</strong></span> <span class='ocrx_word' id='word_1_128' title='bbox 2156 533 2250 587; x_wconf 88' lang='lat' dir='ltr'><strong>sed</strong></span> <span class='ocrx_word' id='word_1_129' title='bbox 2282 532 2370 585; x_wconf 87' lang='lat' dir='ltr'><strong>hic</strong></span> <span class='ocrx_word' id='word_1_130' title='bbox 2400 547 2527 586; x_wconf 92' lang='lat' dir='ltr'><strong>cum</strong></span> <span class='ocrx_word' id='word_1_131' title='bbox 2570 532 2675 587; x_wconf 88' lang='lat' dir='ltr'><strong>hoc</strong></span> <span class='ocrx_word' id='word_1_132' title='bbox 2726 534 3122 600; x_wconf 89' lang='lat' dir='ltr'><strong>additamento,</strong></span> <span class='ocrx_word' id='word_1_133' title='bbox 3156 534 3398 599; x_wconf 87' lang='lat' dir='ltr'><strong>Davidis,</strong></span> <span class='ocrx_word' id='word_1_134' title='bbox 3446 553 3577 606; x_wconf 86' lang='lat' dir='ltr'><strong>pro-</strong></span> 
     </span>
    </p>
   </div>
   <div class='ocr_carea' id='block_1_21' title="bbox 1994 623 3572 698">
    <p class='ocr_par' dir='ltr' id='par_1_21' title="bbox 1994 623 3572 698">
     <span class='ocr_line' id='line_1_21' title="bbox 1994 623 3572 698; baseline 0.004 -21"><span class='ocrx_word' id='word_1_135' title='bbox 1994 623 2208 691; x_wconf 78' lang='lat' dir='ltr'><strong>fertur;</strong></span> <span class='ocrx_word' id='word_1_136' title='bbox 2242 624 2381 679; x_wconf 91' lang='lat' dir='ltr'><strong>alius</strong></span> <span class='ocrx_word' id='word_1_137' title='bbox 2432 624 2477 656; x_wconf 73' lang='lat'><strong>“</strong></span> <span class='ocrx_word' id='word_1_138' title='bbox 2530 640 2660 679; x_wconf 90' lang='lat' dir='ltr'><strong>vero</strong></span> <span class='ocrx_word' id='word_1_139' title='bbox 2694 626 3013 681; x_wconf 83' lang='lat' dir='ltr'><strong>inscribitur</strong></span> <span class='ocrx_word' id='word_1_140' title='bbox 3059 646 3072 682; x_wconf 91' lang='lat'><strong>:</strong></span> <span class='ocrx_word' id='word_1_141' title='bbox 3123 627 3311 682; x_wconf 81' lang='lat' dir='ltr'><strong>Oratio</strong></span> <span class='ocrx_word' id='word_1_142' title='bbox 3369 626 3572 698; x_wconf 78' lang='lat' dir='ltr'><strong>Moysis</strong></span> 
     </span>
    </p>
   </div>
   <div class='ocr_carea' id='block_1_22' title="bbox 1993 714 3572 787">
    <p class='ocr_par' dir='ltr' id='par_1_22' title="bbox 1993 714 3572 787">
     <span class='ocr_line' id='line_1_22' title="bbox 1993 714 3572 787; baseline 0.004 -20"><span class='ocrx_word' id='word_1_143' title='bbox 1993 715 2217 768; x_wconf 85' lang='lat' dir='ltr'><strong>hominis</strong></span> <span class='ocrx_word' id='word_1_144' title='bbox 2251 714 2380 780; x_wconf 86' lang='lat' dir='ltr'><strong>Dei;</strong></span> <span class='ocrx_word' id='word_1_145' title='bbox 2405 714 2545 771; x_wconf 91' lang='lat' dir='ltr'><strong>alius</strong></span> <span class='ocrx_word' id='word_1_146' title='bbox 2576 716 2642 782; x_wconf 76' lang='grc'>⁸⁸,</span> <span class='ocrx_word' id='word_1_147' title='bbox 2682 716 2870 771; x_wconf 81' lang='lat' dir='ltr'><strong>Oratio</strong></span> <span class='ocrx_word' id='word_1_148' title='bbox 2906 720 3175 787; x_wconf 82' lang='lat' dir='ltr'><strong>pauperis,</strong></span> <span class='ocrx_word' id='word_1_149' title='bbox 3214 736 3334 772; x_wconf 87' lang='lat' dir='ltr'><strong>cum</strong></span> <span class='ocrx_word' id='word_1_150' title='bbox 3378 721 3572 775; x_wconf 76' lang='lat' dir='ltr'><strong>anxius</strong></span> 
     </span>
    </p>
   </div>
   <div class='ocr_carea' id='block_1_23' title="bbox 1992 808 3573 880">
    <p class='ocr_par' dir='ltr' id='par_1_23' title="bbox 1992 808 3573 880">
     <span class='ocr_line' id='line_1_23' title="bbox 1992 808 3573 880; baseline 0.002 -18"><span class='ocrx_word' id='word_1_151' title='bbox 1992 808 2187 878; x_wconf 80' lang='lat' dir='ltr'><strong>fuerit,</strong></span> <span class='ocrx_word' id='word_1_152' title='bbox 2235 818 2284 862; x_wconf 88' lang='lat' dir='ltr'><strong>et</strong></span> <span class='ocrx_word' id='word_1_153' title='bbox 2338 809 2391 861; x_wconf 89' lang='lat' dir='ltr'><strong>in</strong></span> <span class='ocrx_word' id='word_1_154' title='bbox 2440 820 2716 878; x_wconf 81' lang='lat' dir='ltr'><strong>conspectu</strong></span> <span class='ocrx_word' id='word_1_155' title='bbox 2768 810 2984 864; x_wconf 86' lang='lat' dir='ltr'><strong>Domini</strong></span> <span class='ocrx_word' id='word_1_156' title='bbox 3073 810 3318 880; x_wconf 74' lang='lat' dir='ltr'><strong>effuderit</strong></span> <span class='ocrx_word' id='word_1_157' title='bbox 3370 826 3573 879; x_wconf 84' lang='lat' dir='ltr'><strong>precem</strong></span> 
     </span>
    </p>
   </div>
   <div class='ocr_carea' id='block_1_24' title="bbox 1993 901 3575 975">
    <p class='ocr_par' dir='ltr' id='par_1_24' title="bbox 1993 901 3575 975">
     <span class='ocr_line' id='line_1_24' title="bbox 1993 901 3575 975; baseline 0.002 -19"><span class='ocrx_word' id='word_1_158' title='bbox 1993 919 2166 958; x_wconf 85' lang='lat' dir='ltr'><strong>suam.</strong></span> <span class='ocrx_word' id='word_1_159' title='bbox 2193 901 2299 956; x_wconf 88' lang='lat' dir='ltr'><strong>Sed</strong></span> <span class='ocrx_word' id='word_1_160' title='bbox 2355 904 2815 972; x_wconf 85' lang='lat' dir='ltr'><strong>quemadmodum</strong></span> <span class='ocrx_word' id='word_1_161' title='bbox 2871 906 3104 975; x_wconf 86' lang='lat' dir='ltr'><strong>apostoli</strong></span> <span class='ocrx_word' id='word_1_162' title='bbox 3142 903 3444 961; x_wconf 87' lang='lat' dir='ltr'><strong>Salvatoris</strong></span> <span class='ocrx_word' id='word_1_163' title='bbox 3479 923 3575 960; x_wconf 91' lang='lat' dir='ltr'><strong>no-</strong></span> 
     </span>
    </p>
   </div>
   <div class='ocr_carea' id='block_1_25' title="bbox 1994 992 3573 1067">
    <p class='ocr_par' dir='ltr' id='par_1_25' title="bbox 1994 992 3573 1067">
     <span class='ocr_line' id='line_1_25' title="bbox 1994 992 3573 1067; baseline 0.003 -19"><span class='ocrx_word' id='word_1_164' title='bbox 1994 994 2133 1057; x_wconf 88' lang='lat' dir='ltr'><strong>stri,</strong></span> <span class='ocrx_word' id='word_1_165' title='bbox 2182 992 2397 1049; x_wconf 83' lang='lat' dir='ltr'><strong>Veteris</strong></span> <span class='ocrx_word' id='word_1_166' title='bbox 2480 993 2779 1064; x_wconf 71' lang='lat' dir='ltr'><strong>Scriptura:</strong></span> <span class='ocrx_word' id='word_1_167' title='bbox 2847 996 3194 1051; x_wconf 85' lang='lat' dir='ltr'><strong>orationibus</strong></span> <span class='ocrx_word' id='word_1_168' title='bbox 3260 998 3573 1067; x_wconf 80' lang='lat' dir='ltr'><strong>superiores</strong></span> 
     </span>
    </p>
   </div>
   <div class='ocr_carea' id='block_1_26' title="bbox 1991 1083 3573 1157">
    <p class='ocr_par' dir='ltr' id='par_1_26' title="bbox 1991 1083 3573 1157">
     <span class='ocr_line' id='line_1_26' title="bbox 1991 1083 3573 1157; baseline 0.003 -18"><span class='ocrx_word' id='word_1_169' title='bbox 1991 1083 2204 1149; x_wconf 78' lang='lat' dir='ltr'><strong>efl&#39;ecti,</strong></span> <span class='ocrx_word' id='word_1_170' title='bbox 2264 1086 2586 1140; x_wconf 82' lang='lat' dir='ltr'><strong>accedentes</strong></span> <span class='ocrx_word' id='word_1_171' title='bbox 2634 1086 2903 1157; x_wconf 79' lang='lat' dir='ltr'><strong>rogabant</strong></span> <span class='ocrx_word' id='word_1_172' title='bbox 2959 1103 3123 1151; x_wconf 88' lang='lat' dir='ltr'><strong>eum,</strong></span> <span class='ocrx_word' id='word_1_173' title='bbox 3167 1098 3226 1143; x_wconf 88' lang='lat' dir='ltr'><strong>ut</strong></span> <span class='ocrx_word' id='word_1_174' title='bbox 3271 1104 3330 1143; x_wconf 91' lang='lat' dir='ltr'><strong>se</strong></span> <span class='ocrx_word' id='word_1_175' title='bbox 3380 1090 3573 1143; x_wconf 86' lang='lat' dir='ltr'><strong>orandi</strong></span> 
     </span>
    </p>
   </div>
   <div class='ocr_carea' id='block_1_27' title="bbox 1992 1174 3576 1246">
    <p class='ocr_par' dir='ltr' id='par_1_27' title="bbox 1992 1174 3576 1246">
     <span class='ocr_line' id='line_1_27' title="bbox 1992 1174 3576 1246; baseline 0.003 -20"><span class='ocrx_word' id='word_1_176' title='bbox 1992 1174 2213 1228; x_wconf 90' lang='lat' dir='ltr'><strong>modum</strong></span> <span class='ocrx_word' id='word_1_177' title='bbox 2248 1176 2531 1242; x_wconf 89' lang='lat' dir='ltr'><strong>edoceret;</strong></span> <span class='ocrx_word' id='word_1_178' title='bbox 2579 1176 2670 1229; x_wconf 91' lang='lat' dir='ltr'><strong>ille</strong></span> <span class='ocrx_word' id='word_1_179' title='bbox 2713 1192 2844 1230; x_wconf 90' lang='lat' dir='ltr'><strong>vero</strong></span> <span class='ocrx_word' id='word_1_180' title='bbox 2892 1176 3028 1246; x_wconf 90' lang='lat' dir='ltr'><strong>ipsis</strong></span> <span class='ocrx_word' id='word_1_181' title='bbox 3072 1178 3204 1233; x_wconf 91' lang='lat' dir='ltr'><strong>solis</strong></span> <span class='ocrx_word' id='word_1_182' title='bbox 3264 1188 3317 1231; x_wconf 91' lang='lat' dir='ltr'><strong>et</strong></span> <span class='ocrx_word' id='word_1_183' title='bbox 3374 1179 3576 1233; x_wconf 87' lang='lat' dir='ltr'><strong>simili-</strong></span> 
     </span>
    </p>
   </div>
   <div class='ocr_carea' id='block_1_28' title="bbox 1990 1266 3633 1339">
    <p class='ocr_par' dir='ltr' id='par_1_28' title="bbox 1990 1266 3633 1339">
     <span class='ocr_line' id='line_1_28' title="bbox 1990 1266 3633 1339; baseline 0.001 -18"><span class='ocrx_word' id='word_1_184' title='bbox 1990 1266 2095 1323; x_wconf 90' lang='lat' dir='ltr'><strong>bus</strong></span> <span class='ocrx_word' id='word_1_185' title='bbox 2176 1268 2420 1337; x_wconf 85' lang='lat' dir='ltr'><strong>ipsorum</strong></span> <span class='ocrx_word' id='word_1_186' title='bbox 2490 1277 2883 1339; x_wconf 76' lang='lat' dir='ltr'><strong>congruentem</strong></span> <span class='ocrx_word' id='word_1_187' title='bbox 2950 1269 3172 1325; x_wconf 86' lang='lat' dir='ltr'><strong>tradidit</strong></span> <span class='ocrx_word' id='word_1_188' title='bbox 3227 1271 3570 1334; x_wconf 89' lang='lat' dir='ltr'><strong>orationem,</strong></span> <span class='ocrx_word' id='word_1_189' title='bbox 3626 1326 3633 1333; x_wconf 70' lang='grc'><strong>,</strong></span> 
     </span>
    </p>
   </div>
   <div class='ocr_carea' id='block_1_29' title="bbox 1992 1358 3573 1433">
    <p class='ocr_par' dir='ltr' id='par_1_29' title="bbox 1992 1358 3573 1433">
     <span class='ocr_line' id='line_1_29' title="bbox 1992 1358 3573 1433; baseline 0.003 -20"><span class='ocrx_word' id='word_1_190' title='bbox 1992 1374 2117 1413; x_wconf 89' lang='lat' dir='ltr'><strong>cum</strong></span> <span class='ocrx_word' id='word_1_191' title='bbox 2151 1358 2290 1412; x_wconf 79' lang='lat' dir='ltr'><strong>dixit</strong></span> <span class='ocrx_word' id='word_1_192' title='bbox 2320 1360 2447 1422; x_wconf 87' lang='lat' dir='ltr'><strong>illis,</strong></span> <span class='ocrx_word' id='word_1_193' title='bbox 2494 1358 2581 1413; x_wconf 90' lang='lat' dir='ltr'><strong>Sic</strong></span> <span class='ocrx_word' id='word_1_194' title='bbox 2633 1377 2720 1413; x_wconf 84' lang='lat' dir='ltr'><strong>vos</strong></span> <span class='ocrx_word' id='word_1_195' title='bbox 2782 1369 2929 1414; x_wconf 84' lang='lat' dir='ltr'><strong>orate</strong></span> <span class='ocrx_word' id='word_1_196' title='bbox 2972 1378 2991 1414; x_wconf 91' lang='lat'><em>:</em></span> <span class='ocrx_word' id='word_1_197' title='bbox 3026 1362 3190 1415; x_wconf 87' lang='lat' dir='ltr'><strong>Pater</strong></span> <span class='ocrx_word' id='word_1_198' title='bbox 3254 1372 3449 1430; x_wconf 79' lang='lat' dir='ltr'><strong>noster,</strong></span> <span class='ocrx_word' id='word_1_199' title='bbox 3482 1365 3573 1433; x_wconf 86' lang='lat' dir='ltr'><strong>qui</strong></span> 
     </span>
    </p>
   </div>
   <div class='ocr_carea' id='block_1_30' title="bbox 1991 1451 3572 1519">
    <p class='ocr_par' dir='ltr' id='par_1_30' title="bbox 1991 1451 3572 1519">
     <span class='ocr_line' id='line_1_30' title="bbox 1991 1451 3572 1519; baseline 0.003 -15"><span class='ocrx_word' id='word_1_200' title='bbox 1991 1467 2044 1504; x_wconf 89' lang='lat' dir='ltr'><strong>es</strong></span> <span class='ocrx_word' id='word_1_201' title='bbox 2107 1451 2161 1503; x_wconf 88' lang='lat' dir='ltr'><strong>in</strong></span> <span class='ocrx_word' id='word_1_202' title='bbox 2194 1451 2359 1513; x_wconf 78' lang='lat' dir='ltr'><strong>cwlis,</strong></span> <span class='ocrx_word' id='word_1_203' title='bbox 2424 1451 2789 1519; x_wconf 68' lang='lat' dir='ltr'><strong>sanetiﬁtetur</strong></span> <span class='ocrx_word' id='word_1_204' title='bbox 2856 1468 3045 1505; x_wconf 82' lang='lat' dir='ltr'><strong>nomen</strong></span> <span class='ocrx_word' id='word_1_205' title='bbox 3104 1462 3254 1505; x_wconf 86' lang='lat' dir='ltr'><strong>tuum</strong></span> <span class='ocrx_word' id='word_1_206' title='bbox 3281 1455 3347 1518; x_wconf 77' lang='grc'><strong>⁸⁸,</strong></span> <span class='ocrx_word' id='word_1_207' title='bbox 3384 1463 3437 1507; x_wconf 87' lang='lat' dir='ltr'><strong>et</strong></span> <span class='ocrx_word' id='word_1_208' title='bbox 3467 1469 3572 1507; x_wconf 69' lang='lat' dir='ltr'><strong>ca:-</strong></span> 
     </span>
    </p>
   </div>
   <div class='ocr_carea' id='block_1_31' title="bbox 1990 1542 3570 1616">
    <p class='ocr_par' dir='ltr' id='par_1_31' title="bbox 1990 1542 3570 1616">
     <span class='ocr_line' id='line_1_31' title="bbox 1990 1542 3570 1616; baseline 0.004 -20"><span class='ocrx_word' id='word_1_209' title='bbox 1990 1550 2138 1608; x_wconf 88' lang='lat' dir='ltr'><strong>tera;</strong></span> <span class='ocrx_word' id='word_1_210' title='bbox 2179 1542 2362 1610; x_wconf 81' lang='lat' dir='ltr'><strong>itaque</strong></span> <span class='ocrx_word' id='word_1_211' title='bbox 2408 1542 2650 1613; x_wconf 89' lang='lat' dir='ltr'><strong>seipsum</strong></span> <span class='ocrx_word' id='word_1_212' title='bbox 2687 1544 2923 1613; x_wconf 85' lang='lat' dir='ltr'><strong>quisque</strong></span> <span class='ocrx_word' id='word_1_213' title='bbox 2952 1545 3166 1613; x_wconf 90' lang='lat' dir='ltr'><strong>probet,</strong></span> <span class='ocrx_word' id='word_1_214' title='bbox 3206 1562 3338 1599; x_wconf 91' lang='lat' dir='ltr'><strong>num</strong></span> <span class='ocrx_word' id='word_1_215' title='bbox 3369 1545 3570 1616; x_wconf 85' lang='lat' dir='ltr'><strong>dignus</strong></span> 
     </span>
    </p>
   </div>
   <div class='ocr_carea' id='block_1_32' title="bbox 1992 1635 3569 1709">
    <p class='ocr_par' dir='ltr' id='par_1_32' title="bbox 1992 1635 3569 1709">
     <span class='ocr_line' id='line_1_32' title="bbox 1992 1635 3569 1709; baseline 0.004 -21"><span class='ocrx_word' id='word_1_216' title='bbox 1992 1635 2084 1701; x_wconf 85' lang='lat' dir='ltr'><strong>sit,</strong></span> <span class='ocrx_word' id='word_1_217' title='bbox 2121 1644 2305 1704; x_wconf 87' lang='lat' dir='ltr'><strong>utpote</strong></span> <span class='ocrx_word' id='word_1_218' title='bbox 2341 1635 2455 1703; x_wconf 91' lang='lat' dir='ltr'><strong>jam</strong></span> <span class='ocrx_word' id='word_1_219' title='bbox 2492 1636 2636 1689; x_wconf 78' lang='lat' dir='ltr'><strong>filius</strong></span> <span class='ocrx_word' id='word_1_220' title='bbox 2678 1635 2772 1693; x_wconf 81' lang='lat' dir='ltr'><strong>Dei</strong></span> <span class='ocrx_word' id='word_1_221' title='bbox 2807 1635 3057 1701; x_wconf 73' lang='lat' dir='ltr'><strong>effectus,</strong></span> <span class='ocrx_word' id='word_1_222' title='bbox 3094 1637 3313 1694; x_wconf 88' lang='lat' dir='ltr'><strong>Patrem</strong></span> <span class='ocrx_word' id='word_1_223' title='bbox 3361 1639 3456 1709; x_wconf 90' lang='lat' dir='ltr'><strong>qui</strong></span> <span class='ocrx_word' id='word_1_224' title='bbox 3511 1641 3569 1694; x_wconf 91' lang='lat' dir='ltr'><strong>in</strong></span> 
     </span>
    </p>
   </div>
   <div class='ocr_carea' id='block_1_33' title="bbox 1990 1726 3558 1798">
    <p class='ocr_par' dir='ltr' id='par_1_33' title="bbox 1990 1726 3558 1798">
     <span class='ocr_line' id='line_1_33' title="bbox 1990 1726 3558 1798; baseline 0.003 -19"><span class='ocrx_word' id='word_1_225' title='bbox 1990 1726 2145 1780; x_wconf 67' lang='lat' dir='ltr'><strong>caelis</strong></span> <span class='ocrx_word' id='word_1_226' title='bbox 2172 1734 2253 1779; x_wconf 78' lang='lat' dir='ltr'><strong>est</strong></span> <span class='ocrx_word' id='word_1_227' title='bbox 2290 1726 2567 1791; x_wconf 84' lang='lat' dir='ltr'><strong>invocare,</strong></span> <span class='ocrx_word' id='word_1_228' title='bbox 2602 1742 2665 1780; x_wconf 92' lang='lat' dir='ltr'><strong>ae</strong></span> <span class='ocrx_word' id='word_1_229' title='bbox 2696 1727 2829 1781; x_wconf 90' lang='lat' dir='ltr'><strong>illud</strong></span> <span class='ocrx_word' id='word_1_230' title='bbox 2856 1728 3123 1798; x_wconf 88' lang='lat' dir='ltr'><strong>proferre,</strong></span> <span class='ocrx_word' id='word_1_231' title='bbox 3168 1728 3333 1784; x_wconf 89' lang='lat' dir='ltr'><strong>Pater</strong></span> <span class='ocrx_word' id='word_1_232' title='bbox 3358 1740 3558 1798; x_wconf 81' lang='lat' dir='ltr'><strong>noster,</strong></span> 
     </span>
    </p>
   </div>
   <div class='ocr_carea' id='block_1_34' title="bbox 302 1809 1880 1898">
    <p class='ocr_par' dir='ltr' id='par_1_34' title="bbox 302 1820 1880 1898">
     <span class='ocr_line' id='line_1_34' title="bbox 302 1820 1880 1898; baseline 0.003 -23"><span class='ocrx_word' id='word_1_233' title='bbox 302 1822 495 1891; x_wconf 88' lang='grc' dir='ltr'>γονὼς,</span> <span class='ocrx_word' id='word_1_234' title='bbox 536 1820 628 1874; x_wconf 83' lang='grc' dir='ltr'><strong>τὸν</strong></span> <span class='ocrx_word' id='word_1_235' title='bbox 668 1825 725 1875; x_wconf 80' lang='grc' dir='ltr'>ὲν</span> <span class='ocrx_word' id='word_1_236' title='bbox 773 1824 886 1886; x_wconf 86' lang='grc' dir='ltr'>τοῖς</span> <span class='ocrx_word' id='word_1_237' title='bbox 926 1823 1175 1894; x_wconf 82' lang='grc' dir='ltr'>οὐρανοῖς</span> <span class='ocrx_word' id='word_1_238' title='bbox 1218 1824 1595 1878; x_wconf 78' lang='grc' dir='ltr'>ἐπικαλεῖσθαι</span> <span class='ocrx_word' id='word_1_239' title='bbox 1642 1826 1880 1898; x_wconf 85' lang='grc' dir='ltr'>Πατέρα,</span> 
     </span>
    </p>
   </div>
   <div class='ocr_carea' id='block_1_35' title="bbox 1984 1809 3569 1898">
    <p class='ocr_par' dir='ltr' id='par_1_35' title="bbox 1989 1820 3569 1890">
     <span class='ocr_line' id='line_1_35' title="bbox 1989 1820 3569 1890; baseline 0.004 -19"><span class='ocrx_word' id='word_1_240' title='bbox 1989 1820 2079 1887; x_wconf 89' lang='lat' dir='ltr'><strong>qui</strong></span> <span class='ocrx_word' id='word_1_241' title='bbox 2108 1835 2161 1873; x_wconf 92' lang='lat' dir='ltr'><strong>es</strong></span> <span class='ocrx_word' id='word_1_242' title='bbox 2204 1820 2257 1872; x_wconf 90' lang='lat' dir='ltr'><strong>in</strong></span> <span class='ocrx_word' id='word_1_243' title='bbox 2287 1820 2452 1885; x_wconf 82' lang='lat' dir='ltr'><strong>caelis,</strong></span> <span class='ocrx_word' id='word_1_244' title='bbox 2502 1826 2609 1874; x_wconf 93' lang='lat' dir='ltr'><strong>etc.</strong></span> <span class='ocrx_word' id='word_1_245' title='bbox 2652 1820 2809 1885; x_wconf 81' lang='lat' dir='ltr'><strong>Quod</strong></span> <span class='ocrx_word' id='word_1_246' title='bbox 2862 1822 2908 1875; x_wconf 91' lang='lat' dir='ltr'><strong>si</strong></span> <span class='ocrx_word' id='word_1_247' title='bbox 2952 1821 3079 1875; x_wconf 82' lang='lat' dir='ltr'><strong>talis</strong></span> <span class='ocrx_word' id='word_1_248' title='bbox 3124 1838 3232 1877; x_wconf 90' lang='lat' dir='ltr'><strong>non</strong></span> <span class='ocrx_word' id='word_1_249' title='bbox 3267 1824 3361 1890; x_wconf 88' lang='lat' dir='ltr'><strong>sit,</strong></span> <span class='ocrx_word' id='word_1_250' title='bbox 3413 1831 3569 1879; x_wconf 88' lang='lat' dir='ltr'><strong>curet</strong></span> 
     </span>
    </p>
   </div>
   <div class='ocr_carea' id='block_1_36' title="bbox 302 1915 1887 1986">
    <p class='ocr_par' dir='ltr' id='par_1_36' title="bbox 302 1915 1887 1986">
     <span class='ocr_line' id='line_1_36' title="bbox 302 1915 1887 1986; baseline 0.003 -17"><span class='ocrx_word' id='word_1_251' title='bbox 302 1916 396 1969; x_wconf 80' lang='grc' dir='ltr'><strong>καὶ</strong></span> <span class='ocrx_word' id='word_1_252' title='bbox 426 1915 606 1984; x_wconf 88' lang='grc' dir='ltr'>λέγειν</span> <span class='ocrx_word' id='word_1_253' title='bbox 631 1915 712 1977; x_wconf 88' lang='grc' dir='ltr'><strong>τὸ,</strong></span> <span class='ocrx_word' id='word_1_254' title='bbox 741 1915 932 1983; x_wconf 81' lang='grc' dir='ltr'>Πάτερ</span> <span class='ocrx_word' id='word_1_255' title='bbox 962 1916 1131 1985; x_wconf 73' lang='grc' dir='ltr'>ἡμῶν</span> <span class='ocrx_word' id='word_1_256' title='bbox 1162 1918 1194 1969; x_wconf 85' lang='grc' dir='ltr'><em>ὀ</em></span> <span class='ocrx_word' id='word_1_257' title='bbox 1222 1916 1292 1970; x_wconf 83' lang='grc' dir='ltr'>ἐν</span> <span class='ocrx_word' id='word_1_258' title='bbox 1317 1917 1444 1983; x_wconf 84' lang='grc' dir='ltr'>τοῖς</span> <span class='ocrx_word' id='word_1_259' title='bbox 1466 1918 1765 1986; x_wconf 79' lang='grc' dir='ltr'>οὐρανοῖς,</span> <span class='ocrx_word' id='word_1_260' title='bbox 1793 1922 1887 1974; x_wconf 82' lang='grc' dir='ltr'><strong>καὶ</strong></span> 
     </span>
    </p>
   </div>
   <div class='ocr_carea' id='block_1_37' title="bbox 299 2005 1886 2085">
    <p class='ocr_par' dir='ltr' id='par_1_37' title="bbox 299 2005 1886 2085">
     <span class='ocr_line' id='line_1_37' title="bbox 299 2005 1886 2085; baseline 0.006 -27"><span class='ocrx_word' id='word_1_261' title='bbox 299 2006 370 2059; x_wconf 77' lang='grc' dir='ltr'><strong>τὰ</strong></span> <span class='ocrx_word' id='word_1_262' title='bbox 404 2005 551 2076; x_wconf 79' lang='grc' dir='ltr'>ἑξῆς.</span> <span class='ocrx_word' id='word_1_263' title='bbox 605 2008 670 2060; x_wconf 79' lang='grc' dir='ltr'>Εἰ</span> <span class='ocrx_word' id='word_1_264' title='bbox 719 2008 792 2079; x_wconf 87' lang='grc' dir='ltr'>μὴ</span> <span class='ocrx_word' id='word_1_265' title='bbox 841 2008 1093 2071; x_wconf 90' lang='grc' dir='ltr'>τοσοῦτος</span> <span class='ocrx_word' id='word_1_266' title='bbox 1140 2010 1247 2079; x_wconf 78' lang='grc' dir='ltr'>εἴη,</span> <span class='ocrx_word' id='word_1_267' title='bbox 1296 2010 1654 2079; x_wconf 84' lang='grc' dir='ltr'>ἀναλέγεσθαι</span> <span class='ocrx_word' id='word_1_268' title='bbox 1709 2014 1886 2085; x_wconf 80' lang='grc' dir='ltr'>ἑαυτῷ</span> 
     </span>
    </p>
   </div>
   <div class='ocr_carea' id='block_1_38' title="bbox 303 2101 1886 2174">
    <p class='ocr_par' dir='ltr' id='par_1_38' title="bbox 303 2101 1886 2174">
     <span class='ocr_line' id='line_1_38' title="bbox 303 2101 1886 2174; baseline 0.004 -21"><span class='ocrx_word' id='word_1_269' title='bbox 303 2101 650 2166; x_wconf 77' lang='grc' dir='ltr'>σπουδαζέτω</span> <span class='ocrx_word' id='word_1_270' title='bbox 696 2101 793 2173; x_wconf 84' lang='grc' dir='ltr'><strong>τὴν</strong></span> <span class='ocrx_word' id='word_1_271' title='bbox 843 2102 1189 2174; x_wconf 77' lang='grc' dir='ltr'>ἁρμόζουσαν</span> <span class='ocrx_word' id='word_1_272' title='bbox 1244 2106 1308 2174; x_wconf 81' lang='grc' dir='ltr'>τῇ</span> <span class='ocrx_word' id='word_1_273' title='bbox 1351 2104 1516 2157; x_wconf 82' lang='grc' dir='ltr'>αὐτοῦ</span> <span class='ocrx_word' id='word_1_274' title='bbox 1555 2107 1886 2161; x_wconf 84' lang='grc' dir='ltr'>καταστάσει</span> 
     </span>
    </p>
   </div>
   <div class='ocr_carea' id='block_1_39' title="bbox 300 2193 1887 2269">
    <p class='ocr_par' dir='ltr' id='par_1_39' title="bbox 300 2193 1887 2269">
     <span class='ocr_line' id='line_1_39' title="bbox 300 2193 1887 2269; baseline 0.006 -25"><span class='ocrx_word' id='word_1_275' title='bbox 300 2193 609 2265; x_wconf 84' lang='grc' dir='ltr'>προσευχὴν</span> <span class='ocrx_word' id='word_1_276' title='bbox 638 2194 745 2247; x_wconf 85' lang='grc' dir='ltr'><strong>ἀπό</strong></span> <span class='ocrx_word' id='word_1_277' title='bbox 773 2212 833 2247; x_wconf 89' lang='grc' dir='ltr'><strong>τε</strong></span> <span class='ocrx_word' id='word_1_278' title='bbox 860 2195 960 2264; x_wconf 86' lang='grc' dir='ltr'>τῆς</span> <span class='ocrx_word' id='word_1_279' title='bbox 991 2194 1173 2265; x_wconf 81' lang='grc' dir='ltr'>βίϐλου</span> <span class='ocrx_word' id='word_1_280' title='bbox 1207 2196 1315 2251; x_wconf 90' lang='grc' dir='ltr'><strong>τῶν</strong></span> <span class='ocrx_word' id='word_1_281' title='bbox 1340 2197 1588 2269; x_wconf 83' lang='grc' dir='ltr'>Ψαλμῶν</span> <span class='ocrx_word' id='word_1_282' title='bbox 1639 2198 1733 2253; x_wconf 82' lang='grc' dir='ltr'>καὶ</span> <span class='ocrx_word' id='word_1_283' title='bbox 1778 2201 1887 2254; x_wconf 87' lang='grc' dir='ltr'><strong>ἀπὸ</strong></span> 
     </span>
    </p>
   </div>
   <div class='ocr_carea' id='block_1_40' title="bbox 298 2285 1885 2365">
    <p class='ocr_par' dir='ltr' id='par_1_40' title="bbox 298 2285 1885 2365">
     <span class='ocr_line' id='line_1_40' title="bbox 298 2285 1885 2365; baseline 0.006 -28"><span class='ocrx_word' id='word_1_284' title='bbox 298 2286 408 2337; x_wconf 85' lang='grc' dir='ltr'><strong>τῶν</strong></span> <span class='ocrx_word' id='word_1_285' title='bbox 442 2285 797 2358; x_wconf 81' lang='grc' dir='ltr'>προφητικῶν</span> <span class='ocrx_word' id='word_1_286' title='bbox 835 2288 1047 2356; x_wconf 89' lang='grc' dir='ltr'>φωνῶν.</span> <span class='ocrx_word' id='word_1_287' title='bbox 1106 2290 1170 2342; x_wconf 85' lang='lat' dir='ltr'><strong>&#39;ﬂ</strong></span> <span class='ocrx_word' id='word_1_288' title='bbox 1205 2289 1387 2360; x_wconf 89' lang='grc' dir='ltr'>μέντοι</span> <span class='ocrx_word' id='word_1_289' title='bbox 1421 2291 1671 2363; x_wconf 89' lang='grc' dir='ltr'>παροῦσα</span> <span class='ocrx_word' id='word_1_290' title='bbox 1717 2311 1885 2365; x_wconf 89' lang='grc' dir='ltr'>προσ-</span> 
     </span>
    </p>
   </div>
   <div class='ocr_carea' id='block_1_41' title="bbox 298 2376 1885 2456">
    <p class='ocr_par' dir='ltr' id='par_1_41' title="bbox 298 2376 1885 2456">
     <span class='ocr_line' id='line_1_41' title="bbox 298 2376 1885 2456; baseline 0.004 -25"><span class='ocrx_word' id='word_1_291' title='bbox 298 2380 432 2451; x_wconf 81' lang='grc' dir='ltr'>ευχὴ</span> <span class='ocrx_word' id='word_1_292' title='bbox 455 2379 547 2432; x_wconf 89' lang='grc' dir='ltr'><strong>τοῦ</strong></span> <span class='ocrx_word' id='word_1_293' title='bbox 568 2379 731 2433; x_wconf 82' lang='grc' dir='ltr'>Δαυῒδ</span> <span class='ocrx_word' id='word_1_294' title='bbox 753 2376 888 2434; x_wconf 75' lang='grc' dir='ltr'>οὖσα</span> <span class='ocrx_word' id='word_1_295' title='bbox 907 2380 1187 2451; x_wconf 85' lang='grc' dir='ltr'>τυγχάνει·</span> <span class='ocrx_word' id='word_1_296' title='bbox 1214 2380 1387 2445; x_wconf 71' lang='grc' dir='ltr'>οὕτως</span> <span class='ocrx_word' id='word_1_297' title='bbox 1413 2382 1521 2454; x_wconf 86' lang='grc' dir='ltr'>γὰρ</span> <span class='ocrx_word' id='word_1_298' title='bbox 1540 2385 1885 2456; x_wconf 83' lang='grc' dir='ltr'>ἡρμήνευσεν</span> 
     </span>
    </p>
   </div>
   <div class='ocr_carea' id='block_1_42' title="bbox 298 2469 1883 2543">
    <p class='ocr_par' dir='ltr' id='par_1_42' title="bbox 298 2469 1883 2543">
     <span class='ocr_line' id='line_1_42' title="bbox 298 2469 1883 2543; baseline 0.005 -22"><span class='ocrx_word' id='word_1_299' title='bbox 298 2469 327 2521; x_wconf 84' lang='grc' dir='ltr'><strong>δ</strong></span> <span class='ocrx_word' id='word_1_300' title='bbox 348 2486 408 2522; x_wconf 92' lang='grc' dir='ltr'><strong>τε</strong></span> <span class='ocrx_word' id='word_1_301' title='bbox 452 2470 678 2535; x_wconf 81' lang='grc' dir='ltr'>Ἀκύλας</span> <span class='ocrx_word' id='word_1_302' title='bbox 716 2472 811 2524; x_wconf 77' lang='grc' dir='ltr'>καὶ</span> <span class='ocrx_word' id='word_1_303' title='bbox 842 2473 870 2524; x_wconf 88' lang='grc' dir='ltr'>ὁ</span> <span class='ocrx_word' id='word_1_304' title='bbox 902 2470 1215 2543; x_wconf 82' lang='grc' dir='ltr'>Σύμμαχος,</span> <span class='ocrx_word' id='word_1_305' title='bbox 1248 2474 1369 2526; x_wconf 78' lang='grc' dir='ltr'><strong>ἀντί⁸</strong></span> <span class='ocrx_word' id='word_1_306' title='bbox 1400 2474 1515 2537; x_wconf 88' lang='grc' dir='ltr'>τοῦ,</span> <span class='ocrx_word' id='word_1_307' title='bbox 1562 2475 1643 2541; x_wconf 88' lang='grc' dir='ltr'>τῷ</span> <span class='ocrx_word' id='word_1_308' title='bbox 1682 2477 1883 2542; x_wconf 82' lang='grc' dir='ltr'>Δαυῒὸ,</span> 
     </span>
    </p>
   </div>
   <div class='ocr_carea' id='block_1_43' title="bbox 297 2561 1885 2641">
    <p class='ocr_par' dir='ltr' id='par_1_43' title="bbox 297 2561 1885 2641">
     <span class='ocr_line' id='line_1_43' title="bbox 297 2561 1885 2641; baseline 0.004 -27"><span class='ocrx_word' id='word_1_309' title='bbox 297 2561 404 2616; x_wconf 87' lang='grc' dir='ltr'><strong>τοῦ</strong></span> <span class='ocrx_word' id='word_1_310' title='bbox 454 2562 653 2629; x_wconf 85' lang='grc' dir='ltr'>Δαυῒδ,</span> <span class='ocrx_word' id='word_1_311' title='bbox 688 2564 991 2635; x_wconf 74' lang='grc' dir='ltr'>εἰρηκότες.</span> <span class='ocrx_word' id='word_1_312' title='bbox 1039 2568 1198 2619; x_wconf 85' lang='grc' dir='ltr'>Δοκεῖ</span> <span class='ocrx_word' id='word_1_313' title='bbox 1242 2566 1299 2619; x_wconf 83' lang='grc' dir='ltr'><strong>δὲ</strong></span> <span class='ocrx_word' id='word_1_314' title='bbox 1350 2568 1378 2620; x_wconf 88' lang='grc' dir='ltr'><strong>ό</strong></span> <span class='ocrx_word' id='word_1_315' title='bbox 1428 2567 1592 2622; x_wconf 84' lang='grc' dir='ltr'><strong>Δαυῖδ</strong></span> <span class='ocrx_word' id='word_1_316' title='bbox 1634 2568 1712 2639; x_wconf 81' lang='grc' dir='ltr'>τῷ</span> <span class='ocrx_word' id='word_1_317' title='bbox 1755 2570 1885 2641; x_wconf 82' lang='grc' dir='ltr'>θείῳ</span> 
     </span>
    </p>
   </div>
   <div class='ocr_carea' id='block_1_44' title="bbox 298 2654 1885 2732">
    <p class='ocr_par' dir='ltr' id='par_1_44' title="bbox 298 2654 1885 2732">
     <span class='ocr_line' id='line_1_44' title="bbox 298 2654 1885 2732; baseline 0.006 -26"><span class='ocrx_word' id='word_1_318' title='bbox 298 2654 577 2725; x_wconf 86' lang='grc' dir='ltr'>Πνεύματι</span> <span class='ocrx_word' id='word_1_319' title='bbox 618 2656 691 2728; x_wconf 83' lang='grc' dir='ltr'>μὴ</span> <span class='ocrx_word' id='word_1_320' title='bbox 725 2657 1055 2729; x_wconf 82' lang='grc' dir='ltr'>ἠγνοηκέναι</span> <span class='ocrx_word' id='word_1_321' title='bbox 1086 2657 1177 2711; x_wconf 84' lang='grc' dir='ltr'><strong>τὸν</strong></span> <span class='ocrx_word' id='word_1_322' title='bbox 1216 2661 1343 2730; x_wconf 77' lang='grc' dir='ltr'>περὶ</span> <span class='ocrx_word' id='word_1_323' title='bbox 1376 2660 1487 2713; x_wconf 89' lang='grc' dir='ltr'><strong>τῶν</strong></span> <span class='ocrx_word' id='word_1_324' title='bbox 1519 2661 1750 2732; x_wconf 83' lang='grc' dir='ltr'>πτωχῶν</span> <span class='ocrx_word' id='word_1_325' title='bbox 1780 2663 1885 2716; x_wconf 84' lang='grc' dir='ltr'><strong>ὑπὸ</strong></span> 
     </span>
    </p>
   </div>
   <div class='ocr_carea' id='block_1_45' title="bbox 297 2747 1882 2824">
    <p class='ocr_par' dir='ltr' id='par_1_45' title="bbox 297 2747 1882 2824">
     <span class='ocr_line' id='line_1_45' title="bbox 297 2747 1882 2824; baseline 0.004 -24"><span class='ocrx_word' id='word_1_326' title='bbox 297 2747 392 2801; x_wconf 91' lang='grc' dir='ltr'><strong>τοῦ</strong></span> <span class='ocrx_word' id='word_1_327' title='bbox 420 2750 670 2821; x_wconf 77' lang='grc' dir='ltr'>Σωτῆρος</span> <span class='ocrx_word' id='word_1_328' title='bbox 709 2751 866 2821; x_wconf 78' lang='grc' dir='ltr'>ἡμῶν</span> <span class='ocrx_word' id='word_1_329' title='bbox 896 2751 1185 2823; x_wconf 79' lang='grc' dir='ltr'>εἰρημένον</span> <span class='ocrx_word' id='word_1_330' title='bbox 1221 2753 1591 2824; x_wconf 87' lang='grc' dir='ltr'>μακαρισμόν·</span> <span class='ocrx_word' id='word_1_331' title='bbox 1626 2754 1705 2806; x_wconf 85' lang='grc' dir='ltr'><strong>διὸ</strong></span> <span class='ocrx_word' id='word_1_332' title='bbox 1735 2772 1882 2807; x_wconf 86' lang='grc' dir='ltr'>πτω-</span> 
     </span>
    </p>
   </div>
   <div class='ocr_carea' id='block_1_46' title="bbox 297 2840 1884 2915">
    <p class='ocr_par' dir='ltr' id='par_1_46' title="bbox 297 2840 1884 2915">
     <span class='ocr_line' id='line_1_46' title="bbox 297 2840 1884 2915; baseline 0.004 -22"><span class='ocrx_word' id='word_1_333' title='bbox 297 2840 389 2912; x_wconf 76' lang='grc' dir='ltr'><strong>χὸν</strong></span> <span class='ocrx_word' id='word_1_334' title='bbox 416 2842 603 2895; x_wconf 78' lang='grc' dir='ltr'>ἑαυτὸν</span> <span class='ocrx_word' id='word_1_335' title='bbox 627 2844 719 2895; x_wconf 71' lang='grc' dir='ltr'><strong>καὶ</strong></span> <span class='ocrx_word' id='word_1_336' title='bbox 752 2844 958 2915; x_wconf 88' lang='grc' dir='ltr'>πένητα</span> <span class='ocrx_word' id='word_1_337' title='bbox 989 2844 1256 2913; x_wconf 84' lang='grc' dir='ltr'>ὑπάρχειν</span> <span class='ocrx_word' id='word_1_338' title='bbox 1282 2845 1553 2915; x_wconf 83' lang='grc' dir='ltr'>ὁμολογεῖ,</span> <span class='ocrx_word' id='word_1_339' title='bbox 1590 2846 1684 2899; x_wconf 76' lang='grc' dir='ltr'>καὶ</span> <span class='ocrx_word' id='word_1_340' title='bbox 1710 2847 1884 2900; x_wconf 89' lang='grc' dir='ltr'>ταῦτα</span> 
     </span>
    </p>
   </div>
   <div class='ocr_carea' id='block_1_47' title="bbox 298 2933 1882 3009">
    <p class='ocr_par' dir='ltr' id='par_1_47' title="bbox 298 2933 1882 3009">
     <span class='ocr_line' id='line_1_47' title="bbox 298 2933 1882 3009; baseline 0.005 -24"><span class='ocrx_word' id='word_1_341' title='bbox 298 2933 549 3003; x_wconf 79' lang='grc' dir='ltr'>βασιλεὺς</span> <span class='ocrx_word' id='word_1_342' title='bbox 583 2935 659 2988; x_wconf 84' lang='grc' dir='ltr'>ὢν</span> <span class='ocrx_word' id='word_1_343' title='bbox 688 2937 781 2990; x_wconf 75' lang='grc' dir='ltr'><strong>καὶ</strong></span> <span class='ocrx_word' id='word_1_344' title='bbox 813 2935 1025 3006; x_wconf 83' lang='grc' dir='ltr'>πλούτῳ</span> <span class='ocrx_word' id='word_1_345' title='bbox 1052 2936 1231 3007; x_wconf 85' lang='grc' dir='ltr'>πολλῷ</span> <span class='ocrx_word' id='word_1_346' title='bbox 1261 2938 1703 3009; x_wconf 75' lang='grc' dir='ltr'>περιρῤεόμενος,</span> <span class='ocrx_word' id='word_1_347' title='bbox 1744 2939 1882 2993; x_wconf 86' lang='grc' dir='ltr'>Ἀλλ’</span> 
     </span>
    </p>
   </div>
   <div class='ocr_carea' id='block_1_48' title="bbox 297 3025 1881 3100">
    <p class='ocr_par' dir='ltr' id='par_1_48' title="bbox 297 3025 1881 3100">
     <span class='ocr_line' id='line_1_48' title="bbox 297 3025 1881 3100; baseline 0.002 -20"><span class='ocrx_word' id='word_1_348' title='bbox 297 3027 482 3100; x_wconf 81' lang='grc' dir='ltr'>ἐπειδὴ</span> <span class='ocrx_word' id='word_1_349' title='bbox 512 3028 589 3099; x_wconf 83' lang='grc' dir='ltr'><strong>τῷ</strong></span> <span class='ocrx_word' id='word_1_350' title='bbox 622 3028 896 3099; x_wconf 87' lang='grc' dir='ltr'>πνεύματι</span> <span class='ocrx_word' id='word_1_351' title='bbox 921 3028 1158 3092; x_wconf 86' lang='grc' dir='ltr'>τοιοῦτος</span> <span class='ocrx_word' id='word_1_352' title='bbox 1178 3025 1267 3099; x_wconf 79' lang='grc' dir='ltr'>ἦν,</span> <span class='ocrx_word' id='word_1_353' title='bbox 1306 3029 1445 3082; x_wconf 83' lang='grc' dir='ltr'><strong>κατά</strong></span> <span class='ocrx_word' id='word_1_354' title='bbox 1476 3029 1560 3095; x_wconf 86' lang='grc' dir='ltr'><strong>τὸ,</strong></span> <span class='ocrx_word' id='word_1_355' title='bbox 1592 3029 1881 3098; x_wconf 81' lang='grc' dir='ltr'>Μακάριοι</span> 
     </span>
    </p>
   </div>
   <div class='ocr_carea' id='block_1_49' title="bbox 296 3120 1878 3195">
    <p class='ocr_par' dir='ltr' id='par_1_49' title="bbox 296 3120 1878 3195">
     <span class='ocr_line' id='line_1_49' title="bbox 296 3120 1878 3195; baseline 0.001 -21"><span class='ocrx_word' id='word_1_356' title='bbox 296 3123 349 3174; x_wconf 80' lang='grc' dir='ltr'>οἱ</span> <span class='ocrx_word' id='word_1_357' title='bbox 381 3122 602 3191; x_wconf 77' lang='grc' dir='ltr'>πτωχοὶ</span> <span class='ocrx_word' id='word_1_358' title='bbox 638 3120 717 3187; x_wconf 85' lang='grc' dir='ltr'>τῷ</span> <span class='ocrx_word' id='word_1_359' title='bbox 760 3122 1072 3191; x_wconf 80' lang='grc' dir='ltr'>πνεύματι,</span> <span class='ocrx_word' id='word_1_360' title='bbox 1105 3122 1330 3185; x_wconf 79' lang='grc' dir='ltr'>εἰκότως</span> <span class='ocrx_word' id='word_1_361' title='bbox 1369 3122 1427 3174; x_wconf 81' lang='grc' dir='ltr'><strong>ἐν</strong></span> <span class='ocrx_word' id='word_1_362' title='bbox 1469 3124 1536 3192; x_wconf 81' lang='grc' dir='ltr'>τῇ</span> <span class='ocrx_word' id='word_1_363' title='bbox 1581 3126 1878 3195; x_wconf 84' lang='grc' dir='ltr'>προσευχῇ,</span> 
     </span>
    </p>
   </div>
   <div class='ocr_carea' id='block_1_50' title="bbox 295 3213 1879 3286">
    <p class='ocr_par' dir='ltr' id='par_1_50' title="bbox 295 3213 1879 3286">
     <span class='ocr_line' id='line_1_50' title="bbox 295 3213 1879 3286; baseline 0.001 -20"><span class='ocrx_word' id='word_1_364' title='bbox 295 3213 371 3277; x_wconf 86' lang='grc' dir='ltr'>ὡς</span> <span class='ocrx_word' id='word_1_365' title='bbox 420 3215 621 3286; x_wconf 78' lang='grc' dir='ltr'>ἀρετὰς</span> <span class='ocrx_word' id='word_1_366' title='bbox 670 3214 865 3268; x_wconf 81' lang='grc' dir='ltr'>ἑαυτοῦ</span> <span class='ocrx_word' id='word_1_367' title='bbox 936 3215 1030 3267; x_wconf 78' lang='grc' dir='ltr'><strong>καὶ</strong></span> <span class='ocrx_word' id='word_1_368' title='bbox 1073 3214 1141 3267; x_wconf 87' lang='grc' dir='ltr'>τὰ</span> <span class='ocrx_word' id='word_1_369' title='bbox 1186 3214 1587 3286; x_wconf 83' lang='grc' dir='ltr'>κατορθώματα</span> <span class='ocrx_word' id='word_1_370' title='bbox 1642 3216 1879 3285; x_wconf 78' lang='grc' dir='ltr'>προϐάλ-</span> 
     </span>
    </p>
   </div>
   <div class='ocr_carea' id='block_1_51' title="bbox 295 3306 1878 3378">
    <p class='ocr_par' dir='ltr' id='par_1_51' title="bbox 295 3306 1878 3378">
     <span class='ocr_line' id='line_1_51' title="bbox 295 3306 1878 3378; baseline 0.003 -21"><span class='ocrx_word' id='word_1_371' title='bbox 295 3306 443 3359; x_wconf 87' lang='grc' dir='ltr'>λεται</span> <span class='ocrx_word' id='word_1_372' title='bbox 493 3307 591 3378; x_wconf 86' lang='grc' dir='ltr'>τὴν</span> <span class='ocrx_word' id='word_1_373' title='bbox 651 3307 923 3376; x_wconf 89' lang='grc' dir='ltr'>πτωχείαν</span> <span class='ocrx_word' id='word_1_374' title='bbox 993 3307 1089 3359; x_wconf 78' lang='grc' dir='ltr'><strong>καὶ</strong></span> <span class='ocrx_word' id='word_1_375' title='bbox 1152 3308 1362 3360; x_wconf 78' lang='grc' dir='ltr'>πενίαν.</span> <span class='ocrx_word' id='word_1_376' title='bbox 1424 3308 1534 3360; x_wconf 77' lang='grc' dir='ltr'>Καὶ</span> <span class='ocrx_word' id='word_1_377' title='bbox 1594 3308 1767 3371; x_wconf 83' lang='grc' dir='ltr'>ἄλλως</span> <span class='ocrx_word' id='word_1_378' title='bbox 1821 3309 1878 3362; x_wconf 85' lang='grc' dir='ltr'>δὲ</span> 
     </span>
    </p>
   </div>
   <div class='ocr_carea' id='block_1_52' title="bbox 294 3398 1875 3470">
    <p class='ocr_par' dir='ltr' id='par_1_52' title="bbox 294 3398 1875 3470">
     <span class='ocr_line' id='line_1_52' title="bbox 294 3398 1875 3470; baseline 0.002 -20"><span class='ocrx_word' id='word_1_379' title='bbox 294 3400 459 3470; x_wconf 75' lang='grc' dir='ltr'>ἐρεῖς,</span> <span class='ocrx_word' id='word_1_380' title='bbox 507 3399 608 3462; x_wconf 83' lang='grc' dir='ltr'>δτι,</span> <span class='ocrx_word' id='word_1_381' title='bbox 654 3398 843 3469; x_wconf 82' lang='grc' dir='ltr'>ὥσπερ</span> <span class='ocrx_word' id='word_1_382' title='bbox 887 3399 1146 3469; x_wconf 79' lang='grc' dir='ltr'>Μωῦσῆς,</span> <span class='ocrx_word' id='word_1_383' title='bbox 1204 3400 1386 3469; x_wconf 81' lang='grc' dir='ltr'>φωνῆς</span> <span class='ocrx_word' id='word_1_384' title='bbox 1434 3399 1673 3463; x_wconf 88' lang='grc' dir='ltr'>ἀκούσας</span> <span class='ocrx_word' id='word_1_385' title='bbox 1720 3401 1875 3465; x_wconf 90' lang='grc' dir='ltr'>Θεοῦ,</span> 
     </span>
    </p>
   </div>
   <div class='ocr_carea' id='block_1_53' title="bbox 298 3486 1878 3564">
    <p class='ocr_par' dir='ltr' id='par_1_53' title="bbox 298 3486 1878 3564">
     <span class='ocr_line' id='line_1_53' title="bbox 298 3486 1878 3564; baseline 0.005 -23"><span class='ocrx_word' id='word_1_386' title='bbox 298 3489 623 3560; x_wconf 72' lang='grc' dir='ltr'>ἰσχνόφωνον</span> <span class='ocrx_word' id='word_1_387' title='bbox 656 3491 848 3545; x_wconf 78' lang='grc' dir='ltr'>ἑαυτὸν</span> <span class='ocrx_word' id='word_1_388' title='bbox 876 3486 1015 3544; x_wconf 82' lang='grc' dir='ltr'>εἷναι</span> <span class='ocrx_word' id='word_1_389' title='bbox 1048 3490 1336 3561; x_wconf 83' lang='grc' dir='ltr'>ὡμολόγει,</span> <span class='ocrx_word' id='word_1_390' title='bbox 1388 3492 1530 3545; x_wconf 84' lang='grc' dir='ltr'>κατὰ</span> <span class='ocrx_word' id='word_1_391' title='bbox 1576 3494 1878 3564; x_wconf 84' lang='grc' dir='ltr'>παράθεσιν</span> 
     </span>
    </p>
   </div>
   <div class='ocr_carea' id='block_1_54' title="bbox 293 3583 1879 3658">
    <p class='ocr_par' dir='ltr' id='par_1_54' title="bbox 293 3583 1879 3658">
     <span class='ocr_line' id='line_1_54' title="bbox 293 3583 1879 3658; baseline 0.004 -21"><span class='ocrx_word' id='word_1_392' title='bbox 293 3584 391 3655; x_wconf 80' lang='grc' dir='ltr'><strong>τῆς</strong></span> <span class='ocrx_word' id='word_1_393' title='bbox 424 3583 574 3649; x_wconf 83' lang='grc' dir='ltr'>θείας</span> <span class='ocrx_word' id='word_1_394' title='bbox 608 3587 792 3656; x_wconf 80' lang='grc' dir='ltr'>φωνῆς</span> <span class='ocrx_word' id='word_1_395' title='bbox 834 3585 991 3639; x_wconf 89' lang='grc' dir='ltr'>τοῦτο</span> <span class='ocrx_word' id='word_1_396' title='bbox 1032 3587 1227 3658; x_wconf 83' lang='grc' dir='ltr'>φήσας·</span> <span class='ocrx_word' id='word_1_397' title='bbox 1267 3586 1409 3640; x_wconf 74' lang='grc' dir='ltr'>οὕτω</span> <span class='ocrx_word' id='word_1_398' title='bbox 1440 3588 1532 3640; x_wconf 72' lang='grc' dir='ltr'><strong>καὶ</strong></span> <span class='ocrx_word' id='word_1_399' title='bbox 1558 3590 1584 3641; x_wconf 89' lang='grc' dir='ltr'><strong>ό</strong></span> <span class='ocrx_word' id='word_1_400' title='bbox 1613 3589 1795 3653; x_wconf 79' lang='grc' dir='ltr'>Δαυῖδ,</span> <span class='ocrx_word' id='word_1_401' title='bbox 1830 3592 1879 3643; x_wconf 86' lang='grc' dir='ltr'><strong>εἰ</strong></span> 
     </span>
    </p>
   </div>
   <div class='ocr_carea' id='block_1_55' title="bbox 293 3672 1878 3751">
    <p class='ocr_par' dir='ltr' id='par_1_55' title="bbox 293 3672 1878 3751">
     <span class='ocr_line' id='line_1_55' title="bbox 293 3672 1878 3751; baseline 0.004 -23"><span class='ocrx_word' id='word_1_402' title='bbox 293 3676 388 3728; x_wconf 83' lang='grc' dir='ltr'><strong>καὶ</strong></span> <span class='ocrx_word' id='word_1_403' title='bbox 435 3675 606 3746; x_wconf 88' lang='grc' dir='ltr'>μέγας</span> <span class='ocrx_word' id='word_1_404' title='bbox 650 3672 716 3747; x_wconf 84' lang='grc' dir='ltr'>ἦν</span> <span class='ocrx_word' id='word_1_405' title='bbox 770 3677 864 3729; x_wconf 71' lang='grc' dir='ltr'><strong>καὶ</strong></span> <span class='ocrx_word' id='word_1_406' title='bbox 911 3677 1165 3742; x_wconf 89' lang='grc' dir='ltr'>πλούσιος</span> <span class='ocrx_word' id='word_1_407' title='bbox 1217 3679 1311 3732; x_wconf 84' lang='grc' dir='ltr'><strong>καὶ</strong></span> <span class='ocrx_word' id='word_1_408' title='bbox 1364 3679 1525 3748; x_wconf 83' lang='grc' dir='ltr'>σοφὸς</span> <span class='ocrx_word' id='word_1_409' title='bbox 1572 3680 1878 3751; x_wconf 82' lang='grc' dir='ltr'>ἀνθρώποις</span> 
     </span>
    </p>
   </div>
   <div class='ocr_carea' id='block_1_56' title="bbox 296 3771 1878 3843">
    <p class='ocr_par' dir='ltr' id='par_1_56' title="bbox 296 3771 1878 3843">
     <span class='ocr_line' id='line_1_56' title="bbox 296 3771 1878 3843; baseline 0.004 -22"><span class='ocrx_word' id='word_1_410' title='bbox 296 3771 739 3841; x_wconf 87' lang='grc' dir='ltr'>συγκρινόμενος,</span> <span class='ocrx_word' id='word_1_411' title='bbox 777 3771 894 3824; x_wconf 86' lang='grc' dir='ltr'>ἀλλ’</span> <span class='ocrx_word' id='word_1_412' title='bbox 926 3772 1212 3835; x_wconf 82' lang='grc' dir='ltr'>ἀνατείνας</span> <span class='ocrx_word' id='word_1_413' title='bbox 1262 3772 1398 3843; x_wconf 81' lang='grc' dir='ltr'>πρὸς</span> <span class='ocrx_word' id='word_1_414' title='bbox 1445 3772 1536 3826; x_wconf 82' lang='grc' dir='ltr'><strong>τὸν</strong></span> <span class='ocrx_word' id='word_1_415' title='bbox 1583 3772 1716 3825; x_wconf 88' lang='grc' dir='ltr'>Θεὸν</span> <span class='ocrx_word' id='word_1_416' title='bbox 1750 3775 1878 3837; x_wconf 82' lang='grc' dir='ltr'>τοὺς</span> 
     </span>
    </p>
   </div>
   <div class='ocr_carea' id='block_1_57' title="bbox 292 3862 1875 3935">
    <p class='ocr_par' dir='ltr' id='par_1_57' title="bbox 292 3862 1875 3935">
     <span class='ocr_line' id='line_1_57' title="bbox 292 3862 1875 3935; baseline 0.003 -22"><span class='ocrx_word' id='word_1_417' title='bbox 292 3862 619 3934; x_wconf 80' lang='grc' dir='ltr'>ὀφθαλμοὺς,</span> <span class='ocrx_word' id='word_1_418' title='bbox 652 3866 753 3935; x_wconf 73' lang='grc' dir='ltr'><strong>ὁρᾷ</strong></span> <span class='ocrx_word' id='word_1_419' title='bbox 781 3864 969 3917; x_wconf 79' lang='grc' dir='ltr'>ἑαυτὸν</span> <span class='ocrx_word' id='word_1_420' title='bbox 993 3864 1053 3917; x_wconf 86' lang='grc' dir='ltr'><strong>τὸ</strong></span> <span class='ocrx_word' id='word_1_421' title='bbox 1077 3864 1241 3935; x_wconf 86' lang='grc' dir='ltr'>μηδὲν</span> <span class='ocrx_word' id='word_1_422' title='bbox 1265 3865 1412 3918; x_wconf 74' lang='grc' dir='ltr'>ὄντα·</span> <span class='ocrx_word' id='word_1_423' title='bbox 1444 3865 1535 3917; x_wconf 80' lang='grc' dir='ltr'><strong>καὶ</strong></span> <span class='ocrx_word' id='word_1_424' title='bbox 1562 3866 1683 3917; x_wconf 75' lang='grc' dir='ltr'>ἐπεὶ</span> <span class='ocrx_word' id='word_1_425' title='bbox 1709 3866 1875 3935; x_wconf 81' lang='grc' dir='ltr'>μήπω</span> 
     </span>
    </p>
   </div>
   <div class='ocr_carea' id='block_1_58' title="bbox 291 3950 1873 4028">
    <p class='ocr_par' dir='ltr' id='par_1_58' title="bbox 291 3950 1873 4028">
     <span class='ocr_line' id='line_1_58' title="bbox 291 3950 1873 4028; baseline 0.003 -21"><span class='ocrx_word' id='word_1_426' title='bbox 291 3950 357 4025; x_wconf 80' lang='grc' dir='ltr'>ἦν</span> <span class='ocrx_word' id='word_1_427' title='bbox 377 3956 599 4018; x_wconf 88' lang='grc' dir='ltr'>δυνατὸς</span> <span class='ocrx_word' id='word_1_428' title='bbox 630 3958 843 4027; x_wconf 87' lang='grc' dir='ltr'>πατέρα</span> <span class='ocrx_word' id='word_1_429' title='bbox 867 3956 957 4009; x_wconf 83' lang='grc' dir='ltr'><strong>τὸν</strong></span> <span class='ocrx_word' id='word_1_430' title='bbox 985 3957 1115 4009; x_wconf 85' lang='grc' dir='ltr'>Θεὸν</span> <span class='ocrx_word' id='word_1_431' title='bbox 1136 3956 1445 4028; x_wconf 78' lang='grc' dir='ltr'>ὀνομάζειν,</span> <span class='ocrx_word' id='word_1_432' title='bbox 1480 3957 1683 4028; x_wconf 84' lang='grc' dir='ltr'>Κύριον</span> <span class='ocrx_word' id='word_1_433' title='bbox 1712 3958 1873 4011; x_wconf 74' lang='grc' dir='ltr'>αὐτὸν</span> 
     </span>
    </p>
   </div>
   <div class='ocr_carea' id='block_1_59' title="bbox 292 4046 1873 4121">
    <p class='ocr_par' dir='ltr' id='par_1_59' title="bbox 292 4046 1873 4121">
     <span class='ocr_line' id='line_1_59' title="bbox 292 4046 1873 4121; baseline 0.001 -21"><span class='ocrx_word' id='word_1_434' title='bbox 292 4046 465 4112; x_wconf 80' lang='grc' dir='ltr'>καλεῖ,</span> <span class='ocrx_word' id='word_1_435' title='bbox 495 4048 681 4101; x_wconf 87' lang='grc' dir='ltr'>δούλου</span> <span class='ocrx_word' id='word_1_436' title='bbox 718 4047 902 4119; x_wconf 85' lang='grc' dir='ltr'>χώραν</span> <span class='ocrx_word' id='word_1_437' title='bbox 939 4050 1130 4103; x_wconf 79' lang='grc' dir='ltr'>ἑαυτὸν</span> <span class='ocrx_word' id='word_1_438' title='bbox 1172 4050 1389 4121; x_wconf 76' lang='grc' dir='ltr'>ἐπέχειν</span> <span class='ocrx_word' id='word_1_439' title='bbox 1434 4050 1730 4121; x_wconf 88' lang='grc' dir='ltr'>σημαίνων.</span> <span class='ocrx_word' id='word_1_440' title='bbox 1760 4048 1873 4103; x_wconf 75' lang='grc' dir='ltr'><strong>Εἶθ’</strong></span> 
     </span>
    </p>
   </div>
   <div class='ocr_carea' id='block_1_60' title="bbox 292 4140 1872 4213">
    <p class='ocr_par' dir='ltr' id='par_1_60' title="bbox 292 4140 1872 4213">
     <span class='ocr_line' id='line_1_60' title="bbox 292 4140 1872 4213; baseline 0.002 -21"><span class='ocrx_word' id='word_1_441' title='bbox 292 4140 365 4204; x_wconf 85' lang='grc' dir='ltr'>ὡς</span> <span class='ocrx_word' id='word_1_442' title='bbox 392 4141 554 4205; x_wconf 82' lang='grc' dir='ltr'>αὐτὸς</span> <span class='ocrx_word' id='word_1_443' title='bbox 588 4141 761 4212; x_wconf 89' lang='grc' dir='ltr'>μένων</span> <span class='ocrx_word' id='word_1_444' title='bbox 791 4143 942 4195; x_wconf 84' lang='grc' dir='ltr'>κάτω</span> <span class='ocrx_word' id='word_1_445' title='bbox 976 4160 1077 4195; x_wconf 85' lang='grc' dir='ltr'><strong>που</strong></span> <span class='ocrx_word' id='word_1_446' title='bbox 1111 4144 1205 4197; x_wconf 75' lang='grc' dir='ltr'><strong>καὶ</strong></span> <span class='ocrx_word' id='word_1_447' title='bbox 1230 4144 1288 4195; x_wconf 80' lang='grc' dir='ltr'>ὲν</span> <span class='ocrx_word' id='word_1_448' title='bbox 1330 4142 1497 4213; x_wconf 79' lang='grc' dir='ltr'>βυθῷ,</span> <span class='ocrx_word' id='word_1_449' title='bbox 1533 4142 1626 4195; x_wconf 88' lang='grc' dir='ltr'><strong>τοῦ</strong></span> <span class='ocrx_word' id='word_1_450' title='bbox 1655 4143 1711 4195; x_wconf 79' lang='grc' dir='ltr'><strong>δὲ</strong></span> <span class='ocrx_word' id='word_1_451' title='bbox 1737 4142 1872 4195; x_wconf 86' lang='grc' dir='ltr'>Θεοῦ</span> 
     </span>
    </p>
   </div>
   <div class='ocr_carea' id='block_1_61' title="bbox 290 4230 1868 4303">
    <p class='ocr_par' dir='ltr' id='par_1_61' title="bbox 290 4230 1868 4303">
     <span class='ocr_line' id='line_1_61' title="bbox 290 4230 1868 4303; baseline 0 -19"><span class='ocrx_word' id='word_1_452' title='bbox 290 4232 437 4296; x_wconf 77' lang='grc' dir='ltr'>ὄντος</span> <span class='ocrx_word' id='word_1_453' title='bbox 460 4236 517 4286; x_wconf 83' lang='grc' dir='ltr'>ὲν</span> <span class='ocrx_word' id='word_1_454' title='bbox 540 4233 683 4303; x_wconf 72' lang='grc' dir='ltr'>ὕψει,</span> <span class='ocrx_word' id='word_1_455' title='bbox 717 4234 893 4287; x_wconf 87' lang='grc' dir='ltr'>κλῖναι</span> <span class='ocrx_word' id='word_1_456' title='bbox 920 4235 1010 4287; x_wconf 83' lang='grc' dir='ltr'><strong>τὸν</strong></span> <span class='ocrx_word' id='word_1_457' title='bbox 1039 4236 1171 4287; x_wconf 86' lang='grc' dir='ltr'>Θεὸν</span> <span class='ocrx_word' id='word_1_458' title='bbox 1199 4234 1428 4287; x_wconf 76' lang='grc' dir='ltr'>ἱκετεύει</span> <span class='ocrx_word' id='word_1_459' title='bbox 1455 4235 1514 4287; x_wconf 87' lang='grc' dir='ltr'><strong>τὸ</strong></span> <span class='ocrx_word' id='word_1_460' title='bbox 1538 4230 1629 4297; x_wconf 82' lang='grc' dir='ltr'><strong>οὖς</strong></span> <span class='ocrx_word' id='word_1_461' title='bbox 1653 4232 1868 4287; x_wconf 76' lang='grc' dir='ltr'>ἑαυτοῦ·</span> 
     </span>
    </p>
   </div>
   <div class='ocr_carea' id='block_1_62' title="bbox 290 4321 1872 4399">
    <p class='ocr_par' dir='ltr' id='par_1_62' title="bbox 290 4321 1872 4399">
     <span class='ocr_line' id='line_1_62' title="bbox 290 4321 1872 4399; baseline 0.004 -24"><span class='ocrx_word' id='word_1_462' title='bbox 290 4321 382 4375; x_wconf 79' lang='grc' dir='ltr'>ἆτε</span> <span class='ocrx_word' id='word_1_463' title='bbox 432 4325 504 4395; x_wconf 80' lang='grc' dir='ltr'>μὴ</span> <span class='ocrx_word' id='word_1_464' title='bbox 553 4325 809 4380; x_wconf 88' lang='grc' dir='ltr'>τοσοῦτον</span> <span class='ocrx_word' id='word_1_465' title='bbox 866 4326 994 4397; x_wconf 84' lang='grc' dir='ltr'>βοᾷν</span> <span class='ocrx_word' id='word_1_466' title='bbox 1041 4328 1340 4398; x_wconf 88' lang='grc' dir='ltr'>δυνάμενος</span> <span class='ocrx_word' id='word_1_467' title='bbox 1386 4328 1473 4380; x_wconf 79' lang='grc' dir='ltr'>διὰ</span> <span class='ocrx_word' id='word_1_468' title='bbox 1526 4327 1622 4399; x_wconf 82' lang='grc' dir='ltr'>τὴν</span> <span class='ocrx_word' id='word_1_469' title='bbox 1666 4328 1872 4381; x_wconf 86' lang='grc' dir='ltr'>οἰκείαν</span> 
     </span>
    </p>
   </div>
   <div class='ocr_carea' id='block_1_63' title="bbox 1989 1912 3568 1984">
    <p class='ocr_par' dir='ltr' id='par_1_63' title="bbox 1989 1912 3568 1984">
     <span class='ocr_line' id='line_1_63' title="bbox 1989 1912 3568 1984; baseline 0.002 -17"><span class='ocrx_word' id='word_1_470' title='bbox 1989 1912 2154 1967; x_wconf 87' lang='lat' dir='ltr'><strong>statui</strong></span> <span class='ocrx_word' id='word_1_471' title='bbox 2179 1928 2279 1967; x_wconf 92' lang='lat' dir='ltr'><strong>suo</strong></span> <span class='ocrx_word' id='word_1_472' title='bbox 2301 1920 2690 1982; x_wconf 83' lang='lat' dir='ltr'><strong>congruentem</strong></span> <span class='ocrx_word' id='word_1_473' title='bbox 2715 1914 3016 1969; x_wconf 91' lang='lat' dir='ltr'><strong>orationem</strong></span> <span class='ocrx_word' id='word_1_474' title='bbox 3046 1915 3303 1984; x_wconf 79' lang='lat' dir='ltr'><strong>deligere,</strong></span> <span class='ocrx_word' id='word_1_475' title='bbox 3330 1931 3395 1970; x_wconf 84' lang='lat' dir='ltr'><strong>ex</strong></span> <span class='ocrx_word' id='word_1_476' title='bbox 3425 1916 3568 1971; x_wconf 91' lang='lat' dir='ltr'><strong>libro</strong></span> 
     </span>
    </p>
   </div>
   <div class='ocr_carea' id='block_1_64' title="bbox 1988 2003 3568 2079">
    <p class='ocr_par' dir='ltr' id='par_1_64' title="bbox 1988 2003 3568 2079">
     <span class='ocr_line' id='line_1_64' title="bbox 1988 2003 3568 2079; baseline 0.004 -22"><span class='ocrx_word' id='word_1_477' title='bbox 1988 2003 2332 2059; x_wconf 91' lang='lat' dir='ltr'><strong>Psalmorum</strong></span> <span class='ocrx_word' id='word_1_478' title='bbox 2366 2012 2419 2060; x_wconf 86' lang='lat' dir='ltr'><strong>et</strong></span> <span class='ocrx_word' id='word_1_479' title='bbox 2448 2021 2516 2061; x_wconf 83' lang='lat' dir='ltr'><strong>ex</strong></span> <span class='ocrx_word' id='word_1_480' title='bbox 2549 2007 2886 2076; x_wconf 85' lang='lat' dir='ltr'><strong>pr0phetieis</strong></span> <span class='ocrx_word' id='word_1_481' title='bbox 2933 2008 3162 2062; x_wconf 86' lang='lat' dir='ltr'><strong>vocibus</strong></span> <span class='ocrx_word' id='word_1_482' title='bbox 3196 2008 3568 2079; x_wconf 87' lang='lat' dir='ltr'><strong>desumptam.</strong></span> 
     </span>
    </p>
   </div>
   <div class='ocr_carea' id='block_1_65' title="bbox 1987 2096 3568 2170">
    <p class='ocr_par' dir='ltr' id='par_1_65' title="bbox 1987 2096 3568 2170">
     <span class='ocr_line' id='line_1_65' title="bbox 1987 2096 3568 2170; baseline 0.003 -19"><span class='ocrx_word' id='word_1_483' title='bbox 1987 2096 2115 2151; x_wconf 60' lang='lat' dir='ltr'><strong>Haec</strong></span> <span class='ocrx_word' id='word_1_484' title='bbox 2142 2098 2310 2167; x_wconf 86' lang='lat' dir='ltr'><strong>igitur</strong></span> <span class='ocrx_word' id='word_1_485' title='bbox 2335 2097 2513 2151; x_wconf 87' lang='lat' dir='ltr'><strong>oratio</strong></span> <span class='ocrx_word' id='word_1_486' title='bbox 2544 2096 2767 2153; x_wconf 91' lang='lat' dir='ltr'><strong>Davidis</strong></span> <span class='ocrx_word' id='word_1_487' title='bbox 2800 2105 2884 2153; x_wconf 91' lang='lat' dir='ltr'><strong>est</strong></span> <span class='ocrx_word' id='word_1_488' title='bbox 2912 2121 2926 2153; x_wconf 86' lang='lat'><strong>:</strong></span> <span class='ocrx_word' id='word_1_489' title='bbox 2951 2114 3078 2153; x_wconf 90' lang='lat' dir='ltr'><strong>nam</strong></span> <span class='ocrx_word' id='word_1_490' title='bbox 3105 2100 3186 2154; x_wconf 89' lang='lat' dir='ltr'><strong>sie</strong></span> <span class='ocrx_word' id='word_1_491' title='bbox 3219 2101 3568 2170; x_wconf 84' lang='lat' dir='ltr'><strong>explicarunt</strong></span> 
     </span>
    </p>
   </div>
   <div class='ocr_carea' id='block_1_66' title="bbox 1987 2186 3566 2259">
    <p class='ocr_par' dir='ltr' id='par_1_66' title="bbox 1987 2186 3566 2259">
     <span class='ocr_line' id='line_1_66' title="bbox 1987 2186 3566 2259; baseline 0.001 -16"><span class='ocrx_word' id='word_1_492' title='bbox 1987 2189 2185 2259; x_wconf 86' lang='lat' dir='ltr'><strong>Aquila</strong></span> <span class='ocrx_word' id='word_1_493' title='bbox 2214 2196 2268 2242; x_wconf 91' lang='lat' dir='ltr'><strong>et</strong></span> <span class='ocrx_word' id='word_1_494' title='bbox 2305 2186 2687 2259; x_wconf 86' lang='lat' dir='ltr'><strong>Symmachus,</strong></span> <span class='ocrx_word' id='word_1_495' title='bbox 2717 2189 2812 2258; x_wconf 87' lang='lat' dir='ltr'><strong>qui</strong></span> <span class='ocrx_word' id='word_1_496' title='bbox 2846 2204 2945 2258; x_wconf 89' lang='lat' dir='ltr'><strong>pro</strong></span> <span class='ocrx_word' id='word_1_497' title='bbox 2976 2190 3092 2249; x_wconf 90' lang='lat' dir='ltr'><strong>illo.</strong></span> <span class='ocrx_word' id='word_1_498' title='bbox 3128 2189 3343 2256; x_wconf 84' lang='lat' dir='ltr'><strong>Davidi,</strong></span> <span class='ocrx_word' id='word_1_499' title='bbox 3388 2192 3566 2247; x_wconf 89' lang='lat' dir='ltr'><strong>inter-</strong></span> 
     </span>
    </p>
   </div>
   <div class='ocr_carea' id='block_1_67' title="bbox 1987 2280 3635 2353">
    <p class='ocr_par' dir='ltr' id='par_1_67' title="bbox 1987 2280 3635 2353">
     <span class='ocr_line' id='line_1_67' title="bbox 1987 2280 3635 2353; baseline 0.004 -19"><span class='ocrx_word' id='word_1_500' title='bbox 1987 2282 2185 2353; x_wconf 89' lang='lat' dir='ltr'><strong>pretati</strong></span> <span class='ocrx_word' id='word_1_501' title='bbox 2216 2292 2364 2343; x_wconf 84' lang='lat' dir='ltr'><strong>sunt.</strong></span> <span class='ocrx_word' id='word_1_502' title='bbox 2405 2280 2640 2337; x_wconf 84' lang='lat' dir='ltr'><strong>Davidis.</strong></span> <span class='ocrx_word' id='word_1_503' title='bbox 2697 2282 2925 2338; x_wconf 86' lang='lat' dir='ltr'><strong>Videtur</strong></span> <span class='ocrx_word' id='word_1_504' title='bbox 2954 2298 3120 2352; x_wconf 88' lang='lat' dir='ltr'><strong>porro</strong></span> <span class='ocrx_word' id='word_1_505' title='bbox 3151 2282 3345 2348; x_wconf 87' lang='lat' dir='ltr'><strong>David,</strong></span> <span class='ocrx_word' id='word_1_506' title='bbox 3377 2284 3569 2341; x_wconf 88' lang='lat' dir='ltr'><strong>divino</strong></span> <span class='ocrx_word' id='word_1_507' title='bbox 3632 2310 3635 2313; x_wconf 51' lang='grc' dir='ltr'><strong>ί</strong></span> 
     </span>
    </p>
   </div>
   <div class='ocr_carea' id='block_1_68' title="bbox 1989 2373 3566 2448">
    <p class='ocr_par' dir='ltr' id='par_1_68' title="bbox 1989 2373 3566 2448">
     <span class='ocr_line' id='line_1_68' title="bbox 1989 2373 3566 2448; baseline 0.005 -23"><span class='ocrx_word' id='word_1_508' title='bbox 1989 2374 2199 2429; x_wconf 75' lang='lat' dir='ltr'><strong>afflatus</strong></span> <span class='ocrx_word' id='word_1_509' title='bbox 2232 2373 2461 2445; x_wconf 90' lang='lat' dir='ltr'><strong>Spiritu,</strong></span> <span class='ocrx_word' id='word_1_510' title='bbox 2496 2376 2897 2432; x_wconf 88' lang='lat' dir='ltr'><strong>beatitudinem</strong></span> <span class='ocrx_word' id='word_1_511' title='bbox 2944 2377 3092 2431; x_wconf 88' lang='lat' dir='ltr'><strong>illam</strong></span> <span class='ocrx_word' id='word_1_512' title='bbox 3126 2376 3193 2431; x_wconf 92' lang='lat' dir='ltr'><strong>de</strong></span> <span class='ocrx_word' id='word_1_513' title='bbox 3224 2379 3566 2448; x_wconf 83' lang='lat' dir='ltr'><strong>pauperibus</strong></span> 
     </span>
    </p>
   </div>
   <div class='ocr_carea' id='block_1_69' title="bbox 1988 2463 3566 2540">
    <p class='ocr_par' dir='ltr' id='par_1_69' title="bbox 1988 2463 3566 2540">
     <span class='ocr_line' id='line_1_69' title="bbox 1988 2463 3566 2540; baseline 0.006 -23"><span class='ocrx_word' id='word_1_514' title='bbox 1988 2479 2018 2517; x_wconf 93' lang='lat' dir='ltr'><strong>a</strong></span> <span class='ocrx_word' id='word_1_515' title='bbox 2054 2463 2334 2520; x_wconf 87' lang='lat' dir='ltr'><strong>Salvatore</strong></span> <span class='ocrx_word' id='word_1_516' title='bbox 2362 2476 2553 2521; x_wconf 90' lang='lat' dir='ltr'><strong>nostro</strong></span> <span class='ocrx_word' id='word_1_517' title='bbox 2588 2469 2853 2537; x_wconf 89' lang='lat' dir='ltr'><strong>prolatam</strong></span> <span class='ocrx_word' id='word_1_518' title='bbox 2887 2485 2996 2523; x_wconf 92' lang='lat' dir='ltr'><strong>non</strong></span> <span class='ocrx_word' id='word_1_519' title='bbox 3039 2469 3329 2539; x_wconf 87' lang='lat' dir='ltr'><strong>ignorasse</strong></span> <span class='ocrx_word' id='word_1_520' title='bbox 3354 2492 3366 2525; x_wconf 75' lang='grc' dir='ltr'>ε</span> <span class='ocrx_word' id='word_1_521' title='bbox 3395 2486 3566 2540; x_wconf 86' lang='lat' dir='ltr'><strong>quare</strong></span> 
     </span>
    </p>
   </div>
   <div class='ocr_carea' id='block_1_70' title="bbox 1988 2558 3568 2647">
    <p class='ocr_par' dir='ltr' id='par_1_70' title="bbox 1988 2558 3568 2647">
     <span class='ocr_line' id='line_1_70' title="bbox 1988 2558 3568 2647; baseline 0.003 -36"><span class='ocrx_word' id='word_1_522' title='bbox 1988 2571 2047 2611; x_wconf 91' lang='lat' dir='ltr'><strong>se</strong></span> <span class='ocrx_word' id='word_1_523' title='bbox 2074 2570 2371 2626; x_wconf 90' lang='lat' dir='ltr'><strong>pauperem</strong></span> <span class='ocrx_word' id='word_1_524' title='bbox 2397 2567 2451 2611; x_wconf 89' lang='lat' dir='ltr'><strong>et</strong></span> <span class='ocrx_word' id='word_1_525' title='bbox 2482 2558 2699 2647; x_wconf 60' lang='lat' dir='ltr'><strong>inopem</strong></span> <span class='ocrx_word' id='word_1_526' title='bbox 2730 2573 2852 2613; x_wconf 91' lang='lat' dir='ltr'><strong>esse</strong></span> <span class='ocrx_word' id='word_1_527' title='bbox 2882 2558 3106 2623; x_wconf 84' lang='lat' dir='ltr'><strong>fatetur,</strong></span> <span class='ocrx_word' id='word_1_528' title='bbox 3130 2560 3347 2615; x_wconf 88' lang='lat' dir='ltr'><strong>etiamsi</strong></span> <span class='ocrx_word' id='word_1_529' title='bbox 3378 2576 3472 2615; x_wconf 78' lang='lat' dir='ltr'><strong>rex</strong></span> <span class='ocrx_word' id='word_1_530' title='bbox 3500 2576 3568 2616; x_wconf 86' lang='lat' dir='ltr'><strong>ac</strong></span> 
     </span>
    </p>
   </div>
   <div class='ocr_carea' id='block_1_71' title="bbox 1986 2646 3565 2721">
    <p class='ocr_par' dir='ltr' id='par_1_71' title="bbox 1986 2646 3565 2721">
     <span class='ocr_line' id='line_1_71' title="bbox 1986 2646 3565 2721; baseline 0.004 -21"><span class='ocrx_word' id='word_1_531' title='bbox 1986 2646 2191 2701; x_wconf 88' lang='lat' dir='ltr'><strong>divitiis</strong></span> <span class='ocrx_word' id='word_1_532' title='bbox 2242 2646 2543 2703; x_wconf 84' lang='lat' dir='ltr'><strong>instructus</strong></span> <span class='ocrx_word' id='word_1_533' title='bbox 2597 2649 2786 2703; x_wconf 89' lang='lat' dir='ltr'><strong>multis</strong></span> <span class='ocrx_word' id='word_1_534' title='bbox 2819 2656 2985 2704; x_wconf 90' lang='lat' dir='ltr'><strong>esset.</strong></span> <span class='ocrx_word' id='word_1_535' title='bbox 3041 2648 3146 2703; x_wconf 91' lang='lat' dir='ltr'><strong>Sed</strong></span> <span class='ocrx_word' id='word_1_536' title='bbox 3188 2650 3316 2720; x_wconf 91' lang='lat' dir='ltr'><strong>quia</strong></span> <span class='ocrx_word' id='word_1_537' title='bbox 3365 2651 3565 2721; x_wconf 84' lang='lat' dir='ltr'><strong>spiritu</strong></span> 
     </span>
    </p>
   </div>
   <div class='ocr_carea' id='block_1_72' title="bbox 1986 2738 3562 2809">
    <p class='ocr_par' dir='ltr' id='par_1_72' title="bbox 1986 2738 3562 2809">
     <span class='ocr_line' id='line_1_72' title="bbox 1986 2738 3562 2809; baseline 0.002 -17"><span class='ocrx_word' id='word_1_538' title='bbox 1986 2738 2109 2793; x_wconf 89' lang='lat' dir='ltr'><strong>talis</strong></span> <span class='ocrx_word' id='word_1_539' title='bbox 2137 2746 2256 2793; x_wconf 88' lang='lat' dir='ltr'><strong>erat</strong></span> <span class='ocrx_word' id='word_1_540' title='bbox 2281 2738 2584 2794; x_wconf 90' lang='lat' dir='ltr'><strong>secundum</strong></span> <span class='ocrx_word' id='word_1_541' title='bbox 2624 2739 2780 2806; x_wconf 89' lang='lat' dir='ltr'><strong>illud,</strong></span> <span class='ocrx_word' id='word_1_542' title='bbox 2812 2739 2967 2793; x_wconf 83' lang='lat' dir='ltr'><strong>Beati</strong></span> <span class='ocrx_word' id='word_1_543' title='bbox 2994 2756 3247 2809; x_wconf 86' lang='lat' dir='ltr'><strong>pauperes</strong></span> <span class='ocrx_word' id='word_1_544' title='bbox 3275 2741 3467 2809; x_wconf 87' lang='lat' dir='ltr'><strong>spiritu</strong></span> <span class='ocrx_word' id='word_1_545' title='bbox 3484 2744 3562 2809; x_wconf 84' lang='grc'><strong>⁶⁷;</strong></span> 
     </span>
    </p>
   </div>
   <div class='ocr_carea' id='block_1_73' title="bbox 1985 2832 3565 2902">
    <p class='ocr_par' dir='ltr' id='par_1_73' title="bbox 1985 2832 3565 2902">
     <span class='ocr_line' id='line_1_73' title="bbox 1985 2832 3565 2902; baseline 0.002 -17"><span class='ocrx_word' id='word_1_546' title='bbox 1985 2834 2184 2885; x_wconf 84' lang='lat' dir='ltr'><strong>merito</strong></span> <span class='ocrx_word' id='word_1_547' title='bbox 2225 2839 2603 2902; x_wconf 89' lang='lat' dir='ltr'><strong>paupertatem</strong></span> <span class='ocrx_word' id='word_1_548' title='bbox 2645 2839 2698 2886; x_wconf 94' lang='lat' dir='ltr'><strong>et</strong></span> <span class='ocrx_word' id='word_1_549' title='bbox 2752 2833 2994 2902; x_wconf 89' lang='lat' dir='ltr'><strong>inopiam</strong></span> <span class='ocrx_word' id='word_1_550' title='bbox 3043 2832 3187 2887; x_wconf 88' lang='lat' dir='ltr'><strong>inter</strong></span> <span class='ocrx_word' id='word_1_551' title='bbox 3236 2834 3470 2889; x_wconf 77' lang='lat' dir='ltr'><strong>virtutes</strong></span> <span class='ocrx_word' id='word_1_552' title='bbox 3507 2844 3565 2888; x_wconf 90' lang='lat' dir='ltr'><strong>ct</strong></span> 
     </span>
    </p>
   </div>
   <div class='ocr_carea' id='block_1_74' title="bbox 1985 2924 3563 2983">
    <p class='ocr_par' dir='ltr' id='par_1_74' title="bbox 1985 2924 3563 2983">
     <span class='ocr_line' id='line_1_74' title="bbox 1985 2924 3563 2983; baseline 0.003 -6"><span class='ocrx_word' id='word_1_553' title='bbox 1985 2933 2134 2979; x_wconf 89' lang='lat' dir='ltr'><strong>recte</strong></span> <span class='ocrx_word' id='word_1_554' title='bbox 2189 2924 2332 2979; x_wconf 87' lang='lat' dir='ltr'><strong>facta</strong></span> <span class='ocrx_word' id='word_1_555' title='bbox 2379 2939 2479 2980; x_wconf 88' lang='lat' dir='ltr'><strong>sua</strong></span> <span class='ocrx_word' id='word_1_556' title='bbox 2523 2926 2579 2979; x_wconf 87' lang='lat' dir='ltr'><strong>in</strong></span> <span class='ocrx_word' id='word_1_557' title='bbox 2630 2926 2880 2981; x_wconf 87' lang='lat' dir='ltr'><strong>oratione</strong></span> <span class='ocrx_word' id='word_1_558' title='bbox 2931 2933 3205 2983; x_wconf 90' lang='lat' dir='ltr'><strong>recenset.</strong></span> <span class='ocrx_word' id='word_1_559' title='bbox 3263 2926 3387 2980; x_wconf 89' lang='lat' dir='ltr'><strong>Alio</strong></span> <span class='ocrx_word' id='word_1_560' title='bbox 3434 2928 3563 2982; x_wconf 89' lang='lat' dir='ltr'><strong>item</strong></span> 
     </span>
    </p>
   </div>
   <div class='ocr_carea' id='block_1_75' title="bbox 1984 3018 3567 3089">
    <p class='ocr_par' dir='ltr' id='par_1_75' title="bbox 1984 3018 3567 3089">
     <span class='ocr_line' id='line_1_75' title="bbox 1984 3018 3567 3089; baseline 0.003 -18"><span class='ocrx_word' id='word_1_561' title='bbox 1984 3018 2148 3073; x_wconf 89' lang='lat' dir='ltr'><strong>modo</strong></span> <span class='ocrx_word' id='word_1_562' title='bbox 2185 3019 2425 3085; x_wconf 79' lang='lat' dir='ltr'><strong>dixeris;</strong></span> <span class='ocrx_word' id='word_1_563' title='bbox 2470 3020 2611 3073; x_wconf 88' lang='lat' dir='ltr'><strong>sicut</strong></span> <span class='ocrx_word' id='word_1_564' title='bbox 2660 3018 2894 3089; x_wconf 85' lang='lat' dir='ltr'><strong>Moyses,</strong></span> <span class='ocrx_word' id='word_1_565' title='bbox 2930 3019 3115 3073; x_wconf 86' lang='lat' dir='ltr'><strong>audita</strong></span> <span class='ocrx_word' id='word_1_566' title='bbox 3162 3018 3258 3074; x_wconf 87' lang='lat' dir='ltr'><strong>Dei</strong></span> <span class='ocrx_word' id='word_1_567' title='bbox 3307 3036 3459 3085; x_wconf 91' lang='lat' dir='ltr'><strong>voce,</strong></span> <span class='ocrx_word' id='word_1_568' title='bbox 3506 3037 3567 3076; x_wconf 84' lang='lat' dir='ltr'><strong>se</strong></span> 
     </span>
    </p>
   </div>
   <div class='ocr_carea' id='block_1_76' title="bbox 1982 3132 3562 3202">
    <p class='ocr_par' dir='ltr' id='par_1_76' title="bbox 1982 3132 3562 3202">
     <span class='ocr_line' id='line_1_76' title="bbox 1982 3132 3562 3202; baseline 0.001 -14"><span class='ocrx_word' id='word_1_569' title='bbox 1982 3134 2375 3189; x_wconf 88' lang='lat' dir='ltr'><strong>balbutientem</strong></span> <span class='ocrx_word' id='word_1_570' title='bbox 2406 3148 2531 3189; x_wconf 90' lang='lat' dir='ltr'><strong>esse</strong></span> <span class='ocrx_word' id='word_1_571' title='bbox 2578 3132 2874 3197; x_wconf 83' lang='lat' dir='ltr'><strong>fatebatur,</strong></span> <span class='ocrx_word' id='word_1_572' title='bbox 2911 3133 3075 3202; x_wconf 89' lang='lat' dir='ltr'><strong>idque</strong></span> <span class='ocrx_word' id='word_1_573' title='bbox 3119 3132 3335 3190; x_wconf 88' lang='lat' dir='ltr'><strong>dicebat</strong></span> <span class='ocrx_word' id='word_1_574' title='bbox 3372 3150 3562 3189; x_wconf 90' lang='lat' dir='ltr'><strong>vocem</strong></span> 
     </span>
    </p>
   </div>
   <div class='ocr_carea' id='block_1_77' title="bbox 1987 3226 3565 3296">
    <p class='ocr_par' dir='ltr' id='par_1_77' title="bbox 1987 3226 3565 3296">
     <span class='ocr_line' id='line_1_77' title="bbox 1987 3226 3565 3296; baseline -0.001 -14"><span class='ocrx_word' id='word_1_575' title='bbox 1987 3242 2327 3283; x_wconf 86' lang='lat' dir='ltr'><strong>suam-eum</strong></span> <span class='ocrx_word' id='word_1_576' title='bbox 2392 3226 2578 3281; x_wconf 89' lang='lat' dir='ltr'><strong>divina</strong></span> <span class='ocrx_word' id='word_1_577' title='bbox 2640 3226 3043 3296; x_wconf 89' lang='lat' dir='ltr'><strong>comparando;</strong></span> <span class='ocrx_word' id='word_1_578' title='bbox 3103 3226 3178 3279; x_wconf 91' lang='lat' dir='ltr'><strong>ita</strong></span> <span class='ocrx_word' id='word_1_579' title='bbox 3243 3234 3298 3281; x_wconf 88' lang='lat' dir='ltr'><strong>et</strong></span> <span class='ocrx_word' id='word_1_580' title='bbox 3360 3226 3565 3293; x_wconf 87' lang='lat' dir='ltr'><strong>David,</strong></span> 
     </span>
    </p>
   </div>
   <div class='ocr_carea' id='block_1_78' title="bbox 1987 3320 3567 3389">
    <p class='ocr_par' dir='ltr' id='par_1_78' title="bbox 1987 3320 3567 3389">
     <span class='ocr_line' id='line_1_78' title="bbox 1987 3320 3567 3389; baseline 0.001 -16"><span class='ocrx_word' id='word_1_581' title='bbox 1987 3320 2202 3373; x_wconf 88' lang='lat' dir='ltr'><strong>etiamsi</strong></span> <span class='ocrx_word' id='word_1_582' title='bbox 2244 3336 2495 3389; x_wconf 81' lang='lat' dir='ltr'><strong>magnus,</strong></span> <span class='ocrx_word' id='word_1_583' title='bbox 2529 3320 2683 3375; x_wconf 86' lang='lat' dir='ltr'><strong>dives</strong></span> <span class='ocrx_word' id='word_1_584' title='bbox 2726 3329 2779 3374; x_wconf 90' lang='lat' dir='ltr'><strong>et</strong></span> <span class='ocrx_word' id='word_1_585' title='bbox 2817 3320 3059 3388; x_wconf 89' lang='lat' dir='ltr'><strong>sapiens,</strong></span> <span class='ocrx_word' id='word_1_586' title='bbox 3093 3335 3217 3373; x_wconf 80' lang='lat' dir='ltr'><strong>cum</strong></span> <span class='ocrx_word' id='word_1_587' title='bbox 3251 3320 3567 3375; x_wconf 85' lang='lat' dir='ltr'><strong>hominibus</strong></span> 
     </span>
    </p>
   </div>
   <div class='ocr_carea' id='block_1_79' title="bbox 1985 3409 3563 3480">
    <p class='ocr_par' dir='ltr' id='par_1_79' title="bbox 1985 3409 3563 3480">
     <span class='ocr_line' id='line_1_79' title="bbox 1985 3409 3563 3480; baseline 0.002 -16"><span class='ocrx_word' id='word_1_588' title='bbox 1985 3418 2338 3480; x_wconf 89' lang='lat' dir='ltr'><strong>comparatus</strong></span> <span class='ocrx_word' id='word_1_589' title='bbox 2396 3420 2568 3476; x_wconf 90' lang='lat' dir='ltr'><strong>esset;</strong></span> <span class='ocrx_word' id='word_1_590' title='bbox 2605 3418 2659 3463; x_wconf 86' lang='lat' dir='ltr'><strong>at</strong></span> <span class='ocrx_word' id='word_1_591' title='bbox 2689 3411 2918 3465; x_wconf 88' lang='lat' dir='ltr'><strong>elevatis</strong></span> <span class='ocrx_word' id='word_1_592' title='bbox 2956 3410 3024 3463; x_wconf 89' lang='lat' dir='ltr'><strong>ad</strong></span> <span class='ocrx_word' id='word_1_593' title='bbox 3068 3409 3236 3466; x_wconf 90' lang='lat' dir='ltr'><strong>Deum</strong></span> <span class='ocrx_word' id='word_1_594' title='bbox 3268 3413 3464 3475; x_wconf 92' lang='lat' dir='ltr'><strong>oculis,</strong></span> <span class='ocrx_word' id='word_1_595' title='bbox 3504 3428 3563 3467; x_wconf 76' lang='lat' dir='ltr'><strong>se</strong></span> 
     </span>
    </p>
   </div>
   <div class='ocr_carea' id='block_1_80' title="bbox 1984 3502 3562 3573">
    <p class='ocr_par' dir='ltr' id='par_1_80' title="bbox 1984 3502 3562 3573">
     <span class='ocr_line' id='line_1_80' title="bbox 1984 3502 3562 3573; baseline -0.001 -15"><span class='ocrx_word' id='word_1_596' title='bbox 1984 3504 2123 3558; x_wconf 90' lang='lat' dir='ltr'><strong>nihil</strong></span> <span class='ocrx_word' id='word_1_597' title='bbox 2158 3520 2281 3559; x_wconf 91' lang='lat' dir='ltr'><strong>esse</strong></span> <span class='ocrx_word' id='word_1_598' title='bbox 2313 3504 2446 3557; x_wconf 90' lang='lat' dir='ltr'><strong>vidit</strong></span> <span class='ocrx_word' id='word_1_599' title='bbox 2473 3524 2485 3558; x_wconf 92' lang='lat'><strong>:</strong></span> <span class='ocrx_word' id='word_1_600' title='bbox 2517 3511 2570 3557; x_wconf 91' lang='lat' dir='ltr'><strong>et</strong></span> <span class='ocrx_word' id='word_1_601' title='bbox 2595 3504 2721 3572; x_wconf 90' lang='lat' dir='ltr'><strong>quia</strong></span> <span class='ocrx_word' id='word_1_602' title='bbox 2764 3502 3007 3557; x_wconf 90' lang='lat' dir='ltr'><strong>nondum</strong></span> <span class='ocrx_word' id='word_1_603' title='bbox 3038 3511 3222 3572; x_wconf 86' lang='lat' dir='ltr'><strong>posset</strong></span> <span class='ocrx_word' id='word_1_604' title='bbox 3252 3502 3421 3557; x_wconf 90' lang='lat' dir='ltr'><strong>Deum</strong></span> <span class='ocrx_word' id='word_1_605' title='bbox 3466 3519 3562 3573; x_wconf 90' lang='lat' dir='ltr'><strong>pa-</strong></span> 
     </span>
    </p>
   </div>
   <div class='ocr_carea' id='block_1_81' title="bbox 1985 3594 3561 3665">
    <p class='ocr_par' dir='ltr' id='par_1_81' title="bbox 1985 3594 3561 3665">
     <span class='ocr_line' id='line_1_81' title="bbox 1985 3594 3561 3665; baseline 0 -16"><span class='ocrx_word' id='word_1_606' title='bbox 1985 3604 2123 3650; x_wconf 87' lang='lat' dir='ltr'><strong>trem</strong></span> <span class='ocrx_word' id='word_1_607' title='bbox 2164 3610 2383 3660; x_wconf 91' lang='lat' dir='ltr'><strong>voeare,</strong></span> <span class='ocrx_word' id='word_1_608' title='bbox 2416 3595 2708 3649; x_wconf 90' lang='lat' dir='ltr'><strong>Dominum</strong></span> <span class='ocrx_word' id='word_1_609' title='bbox 2740 3610 2865 3650; x_wconf 90' lang='lat' dir='ltr'><strong>eum</strong></span> <span class='ocrx_word' id='word_1_610' title='bbox 2912 3596 3221 3665; x_wconf 89' lang='lat' dir='ltr'><strong>appellavit,</strong></span> <span class='ocrx_word' id='word_1_611' title='bbox 3274 3610 3334 3649; x_wconf 91' lang='lat' dir='ltr'><strong>se</strong></span> <span class='ocrx_word' id='word_1_612' title='bbox 3372 3594 3561 3649; x_wconf 87' lang='lat' dir='ltr'><strong>famuli</strong></span> 
     </span>
    </p>
   </div>
   <div class='ocr_carea' id='block_1_82' title="bbox 1984 3686 3562 3756">
    <p class='ocr_par' dir='ltr' id='par_1_82' title="bbox 1984 3686 3562 3756">
     <span class='ocr_line' id='line_1_82' title="bbox 1984 3686 3562 3756; baseline -0.001 -14"><span class='ocrx_word' id='word_1_613' title='bbox 1984 3689 2165 3743; x_wconf 91' lang='lat' dir='ltr'><strong>locum</strong></span> <span class='ocrx_word' id='word_1_614' title='bbox 2199 3696 2387 3743; x_wconf 90' lang='lat' dir='ltr'><strong>tenere</strong></span> <span class='ocrx_word' id='word_1_615' title='bbox 2426 3689 2764 3756; x_wconf 77' lang='lat' dir='ltr'><strong>significans.</strong></span> <span class='ocrx_word' id='word_1_616' title='bbox 2800 3686 3025 3751; x_wconf 89' lang='lat' dir='ltr'><strong>Deinde,</strong></span> <span class='ocrx_word' id='word_1_617' title='bbox 3060 3695 3247 3756; x_wconf 90' lang='lat' dir='ltr'><strong>utpote</strong></span> <span class='ocrx_word' id='word_1_618' title='bbox 3271 3687 3363 3756; x_wconf 90' lang='lat' dir='ltr'><strong>qui</strong></span> <span class='ocrx_word' id='word_1_619' title='bbox 3394 3688 3447 3741; x_wconf 89' lang='lat' dir='ltr'><strong>in</strong></span> <span class='ocrx_word' id='word_1_620' title='bbox 3480 3689 3562 3740; x_wconf 81' lang='lat' dir='ltr'><strong>in-</strong></span> 
     </span>
    </p>
   </div>
   <div class='ocr_carea' id='block_1_83' title="bbox 1985 3773 3562 3847">
    <p class='ocr_par' dir='ltr' id='par_1_83' title="bbox 1985 3773 3562 3847">
     <span class='ocr_line' id='line_1_83' title="bbox 1985 3773 3562 3847; baseline -0.003 -15"><span class='ocrx_word' id='word_1_621' title='bbox 1985 3779 2128 3835; x_wconf 91' lang='lat' dir='ltr'><strong>fimis</strong></span> <span class='ocrx_word' id='word_1_622' title='bbox 2160 3787 2213 3834; x_wconf 92' lang='lat' dir='ltr'><strong>et</strong></span> <span class='ocrx_word' id='word_1_623' title='bbox 2270 3780 2324 3832; x_wconf 93' lang='lat' dir='ltr'><strong>in</strong></span> <span class='ocrx_word' id='word_1_624' title='bbox 2368 3777 2641 3847; x_wconf 89' lang='lat' dir='ltr'><strong>profundo</strong></span> <span class='ocrx_word' id='word_1_625' title='bbox 2689 3786 2925 3839; x_wconf 88' lang='lat' dir='ltr'><strong>maneat,</strong></span> <span class='ocrx_word' id='word_1_626' title='bbox 2978 3790 3104 3829; x_wconf 90' lang='lat' dir='ltr'><strong>cum</strong></span> <span class='ocrx_word' id='word_1_627' title='bbox 3155 3773 3298 3829; x_wconf 89' lang='lat' dir='ltr'><strong>Deus</strong></span> <span class='ocrx_word' id='word_1_628' title='bbox 3349 3775 3402 3827; x_wconf 93' lang='lat' dir='ltr'><strong>in</strong></span> <span class='ocrx_word' id='word_1_629' title='bbox 3450 3776 3562 3827; x_wconf 88' lang='lat' dir='ltr'><strong>alto</strong></span> 
     </span>
    </p>
   </div>
   <div class='ocr_carea' id='block_1_84' title="bbox 1982 3866 3559 3939">
    <p class='ocr_par' dir='ltr' id='par_1_84' title="bbox 1982 3866 3559 3939">
     <span class='ocr_line' id='line_1_84' title="bbox 1982 3866 3559 3939; baseline -0.003 -14"><span class='ocrx_word' id='word_1_630' title='bbox 1982 3873 2252 3933; x_wconf 70' lang='lat' dir='ltr'><strong>exsistat,‘</strong></span> <span class='ocrx_word' id='word_1_631' title='bbox 2284 3879 2442 3939; x_wconf 89' lang='lat' dir='ltr'><strong>rogat</strong></span> <span class='ocrx_word' id='word_1_632' title='bbox 2482 3876 2541 3922; x_wconf 90' lang='lat' dir='ltr'><strong>ut</strong></span> <span class='ocrx_word' id='word_1_633' title='bbox 2581 3868 2805 3922; x_wconf 90' lang='lat' dir='ltr'><strong>inclinet</strong></span> <span class='ocrx_word' id='word_1_634' title='bbox 2825 3882 3012 3922; x_wconf 86' lang='lat' dir='ltr'><strong>aurem</strong></span> <span class='ocrx_word' id='word_1_635' title='bbox 3044 3880 3226 3930; x_wconf 91' lang='lat' dir='ltr'><strong>suam,</strong></span> <span class='ocrx_word' id='word_1_636' title='bbox 3260 3866 3408 3935; x_wconf 92' lang='lat' dir='ltr'><strong>quod</strong></span> <span class='ocrx_word' id='word_1_637' title='bbox 3444 3867 3559 3935; x_wconf 86' lang='lat' dir='ltr'><strong>ipse</strong></span> 
     </span>
    </p>
   </div>
   <div class='ocr_carea' id='block_1_85' title="bbox 1981 3957 3563 4031">
    <p class='ocr_par' dir='ltr' id='par_1_85' title="bbox 1981 3957 3563 4031">
     <span class='ocr_line' id='line_1_85' title="bbox 1981 3957 3563 4031; baseline -0.002 -18"><span class='ocrx_word' id='word_1_638' title='bbox 1981 3978 2093 4031; x_wconf 72' lang='lat' dir='ltr'><strong>prae</strong></span> <span class='ocrx_word' id='word_1_639' title='bbox 2133 3960 2449 4014; x_wconf 86' lang='lat' dir='ltr'><strong>infirmitate</strong></span> <span class='ocrx_word' id='word_1_640' title='bbox 2496 3966 2706 4013; x_wconf 90' lang='lat' dir='ltr'><strong>tantum</strong></span> <span class='ocrx_word' id='word_1_641' title='bbox 2742 3957 2905 4011; x_wconf 85' lang='lat' dir='ltr'><strong>edere</strong></span> <span class='ocrx_word' id='word_1_642' title='bbox 2952 3957 3247 4010; x_wconf 90' lang='lat' dir='ltr'><strong>clamorem</strong></span> <span class='ocrx_word' id='word_1_643' title='bbox 3286 3970 3395 4009; x_wconf 90' lang='lat' dir='ltr'><strong>non</strong></span> <span class='ocrx_word' id='word_1_644' title='bbox 3436 3971 3563 4025; x_wconf 76' lang='lat' dir='ltr'><strong>pos-</strong></span> 
     </span>
    </p>
   </div>
   <div class='ocr_carea' id='block_1_86' title="bbox 1980 4045 3556 4121">
    <p class='ocr_par' dir='ltr' id='par_1_86' title="bbox 1980 4045 3556 4121">
     <span class='ocr_line' id='line_1_86' title="bbox 1980 4045 3556 4121; baseline -0.003 -15"><span class='ocrx_word' id='word_1_645' title='bbox 1980 4053 2073 4115; x_wconf 86' lang='lat' dir='ltr'><strong>sit,</strong></span> <span class='ocrx_word' id='word_1_646' title='bbox 2115 4051 2208 4121; x_wconf 92' lang='lat' dir='ltr'><strong>qui</strong></span> <span class='ocrx_word' id='word_1_647' title='bbox 2243 4051 2297 4104; x_wconf 91' lang='lat' dir='ltr'><strong>in</strong></span> <span class='ocrx_word' id='word_1_648' title='bbox 2327 4051 2497 4104; x_wconf 90' lang='lat' dir='ltr'><strong>altum</strong></span> <span class='ocrx_word' id='word_1_649' title='bbox 2528 4049 2833 4119; x_wconf 88' lang='lat' dir='ltr'><strong>perveniat,</strong></span> <span class='ocrx_word' id='word_1_650' title='bbox 2866 4054 2920 4102; x_wconf 81' lang='lat' dir='ltr'><strong>et</strong></span> <span class='ocrx_word' id='word_1_651' title='bbox 2954 4046 3022 4100; x_wconf 84' lang='lat' dir='ltr'><strong>ad</strong></span> <span class='ocrx_word' id='word_1_652' title='bbox 3057 4045 3227 4100; x_wconf 88' lang='lat' dir='ltr'><strong>Deum</strong></span> <span class='ocrx_word' id='word_1_653' title='bbox 3261 4048 3556 4117; x_wconf 84' lang='lat' dir='ltr'><strong>pertingat.</strong></span> 
     </span>
    </p>
   </div>
   <div class='ocr_carea' id='block_1_87' title="bbox 1979 4136 3556 4211">
    <p class='ocr_par' dir='ltr' id='par_1_87' title="bbox 1979 4136 3556 4211">
     <span class='ocr_line' id='line_1_87' title="bbox 1979 4136 3556 4211; baseline -0.002 -15"><span class='ocrx_word' id='word_1_654' title='bbox 1979 4142 2344 4209; x_wconf 87' lang='lat' dir='ltr'><strong>Quamobrem</strong></span> <span class='ocrx_word' id='word_1_655' title='bbox 2414 4140 2686 4211; x_wconf 89' lang='lat' dir='ltr'><strong>supplicat</strong></span> <span class='ocrx_word' id='word_1_656' title='bbox 2745 4146 2804 4192; x_wconf 94' lang='lat' dir='ltr'><strong>ut</strong></span> <span class='ocrx_word' id='word_1_657' title='bbox 2870 4136 3014 4192; x_wconf 91' lang='lat' dir='ltr'><strong>Deus</strong></span> <span class='ocrx_word' id='word_1_658' title='bbox 3072 4137 3299 4191; x_wconf 84' lang='lat' dir='ltr'><strong>inclinet</strong></span> <span class='ocrx_word' id='word_1_659' title='bbox 3370 4153 3556 4193; x_wconf 83' lang='lat' dir='ltr'><strong>aurem</strong></span> 
     </span>
    </p>
   </div>
   <div class='ocr_carea' id='block_1_88' title="bbox 1977 4229 3559 4297">
    <p class='ocr_par' dir='ltr' id='par_1_88' title="bbox 1977 4229 3559 4297">
     <span class='ocr_line' id='line_1_88' title="bbox 1977 4229 3559 4297; baseline -0.005 -6"><span class='ocrx_word' id='word_1_660' title='bbox 1977 4250 2153 4297; x_wconf 90' lang='lat' dir='ltr'><strong>suam,</strong></span> <span class='ocrx_word' id='word_1_661' title='bbox 2188 4240 2241 4288; x_wconf 85' lang='lat' dir='ltr'><strong>et</strong></span> <span class='ocrx_word' id='word_1_662' title='bbox 2271 4240 2332 4287; x_wconf 89' lang='lat' dir='ltr'><strong>ut</strong></span> <span class='ocrx_word' id='word_1_663' title='bbox 2356 4232 2577 4287; x_wconf 90' lang='lat' dir='ltr'><strong>divinus</strong></span> <span class='ocrx_word' id='word_1_664' title='bbox 2618 4230 2840 4285; x_wconf 91' lang='lat' dir='ltr'><strong>auditus</strong></span> <span class='ocrx_word' id='word_1_665' title='bbox 2872 4229 3175 4284; x_wconf 88' lang='lat' dir='ltr'><strong>humilitati</strong></span> <span class='ocrx_word' id='word_1_666' title='bbox 3213 4246 3327 4286; x_wconf 64' lang='lat' dir='ltr'><strong>sum</strong></span> <span class='ocrx_word' id='word_1_667' title='bbox 3362 4238 3559 4284; x_wconf 81' lang='lat' dir='ltr'><strong>attem-</strong></span> 
     </span>
    </p>
   </div>
   <div class='ocr_carea' id='block_1_89' title="bbox 1975 4336 2215 4395">
    <p class='ocr_par' dir='ltr' id='par_1_89' title="bbox 1975 4336 2215 4395">
     <span class='ocr_line' id='line_1_89' title="bbox 1975 4336 2215 4395; baseline -0.004 -16"><span class='ocrx_word' id='word_1_668' title='bbox 1975 4336 2215 4395; x_wconf 87' lang='lat' dir='ltr'><strong>peretur.</strong></span> 
     </span>
    </p>
   </div>
   <div class='ocr_carea' id='block_1_90' title="bbox 289 4413 3558 4491">
    <p class='ocr_par' dir='ltr' id='par_1_90' title="bbox 289 4413 3558 4491">
     <span class='ocr_line' id='line_1_90' title="bbox 289 4413 3558 4491; baseline -0 -24"><span class='ocrx_word' id='word_1_669' title='bbox 289 4414 587 4479; x_wconf 85' lang='grc' dir='ltr'>ἀσθένειαν,</span> <span class='ocrx_word' id='word_1_670' title='bbox 614 4417 689 4481; x_wconf 83' lang='grc' dir='ltr'>ὡς</span> <span class='ocrx_word' id='word_1_671' title='bbox 714 4418 1058 4488; x_wconf 86' lang='grc' dir='ltr'>ἀναπέμπειν</span> <span class='ocrx_word' id='word_1_672' title='bbox 1091 4420 1169 4483; x_wconf 78' lang='grc' dir='ltr'>εἰς</span> <span class='ocrx_word' id='word_1_673' title='bbox 1196 4418 1327 4489; x_wconf 76' lang='grc' dir='ltr'>ὕψος</span> <span class='ocrx_word' id='word_1_674' title='bbox 1357 4421 1450 4473; x_wconf 70' lang='grc' dir='ltr'><strong>καὶ</strong></span> <span class='ocrx_word' id='word_1_675' title='bbox 1487 4420 1683 4473; x_wconf 89' lang='grc' dir='ltr'>τείνειν</span> <span class='ocrx_word' id='word_1_676' title='bbox 1718 4419 1855 4491; x_wconf 82' lang='grc' dir='ltr'>πρὸς</span> <span class='ocrx_word' id='word_1_677' title='bbox 1882 4417 1974 4470; x_wconf 82' lang='grc' dir='ltr'><strong>τὸν</strong></span> <span class='ocrx_word' id='word_1_678' title='bbox 1998 4418 2129 4470; x_wconf 83' lang='grc' dir='ltr'>Θεὸν</span> <span class='ocrx_word' id='word_1_679' title='bbox 2155 4416 2253 4488; x_wconf 82' lang='grc' dir='ltr'>τὴν</span> <span class='ocrx_word' id='word_1_680' title='bbox 2280 4414 2474 4468; x_wconf 79' lang='grc' dir='ltr'>ἑαυτοῦ</span> <span class='ocrx_word' id='word_1_681' title='bbox 2511 4417 2715 4486; x_wconf 87' lang='grc' dir='ltr'>φωνήν.</span> <span class='ocrx_word' id='word_1_682' title='bbox 2750 4415 2840 4468; x_wconf 79' lang='grc' dir='ltr'>Διὸ</span> <span class='ocrx_word' id='word_1_683' title='bbox 2867 4414 3033 4469; x_wconf 87' lang='grc' dir='ltr'>δεῖται</span> <span class='ocrx_word' id='word_1_684' title='bbox 3067 4414 3244 4469; x_wconf 84' lang='grc' dir='ltr'>κλῖναι</span> <span class='ocrx_word' id='word_1_685' title='bbox 3276 4414 3468 4467; x_wconf 81' lang='grc' dir='ltr'>ἑαυτοῦ</span> <span class='ocrx_word' id='word_1_686' title='bbox 3498 4413 3558 4467; x_wconf 73' lang='grc' dir='ltr'><strong>τὸ</strong></span> 
     </span>
    </p>
   </div>
   <div class='ocr_carea' id='block_1_91' title="bbox 288 4502 2517 4581">
    <p class='ocr_par' dir='ltr' id='par_1_91' title="bbox 288 4502 2517 4581">
     <span class='ocr_line' id='line_1_91' title="bbox 288 4502 2517 4581; baseline 0.001 -22"><span class='ocrx_word' id='word_1_687' title='bbox 288 4502 379 4569; x_wconf 79' lang='grc' dir='ltr'>οὖς</span> <span class='ocrx_word' id='word_1_688' title='bbox 407 4508 497 4560; x_wconf 80' lang='grc' dir='ltr'><strong>τὸν</strong></span> <span class='ocrx_word' id='word_1_689' title='bbox 522 4509 673 4573; x_wconf 86' lang='grc' dir='ltr'>Θεὸν,</span> <span class='ocrx_word' id='word_1_690' title='bbox 697 4512 789 4562; x_wconf 75' lang='grc' dir='ltr'><strong>καὶ</strong></span> <span class='ocrx_word' id='word_1_691' title='bbox 806 4514 872 4581; x_wconf 87' lang='grc' dir='ltr'>τῇ</span> <span class='ocrx_word' id='word_1_692' title='bbox 908 4511 1101 4563; x_wconf 79' lang='grc' dir='ltr'>ἑαυτοῦ</span> <span class='ocrx_word' id='word_1_693' title='bbox 1170 4513 1515 4581; x_wconf 80' lang='grc' dir='ltr'>ταπεινότητι</span> <span class='ocrx_word' id='word_1_694' title='bbox 1585 4511 1994 4581; x_wconf 77' lang='grc' dir='ltr'>συγκαταϐῆναι</span> <span class='ocrx_word' id='word_1_695' title='bbox 2025 4510 2122 4579; x_wconf 82' lang='grc' dir='ltr'>τὴν</span> <span class='ocrx_word' id='word_1_696' title='bbox 2153 4508 2304 4561; x_wconf 86' lang='grc' dir='ltr'>θείαν</span> <span class='ocrx_word' id='word_1_697' title='bbox 2328 4508 2517 4579; x_wconf 81' lang='grc' dir='ltr'>ἀκοήν.</span> 
     </span>
    </p>
   </div>
   <div class='ocr_carea' id='block_1_92' title="bbox 359 4622 1880 4699">
    <p class='ocr_par' dir='ltr' id='par_1_92' title="bbox 359 4627 1877 4699">
     <span class='ocr_line' id='line_1_92' title="bbox 359 4627 1877 4699; baseline 0.003 -20"><span class='ocrx_word' id='word_1_698' title='bbox 359 4627 641 4692; x_wconf 78' lang='grc' dir='ltr'>Φύλαξον</span> <span class='ocrx_word' id='word_1_699' title='bbox 662 4628 776 4696; x_wconf 81' lang='grc' dir='ltr'>τὴν</span> <span class='ocrx_word' id='word_1_700' title='bbox 799 4629 1013 4698; x_wconf 72' lang='grc' dir='ltr'>ψυχήν</span> <span class='ocrx_word' id='word_1_701' title='bbox 1039 4647 1179 4699; x_wconf 82' lang='grc' dir='ltr'>μου,</span> <span class='ocrx_word' id='word_1_702' title='bbox 1205 4629 1293 4682; x_wconf 84' lang='grc' dir='ltr'>ὅτι</span> <span class='ocrx_word' id='word_1_703' title='bbox 1316 4629 1484 4695; x_wconf 79' lang='grc' dir='ltr'>ὅσιός</span> <span class='ocrx_word' id='word_1_704' title='bbox 1506 4632 1640 4699; x_wconf 79' lang='grc' dir='ltr'>εἰμι·</span> <span class='ocrx_word' id='word_1_705' title='bbox 1670 4630 1877 4683; x_wconf 86' lang='grc' dir='ltr'>σῶσον</span> 
     </span>
    </p>
   </div>
   <div class='ocr_carea' id='block_1_93' title="bbox 1984 4622 3557 4699">
    <p class='ocr_par' dir='ltr' id='par_1_93' title="bbox 2049 4622 3557 4693">
     <span class='ocr_line' id='line_1_93' title="bbox 2049 4622 3557 4693; baseline -0.007 -11"><span class='ocrx_word' id='word_1_706' title='bbox 2049 4627 2217 4683; x_wconf 67' lang='lat' dir='ltr'><strong>Vens.</strong></span> <span class='ocrx_word' id='word_1_707' title='bbox 2260 4630 2314 4683; x_wconf 72' lang='lat'><strong>2.</strong></span> <span class='ocrx_word' id='word_1_708' title='bbox 2357 4625 2578 4681; x_wconf 81' lang='lat' dir='ltr'><strong>Custodi</strong></span> <span class='ocrx_word' id='word_1_709' title='bbox 2620 4625 2855 4677; x_wconf 87' lang='lat' dir='ltr'><strong>animam</strong></span> <span class='ocrx_word' id='word_1_710' title='bbox 2898 4640 3088 4687; x_wconf 78' lang='lat' dir='ltr'><strong>nteant,</strong></span> <span class='ocrx_word' id='word_1_711' title='bbox 3135 4622 3385 4693; x_wconf 85' lang='lat' dir='ltr'><strong>quoniam</strong></span> <span class='ocrx_word' id='word_1_712' title='bbox 3431 4637 3557 4674; x_wconf 84' lang='lat' dir='ltr'><strong>san-</strong></span> 
     </span>
    </p>
   </div>
   <div class='ocr_carea' id='block_1_94' title="bbox 288 4722 1865 4790">
    <p class='ocr_par' dir='ltr' id='par_1_94' title="bbox 288 4722 1865 4790">
     <span class='ocr_line' id='line_1_94' title="bbox 288 4722 1865 4790; baseline 0.003 -17"><span class='ocrx_word' id='word_1_713' title='bbox 288 4722 392 4774; x_wconf 82' lang='grc' dir='ltr'>τὸν</span> <span class='ocrx_word' id='word_1_714' title='bbox 420 4722 647 4775; x_wconf 83' lang='grc' dir='ltr'>δοῦλόν</span> <span class='ocrx_word' id='word_1_715' title='bbox 685 4740 824 4786; x_wconf 86' lang='grc' dir='ltr'>σου,</span> <span class='ocrx_word' id='word_1_716' title='bbox 866 4726 899 4777; x_wconf 82' lang='grc' dir='ltr'><em>ὁ</em></span> <span class='ocrx_word' id='word_1_717' title='bbox 945 4723 1109 4790; x_wconf 78' lang='grc' dir='ltr'>Θεὸς,</span> <span class='ocrx_word' id='word_1_718' title='bbox 1150 4723 1258 4777; x_wconf 83' lang='grc' dir='ltr'>τὸν</span> <span class='ocrx_word' id='word_1_719' title='bbox 1288 4722 1605 4785; x_wconf 77' lang='grc' dir='ltr'>ἐλπίζοντα</span> <span class='ocrx_word' id='word_1_720' title='bbox 1644 4724 1738 4777; x_wconf 75' lang='grc' dir='ltr'><strong>ἐπὶ</strong></span> <span class='ocrx_word' id='word_1_721' title='bbox 1773 4724 1865 4778; x_wconf 93' lang='grc' dir='ltr'><strong>σέ.</strong></span> 
     </span>
    </p>
   </div>
   <div class='ocr_carea' id='block_1_95' title="bbox 301 4810 1867 4887">
    <p class='ocr_par' dir='ltr' id='par_1_95' title="bbox 301 4810 1867 4887">
     <span class='ocr_line' id='line_1_95' title="bbox 301 4810 1867 4887; baseline 0.002 -21"><span class='ocrx_word' id='word_1_722' title='bbox 301 4815 386 4866; x_wconf 89' lang='grc' dir='ltr'><strong>Ἐν</strong></span> <span class='ocrx_word' id='word_1_723' title='bbox 405 4810 485 4879; x_wconf 72' lang='grc' dir='ltr'>οἷς</span> <span class='ocrx_word' id='word_1_724' title='bbox 508 4811 595 4885; x_wconf 76' lang='grc' dir='ltr'>ἦν,</span> <span class='ocrx_word' id='word_1_725' title='bbox 626 4818 682 4868; x_wconf 84' lang='grc' dir='ltr'><strong>ὲν</strong></span> <span class='ocrx_word' id='word_1_726' title='bbox 710 4817 920 4879; x_wconf 79' lang='grc' dir='ltr'>τούτοις</span> <span class='ocrx_word' id='word_1_727' title='bbox 948 4817 1282 4887; x_wconf 79' lang='grc' dir='ltr'>φυλαχθῆναι</span> <span class='ocrx_word' id='word_1_728' title='bbox 1309 4816 1452 4881; x_wconf 80' lang='grc' dir='ltr'>ἀξιοῖ</span> <span class='ocrx_word' id='word_1_729' title='bbox 1472 4818 1576 4870; x_wconf 84' lang='grc' dir='ltr'><strong>ὑπὸ</strong></span> <span class='ocrx_word' id='word_1_730' title='bbox 1595 4818 1688 4871; x_wconf 89' lang='grc' dir='ltr'><strong>τοῦ</strong></span> <span class='ocrx_word' id='word_1_731' title='bbox 1711 4817 1867 4883; x_wconf 87' lang='grc' dir='ltr'>Θεοῦ,</span> 
     </span>
    </p>
   </div>
   <div class='ocr_carea' id='block_1_96' title="bbox 288 4903 1870 4982">
    <p class='ocr_par' dir='ltr' id='par_1_96' title="bbox 288 4903 1870 4982">
     <span class='ocr_line' id='line_1_96' title="bbox 288 4903 1870 4982; baseline 0.001 -21"><span class='ocrx_word' id='word_1_732' title='bbox 288 4906 358 4971; x_wconf 83' lang='grc' dir='ltr'>ὡς</span> <span class='ocrx_word' id='word_1_733' title='bbox 389 4908 453 4961; x_wconf 83' lang='grc' dir='ltr'><strong>ἂν</strong></span> <span class='ocrx_word' id='word_1_734' title='bbox 497 4907 571 4980; x_wconf 84' lang='grc' dir='ltr'>μὴ</span> <span class='ocrx_word' id='word_1_735' title='bbox 603 4909 859 4981; x_wconf 88' lang='grc' dir='ltr'>συληθείη</span> <span class='ocrx_word' id='word_1_736' title='bbox 895 4910 1059 4965; x_wconf 72' lang='grc' dir='ltr'>αὐτοῦ</span> <span class='ocrx_word' id='word_1_737' title='bbox 1095 4912 1127 4981; x_wconf 83' lang='grc' dir='ltr'>ἡ</span> <span class='ocrx_word' id='word_1_738' title='bbox 1156 4910 1301 4981; x_wconf 76' lang='grc' dir='ltr'>ψυχὴ</span> <span class='ocrx_word' id='word_1_739' title='bbox 1343 4903 1417 4963; x_wconf 85' lang='grc' dir='ltr'>ὧν</span> <span class='ocrx_word' id='word_1_740' title='bbox 1447 4912 1710 4981; x_wconf 81' lang='grc' dir='ltr'>ἐκέκτητο</span> <span class='ocrx_word' id='word_1_741' title='bbox 1744 4911 1870 4982; x_wconf 89' lang='grc' dir='ltr'>ἀρε-</span> 
     </span>
    </p>
   </div>
   <div class='ocr_carea' id='block_1_97' title="bbox 286 5000 1867 5074">
    <p class='ocr_par' dir='ltr' id='par_1_97' title="bbox 286 5000 1867 5074">
     <span class='ocr_line' id='line_1_97' title="bbox 286 5000 1867 5074; baseline 0.001 -21"><span class='ocrx_word' id='word_1_742' title='bbox 286 5000 413 5053; x_wconf 86' lang='grc' dir='ltr'>τῶν·</span> <span class='ocrx_word' id='word_1_743' title='bbox 458 5003 522 5066; x_wconf 81' lang='grc' dir='ltr'>ἃς</span> <span class='ocrx_word' id='word_1_744' title='bbox 567 5002 803 5073; x_wconf 77' lang='grc' dir='ltr'>ἐδήλωσε</span> <span class='ocrx_word' id='word_1_745' title='bbox 854 5002 1070 5074; x_wconf 89' lang='grc' dir='ltr'>πρῶτον</span> <span class='ocrx_word' id='word_1_746' title='bbox 1116 5002 1308 5065; x_wconf 80' lang='grc' dir='ltr'>εἰπὼν,</span> <span class='ocrx_word' id='word_1_747' title='bbox 1351 5004 1471 5055; x_wconf 89' lang='grc' dir='ltr'>Ὅτι</span> <span class='ocrx_word' id='word_1_748' title='bbox 1508 5002 1741 5071; x_wconf 73' lang='grc' dir='ltr'>πτωχὸς</span> <span class='ocrx_word' id='word_1_749' title='bbox 1770 5003 1867 5055; x_wconf 72' lang='grc' dir='ltr'>καὶ</span> 
     </span>
    </p>
   </div>
   <div class='ocr_carea' id='block_1_98' title="bbox 288 5090 1867 5163">
    <p class='ocr_par' dir='ltr' id='par_1_98' title="bbox 288 5090 1867 5163">
     <span class='ocr_line' id='line_1_98' title="bbox 288 5090 1867 5163; baseline 0.001 -20"><span class='ocrx_word' id='word_1_750' title='bbox 288 5090 474 5159; x_wconf 84' lang='grc' dir='ltr'>πένης</span> <span class='ocrx_word' id='word_1_751' title='bbox 501 5092 617 5161; x_wconf 81' lang='grc' dir='ltr'>εὶμί</span> <span class='ocrx_word' id='word_1_752' title='bbox 650 5092 783 5163; x_wconf 76' lang='grc' dir='ltr'>ἐγώ·</span> <span class='ocrx_word' id='word_1_753' title='bbox 813 5093 1086 5163; x_wconf 85' lang='grc' dir='ltr'>δεύτερον,</span> <span class='ocrx_word' id='word_1_754' title='bbox 1130 5094 1248 5145; x_wconf 88' lang='grc' dir='ltr'><strong>Ὅτι</strong></span> <span class='ocrx_word' id='word_1_755' title='bbox 1287 5092 1457 5159; x_wconf 82' lang='grc' dir='ltr'>ὅσιός</span> <span class='ocrx_word' id='word_1_756' title='bbox 1497 5094 1632 5161; x_wconf 79' lang='grc' dir='ltr'>εἰμι·</span> <span class='ocrx_word' id='word_1_757' title='bbox 1665 5092 1745 5145; x_wconf 78' lang='grc' dir='ltr'><strong>διὸ</strong></span> <span class='ocrx_word' id='word_1_758' title='bbox 1772 5092 1867 5145; x_wconf 72' lang='grc' dir='ltr'><strong>καὶ</strong></span> 
     </span>
    </p>
   </div>
   <div class='ocr_carea' id='block_1_99' title="bbox 289 5182 1868 5254">
    <p class='ocr_par' dir='ltr' id='par_1_99' title="bbox 289 5182 1868 5254">
     <span class='ocr_line' id='line_1_99' title="bbox 289 5182 1868 5254; baseline 0.002 -18"><span class='ocrx_word' id='word_1_759' title='bbox 289 5182 522 5254; x_wconf 82' lang='grc' dir='ltr'>ἀλλαχοῦ</span> <span class='ocrx_word' id='word_1_760' title='bbox 544 5185 761 5254; x_wconf 86' lang='grc' dir='ltr'>φάσκει·</span> <span class='ocrx_word' id='word_1_761' title='bbox 791 5184 886 5253; x_wconf 76' lang='grc' dir='ltr'><strong>Μὴ</strong></span> <span class='ocrx_word' id='word_1_762' title='bbox 905 5186 1125 5239; x_wconf 74' lang='grc' dir='ltr'>ἐλθέτω</span> <span class='ocrx_word' id='word_1_763' title='bbox 1141 5204 1243 5253; x_wconf 87' lang='grc' dir='ltr'>μοι</span> <span class='ocrx_word' id='word_1_764' title='bbox 1265 5186 1417 5251; x_wconf 80' lang='grc' dir='ltr'>ποῦς</span> <span class='ocrx_word' id='word_1_765' title='bbox 1436 5186 1868 5253; x_wconf 62' lang='grc' dir='ltr'>ὑπερηφανίας.</span> 
     </span>
    </p>
   </div>
   <div class='ocr_carea' id='block_1_100' title="bbox 300 5276 1869 5350">
    <p class='ocr_par' dir='ltr' id='par_1_100' title="bbox 300 5276 1869 5350">
     <span class='ocr_line' id='line_1_100' title="bbox 300 5276 1869 5350; baseline 0.001 -22"><span class='ocrx_word' id='word_1_766' title='bbox 300 5276 449 5329; x_wconf 78' lang='grc' dir='ltr'>Ἐπεὶ</span> <span class='ocrx_word' id='word_1_767' title='bbox 474 5277 529 5329; x_wconf 84' lang='grc' dir='ltr'><strong>δὲ</strong></span> <span class='ocrx_word' id='word_1_768' title='bbox 562 5278 771 5349; x_wconf 82' lang='grc' dir='ltr'>συνῄδει</span> <span class='ocrx_word' id='word_1_769' title='bbox 791 5278 967 5349; x_wconf 78' lang='grc' dir='ltr'>ἐαυτῷ</span> <span class='ocrx_word' id='word_1_770' title='bbox 991 5279 1218 5349; x_wconf 77' lang='grc' dir='ltr'>μηδέπω</span> <span class='ocrx_word' id='word_1_771' title='bbox 1233 5279 1345 5331; x_wconf 78' lang='grc' dir='ltr'>ὄντι</span> <span class='ocrx_word' id='word_1_772' title='bbox 1362 5278 1482 5350; x_wconf 80' lang='grc' dir='ltr'>υἱῷ,</span> <span class='ocrx_word' id='word_1_773' title='bbox 1505 5278 1724 5341; x_wconf 88' lang='grc' dir='ltr'>εἰκότως</span> <span class='ocrx_word' id='word_1_774' title='bbox 1745 5276 1869 5330; x_wconf 76' lang='grc' dir='ltr'>δοῦ-</span> 
     </span>
    </p>
   </div>
   <div class='ocr_carea' id='block_1_101' title="bbox 287 5369 1871 5447">
    <p class='ocr_par' dir='ltr' id='par_1_101' title="bbox 287 5369 1871 5447">
     <span class='ocr_line' id='line_1_101' title="bbox 287 5369 1871 5447; baseline -0.001 -25"><span class='ocrx_word' id='word_1_775' title='bbox 287 5370 374 5423; x_wconf 82' lang='grc' dir='ltr'><strong>λον</strong></span> <span class='ocrx_word' id='word_1_776' title='bbox 419 5371 607 5423; x_wconf 83' lang='grc' dir='ltr'>ἑαυτὸν</span> <span class='ocrx_word' id='word_1_777' title='bbox 648 5371 898 5442; x_wconf 80' lang='grc' dir='ltr'>ὁμολογεῖ</span> <span class='ocrx_word' id='word_1_778' title='bbox 942 5371 1033 5425; x_wconf 86' lang='grc' dir='ltr'><strong>καί</strong></span> <span class='ocrx_word' id='word_1_779' title='bbox 1082 5388 1235 5442; x_wconf 84' lang='grc' dir='ltr'>φησι·</span> <span class='ocrx_word' id='word_1_780' title='bbox 1269 5370 1480 5447; x_wconf 87' lang='grc' dir='ltr'>Σῶσον</span> <span class='ocrx_word' id='word_1_781' title='bbox 1516 5371 1622 5423; x_wconf 79' lang='grc' dir='ltr'><strong>τόν</strong></span> <span class='ocrx_word' id='word_1_782' title='bbox 1647 5369 1871 5423; x_wconf 78' lang='grc' dir='ltr'>δοῦλόν</span> 
     </span>
    </p>
   </div>
   <div class='ocr_carea' id='block_1_102' title="bbox 288 5460 1870 5531">
    <p class='ocr_par' dir='ltr' id='par_1_102' title="bbox 288 5460 1870 5531">
     <span class='ocr_line' id='line_1_102' title="bbox 288 5460 1870 5531; baseline -0.002 -15"><span class='ocrx_word' id='word_1_783' title='bbox 288 5479 423 5525; x_wconf 87' lang='grc' dir='ltr'>σου,</span> <span class='ocrx_word' id='word_1_784' title='bbox 467 5467 498 5517; x_wconf 85' lang='grc' dir='ltr'><em>ὀ</em></span> <span class='ocrx_word' id='word_1_785' title='bbox 549 5464 714 5531; x_wconf 85' lang='grc' dir='ltr'>Θεὸς,</span> <span class='ocrx_word' id='word_1_786' title='bbox 767 5463 873 5517; x_wconf 84' lang='grc' dir='ltr'>τὸν</span> <span class='ocrx_word' id='word_1_787' title='bbox 925 5462 1244 5524; x_wconf 82' lang='grc' dir='ltr'>ἐλπίζοντα</span> <span class='ocrx_word' id='word_1_788' title='bbox 1288 5463 1385 5515; x_wconf 80' lang='grc' dir='ltr'><strong>ἐπὶ</strong></span> <span class='ocrx_word' id='word_1_789' title='bbox 1431 5461 1525 5518; x_wconf 81' lang='grc' dir='ltr'>σέ.</span> <span class='ocrx_word' id='word_1_790' title='bbox 1575 5461 1771 5523; x_wconf 86' lang='grc' dir='ltr'>Δοῦλος</span> <span class='ocrx_word' id='word_1_791' title='bbox 1813 5460 1870 5513; x_wconf 82' lang='grc' dir='ltr'>δὲ</span> 
     </span>
    </p>
   </div>
   <div class='ocr_carea' id='block_1_103' title="bbox 287 5552 1869 5628">
    <p class='ocr_par' dir='ltr' id='par_1_103' title="bbox 287 5552 1869 5628">
     <span class='ocr_line' id='line_1_103' title="bbox 287 5552 1869 5628; baseline -0.003 -20"><span class='ocrx_word' id='word_1_792' title='bbox 287 5555 421 5608; x_wconf 86' lang='grc' dir='ltr'>Θεοῦ</span> <span class='ocrx_word' id='word_1_793' title='bbox 452 5558 597 5610; x_wconf 79' lang='grc' dir='ltr'>ἐστιν</span> <span class='ocrx_word' id='word_1_794' title='bbox 620 5559 649 5610; x_wconf 90' lang='grc' dir='ltr'><strong>ό</strong></span> <span class='ocrx_word' id='word_1_795' title='bbox 683 5558 756 5627; x_wconf 77' lang='grc' dir='ltr'>μὴ</span> <span class='ocrx_word' id='word_1_796' title='bbox 796 5557 1062 5610; x_wconf 88' lang='grc' dir='ltr'>δουλεύων</span> <span class='ocrx_word' id='word_1_797' title='bbox 1104 5556 1369 5628; x_wconf 83' lang='grc' dir='ltr'>ἁμαρτίᾳ,</span> <span class='ocrx_word' id='word_1_798' title='bbox 1409 5555 1542 5626; x_wconf 86' lang='grc' dir='ltr'>μηδέ</span> <span class='ocrx_word' id='word_1_799' title='bbox 1575 5572 1679 5608; x_wconf 90' lang='grc' dir='ltr'>τινι</span> <span class='ocrx_word' id='word_1_800' title='bbox 1711 5552 1869 5606; x_wconf 71' lang='grc' dir='ltr'>πάθει</span> 
     </span>
    </p>
   </div>
   <div class='ocr_carea' id='block_1_104' title="bbox 289 5646 1872 5721">
    <p class='ocr_par' dir='ltr' id='par_1_104' title="bbox 289 5646 1872 5721">
     <span class='ocr_line' id='line_1_104' title="bbox 289 5646 1872 5721; baseline -0.003 -19"><span class='ocrx_word' id='word_1_801' title='bbox 289 5649 832 5721; x_wconf 51' lang='grc' dir='ltr'>ὑποκείμενοςλμόνῳ</span> <span class='ocrx_word' id='word_1_802' title='bbox 859 5650 914 5703; x_wconf 83' lang='grc' dir='ltr'><strong>δὲ</strong></span> <span class='ocrx_word' id='word_1_803' title='bbox 943 5649 1078 5703; x_wconf 82' lang='grc' dir='ltr'>Θεοῦ</span> <span class='ocrx_word' id='word_1_804' title='bbox 1102 5650 1261 5719; x_wconf 84' lang='grc' dir='ltr'>Λόγῳ</span> <span class='ocrx_word' id='word_1_805' title='bbox 1283 5646 1740 5717; x_wconf 68' lang='grc' dir='ltr'>ὑποτεταγμένοις,</span> <span class='ocrx_word' id='word_1_806' title='bbox 1777 5646 1872 5699; x_wconf 75' lang='grc' dir='ltr'><strong>καὶ</strong></span> 
     </span>
    </p>
   </div>
   <div class='ocr_carea' id='block_1_105' title="bbox 1974 4714 3557 4788">
    <p class='ocr_par' dir='ltr' id='par_1_105' title="bbox 1974 4714 3557 4788">
     <span class='ocr_line' id='line_1_105' title="bbox 1974 4714 3557 4788; baseline -0.006 -15"><span class='ocrx_word' id='word_1_807' title='bbox 1974 4730 2089 4774; x_wconf 85' lang='lat' dir='ltr'><strong>ctus</strong></span> <span class='ocrx_word' id='word_1_808' title='bbox 2120 4738 2235 4774; x_wconf 84' lang='lat' dir='ltr'><strong>sum</strong></span> <span class='ocrx_word' id='word_1_809' title='bbox 2261 4737 2277 4773; x_wconf 92' lang='lat'><em>:</em></span> <span class='ocrx_word' id='word_1_810' title='bbox 2304 4720 2509 4774; x_wconf 83' lang='lat' dir='ltr'><strong>salvum</strong></span> <span class='ocrx_word' id='word_1_811' title='bbox 2554 4719 2639 4788; x_wconf 83' lang='lat' dir='ltr'><strong>fac</strong></span> <span class='ocrx_word' id='word_1_812' title='bbox 2674 4734 2879 4771; x_wconf 83' lang='lat' dir='ltr'><strong>servum</strong></span> <span class='ocrx_word' id='word_1_813' title='bbox 2926 4726 3093 4781; x_wconf 83' lang='lat' dir='ltr'><strong>tuum,</strong></span> <span class='ocrx_word' id='word_1_814' title='bbox 3135 4714 3296 4775; x_wconf 84' lang='lat' dir='ltr'><strong>Deus,</strong></span> <span class='ocrx_word' id='word_1_815' title='bbox 3344 4729 3557 4781; x_wconf 81' lang='lat' dir='ltr'><strong>speran-</strong></span> 
     </span>
    </p>
   </div>
   <div class='ocr_carea' id='block_1_106' title="bbox 1976 4801 3555 4877">
    <p class='ocr_par' dir='ltr' id='par_1_106' title="bbox 1976 4801 3555 4877">
     <span class='ocr_line' id='line_1_106' title="bbox 1976 4801 3555 4877; baseline -0.006 -14"><span class='ocrx_word' id='word_1_816' title='bbox 1976 4820 2079 4865; x_wconf 87' lang='lat' dir='ltr'><strong>tem</strong></span> <span class='ocrx_word' id='word_1_817' title='bbox 2113 4812 2164 4863; x_wconf 87' lang='lat' dir='ltr'><strong>in</strong></span> <span class='ocrx_word' id='word_1_818' title='bbox 2213 4820 2278 4863; x_wconf 87' lang='lat' dir='ltr'><strong>te.</strong></span> <span class='ocrx_word' id='word_1_819' title='bbox 2316 4809 2373 4862; x_wconf 93' lang='lat' dir='ltr'><strong>ln</strong></span> <span class='ocrx_word' id='word_1_820' title='bbox 2408 4824 2518 4877; x_wconf 91' lang='lat' dir='ltr'><strong>quo</strong></span> <span class='ocrx_word' id='word_1_821' title='bbox 2557 4816 2703 4861; x_wconf 89' lang='lat' dir='ltr'><strong>statu</strong></span> <span class='ocrx_word' id='word_1_822' title='bbox 2745 4814 2864 4861; x_wconf 88' lang='lat' dir='ltr'><strong>erat</strong></span> <span class='ocrx_word' id='word_1_823' title='bbox 2903 4822 2963 4861; x_wconf 85' lang='lat' dir='ltr'><strong>se</strong></span> <span class='ocrx_word' id='word_1_824' title='bbox 3021 4803 3340 4858; x_wconf 89' lang='lat' dir='ltr'><strong>conservari</strong></span> <span class='ocrx_word' id='word_1_825' title='bbox 3371 4818 3399 4854; x_wconf 91' lang='lat' dir='ltr'><strong>a</strong></span> <span class='ocrx_word' id='word_1_826' title='bbox 3442 4801 3555 4855; x_wconf 86' lang='lat' dir='ltr'><strong>Deo</strong></span> 
     </span>
    </p>
   </div>
   <div class='ocr_carea' id='block_1_107' title="bbox 1973 4894 3627 4977">
    <p class='ocr_par' dir='ltr' id='par_1_107' title="bbox 1973 4894 3627 4977">
     <span class='ocr_line' id='line_1_107' title="bbox 1973 4894 3627 4977; baseline -0.004 -21"><span class='ocrx_word' id='word_1_827' title='bbox 1973 4904 2234 4974; x_wconf 90' lang='lat' dir='ltr'><strong>postulat,</strong></span> <span class='ocrx_word' id='word_1_828' title='bbox 2276 4910 2337 4957; x_wconf 89' lang='lat' dir='ltr'><strong>ut</strong></span> <span class='ocrx_word' id='word_1_829' title='bbox 2362 4918 2431 4957; x_wconf 90' lang='lat' dir='ltr'><strong>ne</strong></span> <span class='ocrx_word' id='word_1_830' title='bbox 2477 4902 2658 4955; x_wconf 90' lang='lat' dir='ltr'><strong>anima</strong></span> <span class='ocrx_word' id='word_1_831' title='bbox 2709 4915 2808 4955; x_wconf 88' lang='lat' dir='ltr'><strong>sua</strong></span> <span class='ocrx_word' id='word_1_832' title='bbox 2840 4897 3137 4952; x_wconf 89' lang='lat' dir='ltr'><strong>virtutibus</strong></span> <span class='ocrx_word' id='word_1_833' title='bbox 3170 4911 3307 4966; x_wconf 88' lang='lat' dir='ltr'><strong>quas</strong></span> <span class='ocrx_word' id='word_1_834' title='bbox 3336 4894 3553 4949; x_wconf 89' lang='lat' dir='ltr'><strong>obtine-</strong></span> <span class='ocrx_word' id='word_1_835' title='bbox 3624 4970 3627 4977; x_wconf 76' lang='lat'><em>_</em></span> 
     </span>
    </p>
   </div>
   <div class='ocr_carea' id='block_1_108' title="bbox 1974 4988 3550 5065">
    <p class='ocr_par' dir='ltr' id='par_1_108' title="bbox 1974 4988 3550 5065">
     <span class='ocr_line' id='line_1_108' title="bbox 1974 4988 3550 5065; baseline -0.009 -13"><span class='ocrx_word' id='word_1_836' title='bbox 1974 4999 2067 5052; x_wconf 89' lang='lat' dir='ltr'><strong>bat</strong></span> <span class='ocrx_word' id='word_1_837' title='bbox 2117 4996 2491 5065; x_wconf 89' lang='lat' dir='ltr'><strong>spoliaretur:</strong></span> <span class='ocrx_word' id='word_1_838' title='bbox 2540 5008 2679 5063; x_wconf 89' lang='lat' dir='ltr'><strong>quas</strong></span> <span class='ocrx_word' id='word_1_839' title='bbox 2733 4992 2988 5054; x_wconf 82' lang='lat' dir='ltr'><strong>virtutes,</strong></span> <span class='ocrx_word' id='word_1_840' title='bbox 3054 4989 3139 5042; x_wconf 90' lang='lat' dir='ltr'><strong>his</strong></span> <span class='ocrx_word' id='word_1_841' title='bbox 3201 4988 3550 5052; x_wconf 87' lang='lat' dir='ltr'><strong>declarabat,</strong></span> 
     </span>
    </p>
   </div>
   <div class='ocr_carea' id='block_1_109' title="bbox 1972 5083 3552 5159">
    <p class='ocr_par' dir='ltr' id='par_1_109' title="bbox 1972 5083 3552 5159">
     <span class='ocr_line' id='line_1_109' title="bbox 1972 5083 3552 5159; baseline -0.008 -18"><span class='ocrx_word' id='word_1_842' title='bbox 1972 5090 2150 5159; x_wconf 91' lang='lat' dir='ltr'><strong>primo</strong></span> <span class='ocrx_word' id='word_1_843' title='bbox 2183 5104 2304 5142; x_wconf 89' lang='lat' dir='ltr'><strong>cum</strong></span> <span class='ocrx_word' id='word_1_844' title='bbox 2338 5086 2564 5149; x_wconf 89' lang='lat' dir='ltr'><strong>diceret,</strong></span> <span class='ocrx_word' id='word_1_845' title='bbox 2620 5084 2883 5149; x_wconf 83' lang='lat' dir='ltr'><strong>Quoniam</strong></span> <span class='ocrx_word' id='word_1_846' title='bbox 2926 5083 3072 5148; x_wconf 83' lang='lat' dir='ltr'><strong>inops</strong></span> <span class='ocrx_word' id='word_1_847' title='bbox 3108 5088 3157 5132; x_wconf 90' lang='lat' dir='ltr'><strong>et</strong></span> <span class='ocrx_word' id='word_1_848' title='bbox 3200 5094 3397 5147; x_wconf 84' lang='lat' dir='ltr'><strong>pauper</strong></span> <span class='ocrx_word' id='word_1_849' title='bbox 3436 5095 3552 5130; x_wconf 83' lang='lat' dir='ltr'><strong>sum</strong></span> 
     </span>
    </p>
   </div>
   <div class='ocr_carea' id='block_1_110' title="bbox 1971 5170 3550 5251">
    <p class='ocr_par' dir='ltr' id='par_1_110' title="bbox 1971 5170 3550 5251">
     <span class='ocr_line' id='line_1_110' title="bbox 1971 5170 3550 5251; baseline -0.008 -16"><span class='ocrx_word' id='word_1_850' title='bbox 1971 5197 2093 5251; x_wconf 88' lang='lat' dir='ltr'><strong>ego;</strong></span> <span class='ocrx_word' id='word_1_851' title='bbox 2148 5178 2389 5233; x_wconf 87' lang='lat' dir='ltr'><strong>secundo</strong></span> <span class='ocrx_word' id='word_1_852' title='bbox 2421 5217 2435 5241; x_wconf 94' lang='lat'><strong>,</strong></span> <span class='ocrx_word' id='word_1_853' title='bbox 2488 5177 2753 5243; x_wconf 84' lang='lat' dir='ltr'><strong>Quoniam</strong></span> <span class='ocrx_word' id='word_1_854' title='bbox 2801 5183 3016 5227; x_wconf 83' lang='lat' dir='ltr'><strong>sanctus</strong></span> <span class='ocrx_word' id='word_1_855' title='bbox 3050 5187 3199 5235; x_wconf 86' lang='lat' dir='ltr'><strong>sum;</strong></span> <span class='ocrx_word' id='word_1_856' title='bbox 3226 5185 3396 5241; x_wconf 90' lang='lat' dir='ltr'><strong>quare</strong></span> <span class='ocrx_word' id='word_1_857' title='bbox 3422 5170 3550 5223; x_wconf 78' lang='lat' dir='ltr'><strong>alibi</strong></span> 
     </span>
    </p>
   </div>
   <div class='ocr_carea' id='block_1_111' title="bbox 1972 5264 3549 5337">
    <p class='ocr_par' dir='ltr' id='par_1_111' title="bbox 1972 5264 3549 5337">
     <span class='ocr_line' id='line_1_111' title="bbox 1972 5264 3549 5337; baseline -0.009 -7"><span class='ocrx_word' id='word_1_858' title='bbox 1972 5275 2123 5337; x_wconf 86' lang='lat' dir='ltr'><strong>dicit,</strong></span> <span class='ocrx_word' id='word_1_859' title='bbox 2154 5272 2275 5325; x_wconf 88' lang='lat' dir='ltr'><strong>Non</strong></span> <span class='ocrx_word' id='word_1_860' title='bbox 2308 5272 2478 5326; x_wconf 83' lang='lat' dir='ltr'><strong>veniat</strong></span> <span class='ocrx_word' id='word_1_861' title='bbox 2522 5269 2649 5322; x_wconf 90' lang='lat' dir='ltr'><strong>mihi</strong></span> <span class='ocrx_word' id='word_1_862' title='bbox 2682 5286 2767 5337; x_wconf 89' lang='lat' dir='ltr'><strong>pes</strong></span> <span class='ocrx_word' id='word_1_863' title='bbox 2810 5266 3068 5335; x_wconf 76' lang='lat' dir='ltr'><strong>superbire</strong></span> <span class='ocrx_word' id='word_1_864' title='bbox 3090 5266 3154 5319; x_wconf 71' lang='grc'><strong>⁸⁸.</strong></span> <span class='ocrx_word' id='word_1_865' title='bbox 3200 5264 3337 5319; x_wconf 87' lang='lat' dir='ltr'><strong>Cum</strong></span> <span class='ocrx_word' id='word_1_866' title='bbox 3372 5270 3549 5317; x_wconf 80' lang='lat' dir='ltr'><strong>autem</strong></span> 
     </span>
    </p>
   </div>
   <div class='ocr_carea' id='block_1_112' title="bbox 1973 5360 3553 5432">
    <p class='ocr_par' dir='ltr' id='par_1_112' title="bbox 1973 5360 3553 5432">
     <span class='ocr_line' id='line_1_112' title="bbox 1973 5360 3553 5432; baseline -0.008 -10"><span class='ocrx_word' id='word_1_867' title='bbox 1973 5385 2031 5423; x_wconf 88' lang='lat' dir='ltr'><strong>se</strong></span> <span class='ocrx_word' id='word_1_868' title='bbox 2062 5368 2303 5422; x_wconf 90' lang='lat' dir='ltr'><strong>nondum</strong></span> <span class='ocrx_word' id='word_1_869' title='bbox 2346 5365 2513 5419; x_wconf 78' lang='lat' dir='ltr'><strong>filium</strong></span> <span class='ocrx_word' id='word_1_870' title='bbox 2548 5378 2671 5418; x_wconf 85' lang='lat' dir='ltr'><strong>esse</strong></span> <span class='ocrx_word' id='word_1_871' title='bbox 2708 5369 2882 5432; x_wconf 89' lang='lat' dir='ltr'><strong>putet,</strong></span> <span class='ocrx_word' id='word_1_872' title='bbox 2916 5375 2974 5414; x_wconf 90' lang='lat' dir='ltr'><strong>se</strong></span> <span class='ocrx_word' id='word_1_873' title='bbox 3003 5360 3127 5428; x_wconf 86' lang='lat' dir='ltr'><strong>jure</strong></span> <span class='ocrx_word' id='word_1_874' title='bbox 3169 5372 3387 5414; x_wconf 88' lang='lat' dir='ltr'><strong>servum</strong></span> <span class='ocrx_word' id='word_1_875' title='bbox 3420 5371 3553 5411; x_wconf 91' lang='lat' dir='ltr'><strong>con-</strong></span> 
     </span>
    </p>
   </div>
   <div class='ocr_carea' id='block_1_113' title="bbox 1972 5449 3553 5521">
    <p class='ocr_par' dir='ltr' id='par_1_113' title="bbox 1972 5449 3553 5521">
     <span class='ocr_line' id='line_1_113' title="bbox 1972 5449 3553 5521; baseline -0.008 -8"><span class='ocrx_word' id='word_1_876' title='bbox 1972 5460 2156 5514; x_wconf 85' lang='lat' dir='ltr'><strong>ﬁtetur</strong></span> <span class='ocrx_word' id='word_1_877' title='bbox 2195 5467 2246 5512; x_wconf 89' lang='lat' dir='ltr'><strong>et</strong></span> <span class='ocrx_word' id='word_1_878' title='bbox 2276 5458 2372 5519; x_wconf 88' lang='lat' dir='ltr'><strong>ait,</strong></span> <span class='ocrx_word' id='word_1_879' title='bbox 2410 5455 2627 5510; x_wconf 84' lang='lat' dir='ltr'><strong>Salvum</strong></span> <span class='ocrx_word' id='word_1_880' title='bbox 2659 5453 2744 5521; x_wconf 77' lang='lat' dir='ltr'><strong>[ac</strong></span> <span class='ocrx_word' id='word_1_881' title='bbox 2775 5467 2980 5505; x_wconf 86' lang='lat' dir='ltr'><strong>servum</strong></span> <span class='ocrx_word' id='word_1_882' title='bbox 3017 5460 3187 5511; x_wconf 84' lang='lat' dir='ltr'><strong>tuum,</strong></span> <span class='ocrx_word' id='word_1_883' title='bbox 3245 5449 3404 5514; x_wconf 88' lang='lat' dir='ltr'><strong>Deus,</strong></span> <span class='ocrx_word' id='word_1_884' title='bbox 3437 5462 3553 5515; x_wconf 85' lang='lat' dir='ltr'><strong>spe-</strong></span> 
     </span>
    </p>
   </div>
   <div class='ocr_carea' id='block_1_114' title="bbox 1971 5542 3552 5613">
    <p class='ocr_par' dir='ltr' id='par_1_114' title="bbox 1971 5542 3552 5613">
     <span class='ocr_line' id='line_1_114' title="bbox 1971 5542 3552 5613; baseline -0.009 -8"><span class='ocrx_word' id='word_1_885' title='bbox 1971 5561 2174 5605; x_wconf 83' lang='lat' dir='ltr'><strong>ranlem</strong></span> <span class='ocrx_word' id='word_1_886' title='bbox 2224 5552 2279 5603; x_wconf 86' lang='lat' dir='ltr'><strong>in</strong></span> <span class='ocrx_word' id='word_1_887' title='bbox 2319 5558 2384 5601; x_wconf 88' lang='lat' dir='ltr'><strong>te.</strong></span> <span class='ocrx_word' id='word_1_888' title='bbox 2439 5546 2643 5600; x_wconf 85' lang='lat' dir='ltr'><strong>Servus</strong></span> <span class='ocrx_word' id='word_1_889' title='bbox 2684 5558 2849 5613; x_wconf 90' lang='lat' dir='ltr'><strong>porro</strong></span> <span class='ocrx_word' id='word_1_890' title='bbox 2905 5542 2998 5595; x_wconf 91' lang='lat' dir='ltr'><strong>Dei</strong></span> <span class='ocrx_word' id='word_1_891' title='bbox 3044 5549 3148 5604; x_wconf 90' lang='lat' dir='ltr'><strong>est,</strong></span> <span class='ocrx_word' id='word_1_892' title='bbox 3186 5543 3277 5611; x_wconf 90' lang='lat' dir='ltr'><strong>qui</strong></span> <span class='ocrx_word' id='word_1_893' title='bbox 3327 5549 3552 5611; x_wconf 85' lang='lat' dir='ltr'><strong>peccato</strong></span> 
     </span>
    </p>
   </div>
   <div class='ocr_carea' id='block_1_115' title="bbox 1972 5633 3553 5710">
    <p class='ocr_par' dir='ltr' id='par_1_115' title="bbox 1972 5633 3553 5710">
     <span class='ocr_line' id='line_1_115' title="bbox 1972 5633 3553 5710; baseline -0.006 -13"><span class='ocrx_word' id='word_1_894' title='bbox 1972 5658 2082 5697; x_wconf 90' lang='lat' dir='ltr'><strong>non</strong></span> <span class='ocrx_word' id='word_1_895' title='bbox 2118 5642 2310 5705; x_wconf 85' lang='lat' dir='ltr'><strong>servit,</strong></span> <span class='ocrx_word' id='word_1_896' title='bbox 2363 5640 2606 5710; x_wconf 86' lang='lat' dir='ltr'><strong>nullique</strong></span> <span class='ocrx_word' id='word_1_897' title='bbox 2637 5638 2851 5693; x_wconf 84' lang='lat' dir='ltr'><strong>afl‘eetui</strong></span> <span class='ocrx_word' id='word_1_898' title='bbox 2898 5635 3150 5691; x_wconf 85' lang='lat' dir='ltr'><strong>subditus</strong></span> <span class='ocrx_word' id='word_1_899' title='bbox 3197 5644 3299 5700; x_wconf 90' lang='lat' dir='ltr'><strong>est,</strong></span> <span class='ocrx_word' id='word_1_900' title='bbox 3336 5633 3430 5690; x_wconf 86' lang='lat' dir='ltr'><strong>sed</strong></span> <span class='ocrx_word' id='word_1_901' title='bbox 3460 5634 3553 5689; x_wconf 86' lang='lat' dir='ltr'><strong>uni</strong></span> 
     </span>
    </p>
   </div>
   <div class='ocr_carea' id='block_1_116' title="bbox 358 5788 1880 5885">
    <p class='ocr_par' dir='ltr' id='par_1_116' title="bbox 358 5802 1879 5885">
     <span class='ocr_line' id='line_1_116' title="bbox 358 5802 1879 5885; baseline -0.001 -25"><span class='ocrx_word' id='word_1_902' title='bbox 358 5807 402 5839; x_wconf 79' lang='lat'><strong>“</strong></span> <span class='ocrx_word' id='word_1_903' title='bbox 435 5805 581 5863; x_wconf 87' lang='lat' dir='ltr'><strong>Psal.</strong></span> <span class='ocrx_word' id='word_1_904' title='bbox 617 5823 853 5876; x_wconf 72' lang='lat' dir='ltr'><strong>LXXXIX,</strong></span> <span class='ocrx_word' id='word_1_905' title='bbox 889 5808 940 5864; x_wconf 86' lang='lat' dir='ltr'><strong>l.</strong></span> <span class='ocrx_word' id='word_1_906' title='bbox 1006 5810 1062 5885; x_wconf 75' lang='lat'><strong>_“</strong></span> <span class='ocrx_word' id='word_1_907' title='bbox 1104 5808 1248 5865; x_wconf 82' lang='lat' dir='ltr'><strong>Psal.</strong></span> <span class='ocrx_word' id='word_1_908' title='bbox 1285 5822 1333 5861; x_wconf 77' lang='lat' dir='ltr'><strong>et</strong></span> <span class='ocrx_word' id='word_1_909' title='bbox 1358 5848 1371 5873; x_wconf 94' lang='lat'><strong>,</strong></span> <span class='ocrx_word' id='word_1_910' title='bbox 1413 5807 1459 5861; x_wconf 86' lang='grc' dir='ltr'>ι.</span> <span class='ocrx_word' id='word_1_911' title='bbox 1539 5806 1581 5837; x_wconf 67' lang='grc' dir='ltr'><strong>δε</strong></span> <span class='ocrx_word' id='word_1_912' title='bbox 1624 5802 1811 5859; x_wconf 81' lang='lat' dir='ltr'><strong>Matth.</strong></span> <span class='ocrx_word' id='word_1_913' title='bbox 1850 5818 1879 5858; x_wconf 88' lang='lat' dir='ltr'><strong>v</strong></span> 
     </span>
    </p>
   </div>
   <div class='ocr_carea' id='block_1_117' title="bbox 1984 5788 3209 5885">
    <p class='ocr_par' dir='ltr' id='par_1_117' title="bbox 1984 5788 3209 5872">
     <span class='ocr_line' id='line_1_117' title="bbox 1984 5788 3209 5872; baseline -0.01 -17"><span class='ocrx_word' id='word_1_914' title='bbox 1984 5799 2030 5855; x_wconf 81' lang='lat'><strong>9.</strong></span> <span class='ocrx_word' id='word_1_915' title='bbox 2110 5800 2152 5831; x_wconf 86' lang='grc'><strong>⁶⁷</strong></span> <span class='ocrx_word' id='word_1_916' title='bbox 2196 5796 2387 5853; x_wconf 82' lang='lat' dir='ltr'><strong>Matth.</strong></span> <span class='ocrx_word' id='word_1_917' title='bbox 2431 5795 2568 5867; x_wconf 78' lang='lat' dir='ltr'><strong>v,5.</strong></span> <span class='ocrx_word' id='word_1_918' title='bbox 2620 5795 2695 5872; x_wconf 76' lang='lat'><strong>_“</strong></span> <span class='ocrx_word' id='word_1_919' title='bbox 2735 5792 2879 5848; x_wconf 82' lang='lat' dir='ltr'><strong>Psal.</strong></span> <span class='ocrx_word' id='word_1_920' title='bbox 2921 5806 3084 5855; x_wconf 76' lang='lat' dir='ltr'><strong>xxxv,</strong></span> <span class='ocrx_word' id='word_1_921' title='bbox 3124 5788 3209 5843; x_wconf 76' lang='grc'><strong>12.</strong></span> 
     </span>
    </p>
   </div>
  </div>
