4078 6432
492 298 623 354 1051

1196 290 1467 353 EUSEBII
1503 278 1983 351 CESARlENSlS
2016 277 2168 350 OPP.
2197 292 2375 349 PARS
2404 290 2492 349 Ill.
2536 320 2609 335 —-
2647 290 3055 348 EXEGE’I‘ICA.

3596 278 3749 349 loss

489 410 583 466 Dei
624 408 804 465 Verbo
828 410 1148 481 subjectus;
1180 421 1235 466 et
1259 411 1353 480 qui
1385 410 1441 465 in
1465 410 1616 465 nullo
1644 410 1753 465 alio
1780 424 1934 481 spem
1964 410 2060 464 ha-

2164 412 2191 463 ὁ
2218 409 2312 462 ἐπὶ
2343 408 2547 481 μηδένα
2577 408 2765 479 ἕτερον
2805 406 3041 471 ἐλπίζων
3070 407 3103 478 ἢ
3136 406 3229 461 ἐπί
3265 407 3426 478 μόνον
3460 410 3550 462 τὸν
3590 411 3756 467 Θεόν.

486 504 595 566 bet,
631 505 737 559 nisi
767 506 820 558 in
856 519 964 559 uno
994 503 1124 560 Deo.
1154 534 1223 545 —
1253 503 1421 559 Vens.
1464 505 1521 574 5,
1559 504 1616 559 4.
1654 503 1906 559 Miserere
1940 504 2062 569 mei,

486 597 729 660 Domine,
778 598 1028 667 quoniam
1077 596 1146 651 ad
1178 606 1226 651 te
1265 596 1509 651 clamabo
1541 605 1654 651 tota
1686 597 1811 651 die:
1846 597 2066 666 letiﬁca

486 691 719 743 animam
759 691 894 745 servi
940 691 1041 755 tui,
1072 691 1321 760 quoniam
1346 691 1509 757 ad‘te,
1533 689 1777 754 Domine,
1829 690 2066 743 animam

486 796 655 834 meam
696 780 881 836 levavi.
917 779 1069 835 Licet
1104 788 1333 835 sanctus
1362 782 1491 844 sim,
1533 780 1630 845 ait,
1664 779 1793 834 licet
1825 779 1983 849 inops
2011 786 2066 833 et

484 888 690 942 pauper
723 873 956 942 spiritu;
990 871 1085 927 sed
1115 870 1361 925 nondum
1396 870 1532 925 mihi
1562 870 1737 926 ﬁdens
1761 872 2064 925 orationem

484 964 695 1018 emitto.
739 962 942 1017 Precor
965 970 1146 1017 autem
1176 969 1230 1017 et
1257 977 1388 1033 rogo
1417 969 1565 1015 tuam
1600 962 1863 1035 consequi
1906 963 2066 1018 mise-

481 1056 779 1111 ricordiam
816 1074 827 1109 :
860 1064 916 1109 et
962 1055 1077 1109 haec
1122 1062 1388 1125 perpetua
1427 1053 1607 1109 oratio
1656 1070 1777 1110 mea
1817 1062 1921 1110 est.
1957 1053 2064 1109 Pro

481 1149 575 1204 illo
607 1157 813 1213 autem,
846 1147 982 1202 Tota
1028 1147 1136 1213 die,
1174 1145 1540 1218 Symmachus
1582 1146 1663 1202 sic
1693 1146 1888 1213 edidit,
1923 1145 2063 1211 Quia

481 1242 550 1296 ad
581 1252 628 1295 te
657 1241 891 1295 clamans
932 1240 1155 1311 singulis
1193 1238 1395 1293 diebus.
1432 1238 1553 1294 Non
1597 1239 1744 1293 enim
1791 1254 1901 1293 una
1939 1246 2063 1293 tan-

479 1342 599 1388 tum
642 1333 731 1388 die
761 1334 998 1388 orationi
1025 1331 1354 1391 vacandum,
1404 1330 1501 1387 sed
1542 1346 1637 1401 per
1664 1338 1837 1385 totam
1870 1331 2060 1385 vitam.

484 1425 552 1479 Et
581 1426 709 1496 quia
743 1426 810 1480 de
843 1425 992 1479 nulla
1036 1424 1273 1477 humana
1327 1438 1387 1477 re
1426 1422 1718 1477 admodum
1752 1422 2059 1493 gaudebat;

482 1520 617 1575 illud
646 1519 807 1574 etiam
854 1533 884 1571 a
927 1516 1037 1573 Deo
1070 1516 1301 1587 praeberi
1337 1516 1444 1571 sibi
1478 1516 1725 1587 rogabat,
1768 1515 1824 1570 id
1870 1523 1975 1579 est,
2004 1524 2063 1569 ut

479 1612 669 1667 laztitia
704 1612 794 1665 illa
827 1626 947 1681 qua:
982 1609 1127 1680 apud
1168 1609 1349 1679 ipsum
1382 1607 1555 1664 Deum
1589 1608 1843 1675 habetur,
1878 1607 2062 1661 anima

479 1721 577 1761 sua
605 1706 767 1775 digna
803 1704 1093 1758 haberetur
1118 1721 1130 1756 :
1159 1717 1364 1773 gnarus
1396 1703 1586 1772 utique
1611 1715 1816 1771 corpus
1850 1709 1905 1755 et
1933 1715 2060 1754 car-

2182 498 2468 567 Ἐλέησόν
2490 516 2587 568 με,
2607 501 2803 568 Κύριε,
2822 498 2910 552 ὅτι
2939 498 3089 567 πρὸς
3109 498 3186 553 σὲ
3210 499 3569 571 κεκράξομαι
3595 503 3760 572 ὅλην

2166 590 2281 659 τὴν
2324 590 2573 660 ἡμέραν·
2630 592 2932 662 εὐφρανον
2982 592 3096 661 τὴν
3131 592 3342 662 ψυχὴν
3384 592 3491 646 τοῦ
3520 595 3758 650 δούλου

2165 701 2302 750 σου,
2337 685 2424 738 ὅτι
2448 684 2598 752 πρὸς
2626 686 2721 749 σὲ,
2761 686 2957 754 Κύριε,
2995 684 3109 754 τὴν
3134 686 3347 755 ψυχήν
3370 704 3490 755 μου
3686 689 3758 741 Εἰ

2166 778 2260 831 καὶ
2284 777 2429 840 ὅσιός
2463 779 2601 847 εἰμι,
2637 778 2822 849 φησὶν,
2857 779 2905 830 εἰ
2945 778 3040 832 καὶ
3080 779 3303 848 πτωχὸς
3335 779 3429 833 καὶ
3468 780 3640 851 πένης
3669 780 3758 851 τῷ

2164 870 2454 941 πνεύματι·
2487 871 2601 924 ἀλλ’
2634 871 2787 925 ούπω
2813 871 3031 943 θαρσῶν
3060 872 3279 943 ἐμαυτῷ
3306 874 3403 945 τὴν
3430 874 3594 945 εὐχὴν
3620 876 3758 929 ἁνα-

2164 964 2389 1034 πέμπω.
2430 964 2631 1035 Δέομαι
2674 964 2731 1017 δέ
2770 964 2863 1017 καὶ
2904 964 3132 1017 ἱκετεύω
3168 965 3320 1018 ἐλέου
3348 965 3443 1019 τοῦ
3474 966 3627 1038 παρὰ
3655 966 3757 1019 σοῦ

2163 1059 2368 1129 τυχεῖν,
2412 1058 2506 1110 καὶ
2554 1056 2693 1129 αὕτη
2744 1057 2843 1128 μού
2892 1059 3038 1111 ἐστιν
3080 1060 3113 1128 ἡ
3149 1056 3402 1129 διηνεκὴς
3443 1060 3754 1129 προσευχή.

2176 1153 2322 1205 Ἀντ“ι
2348 1151 2478 1220 γοῦν
2508 1152 2623 1216 τοῦ,
2654 1152 2807 1220 ὅλην
2835 1151 2948 1220 τὴν
2977 1151 3228 1221 ἡμέραν,
3252 1153 3281 1203 ὁ
3309 1152 3604 1223 Σύμμαχος
3636 1151 3758 1217 ἐξέ-

2162 1245 2353 1309 δωκεν,
2390 1246 2511 1299 ’Ότι
2537 1245 2688 1314 πρὸς
2727 1245 2803 1298 σὲ
2832 1245 3000 1310 ,ϐοῶν
3029 1247 3155 1298 καθ’
3193 1244 3463 1313 ἑκάστην
3492 1244 3752 1315 ἡμέραν.

2164 1339 2238 1392 Οὐ
2268 1338 2377 1409 γὰρ
2420 1338 2555 1409 πρὸς
2603 1338 2733 1409 μίαν
2775 1339 2988 1411 ἡμέραν
3021 1339 3103 1392 δεῖ
3140 1341 3206 1409 τῇ
3242 1341 3520 1409 προσευχῇ
3555 1337 3760 1407 σχολὰ-

2164 1430 2299 1496 ζειν,
2338 1431 2473 1485 ἀλλὰ
2505 1432 2592 1486 διὰ
2626 1432 2807 1503 πάσης
2830 1433 2929 1503 τῆς
2956 1432 3164 1486 ἑαυτῶν
3202 1430 3370 1501 ζωῆς.
3395 1433 3504 1485 Kal
3530 1432 3761 1504 ἐπειδή-

2163 1542 2268 1597 περ
2296 1527 2384 1578 ἐπ’
2422 1526 2599 1580 οὐδενὶ
2640 1527 2749 1579 τῶν
2782 1526 3141 1597 ἀνθρωπίνων
3182 1524 3521 1595 πραγμάτων
3561 1524 3761 1596 ἔχαιρε

2166 1620 2331 1689 μέγα,
2363 1620 2518 1689 ἠξίου
2546 1619 2634 1672 διὰ
2664 1619 2764 1689 τῆς
2801 1618 3110 1689 προσευχῆς
3148 1615 3560 1688 παρασχεθῆναι
3598 1616 3761 1686 αὐτῷ

2164 1711 2269 1764 ὑπὸ
2302 1711 2392 1765 τοῦ
2422 1712 2577 1765 Θεοῦ·
2606 1710 2765 1765 τοῦτο
2802 1711 2859 1763 δὲ
2880 1707 2946 1781 ἦν
2990 1710 3050 1762 τὸ
3086 1708 3426 1780 εὐφροσύνης
3474 1708 3576 1778 τῆς
3618 1711 3757 1780 παρ’

478 1813 605 1853 nem
657 1812 811 1852 suam
859 1796 1140 1866 corporeis
1186 1795 1350 1849 rebus
1413 1794 1672 1865 gaudere.
1720 1794 1900 1860 Quare
1943 1793 2059 1848 haec

2164 1804 2311 1875 αὐτῷ
2350 1805 2429 1876 τῷ
2473 1804 2592 1875 Θεῷ
2639 1780 3038 1873 καταξιωθῆναι
3079 1802 3177 1873 τὴν
3219 1800 3413 1855 ἐαυτοῦ
3457 1800 3658 1871 ψυχήνο
3695 1802 3761 1854 τὸ

480 1888 698 1960 quidem
733 1886 964 1957 respuit,
1006 1885 1177 1941 solam
1230 1898 1383 1949 vero,
1415 1899 1539 1955 qua:
1571 1884 1716 1953 apud
1749 1882 1918 1937 Deum
1948 1889 2054 1945 est,

480 1980 720 2037 laetitiam
767 1978 1027 2048 postulat,
1080 1976 1275 2031 anima:
1320 1990 1434 2030 suae
1480 1977 1816 2044 voluptatem
1859 1988 2060 2043 procu-

477 2090 629 2130 rans.
665 2072 884 2127 Sciebat
909 2070 1131 2140 quippe,
1170 2084 1280 2124 non
1324 2083 1488 2138 posse
1512 2082 1704 2123 omnes
1747 2068 1893 2121 illam
1925 2082 2059 2121 con-

478 2165 669 2235 sequi;
696 2163 793 2219 sed
821 2177 917 2217 eos
951 2170 1165 2216 tantum
1198 2161 1292 2232 qui
1332 2176 1364 2214 a
1393 2160 1613 2213 mortali
1644 2158 1756 2212 vita
1785 2165 1839 2213 et
1876 2174 1907 2213 a
1938 2174 2061 2213 cor-

478 2258 660 2329 poreis
690 2255 1041 2326 cupidinibus
1076 2269 1199 2309 sese
1245 2260 1523 2316 amovent,
1567 2259 1622 2306 et
1665 2251 1735 2306 ad
1767 2250 1939 2305 Deum
1972 2266 2062 2306 so-

478 2352 593 2404 lum
640 2356 820 2404 mente
866 2355 920 2403 et
966 2345 1394 2417 cogitationibus
1441 2342 1739 2410 accedunt;
1790 2343 1913 2397 ideo
1937 2342 2062 2413 jure

480 2442 688 2513 adjicit,
734 2442 999 2508 Quoniam
1039 2439 1107 2492 ad
1151 2448 1220 2505 te,
1244 2432 1496 2503 Domine,
1532 2437 1769 2491 animam
1791 2452 1961 2490 meam
1986 2436 2061 2490 le-

479 2535 612 2589 vavi.
643 2532 902 2587 —Vsns.
938 2533 992 2587 5.
1047 2532 1315 2597 Quoniam
1371 2539 1451 2594 tu,
1497 2528 1742 2613 ngine,
1791 2528 1969 2583 suavis
2010 2537 2061 2582 et

479 2628 646 2688 mitis,
688 2636 737 2679 et
776 2626 957 2680 multw
995 2624 1373 2678 misericordia:
1416 2622 1657 2676 omnibus
1699 2620 2061 2676 invocantibus

482 2731 551 2776 te.
595 2719 702 2774 Pro
731 2719 845 2780 illo,
881 2726 931 2771 et
969 2717 1135 2781 mitis,
1172 2715 1366 2786 Aquila
1408 2722 1462 2770 et
1505 2713 1827 2778 Theodotio,
1860 2723 1910 2768 et
1940 2731 2062 2783 pro.

479 2812 665 2879 pitius,
712 2808 1037 2872 ediderunt;
1078 2805 1443 2877 Symmachus
1478 2821 1632 2870 vero,
1676 2816 1726 2859 et
1766 2805 2058 2860 dimittens.

483 2901 611 2957 Haec
650 2916 816 2971 porro
860 2898 1212 2955 commodum
1270 2913 1303 2954 a
1365 2896 1571 2953 Davide
1608 2898 1755 2953 dicta
1802 2908 1951 2964 sunt,
2001 2906 2063 2953 ut

478 2995 707 3052 verbum
754 2991 971 3056 leniret,
1018 2990 1167 3061 quod
1216 3005 1348 3045 sane
1397 2990 1595 3045 durum
1646 2990 1817 3046 videri
1848 2990 2058 3061 possit;

2167 1898 2264 1969 μὲν
2292 1898 2400 1969 γὰρ
2432 1897 2588 1967 σῶμα
2624 1894 2819 1950 ἑαυτοῦ
2852 1894 2947 1948 καὶ
2989 1894 3088 1964 τὴν
3143 1895 3324 1964 σάρκα
3356 1895 3467 1955 τοῖς
3507 1909 3759 1962 σωματι-

2163 1993 2277 2053 κοῖς
2304 1990 2514 2061 χαίρειν
2544 1989 2836 2059 ὴπίστατο.
2884 1987 2981 2039 Διὸ
3024 1986 3197 2039 ταῦτα
3238 1987 3337 2056 μὲν
3376 1987 3754 2055 παραιτεῖται⁴

2166 2082 2333 2153 μόνην
2356 2083 2412 2136 δέ
2443 2082 2541 2153 τὴν
2575 2080 2732 2153 παρὰ
2774 2078 2870 2133 τοῦ
2913 2077 3049 2131 Θεοῦ
3095 2076 3436 2149 εὐφροσύνην
3477 2078 3620 2130 αἰτεῖ
3652 2077 3760 2146 τῆς

2163 2175 2305 2229 κατὰ
2336 2176 2512 2246 ψυχὴν
2553 2175 2763 2246 τρυφῆς
2812 2168 3295 2243 μεταποιούμενος.
3348 2168 3519 2232 Εἰδὼς
3554 2167 3634 2230 δὲ,
3672 2170 3758 2221 ὅτι

2162 2270 2225 2321 ού
2267 2267 2486 2320 πάντων
2535 2267 2653 2320 ἐστὶ
2689 2264 2952 2319 δύνασθαι
2996 2263 3201 2332 ταύτης
3232 2264 3414 2332 τυχεῖν
3445 2261 3557 2315 ἀλλ’
3581 2260 3615 2330 ἢ
3644 2261 3759 2313 τῶν

2166 2359 2551 2430 μακρυνόντων
2600 2360 2696 2429 μὲν
2737 2358 2960 2419 ἑαυτοὺς
3012 2354 3107 2409 τοῦ
3147 2353 3343 2425 θνητοῦ
3374 2353 3490 2424 βίου
3518 2354 3759 2408 καὶτῶν

2164 2451 2497 2523 σωματικῶν
2542 2449 2869 2521 ἐπιθυμιῶν,
2924 2447 3070 2519 μόνῳ
3117 2445 3347 2515 δέαύτῷ
3390 2444 3469 2515 τῷ
3517 2444 3637 2514 Θεῷ
3686 2448 3756 2517 τῇ

2161 2545 2373 2617 διανοίᾳ
2416 2546 2511 2598 καὶ⁹
2555 2547 2670 2608 τοῖς
2708 2544 2991 2612 λογισμοῖς
3040 2538 3470 2610 πλησιαζόντων,
3526 2537 3761 2601 εἰκότως

2163 2639 2426 2707 ἐπιλέγει,
2479 2639 2599 2691 ’Ὁτι
2645 2636 2795 2705 πρὸς
2836 2634 2932 2700 σὲ,
2986 2635 3189 2701 Κύριε,
3233 2630 3351 2698 τὴν
3390 2628 3604 2699 ψυχήν
3632 2646 3757 2697 μου

2161 2727 2296 2801 ἦρα.
2346 2731 2467 2784 ’Ότι
2514 2730 2617 2795 σὺ,
2664 2731 2860 2797 Κύριε,
2911 2728 3175 2797 χρηστὸς
3220 2726 3317 2778 καὶ
3354 2722 3622 2789 ἐπιεικὴς
3653 2720 3758 2774 καὶ

2164 2823 2498 2889 πολυέλεος
2548 2822 2700 2879 πᾶσι
2748 2821 2873 2888 τοῖς
2919 2818 3419 2887 ἐπικαλουμένοις
3459 2832 3553 2869 σε.
3608 2803 3761 2866 Ἀντὶ

2163 2916 2280 2983 τοῦ,
2328 2917 2429 2971 καί
2474 2915 2764 2984 ἐπιεικὴς,
2800 2918 2829 2969 ὁ
2869 2915 2967 2985 μὲν
3020 2912 3249 2975 Ἀκύλας
3298 2912 3391 2965 καὶ
3434 2908 3757 2969 Θεοδοτὶων,

2165 3011 2265 3064 καί
2301 3010 2575 3079 ὶλαστὴς,
2605 3010 2909 3082 εἰρήκασινο
2937 3009 2966 3061 ὁ
2988 3007 3045 3060 δέ
3067 3006 3384 3078 Σύμμαχος,
3411 3005 3509 3057 καὶ
3533 3002 3755 3071 ἀφιων.

482 3088 645 3159 quale
679 3085 813 3139 illud
852 3089 990 3146 erat,
1042 3081 1125 3135 Ad
1184 3090 1231 3135 te
1262 3082 1496 3135 animam
1544 3097 1711 3134 meam
1760 3081 1951 3145 levavi;
1996 3096 2060 3136 ac

2164 3104 2276 3157 Kal
2299 3104 2470 3157 ταῦτα
2491 3104 2547 3156 δέ
2566 3081 2852 3173 χρησίμως
2877 3101 3072 3171 ἐλέχθη
3087 3099 3166 3170 τῷ
3188 3096 3371 3160 Δαυῒδ,
3394 3095 3759 3167 θεραπεύοντι

485 3193 709 3234 rursum
760 3176 1035 3246 superius,
1092 3174 1359 3241 Quoniam
1407 3184 1622 3228 sanctus
1676 3190 1814 3227 sum.
1849 3172 1914 3227 Et
1944 3174 2061 3229 haec

483 3269 705 3341 quidem
735 3266 891 3331 mihi,
934 3265 1031 3330 ait,
1063 3278 1175 3318 non
1212 3278 1333 3318 mea
1361 3263 1565 3318 virtute
1594 3270 1750 3333 parta
1780 3270 1933 3329 sunt,
1965 3262 2063 3321 sed

481 3360 657 3435 gratia
693 3369 811 3414 tua.
841 3358 922 3413 Tu
951 3358 1099 3413 enim
1132 3372 1219 3412 me
1249 3356 1316 3411 ad
1348 3354 1463 3410 haec
1486 3354 1714 3420 duxisti,
1750 3355 1844 3425 qui
1875 3354 2062 3411 suavis

478 3471 539 3512 es
576 3465 629 3511 et
659 3461 880 3525 peccata
909 3451 1160 3515 dimittis,
1194 3464 1304 3504 non
1332 3449 1468 3503 mihi
1499 3456 1734 3515 tantum,
1768 3449 1864 3504 sed
1895 3449 2063 3504 etiam

479 3547 733 3602 omnibus
762 3543 1146 3600 invocantibus
1178 3550 1231 3598 te
1260 3561 1272 3595 :
1300 3556 1427 3595 nam
1452 3541 1638 3595 multae
1666 3540 2062 3598 misericordia:

477 3656 559 3696 es.
589 3638 725 3695 Cum
760 3646 941 3693 autem
981 3636 1097 3691 haec
1130 3636 1187 3690 in
1220 3635 1498 3690 communi
1529 3634 1752 3699 dixerit,
1803 3633 2061 3688 Omnibus

478 3729 839 3784 invocantibus
880 3737 949 3795 te,
984 3743 1086 3783 nos
1112 3740 1304 3781 omnes
1335 3725 1404 3780 ad
1432 3740 1619 3795 parem
1663 3725 1965 3780 orationem
2008 3730 2062 3781 et

480 3837 631 3892 spem
659 3821 931 3875 hortatur.
963 3849 1034 3860 —
1061 3817 1230 3875 Vens.
1263 3818 1318 3884 6,
1352 3819 1403 3872 7.
1428 3818 1664 3873 Auribus
1692 3818 1916 3886 percipe,
1951 3816 2063 3871 Do-

480 3915 641 3977 mine,
688 3914 979 3967 orationem
1017 3928 1211 3979 meam,
1240 3920 1291 3965 et
1323 3911 1533 3965 intende
1585 3910 1696 3964 voci
1733 3908 2063 3979 deprecatio-

479 4007 560 4060 nis
605 4019 752 4058 τηειρ.
803 4002 871 4056 In
922 4002 1006 4056 die
1053 4001 1412 4055 tribulationis
1460 3992 1588 4055 mete
1619 4000 1848 4054 clamavi
1890 3998 1959 4053 ad
1991 4008 2060 4065 te,

477 4096 604 4164 quia
630 4092 898 4147 exaudisti
929 4108 1029 4146 me.
1062 4090 1202 4145 Hinc
1233 4092 1362 4145 item
1398 4090 1712 4146 declaratur
1738 4090 1887 4145 hunc
1916 4091 2063 4160 psal-

478 4201 630 4240 mum
659 4199 781 4239 esse
812 4184 1140 4248 orationem,
1179 4191 1239 4238 ut
1284 4184 1400 4252 ipse
1434 4183 1627 4237 titulus
1658 4182 1877 4237 indicat.
1920 4182 2060 4248 Quia

477 4294 612 4334 vero
645 4280 712 4333 de
744 4278 1019 4348 praeterito
1046 4285 1291 4347 tempore
1334 4277 1469 4340 haec,
1504 4276 1751 4344 clamavi,
1790 4286 1863 4341 et,
1892 4292 2061 4331 exau—

478 4371 627 4433 disti,
660 4370 956 4434 dicuntur;
998 4368 1404 4423 animadvertas
1443 4367 1697 4438 Aquilam
1731 4367 1936 4433 dicere,
1964 4365 2061 4421 In-

2162 3195 2224 3247 τὸ
2252 3195 2505 3265 νομισθὲν
2550 3196 2807 3266 φορτικὸν
2847 3194 3019 3265 ῥῆμα·
3066 3193 3308 3246 τοιοῦτον
3340 3191 3399 3243 δέ
3422 3185 3489 3260 ἦν
3518 3189 3578 3244 τὸ
3602 3187 3761 3256 πρὸς

2163 3288 2239 3341 σὲ
2285 3288 2403 3356 τὴν
2426 3284 2639 3356 ψυχήν
2683 3305 2802 3356 μου
2849 3282 2985 3355 ἦρα·
3038 3286 3131 3338 καὶ
3176 3283 3338 3337 πάλιν
3384 3282 3643 3351 ἀνωτέρω
3671 3279 3757 3339 τὸν

2164 3380 2288 3434 Ὀτι
2319 3380 2490 3446 ὅσιός
2518 3382 2653 3449 εἰμι.
2692 3379 2802 3432 Καὶ
2833 3379 3007 3432 ταῦτα
3040 3379 3146 3448 γάρ
3189 3394 3301 3449 μοι,
3336 3375 3523 3446 φησὶν,
3563 3373 3667 3425 οὐκ
3696 3372 3759 3438 ἐξ

2162 3472 2306 3543 ἐμῆς
2346 3472 2630 3543 δυνάμεως
2670 3471 2958 3543 ἐπορίσθη,
2998 3469 3112 3523 ἀλλ’
3142 3470 3207 3521 ἐκ
3243 3467 3346 3537 τῆς
3378 3466 3477 3536 σῆς
3506 3463 3758 3534 χάριτος.

2163 3566 2235 3618 Σὺ
2262 3566 2368 3634 γάρ
2407 3582 2475 3636 με
2498 3564 2593 3618 ἐπὶ
2621 3563 2797 3618 ταῦτα
2825 3565 3053 3636 ἤγαγες,
3085 3560 3321 3633 χρηστὸς
3352 3558 3426 3611 ὢν
3454 3558 3547 3610 καὶ
3576 3556 3761 3625 ἀφίων

2164 3656 2460 3727 ἁμαρτίας,
2498 3657 2560 3709 οὐ
2604 3657 2763 3727 μόνον
2789 3658 2932 3727 ἐμοὶ,
2962 3654 3099 3709 ἀλλά
3126 3655 3221 3709 καὶ
3252 3654 3386 3707 πᾶσι
3418 3655 3530 3715 τοῖς
3550 3653 3757 3703 ἐπικα-

2161 3746 2445 3817 λουμένοις
2471 3764 2548 3799 σε’
2578 3748 2867 3811 πολυέλεος
2894 3748 3002 3819 γὰρ
3024 3747 3331 3818 τυγχάνεις.
3354 3745 3763 3814 Κοινοποιήσας

2162 3839 2217 3891 δὲ
2248 3840 2338 3892 τὸν
2368 3839 2524 3908 λόγον
2553 3840 2640 3894 διὰ
2667 3840 2783 3904 τοῦ,
2830 3840 2927 3893 καὶ
2973 3840 3163 3895 πᾶσιν
3204 3839 3327 3905 τοῖς
3357 3835 3763 3905 ἐπικαλουμέ-

2162 3944 2292 3993 νοις
2322 3945 2415 3993 σε,
2450 3930 2752 4001 προτρέπει
2779 3931 2947 3982 πᾶσιν
2973 3932 3107 4000 ἡμῖν
3142 3930 3241 3982 ἐπὶ·
3264 3929 3340 3999 τῷ
3369 3928 3438 3980 τὰ
3476 3927 3567 3981 ἴσα
3604 3925 3764 3997 αὐτῷ

2164 4020 2565 4091 προσεύχεσθαι
2608 4039 2669 4075 τε
2717 4024 2811 4076 καὶ
2858 4022 3119 4087 ἐλπίζειν.
3182 4021 3507 4083 Ὲνὼτισαι,
3554 4021 3759 4087 Κύριε.

2162 4111 2277 4179 τὴν
2302 4113 2654 4183 προσευχήν
2676 4133 2818 4183 μου,
2868 4114 2967 4169 καί
3006 4117 3275 4183 πρόσχες
3325 4114 3399 4183 τῇ
3444 4112 3616 4183 φωννῇ
3648 4109 3762 4179 τῆς

2161 4202 2427 4270 δεήσεως
2471 4224 2610 4274 μου.
2675 4208 2770 4259 Ἐν
2801 4208 2992 4277 ἡμέρᾳ
3024 4206 3288 4276 θλίψεὼς
3322 4225 3443 4277 μου
3486 4206 3641 4274 πρὸς
3681 4204 3762 4259 σέ

2160 4297 2474 4366 ἐκέκραξα,
2506 4299 2594 4351 ὅτι
2622 4298 2971 4366 ἐπήκουσάς
2997 4318 3137 4369 μου.
3183 4301 3296 4354 Καὶ
3339 4298 3591 4354 ἐντεῦθεν
3614 4314 3761 4370 παρ-ι

2168 4388 2399 4451 ίσταται,
2423 4391 2505 4442 ὅτι
2538 4392 2812 4461 προσευχὴ
2835 4392 3095 4461 τυγχάνει
3125 4392 3154 4443 ὁ
3184 4390 3418 4461 ψαλμὸς,
3447 4390 3525 4453 ὡς
3548 4389 3645 4442 καὶ
3665 4386 3761 4442 διὰ

478 4463 669 4520 vocabo
702 4472 769 4528 te,
803 4462 929 4532 quia
969 4461 1219 4514 exaudies
1253 4476 1365 4523 me;
1398 4460 1473 4513 ita
1504 4469 1565 4515 ut
1598 4459 1865 4514 orationis
1891 4462 2055 4515 verba

2164 4477 2260 4546 τῆς
2290 4459 2635 4551 προγραφῆς.
2871 4459 3111 4535 δέκα.τὰ
3156 4459 3526 4552 παρῴχηκὸτα
3560 4478 3758 4550 χρόνον

477 4570 579 4627 pro
611 4554 801 4609 futuro
845 4560 1091 4621 tempore
1134 4551 1398 4605 auxilium
1438 4565 1469 4603 a
1501 4550 1612 4605 Deo
1645 4550 1960 4620 postulent;
1998 4558 2056 4604 ut

479 4651 525 4704 si
555 4648 775 4719 quando
816 4645 1200 4701 calamitosum
1234 4652 1449 4713 tempus
1493 4644 1741 4710 accedat,
1782 4644 2056 4713 instetque

477 4740 719 4802 aillictio,
750 4737 1041 4792 Dominum
1066 4737 1119 4791 in
1147 4735 1593 4789 tribulationibus
1620 4734 1905 4797 invocans,
1932 4750 2057 4803 pro-

477 4833 671 4904 pitium
707 4830 861 4885 illum
894 4830 1270 4885 nanciscatur.
1316 4827 1527 4882 Bonum
1582 4834 1765 4882 autem
1808 4837 1891 4883 est
1931 4835 2057 4883 ante

478 4924 797 4980 aﬂlictiones
824 4933 878 4978 et
908 4922 1091 4979 tristia
1123 4931 1367 4991 tempora
1398 4936 1507 4975 non
1540 4919 1736 4989 supine
1764 4920 1820 4973 in
1854 4934 2058 4974 concu-

477 5016 785 5087 piscentiis,
826 5030 1005 5086 neque
1034 5015 1275 5084 segniter
1313 5028 1475 5083 agere
1502 5013 1561 5067 in
1604 5013 1957 5067 orationibus
1990 5011 2057 5065 ad

478 5106 767 5161 Dominum
812 5104 1160 5170 emittendis;
1212 5102 1307 5159 sed
1346 5103 1413 5157 ad
1453 5102 1700 5157 futurum
1742 5110 1957 5173 tempus
2000 5118 2059 5157 se

478 5212 803 5268 praeparare.

2163 4567 2375 4639 εἴρηται
2396 4570 2477 4635 τὸ,
2499 4571 2814 4641 ἐκέκραξα,
2837 4575 2932 4627 καὶ
2947 4574 3028 4638 τὸ,
3051 4573 3423 4640 ἐπήκουσας,
3445 4569 3753 4643 σημειώσῃι

2161 4660 2242 4711 ὅτι
2279 4663 2307 4713 ὁ
2354 4662 2583 4727 Ἀκύλας
2625 4666 2820 4736 φησὶν,
2875 4664 3332 4734 Ἐπικαλέσομαί
3364 4678 3459 4728 σε,
3495 4663 3588 4717 ὅτι
3625 4663 3753 4717 εἰσ-ί

2161 4754 2444 4820 ακούσεις
2469 4771 2609 4823 μου·
2637 4755 2777 4809 ὥστε
2799 4752 3022 4810 εἶναιτὰ
3042 4756 3141 4827 τῆς
3167 4756 3474 4829 προσευχῆς
3497 4755 3748 4825 ἀναπεμά

2165 4840 2374 4910 πὸμενα
2410 4845 2491 4907 εἰς
2514 4844 2773 4914 μέλλοντα
2799 4846 2986 4917 χρόνον
3020 4844 3275 4898 αἰτοῦντα
3305 4844 3458 4917 παρὰ
3484 4842 3580 4897 τοῦ
3614 4840 3751 4897 Θεοῦ

2166 4930 2435 5001 βοήθειαν·
2492 4936 2580 5000 ἵν’,
2638 4938 2819 4989 εἴποτε
2866 4938 3057 5009 καιρὸς
3092 4938 3305 5007 γένοιτο
3343 4937 3751 5010 περιστατικδς,

2167 5026 2260 5075 καὶ
2286 5026 2465 5079 εἴποτε
2500 5026 2678 5097 θλίψις
2706 5028 2939 5093 ἐπέλθοι,
2977 5029 3405 5102 ἐπικαλούμενος
3433 5029 3524 5084 τὸν
3545 5027 3750 5102 Κύριον

2169 5116 2224 5166 ἐν
2245 5120 2365 5180 ταῖς
2385 5118 2647 5189 θλίψεσιν,
2686 5122 2923 5192 ἐπήκοον
2950 5120 3111 5175 αὑτὸν
3143 5116 3317 5194 σχοίη.
3354 5120 3535 5174 Καλὸν
3559 5120 3620 5173 δὲ
3643 5118 3756 5191 πρὸ

2170 5207 2400 5277 θλίψεως
2428 5212 2519 5264 καὶ
2554 5213 2659 5285 πρὸ
2687 5214 2794 5266 τῶν
2831 5213 3170 5283 σκυθρωπῶν
3200 5204 3408 5287 καιρῶν
3436 5213 3512 5285 μὴ
3538 5208 3752 5266 ὑπτιοῦ-

481 5291 603 5345 σθαι
643 5293 700 5343 ἐν
746 5292 867 5355 ταῖς
910 5290 1246 5361 ἐπιθυμίαις,
1311 5289 1445 5361 μηδέ
1486 5290 1898 5363 ἀπορῤᾳθυμεῐν
1949 5294 2057 5347 τῶν
2098 5301 2233 5371 πρὸς
2299 5306 2389 5358 τὸν
2430 5305 2631 5377 Κύριον
2686 5309 2901 5379 εὐχῶν,
2946 5309 3083 5365 ἀλλὰ
3133 5304 3755 5382 προπαρασκευάξεσθαι

480 5389 560 5452 εἰς
596 5387 687 5440 τὸν
718 5387 978 5457 μέλλοντα
1014 5386 1225 5457 χρόνον.

552 5498 721 5555 Vens.
755 5500 913 5555 8-10.
938 5499 1063 5555 Non
1086 5510 1162 5555 est
1185 5502 1376 5557 similis
1408 5504 1487 5556 tui
1509 5504 1565 5557 in
1587 5503 1715 5568 diis,
1741 5504 1985 5570 Domine,
2008 5515 2058 5559 et

481 5608 584 5644 non
612 5600 688 5644 est
722 5593 1008 5646 secundum
1037 5610 1193 5661 opera
1220 5603 1332 5649 tua.
1375 5593 1565 5649 Omnes
1601 5606 1775 5666 gentes
1796 5614 2061 5668 quascun-

481 5696 576 5749 quc
606 5681 774 5735 fecisti
823 5685 1023 5738 venient
1064 5695 1112 5739 et
1152 5684 1451 5740 adorabunt
1492 5703 1672 5740 coram
1704 5697 1771 5755 te,
1814 5688 2056 5753 Domine,

484 5780 529 5823 et
558 5772 931 5841 gloriﬁcabunt
959 5792 1144 5830 nomen
1178 5786 1343 5831 tuum.
1370 5777 1632 5844 Quoniam
1659 5795 1880 5850 magnus
1910 5796 1963 5835 es
2004 5790 2058 5834 tu

2240 5510 2363 5562 Οὐκ
2390 5508 2564 5564 ἔστιν
2591 5511 2795 5580 ὅμοιός
2828 5526 2927 5567 σοι
2958 5515 3027 5567 ἐν
3059 5515 3235 5581 θεοῖς,
3270 5516 3479 5583 Κύριε,
3515 5514 3615 5568 καὶ
3641 5518 3753 5569 οὐκ

2166 5599 2298 5653 ἔστι
2332 5601 2483 5655 κατὰ
2510 5601 2583 5656 τὰ
2607 5603 2750 5672 ἔργα
2782 5619 2920 5657 σου.
2950 5605 3155 5659 Πάντα
3184 5607 3256 5659 τὰ
3278 5607 3423 5673 ἔθνη
3452 5606 3571 5660 ὅσα
3592 5607 3755 5660 ἑποί-

2166 5706 2344 5759 ησας,
2377 5693 2598 5760 ἥξουσι
2633 5694 2732 5747 καὶ
2761 5698 3306 5769 προσκυνήσουσιν
3331 5698 3587 5754 ἐνώπιόν
3609 5716 3751 5767 σου,

2167 5786 2363 5852 Κύριε,
2404 5786 2501 5841 καί
2543 5786 2878 5852 δοξάσουσι
2918 5790 2982 5843 τὸ
3019 5790 3205 5859 ὄνομά
3231 5806 3369 5845 σου.
3412 5792 3533 5846 Ὅτι
3560 5792 3752 5862 μέγας
