4092 6404
377 450 520 506 1055

1535 445 2039 503 COMMENTARIA
2080 444 2145 498 IN
2183 443 2523 502 PSALMOS.

3469 455 3607 513 1054

376 566 482 631 σὺ,
530 563 628 620 καὶ
666 562 851 617 ποιῶν
886 561 1208 632 θαυμάσια,
1239 563 1320 617 σὺ
1351 559 1411 617 εἷ
1438 563 1582 628 Θεὸς
1599 566 1806 633 μόνος.
1836 564 1944 614 Καὶ

2049 571 2097 615 et
2120 563 2316 631 faciens
2334 562 2622 624 mirabilia,
2655 571 2708 615 tu
2728 578 2780 616 es
2810 561 2947 617 Deus
2969 564 3132 621 solus.
3168 566 3368 625 Omnes
3390 572 3613 642 quidem

377 659 548 711 πᾶσαι
575 655 674 727 μὲν
702 654 964 724 ὠφέλιμοι
997 654 1091 707 καὶ
1122 654 1414 722 ἀναγκαῖαι
1441 652 1497 705 αἱ
1522 652 1629 705 τῶν
1656 651 1825 720 ἁγίων
1852 648 1946 702 τοῦ

375 748 512 801 Θεοῦ
544 746 859 820 προσευχαί·
903 746 1107 817 νομίζω
1149 747 1240 799 καὶ
1285 746 1359 817 μὴ
1401 746 1580 809 πάσας
1617 744 1946 815 γεγράφθαι,

375 838 491 893 ἀλλ’
519 840 551 909 ἢ
586 838 752 909 μόνας
784 838 999 901 ἐκείνας
1028 841 1085 891 ἐν
1118 832 1205 901 αἷς
1236 837 1659 908 προσευχόμενοι
1698 839 1762 889 ἐκ
1804 835 1947 889 θείου

375 929 689 999 Πνεύματος
721 929 1069 1001 ἐκινήθησαν,
1100 930 1175 993 ὡς
1218 931 1312 983 καὶ
1356 930 1699 1001 προφητικὰς
1736 930 1950 997 ἀφεῖναι

376 1020 578 1089 φωνάς.
618 1019 779 1087 Ἡγοῦ
788 1036 884 1090 μαι
904 1018 947 1071 δ’
975 1015 1066 1073 οὖν
1089 1020 1291 1073 καὶτὸν
1311 1018 1472 1072 Δαυῒδ
1498 1018 1801 1091 προσευχὰς
1825 1020 1951 1073 πολ-

372 1110 470 1175 λὰς
503 1110 819 1181 ἀναπέμψαι
859 1109 936 1181 τῷ
965 1110 1103 1181 Θεῷ,
1141 1105 1215 1166 ὧν
1248 1111 1473 1181 οὐδεμία
1501 1112 1683 1182 γραφῇ
1723 1108 1948 1181 ἠξιώθη,

371 1200 488 1254 ἀλλ’
534 1200 591 1254 αἰ
643 1201 967 1271 μετέχουσαι
1015 1200 1430 1272 προῃωστικῆς
1471 1201 1565 1253 καὶ
1608 1200 1952 1272 πρωητικῆς

370 1292 669 1363 δυνάμεως.
699 1292 897 1364 Διόπερ
930 1293 1024 1346 καὶ
1048 1295 1081 1365 ή
1110 1293 1360 1364 παροῦσα
1387 1293 1660 1365 προσευχὴ
1681 1297 1748 1365 τῇ
1785 1294 1952 1365 βίϐλῳ

370 1382 479 1436 τῶν
505 1382 747 1455 Ψαλμῶν
766 1383 1110 1456 παρελήφθη,
1131 1384 1223 1437 καὶ
1251 1384 1390 1456 μέση
1412 1384 1521 1438 τῶν
1542 1386 1671 1456 περὶ
1696 1384 1791 1439 τοῦ
1812 1386 1951 1457 Χρι-

373 1474 499 1529 στοῦ
533 1476 876 1547 προφητειῶν
918 1475 1388 1547 παρεμϐέόληται,
1426 1476 1505 1540 ὡς
1537 1476 1951 1549 ἁνακεκραμένη

371 1569 725 1639 προφητικοῖς
770 1566 968 1636 λόγοις,
1019 1568 1114 1620 καὶ
1157 1567 1345 1638 κλῆσιν
1388 1567 1558 1621 ἐθνῶν
1602 1569 1947 1639 περιέχουσα.

373 1657 663 1729 Ἀντικρυς
718 1656 848 1726 γοῦν
895 1657 1088 1727 κλῆσις
1132 1657 1241 1710 τῶν
1286 1656 1455 1711 ἐθνῶν
1491 1659 1582 1712 καὶ
1632 1658 1721 1712 διὰ
1750 1658 1951 1713 τούτων

370 1747 704 1813 θεσπίζεται.
746 1748 965 1820 Ἐπειδὴ
982 1748 1091 1821 γὰρ
1115 1748 1183 1803 τὰ
1216 1749 1387 1803 πολλὰ
1420 1751 1549 1823 περὶ
1574 1750 1763 1805 ἐαυτοῦ
1789 1752 1949 1822 μόνου

367 1841 593 1915 ηὔξατο,
635 1841 1015 1897 Ἐπάκουσόν
1024 1860 1167 1912 μου,
1194 1842 1385 1908 είπὼν,
1406 1844 1521 1908 καὶ,
1545 1844 1824 1909 Φύλαξον
1837 1843 1950 1913 τὴν

367 1932 579 2002 ψυχήν
598 1951 743 2004 μου,
779 1934 897 1997 καὶ,
928 1933 1139 1988 Σῶσον
1165 1933 1273 1987 τὸν
1308 1932 1534 1987 δοῦλόν
1564 1950 1703 1999 σου,
1736 1938 1770 1988 ὀ
1807 1937 1949 2001 Θεός

359 2046 500 2098 μου,
515 2026 708 2094 καὶτὸ,
727 2026 1014 2095 Ἐλέησόν
1028 2043 1125 2095 με,
1140 2025 1255 2091 καὶ,
1280 2025 1598 2094 Εὔφρανον
1615 2027 1949 2097 τὴνψνυχὴν

366 2118 473 2173 τοῦ
494 2117 716 2172 δούλου
735 2132 851 2171 σου
867 2133 880 2147 ο
913 2117 1035 2170 ἐπεὶ
1054 2116 1235 2170 τοίνυν
1255 2114 1322 2169 τὰ
1343 2115 1579 2169 τοσαῦτα
1606 2134 1673 2170 πε
1682 2117 1733 2189 pl
1754 2117 1945 2171 ἑαυτοῦ

363 2206 588 2281 ηὔξατο,
617 2210 646 2262 6
677 2207 928 2272 πλούσιος
957 2207 1052 2261 καὶ⁹
1088 2207 1464 2278 μεγαλόδωρος
1509 2207 1644 2271 Θεὸς
1676 2208 1947 2261 δείκνυσιν

364 2298 535 2370 αὐτῷ,
553 2299 633 2352 δτι
655 2299 729 2369 μὴ
756 2298 904 2369 αὐτῷ
936 2298 1080 2369 μόνῳ
1104 2297 1173 2352 τὰ
1193 2297 1293 2369 τῆς
1316 2298 1625 2370 προσευχῆς
1646 2299 1949 2369 αἰτουμένῳ

363 2388 610 2459 παρέξει,
641 2387 1020 2458 ἁπλωθήσεται
1049 2387 1105 2440 δὲ
1128 2388 1161 2458 ὴ
1188 2386 1309 2441 θεία
1340 2388 1498 2463 χάρις
1531 2389 1626 2440 καὶ
1651 2390 1730 2453 είς
1771 2390 1949 2443 πάντα

362 2479 431 2534 τὰ
452 2479 600 2552 ἔθνη,
636 2478 712 2543 ὡς
744 2480 837 2533 καὶ
857 2478 1035 2532 αὐτῶν
1068 2478 1370 2549 μελλόντων
1395 2479 1689 2534 ἀπολαύειν
1720 2482 1943 2545 τούτων,

362 2563 439 2626 ὧν
461 2572 489 2625 6
514 2569 678 2624 Δαυῖδ
702 2573 883 2641 τυχεῖν
912 2569 1273 2640 ὴξίου.“’⁸Οθεν
1294 2570 1371 2641 τῷ
1397 2571 1674 2642 Πνεύματι
1704 2572 1784 2644 τῷ
1808 2572 1948 2644 ἁγίῳ

363 2662 650 2733 φωτισθεὶς
684 2663 778 2715 καὶ¹
812 2662 873 2715 τὸ
908 2661 1098 2733 μέλλον
1125 2661 1479 2733 θεασάμενος,
1510 2652 1950 2737 ὑπερεκπλήττε-

359 2769 451 2808 ται
490 2753 592 2825 τῆς
633 2753 727 2807 τοῦ
788 2751 923 2807 Θεοῦ
973 2753 1198 2824 χάριτος
1245 2754 1345 2825 τὴν
1388 2754 1812 2828 μεγαλοδωρίαν,
1853 2756 1948 2810 καί

361 2861 496 2918 φησι
526 2844 595 2900 τὰ
633 2845 1023 2917 προλεγόμενα.
1059 2844 1225 2909 Θεοὺς
1266 2845 1324 2899 δὲ
1377 2846 1611 2902 ἐνταῦθα
1641 2847 1895 2917 λέγεσθαι
1919 2851 1949 2903 6

364 2935 463 3009 μέν
482 2952 566 3000 τις
587 2937 846 3008 ἡγήσεται
868 2937 996 3000 τοὺς
1024 2938 1082 2991 ἐν
1111 2937 1420 3010 ἀνθρώποις
1451 2938 1692 3004 δικαίους
1714 2940 1810 2994 καὶ
1833 2941 1950 2996 θεο-

360 3027 536 3098 φιλεῖς
557 3027 775 3100 ἆνδρας,
801 3026 889 3083 διὰ
914 3028 977 3081 τὸ
1003 3027 1160 3097 λέγον
1182 3046 1198 3062 ο
1233 3030 1374 3101 Ἐγὼ
1401 3026 1593 3098 εἷπον,
1630 3033 1762 3086 Θεοί
1783 3032 1945 3100 ἐστε,

361 3118 462 3174 καὶ
497 3119 622 3174 υἱοὶ
668 3118 959 3188 Ὑψίστου
991 3119 1249 3187 πάντες-ο
1283 3123 1313 3175 6
1350 3121 1408 3175 δὲ
1435 3121 1535 3185 τὰς
1578 3122 1698 3176 κατ’
1721 3122 1948 3195 οὐρανὸν

360 3208 510 3274 θείας
531 3210 810 3281 δυνάμεις,
832 3209 935 3303 διὰ
964 3212 1025 3265 τὸ
1054 3212 1285 3283 φάσκειν
1322 3217 1413 3267 τὸν
1455 3214 1772 3269 Ἀπόστολον
1792 3232 1806 3246 ·
1831 3216 1943 3269 Καὶ
1971 3244 2014 3303 c

357 3303 470 3374 γὰρ
514 3304 681 3371 εἶπερ
729 3301 849 3357 εἰσὶ
890 3304 1200 3373 λεγόμενοι
1250 3304 1391 3369 θεοὶ,
1422 3306 1542 3359 eice
1578 3306 1651 3359 ἐν
1690 3307 1941 3375 οὐρανῷ,

358 3397 479 3451 εἴτε
504 3395 605 3449 ἐπὶ
624 3392 754 3465 τῆς,
790 3394 1012 3468 (ὥσπερ
1041 3396 1163 3450 eici
1190 3396 1314 3451 θεοὶ
1341 3398 1587 3461 πολλοὶ,
1618 3398 1719 3452 καὶ
1752 3400 1945 3467 κύριοι

359 3489 581 3543 πολλοί
594 3488 634 3559 ·)
665 3487 810 3557 ἡμῖν
834 3482 924 3554 εἷς
951 3486 1096 3553 Θεὸς
1123 3490 1156 3541 ό
1183 3486 1408 3557 Πατήρ.
1446 3489 1597 3542 Ἐπεὶ
1621 3489 1802 3543 τοίνυν
1820 3488 1944 3544 οὔτε

359 3581 605 3652 ἀγγέλων
635 3598 742 3645 τις,
774 3579 899 3633 οὔτε
930 3579 1226 3651 προφητῶν
1261 3580 1361 3651 τὴν
1392 3580 1502 3633 τῶν
1547 3580 1716 3634 ἐθνῶν
1751 3582 1943 3652 κλῆσιν

359 3676 672 3747 ἐποιήσατο,
707 3673 931 3737 εἰκότως
960 3674 1044 3736 είς
1086 3671 1377 3743 πρόσωπον
1418 3671 1658 3743 ἡγοῦμαι
1682 3674 1776 3727 τοῦ
1808 3675 1943 3745 Χρι-

361 3766 488 3821 στοῦ
532 3765 781 3835 λέγεσθαι
814 3765 896 3831 τὸ,
939 3766 1061 3819 Οὐκ
1101 3763 1273 3818 ἔστιν
1313 3764 1517 3834 ὅμοιός
1542 3779 1642 3819 σοι
1669 3765 1737 3820 ἐν
1764 3766 1939 3832 θεοῖς,

359 3859 559 3927 Κύριε.
594 3857 785 3921 Ἄλλος
814 3856 870 3910 δέ
912 3873 996 3920 τις
1037 3857 1224 3928 φήσει,
1259 3855 1347 3910 διὰ
1370 3856 1432 3909 τὸ
1471 3856 1681 3926 ψευδῶς
1726 3857 1823 3929 μὲν
1850 3860 1943 3912 καὶ

358 3949 789 4021 πεπλανημένως
816 3948 968 4020 παρὰ
991 3951 1105 4012 τοῖς
1131 3947 1345 4013 πολλοῖς
1376 3948 1485 4002 τῶν
1514 3947 1817 4021 ἀνθρώπων
1849 3967 1938 4003 νο-

361 4040 614 4112 μίζεσθαι
656 4037 795 4094 εἶναι
842 4040 1017 4105 θεοὺς,
1063 4042 1159 4095 καὶ
1208 4041 1361 4113 παρὰ
1404 4043 1537 4095 πᾶσι
1581 4044 1693 4106 τοῖς
1734 4041 1940 4096 ἔθνεσιν

355 4133 514 4189 ἄλλον
541 4131 771 4203 ἀλλαχοῦ
797 4131 1177 4197 θεοποιεῖσθαι,
1206 4133 1362 4203 μόνον
1389 4134 1446 4187 δὲ
1476 4134 1571 4187 τὸν
1592 4133 1821 4207 Σωτῆρα
1846 4135 1940 4188 καὶ

358 4224 562 4297 Κύριον
588 4225 745 4297 ἡμῶν
784 4224 907 4278 καθ’
931 4224 1060 4296 ὅλης
1083 4225 1182 4296 τῆς
1211 4226 1534 4296 οἰκουμένης
1565 4225 1699 4280 Θεὸν
1734 4227 1937 4295 ἀνηγο-

358 4315 606 4390 ρεῦσθαι,
635 4316 696 4381 ἐξ
735 4316 990 4370 ἁπάντων
1015 4334 1074 4369 τε
1102 4317 1209 4370 τῶν
1245 4317 1414 4372 ἐθνῶν
1446 4317 1609 4381 λαοὺς
1636 4317 1814 4389 ἐαυτῷ
1841 4335 1937 4371 πε-

360 4408 744 4483 ριπεποιῆσθαι
763 4424 777 4438 ·
814 4407 1005 4462 τούτου
1035 4408 1194 4480 χάριν
1222 4408 1575 4480 προφητικῶς
1607 4409 1687 4471 είς
1722 4408 1937 4480 πρόσω-

354 4520 458 4558 πον
489 4502 654 4557 αὑτοῦ
683 4501 782 4565 τὰς
813 4502 1179 4574 προκειμένας
1212 4501 1611 4570 ἀναφωνεῖσθαι
1637 4500 1933 4569 θεολογίας.

2050 654 2324 709 orationes
2355 667 2386 706 a
2414 653 2624 708 sanctis
2650 654 2741 709 Dei
2772 655 3003 718 emissae,
3034 657 3192 717 utiles
3214 666 3266 713 et
3290 667 3617 722 necessaria:

2051 750 2207 797 sunt:
2229 744 2437 798 aestimo
2462 750 2642 798 tamen
2675 759 2780 799 non
2813 759 3003 803 omnes
3032 749 3235 819 scripto
3268 753 3618 824 consignatas
3684 749 3687 751 ’

2049 832 2243 897 fuisse,
2268 835 2362 889 sed
2392 849 2486 889 eas
2509 836 2681 889 solum
2713 851 2850 905 quas
2882 836 3086 907 Spiritu
3104 848 3294 897 sancto
3322 846 3455 899 moti
3483 848 3618 903 emi-

2052 932 2277 991 serunt,
2320 927 2393 980 ita
2425 935 2484 980 ut
2517 928 2864 997 prepheticas
2885 931 3109 986 ederent
3130 948 3314 991 voces.
3343 934 3485 994 Puto
3517 939 3618 1013 igio

2050 1022 2142 1071 tur
2172 1016 2427 1073 Davidem
2460 1018 2659 1075 multas
2695 1019 2803 1075 Deo
2840 1021 3091 1078 emisisse
3124 1026 3438 1094 orationes,
3481 1046 3619 1101 qua-

2050 1123 2171 1160 rum
2195 1110 2343 1163 nulla
2372 1113 2577 1179 scripto
2605 1112 2924 1183 consignata
2953 1112 3075 1179 fuit,
3103 1119 3344 1187 exceptis
3385 1119 3454 1177 iis
3496 1139 3618 1193 quae

2052 1197 2103 1250 vi
2150 1199 2516 1269 prospiciendi
2550 1206 2603 1255 et
2649 1203 2981 1259 vaticinandi
3012 1205 3251 1274 praedita:
3280 1218 3455 1265 erant.
3492 1212 3617 1269 Ideo

2051 1288 2168 1344 haec
2191 1293 2368 1346 oratio
2387 1292 2442 1346 in
2480 1293 2619 1349 libro
2646 1294 2983 1351 Psalmorum
3006 1300 3203 1368 posita,
3226 1303 3353 1356 etin
3377 1304 3617 1360 medium

2049 1380 2453 1452 prophetiarum
2487 1385 2554 1441 de
2583 1386 2803 1442 Christo
2832 1388 3037 1444 inserta
3083 1388 3223 1456 fuit,
3268 1402 3451 1463 utpote
3497 1412 3619 1467 quae

2051 1472 2385 1543 propheticis
2428 1475 2589 1532 dictis
2620 1479 2839 1533 condita
2889 1479 2981 1544 sit,
3012 1491 3064 1536 et
3094 1484 3435 1540 vocationem
3487 1503 3619 1558 gen-

2051 1561 2189 1615 tium
2257 1565 2669 1634 complectatur.
2732 1566 2829 1623 His
2884 1568 3066 1639 itaque
3115 1573 3324 1629 vocatio
3374 1578 3618 1646 gentium

2050 1653 2339 1709 manifeste
2362 1657 2776 1726 praenuntiatui’.
2810 1657 3105 1729 Pestquam
3134 1655 3277 1717 enim
3305 1665 3474 1719 multa
3511 1665 3618 1720 sibi

2051 1745 2156 1800 soli
2185 1757 2440 1815 precatus
2474 1757 2640 1813 esset,
2672 1750 2882 1818 dicens,
2908 1749 3121 1805 Exaudi
3149 1769 3251 1820 me,
3287 1760 3363 1823 et,
3399 1754 3621 1811 Custodi

2053 1836 2287 1890 animam
2317 1853 2508 1903 meam,
2539 1847 2614 1906 et,
2646 1838 2862 1894 Salvum
2901 1841 2987 1910 fac
3028 1859 3232 1897 seruum
3261 1856 3409 1898 tuum
3429 1884 3444 1910 ,
3476 1845 3617 1901 Deus

2049 1945 2216 1991 meus,
2241 1938 2319 1993 et,
2354 1928 2607 1986 Miserere
2643 1934 2777 1997 mei,
2816 1941 2904 1999 et,
2936 1935 3177 2006 Lwtiﬁca
3215 1939 3452 1993 animam
3483 1942 3619 1996 servi

2051 2020 2168 2083 tui;
2194 2034 2341 2085 cum,
2377 2021 2622 2092 inquam,
2655 2023 2784 2077 talia
2825 2039 2923 2094 pro
2950 2026 3133 2096 seipso
3164 2036 3419 2098 precatus
3448 2038 3617 2096 esset,

2048 2112 2202 2167 dives
2227 2112 2315 2169 ille
2345 2119 2398 2168 et
2430 2113 2720 2168 munificus
2742 2112 2884 2170 Deus
2912 2118 3153 2171 ostendit
3205 2119 3318 2183 illi,
3352 2135 3463 2177 non
3508 2121 3616 2192 ipsi

2048 2204 2151 2259 soli
2182 2204 2468 2275 precanti,
2502 2220 2625 2274 quae
2663 2205 2718 2259 in
2752 2206 3000 2262 oratione
3052 2207 3385 2276 ferebantur,
3416 2211 3515 2267 abs
3558 2226 3619 2268 se

2047 2296 2433 2362 concedenda;
2514 2296 2608 2351 sed
2686 2296 2926 2352 divinam
2992 2300 3222 2369 gratiam
3293 2301 3348 2355 in
3420 2316 3613 2358 omnes

2049 2396 2237 2458 gentes
2269 2386 2649 2442 effundendam
2705 2403 2866 2443 esse:
2898 2388 3027 2459 quia
3078 2389 3317 2445 futurum
3364 2400 3510 2447 esset
3550 2399 3613 2445 ut

2048 2479 2154 2533 illae
2184 2493 2403 2548 quoque
2435 2478 2503 2533 iis
2530 2477 2863 2537 fruerentur.
2892 2494 3014 2549 quae
3042 2478 3207 2535 David
3240 2481 3501 2552 consequi
3522 2496 3614 2537 ro-

2047 2573 2230 2644 gabat.
2264 2571 2445 2639 Quare
2478 2570 2682 2641 Spiritu
2729 2580 2919 2627 sancto
2965 2574 3271 2629 illustratus
3292 2615 3307 2639 ,
3339 2582 3393 2629 et
3430 2575 3617 2629 futura

2047 2665 2413 2736 prospiciens,
2441 2680 2698 2736 magnum
2717 2663 2810 2719 Dei
2833 2666 3021 2735 gratia:
3039 2666 3239 2720 donum
3264 2681 3612 2738 summopere

2047 2756 2298 2821 miratur,
2327 2764 2382 2812 et
2414 2771 2581 2826 supra
2627 2756 2775 2811 dicta
2812 2758 2972 2811 verba
3003 2757 3229 2826 profert.
3282 2755 3441 2813 Putet
3482 2772 3611 2813 vero

2049 2847 2319 2918 quispiam
2348 2846 2437 2902 hic
2456 2848 2587 2902 deos
2605 2847 2789 2901 vocari
2812 2846 2994 2916 justos
3020 2847 3412 2916 religiososque
3440 2848 3608 2911 viros,

2047 2939 2175 3009 quia
2195 2939 2401 2993 dictum
2432 2944 2552 3002 est,
2588 2936 2701 3008 Ego
2730 2936 2844 2990 dixi
2867 2954 2886 2990 :
2914 2936 3004 2989 Dii
3035 2938 3180 3000 estis,
3209 2946 3259 2991 et
3290 2937 3390 3005 ﬁlii
3441 2938 3613 2993 Altis-

2047 3031 2169 3085 simi
2195 3046 2371 3084 omnes
2399 3030 2479 3096 5’;
2504 3030 2645 3084 alius
2693 3043 2821 3085 vero
2868 3043 2983 3095 eas,
3012 3043 3133 3098 quae
3160 3030 3215 3083 in
3253 3030 3393 3084 ρωιο
3449 3039 3609 3097 sunt,

2048 3122 2262 3178 divinas
2312 3122 2583 3185 virtutes,
2632 3122 2758 3192 quia
2812 3120 3105 3190 Apostolus
3158 3122 3275 3177 ait:
3314 3120 3454 3176 Nam
3511 3126 3610 3178 etsi

2047 3225 2170 3269 sunt
2208 3216 2299 3286 qui
2345 3213 2597 3268 dicantur
2638 3214 2747 3279 dii,
2796 3214 2903 3268 sive
2932 3214 2987 3267 in
3025 3213 3182 3278 caelo,
3224 3215 3329 3269 sive
3360 3216 3414 3269 in
3470 3224 3610 3271 terra

2048 3307 2207 3379 (sicut
2240 3316 2363 3361 sunt
2387 3307 2464 3361 dii
2494 3306 2667 3368 multi,
2698 3314 2748 3360 et
2783 3304 2985 3358 domini
3015 3305 3215 3370 multi),
3256 3305 3405 3360 nobis
3437 3316 3611 3362 tamen

2042 3413 2179 3452 unus
2202 3396 2366 3460 Deus,
2390 3396 2553 3450 Pater
2586 3396 2653 3451 7°.
2684 3395 2951 3461 Quoniam
2984 3395 3148 3466 igitur
3184 3412 3360 3467 neque
3390 3398 3610 3468 angelo-

2043 3503 2189 3555 rum,
2217 3503 2393 3558 neque
2422 3486 2807 3558 prophetarum
2834 3487 3128 3557 quispiam,
3152 3485 3454 3544 vocationis
3476 3504 3609 3560 gen-

2046 3580 2177 3633 tium
2204 3589 2395 3633 auctor
2428 3579 2529 3633 fuit
2551 3618 2567 3641 ,
2609 3577 2734 3647 jure
2757 3578 2996 3633 arbitror
3026 3580 3094 3635 de
3134 3593 3370 3649 persona
3400 3580 3608 3635 Christi

2043 3670 2250 3726 dictum
2282 3669 2470 3734 fuisse,
2490 3667 2615 3723 Non
2636 3677 2715 3723 est
2736 3669 2937 3723 similis
2961 3670 3041 3723 tui
3074 3670 3129 3723 in
3171 3669 3275 3723 diis
3300 3710 3317 3736 ,
3361 3668 3607 3724 Domine.

2040 3760 2197 3815 Alius
2218 3759 2383 3825 dicet,
2410 3759 2537 3830 quia
2569 3774 2600 3812 a
2632 3758 2820 3813 multis
2870 3758 3181 3813 hominibus
3209 3773 3398 3813 errore
3425 3757 3609 3813 ductis

2041 3851 2116 3907 dii
2145 3866 2267 3908 esse
2298 3849 2438 3905 falso
2467 3849 2870 3912 existimantur,
2893 3856 2948 3903 et
2980 3847 3122 3918 apud
3154 3862 3345 3903 omnes
3375 3855 3564 3918 gentes
3588 3888 3604 3913 ,

2041 3943 2183 3996 alius
2208 3942 2316 3995 alio
2344 3941 2398 3993 in
2427 3939 2551 3993 loco
2579 3939 2715 3993 deus
2748 3937 2980 3993 habetur
3002 3978 3017 4003 ,
3068 3937 3327 4006 solusque
3359 3934 3609 3992 Salvator

2039 4042 2094 4088 et
2116 4032 2378 4087 Dominus
2413 4039 2603 4086 noster
2626 4044 2724 4100 per
2749 4035 2923 4082 totum
2949 4028 3137 4083 orbem
3168 4026 3312 4083 Deus
3340 4025 3605 4097 praedica-

2037 4132 2149 4189 tur,
2182 4132 2237 4180 et
2268 4139 2334 4179 ex
2368 4124 2622 4179 omnibus
2650 4121 2903 4193 gentibus
2951 4120 3210 4191 populum
3239 4119 3343 4174 sibi
3380 4126 3607 4188 coopta-

2038 4217 2155 4284 vit;
2216 4216 2337 4271 ideo
2372 4215 2513 4269 hanc
2559 4212 2887 4283 theologiam
2944 4211 3261 4282 pr0phetice
3314 4208 3382 4264 de
3436 4208 3607 4280 ipsius

2038 4323 2273 4380 persona
2307 4306 2560 4377 proferri.
2592 4303 2791 4360 Deinde
2820 4303 2951 4374 quia
2992 4309 3120 4357 ante
3142 4301 3480 4357 Salvatorem
3508 4314 3610 4353 no-

2039 4408 2211 4456 strum
2242 4399 2520 4470 propheta:
2540 4396 2698 4451 multi
2730 4394 3060 4450 mirabilium
3091 4407 3315 4463 operum
3353 4397 3608 4447 auctores

2038 4493 2297 4558 fuerunt;
2339 4506 2515 4561 neque
2545 4497 2727 4544 tamen
2754 4487 2900 4542 ullus
2946 4486 3076 4540 talia
3127 4483 3370 4540 edidisse
3401 4481 3604 4537 scribi-

353 4591 466 4649 Εἶτ’
513 4592 808 4665 ἐπειδήπερ
848 4593 1033 4647 πολλοὶ
1077 4594 1352 4665 προφῆται
1400 4594 1507 4666 πρὸ
1547 4593 1641 4646 τοῦ
1686 4594 1935 4664 Σωτῆρος

2043 4594 2149 4651 tur,
2172 4584 2354 4655 qualia
2402 4584 2457 4638 in
2514 4579 2824 4652 Evangeliis
2871 4577 3119 4632 Salvator
3164 4586 3349 4630 noster
3409 4573 3608 4630 fecisse

353 4686 511 4760 ἡμῶν
541 4686 856 4759 παραδόξων
905 4686 1082 4759 ἐργων
1107 4686 1363 4755 γεγόνασι
1394 4685 1638 4757 ποιηταὶ,
1674 4685 1846 4748 οὐδεὶς
1882 4684 1937 4737 δὲ

353 4777 575 4833 πώποτε
604 4779 828 4833 τοιαῦτα
858 4779 1070 4850 πράξας
1103 4778 1537 4848 ἀναγέγραπται,
1568 4779 1725 4830 ὁποία
1745 4779 1801 4829 ἐν
1824 4778 1936 4839 τοῖς

353 4870 703 4939 Εὐαγγελίοις
729 4868 823 4924 τοῦ
855 4871 1107 4942 Σωτῆρος
1137 4870 1294 4943 ἡμῶν
1326 4871 1643 4941 ἐμφέρεται,
1669 4869 1762 4922 καὶ
1779 4870 1936 4921 ὁποῖα

354 4962 622 5017 δέδεικται
660 4962 749 5016 διὰ
776 4965 876 5034 τῆς
917 4963 1025 5017 τῶν
1058 4962 1225 5017 ἐθνῶν
1263 4962 1519 5016 ἁπάντων
1564 4959 1930 5033 ἐπιστροφῆς·

351 5054 441 5109 διὰ
467 5053 622 5110 τοῦτο
644 5055 896 5123 λέγεσθαι
936 5054 1029 5107 καὶ
1056 5054 1139 5119 τὸ,
1179 5057 1300 5110 Οὐκ
1335 5056 1468 5110 ἔστι
1498 5051 1648 5108 κατὰ
1688 5056 1763 5107 τὰ
1790 5053 1936 5123 ἔργα

352 5162 493 5201 σου.
526 5146 639 5200 Καὶ
666 5148 792 5199 ποῖα
822 5144 960 5216 ἔργα
987 5144 1226 5198 διδάσκει
1252 5145 1425 5214 λέγων
1453 5143 1579 5215 ἐξ-ῆς
1599 5161 1613 5175 ο
1635 5142 1841 5197 Πάντα
1861 5141 1935 5195 τὰ

353 5239 497 5306 ἔθνη
525 5237 643 5293 ὅσα
664 5238 955 5305 ἐποίησας
998 5236 1220 5304 ἥξουσι
1258 5235 1357 5289 καὶ
1394 5232 1935 5303 προσκυνήσουσιν

352 5329 609 5384 ἐνώπιόν
640 5344 778 5384 σου.
823 5329 948 5382 Ἐὰν
990 5328 1049 5382 δὲ
1097 5327 1420 5399 ἐπιφέρηται
1453 5326 1535 5392 τὸ,
1575 5326 1659 5380 Σὺ
1688 5321 1747 5379 εἷ
1787 5324 1933 5391 Θεὸς

349 5420 554 5490 μόνος,
596 5419 690 5473 καὶ
726 5417 884 5472 τοῦτο
915 5416 1246 5489 ἐφαρμόσεις
1273 5416 1351 5488 τῷ
1388 5416 1620 5487 Σωτῆρι,
1663 5413 1933 5487 παραθεὶς

352 5512 434 5579 τὸ,
473 5515 595 5567 οὐκ
623 5512 794 5565 ἐστιν
828 5509 1027 5579 ὅμοιός
1059 5524 1159 5563 σοι
1200 5508 1269 5562 ἐν
1296 5508 1472 5574 θεοῖς,
1500 5509 1676 5576 Κύριε
1695 5524 1707 5537 ο
1741 5506 1930 5578 ὥσπερ

353 5606 462 5677 γὰρ
486 5605 577 5657 ἐπὶ
613 5601 895 5674 συγκρίσει
929 5600 1037 5655 τῶν
1066 5598 1437 5654 ἀποδοθέντων
1465 5599 1602 5653 θεῶν
1644 5600 1744 5652 οὐκ
1784 5598 1930 5651 ἐστιν

352 5696 534 5768 ὅμοιός
568 5712 669 5761 σοι,
694 5693 866 5757 οὕτως
889 5693 946 5745 ἐν
969 5689 1267 5762 παραθέσει
1295 5689 1401 5742 τῶν
1434 5688 1609 5742 αὐτῶν
1637 5690 1699 5743 σὺ
1727 5683 1778 5741 εἴ
1798 5688 1929 5752 θεὸς

428 5878 470 5909 ⁸⁸
509 5874 656 5931 Psal.
689 5889 874 5936 Lxxn,
910 5872 964 5927 6.
1039 5871 1083 5902 "°
1124 5869 1299 5925 lCor.
1338 5882 1436 5921 vm
1460 5906 1476 5931 ,
1505 5866 1558 5930 5,
1585 5865 1633 5918 6.

796 5969 1064 6029 ΡΑτιιοι..
1108 5964 1224 6025 Gn.
1274 5961 1509 6025 XXIII.

2037 4679 2517 4735 commemoratur,
2536 4678 2590 4726 et
2613 4669 2795 4741 qualia
2818 4682 2912 4738 per
2932 4665 3173 4738 gentium
3191 4663 3605 4718 conversionem

2036 4767 2394 4832 exhibentur;
2444 4763 2651 4818 idcirco
2692 4758 2828 4815 illud
2859 4759 3022 4813 etiam
3070 4755 3276 4811 dictum
3310 4753 3504 4821 fuisse,
3532 4753 3605 4808 Et

2036 4874 2140 4912 non
2160 4866 2236 4911 est
2263 4854 2547 4911 secundum
2592 4867 2751 4920 opera
2787 4861 2899 4903 tua.
2931 4848 3189 4913 Quaenam
3214 4845 3325 4900 sint
3356 4844 3448 4899 illa
3475 4858 3606 4913 ope-

2036 4961 2118 5009 ra,
2149 4945 2253 5001 sub
2285 4943 2399 4998 haec
2430 4943 2590 4998 docet
2616 4940 2701 4996 his
2734 4937 2916 4993 verbis
2946 4956 2959 4992 :
2994 4934 3184 4991 Omnes
3232 4941 3408 5005 gentes
3437 4948 3603 5003 quas-

2034 5052 2234 5108 cunque
2267 5035 2439 5105 fecisti
2484 5034 2706 5096 venient,
2736 5040 2787 5086 et
2812 5029 3110 5084 adorabunt
3135 5043 3315 5081 coram
3350 5034 3418 5082 te.
3444 5024 3603 5091 Quod

2035 5128 2083 5184 si
2132 5127 2267 5182 illud
2308 5126 2618 5196 adjiciatur,
2662 5122 2739 5177 Tu
2768 5137 2822 5176 es
2851 5121 2990 5175 Deus
3019 5120 3198 5183 solus;
3252 5118 3307 5172 id
3360 5117 3601 5186 applices

2035 5219 2330 5284 Salvatori,
2355 5220 2458 5273 hoc
2488 5218 2611 5271 item
2636 5228 2932 5285 apponens,
2972 5209 3096 5265 Non
3119 5219 3195 5265 est
3220 5209 3410 5265 similis
3437 5209 3514 5261 tui
3542 5207 3602 5260 in

2032 5314 2159 5379 diis,
2191 5313 2414 5367 Domine
2440 5326 2457 5363 :
2486 5309 2628 5366 sicut
2655 5308 2799 5362 enim
2827 5307 2874 5362 si
2903 5312 2958 5361 te
2986 5319 3113 5359 cum
3152 5301 3463 5358 memoratis
3493 5300 3600 5356 diis

2032 5419 2434 5476 comparemus,
2468 5416 2576 5455 non
2611 5405 2695 5455 est
2717 5397 2911 5454 similis
2942 5397 3019 5451 tui
3045 5414 3061 5464 ;
3092 5396 3172 5451 sic
3195 5394 3241 5451 si
3270 5404 3325 5450 te
3344 5393 3599 5455 confera-

2032 5512 2156 5551 mus
2179 5510 2303 5550 cum
2334 5492 2546 5557 iisdem,
2581 5497 2641 5544 tu
2695 5503 2754 5544 es
2790 5485 2932 5542 Deus
2984 5486 3155 5541 solus.
3198 5483 3476 5555 Siquidem
3502 5497 3599 5537 so-

2031 5588 2117 5643 lus
2146 5586 2395 5641 Salvator
2420 5590 2475 5639 et
2507 5579 2771 5637 Dominus
2819 5585 3007 5633 noster
3054 5576 3107 5630 in
3138 5574 3405 5649 principio
3432 5582 3550 5630 erat
3578 5612 3595 5638 ,

2031 5680 2125 5737 Dei
2157 5678 2393 5737 Verbum
2426 5682 2566 5741 erat,
2602 5670 2744 5744 apud
2780 5669 2949 5726 Deum
2992 5676 3131 5737 erat,
3162 5677 3215 5725 et
3265 5667 3407 5724 Deus
3436 5673 3554 5722 erat
3578 5682 3592 5698 ·

3284 5932 3359 5992 33
