4078 6432
533 390 686 446 ὶοῦὅ

1230 393 1498 450 EUSEBll
1536 393 2012 450 CAESARIENSIS
2051 394 2200 450 OPP.
2245 393 2423 449 PARS
2459 393 2544 449 ΙΙΙ.
2590 425 2657 432 -
2691 393 3112 450 EXEGETICA.

3651 392 3797 448 103G

533 511 892 582 quamobrem
925 526 1031 565 non
1081 520 1164 567 est
1213 513 1408 569 similis
1443 513 1543 585 ipsi
1595 515 1650 569 in
1683 515 1809 578 diis,
1844 531 1905 568 ac
1958 517 2076 570 soln

2215 516 2391 586 μόνος.
2447 515 2771 586 Ἐπειδήπερ
2806 515 2964 584 μόνος
2993 517 3021 568 6
3043 515 3232 585 Σωτὴρ
3266 515 3357 567 καὶ
3403 512 3599 584 Κύριος
3633 515 3802 586 ἡμῶν

539 605 660 673 ipse
683 603 837 670 quasi
867 603 920 657 in
957 604 1062 659 diis
1094 604 1233 659 Dens
1257 605 1446 671 fuerit;
1498 622 1621 660 cum
1652 609 1833 662 nullus
1867 624 1929 661 ex
1967 609 2101 660 mul-

540 695 612 749 tis
648 695 774 757 illis,
807 697 896 765 qui
933 697 1008 750 dii
1042 707 1337 761 vocantur,
1384 701 1788 768 comparatione
1822 700 1928 755 illis
1971 699 2110 754 Deus

541 786 644 843 dici
667 788 859 858 possit.
883 787 1034 843 Alius
1054 804 1198 853 vero,
1221 789 1343 858 quia
1361 791 1658 844 secundum
1685 791 1796 844 hzec
1817 793 1997 845 omnia
2023 792 2112 845 ad-

539 879 706 948 ditur,
735 879 777 933 T
781 897 811 932 ιι
837 897 889 934 es
915 880 1050 934 Deus
1073 883 1236 944 solus,
1277 881 1472 936 dixerit
1515 882 1579 935 ad
1609 884 1825 937 Patrem
1856 893 1908 937 et
1942 882 2108 937 Deum

540 970 913 1035 universorum
932 971 1044 1025 haec
1067 973 1246 1026 omnia
1262 972 1314 1025 in
1329 973 1574 1028 oratione
1592 975 1873 1028 enuntiata
1893 974 2104 1029 referri:

537 1075 662 1114 nam
689 1077 782 1132 per
810 1063 930 1132 ejus
949 1062 1149 1118 donum
1177 1070 1230 1117 et
1260 1065 1487 1134 gratiam
1510 1067 1722 1120 vocatio
1749 1068 1988 1136 gentium
2011 1081 2106 1135 per

536 1151 732 1206 Filium
755 1154 875 1224 ejus
893 1153 1034 1207 facta
1063 1162 1177 1209 est:
1213 1163 1266 1208 et
1297 1155 1412 1224 ipse
1461 1154 1564 1210 fuit
1598 1157 1837 1210 omnium
1869 1163 2102 1219 creator,

535 1246 786 1302 conditor
809 1252 860 1300 et
880 1245 1081 1317 opifex,
1107 1246 1197 1316 qui
1227 1262 1318 1315 per
1337 1245 1532 1301 Filium
1550 1248 1814 1311 condidit,
1840 1255 1952 1302 tum
1985 1264 2104 1318 qua:

535 1338 587 1391 in
633 1337 795 1400 caelo,
831 1345 944 1391 tum
974 1354 1096 1407 quae
1118 1339 1172 1391 in
1203 1349 1348 1393 terra
1401 1350 1566 1394 sunt:
1603 1341 1716 1409 ipse
1757 1356 1974 1413 quoque
2008 1357 2105 1411 per

534 1428 729 1482 Filium
764 1428 1030 1482 mirabilia
1081 1429 1262 1482 omnia
1313 1429 1439 1484 fecit
1466 1471 1478 1491 .
1522 1439 1634 1485 tum
1677 1449 1798 1502 quae
1837 1433 1891 1487 in
1927 1431 2101 1487 Veteri

531 1519 884 1574 Testamento
917 1530 1276 1585 enarrantur,
1321 1529 1434 1574 tum
1465 1539 1584 1592 qua:
1630 1524 1682 1578 in
1716 1523 1862 1579 Novo
1890 1525 2100 1580 descri-

529 1610 769 1676 buntur;
799 1610 1028 1680 ideoque
1050 1611 1181 1675 dici,
1213 1643 1282 1652 —-
1314 1611 1479 1668 Vens.
1531 1615 1618 1669 10.
1661 1613 1783 1670 Νοη
1809 1626 1885 1670 est
1923 1634 2101 1671 secun-

528 1703 654 1755 dum
690 1717 886 1770 opera;
918 1714 992 1766 et,
1034 1702 1262 1773 Magnus
1292 1721 1345 1759 es
1388 1715 1464 1770 tu,
1492 1716 1540 1760 et
1562 1707 1760 1775 faciens
1798 1709 2095 1771 mirabilia,

529 1804 587 1847 tu
619 1811 671 1848 es
705 1795 843 1849 Deus
873 1796 1039 1851 solus.
1068 1795 1201 1849 Illud
1233 1804 1411 1851 autem
1437 1838 1452 1861 ,
1499 1813 1643 1852 sotus
1669 1839 1683 1862 ,
1734 1815 1762 1852 a
1815 1798 2097 1856 Salvatore

529 1900 744 1955 quoque
774 1895 961 1940 nostro
987 1885 1053 1939 ad
1076 1884 1291 1941 Patrem
1321 1887 1528 1942 dictum
1582 1889 1682 1942 fuit
1728 1890 1780 1944 in
1831 1891 1958 1955 illo,
2028 1891 2095 1946 Ut

527 1986 840 2049 cognoscant
871 1987 916 2032 te
948 1979 1119 2032 solum
1153 1995 1328 2033 verum
1353 1978 1519 2032 Deum
1546 1981 1612 2032 τι.
1663 1979 1930 2047 Quoniam
1967 2000 2098 2038 vero

527 2082 766 2143 paterna:
799 2073 1015 2130 deitatis
1051 2074 1323 2144 particeps
1345 2080 1430 2129 est
1460 2071 1655 2138 Filius,
1691 2089 1814 2128 cum
1846 2075 1916 2129 sit
1946 2075 2095 2144 ejus-

527 2166 648 2224 dem
679 2167 832 2238 regni
861 2181 1114 2232 consors,
1148 2173 1335 2236 utpote
1391 2165 1708 2236 unigenitus
1737 2166 1908 2221 Filius
1933 2207 1948 2230 ,
1999 2167 2093 2223 Dei

527 2255 795 2320 Verbum,
837 2266 891 2312 et
931 2258 1023 2314 Dei
1055 2258 1358 2328 sapientia;
1422 2258 1545 2328 jure
1587 2267 1640 2312 et
1696 2259 1811 2329 ipse
1843 2261 2096 2328 praesenti

525 2349 806 2420 theologia?
836 2358 1190 2406 accenseatur
1208 2365 1314 2422 qua
1338 2350 1452 2406 haec
1482 2352 1760 2414 docemur,
1789 2353 1930 2406 inter
1959 2352 2093 2406 mul-

525 2445 610 2494 tos
643 2439 766 2495 illos
793 2439 885 2509 qui
921 2438 994 2492 dii
1029 2447 1296 2494 vocantur
1340 2455 1449 2494 non
1506 2455 1629 2496 esse
1668 2442 1976 2511 quempiam
2019 2443 2094 2496 si-

494 2528 708 2584 ,milem
747 2527 861 2584 Deo
890 2530 1308 2586 universorum:
1346 2545 1472 2584 nam
1517 2531 1570 2584 in
1601 2547 1710 2585 uno
1750 2531 1868 2586 solo
1900 2533 2090 2602 unige-

521 2620 640 2674 nito
668 2619 788 2689 ejus
819 2619 996 2675 Verbo
1018 2660 1033 2684 ,
1063 2619 1240 2676 Patris
1269 2621 1568 2676 similitudo
1609 2629 1880 2677 servatur.
1907 2622 2088 2688 Quare

521 2708 701 2780 imago
721 2710 815 2766 Dei
839 2723 1084 2774 vocatur,
1107 2719 1181 2775 et,
1207 2711 1346 2766 Dens
1375 2721 1490 2766 erat
1528 2711 1748 2766 Verbum
1777 2714 1854 2777 7';
1908 2714 1979 2768 ita
2029 2721 2086 2767 ut

519 2801 577 2855 in
625 2803 744 2873 ipso
796 2804 913 2859 solo
965 2804 1140 2859 Patris
1191 2805 1490 2858 similitudo
1538 2815 1929 2870 conservetur,
1991 2807 2086 2860 sed

521 2905 629 2944 non
657 2892 708 2944 in
745 2893 853 2947 illis
885 2893 1067 2948 multis
1090 2893 1216 2948 diis.

2213 607 2269 659 ἐν
2295 607 2432 676 ἀρχῇ
2462 602 2549 676 ἦν,
2578 607 2670 658 καὶ
2691 605 2825 658 Θεοῦ
2854 605 3022 674 Λόγος
3041 601 3129 676 ῆν,
3152 605 3246 659 καὶ
3267 605 3403 677 πρὸς
3429 606 3518 658 τὸν
3539 605 3675 657 Θεδν
3697 602 3794 678 ἦν,

2213 697 2305 748 καὶ
2336 696 2466 758 Θεὸς
2495 692 2561 766 ἦν
2581 714 2594 727 υ
2628 696 2816 766 διόπερ
2839 697 2937 748 οὐκ
2968 696 3114 750 ἐστιν
3140 698 3322 767 ὅμοιος
3351 695 3497 767 αὐτῷ
3529 698 3586 748 ἐν
3621 696 3793 761 θεοῖς,

2212 789 2304 841 καὶ
2337 789 2494 858 μόνος
2523 789 2684 852 αὐτὸς
2711 789 2786 852 ὡς
2805 791 2862 841 ἐν
2891 789 3032 854 θεοῖς
3060 791 3144 860 εἴη
3169 790 3232 842 ἂν
3261 789 3413 855 Θεὸς,
3440 790 3652 854 οὐδενος
3679 790 3796 844 τῶν

2210 876 2514 948 λεγομένων
2537 878 2744 931 πολλῶν
2773 879 2908 934 θεῶν
2934 881 2989 934 ὲν
3019 883 3084 951 τῇ
3121 878 3282 932 αὐτοῦ
3309 879 3606 951 παραθέσει
3630 881 3792 934 δυνα-

2212 970 2375 1037 μένου
2416 969 2772 1039 χρηματίζειν
2801 969 2958 1023 Θεοῦ.
2993 969 3185 1032 Ἀλλος
3207 969 3263 1022 δὲ
3300 969 3387 1023 διὰ
3421 969 3481 1023 τὸ
3527 970 3789 1040 ἐπιφέρε-

2210 1062 2332 1116 σθαι
2363 1065 2496 1117 πᾶσι
2534 1063 2744 1127 τούτοις
2775 1063 2854 1127 τὸ,
2888 1065 2967 1118 ὅτι
3005 1063 3086 1118 Σὺ
3119 1064 3176 1117 εἴ
3206 1062 3350 1131 Θεὸς
3381 1065 3591 1132 μόνος,
3639 1063 3790 1116 εἴποι

2210 1155 2274 1208 ἂν
2304 1155 2436 1227 πρὸς
2459 1156 2545 1209 τὸν
2571 1156 2787 1227 Πατέρα
2809 1157 2899 1208 καὶ
2915 1156 3043 1208 Θεὸν
3070 1155 3177 1208 τῶν
3202 1154 3337 1208 ὅλων
3362 1154 3429 1207 τὰ
3453 1154 3792 1225 προκείμενα

2207 1246 2382 1299 πάντα
2416 1247 2504 1300 διὰ
2547 1247 2646 1316 τῆς
2678 1247 2840 1318 εὐχῆς
2887 1245 3335 1318 ἀναπέμπεσθαι·
3368 1249 3432 1317 τῇ
3475 1245 3583 1316 γὰρ
3615 1246 3789 1299 αὑτοῦ

2204 1339 2380 1410 δωρεᾷ
2395 1339 2487 1390 καὶ
2504 1339 2684 1411 χάριτι
2713 1341 2745 1409 ἡ
2776 1338 2968 1408 κλῆσις
2984 1339 3090 1392 τῶν
3117 1337 3285 1390 ἐθνῶν
3311 1338 3400 1392 διὰ
3418 1337 3512 1390 τοῦ
3538 1336 3671 1390 Υἱοῦ
3697 1337 3795 1390 αύ-

2202 1429 2296 1482 τοῦ
2323 1429 2509 1497 γέγονε
2533 1445 2546 1458 ·
2577 1430 2670 1482 καὶ
2692 1429 2852 1491 αὐτὸς
2879 1423 2945 1499 ῆν
2973 1429 3000 1480 6
3025 1427 3132 1480 τῶν
3157 1427 3291 1481 ὅλων
3324 1426 3546 1496 κτίστης
3579 1427 3794 1497 x1181;-

2205 1523 2462 1592 μιουργὸς
2492 1523 2584 1575 καὶ
2607 1522 2835 1592 ποιητὴς
2865 1521 2952 1574 διὰ
2985 1523 3078 1574 τοῦ
3112 1519 3237 1573 Υίοῦ
3269 1521 3338 1574 τὰ
3371 1519 3546 1573 πάντα
3579 1537 3792 1591 συστη-

2203 1615 2452 1684 σάμενος,
2489 1614 2556 1668 τά
2580 1630 2639 1666 τε
2685 1614 2742 1666 ὲν
2773 1613 2984 1685 οὐρανῷ
3021 1613 3112 1667 καὶ
3146 1612 3214 1666 τὰ
3255 1615 3346 1666 ἐπὶ
3378 1613 3476 1684 τῆς
3508 1613 3611 1683 γῆς
3636 1629 3652 1643 ⁸
3691 1616 3794 1666 καὶ

2201 1708 2361 1770 αὐτὸς
2392 1703 2456 1777 ἧν
2486 1708 2514 1759 6
2547 1706 2724 1760 πάντα
2758 1705 3250 1778 θαυματουργήσας
3289 1705 3378 1759 διὰ
3409 1704 3501 1758 τοῦ
3530 1704 3689 1770 Υίοῦ,
3718 1707 3794 1758 τά

2198 1816 2257 1851 τε
2288 1799 2428 1852 κατὰ
2456 1798 2552 1868 τὴν
2586 1797 2828 1851 Παλαιὰν
2862 1796 3135 1870 Διαθήκην
3187 1796 3562 1869 ἱστορούμενα,
3592 1798 3692 1849 καὶ
3711 1798 3785 1851 τὰ

2200 1893 2256 1945 ὲν
2282 1894 2346 1962 τῇ
2366 1893 2538 1963 Καινῇ
2564 1890 3051 1962 ἀναγεγραμμέναο
3077 1890 3155 1942 διὸ
3184 1889 3458 1958 λέγεσθαι,
3493 1891 3612 1942 Οὐκ
3648 1889 3786 1942 ἐστι

2200 1981 2351 2035 κατὰ
2394 1982 2464 2034 τὰ
2499 1983 2642 2051 ἔργα
2670 1996 2817 2035 σουο
2848 1983 2962 2044 καὶ,
3006 1980 3206 2050 Μέγας
3239 1981 3296 2035 εἷ
3318 1980 3420 2045 σὺ,
3453 1979 3549 2033 καί
3591 1979 3790 2033 ποιῶν

2200 2073 2517 2141 θαυμάσια,
2548 2073 2629 2126 σὺ
2651 2068 2708 2127 εἷ
2727 2076 2759 2126 ό
2791 2073 2935 2138 Θεὸς
2950 2074 3154 2142 μόνος.
3187 2071 3261 2125 Τὸ
3288 2072 3364 2136 δὲ,
3393 2073 3600 2140 μόνος,
3627 2071 3790 2141 εἴρη-

2198 2181 2286 2216 ται
2321 2164 2411 2216 καὶ
2446 2163 2548 2216 ὑπὸ
2579 2163 2672 2217 τοῦ
2701 2165 2952 2236 Σωτῆρος
2982 2164 3137 2236 ἡμῶν
3168 2164 3304 2236 πρὸς
3352 2164 3441 2216 τὸν
3475 2163 3696 2235 Πατέρα
3726 2165 3787 2214 ἐν

2197 2253 2296 2323 τῷ,
2333 2255 2463 2309 Ἵνα
2488 2253 2827 2323 γινώσκωσι
2849 2270 2922 2308 σε
2954 2255 3058 2308 τὸν
3074 2256 3266 2324 μόνον
3290 2253 3582 2321 ἀληθινὸν
3603 2255 3782 2306 Θεόν.

2211 2346 2360 2398 Ἐπεὶ
2392 2346 2449 2398 δὲ
2481 2345 2579 2415 τῆς
2611 2346 2703 2398 τοῦ
2727 2347 2937 2417 Πατρὸς
2969 2346 3220 2416 θεότητος
3253 2345 3508 2406 κοινωνὸς
3539 2344 3781 2414 ὑπάρχει

2196 2439 2224 2490 6
2254 2437 2398 2500 Υἱὸς,
2432 2439 2531 2508 τῆς
2560 2438 2728 2508 αὐτῆς
2783 2437 3006 2508 μέτοχος
3049 2436 3124 2489 ῶν
3157 2436 3449 2506 βασιλείας,
3484 2435 3578 2488 ᾶτε
3611 2452 3777 2505 μονο-

2195 2531 2356 2600 γενὴς
2386 2530 2510 2594 Υἱὸς
2539 2529 2612 2582 ῶν
2643 2529 2734 2583 καὶ
2759 2528 2894 2583 Θεοῦ
2927 2531 3121 2598 Λόγος,
3149 2529 3243 2582 καὶ
3263 2528 3397 2580 Θεοῦ
3425 2529 3606 2597 σοφία,
3631 2528 3779 2580 εἰκό-

2193 2639 2300 2684 τως
2323 2621 2386 2674 ἃν
2419 2622 2769 2688 καταλέγοιτο
2805 2623 2897 2676 καὶ
2925 2622 3084 2684 αὐτὸς
3124 2624 3188 2692 τῇ
3230 2621 3477 2694 παρούσῃ
3521 2619 3774 2688 θεολογίξι

2192 2712 2534 2786 διδασκούσῃ,
2571 2715 2647 2768 ὅτι
2680 2714 2777 2767 οὐκ
2799 2713 2941 2768 ἔστιν
2973 2715 3154 2784 ὅμοιος
3186 2712 3262 2781 τῷ
3287 2712 3380 2766 ἐπὶ
3405 2712 3621 2766 πάντων
3651 2709 3775 2781 Θεῷ

2194 2806 2250 2856 ἐν
2280 2807 2388 2867 τοῖς
2411 2805 2620 2869 πολλοῖς
2648 2805 3063 2876 ὀνομαζομένοις
3090 2805 3228 2868 θεοῖς
3247 2822 3259 2833 ·
3287 2807 3344 2859 ὲν
3374 2805 3455 2860 ἑνὶ
3484 2805 3594 2878 γὰρ
3625 2805 3774 2876 μόνῳ

2191 2893 2268 2964 τῷ
2290 2898 2563 2964 μονογενεῖ
2580 2895 2743 2948 αὑτοῦ
2770 2896 2927 2967 Λόγῳ
2961 2897 2994 2966 ἡ
3026 2896 3118 2948 τοῦ
3144 2897 3354 2968 Πατρὸς
3383 2897 3636 2969 ὁμοιότης
3667 2897 3775 2948 σιέ-

520 2983 691 3047 ζεται.
727 2988 818 3040 Διὸ
865 2987 959 3040 καὶ
1003 2985 1164 3040 εἰκὼν
1215 2986 1539 3058 χρηματίζει
1587 2988 1744 3051 Θεοῦ,
1790 2990 1902 3053 καὶ,
1951 2988 2094 3054 Θεὸς
2129 2985 2208 3059 ἦν
2240 2990 2449 3060 Λόγος,
2517 2991 2591 3054 ὡς
2629 2991 2687 3043 ἐν
2719 2990 2866 3062 αὐτῷ
2897 2991 2994 3062 μὲν
3042 2991 3306 3056 σώζεσθαι
3359 2992 3504 3064 μόνῳ
3526 2992 3622 3064 τὴν
3673 2992 3771 3045 τοῦ

519 3074 732 3146 Πατρὸς
779 3075 1056 3140 ὁμοίωσιν,
1112 3077 1294 3129 οὐκέτι
1347 3077 1404 3129 δὲ
1455 3079 1558 3130 καὶ
1601 3079 1658 3130 ὲν
1712 3081 1824 3142 τοῖς
1868 3079 2083 3142 πολλοῖς
2117 3079 2276 3142 θεοῖς.

589 3187 752 3243 Vnus.
779 3187 861 3241 Η.
883 3187 1058 3244 Dedue
1084 3206 1183 3252 me,
1218 3189 1459 3253 Domine,
1495 3195 1550 3246 in
1579 3195 1661 3248 via
1682 3205 1794 3262 tua,
1833 3207 1884 3252 et
1918 3199 2084 3268 ingre-
2110 3211 2152 3265 α

502 3273 638 3329 -diar
677 3277 732 3329 in
773 3279 990 3331 veritate
1034 3289 1160 3344 tua,
1209 3288 1414 3336 twtrtur
1463 3300 1556 3339 car
1604 3301 1772 3341 meum
1808 3297 1864 3342 ut
1903 3289 2082 3343 timeat

518 3382 702 3420 nomen
723 3376 888 3422 tuum.
938 3367 1015 3424 Ne
1040 3371 1355 3428 aberremus
1395 3390 1426 3428 a
1455 3379 1682 3432 veritate
1710 3379 1824 3446 Dei,
1859 3381 2084 3438 ductore

515 3471 739 3527 egemus
765 3476 777 3509 :
816 3472 985 3526 quare
1015 3459 1208 3528 Aquila
1228 3501 1244 3526 ,
1278 3459 1556 3526 Itlumina,
1584 3464 1784 3535 inquit,
1818 3483 1900 3521 me
1921 3469 1974 3522 in
1998 3470 2083 3522 via

513 3554 628 3612 tua,
654 3545 894 3608 Domine,
930 3548 1212 3604 ambulabo
1245 3553 1297 3605 in
1320 3554 1536 3608 veritate
1559 3565 1688 3620 tua;
1722 3556 2081 3628 Symmachus

512 3653 663 3700 vero,
693 3637 920 3691 Ostende
960 3639 1121 3703 mihi,
1172 3639 1427 3707 Domine,
1466 3645 1605 3698 viam
1637 3654 1816 3707 tuam,
1876 3657 1932 3700 ut
1980 3650 2081 3702 iter

512 3727 709 3796 faciam
737 3729 789 3781 in
818 3729 1034 3782 veritate
1067 3738 1178 3784 tua.
1213 3729 1451 3788 Rursum
1483 3735 1610 3788 item
1636 3751 1735 3805 pro
1764 3737 1876 3802 illo,
1913 3737 2080 3793 La'te-

512 3828 601 3874 tur
632 3833 716 3872 cor
758 3836 950 3883 meum,
984 3830 1041 3872 ut
1071 3823 1251 3875 timeat
1278 3841 1464 3879 nomen
1493 3835 1640 3880 tuum
1664 3867 1678 3892 ,
1703 3828 1897 3898 Aquila
1924 3831 2075 3894 dicit,

510 3910 826 3966 Solitariam
850 3913 932 3981 [αι
959 3930 1051 3967 cor
1095 3931 1286 3981 meum,
1318 3927 1377 3969 ut
1425 3919 1605 3973 timeat
1661 3939 1847 3976 nomen
1893 3933 2076 3988 tuum;

511 3999 870 4071 Symmachus
900 4017 1030 4056 vero
1051 4041 1066 4065 ,
1105 4001 1262 4056 Unito
1293 4022 1384 4058 cor
1416 4023 1587 4060 meum
1623 4008 1677 4061 in
1709 4010 1950 4064 timorem
1983 4028 2078 4064 no-

507 4083 663 4136 minis
693 4085 788 4138 tui.
817 4115 888 4123 —
916 4083 1081 4141 Vens.
1142 4087 1228 4142 12.
1293 4087 1592 4160 Conﬁtebor
1641 4093 1777 4160 tibi,
1825 4094 2071 4160 Domine,

507 4171 646 4226 Deus
676 4189 840 4239 meus,
870 4175 926 4228 in
951 4183 1058 4228 toto
1092 4177 1244 4232 corde
1279 4196 1416 4245 meo,
1444 4191 1494 4236 et
1538 4183 1847 4254 gloriﬁcabo
1889 4203 2076 4242 nomen

505 4273 653 4318 tunm
705 4266 760 4318 in
816 4275 1090 4320 aeternum.
1129 4269 1265 4323 Cum
1314 4273 1484 4327 multa
1533 4275 1588 4329 in
1641 4278 2073 4346 prmcedentibus

476 4354 646 4410 bona
675 4356 942 4426 dixisset,
973 4359 1372 4416 confessionem
1403 4367 1612 4434 peccati
1644 4369 1730 4423 sui
1759 4373 2073 4426 necessario

502 4452 724 4500 revocat
777 4445 835 4498 in
897 4448 1250 4514 memoriam,
1297 4458 1357 4503 ut
1407 4467 1476 4506 ne
1524 4468 1591 4507 ex
1649 4469 1912 4512 concessa
1966 4457 2069 4512 sibi

2268 3196 2604 3266 Ὀδήγησόν
2623 3215 2718 3268 με,
2753 3199 2948 3268 Κύριε,
2980 3204 3048 3254 ἐν
3103 3200 3177 3269 τῇ
3216 3199 3333 3265 ὀδῷ
3363 3215 3500 3265 σου,
3530 3201 3631 3256 καί
3661 3218 3774 3256 xo-

2176 3286 2467 3354 ρεύσομαι
2504 3286 2576 3355 τῇ
2618 3289 2870 3355 ἀληθείᾳ
2902 3305 3041 3352 σου,
3061 3289 3445 3357 εὐφρανθήτω
3482 3289 3522 3358 ’ἡ
3553 3290 3773 3359 καρδία

2177 3395 2296 3448 μου
2325 3377 2429 3430 τοῦ
2465 3377 2772 3446 φοϐεῖσθαι
2801 3380 2868 3432 τὸ
2911 3379 3098 3448 ὄνομά
3135 3395 3271 3434 σου.
3302 3381 3396 3440 Et;
3423 3380 3483 3434 τὺ
3518 3383 3592 3453 μὴ
3625 3384 3771 3436 ἀπο-

2184 3470 2450 3540 σφαλῆναι
2473 3471 2570 3542 τῆς
2598 3470 2856 3542 ἀληθείας
2896 3471 3054 3534 Θεοῦ,
3096 3471 3332 3542 ποδηγοῦ
3357 3473 3590 3543 δεόμεθα
3611 3492 3623 3506 ·
3658 3475 3773 3528 διό-

2182 3579 2287 3633 περ
2333 3563 2361 3613 ὁ
2397 3563 2493 3633 μὲν
2539 3564 2788 3628 Ἀκύλας,
2832 3563 3100 3617 Φώτισόν
3122 3582 3218 3632 με,
3253 3567 3410 3637 φησὶ,
3441 3569 3643 3634 Κύριε,
3687 3567 3767 3637 τῇ

2180 3652 2297 3718 ὀδῷ
2330 3671 2466 3720 σου,
2502 3657 2887 3726 περιπατήσω
2923 3658 2994 3709 ἐν
3019 3659 3268 3726 ἀληθείᾳ
3293 3676 3408 3712 σου
3427 3677 3441 3689 ·
3477 3661 3505 3712 6
3535 3659 3592 3712 δὲ
3623 3659 3771 3732 Σύμ-

2183 3761 2372 3814 μαχος,
2419 3746 2768 3809 ’Υπόδειξόν
2801 3767 2922 3817 μοι,
2955 3749 3151 3816 Κύριε,
3182 3748 3296 3818 τὴν
3329 3751 3474 3804 όδόν
3497 3765 3637 3818 σου,
3663 3753 3771 3806 Ζνα

2179 3834 2408 3891 όδεύσω
2441 3837 2516 3907 τῇ
2545 3840 2794 3908 ἀληθείᾳ
2833 3856 2970 3894 σου.
3002 3840 3108 3895 Καὶ
3137 3841 3300 3895 πάλιν
3341 3842 3462 3896 ἀντὶ
3495 3841 3609 3906 τοῦ,
3642 3846 3766 3898 Εὐ-

2175 3927 2490 3996 φρανθήτω
2536 3930 2574 3997 ὴ
2605 3931 2818 3998 καρδία
2841 3949 2960 4001 μου
2990 3931 3094 3985 τοῦ
3121 3932 3430 4001 φοϐεῖσθαι
3463 3933 3531 3988 τὸ
3570 3935 3767 4004 ὄνομά

2177 4040 2312 4088 σου,
2335 4025 2365 4077 6
2395 4025 2494 4096 μὲν
2526 4026 2756 4091 Ἀκύλας
2777 4027 2909 4098 φησί
2929 4045 2941 4057 '
2972 4028 3347 4098 Μονάχωσον
3366 4028 3482 4097 τὴν
3505 4029 3766 4097 καρδίαν

2171 4133 2288 4185 μου
2317 4116 2424 4170 τοῦ
2454 4119 2761 4186 φοϐεῖσθαι
2794 4120 2859 4173 τὸ
2894 4119 3081 4190 ὄνομά
3111 4139 3227 4175 σου
3245 4139 3257 4150 ·
3294 4122 3323 4174 6
3353 4122 3409 4174 δὲ
3437 4121 3760 4193 Σύμμαχος,

2178 4206 2452 4260 ’Ἑνωσον
2469 4207 2584 4275 τὴν
2604 4209 2855 4277 καρδίαν
2872 4228 2991 4278 μου
3014 4213 3102 4276 είς
3126 4211 3314 4279 φόϐον
3337 4212 3442 4266 τοῦ
3465 4214 3762 4281 ὀνόματός

2150 4312 2309 4353 σου.
2340 4299 2888 4371 Ἐξομολογνήσομαί
2918 4319 3037 4364 σοι,
3060 4305 3253 4371 Κύριε,
3283 4307 3316 4358 ό
3345 4305 3488 4371 Θεός
3513 4324 3657 4374 μου,
3685 4307 3761 4359 ἐν

2173 4389 2286 4460 ὅλῃ
2321 4391 2394 4460 τῇ
2424 4392 2636 4460 καρδίᾳ
2661 4412 2799 4462 μου,
2832 4395 2928 4448 καί
2951 4394 3191 4458 δοξάσω
3221 4395 3287 4450 τὸ
3314 4397 3499 4466 ὄνομά
3528 4414 3646 4452 σου
3666 4401 3758 4464 είς

2172 4479 2278 4531 τὸν
2309 4479 2512 4535 αἰῶνα.
2555 4483 2731 4535 Πολλὰ
2773 4484 2983 4554 χρηστὰ
3017 4487 3074 4537 ὲν
3103 4488 3214 4548 τοῖς
3252 4485 3561 4559 ἔμπροσθεν
3598 4490 3756 4559 είρηο

499 4536 692 4599 venia,
745 4544 800 4591 et
829 4551 896 4592 ex
925 4539 1138 4594 collatis
1166 4540 1270 4594 sibi
1321 4550 1444 4611 post
1493 4546 1876 4602 remissionem
1944 4566 2068 4604 mn-

499 4629 720 4653 nn—ZL..-
824 4631 1038 4653 n.-II2---
1103 4634 1391 4653 --__:__-_,,
1685 4640 1696 4650 ο
1801 4641 1812 4653 ο
1840 4642 1852 4653 ι
1960 4651 1966 4653 .

2187 4568 2306 4633 ιιὼς,
2339 4571 2651 4640 ἀναγκαίως
2699 4575 2960 4646 ἀναφέρει
2994 4581 3058 4648 τῇ
3110 4536 3308 4650 μνήμη
3338 4536 3436 4651 τῆν
3479 4583 3607 4653 περὶ
3649 4536 3752 4653 ’.τῆς

498 4629 760 4692 aeribus,
823 4631 1042 4687 mollius
1099 4634 1429 4704 segniusque
1491 4640 1699 4694 versari
1765 4641 2064 4698 videretur.

495 4717 633 4777 Sese
683 4721 850 4791 igitur
880 4723 998 4792 ipse
1027 4726 1189 4778 vertit
1220 4734 1273 4780 et
1323 4739 1662 4796 commovet,
1722 4748 1787 4787 ac
1854 4736 2065 4806 peccati

495 4807 584 4862 sui
640 4811 964 4864 memoriam
1026 4815 1277 4882 repetit;
1349 4826 1406 4871 ut
1469 4819 1596 4874 hinc
1663 4823 1871 4890 majore
1934 4841 2064 4896 erga

422 4895 474 4918 "’
495 4896 664 4952 Deum
696 4902 994 4969 gratiarum
1044 4904 1258 4960 actione
1305 4917 1505 4963 utatur.
1554 4910 1926 4976 Quamobrem
1960 4895 2057 4980 ait,

485 4986 796 5058 Conﬁtebor
823 4991 920 5046 tibi
938 4989 957 5057 ξ
988 5008 1053 5048 ac
1101 4997 1343 5066 subjicit,
1374 4999 1581 5057 Eruisti
1613 5007 1848 5060 animam
1892 5025 2061 5062 meum

477 5095 558 5133 (ea:
594 5081 800 5150 inferno
843 5083 1104 5153 inferiori.
1157 5087 1293 5142 Nam
1347 5102 1632 5162 peccatum
1683 5099 1914 5154 mortale
1954 5101 2064 5155 hu-

479 5168 729 5238 -jusmodi
779 5181 903 5239 est,
937 5183 996 5229 ut
1029 5178 1082 5230 in
1115 5178 1601 5247 profundissimum
1647 5187 1848 5243 inferni
1879 5191 2063 5245 detra-

475 5263 607 5322 bat.
639 5265 778 5320 Cum
837 5269 982 5323 enim
1039 5274 1210 5327 multa
1263 5276 1374 5331 sint
1425 5287 1773 5348 peccatorum
1829 5299 2052 5354 genera,

473 5355 742 5412 —videntur
767 5359 871 5414 alia
897 5361 962 5416 ad
993 5366 1335 5433 superﬁciem
1368 5369 1565 5426 inferni
1596 5373 1831 5439 deferre,
1857 5376 1961 5430 alia
1989 5377 2057 5430 ad

489 5445 756 5536 inﬁmum,
793 5452 928 5516 sive,
970 5463 1030 5508 ut
1062 5459 1185 5526 quis
1215 5459 1432 5526 dixerit,
1484 5465 1550 5518 ad
1599 5466 1778 5536 ipsum
1827 5467 2058 5536 profun-

489 5535 639 5601 dum,
673 5540 742 5594 de
789 5558 900 5612 quo
954 5543 1162 5603 fertur:
1226 5551 1334 5606 Via:
1363 5555 1462 5608 viri
1505 5535 1634 5625 quae
1671 5535 1912 5613 videntur
1944 5576 2056 5614 esse

489 5636 664 5694 rectm,
691 5639 955 5698 postrema
984 5647 1158 5693 autem
1191 5657 1374 5697 earum
1413 5647 1698 5716 respiciunt
1741 5649 1800 5703 in
1829 5652 2050 5721 profun-

557 5784 599 5816 “
635 5783 794 5844 Joan.
834 5806 975 5861 xvn,
1017 5793 1070 5849 5.
1152 5797 1195 5828 ’⁸
1231 5795 1387 5854 Joan.
1426 5818 1470 5869 ι,
1511 5804 1555 5859 l.

2177 4660 2448 4731 ἁμαρτίας
2472 4660 2539 4735 ἦς
2570 4665 2816 4736 ἥμαρτεν
2839 4667 3244 4739 ἐξομολόγησιν,
3273 4671 3346 4734 ὡς
3370 4672 3435 4726 ἂν
3467 4673 3540 4743 μὴ
3564 4673 3750 4744 δοκοίη

2172 4745 2260 4798 διὰ
2292 4749 2390 4818 τῆς
2424 4753 2862 4825 παρασχεθείσης
2897 4757 3046 4828 αὐτῷ
3078 4762 3478 4831 συγχωρήσεως
3519 4765 3612 4816 καὶ
3638 4766 3750 4818 τῶν

2175 4835 2312 4905 μετὰ
2339 4838 2509 4892 ταῦτα
2533 4841 2916 4913 ὑπαρχοέντων
2946 4845 3092 4916 αύτῷ
3109 4886 3124 4909 ,
3155 4848 3501 4917 χαυνοῦσθαι,
3525 4852 3620 4904 καὶ
3660 4856 3753 4924 ρᾳ-

2171 4924 2465 5000 θυμότερον
2513 4932 2891 5005 ἀναστρέφειν.
2955 4938 3298 5010 Ἐπιστρέφει
3352 4942 3530 4996 τοίνυν
3583 4946 3748 5010 αὐτὸς

2163 5019 2380 5087 ἑαυτὸν,
2407 5023 2499 5075 καὶ
2531 5027 2747 5097 μνήμην
2769 5031 3001 5083 ποιεῖται
3029 5031 3126 5101 τῆς
3148 5033 3310 5086 αὐτοῦ
3339 5035 3633 5107 ἁμαρτίας,
3659 5039 3744 5105 ἕνα

2173 5111 2373 5203 μείζων
2405 5114 2625 5185 γένηται
2651 5119 2683 5188 ἡ
2711 5119 2844 5190 πρὸς
2872 5121 2962 5174 τὸν
2995 5123 3125 5176 Θεὸν
3155 5127 3471 5196 ευχαριστία
3491 5147 3504 5159 ⁸
3533 5129 3613 5182 διό
3641 5149 3745 5203 φη·

2170 5217 2285 5253 σινο
2331 5201 2879 5276 Ἐξομολογήσομαί
2921 5227 3050 5263 σοι·
3085 5214 3177 5266 καὶ
3209 5215 3434 5282 ἐπάγει·
3481 5201 3742 5284 Ἐρῤὐσω

2166 5291 2281 5360 τὴν
2306 5295 2517 5365 ψυχήν
2537 5316 2657 5366 μου
2702 5300 2772 5364 ἐξ
2806 5301 2954 5367 ᾅδου
2983 5306 3338 5359 κατωτάτου.
3378 5307 3441 5358 Ἡ
3469 5295 3578 5378 γὰρ
3608 5309 3741 5382 πρὸς

2169 5382 2397 5438 θάνατον
2430 5388 2671 5460 ἁμαρτία
2699 5391 2920 5464 τοιαύτη
2961 5397 3238 5465 τυγχάνει,
3267 5400 3347 5460 εἰς
3375 5399 3466 5451 τὸν
3497 5399 3743 5456 κατώτα-

2166 5491 2256 5527 τον
2281 5475 2413 5548 ᾆδην
2439 5480 2798 5536 κατασπῶσα.
2831 5485 3046 5539 Πολλῶν
3075 5488 3182 5559 γὰρ
3211 5489 3385 5543 οὐσῶν
3431 5492 3735 5562 ἁμαρτιῶν,

2163 5565 2401 5621 ἐοίκασιν
2432 5571 2486 5622 αἱ
2516 5571 2614 5641 μὲν
2645 5572 2738 5626 τοῦ
2770 5575 2894 5646 ᾅδου
2923 5580 3002 5641 εἰς
3028 5580 3094 5632 τὰ
3125 5581 3644 5652 ἐπιπόλαιαφέρειν,
3680 5584 3736 5639 αἱ

2159 5655 2214 5712 δὲ
2246 5659 2324 5724 εἰς
2355 5659 2421 5714 τὰ
2452 5661 2758 5730 κατώτατα,
2791 5670 2906 5734 καὶ,
2947 5669 3022 5735 ὡς
3059 5671 3123 5724 ἂν
3153 5673 3294 5727 εἴποι
3327 5693 3430 5739 τις,
3462 5678 3540 5740 εἰς
3575 5675 3737 5731 αὐτὸν
