4092 6404
327 486 482 544 ’1037

1493 481 2002 540 COMMENTARIA
2043 481 2111 537 IN
2149 482 2484 541 PSALMOS.

3429 485 3565 544 1058

334 601 424 653 τὸν
459 597 728 668 πυθμένα,
764 595 888 667 περὶ
918 589 976 650 οὗ
1007 595 1248 668 εἷρηται²
1291 595 1446 650 Ὀὸοὶ
1474 597 1691 666 ἀνδρὸς
1722 599 1781 650 αι
1811 595 1908 649 δο-

2009 597 2133 650 dum
2166 600 2357 667 inferni
2391 602 2457 656 ⁷³.
2487 600 2680 658 Verum
2712 603 2855 668 inde,
2887 603 2984 666 ait,
3018 617 3102 656 me
3134 602 3348 666 eruisti,
3377 601 3567 673 (Vens.

333 691 550 744 κοῦσαι
610 689 773 757 ὀρθαὶ
805 685 976 749 εἶναι,
1018 689 1088 740 τὰ
1125 686 1328 756 μέντοι
1362 688 1672 741 τελευταῖα
1709 684 1907 740 αὐτῶν

330 781 548 848 βλέπει
595 783 682 846 εἱς
716 779 985 848 πυθμένα
1035 778 1202 845 ᾅδου.
1258 778 1394 831 Ἀλλ’
1440 778 1670 846 ἐκεῖθεν,
1723 779 1905 848 φησὶν,

331 873 548 948 sesamo
589 890 675 942 με,
715 871 921 939 ἐπειδὴ
964 871 1170 941 γέγονε
1200 870 1266 923 τὸ
1297 871 1468 937 ἔλεός
1498 886 1615 924 σου
1643 871 1795 941 μέγα
1815 870 1907 922 ἐπ’

328 966 455 1038 ἐμέ.
497 965 806 1035 Εὐξάμενος
843 964 950 1034 γὰρ
983 962 1219 1034 μεγάλου
1249 965 1432 1032 τυχεῖν
1473 963 1652 1026 ἐλέους
1682 965 1738 1016 ἐν
1764 961 1841 1031 τῷ
1865 967 1908 1014 ν’

329 1056 553 1128 ψαλμῷ,
597 1059 655 1109 ἐν
689 1050 734 1125 ᾧ
771 1057 1008 1126 εἴρηκεν,
1062 1054 1357 1121 Ἐλέησόν
1373 1071 1450 1124 με
1476 1055 1624 1108 κατὰ
1661 1054 1727 1106 τὸ
1755 1052 1910 1123 μέγα

323 1149 508 1215 »ἔλεός
535 1163 676 1214 σου,
715 1151 774 1202 ἐν
802 1147 1007 1210 τούτοις
1052 1146 1389 1216 ὁμολογεῖται
1428 1146 1782 1216 τετυχηκέναι
1810 1145 1908 1215 τῆς

328 1239 500 1310 εὐχῆς
517 1254 531 1268 ·
562 1239 642 1293 διὸ
671 1241 766 1293 καὶ
791 1237 1192 1308 ἐξομολογεῖται
1230 1239 1329 1306 οὐχ
1357 1237 1562 1303 ἁπλῶς,
1592 1237 1708 1290 ἀλλ’
1736 1239 1793 1289 ἐν
1813 1235 1908 1305 ὅλῃ

332 1332 496 1385 αὑτοῦ
526 1334 593 1403 τῇ
649 1330 863 1402 καρδίᾳ.
909 1329 963 1382 Ὁ
992 1327 1164 1394 Θεὸς,
1199 1328 1531 1397 παράνομοι
1575 1327 1908 1395 ἐπανέστη-

325 1438 454 1477 σαν
489 1424 580 1476 ἐπ’
615 1421 720 1492 ἐμὲ
737 1463 751 1487 ,
805 1421 899 1475 καὶ
954 1419 1274 1491 συναγωγὴ
1319 1418 1610 1489 κραταιῶν
1662 1418 1911 1487 ἐζήτησε

327 1512 448 1580 τὴν
479 1511 690 1581 ψυχήν
723 1528 862 1580 μου,
895 1509 992 1562 καὶ
1032 1511 1104 1564 οὐ
1125 1510 1409 1578 προέθετο
1429 1526 1504 1566 σε
1531 1511 1785 1566 Mater
1807 1511 1911 1562 ιιὺ-

324 1605 468 1658 τῶν.
507 1604 617 1657 Καὶ
649 1603 751 1666 σὺ,
785 1604 963 1671 Κύριε
993 1606 1026 1656 ὁ
1065 1603 1228 1668 Θεὸς,
1260 1602 1574 1670 οἰκτίρμων
1603 1602 1700 1655 καὶ
1740 1599 1909 1669 sileri.

325 1713 475 1765 μων,
521 1695 900 1765 μακρόθυμος
948 1693 1044 1747 καὶ
1093 1693 1423 1759 πολυέλεος
1471 1692 1571 1746 καὶ
1604 1693 1908 1760 ἀληθινός.

330 1785 666 1841 Μεταὸαλὼν
704 1785 812 1839 ἀπὸ
848 1787 946 1856 τῆς
989 1785 1294 1857 προσευχῆς
1333 1785 1412 1846 εἰς
1439 1785 1536 1856 τὴν
1584 1784 1909 1857 ἐξομολόγη..

333 1897 437 1942 σιν,
473 1879 568 1932 καὶ
595 1877 934 1949 ὁμολογήσας
965 1875 1043 1946 τῷ
1074 1875 1192 1946 Θεῷ
1213 1876 1310 1947 τὴν
1336 1875 1514 1948 χάριν,
1543 1876 1623 1928 ὅτι
1644 1876 1911 1948 ἐρρύσατο

330 1972 428 2041 τὴν
449 1971 627 2040 ψυχὴν
654 1969 816 2023 αὑτοῦ
840 1969 899 2033 ἐξ
924 1970 1048 2042 ᾅδου
1074 1968 1407 2030 κατωτάτου,
1443 1967 1789 2035 ἀπολογεῖται
1809 1970 1908 2040 τὴν

328 2061 509 2118 ,αἰτίαν
538 2058 874 2128 ἐξαγορεύων
910 2059 974 2112 δι’
1005 2060 1072 2130 ἢν
1113 2059 1352 2130 ῆμαρτε,
1379 2057 1472 2110 καί
1519 2075 1701 2128 φησιν,
1735 2059 1814 2112 ὅτι
1851 2059 1909 2126 ἐξ

327 2150 622 2220 ἐπιϐουλῆς
657 2148 868 2204 πολλῶν
914 2150 1161 2220 ἀοράτων
1189 2148 1401 2219 ἐχθρῶν
1444 2149 1604 2202 τοῦτο
1649 2151 1906 2216 πέπονθε,

328 2241 712 2312 φθονησάντων
759 2239 921 2294 αὑτοῦ
941 2243 1006 2311 τῇ
1034 2239 1174 2293 κατὰ
1211 2238 1344 2292 Θεὸν
1386 2243 1653 2311 προκοπῇ.
1689 2241 1779 2294 Διό
1810 2259 1912 2313 φη-

333 2349 445 2386 σιν·
491 2333 552 2385 ’0
599 2333 762 2399 Θεὸς,
807 2331 1135 2400 παράνομοι
1174 2332 1602 2399 ἐπανέστησαν
1651 2333 1743 2386 ἐπ’
1784 2333 1907 2402 ἐμέ.

331 2425 395 2478 Oi
421 2425 476 2477 δὲ
509 2423 684 2478 λοιποὶ
724 2423 923 2487 πάντες
969 2423 1316 2494 ἐρμηνευταὶ,
1348 2423 1738 2492 ὑπερήφανοι,
1763 2426 1912 2496 εἰρή-

329 2531 479 2578 κασι,
512 2514 611 2576 τὰς
653 2515 916 2585 ἀοράτους
952 2515 1044 2567 καὶ
1074 2513 1456 2585 ὑπερηφάνους
1491 2514 1747 2585 δυνάμεις
1775 2519 1912 2568 αἰνι-

333 2604 572 2676 ξάμενοι.
611 2605 829 2658 Ὀποίαν
858 2605 913 2657 δὲ
945 2604 1066 2675 βίαν
1100 2602 1366 2657 πέπονθεν
1394 2606 1426 2676 ή
1453 2604 1546 2658 τοῦ
1577 2605 1736 2659 Δαυῒδ
1765 2607 1910 2680 ψυχὴ

331 2699 431 2768 οὐχ
453 2699 556 2751 ὑπὸ
591 2699 718 2768 μιᾶς
749 2697 1048 2766 δυνάμεως,
1085 2697 1197 2750 ἀλλ’
1227 2697 1330 2750 ὑπὸ
1363 2698 1643 2762 πλειόνων,
1673 2698 1910 2752 διδάσκει

329 2790 504 2858 λέγων
525 2808 538 2821 ο
573 2791 682 2844 Kal
719 2787 1036 2858 συναγωγὴ
1064 2787 1354 2856 κραταιῶν
1377 2806 1389 2818 ·
1422 2789 1454 2860 ἢ
1489 2788 1565 2854 ὡς
1588 2792 1616 2843 6
1662 2788 1908 2856 Ἀκύλας,

333 2881 442 2936 Καὶ
467 2880 784 2952 συναγωγὴ
829 2879 1452 2949 κατισχυρευομένων·
1487 2881 1520 2952 ἢ
1559 2882 1635 2945 ὡς
1679 2882 1908 2954 Σύμμα-

333 2987 447 3040 χος,
480 2970 587 3023 Καὶ
639 2966 958 3038 συναγωγὴ
1014 2967 1452 3022 ἀνυποστάτων
1504 2969 1753 3038 ἐζήτησε
1795 2971 1910 3040 τὴν

331 3062 544 3130 ψυχήν
565 3079 706 3131 μου.
748 3059 883 3114 Ἀλλ’
914 3063 946 3130 ἡ
980 3061 1076 3130 μὲν
1108 3059 1215 3116 τῶν
1239 3059 1448 3132 ἐχθρῶν
1481 3061 1770 3134 συναγωγὴ
1792 3061 1909 3133 ἐζή-

329 3170 465 3224 τησε
493 3153 588 3224 τὴν
620 3153 798 3223 ψυχήν
830 3169 952 3222 μου,
992 3152 1065 3223 μὴ
1096 3151 1336 3223 θεμένων
1366 3151 1472 3224 πρὸ
1499 3151 1789 3222 ὀφθαλμῶν
1817 3152 1908 3206 τὸν

330 3245 485 3310 Θεὸν,
528 3246 590 3297 σὺ
621 3245 698 3309 δὲ,
739 3244 929 3316 Κύριε,
971 3247 1156 3315 φησιν,
1203 3246 1346 3318 ἆπερ
1395 3247 1588 3297 ἐκεῖνοι
1627 3245 1700 3315 μὴ
1737 3261 1905 3315 προσ·
1933 3270 1976 3327 C

332 3338 612 3408 εδόκησαν,
646 3337 1026 3407 συνεχώρησας
1056 3338 1148 3390 καὶ
1168 3337 1441 3408 ἐδωρήσω,
1467 3336 1766 3408 ῥυσάμενός
1801 3353 1902 3406 μου

332 3427 430 3499 τὴν
447 3427 621 3498 ψυχὴν
644 3428 704 3491 ἐξ
724 3427 849 3498 ᾅδου
885 3427 1193 3480 κατωτάτου
1214 3444 1224 3456 ·
1263 3429 1356 3480 καὶ
1375 3426 1516 3480 τοῦτ’
1547 3427 1806 3498 ἔπραξας,
1831 3426 1907 3490 ὡς

331 3518 628 3589 οἰκτίρμων
676 3517 771 3570 καὶ
801 3517 1046 3588 ἐλεήμων
1085 3521 1179 3570 καὶ
1210 3518 1453 3590 μακρόου
1464 3535 1559 3588 μος
1589 3518 1683 3571 καὶ
1717 3517 1909 3570 πολυέ-

332 3608 471 3674 λεος,
498 3609 591 3662 καὶ
619 3609 676 3662 ἐν
709 3611 841 3662 πᾶσι
874 3609 1080 3672 τούτοις
1107 3609 1358 3680 ἀληθινὸς
1397 3609 1676 3680 ὑπάρχων.

417 3727 781 3796 Ἐπίὸλεψον
825 3727 918 3780 ἐπ’
963 3725 1066 3795 ἐμὲ
1103 3725 1201 3779 καὶ
1248 3723 1511 3792 ἐλέησόν
1545 3739 1654 3792 με’
1684 3722 1791 3788 δὸς
1841 3721 1908 3774 τὸ

332 3817 549 3884 κράτος
577 3817 656 3884 τῷ
707 3818 872 3872 παιδί
903 3834 1039 3882 σου,
1091 3817 1189 3871 καὶ
1239 3815 1445 3869 σῶσον
1471 3815 1577 3894 τὸν
1623 3817 1757 3868 υἱὸν
1802 3813 1909 3882 τῆς

332 3910 653 3978 παιδίσκης
670 3925 804 3964 σου.
825 3910 994 3981 Ὁρῶν
1011 3928 1098 3980 με,
1123 3911 1306 3980 φησὶν,
1323 3908 1540 3978 ἐλέησόν
1560 3925 1646 3977 με.
1660 3906 1908 3960 Δείκνυσι

330 3999 386 4053 δὲ
416 4001 607 4054 ἐαυτοῦ
633 4004 660 4054 6
692 4001 851 4054 Δαυῗδ
879 4003 974 4072 τὴν
1003 4001 1330 4055 ταπείνωσιν
1360 3999 1454 4052 καὶ
1486 4001 1584 4069 τῆς
1611 3998 1788 4068 ψυχῆς
1810 3998 1909 4068 τὴν

331 4090 594 4155 κάκωσιν,
624 4091 690 4161 ῆν
725 4092 961 4162 παρίστη
1004 4091 1100 4144 καὶ
1134 4089 1431 4161 ἀρχόμενος
1455 4088 1555 4157 τῆς
1603 4088 1910 4158 προσευχῆς

331 4182 389 4236 ἐν
417 4177 498 4244 οἷς
525 4181 676 4249 ἔλεγε
694 4199 706 4211 ο
746 4181 985 4249 Πτωχὸς
1014 4181 1112 4234 καὶ
1141 4180 1330 4247 πένης
1361 4179 1475 4248 ἐγώ
1509 4179 1646 4246 είμι.
1687 4177 1828 4230 Ἀντὶ
1849 4176 1907 4230 δὲ

330 4272 446 4336 τοῦ,
476 4271 587 4338 Δὸς
631 4272 696 4325 τὸ
733 4271 947 4339 κράτος
986 4270 1066 4336 τῷ
1111 4271 1275 4325 παιδί
1320 4286 1458 4334 σου,
1511 4269 1842 4340 σαφέστερον
1879 4270 1908 4320 6

331 4362 624 4434 Σύμμαχος
649 4363 990 4434 ἡρμήνευσεν
1023 4361 1208 4426 εἰπὼν,
1244 4362 1352 4428 Δὸς
1387 4360 1571 4430 ἰσχὺν
1602 4361 1762 4427 παρὰ
1790 4358 1906 4412 σοῦ

329 4454 412 4521 τῷ
439 4454 635 4522 δούλῳ
660 4469 796 4508 σου.
831 4454 946 4506 Ἵνα
986 4453 1093 4526 γὰρ
1128 4455 1200 4525 μὴ
1229 4454 1590 4523 ἐξασθενήσας
1614 4451 1903 4521 ὀλισθήσω,

336 4547 472 4618 μετὰ
517 4547 625 4600 τῶν
664 4547 835 4599 ἄλλων
880 4540 954 4598 ὧν
985 4546 1276 4617 παρέσχου,
1322 4545 1698 4616 δυναμωθῆναι
1745 4542 1901 4609 ἀξιῶ,

2012 689 2098 757 15)
2128 692 2378 759 quoniam
2409 694 2770 747 misericordia
2803 706 2894 749 tua
2928 711 3119 766 magna
3161 705 3238 750 est
3281 710 3437 764 super
3467 681 3568 752 me.

2009 779 2144 834 Cum
2209 781 2354 835 enim
2409 784 2842 838 misericordiam
2907 800 3154 855 magnam
3198 785 3464 855 consequi
3514 785 3572 840 in

2009 871 2459 940 quinquagesimo
2505 875 2714 942 psalmo
2757 884 3006 944 precatus
3054 875 3146 940 sit,
3182 876 3236 929 in
3277 891 3388 946 quo
3425 875 3570 930 dice-

2010 965 2122 1027 bat,
2156 962 2407 1019 Miserere
2433 967 2534 1018 mei
2563 967 2845 1020 secundum
2877 984 3124 1038 magnam
3150 967 3570 1023 misericordiam

2012 1063 2179 1117 tuam,
2228 1055 2319 1110 hic
2345 1071 2403 1110 se
2453 1066 2576 1112 vota
2609 1064 2917 1113 assecutum
2961 1059 3234 1126 declarat;
3262 1074 3430 1129 quare
3463 1073 3572 1115 non

2009 1145 2348 1214 simpliciter,
2379 1147 2474 1202 sed
2523 1148 2577 1201 in
2619 1155 2734 1202 toto
2765 1148 2930 1203 corde
2957 1148 3267 1204 conﬁtetur.
3301 1181 3372 1190 —
3402 1149 3567 1206 Vens.

2011 1237 2098 1300 14,
2140 1237 2227 1293 15.
2264 1237 2425 1304 Deus,
2459 1239 2624 1309 iniqui
2675 1241 3074 1294 insurrexerunt
3107 1256 3261 1312 super
3286 1259 3385 1310 me,
3414 1252 3464 1297 et
3484 1259 3572 1314 sy-

2010 1343 2212 1398 nagoga
2241 1332 2532 1397 potentium
2565 1333 2884 1400 qumsiertmt
2907 1332 3140 1385 animam
3172 1349 3361 1401 meam,
3383 1343 3434 1388 et
3467 1349 3573 1389 non

2007 1429 2387 1487 proposuerunt
2411 1429 2459 1474 te
2483 1421 2534 1474 in
2557 1431 2833 1488 conspectu
2855 1437 2970 1476 suo.
3001 1421 3069 1476 Et
3091 1433 3168 1486 tu,
3201 1423 3418 1479 Domine
3435 1423 3574 1479 Deus

2009 1511 2290 1564 miseratur
2315 1521 2364 1566 et
2395 1513 2713 1576 misericors,
2737 1513 2941 1581 patiens
2970 1522 3021 1567 et
3061 1515 3240 1568 multa
3279 1516 3574 1570 misericor-

2010 1601 2113 1655 dia:
2167 1611 2217 1656 et
2261 1619 2442 1659 verax.
2471 1603 2607 1659 Cum
2646 1619 2713 1658 ex
2745 1605 2992 1660 oratione
3046 1605 3116 1659 ad
3172 1605 3570 1662 confessionem

2010 1707 2308 1754 conversus
2331 1703 2498 1758 esset,
2528 1695 2707 1750 fassus
2730 1711 2788 1750 se
2812 1693 2921 1750 Deo
2950 1697 3179 1768 gratiam
3207 1697 3425 1763 habere,
3443 1699 3574 1769 quia

2009 1783 2299 1853 eripuisset
2328 1786 2561 1838 animam
2587 1801 2741 1840 suam
2771 1803 2838 1842 ex
2871 1788 3084 1842 inferno
3114 1785 3355 1842 inferiori
3377 1806 3392 1856 ;
3417 1790 3574 1860 quasi
3673 1799 3676 1802 ’

2013 1875 2079 1929 ad
2111 1875 2484 1939 defensionem
2529 1892 2706 1942 suam,
2739 1894 2962 1933 causam
2999 1879 3156 1934 allert
3185 1894 3284 1934 cur
3311 1895 3577 1950 peccave-

2012 1967 2102 2032 rit,
2135 1967 2499 2036 complurium
2531 1967 2889 2023 invisibilium
2930 1970 3301 2037 inimicorum,
3341 1972 3435 2042 qui
3473 1988 3576 2029 suo

2010 2056 2306 2112 secundum
2337 2055 2506 2111 Deum
2541 2057 2807 2127 pmfectui
2832 2060 3156 2128 inviderent,
3189 2047 3478 2119 insidiis‘id
3515 2081 3576 2121 se

2011 2163 2333 2219 perpessum
2380 2149 2677 2206 allirmans.
2712 2150 2892 2217 Quare
2920 2151 2997 2206 ait
3031 2171 3042 2207 :
3079 2152 3217 2207 Deus
3243 2195 3258 2219 ,
3288 2156 3454 2228 iniqui
3484 2158 3574 2212 in-

2009 2247 2353 2292 surrexerunt
2397 2256 2554 2308 super
2599 2257 2697 2295 me.
2735 2240 2948 2313 Reliqui
2989 2258 3119 2297 vero
3159 2259 3351 2300 omnes
3405 2246 3576 2301 inter-

2010 2340 2212 2399 pretes,
2267 2331 2497 2398 superbi,
2539 2331 2813 2396 dixerunt,
2846 2333 3148 2390 invisibiles
3203 2345 3258 2391 et
3303 2338 3574 2406 «superbas

2009 2421 2238 2476 virtutes
2273 2422 2706 2478 subindicantes.
2735 2421 2908 2489 Quam
2949 2439 3115 2495 porro
3161 2425 3268 2479 vim
3317 2441 3574 2498 perpessa

2012 2511 2083 2566 sit
2113 2511 2338 2568 Davidis
2369 2515 2576 2577 anima,
2611 2530 2716 2568 non
2761 2516 2830 2570 ab
2866 2531 2971 2570 una
3002 2516 3223 2582 virtute,
3253 2519 3350 2574 sed
3380 2534 3411 2572 a
3454 2519 3569 2589 plu-

2010 2601 2184 2665 ribus,
2219 2602 2336 2674 ipse
2379 2603 2536 2658 docet
2571 2603 2656 2659 his
2706 2604 2929 2659 verbis:
2964 2602 3032 2657 Et
3081 2621 3347 2677 synagoga
3395 2617 3576 2678 poten-

2011 2693 2179 2756 tium;
2201 2693 2314 2748 sive
2336 2703 2395 2747 ut
2415 2693 2632 2764 Aquila,
2664 2693 2730 2747 Et
2756 2711 3023 2765 synagoga
3058 2695 3456 2760 roboratorum;
3481 2706 3576 2753 aut

2009 2791 2070 2838 ut
2102 2783 2480 2856 Symmachus,
2510 2785 2578 2839 Et
2611 2803 2875 2858 synagoga
2897 2786 3309 2842 intolerabilium
3337 2791 3576 2861 guwsivit

2009 2877 2244 2930 animam
2283 2894 2472 2931 meam.
2512 2876 2713 2934 Verum
2746 2895 3017 2951 synagoga
3071 2881 3287 2951 quidem
3325 2882 3573 2938 inimico-

2009 2981 2130 3020 rum
2163 2968 2412 3036 quaasivit
2451 2969 2686 3024 animam
2727 2985 2922 3034 meam,
2973 2971 3065 3042 qui
3107 2987 3214 3028 non
3273 2981 3576 3043 posuerunt

2008 3059 2178 3115 Deum
2232 3069 2357 3116 ante
2411 3062 2600 3117 oculos
2650 3078 2780 3118 suos
2817 3081 2830 3115 :
2862 3069 2920 3118 tu
2969 3070 3170 3129 autem,
3228 3063 3470 3131 Domine,
3509 3081 3577 3123 ea

2007 3154 2352 3220 concessisti,
2376 3169 2440 3209 ea
2474 3153 2710 3218 dedisti,
2739 3170 2859 3224 quae
2891 3155 2993 3225 ipsi
3029 3171 3138 3211 non
3161 3157 3568 3228 exspectabant,

2009 3257 2134 3297 cum
2185 3243 2424 3297 animam
2451 3259 2622 3297 meam
2652 3243 2897 3300 liberasti
2937 3260 3000 3299 ex
3037 3246 3248 3302 inferno
3296 3246 3565 3305 inferiori.

2008 3331 2175 3404 ldquc
2205 3333 2530 3403 praestitisti,
2568 3343 2756 3404 utpote
2793 3337 3125 3403 misericors,
3166 3339 3473 3406 miserator,
3513 3347 3568 3394 et

2007 3427 2219 3496 patiens
2241 3435 2294 3482 et
2319 3427 2501 3482 multa:
2533 3428 2920 3484 misericordia:
2949 3445 2964 3485 :
2997 3429 3053 3485 in
3085 3431 3450 3503 omnibusque
3505 3433 3574 3489 iis

2009 3534 2176 3573 verax
2208 3517 2382 3575 fuisti.

2079 3714 2246 3772 Vens.
2294 3717 2379 3770 16.
2414 3715 2629 3786 Respice
2670 3718 2723 3770 in
2750 3735 2829 3772 me
2857 3726 2907 3772 et
2937 3717 3179 3773 miserere
3210 3720 3310 3773 mei
3338 3717 3450 3783 ;,da
3478 3719 3577 3774 im-

2008 3808 2210 3874 perium
2231 3824 2393 3875 puero
2429 3817 2539 3872 tuo,
2567 3819 2616 3860 et
2647 3806 2850 3861 salvum
2879 3807 2968 3877 [ac
3000 3808 3171 3879 ﬁlium
3197 3810 3406 3862 ancilla:
3444 3818 3572 3864 tute.

2009 3899 2352 3969 Respiciens,
2391 3900 2585 3969 inquit,
2629 3915 2736 3966 me,
2792 3901 3052 3957 miserere
3091 3901 3217 3954 mei.
3254 3899 3351 3955 llic
3409 3915 3576 3972 porro

2013 3988 2181 4044 David
2217 3990 2580 4056 humilitatem
2613 4005 2767 4044 suam
2799 3998 2855 4046 et
2903 3990 3070 4045 animi
3101 3990 3448 4047 aﬂlictionem
3479 4007 3576 4048 ex-

2008 4082 2182 4147 hibet,
2215 4099 2379 4153 quam
2419 4082 2546 4135 item
2588 4083 2644 4136 in
2673 4083 2940 4138 orationis
2983 4082 3210 4138 exordio
3256 4083 3574 4151 declaravit,

2009 4190 2134 4231 cum
2158 4172 2385 4237 diceret,
2419 4171 2580 4242 Inops
2612 4183 2662 4228 et
2687 4189 2887 4244 pauper
2923 4190 3040 4229 sum
3077 4191 3190 4245 ego.
3216 4173 3322 4229 Pro
3353 4174 3446 4228 illo
3477 4189 3576 4228 au-

2007 4274 2139 4329 tem,
2169 4264 2254 4319 Da
2279 4267 2557 4334 imperium
2597 4282 2758 4335 puero
2793 4275 2903 4332 tuo,
2934 4267 3175 4332 apertius
3216 4265 3579 4337 Symmachus

2009 4356 2399 4425 interpretatus
2427 4361 2512 4410 est
2562 4355 2649 4412 his
2681 4355 2862 4411 verbis
2894 4374 2909 4411 :
2958 4355 3042 4410 Da
3081 4355 3242 4411 robur
3279 4373 3313 4410 ιι
3353 4365 3402 4410 te
3430 4373 3578 4410 servo

2010 4455 2119 4501 tuo.
2149 4445 2430 4516 Siquidem
2479 4460 2548 4499 ne
2576 4460 2644 4499 ex
2689 4445 3004 4501 inﬁrmitate
3041 4462 3281 4517 peream,
3305 4462 3429 4502 cum
3453 4447 3578 4501 aliis

2009 4555 2130 4609 qua:
2155 4539 2386 4609 largitus
2415 4555 2496 4604 es,
2525 4539 2687 4593 etiam
2727 4538 2978 4592 roborari
3007 4555 3094 4593 me
3122 4538 3372 4610 postulo,
3412 4546 3470 4593 ut
3509 4553 3580 4594 ne

332 4640 468 4711 πρὸς
512 4639 570 4692 τὸ
612 4638 685 4710 μὴ
719 4636 874 4702 αὖθις
921 4637 1430 4708 καταπαλαισθῆναι
1471 4627 1576 4690 ὑπὸ
1607 4638 1704 4708 τῆς
1743 4653 1906 4689 συνα-

2013 4631 2206 4684 iterum
2233 4631 2517 4701 impugner
2548 4645 2578 4684 a
2603 4645 2874 4701 synagoga
2901 4630 3222 4698 potentium.
3264 4627 3355 4682 Sic
3383 4629 3580 4684 robore

331 4728 518 4798 γωγῆς
559 4728 668 4780 τῶν
719 4727 1010 4799 κραταιῶν.
1073 4726 1228 4780 Οὖτω
1269 4725 1326 4778 δέ
1378 4743 1445 4796 με
1492 4726 1909 4798 ῖσχυροποιήσας

333 4818 546 4882 σώσεις,
574 4820 650 4882 ὡς
682 4819 744 4873 ἄν
772 4836 863 4872 σου
886 4817 1069 4872 δοῦλον
1096 4817 1404 4888 γενόμενον,
1434 4815 1546 4868 υἱὸν
1578 4816 1633 4870 δὲ
1657 4815 1756 4886 τῆς
1783 4833 1910 4869 παι-

331 4908 519 4979 δίσκης
556 4925 669 4975 σου,
702 4910 819 4978 ἦτοι
874 4910 972 4979 τῆς
1011 4908 1332 4980 Ἐκκλησίας
1364 4906 1542 4979 σου,,ῆ
1589 4907 1683 4960 καὶ
1714 4907 1812 4976 τῆς
1851 4907 1910 4960 ἐν

333 5002 398 5070 τῇ
417 4999 558 5053 κατὰ
575 5000 706 5053 Θεὸν
724 5000 937 5072 παιδείᾳ
952 5000 1295 5072 θρεψαμένης
1309 4999 1469 5054 αὑτὸν
1493 4998 1718 5070 μητρός.
1742 4996 1912 5063 Ποίη-

333 5108 449 5146 σον
468 5094 594 5162 μετ’
632 5093 776 5162 ἐμοῦ
808 5093 1056 5162 σημεῖον
1091 5095 1176 5160 εἱς
1202 5092 1447 5162 ἀγαθὸν,
1485 5091 1582 5145 καὶ
1619 5089 1910 5143 ὶδέτωσαν

332 5190 388 5241 οἱ
422 5187 746 5258 μισοῦντές
780 5204 878 5255 με,
938 5185 1036 5240 καὶ
1084 5185 1610 5256 αὶσχυνθήτωσαν,
1667 5182 1757 5236 ὅτι
1802 5179 1907 5244 σὺ,

335 5283 545 5350 Κύριε,
600 5280 937 5356 ἐόξοήθησὰς
992 5297 1113 5348 μοι,
1178 5278 1276 5332 καὶ
1335 5273 1757 5346 παρεκάλεσάς
1811 5288 1908 5340 με.

336 5375 547 5446 Ὥσπερ
577 5373 655 5426 τῶ
683 5374 820 5427 Κάῖν
867 5374 1088 5442 σημεῖον
1129 5370 1280 5423 ἔθετο
1308 5371 1336 5422 6
1359 5370 1490 5432 Θεὸς
1517 5369 1616 5437 τῆς
1647 5365 1908 5437 πονηρίας

335 5465 501 5519 αὑτοῦ
520 5462 831 5536 δηλωτικδν,
856 5464 992 5535 ὅπερ
1010 5464 1231 5532 σημεῖον
1253 5461 1301 5512 οἱ
1323 5457 1647 5532 θεωροῦντες
1665 5458 1909 5530 εἴργοντο

335 5556 429 5612 τοῦ
457 5556 660 5610 ἀνελεῖν
693 5555 873 5616 αὐτὸν,
902 5554 990 5607 διὰ
1019 5554 1077 5608 τὸ
1101 5556 1277 5624 κρῖναι
1308 5551 1398 5604 τὸν
1423 5551 1553 5603 Θεὸν
1589 5548 1791 5603 στένειν
1814 5550 1910 5605 καὶ

336 5646 556 5718 τρέμειν
594 5645 756 5699 αὑτὸν
788 5646 879 5698 ἐπὶ
911 5644 1014 5714 γῆς
1035 5661 1046 5673 ·
1082 5643 1225 5696 οὕτω
1272 5641 1366 5694 καὶ
1404 5643 1517 5702 τοῖς
1560 5639 1782 5701 τελείοις
1809 5640 1909 5693 αύ-

336 5737 431 5792 τοῦ
460 5739 680 5808 σημεῖον
703 5737 782 5800 εἰς
810 5735 1010 5803 ἀγαθὸν
1031 5734 1262 5797 δίδωσιν,
1286 5734 1421 5802 ὅπερ
1451 5731 1702 5803 ὁρῶντες,
1732 5732 1781 5784 oi
1809 5731 1906 5803 μὲν

409 5903 456 5933 τε
485 5901 638 5954 Prov.
669 5913 780 5962 xw,
808 5895 900 5951 25.
976 5896 1020 5927 τι
1061 5895 1195 5950 Gen.
1233 5909 1303 5961 Iv,
1346 5891 1426 5948 l5.

2011 4722 2197 4777 addito
2229 4740 2312 4778 me
2339 4723 2606 4787 servabis,
2626 4729 2813 4793 utpote
2844 4736 3063 4775 servum
3097 4728 3270 4786 tuum;
3291 4720 3457 4774 ﬁlium
3487 4737 3580 4775 an-

2010 4814 2150 4866 cillae
2203 4821 2340 4876 tuas,
2382 4814 2498 4868 sive
2544 4812 2803 4867 Ecclesiae
2851 4819 2991 4877 tum;
3023 4813 3106 4865 vel
3151 4811 3341 4866 matris
3374 4826 3494 4881 qua:
3523 4812 3578 4866 in

2011 4915 2163 4958 recto
2191 4906 2492 4960 secundum
2523 4904 2698 4958 Deum
2737 4905 2992 4959 instituto
3025 4903 3202 4973 ipsum
3232 4901 3580 4958 educavit.—

2013 4998 2180 5055 Vnns.
2217 4998 2305 5053 17,
2343 4996 2457 5050 Fac
2493 5013 2694 5050 mecum
2723 4997 2932 5066 signum
2962 4996 3020 5049 in
3050 4997 3261 5062 bonum,
3285 5005 3334 5049 et
3367 4995 3579 5050 videant

2008 5092 2099 5162 qui
2137 5090 2356 5144 oderunt
2380 5105 2480 5154 me,
2514 5097 2564 5142 et
2615 5086 3031 5156 confundantur,
3062 5087 3312 5156 quoniam
3353 5095 3431 5150 tu,
3469 5085 3578 5140 Do-

2010 5183 2168 5248 mine,
2187 5180 2437 5249 adjuviin
2461 5195 2539 5234 me
2565 5188 2614 5232 et
2643 5177 2946 5233 consolatus
2970 5193 3024 5230 es
3065 5191 3165 5230 me.
3214 5175 3582 5242 Quemadmo-

2011 5274 2143 5327 dum
2195 5273 2365 5326 Caino
2405 5271 2623 5340 signum
2684 5271 2869 5338 posuit
2917 5266 3082 5330 Deus,
3124 5267 3380 5336 nequitiae
3431 5266 3578 5322 illius

2011 5362 2296 5424 indicium,
2330 5360 2472 5431 quod
2502 5358 2720 5428 signum
2756 5356 2852 5426 qui
2887 5356 3160 5420 videbant,
3185 5355 3252 5409 ab
3277 5369 3344 5408 eo
3371 5353 3579 5408 interﬁ-

2011 5455 2206 5510 ciendo
2230 5453 2560 5508 arcebantur
2581 5452 2648 5516 7‘,
2669 5453 2796 5522 quia
2824 5450 2969 5505 Deus
2999 5449 3316 5504 decreverat
3344 5455 3403 5502 ut
3428 5447 3578 5518 inge-

2008 5549 2264 5604 misceret
2293 5553 2346 5601 et
2386 5552 2642 5600 tremeret
2673 5560 2837 5615 super
2868 5553 3066 5597 terram
3103 5560 3118 5597 :
3150 5541 3231 5595 sic
3267 5541 3430 5594 etiam
3456 5555 3578 5609 per-

2009 5639 2168 5694 fectis
2220 5637 2334 5693 suis
2373 5636 2587 5708 signum
2618 5635 2712 5691 dat
2757 5635 2812 5688 in
2841 5634 3067 5697 bonum,
3100 5629 3246 5700 quod
3285 5637 3584 5685 cernentes

2009 5730 2166 5785 amici
2213 5728 2485 5800 gaudent;
2529 5724 2736 5780 inimici
2766 5739 2897 5782 vero
2942 5731 2996 5780 et
3023 5721 3116 5795 qui
3156 5721 3388 5777 oderunt
3424 5733 3578 5787 eum.
