4092 6404
493 472 636 529 1059

1205 454 1473 515 EUSEBII
1510 451 1987 512 CASSARIENSIS
2022 448 2171 508 OPP.
2211 444 2394 504 PARS
2431 442 2519 502 Ill.
2560 473 2630 483 ——
2668 436 3085 495 EXEGETICA.

3600 430 3753 489 {0‘0

496 584 706 657 pudore
763 578 1086 639 afﬁciuntur,
1144 591 1172 630 a
1230 576 1387 646 signo
1433 573 1695 628 indicium
1751 570 2092 631 habentes,.

2192 564 2302 616 μίλοι
2330 561 2630 633 χαίρουσιν,
2662 556 2711 608 οἰ
2741 554 2797 607 δέ
2828 550 3013 622 ἐχθροὶ
3045 547 3141 602 καὶ
3166 547 3216 600 οἰ
3255 540 3539 616 μισοῦντες
3561 541 3755 657 αἰσχύ-

496 678 677 749 ipsum
726 673 781 726 in
834 668 1100 740 ejusmodi
1154 682 1287 723 casu
1335 666 1543 722 auxilio
1583 674 1637 719 et
1688 661 2063 718 consolatione

495 766 718 823 muniri.
747 764 811 817 Et
847 764 1075 817 fortasse
1106 761 1337 815 inimica:
1375 759 1625 821 virtutes,
1657 756 1872 827 signum
1893 753 2064 807 Caino

498 856 812 928 impositum
838 863 1145 919 cernentes,
1186 852 1516 924 gaudebant,
1554 849 1701 920 quod
1759 848 1971 903 soleant
1997 845 2065 900 de

499 948 692 1005 alienis
737 948 906 1001 laatari
942 945 1133 1011 malis;
1167 944 1343 1014 angeli
1376 958 1504 997 vero
1531 940 1627 995 Dei
1660 940 1728 994 de
1761 939 1856 993 illo
1883 951 2065 1007 geme-

497 1040 652 1104 bant,
688 1054 754 1092 ex
777 1038 933 1108 signo
965 1035 1365 1105 impendentem
1414 1033 1492 1089 illi
1523 1048 1554 1086 a
1586 1031 1698 1086 Deo
1727 1030 1863 1084 iram
1902 1043 2067 1098 agno-

499 1140 737 1190 scentes.
768 1130 838 1185 At
863 1130 916 1183 in
953 1130 1208 1199 religiosa
1244 1128 1426 1182 anima
1463 1125 1799 1180 contrarium
1831 1121 2063 1185 accidit;

498 1223 733 1279 inimicae
758 1223 959 1291 quippe
982 1220 1208 1273 virtutes
1241 1215 1671 1277 confunduntur,
1702 1214 1904 1268 bonum
1936 1210 2067 1265 illud

498 1317 715 1386 signum
745 1313 801 1367 in
832 1313 950 1383 ipsa
978 1311 1214 1381 positum
1238 1308 1671 1378 conSpicientes;
1698 1306 1865 1359 divini
1889 1311 2066 1356 autem

496 1416 550 1461 et
593 1406 723 1460 boni
778 1403 954 1473 angeli
991 1402 1230 1473 gaudent
1257 1408 1311 1455 et
1339 1400 1687 1469 gratulantur
1722 1396 1792 1451 ei.
1830 1394 2068 1465 ldipsum

497 1497 688 1549 docuit
720 1494 971 1549 Salvator
1000 1500 1187 1548 noster
1209 1492 1417 1554 dicens,
1443 1490 1699 1561 gaudium
1725 1503 1845 1541 esse
1880 1487 1932 1539 in
1960 1502 2072 1541 c02-

499 1589 570 1642 lis
604 1601 772 1657 super
812 1599 922 1638 uno
953 1594 1240 1654 peccatore
1262 1580 1642 1651 pceniteutiam
1672 1586 1866 1649 agente
1892 1578 1958 1630 ⁷⁵.

680 1869 732 1924 1.
761 1866 958 1927 FlLIlS
984 1864 1190 1932 CORE,
1223 1860 1544 1920 PSALMUS
1581 1860 1875 1918 CANTICI.

1139 1958 1423 2014 LXXXVI.

576 2052 746 2109 Vens.
783 2054 902 2108 2—4.
936 2052 1306 2107 Fundamenta
1336 2052 1448 2121 ejus
1470 2052 1523 2105 in
1553 2053 1814 2106 montibus
1837 2052 2075 2106 sanctis:

507 2147 680 2218 diligit
707 2146 965 2199 Dominus
990 2154 1169 2212 portas
1190 2143 1318 2198 Sion
1348 2161 1507 2214 super
1535 2144 1715 2197 omnia
1738 2143 2081 2197 tabernacula

505 2238 696 2295 Jacob.
737 2237 981 2292 Gloriosa
1003 2238 1150 2290 dicta
1168 2245 1289 2290 sunt
1313 2236 1375 2290 de
1404 2246 1472 2297 te,
1505 2238 1690 2290 civitas
1727 2235 1845 2291 Dei.
1881 2235 2083 2290 Memo-

506 2332 638 2385 rabo
656 2329 838 2383 lia/tab
866 2339 914 2383 et
934 2329 1277 2398 Babylonem,
1298 2329 1580 2383 scientibus
1608 2345 1707 2383 me.
1736 2327 1842 2381 Pro
1860 2329 1975 2392 illo,
1999 2326 2086 2381 Fi-

509 2424 595 2478 liis
612 2423 762 2487 Core,
782 2422 974 2491 Aquila
990 2434 1041 2476 et
1059 2421 1440 2492 Symmachus,
1461 2420 1719 2475 Filiorum
1737 2420 1888 2486 Core,
1908 2421 2086 2475 edide-

509 2523 658 2579 runt,
677 2516 831 2585 quasi
849 2516 1088 2584 psalmus
1105 2514 1173 2567 ab
1190 2514 1255 2569 iis
1268 2513 1602 2585 compositus
1622 2514 1712 2577 sit,
1730 2514 1813 2569 vel
1836 2514 1902 2567 ab
1918 2514 1985 2568 iis
2004 2528 2088 2568 re-

507 2608 730 2670 citatus,
756 2622 863 2660 non
888 2607 1047 2661 modo
1059 2622 1181 2659 cum
1210 2606 1487 2677 psalterio,
1517 2606 1610 2660 sed
1632 2607 1794 2661 etiam
1813 2622 1935 2661 cum
1960 2623 2088 2663 can-

510 2701 641 2753 tico.
670 2698 806 2754 Cum
840 2707 1021 2752 autem
1066 2713 1275 2751 mecum
1313 2706 1622 2768 reputarem
1656 2713 1763 2767 qua
1814 2697 1881 2754 de
1920 2714 2088 2754 causa

512 2794 703 2863 psalmi
724 2791 817 2863 qui
842 2791 1105 2845 Filiorum
1128 2789 1260 2846 Core
1276 2792 1525 2861 inscripti
1546 2798 1673 2845 sunt
1698 2808 1803 2846 non
1828 2808 1935 2846 una
1957 2807 2092 2847 con-

510 2886 686 2955 juncti
708 2886 839 2947 sint,
854 2885 947 2939 sed
971 2886 1143 2953 primo
1157 2884 1446 2953 separatim
1468 2884 1629 2954 positi
1654 2898 1681 2936 a
1698 2899 1881 2947 xu,ae
1902 2899 2091 2939 rursus

514 2976 624 3030 duo
640 2976 869 3031 seorsim
895 2975 1082 3037 locati,
1105 2989 1297 3044 nempe
1322 2989 1530 3029 unm
1552 2984 1603 3030 et
1622 2989 1840 3038 LXXXIV,
1866 2977 2092 3028 iterum-

516 3081 625 3136 que
650 3065 740 3118 alii
765 3066 895 3130 duo,
929 3065 1139 3120 scilicet
1160 3065 1249 3119 hic
1283 3080 1445 3134 quem
1478 3073 1781 3119 tractamus
1816 3072 1870 3119 et
1904 3067 2094 3120 subse-

518 3172 723 3227 quens;
754 3165 809 3211 et
847 3172 945 3211 cur
969 3157 1023 3210 in
1063 3156 1245 3210 medio
1275 3156 1505 3210 istorum
1539 3157 1752 3226 positus
1788 3156 1858 3210 sit
1888 3170 2089 3217 Lxxxv,

2104 1915 2151 1976 B

2164 634 2364 715 νονται,
2391 651 2675 721 γνώρισμα
2716 645 2976 706 λαϐόντες
3007 642 3094 695 διά
3126 639 3234 693 τοῦθ
3250 637 3500 709 σημείου,
3543 636 3627 688 ὃτι
3659 634 3755 704 βε-

2165 749 2425 819 ϐοήθηται
2450 745 2543 797 καὶ
2572 738 2985 812 παρακέκληται
3005 734 3097 786 ἐπὶ
3126 731 3202 801 τῷ
3226 728 3613 801 συμϐεϐηκότι.
3638 726 3756 780 Καὶ

2164 844 2304 912 τάχα
2334 841 2429 893 ἐπὶ
2478 836 2575 909 μὲν
2600 833 2694 889 τοῦ
2741 831 2881 884 Κάῖν
2911 830 2968 882 αἰ
3014 824 3207 897 ἐχθραὶ
3233 822 3510 892 δυνάμεις,
3541 819 3759 889 ὁρῶσαι

2164 938 2224 990 τὸ
2270 931 2514 988 ἐπιτεθέν
2545 926 2696 998 αὐτῷ
2746 925 2970 994 σημεῖον
3001 920 3107 973 ὑπὸ
3132 916 3225 971 τοῦ
3268 914 3424 979 Θεοῦ,
3461 912 3760 981 ἐπέχαιρον

2166 1027 2334 1099 αὐτῷ,
2372 1026 2468 1080 ἆτε
2517 1016 2996 1091 ἐπιχαιρησίκακοι
3040 1006 3227 1065 οὖσαι·
3273 1009 3323 1062 οἰ
3370 1006 3437 1099 δὲ,
3470 1003 3561 1056 τοῦ
3613 1000 3755 1054 Θεοῦ

2166 1098 2383 1191 ἄγγελοι
2416 1115 2704 1170 ἐπέστενον
2735 1107 2883 1178 αὐτῷ
2905 1104 2994 1159 διὰ
3016 1103 3112 1157 τοῦ
3145 1100 3368 1173 σημείου
3392 1098 3491 1169 τὴν
3513 1098 3758 1165 ἐπηρτη.

2172 1187 2339 1283 μένην
2368 1208 2517 1277 αὐτῷ
2561 1207 2625 1258 ἐκ
2668 1201 2804 1255 Θεοῦ
2833 1199 3001 1271 ὀργὴν
3040 1193 3509 1264 ἐπιγινώσκοντες.
3546 1188 3669 1283 Ἐπὶ

2168 1281 2268 1376 τῆς
2298 1281 2578 1371 θεοφιλοῦς
2610 1295 2789 1368 ψυχῆς
2812 1290 3139 1353 τούναντίον,
3166 1289 3222 1341 αἱ
3254 1287 3349 1357 μὲν
3378 1281 3761 1376 ἐχθραὶᾼδυνά-

2175 1373 2294 1470 μεις
2332 1392 2782 1463 καταισχύνονται
2813 1386 2876 1439 τὺ
2907 1383 3108 1453 ἀγαθὸν
3146 1381 3370 1451 σημεῖον
3416 1373 3766 1470 ἐπικείμενον

2170 1466 2376 1561 δρῶσαι
2401 1487 2537 1556 αὐτῇ
2557 1501 2569 1513 ·
2598 1483 2647 1535 οἰ
2676 1482 2733 1534 δέ
2764 1479 2897 1532 θεῖοι
2928 1476 3019 1529 καὶ
3032 1474 3239 1543 ’ἀγαθοὶ
3264 1469 3484 1539 ἄγγελοι
3510 1466 3767 1561 χαίρουσι

2172 1560 2265 1636 καὶ
2291 1576 2766 1650 συνευφραίνονται
2796 1572 2955 1641 αὐτῇ.
2991 1568 3161 1621 Τοῦτο
3205 1565 3300 1619 καὶ
3328 1566 3355 1617 6
3379 1561 3568 1633 Σωτὴρ
3600 1560 3769 1650 ἡ

2174 1671 2409 1734 ἐδίδαξεν
2444 1648 2635 1730 εἰπὼν,
2669 1664 2843 1735 χαρὰν
2867 1660 3147 1730 γίγνεσθαι
3183 1659 3241 1712 ἐν
3263 1659 3376 1720 τοῖς
3401 1655 3648 1725 οὐρανοῖς
3670 1648 3770 1705 ἐπὶ

2176 1768 2254 1819 ἐνί
2281 1758 2586 1835 ἁμαρτωλῷ
2612 1753 2985 1828 μετανοοῦντι.

2353 1871 2508 1926 ΤΟΙΣ
2544 1867 2726 1923 ΥΙΟΙΣ
2762 1865 2967 1929 ΚΟΡΕ,
3006 1860 3297 1916 ΨΑΛΜΟΣ
3334 1858 3529 1931 ῼΔΗΣ.

2897 1958 3041 2025 nq'.

2256 2063 2320 2113 Oi
2357 2056 2613 2127 θεμέλιοι
2661 2051 2848 2108 αὑτοῦ
2901 2052 2971 2105 ὲν
3011 2048 3136 2115 τοῖς
3190 2048 3357 2116 ὄρεσι
3400 2045 3522 2111 τοῖς
3544 2044 3773 2114 ἁγίοις·

2181 2150 2383 2223 ἀγαπᾷ
2427 2151 2642 2217 Κύριος
2671 2147 2777 2213 τὰς
2804 2146 3001 2209 πύλας
3053 2140 3206 2198 Σιὼν
3253 2138 3408 2207 ὑπὲρ
3454 2137 3651 2191 πάντα
3698 2136 3780 2190 τὰ

2183 2244 2546 2315 σκηνώματα
2591 2241 2815 2297 Ἰακώϐ.
2867 2234 3287 2306 Δεδοξασμένα
3326 2232 3590 2301 ἐλαλήθη
3635 2233 3779 2299 περὶ

2184 2342 2323 2404 σοῦ,
2368 2340 2407 2406 ἡ
2443 2339 2618 2404 πόλις
2644 2335 2751 2389 τοῦ
2785 2332 2955 2387 Θεοῦ.
2989 2330 3429 2399 Μνησθήσομαι
3466 2329 3651 2382 Ῥαὰϐ
3673 2326 3783 2380 καὶ

2189 2427 2542 2497 Βαϐυλῶνος
2582 2428 2707 2494 τοῖς
2754 2424 3123 2498 γινώσκουσί
3160 2440 3256 2493 με.
3296 2421 3442 2474 Ἀντὶ
3483 2419 3599 2485 τοῦ,
3643 2417 3783 2484 Τοῖς

2188 2525 2340 2592 υἱοῖς
2390 2528 2562 2591 Κορὲ,
2598 2523 2627 2574 6
2664 2520 2894 2584 Ἀκύλας
2944 2519 3039 2572 καὶ
3086 2517 3404 2587 Σύμμαχος,
3459 2512 3581 2569 Τῶν
3625 2511 3784 2567 υἱῶν

2189 2618 2360 2685 Κορὲ,
2414 2615 2796 2677 ἐκδεὸώκασιν,
2835 2613 2911 2676 ὼς
2954 2611 3046 2664 ὑπ’
3083 2610 3262 2665 αὐτῶν
3314 2607 3704 2678 πεποιημένου,
3740 2607 3780 2676 ἢ

2188 2710 2277 2764 διὰ
2307 2708 2511 2762 τούτων
2546 2706 2834 2778 εἰρημένου
2868 2702 2963 2757 τοῦ
3005 2700 3222 2773 ψαλμοῦ
3256 2701 3351 2753 καὶ
3380 2699 3684 2771 λεχθέντος,
3714 2700 3785 2751 οὐ

2200 2797 2361 2867 μόνον
2390 2795 2478 2849 διὰ
2498 2794 2819 2865 ψαλτηρίου,
2851 2791 2988 2846 ἀλλὰ
3022 2792 3117 2845 καὶ
3154 2793 3271 2862 μετ’
3306 2790 3471 2861 ᾠδῆς.
3499 2789 3689 2861 Ζητῶν
3720 2788 3787 2841 δὲ

2194 2892 2324 2962 παρ’
2358 2888 2602 2960 ἐμαυτῷ,
2631 2888 2737 2940 τίνι
2754 2886 2896 2957 λόγῳ
2929 2886 3003 2957 μὴ
3028 2885 3227 2947 πάντες
3255 2878 3395 2954 ἦσαν
3429 2882 3511 2951 ἐφ’
3547 2882 3630 2935 ἐνὶ
3657 2899 3789 2933 συν-

2193 2982 2432 3054 ημμένοι
2452 2981 2500 3033 οί
2523 2978 2990 3050 ἐπιγεγραμμένοι
3016 2976 3140 3031 Τῶν
3164 2975 3310 3031 υἱῶν
3324 2975 3493 3045 Κορὲ,
3507 2975 3621 3028 ἀλλ’
3639 2974 3789 3027 οὕτω

2199 3074 2297 3144 μὲν
2319 3073 2461 3136 ἰδίως
2484 3071 2755 3143 πρῶτοιοί
2783 3071 2889 3124 ἀπὸ
2915 3069 3012 3123 τοῦ
3032 3076 3141 3139 μα’·
3172 3069 3268 3122 καὶ
3289 3068 3449 3121 πάλιν
3475 3068 3618 3132 ἰδίως
3640 3068 3792 3136 ἀφω-

2202 3167 2444 3237 ρισμένοι
2472 3165 2563 3219 δύο
2588 3166 2619 3217 6
2642 3168 2750 3233 πγ’,
2775 3162 2861 3217 ὁδ’
2878 3164 2970 3217 καὶ
2990 3168 3042 3215 π’
3069 3178 3082 3192 ·
3104 3162 3196 3215 καὶ
3228 3160 3387 3214 πάλιν
3408 3162 3585 3231 ἕτεροι
3617 3158 3733 3225 δύο,
3756 3160 3792 3211 ὁ

518 3251 846 3321 inscriptus,
899 3249 1088 3305 Oratio
1130 3248 1350 3304 Davidis
1383 3266 1400 3302 :
1431 3265 1537 3317 qua
1589 3249 1656 3304 de
1696 3265 1754 3303 re
1798 3264 1919 3319 quae
1976 3256 2090 3303 tum

2200 3259 2339 3330 μετὰ
2364 3260 2549 3331 χεῖρας
2572 3259 2665 3311 καὶ
2686 3260 2713 3310 6
2735 3255 2861 3327 ἐξῆς
2877 3254 3043 3326 αὐτῷ’
3072 3254 3235 3326 μέσος
3258 3255 3314 3307 δέ
3333 3252 3794 3326 παρεμϐεϐληται

520 3343 939 3407 succurrebant,
970 3342 1023 3395 in
1074 3348 1473 3411 postremorum
1519 3340 1883 3410 explicatione
1931 3354 1960 3393 a
2008 3354 2095 3393 me

518 3432 630 3504 jam
669 3433 867 3487 tradita
890 3438 1038 3487 sunt.
1075 3429 1248 3486 Secus
1273 3430 1506 3485 fortasse
1545 3430 1819 3500 quispiam
1851 3430 2094 3491 dixerit;

521 3540 715 3593 nempe
744 3538 936 3578 omnes
973 3523 1063 3593 qui
1101 3524 1155 3577 in
1202 3523 1340 3577 libro
1368 3520 1710 3576 Psalmorum
1744 3521 2014 3585 feruntur,
2064 3536 2094 3574 a

523 3618 765 3673 diversis
787 3617 920 3671 viris
960 3615 1280 3686 prophetico
1315 3613 1524 3684 Spiritu
1558 3614 1751 3669 aﬂlatis
1777 3615 2099 3684 pronuntia-

521 3716 631 3773 tos,
662 3708 954 3778 separatim
990 3709 1201 3777 positos
1237 3706 1429 3773 fuisse,
1466 3714 1580 3761 tum
1614 3707 1742 3776 quia
1772 3723 1880 3761 non
1904 3706 2095 3761 eodem

526 3809 771 3869 tempore
799 3798 954 3864 dicti,
985 3809 1099 3852 tum
1147 3798 1280 3869 quia
1307 3814 1416 3852 non
1448 3799 1517 3853 ab
1560 3799 1750 3853 iisdem
1781 3799 2100 3869 prophetico

524 3890 859 3961 pronuntiati
919 3889 1155 3945 fuerant.
1215 3889 1259 3943 A
1310 3890 1581 3961 principio
1637 3892 1821 3961 itaque
1874 3891 2097 3962 quidam

526 3980 694 4035 Mosis
746 3980 1045 4049 inscriptus
1086 3980 1228 4045 fuit,
1284 3982 1377 4034 alii
1434 3980 1661 4051 Asaphi,
1715 3981 1807 4035 alii
1852 3980 2099 4046 Davidis,

525 4086 671 4127 unus
715 4068 1048 4134 Salomonis,
1084 4070 1303 4126 {Emam
1351 4072 1620 4127 Esdraitae
1658 4086 1876 4142 quoque
1923 4072 2102 4139 alius;

527 4162 686 4216 multi
722 4176 848 4216 vero
881 4170 1075 4231 prater
1106 4164 1270 4218 hosce
1297 4162 1658 4233 inscriptione
1679 4170 1869 4217 curent
1894 4202 1909 4227 ,
1946 4162 2020 4216 ita
2046 4171 2105 4217 ut

528 4251 817 4320 cujusnam
864 4252 974 4306 sint
1012 4253 1155 4308 scire
1201 4268 1559 4323 nequeamus.
1589 4254 1726 4308 Cum
1774 4268 1907 4323 ergo
1950 4254 2105 4309 varie
2146 4260 2149 4263 ’

530 4344 743 4398 recitati
777 4344 1029 4408 fuissent,
1066 4346 1302 4415 sparsim
1332 4347 1497 4415 positi
1546 4360 1575 4399 a
1622 4347 1885 4401 studiosis
1908 4346 2103 4401 barum

2200 3352 2408 3405 τούτων
2431 3354 2459 3405 6
2478 3358 2561 3405 πε⁹
2587 3348 3065 3421 ἐπιγεγραμμένος
3086 3347 3407 3417 Προσευχὴ
3446 3344 3552 3401 τοῦ
3578 3345 3789 3400 Δαυΐδ-

2199 3443 2267 3497 τὰ
2296 3444 2394 3514 μὲν
2420 3444 2545 3514 ἐμοὶ
2569 3442 2923 3515 παραστάντα
2944 3442 3023 3504 εἰς
3046 3441 3145 3511 τὴν
3172 3440 3281 3494 τῶν
3305 3439 3627 3493 τελευταίων
3654 3438 3797 3494 θεω-

2203 3535 2325 3608 ρίαν
2375 3534 2463 3588 διὰ
2509 3534 2616 3589 τῶν
2658 3533 2961 3605 εἰρημένων
3010 3532 3113 3604 ἤδη
3159 3534 3423 3606 πρότερον
3471 3533 3792 3603 δεδήλωται.

2200 3627 2359 3681 Εἴποι
2391 3627 2437 3680 δ’
2463 3625 2528 3680 ἄν
2553 3644 2638 3690 τις
2667 3627 2762 3679 καὶ
2793 3625 2984 3691 άλλως,
3008 3626 3089 3678 δτι
3122 3625 3321 3688 πάντες
3344 3627 3394 3679 οἰ
3424 3626 3482 3679 ἐν
3520 3627 3587 3695 τῇ
3621 3622 3799 3695 βίϐλῳ

2201 3719 2308 3775 τῶν
2334 3718 2580 3790 Ψαλμῶν
2620 3719 2910 3790 φερόμενοι
2938 3717 3107 3787 λόγοι,
3145 3719 3250 3772 ὑπὸ
3275 3718 3549 3790 διαφόρων
3582 3718 3800 3790 ἀνδρῶν

2203 3810 2527 3883 προφητικῷ
2568 3810 2846 3881 Πνεύματι
2888 3809 3260 3882 λελαλημένοι,
3303 3810 3593 3875 ἰδιάζοντες
3627 3805 3797 3881 ἦσαν,

2201 3902 2277 3967 ὠς
2307 3902 2371 3957 ἂν
2399 3904 2535 3974 μήτε
2571 3904 2659 3972 ὑφ’
2690 3904 2785 3957 ἕνα
2816 3903 3007 3976 καιρὸν
3043 3902 3345 3973 λεχθέντες,
3384 3905 3521 3973 μήτε
3552 3901 3657 3955 ὑπὸ
3685 3902 3801 3955 τῶν

2205 3997 2383 4049 αὐτῶν
2425 3996 2916 4067 προφητευθὼτες.
2970 3995 3180 4049 Αὐτίκα
3209 3994 3340 4063 γοῦν
3388 3994 3801 4067 ἐπιγέγραπταί

2205 4104 2289 4151 τις
2332 4089 2630 4153 Μωΰσέως,
2660 4087 2757 4142 καὶ
2802 4087 2981 4160 ἕτεροι
3019 4086 3115 4141 τοῦ
3160 4087 3352 4157 Ἀσάφ,
3383 4088 3477 4141 καὶ
3499 4086 3595 4140 τοῦ
3632 4084 3807 4140 Acut!

2205 4178 2366 4233 πάλιν
2399 4179 2596 4249 ἕτεροι,
2624 4179 2719 4232 καὶ
2747 4177 2776 4229 6
2809 4178 3151 4248 Σολομῶντος
3180 4177 3358 4241 ἄλλος,
3397 4180 3492 4231 καὶ
3523 4177 3685 4233 πάλιν
3708 4179 3806 4230 Δί·-

2208 4269 2306 4324 θὰν
2332 4269 2426 4322 τοῦ
2464 4270 2776 4340 Ἐσδραῖτου
2800 4287 2813 4300 ·
2844 4269 2940 4322 καὶ
2966 4269 3145 4340 ἕτεροι
3167 4268 3223 4322 δὲ
3243 4269 3487 4322 πλεῖστοι
3506 4271 3618 4322 ὅσοι
3645 4269 3807 4339 παρὰ

2206 4360 2426 4425 τούτους
2461 4360 2715 4432 φέρονται
2763 4361 3148 4433 ἀνεπίγραφοι,
3181 4361 3242 4413 οὐ
3295 4360 3606 4432 δυναμένων
3638 4361 3807 4431 ἡμῶν

531 4453 715 4491 rerum
752 4438 884 4493 viris
916 4438 1218 4506 antiquitus
1272 4439 1651 4493 servabantur.
1714 4438 1919 4493 Deinde
1977 4454 2092 4493 vert

2208 4452 2405 4505 εἰδέναι
2433 4452 2575 4515 τίνος
2601 4453 2689 4524 ἄρ’
2712 4448 2841 4507 εἷεν.
2865 4453 3149 4523 Διαφόρως
3171 4448 3263 4506 οὖν
3288 4454 3589 4525 εἰρημένων
3615 4453 3679 4506 τὸ
3700 4470 3809 4508 πα-

534 4527 759 4601 [dixerit
794 4528 979 4600 idem],
1006 4544 1071 4584 οι.
1108 4529 1351 4599 psalmos
1374 4546 1540 4585 unum
1576 4531 1630 4585 in
1663 4531 1861 4584 librum
1886 4541 2108 4585 coactos

2210 4543 2359 4597 λαιὸν
2389 4544 2661 4615 σποράδην
2690 4544 2904 4616 ὑπῆρχε
2950 4544 3102 4615 παρὰ
3135 4546 3249 4607 τοῖς
3279 4545 3408 4614 περὶ
3426 4543 3597 4598 ταῦτα
3632 4561 3808 4599 σπου-

535 4621 726 4677 fuisse.
753 4623 829 4675 Ac
862 4620 1091 4677 fortasse
1119 4622 1210 4691 qui
1238 4623 1477 4693 collegit,
1497 4624 1611 4678 sive
1633 4623 1680 4678 is
1705 4623 1905 4679 Esdras
1925 4622 2087 4680 fuerit

2218 4634 2385 4698 δαίοις
2417 4635 2850 4705 πεφυλαγμένον.
2881 4630 2994 4686 Εἶθ’
3041 4633 3266 4705 ὕστερον
3311 4635 3641 4707 συναχθῆναι
3675 4636 3812 4700 τοὺς

538 4722 598 4768 ut
619 4715 773 4768 aiunt
803 4713 1035 4777 Hebrtei,
1063 4715 1177 4769 sive
1195 4716 1335 4771 alius
1363 4715 1658 4785 quispiam,
1694 4732 1791 4772 eos
1816 4718 1908 4787 qui
1938 4720 2092 4787 primt

2222 4735 2296 4800 pv’
2331 4728 2435 4781 ὑπὸ
2487 4728 2613 4799 μίαν
2643 4728 2841 4799 βίϐλον.
2875 4729 3088 4800 Μήποτ’
3120 4725 3214 4781 οὖν
3250 4730 3279 4782 6
3329 4728 3669 4799 συναγαγὼν,
3700 4730 3812 4783 εἴτ’

538 4804 609 4859 ad
656 4820 875 4858 manum
930 4817 1214 4869 venerunt,
1258 4808 1465 4875 primos
1496 4808 1551 4860 in
1603 4808 1750 4862 libro
1802 4810 2110 4863 constituit.

539 4896 675 4951 Nam
708 4912 831 4952 cum
857 4913 963 4951 non
996 4912 1185 4953 omnes
1210 4914 1320 4952 uno
1353 4899 1652 4968 eodemque
1685 4909 1927 4971 tempore
1958 4918 2115 4972 repe-

2223 4820 2457 4893 Ἔσδρας
2489 4816 2643 4885 οὗτος
2688 4817 2775 4893 ἦν,
2820 4819 2895 4885 ῶς
2940 4839 3101 4891 φασιν
3143 4822 3408 4894 Ἑϐραίων
3441 4822 3647 4885 παῖδες,
3692 4823 3813 4877 εἴτε

2220 4929 2305 4974 τις
2333 4912 2518 4983 ἕτερος
2540 4912 2690 4983 παρὰ
2714 4913 2920 4978 τοῦτον,
2957 4913 3084 4976 τοὺς
3118 4912 3366 4986 πρώτους
3394 4914 3472 4976 εἰς
3500 4913 3661 4965 αὐτὸν
3682 4915 3813 4983 ἐχο-

542 4992 697 5053 rerit,
722 4992 1034 5045 necessario
1066 5006 1162 5045 eos
1193 4992 1285 5060 qui
1327 5007 1458 5046 casu
1488 4994 1543 5046 in
1576 5008 1772 5047 manus
1805 4994 2088 5049 ineiderun

2228 5005 2419 5076 μένους
2446 5005 2692 5075 πρώτους
2712 5005 2769 5057 ἐν
2796 5007 2860 5076 τῇ
2894 5004 3058 5075 βίϐλῳ
3085 5005 3431 5059 κατέταττεν.
3458 5006 3570 5057 Οὐκ
3595 5004 3818 5077 ἀθρόως

543 5086 722 5153 primo
755 5083 991 5152 repertis
1023 5082 1290 5151 adjunsit.
1326 5083 1691 5149 Quamobrem
1717 5102 1837 5141 cum
1862 5096 1986 5141 octo
2007 5088 2120 5156 pri-

546 5188 667 5228 mos
690 5173 947 5227 Filiorum
991 5172 1151 5235 Core,
1174 5180 1231 5225 ut
1255 5174 1552 5231 verisimile
1578 5185 1681 5239 est,
1716 5192 1823 5230 una
1850 5177 2011 5231 simul
2036 5193 2120 5230 re-

2225 5097 2334 5167 γὰρ
2364 5098 2489 5159 τοὺς
2522 5097 2729 5159 πάντας
2768 5097 2855 5165 ὑφ’
2883 5096 2979 5149 ἕνα
3026 5096 3217 5167 καιρὸν
3246 5094 3441 5167 εὑρὼν,
3472 5095 3530 5160 ἐξ
3562 5097 3818 5167 ἀνάγκης

2225 5190 2350 5251 τοὺς
2387 5187 2521 5257 πρὸς
2546 5190 2702 5257 χεῖρα
2723 5189 3209 5259 παρεμπίπτοντας
3231 5189 3465 5259 συνῆπτε
3484 5189 3594 5249 τοῖς
3623 5204 3819 5258 προει-

547 5272 752 5336 pertos,
773 5266 828 5319 in
857 5267 997 5321 libro
1025 5266 1188 5320 simul
1221 5267 1516 5335 posuisset,
1536 5267 1604 5322 iis
1627 5276 1812 5337 postea
1838 5269 2092 5339 subjunxi

2226 5279 2442 5348 ληφόσι.
2478 5279 2677 5350 Διόπερ
2710 5280 2804 5330 καὶ
2840 5281 2965 5342 τοὺς
2992 5279 3240 5351 πρώτους
3266 5286 3318 5349 η’
3350 5278 3473 5331 Τῶν
3500 5278 3629 5330 υἱῶν
3661 5277 3817 5347 Κορέ

544 5374 642 5416 eos
682 5359 775 5430 qui
806 5360 909 5414 sub
943 5360 1059 5414 haec
1106 5374 1227 5415 sese
1253 5361 1590 5416 obtulerunt.
1622 5360 1827 5415 Deinde
1855 5375 1977 5415 cum
2002 5361 2124 5429 plu-

548 5466 641 5507 res
665 5452 759 5505 alii
783 5453 982 5519 reperti
1013 5459 1066 5506 et
1094 5452 1148 5505 in
1179 5453 1317 5507 libro
1345 5451 1691 5506 Psalmorum
1725 5453 1948 5522 repositi
1987 5452 2125 5506 fuis-

2223 5371 2370 5433 εἰκὸς
2412 5370 2529 5423 τότε
2574 5371 2889 5436 κατατάξαι,
2924 5373 3010 5425 ὅτε
3060 5373 3153 5425 καὶ
3204 5372 3412 5444 ἀθρόως
3441 5371 3577 5443 ὁμοῦ
3609 5371 3821 5435 πάντες

2226 5460 2485 5531 εὕρηνται
2505 5476 2518 5489 ⁸
2558 5463 2673 5531 μετ’
2709 5462 2952 5524 ἐκείνους
2979 5461 3037 5514 δέ
3068 5461 3299 5530 συνάψαι
3320 5462 3444 5524 τοὺς
3474 5461 3609 5532 μετά
3635 5459 3819 5513 ταῦτα

549 5552 672 5599 sent
690 5551 815 5615 post
835 5559 1019 5598 Lxxxu
1046 5546 1337 5614 psalmum,
1361 5548 1518 5602 binos
1541 5547 1677 5601 alios
1700 5544 1959 5601 Filiorum
1986 5545 2091 5600 Cor

2226 5554 2305 5616 εἰς
2333 5552 2495 5605 αὑτὸν
2521 5552 2791 5616 ἐλθόντας.
2826 5548 2957 5606 Εἶτα
2984 5553 3192 5606 πολλῶν
3221 5555 3277 5606 ἐν
3302 5552 3378 5624 τῷ
3405 5552 3607 5623 μεταξὺ
3643 5552 3815 5623 εὑρη-

550 5636 941 5704 deprehensos,
972 5653 1164 5708 nempe
1185 5650 1459 5693 Lxxxmet
1480 5654 1707 5701 Lxxxw,
1727 5648 2092 5708 consequentc

2232 5644 2429 5715 μένων,
2459 5645 2553 5697 καί
2578 5646 2658 5707 εἰς
2674 5644 2772 5715 τὴν
2798 5645 2978 5714 βίϐλον
2998 5644 3104 5700 τῶν
3120 5645 3363 5715 Ψαλμῶν
3393 5643 3821 5715 ἁναληφθέντων

550 5728 768 5783 locavit.
801 5729 939 5783 Tum
968 5740 1092 5799 post
1135 5731 1379 5799 elapsum
1411 5732 1678 5803 temporis
1730 5732 1965 5803 spatium
1996 5747 2092 5787 cun

2233 5734 2369 5805 μετὰ
2394 5735 2484 5789 τὸν
2514 5734 2601 5792 116'
2623 5734 2853 5807 ψαλμὸν,
2878 5736 3141 5807 εὑρῆσθαι
3162 5736 3322 5789 πάλιν
3350 5735 3541 5800 ἄλλους
3576 5734 3669 5788 δύο
3690 5734 3821 5792 Τῶν

625 5884 672 5915 ⁷⁵
709 5881 844 5941 Luc.
882 5900 973 5951 xv,
1013 5884 1071 5943 7.
