4092 6404
378 396 513 453 1041
1547 391 1942 448 COMMENTA]

2043 440 2048 447 .
2088 393 2151 448 ΙΝ
2192 393 2530 451 PSALMOS.
3486 386 3625 443 1042

372 512 503 565 υίῶν
526 508 689 579 Κορὲ,
732 504 823 569 οὓς
854 505 947 558 καλ⁸
976 504 1284 568 ἀκολούθως
1324 505 1559 575 συνάψας
1587 506 1645 559 ἑν
1682 504 1761 575 τῷ
1788 506 1942 578 τρίτη

2061 507 2247 562 Oratio
2273 508 2492 564 Davidis
2518 514 2732 577 reperta
2756 507 2969 573 fuisset,
3004 522 3121 561 eam
3151 513 3271 576 post
3296 521 3494 561 Lxxxiv
3533 523 3624 562 re-

370 602 468 655 καὶ
500 606 552 651 π’
583 598 677 651 καὶ
699 597 775 667 τῷ
797 596 881 649 1:6"
908 593 1220 660 κατέταξεν.
1247 593 1379 650 Εἶτα
1407 596 1728 666 μεταξὺιτοῦ
1758 598 1942 668 χρόνου

2056 602 2256 670 posuit.
2294 603 2372 655 Ac
2420 617 2640 656 rursum
2701 608 2825 670 post
2873 600 3187 655 Orationem
3236 599 3628 670 Davidis,quze

369 693 468 762 τῆς
501 688 592 742 τοῦ
625 687 784 740 Δαυῒδ
829 686 1146 758 Προσευχῆς
1197 686 1534 758 εὑρεθείσης,
1590 687 1822 740 ἐνθεῖναι
1856 688 1942 740 καὶ

2055 710 2235 749 Lxxxv
2269 711 2498 750 numero
2552 696 2731 765 posita
2768 695 2964 759 fuerat,
2991 696 3242 749 inventos
3280 693 3451 749 fuisse
3483 695 3628 750 dicet

370 784 574 853 ταύτην
617 781 753 852 μετὰ
779 781 868 833 τὸν
895 780 999 835 πδ’.
1022 780 1131 833 Kal.
1162 781 1323 834 πάλιν
1356 779 1495 851 μετὰ
1514 781 1614 851 τὴν
1637 780 1942 852 Προσευχὴν

2055 785 2194 839 duos
2224 786 2361 840 alios
2388 784 2653 839 Filiorum
2670 786 2833 853 Core,
2869 787 3014 840 hunc
3042 801 3202 855 quem
3230 792 3549 849 tractamus,
3571 792 3630 840 et

370 876 465 930 τοῦ
490 873 670 938 Δαυῒδ,
696 876 752 927 ὲν
778 880 858 926 πε¹
888 874 1037 943 τόπῳ
1060 872 1505 943 καταλεχθεῖσαν,
1530 872 1818 944 εὑρεθῆναι
1844 872 1942 924 ἑτέ·

2058 889 2373 947 sequentem
2430 896 2442 932 :
2493 893 2556 932 ac
2607 879 2688 935 sic
2742 878 3058 935 necessario
3103 878 3349 933 Orationi
3405 876 3628 932 Davidis

372 986 499 1040 ρους
550 964 641 1019 δύο
670 967 791 1019 Τῶν
823 966 954 1018 υἱῶν
982 965 1148 1036 Κορὲ,
1192 963 1285 1018 τὸν
1319 964 1457 1035 μετά
1497 968 1685 1036 χεῖρας
1725 966 1817 1018 καὶ
1861 965 1942 1018 τὸν

2058 968 2382 1037 conjunctos
2423 968 2615 1024 fuisse.
2668 967 2907 1038 ldipsum
2957 982 3123 1037 porro
3151 965 3349 1021 dixerit
3394 966 3538 1020 idem
3570 966 3629 1021 in

369 1060 569 1131 ἑφεξῆς
602 1059 780 1129 αὐτῷ·
810 1060 867 1125 ἑξ
910 1059 1155 1129 ἀνάγκης
1181 1075 1240 1111 τε
1268 1059 1362 1111 καὶ
1389 1059 1584 1122 αὑτοὺς
1630 1057 1954 1128 συναχθῆναι

2059 1058 2396 1127 reliquorum
2427 1058 2762 1128 psalmorum
2796 1058 3139 1113 ordinatione
3164 1058 3481 1127 contigisse.

368 1158 435 1225 τῇ
467 1156 750 1226 Προσευχῇ
775 1151 867 1206 τοῦ
888 1152 1072 1209 Δαυϊδ.
1093 1153 1197 1207 Τὸν
1218 1153 1378 1207 αὑτὸν
1410 1153 1465 1206 δὲ
1488 1153 1645 1223 λόγον
1670 1154 1937 1225 ὑπάρχειν
1974 1155 2003 1206 ὁ
2025 1152 2188 1218 αὐτὸς
2214 1153 2358 1208 εἴποι
2378 1153 2444 1208 ἂν
2473 1154 2566 1207 καί
2587 1155 2678 1207 ἐπὶ
2704 1157 2805 1226 τῆς
2827 1155 2933 1207 τῶν
2962 1154 3161 1208 λοιπῶν
3220 1154 3451 1225 ψαλμῶν
3503 1171 3627 1208 συν-

371 1247 593 1312 θέσεως.

440 1366 779 1422 Πιστὼσεται
805 1368 863 1422 δὲ
886 1368 947 1423 τδ
974 1367 1297 1440 λελεγμένον
1321 1368 1428 1423 ἀπὸ
1446 1369 1797 1441 προφητικῶν
1819 1370 1952 1424 ἀπο·-

365 1458 616 1524 δείξεων·
653 1460 776 1513 ἐπεὶ
798 1459 907 1533 γὰρ
946 1460 1004 1514 ὲν
1034 1461 1153 1523 ταῖς
1191 1463 1557 1530 προφητικαίς
1586 1460 1785 1532 βίϐλοις
1819 1460 1952 1513 πολ-

369 1551 526 1619 λάκις
555 1552 702 1605 ἐστὶν
735 1552 913 1624 εὑρεῖν
941 1551 1011 1606 τὰ
1033 1552 1112 1623 τῷ
1134 1552 1308 1624 χρόνῳ
1335 1552 1697 1624 προλεχθέντα
1724 1553 1952 1625 δεύτερα

369 1645 597 1717 κείμενα
618 1646 685 1716 τῇ
715 1644 885 1712 τάξει,
914 1645 1008 1699 καὶ
1034 1644 1103 1698 τὰ
1129 1644 1572 1716 προφητευθέντα
1593 1644 1795 1717 ὑστέρα
1815 1663 1950 1717 προ-

368 1735 677 1807 στεταγμένα
697 1734 807 1789 τῶν
841 1734 1188 1807 προαγόντων
1216 1736 1326 1798 τοῖς
1358 1734 1587 1805 χρόνοις.
1606 1735 1663 1788 Ὁ
1695 1734 1826 1803 γοῦν
1859 1734 1955 1787 Ἰε-

2124 1365 2249 1420 Haec
2288 1378 2413 1419 vero
2444 1363 2711 1420 sententia
2754 1362 3089 1433 propheticis
3135 1365 3396 1435 exemplis
3424 1366 3625 1421 conﬁr-

2054 1468 2235 1512 matur
2266 1475 2279 1511 ε
2316 1470 2443 1509 nam
2475 1455 2530 1509 in
2561 1454 2897 1525 propheticis
2933 1454 3087 1511 libris
3128 1455 3441 1527 frequenter
3472 1473 3626 1528 repe-
3666 1500 3671 1501 ν

2050 1548 2163 1603 rire
2192 1554 2275 1602 est
2305 1562 2388 1609 ea,
2417 1561 2538 1617 quae
2563 1546 2715 1615 prius
2746 1545 2891 1599 dicta
2924 1554 3070 1609 sunt,
3104 1549 3344 1602 secundo
3372 1549 3493 1604 loco
3526 1565 3626 1620 po-
3674 1592 3677 1593 ν

2054 1640 2179 1706 sita,
2230 1644 2286 1693 et
2336 1654 2457 1708 qua:
2504 1645 2780 1708 postremo
2826 1640 3184 1709 praenuntiata
3232 1651 3377 1706 sunt,
3407 1641 3475 1697 iis
3504 1657 3627 1711 qua:

2054 1738 2449 1804 praecesserant
2471 1731 2774 1801 praemissa.
2804 1730 2938 1784 Nam
2970 1730 3233 1787 Jeremias
3257 1732 3467 1788 initium
3498 1749 3627 1804 pro-

371 1828 569 1900 ρεμίας
603 1825 965 1899 προφητεύειν
1000 1826 1098 1897 μὲν
1122 1825 1349 1897 ἄρχεται
1397 1826 1489 1879 ἐπὶ
1520 1827 1745 1890 Ἰωσίου,
1773 1843 1942 1897 παρα-

2057 1823 2314 1894 phetandi
2342 1823 2494 1877 ducit
2523 1837 2554 1876 a
2583 1831 2826 1893 tempore
2852 1820 3048 1889 Josiae;
3076 1829 3131 1877 et
3160 1838 3332 1892 usque
3359 1823 3427 1877 ad
3458 1822 3626 1880 Sede-

367 1918 531 1972 τείνει
557 1918 614 1972 δὲ
648 1917 807 1989 μέχρι
836 1915 1082 1970 Σεδεκίου
1114 1916 1206 1970 καὶ
1234 1908 1335 1987 τῆς
1358 1914 1733 1987 αἰχμαλωσίας
1751 1932 1764 1945 ·
1790 1915 1944 1968 Σεδε-

368 2011 496 2075 κίας
527 2011 571 2065 δ’
598 2007 664 2083 ἦν
695 2010 952 2081 τέταρτος
983 2008 1090 2063 ἀπὸ
1124 2008 1328 2063 Ἰωσίου
1365 2008 1634 2079 βασιλεύς.
1660 2008 1815 2062 Μετὰ
1839 2010 1945 2080 γὰρ

380 2102 591 2157 Ἰωσίαν
620 2101 866 2173 δεύτερος
900 2102 1155 2171 Ἰωακείμ
1185 2100 1298 2164 υίὸς
1328 2099 1492 2153 αὑτοῦ
1522 2099 1815 2170 διαδέχεται
1848 2100 1945 2172 τὴν

366 2195 543 2266 ἀρχὴν
564 2211 577 2225 ·
619 2193 738 2265 μεθ’
766 2193 824 2247 ὃν
850 2193 1030 2265 τρίτος
1065 2193 1335 2263 Ἰεχωνίας
1367 2194 1481 2257 υἱὸς
1510 2192 1761 2264 Ἰωακείμ
1780 2210 1794 2225 ·
1827 2192 1945 2264 μεθ’

365 2287 427 2341 ὃν
473 2288 730 2359 τέταρτος
781 2286 1036 2352 Σεδεκίας
1087 2288 1313 2357 ἀδελφὸς
1359 2286 1645 2357 Ἰωακείμ·
1688 2286 1810 2340 καθ’
1852 2286 1946 2351 οὒς

368 2376 613 2439 ἅπαντας
644 2376 739 2430 τοῦ
772 2376 1036 2448 Ἱερεμίου
1064 2376 1558 2447 προφητεύσαντος,
1589 2377 1622 2447 ἡ
1660 2375 1946 2446 ἐπώνυμος

368 2467 535 2521 αὑτοῦ
566 2469 753 2540 γραφῇ
773 2468 997 2540 ἄρχεται
1024 2470 1121 2539 μὲν
1144 2468 1249 2521 ἀπὸ
1281 2468 1511 2521 Ἰωσίου·
1545 2463 1661 2521 εἶτα
1682 2469 1946 2539 προϊοῦσα

369 2535 647 2627 μέμνηται
674 2535 933 2627 Ἰεχωνίου
957 2535 1050 2611 τοὺ
1066 2558 1248 2629 τρίτου
1274 2558 1381 2611 άπὸ
1415 2557 1645 2611 Ἰωσίου·
1670 2535 1788 2610 εἶτα
1809 2576 1946 2629 προ-

368 2647 592 2719 φητεύει
619 2649 688 2702 τὰ
714 2650 805 2701 ἐπὶ
834 2650 1100 2714 Σεδεκίου,
1131 2649 1189 2713 ὃς
1219 2645 1284 2721 ἦν
1304 2648 1560 2720 τέταρτος
1579 2649 1686 2702 ἀπὸ
1718 2648 1943 2702 Ἰωσίου·

364 2736 449 2803 οἷς
481 2740 609 2810 ἑξῆς
638 2740 819 2812 τίθησι
848 2742 915 2795 τά
950 2744 1007 2794 ἑν
1031 2741 1106 2812 τῷ
1137 2741 1381 2813 τετάρτῳ
1409 2743 1502 2795 ἐπὶ
1534 2742 1788 2811 Ἰωακεὶμ
1812 2758 1945 2812 προ-

367 2831 726 2903 φητευθέντα,
763 2833 820 2897 ὃς
851 2829 919 2904 ἦν
947 2832 1193 2904 δεύτερος
1242 2833 1377 2903 μετὰ
1409 2833 1636 2886 Ἰωσίαν.
1669 2830 1780 2885 Εἶθ’
1820 2833 1946 2903 ἑξῆς

368 2920 564 2989 ἐπάγει
592 2921 659 2975 τά
682 2922 739 2975 ὲν
771 2925 912 2992 ἀρχῇ
940 2922 1033 2976 τοῦ
1067 2923 1232 2977 αὑτοῦ
1270 2922 1551 2993 Ἰωακείμ·
1584 2919 1701 2976 εἶτα
1740 2921 1811 2975 τὰ
1853 2924 1946 2977 ἐπὶ

366 3014 639 3080 Σεδεκίου,
673 3016 767 3070 καὶ
793 3016 953 3070 πάλιν
980 3016 1048 3070 τά
1077 3018 1169 3070 ἐπὶ
1201 3018 1473 3087 Ἰωακείμ.
1506 3012 1638 3069 Εἶτα
1674 3018 1945 3088 μέμνηται

365 3104 469 3173 τῆς
500 3105 876 3175 αἰχμαλωσίας
907 3106 1004 3176 τῆς
1032 3107 1111 3168 εἰς
1136 3106 1449 3168 Βαϐυλῶνα,
1471 3107 1566 3159 καὶ
1585 3105 1662 3169 ὡς
1692 3108 1828 3176 μετὰ
1851 3107 1945 3157 Σε-

2049 1917 2189 1971 ciam
2212 1921 2267 1970 et
2296 1914 2665 1985 captivitatem
2689 1914 2949 1984 pertingit
2982 1933 2995 1968 :
3026 1911 3283 1969 Sedecias
3310 1928 3438 1969 vero
3460 1929 3628 1985 quar-

2048 2016 2136 2063 tus
2166 2015 2284 2062 erat
2323 2022 2354 2061 a
2400 2004 2549 2061 Josia
2584 2021 2700 2061 rex.
2733 2005 2864 2061 Post
2904 2005 3111 2061 Josiam
3155 2006 3301 2062 enim
3350 2008 3627 2067 secundus

2046 2114 2273 2170 regnum
2304 2098 2505 2169 excipit
2530 2096 2777 2151 Joachim
2809 2097 2952 2153 ﬁlius
2977 2098 3118 2167 ejus,
3151 2098 3254 2153 sub
3286 2099 3403 2154 haec
3431 2101 3626 2156 tertius

2043 2189 2337 2246 Jechonias
2362 2190 2505 2245 [ilius
2530 2187 2801 2251 Joachim,
2832 2197 2887 2244 et
2916 2198 3037 2259 post
3060 2205 3181 2243 eum
3208 2198 3435 2259 quartus
3456 2189 3625 2246 Sede-

2047 2284 2159 2338 cias
2193 2281 2359 2335 frater
2385 2280 2633 2337 Joachim
2664 2300 2676 2334 :
2713 2296 2777 2335 ac
2809 2296 2932 2335 cum
2959 2279 3223 2336 Jeremias
3255 2282 3340 2337 his
3366 2281 3626 2337 omnibus

2045 2375 2403 2445 regnantibus
2438 2374 2868 2445 prOphetaverit,
2914 2374 3034 2443 ejus
3080 2372 3363 2444 Scriptura
3393 2389 3423 2428 a
3468 2371 3623 2430 Josia

2045 2466 2179 2532 init;
2214 2466 2316 2520 sub
2357 2466 2471 2521 brec
2520 2465 2815 2529 Jechoniae,
2846 2464 2938 2534 qui
2983 2465 3180 2520 tertius
3228 2480 3258 2518 a
3299 2462 3449 2519 Josia
3482 2471 3621 2530 erat,

2046 2558 2295 2612 meminit
2319 2576 2334 2625 ;
2361 2570 2474 2612 tum
2503 2574 2565 2613 ea
2596 2574 2720 2628 quae
2758 2558 2862 2612 sub
2897 2555 3123 2611 Sedecia
3150 2557 3502 2620 vaticinatur,
3526 2558 3622 2628 qui

2046 2658 2275 2719 quartus
2301 2657 2418 2704 erat
2446 2665 2475 2703 a
2506 2649 2655 2705 Josia
2694 2669 2707 2705 :
2745 2650 2831 2705 his
2860 2657 3057 2720 quarto
3085 2651 3206 2705 loco
3250 2650 3531 2720 subjungit
3554 2665 3655 2706 ea.

2045 2757 2166 2811 qua:
2192 2741 2558 2810 praenuntiata
2608 2748 2735 2796 sunt
2775 2742 2877 2797 sub
2906 2741 3175 2805 Joachim,
3206 2742 3301 2812 qui
3345 2742 3651 2798 secundus,

2045 2839 2170 2902 post
2202 2830 2406 2885 Josiam
2438 2840 2574 2886 erat.
2608 2832 2811 2902 Adjicit
2862 2839 3049 2902 postea
3101 2849 3225 2903 qua:
3257 2833 3313 2886 in
3350 2832 3654 2902 principio-

2046 2922 2222 2992 ipsius
2257 2920 2501 2977 Joachim
2530 2922 2677 2976 dicta
2704 2932 2832 2976 sunt
2859 2941 2873 2989 ;
2914 2924 3041 2977 hinc
3069 2939 3189 2993 qua:
3220 2923 3325 2978 sub
3357 2920 3647 2991 Sedccia;:

2046 3029 2264 3068 rursum
2295 3030 2359 3069 ea
2385 3029 2504 3083 qua:
2533 3014 2635 3069 sub
2674 3012 2943 3069 Joachim.
2991 3013 3195 3069 Deinde
3244 3014 3641 3084 captivitatem.

2045 3106 2102 3160 in
2133 3106 2462 3177 Babylonem
2498 3108 2765 3169 meminit,
2794 3116 2847 3163 et
2874 3107 3149 3177 quomodo
3179 3117 3302 3178 post
3335 3106 3635 3162 Sedeciam»

365 3193 550 3247 δεκίαν
579 3195 815 3265 κατέστη
847 3196 1147 3267 ἡγούμενος
1179 3195 1286 3251 τῶν
1318 3195 1755 3264 ἀπολειφθέντων
1792 3197 1942 3249 Γοδο-

2050 3197 2254 3253 residui
2285 3198 2472 3267 populi
2510 3196 2621 3251 dux
2654 3197 2911 3254 Godolias
2945 3201 3276 3254 constitutus
3309 3200 3399 3264 sit,
3429 3207 3483 3255 et
3508 3214 3621 3270 quo

364 3285 507 3349 λίας,
539 3288 633 3339 καὶ
677 3286 751 3350 ὡς
786 3288 1006 3358 Ἰσμαὴλ
1050 3288 1260 3359 ἀναιρεῖ
1302 3288 1394 3341 τὸν
1440 3288 1708 3353 Γοδολίαν,
1745 3287 1860 3360 μεθ’
1887 3288 1945 3341 ὃν

378 3377 600 3431 Ἰωανάν
631 3377 745 3440 υίὸς
774 3378 947 3449 Καριὲ
971 3380 1203 3445 ἡγεῖται.
1235 3379 1344 3431 Καὶ
1376 3379 1514 3449 μετὰ
1535 3379 1753 3442 τούτους
1775 3378 1947 3432 ᾶπαν-

364 3487 463 3533 τας
497 3470 622 3542 ἑξῆς
646 3470 841 3539 ὲπάγει
868 3471 966 3534 τὰς
999 3471 1056 3524 ἐν
1078 3470 1155 3538 τῷ
1179 3468 1221 3523 δ’
1242 3470 1351 3524 ἔτει
1381 3471 1634 3541 Ἰωακείμ
1664 3470 1946 3542 λεχθείσας

367 3562 723 3633 προφητείας,
764 3561 857 3615 καὶ
892 3562 1051 3615 πάλιν
1082 3561 1181 3624 τὰς
1216 3563 1272 3615 έν
1305 3563 1445 3633 ἀρχῇ
1487 3562 1762 3633 βασιλείας
1787 3564 1943 3616 Σεδε-

364 3654 502 3731 κίου,
524 3652 838 3726 εἰρημένας.
868 3655 1063 3725 Εὑροις
1094 3656 1137 3709 δ’
1174 3655 1239 3708 ἂν
1270 3657 1363 3709 καὶ
1397 3656 1549 3727 παρὰ
1590 3655 1666 3727 τῷ
1697 3654 1945 3728 Ἑζεκιὴλ

363 3748 435 3801 τά
478 3748 851 3818 παραπλήσια.
878 3748 1030 3801 Ἑπεί
1062 3748 1156 3801 καὶ
1187 3749 1244 3801 ὲν
1282 3750 1347 3819 τῇ
1390 3748 1578 3801 τούτου
1620 3752 1805 3820 γραφῇ
1847 3750 1944 3820 οὑχ

364 3838 492 3909 ἑξῆς
516 3841 627 3901 τοῖς
661 3839 872 3910 χρόνοις
908 3838 1218 3907 σύγκεινται
1247 3840 1303 3893 αί
1329 3842 1684 3912 προφητεῖαι·
1715 3840 1829 3895 ἀλλ’
1864 3843 1943 3894 εί-

366 3926 452 3980 σ”ιν
483 3927 539 3981 αἱ
576 3927 675 3997 μὲν
708 3927 848 3982 κατὰ
872 3928 932 3980 τὸ
962 3927 1041 3993 κζ’
1071 3928 1190 3993 ἔτος
1225 3930 1323 4001 τῆς
1351 3930 1722 4000 αἰχμαλωσίας
1749 3947 1945 4002 προτε-

362 4016 634 4085 ταγμέναι
675 4016 752 4087 τῷ
797 4024 863 4069 ια’
896 4018 995 4089 τῆς
1039 4018 1412 4088 αἰχμαλωσίας
1452 4019 1758 4090 εἰρημένῳ·
1804 4020 1942 4090 μετά

363 4106 472 4177 γάρ
506 4106 605 4170 τὰς
634 4108 694 4161 ἐν
733 4106 810 4177 τῷ
850 4106 931 4169 κζ’
962 4107 1071 4161 ἔτει
1103 4108 1359 4179 φέρονται
1388 4110 1442 4161 αἱ
1468 4108 1738 4180 λεχθεῖσαι
1780 4112 1838 4162 έν
1865 4109 1943 4179 τῷ

365 4205 434 4252 ια’
467 4199 568 4268 τῆς
593 4200 967 4269 αἰχμαλωσίας
1002 4200 1112 4253 ἔτει
1131 4218 1144 4230 ·
1182 4202 1276 4254 καὶ
1303 4202 1462 4255 πάλιν
1495 4202 1630 4273 μετὰ
1652 4202 1749 4265 τὰς
1773 4205 1830 4256 ἑν
1862 4201 1940 4273 τῷ

365 4296 434 4343 ια’
464 4291 616 4344 ἄλλαι
652 4293 905 4363 φέρονται
948 4296 1005 4346 έν
1042 4292 1118 4364 τῷ
1154 4301 1182 4347 ι’
1216 4294 1324 4347 έτει
1357 4295 1662 4367 εἰρημέναι,
1692 4296 1784 4348 καὶ
1815 4296 1940 4366 ἑξῆς

361 4385 419 4436 αἱ
446 4385 504 4435 ὲν
533 4382 611 4453 τῷ
643 4390 719 4436 κε’
745 4384 874 4439 ἔτει.
911 4386 1022 4438 Kal.
1061 4387 1261 4441 τούτων
1293 4389 1547 4443 ἁπάντων
1592 4389 1736 4442 εἴποι
1767 4389 1832 4443 ἄν
1859 4408 1943 4455 τις

361 4471 461 4543 τὴν
500 4472 677 4526 αἰτίαν
724 4474 822 4527 οὑκ
863 4474 1027 4547 ἄλλην
1055 4472 1193 4529 εἶναι
1220 4478 1317 4547 τῆς
1349 4479 1765 4549 ἀποδεδομένης.
1801 4481 1939 4532 Σποο

2048 3297 2209 3359 pacto
2238 3288 2433 3343 lsmael
2465 3286 2747 3342 Godoliam
2770 3288 3055 3355 occiderit,
3079 3298 3202 3360 post
3223 3305 3381 3359 quem
3407 3288 3621 3344 Joanan

2048 3383 2191 3436 ﬁlius
2222 3380 2380 3437 Carie
2424 3381 2535 3434 dux
2569 3380 2689 3434 fuit.
2719 3378 2851 3436 Post
2891 3381 2993 3435 hos
3033 3391 3211 3436 autem
3241 3396 3432 3436 omnes
3462 3382 3620 3437 afl‘ert

2047 3473 2244 3529 deinde
2273 3472 2588 3542 prephetias
2618 3487 2763 3525 anno
2793 3480 2990 3541 quarto
3019 3471 3266 3526 Joacbim
3298 3473 3621 3543 pronuntia-

2046 3570 2166 3629 tas;
2205 3563 2309 3617 sub
2347 3562 2462 3625 hac
2498 3562 2620 3617 illas
2654 3578 2776 3632 quae
2805 3562 2963 3617 initio
2992 3564 3143 3632 regni
3173 3560 3415 3618 Sedeciaa
3456 3562 3621 3619 dicta

2045 3663 2195 3709 sunt.
2231 3654 2443 3709 Similia
2484 3670 2701 3724 quoque
2741 3654 2797 3708 in
2850 3653 3133 3708 Ezechiele
3176 3668 3439 3725 reperias.
3478 3653 3617 3708 Nam

2045 3747 2098 3800 in
2134 3746 2297 3816 hujus
2341 3762 2558 3817 quoque
2603 3747 2874 3817 scriptura
2922 3746 3218 3817 prephetize
3265 3761 3375 3802 non
3424 3746 3620 3803 ordine

2047 3840 2308 3909 temporis
2332 3840 2548 3909 jacent;
2583 3839 2677 3895 sed
2703 3855 2824 3909 quae
2848 3839 3169 3894 vicesimum
3200 3840 3490 3909 septimum
3521 3853 3620 3893 ca-

2043 3931 2313 4002 ptivitatis
2342 3946 2545 3986 annum
2575 3940 2844 4002 spectant,
2872 3931 3277 4002 praamittuntur
3304 3931 3371 3987 iis
3397 3944 3518 4000 quae
3542 3929 3611 3984 de

2043 4022 2332 4077 undecimo
2373 4021 2706 4093 captivitatis
2753 4032 2899 4076 anno
2929 4022 3073 4077 dicta
3108 4029 3236 4077 sunt
3267 4041 3279 4076 :
3313 4030 3437 4091 post
3479 4021 3604 4075 illas

2043 4112 2187 4168 enim
2220 4111 2464 4166 vicesimi
2495 4111 2711 4181 septimi
2754 4112 2884 4165 anni
2911 4112 3247 4181 prophetias,
3276 4125 3397 4181 quae
3440 4110 3615 4166 unde-

2044 4205 2186 4259 cimo
2220 4219 2363 4258 anno
2397 4202 2557 4257 dicta:
2594 4213 2744 4267 sunt,
2776 4202 3028 4258 feruntur
3059 4222 3072 4258 ε
3109 4202 3305 4260 deinde
3332 4219 3464 4259 vero
3491 4212 3618 4274 post

2044 4296 2165 4349 illas
2186 4294 2459 4349 undecimi
2489 4295 2640 4357 anni,
2665 4293 2911 4364 quaedam
2940 4294 3210 4349 habentur
3231 4293 3445 4349 decimo
3471 4310 3626 4349 anno-

2042 4381 2221 4445 dictae,
2246 4382 2371 4435 hinc
2392 4397 2513 4452 quae
2538 4383 2667 4436 anni
2694 4382 2940 4439 vicesimi
2969 4384 3146 4453 quinti
3179 4391 3325 4439 sunt.
3365 4383 3613 4451 Quorum

2044 4474 2291 4527 omnium
2319 4489 2429 4527 non
2466 4474 2627 4527 aliam
2658 4488 2880 4529 causam
2913 4476 3037 4544 quis
3063 4474 3253 4530 afferat
3282 4485 3479 4546 praeter
3497 4476 3625 4546 jam.

364 4563 533 4635 ράδην
565 4564 694 4636 γὰρ,
714 4566 789 4629 ὡς
815 4568 982 4631 εἰκὸς,
1004 4567 1114 4622 τῶν
1138 4568 1279 4621 κατὰ
1300 4570 1522 4638 χρόνους
1548 4570 1641 4624 καὶ
1669 4570 1791 4624 καθ’
1811 4571 1941 4624 ἑκα-

2044 4564 2321 4619 traditam.
2367 4564 2501 4618 Nam
2534 4580 2657 4619 cum
2689 4566 2943 4635 sparsim,
2985 4574 3045 4620 ut
3069 4567 3363 4621 verisimile
3384 4576 3489 4630 est,
3518 4582 3614 4622 va-

365 4670 489 4706 στον
524 4653 745 4724 βασιλέα
775 4656 1015 4727 μερικῶς
1047 4659 1597 4729 προπεφητευμένων,
1620 4661 1678 4713 τὸ
1713 4660 1939 4714 παλαιὸν

364 4741 516 4813 παρὰ
542 4746 655 4807 τοῖς
685 4746 992 4808 σπουδαίοις
1032 4744 1377 4817 σωζομένων,
1407 4748 1523 4818 ἦτοι
1565 4749 1656 4801 τὸν
1682 4750 1936 4822 Ἔσδραν,

361 4833 397 4904 ἢ
432 4834 527 4888 καί
558 4852 710 4898 τινας
742 4837 983 4907 ἑτέρους,
1013 4838 1118 4891 ὑπὸ
1146 4838 1273 4910 μίαν
1305 4839 1649 4911 περιγραφὴν
1682 4842 1940 4910 συνάγον-

361 4942 462 4988 τας
492 4925 562 4979 τά
593 4926 807 4997 ἑκάστῳ
841 4929 949 4982 τῶν
987 4931 1280 5002 προφητῶν
1322 4931 1465 4985 κατὰ
1495 4932 1719 5002 χρόνους
1751 4933 1939 5002 διαφό-

363 5034 491 5091 ρους
525 5017 804 5089 λεχθέντα,
832 5023 958 5086 τοὺς
998 5022 1246 5093 πρώτους
1285 5024 1706 5094 εὑρισκομένους
1749 5025 1939 5093 λόγους

361 5108 723 5161 κατατάσσειν
749 5108 997 5180 πρώτους
1018 5128 1030 5141 ·
1058 5108 1157 5166 εἷθ’
1182 5113 1306 5183 ἑξῆς
1334 5113 1625 5166 συνάπτειν
1646 5115 1771 5180 τοὺς
1801 5115 1937 5185 μετὰ

360 5197 535 5251 ταῦτα
568 5200 1008 5271 εὑρισκομένους,
1036 5206 1082 5256 εί
1112 5204 1205 5257 καὶ
1233 5206 1471 5275 προῆγον
1500 5206 1579 5276 τῷ
1606 5209 1800 5278 χρόνῳ.
1835 5209 1937 5261 Τὸν

357 5286 406 5339 δ’
425 5287 591 5340 αὑτὸν
618 5283 753 5341 εἶναι
773 5288 929 5357 λόγον
955 5290 1047 5343 καὶ
1072 5292 1163 5343 ἐπὶ
1190 5291 1288 5361 τῆς
1315 5290 1519 5357 τάξεως
1541 5292 1647 5346 τῶν
1670 5292 1934 5363 Ψαλμῶν,

361 5378 589 5433 καθόλου
627 5382 724 5451 μὲν
754 5381 1027 5447 ἁπάντων,
1065 5382 1207 5445 ἰδίως
1239 5382 1295 5435 δὲ
1329 5386 1423 5438 καί
1449 5384 1556 5438 τῶν
1587 5384 1723 5456 μετὰ
1749 5387 1936 5457 χεῖρας

359 5476 495 5545 ἡμῖν
540 5471 973 5543 ἐξεταζομένων·
1019 5474 1069 5526 εἰ
1119 5473 1194 5544 μὴ
1228 5475 1335 5545 ἄρα
1377 5494 1462 5539 τις
1497 5476 1789 5548 βαθύτερος
1814 5477 1937 5541 νοῦς

358 5562 637 5617 λανθάνων
676 5564 820 5634 ἡμᾶς
860 5564 1078 5635 ἑτέρους
1103 5563 1256 5627 τινὰς
1282 5564 1573 5637 λογισμοὺς
1596 5570 1935 5640 παραστήσει

359 5656 460 5722 τῆς
483 5654 589 5708 τῶν
623 5655 972 5725 ὲζητημένων
1004 5656 1185 5719 αίτίας
1243 5656 1325 5709 Τά
1363 5675 1425 5725 γε
1486 5658 1594 5727 μὴν
1625 5661 1758 5729 ἡμῖν
1801 5660 1935 5712 ὑπο-

361 5747 596 5800 πεσόντα
637 5747 719 5809 είς
766 5764 825 5799 τε
870 5765 968 5819 την
1000 5747 1153 5815 τάξιν
1181 5748 1300 5801 Τῶν
1338 5749 1468 5805 υἱῶν
1500 5751 1667 5823 Κορὲ,
1693 5753 1936 5825 καὶπερὶ

361 5838 461 5910 τῆς
504 5840 815 5911 Προσευχῖκ
865 5840 955 5894 τοῦ
1000 5841 1165 5897 Δαυῒδ
1192 5841 1293 5911 τῆς
1322 5842 1422 5915 πρὸ
1453 5843 1546 5897 τοῦ
1579 5842 1719 5915 μετὰ
1750 5847 1935 5917 χεῖρας

2040 4656 2137 4711 riis
2164 4657 2520 4726 temporibus,
2553 4663 2606 4711 et
2652 4658 2756 4711 sub
2794 4658 3023 4729 singulis
3070 4659 3288 4729 regibus
3318 4659 3613 4728 separatim

2039 4746 2198 4801 edita:
2217 4747 2532 4816 prophetiae,
2558 4763 2587 4800 a
2619 4748 2883 4803 studiosis
2900 4750 3203 4818 antiquitus
3225 4756 3450 4804 servata:
3476 4748 3614 4805 fuis-

2041 4842 2196 4898 sent,
2252 4836 2367 4890 sive
2412 4835 2636 4901 Esdras,
2685 4837 2799 4901 sive
2855 4838 3074 4905 quidam
3105 4838 3218 4902 alii,
3267 4838 3610 4909 singulorum

2040 4924 2428 4994 prophetarum
2456 4926 2623 4992 dicta,
2656 4927 2825 4980 variis
2853 4926 3191 4997 temporibus
3239 4929 3468 4996 prolata,
3500 4944 3612 4981 uno

2040 5017 2317 5071 volumine
2355 5018 2896 5076 circumscribentes.
2929 5033 2991 5071 ea
3027 5034 3146 5087 quae
3174 5020 3351 5087 primo
3399 5030 3624 5089 reperta

2039 5108 2277 5172 fuerant,
2311 5109 2486 5179 primo
2522 5109 2642 5163 loco
2671 5118 2993 5179 posuerunt,
3024 5110 3220 5165 deinde
3257 5126 3321 5165 ea
3357 5128 3478 5182 quae
3510 5128 3610 5182 po-

2039 5208 2155 5255 stea
2213 5200 2281 5254 ad
2349 5215 2572 5254 manum
2629 5210 2930 5262 venerunt,
2984 5201 3335 5270 subjunxere,
3392 5202 3612 5258 etiamsi

2038 5300 2281 5362 tempore
2307 5292 2584 5363 praeirent.
2613 5292 2813 5348 Eadem
2846 5308 2975 5348 vero
3003 5295 3213 5349 ratione
3236 5293 3435 5349 Psalmi
3466 5295 3609 5364 dige-

2038 5386 2109 5440 sti
2141 5392 2289 5450 sunt,
2320 5387 2436 5441 sive
2472 5401 2663 5440 omnes
2692 5401 2801 5440 una
2830 5394 3170 5455 spectentur,
3211 5386 3326 5441 sive
3376 5386 3410 5439 ii
3458 5401 3609 5440 seor—

2037 5477 2138 5533 sim
2165 5492 2302 5549 quos
2329 5478 2442 5547 jam
2482 5485 2805 5534 tractamus.
2847 5476 2963 5532 Nisi
3010 5475 3243 5533 fortasse
3283 5476 3610 5547 profundior

2037 5568 2218 5639 aliqua
2249 5570 2582 5639 intelligendi
2624 5571 2783 5635 ratio,
2818 5570 2980 5625 nobis
3012 5571 3248 5632 occulta,
3284 5571 3445 5623 aliam
3475 5585 3609 5623 cau—

2037 5677 2153 5717 sam
2184 5663 2250 5717 ad
2277 5664 2605 5733 quaestiones
2629 5663 2952 5718 solutionem
2986 5661 3191 5717 afferat.
3223 5661 3300 5715 Ea
3330 5677 3460 5715 vero
3486 5676 3611 5731 quae

2037 5753 2103 5809 de
2134 5755 2324 5810 ordine
2348 5755 2679 5825 psalmorum
2703 5753 2964 5808 Filiorum
2987 5754 3145 5820 Core,
3177 5762 3231 5809 et
3262 5752 3327 5807 de
3348 5752 3608 5808 Oratione

2038 5846 2255 5906 Davidis
2284 5865 2402 5920 quae
2440 5856 2564 5907 autc
2585 5850 2729 5905 hunc
2759 5849 3027 5919 psalmum
3068 5847 3244 5919 posita
3300 5853 3353 5903 et
3400 5845 3456 5900 in
3488 5857 3605 5898 me.
