4092 6404
487 363 627 422 1065

1178 360 1448 423 EUSEBII
1486 362 1968 423 CHARIENSIS
2007 358 2160 422 ΟΡΡ.
2201 364 2378 420 PARS
2418 355 2503 421 lﬂ.
2547 395 2614 406 —
2653 359 3062 421 EXEGETICA.

3595 367 3752 423 1⁸οΜ

485 490 578 545 dio
598 488 927 560 psaimeram
947 488 1208 544 Filiorum
1239 490 1380 545 Core
1403 491 1577 545 locata
1611 497 1908 560 est,-prout
1938 503 2063 544 suc-

2167 487 2382 558 ψαλμοῦ
2414 488 2694 556 κειμένης,
2730 485 2822 538 κιιί¹
2858 485 3029 555 μέσης
3054 485 3176 537 Τῶν
3193 485 3326 537 υίῶν
3353 486 3496 555 Κορὲ
3521 503 3746 555 παρεμ-

487 580 782 636 currebant
819 596 848 634 a
873 580 1032 634 nobis
1056 595 1118 634 es
1130 581 1305 650 posita
1335 589 1485 642 sunt,
1519 581 1718 650 cuique
1746 581 1944 634 volenti
1985 580 2055 634 le-

485 687 612 743 gere
635 671 779 727 licet.
810 671 874 724 Et
910 671 1024 726 hac
1077 671 1298 741 quidem
1350 688 1380 726 a
1435 673 1593 728 nobis
1645 671 2055 728 exercitationis

486 775 651 814 causa
681 761 823 814 dicta
851 762 983 816 sint.

557 846 694 913 Quia
722 863 850 903 vero
881 850 936 902 in
964 850 1066 904 hoc
1093 853 1301 921 psalmo
1330 851 1609 906 indeﬁnite
1634 851 1713 907 sic
1739 851 2004 922 incipitur
2040 871 2053 907 :

491 936 860 994 Fundamenta
887 941 1001 1010 ejus
1039 943 1093 994 in
1116 943 1382 996 montibus
1410 944 1650 1004 sanctis;-
1678 943 1873 998 merito
1904 953 2057 1014 roget

487 1029 685 1100 aliquis
719 1035 974 1103 quisnam
1005 1034 1093 1089 ille
1123 1034 1216 1090 sit,
1240 1034 1342 1089 Cui
1370 1035 1696 1105 respondeat
1735 1036 2057 1091 incunctan-

485 1127 570 1176 ter
587 1124 879 1194 quispiam.
904 1124 1072 1179 Deum
1098 1142 1219 1181 esse
1240 1127 1649 1194 intelligendum
1673 1129 1837 1197 ;quia
1859 1127 2058 1183 deinde

486 1213 855 1286 subjungitur,
873 1217 1057 1270 civitas
1081 1215 1199 1271 Dei.
1226 1217 1336 1288 Ego
1356 1234 1483 1272 vero
1503 1219 1845 1273 considerata
1869 1221 2059 1290 psalmi

487 1305 648 1368 serie,
681 1321 805 1360 cum
847 1308 1105 1378 deinceps
1145 1308 1352 1363 dictum
1409 1318 1663 1364 occurrat
1720 1329 1736 1365 ε
1789 1310 2060 1382 Numquid

2161 577 2327 647 ϐεϐλη
2335 577 2522 647 μένης,
2540 576 2821 645 πρόκειται
2841 580 2951 635 τοῖς
2968 576 3238 628 ἐθέλουσιν
3259 576 3604 645 ἐντυγχάνειν
3624 580 3747 638 τοῖς

2159 668 2468 739 εἰρημένοις
2491 669 2622 738 ἡμῖν
2642 667 2967 739 ἔμπροσθεν.
3000 664 3183 719 Ταῦτα
3218 665 3318 736 μὲν
3355 662 3448 719 οὖν
3474 668 3605 737 ⁴ἡμῖν
3632 660 3747 720 ὧδέ

2159 777 2238 830 πη
2276 775 2516 830 προγεγυ
2524 759 2761 828 μνάσθω.

2247 852 2398 904 Ἐπεὶ
2419 853 2475 904 δὲ
2502 852 2768 922 ἀορίστως
2795 844 3094 922 ἀρχόμενος
3121 851 3150 902 ό
3173 850 3329 916 λόγος
3356 851 3414 902 ἐν
3436 850 3515 920 τῷ
3537 850 3749 921 ψαλμῷ

2162 959 2326 1014 φησιν
2343 961 2357 974 ο
2391 946 2455 996 Ol
2475 943 2731 1007 θεμέλιοι
2756 944 2942 996 αὑτοῦ
2966 944 3035 995 ἐν
3055 942 3176 1006 τοῖς
3196 942 3360 1010 ὄρεσι
3381 943 3506 1008 τοῖς
3525 945 3743 1011 ἀγίοιςη

2161 1036 2384 1097 εἰκότως
2415 1033 2480 1086 ιν
2505 1051 2588 1097 τις
2619 1033 2894 1105 ζητησειε,
2921 1034 3063 1097 τίνος
3092 1034 3278 1088 αὑτοῦ.
3304 1033 3614 1105 Προχείρως
3640 1035 3745 1104 μὲν

2161 1119 2254 1177 οῦν
2280 1125 2422 1177 εἴποι
2445 1141 2528 1188 τις
2563 1124 2630 1178 ἂν
2663 1124 2899 1178 νοεῖσθαι
2932 1124 3026 1178 τοῦ
3055 1124 3190 1177 Θεοῦ
3211 1141 3224 1154 ⁸
3257 1125 3442 1196 ἐπειδὴ
3469 1125 3595 1196 ἑξῆς
3617 1127 3746 1178 ἐπιρ-

2161 1216 2397 1284 λέγεται,
2432 1217 2470 1282 ἡ
2519 1217 2694 1282 πόλις
2723 1217 2829 1270 τοῦ
2877 1217 3042 1270 Θεοῦ.
3064 1215 3204 1284 Ἐγὼ
3232 1215 3309 1280 δέ,
3339 1217 3636 1287 ἐπιστήσας
3667 1221 3743 1289 τῇ

2165 1308 2451 1379 ἀκολουθίᾳ
2478 1308 2572 1361 τοῦ
2595 1309 2834 1379 ψαλμοῦ,
2858 1310 2952 1362 καὶ
2980 1307 3156 1380 εὑρὼν
3184 1310 3310 1378 ἑξῆς
3344 1310 3630 1380 εἰρημένον
3657 1310 3744 1362 τό·

488 1395 639 1452 Sioni
677 1399 834 1460 dicet.
865 1399 1036 1454 Homo
1067 1411 1115 1454 et
1156 1402 1308 1454 homo
1355 1410 1512 1456 natus
1559 1410 1637 1455 est
1674 1402 1728 1454 in
1755 1419 1839 1465 ea,
1875 1413 1923 1455 et
1955 1403 2063 1472 ipse

2167 1393 2259 1468 Μὴ
2292 1392 2368 1468 τῆ
2387 1393 2538 1454 Σιὼν
2556 1397 2704 1469 ἐρεῖο
2741 1399 3075 1468 Ἄνθρωπος
3103 1400 3199 1454 καὶ
3237 1400 3541 1469 ἄνθρωπος
3576 1401 3753 1462 ἐγεν-

486 1491 728 1559 fundavit
750 1508 906 1554 eam;
935 1509 1032 1562 pro
1062 1510 1172 1564 quo
1203 1494 1397 1564 Aquila
1425 1495 1815 1565 interpretatus
1843 1502 1927 1549 est
1952 1515 1962 1548 :
1994 1494 2063 1548 Et

2167 1493 2315 1556 νήθη
2343 1495 2412 1545 ἐν
2435 1485 2612 1560 αὐτῇ,
2639 1493 2735 1546 καὶ
2760 1490 2942 1558 αὐτὸς
2965 1492 3361 1561 ἐθεμελίωσεν
3380 1491 3570 1557 αὐτὴν
3626 1493 3754 1545 ἀνθ’

485 1581 636 1639 Sioni
661 1583 886 1648 dicetur,
922 1585 1013 1639 Vir
1039 1596 1088 1640 et
1119 1589 1195 1640 vir
1223 1597 1380 1642 natus
1413 1597 1491 1642 est
1537 1589 1589 1642 in
1617 1605 1699 1650 ea,
1738 1597 1786 1641 et
1815 1590 1922 1656 ipse
1964 1589 2059 1656 ﬁr-

2167 1577 2226 1636 οῦ
2257 1585 2285 1636 ό
2328 1583 2556 1644 Ἀκύλας
2591 1583 2857 1653 πεποίηκε
2878 1601 2890 1612 ·
2917 1583 3025 1636 Kal
3061 1581 3136 1649 τῇ
3167 1582 3316 1635 Σιὼν
3347 1582 3709 1651 λεχθήσεται
3731 1600 3748 1612 ο

486 1674 652 1728 arabit
680 1691 833 1739 eam;
868 1675 1226 1748 Symmachus
1251 1694 1378 1733 vero
1406 1696 1420 1732 :
1447 1678 1525 1732 De
1559 1677 1688 1733 Sion
1727 1679 1950 1744 dicetur,
1984 1696 2064 1734 se-

2180 1677 2347 1744 Ἀνὴρ
2380 1677 2475 1729 καὶ
2503 1676 2658 1744 ἀνὴρ
2683 1675 2896 1745 ἐτέχθη
2923 1676 2993 1729 ἐν
3011 1668 3184 1743 αὐτῇ,
3223 1676 3319 1730 καὶ
3361 1677 3542 1741 αὐτὸς
3575 1677 3756 1746 ἑδρά-

486 1766 714 1820 cundum
741 1768 977 1838 singulos
1008 1771 1244 1824 homines
1272 1771 1378 1838 ipse
1405 1781 1561 1825 natus
1590 1781 1668 1825 est
1694 1771 1787 1834 ibi,
1818 1771 1926 1839 ipse
1949 1787 2064 1825 vero

2168 1783 2263 1821 σει
2295 1767 2519 1833 αὑτήν
2556 1769 2615 1820 Ὀ
2643 1768 2698 1820 δὲ
2731 1768 3024 1838 Σύμμαχος
3046 1768 3155 1840 (1)·
3198 1768 3334 1836 Περὶ
3373 1767 3441 1820 δὲ
3467 1767 3622 1821 Σιὼν
3645 1773 3752 1822 ,ιε-

485 1857 717 1928 ﬁrmavit
737 1875 852 1914 eam
876 1875 895 1923 ;
931 1861 1168 1915 arbitror
1194 1863 1690 1934 congruentissime
1706 1862 1911 1917 dictum
1935 1877 2060 1917 esse

2167 1858 2483 1929 χθήσεταιι
2527 1859 2666 1913 Καθ’
2695 1858 2954 1912 ἕκαστον
2975 1858 3289 1928 ἄνθρωπον
3321 1859 3503 1925 αὐτὸς
3531 1860 3756 1928 ἐτέχθη

486 1950 621 2005 illud
656 1970 669 2006 :
703 1950 1072 2006 Fundamenta
1099 1955 1212 2023 ejus
1257 1955 1313 2007 in
1362 1956 1648 2016 montibus.
1698 1958 1816 2010 sine
1857 1955 2063 2009 addita-

486 2049 672 2096 mento
702 2041 816 2105 illo,
841 2039 973 2106 Dei;
1007 2051 1065 2097 ut
1097 2045 1478 2114 perquirentes
1509 2046 1636 2115 quis
1667 2045 1758 2100 ille
1789 2053 1959 2109 esset,
1995 2060 2062 2099 ex

488 2133 842 2202 sequentibus
902 2137 1330 2202 comperiremus
1355 2176 1369 2198 ,
1424 2150 1552 2191 eum
1585 2151 1708 2191 esse
1747 2137 1923 2190 virum
1967 2135 2062 2206 qui

490 2221 710 2278 Sionem
761 2224 1022 2280 fundasse
1063 2226 1284 2288 dicitur,
1341 2229 1544 2297 quique
1589 2228 1714 2283 istic
1764 2235 1926 2282 natus
1958 2234 2059 2281 est.

485 2312 621 2370 Nam
654 2317 729 2369 ait
768 2333 781 2370 :
819 2315 990 2370 Homo
1038 2327 1196 2370 natus
1235 2326 1313 2370 est
1351 2320 1405 2370 in
1445 2334 1529 2382 ea,
1579 2327 1628 2371 et
1667 2317 1774 2386 ipse
1820 2315 2064 2387 [undavit

485 2422 636 2468 eam;
669 2407 801 2470 sive,
831 2417 880 2462 et
907 2411 1015 2476 ipse
1041 2410 1274 2478 ﬁrmavit
1301 2425 1437 2464 eam.
1475 2408 1613 2462 Cum
1643 2408 1846 2464 dicitur
1877 2423 2007 2478 ergo
2043 2427 2056 2462 :

489 2494 860 2552 Fundamenta
885 2501 1022 2568 ejus,
1061 2500 1455 2555 subaudiamus
1486 2514 1587 2555 nos
1616 2501 1791 2554 virum
1817 2501 1909 2570 qui
1940 2499 2065 2552 fun-

487 2587 636 2642 davit
650 2589 1055 2651 eam,videlicet
1069 2589 1160 2644 Dei
1181 2591 1476 2646 civitatem.
1497 2589 1592 2646 Dei
1614 2606 1744 2645 vero
1765 2591 2061 2654 civitatem,

490 2693 611 2734 eam
651 2695 772 2735 esse
799 2689 991 2751 putare
1029 2697 1150 2752 quae
1190 2682 1243 2736 in
1279 2681 1565 2738 Palaestina
1601 2683 1732 2738 olim
1755 2680 2063 2736 Iudaeorum

489 2773 807 2842 metropolis
822 2781 961 2836 erat,
991 2774 1042 2826 id
1070 2790 1176 2827 non
1201 2774 1378 2827 solum
1402 2775 1507 2828 vile
1542 2783 1597 2828 et
1636 2774 1934 2844 abjectum,
1967 2772 2063 2828 scd

487 2866 650 2920 etiam
675 2867 898 2937 impium
921 2879 1096 2936 esset;
1117 2886 1238 2922 uani
1265 2869 1332 2923 de
1353 2870 1439 2922 illa
1463 2867 1659 2923 Judmze
1681 2869 1920 2931 civitate,
1945 2883 2067 2938 qua:

487 2956 599 3028 iam
640 2958 708 3013 ab
733 2959 1049 3029 alienigenis
1094 2962 1346 3029 gentibus
1419 2962 1697 3024 incolitur,
1755 2960 2067 3015 existimare

488 3048 692 3104 dictum
715 3065 838 3106 esse
866 3051 1021 3114 illud,
1051 3049 1244 3122 Diligit
1275 3053 1531 3108 Dominus
1559 3063 1740 3123 portas
1773 3050 1919 3120 Sion,
1947 3067 2068 3121 qua!

487 3139 602 3218 jam
634 3142 861 3198 desertae
885 3153 939 3199 et
961 3145 1156 3198 diruta:
1179 3153 1340 3213 sunt;
1373 3157 1425 3201 et
1451 3147 1602 3212 illud,
1640 3145 1886 3201 Gloriosa
1921 3146 2065 3200 dicta
2091 3192 2114 3238 ‘

2113 3221 2135 3244 ’⁸
2167 3236 2296 3306 δαίςι
2337 3233 2542 3299 πόλεως
2589 3235 2846 3304 λέγεσθαι
2883 3233 3124 3305 νομίζειν
3150 3239 3239 3284 το·
3289 3225 3506 3298 Ἀγαπᾷ
3537 3229 3762 3298 Κύριος

491 3244 618 3290 sunt
649 3235 713 3289 de
748 3245 816 3297 te,
852 3237 1037 3290 civitas
1090 3236 1184 3290 Dei
1209 3277 1223 3300 ,
1257 3254 1319 3292 ac
1369 3255 1585 3294 rursum
1615 3239 1764 3302 alibi,
1798 3238 2064 3292 Fluminis

489 3322 715 3393 impetus
752 3325 1029 3393 lmtiﬁcant
1077 3328 1337 3381 civitatem
1369 3326 1466 3381 Dei
1487 3329 1567 3395 ⁷⁶;
1600 3337 1653 3382 ει
1694 3329 1910 3391 iterum,
1939 3326 2064 3382 Ma-

490 3427 626 3482 gnus
673 3414 931 3469 Dominus
988 3425 1038 3469 et
1081 3415 1370 3470 laudabilis
1414 3418 1572 3471 nimis
1615 3418 1671 3471 in
1717 3419 1928 3472 civitate
1970 3418 2065 3470 Dei

491 3506 680 3570 nostri,
711 3507 765 3559 in
795 3516 968 3560 monte
1015 3518 1199 3561 sancto
1227 3510 1341 3577 ejus
1358 3509 1441 3578 7";
1478 3511 1610 3573 haec,
1655 3512 1899 3581 inquam,
1949 3527 2068 3565 om-

490 3593 584 3648 nia
612 3595 758 3651 dicta
785 3597 1084 3668 intelligere
1111 3600 1179 3654 de
1223 3601 1462 3666 civitate,
1491 3617 1654 3670 quam
1698 3617 1842 3657 nunc
1871 3600 2064 3665 Graeci,

492 3686 809 3758 alienigenae
844 3698 900 3744 et
928 3691 1226 3746 idololatra:
1249 3692 1510 3756 incolunt,
1541 3693 1749 3762 abjecta
1777 3709 1908 3748 sane
1936 3693 2069 3748 mihi

492 3788 548 3832 et
579 3779 842 3835 vilissima
893 3783 1162 3837 sententia
1213 3783 1446 3838 videtur.
1491 3783 1648 3851 Quod
1703 3787 1746 3841 si
1780 3784 1904 3855 quis
1942 3799 2067 3854 per-

493 3870 691 3939 pendat
721 3872 896 3928 solere
919 3873 1133 3929 divinas
1193 3881 1247 3930 et
1298 3877 1644 3946 prophetiCas
1692 3893 1853 3932 voces
1879 3877 2070 3932 civita-

500 3966 615 4016 tem
647 3959 744 4015 Dei
786 3977 982 4018 vocare
1021 3967 1168 4033 pium
1197 3979 1260 4018 ac
1296 3965 1608 4036 religiosum
1643 3965 1956 4019 institutum
1977 4004 1992 4028 ,
2022 3965 2070 4019 is

496 4066 633 4107 sane
672 4053 878 4107 videbit
913 4069 1024 4124 quo
1061 4062 1220 4125 pacto
1255 4069 1350 4126 per
1383 4064 1556 4110 totum
1606 4055 1818 4118 orbem,
1852 4054 1961 4110 Deo
1988 4055 2070 4109 di-

495 4142 697 4199 lectum
732 4144 864 4199 illud
893 4154 947 4200 et
985 4145 1301 4215 religiosum
1342 4147 1655 4203 institutum
1699 4155 1754 4202 et
1794 4147 2069 4202 civitatem

498 4234 753 4293 Salvator
777 4246 833 4292 et
885 4237 1149 4295 Dominus
1197 4249 1384 4294 noster
1415 4239 1600 4303 .Iesus,
1641 4239 1901 4295 Christus
1952 4238 2070 4305 Dei,

497 4327 810 4385 fmdaverit
847 4339 902 4386 et
942 4330 1263 4386 ﬁrmaverit.
1300 4333 1483 4398 Quare
1539 4331 1907 4387 diversimode
1941 4345 2072 4401 pra:-

496 4420 714 4477 dicatur
752 4437 783 4476 a
815 4423 1114 4494 prophetis,
1149 4440 1273 4478 cum
1313 4425 1518 4478 dicitur
1559 4423 1628 4478 de
1670 4424 1782 4486 illo,
1815 4422 1917 4476 Hic
1943 4422 2073 4477 cedi-

2161 1950 2314 2004 ἐκεῖ·
2344 1952 2525 2016 αὐτὸς
2570 1951 2638 2004 δὲ
2682 1950 2946 2019 ἤδρασεν
2977 1951 3202 2017 αὐτήν·
3252 1952 3491 2022 ἡγοῦμαι
3539 1952 3755 2023 agr/i691

2162 2042 2469 2106 ἀκολούθως
2509 2041 2758 2112 εἰρῆσθαι
2801 2042 2862 2095 τό
2881 2061 2894 2073 ·
2937 2046 3001 2095 Οἰ
3030 2042 3288 2111 θεμέλιοι
3310 2041 3496 2096 αὐτοῦ
3526 2042 3595 2094 ἐν
3624 2041 3758 2108 τοῖς

2164 2134 2350 2202 ὄρεσι,
2383 2135 2476 2186 καὶ
2505 2133 2577 2204 μὴ
2609 2133 2926 2204 προκεῖσθαι
2961 2133 3040 2197 τὸ,
3073 2133 3177 2187 τοῦ
3211 2133 3394 2188 Θεοῦ·
3427 2129 3515 2198 iv‘,
3550 2133 3753 2204 ἐπιζη-

2163 2227 2425 2297 τήσαντες
2448 2227 2589 2288 τίνος
2643 2225 2826 2285 αὑτοῦ,
2855 2224 3104 2296 εὕρωμεν
3132 2225 3239 2278 ἀπὸ
3266 2224 3373 2277 τῶν
3397 2223 3521 2293 ἑξῆς
3543 2225 3636 2276 τὸν
3663 2223 3756 2278 la-

2164 2319 2394 2388 γόμενον
2425 2315 2879 2388 τεθεμελιωκέναι
2900 2315 2997 2386 τὴν
3019 2315 3158 2368 Σιὼν
3187 2315 3377 2387 ἄνδρα,
3406 2315 3497 2367 τὸν
3515 2316 3608 2366 καὶ
3629 2331 3758 2381 γεν-

2163 2408 2394 2478 νηθέντα
2441 2409 2585 2460 ἐκεῖ·
2625 2408 2976 2472 Ἀνθρωπος,
3029 2406 3136 2476 γάρ
3197 2421 3379 2475 φησιν,
3420 2405 3634 2473 ἐτέχθη
3679 2404 3764 2456 ἐγ

2165 2501 2342 2570 αὐτῇ,
2372 2500 2470 2554 καί
2496 2501 2677 2566 αὐτὸς
2707 2501 3100 2569 ἐθεμελίωσεν
3125 2499 3321 2565 αὑτήν
3340 2515 3356 2531 ο
3390 2500 3423 2571 ἢ
3450 2499 3544 2552 καί
3562 2499 3762 2564 αὐτὸς

2168 2594 2434 2664 ἧδρασεν
2472 2595 2685 2661 αὑτήν.
2716 2593 3024 2664 Λεγομένου
3072 2592 3360 2664 τοιγαροῦν
3391 2591 3484 2645 τοῦ
3508 2610 3521 2622 ·
3561 2594 3628 2644 Ol
3657 2593 3758 2644 θε-

2161 2688 2358 2758 μέλιοι
2401 2686 2608 2751 αὑτοῦ,
2637 2686 3176 2758 προσυπακούσωμεν
3208 2687 3371 2756 ἡμεῖς
3414 2685 3475 2736 τὸ
3509 2681 3603 2736 τοῦ
3656 2684 3760 2737 ἀν-

2165 2778 2291 2849 δρὸς
2319 2777 2412 2830 τοῦ
2454 2775 2883 2846 θεμελιώσαντος
2912 2775 3080 2844 αὑτήν
3100 2793 3112 2803 ·
3147 2772 3304 2843 δῆλον
3338 2771 3382 2823 δ’
3410 2772 3489 2824 ὅτι
3521 2769 3623 2840 τὴν
3652 2767 3757 2822 τοῦ

2167 2868 2300 2921 Θεοῦ
2333 2868 2500 2921 πόλιν.
2536 2867 2694 2920 Πόλιν
2721 2866 2777 2918 δὲ
2807 2866 2900 2919 τοῦ
2931 2865 3064 2919 Θεοῦ
3095 2861 3335 2934 νομίζειν
3361 2862 3458 2934 τὴν
3481 2861 3622 2915 κατά
3644 2861 3760 2914 [Ia-

2169 2960 2444 3033 λαιστίνην
2464 2960 2524 3013 τὺ
2549 2961 2713 3014 πάλαι
2742 2959 3084 3012 συνεστῶσαν
3121 2955 3389 3009 Ἰουδαίων
3419 2952 3758 3025 μητρόπολιν

2170 3054 2228 3106 ού
2275 3053 2433 3124 μόνον
2469 3053 2749 3114 ταπεινὸν,
2775 3051 2911 3106 ἀλλὰ
2942 3051 3036 3104 καὶ
3065 3047 3340 3110 δυσσεϐὲς.
3378 3046 3452 3098 Τὸ
3483 3044 3589 3115 γὰρ
3621 3042 3759 3114 πρὶ
3849 3075 3858 3082 -

2169 3142 2268 3213 τῆς
2297 3143 2392 3197 νῦν
2415 3145 2520 3198 ὑπὸ
2543 3143 2853 3212 ἀλλοφύλων
2886 3141 3053 3195 ἐθνῶν
3079 3137 3399 3209 οἰκουμένης
3428 3138 3484 3188 ὲν
3515 3138 3578 3206 τῇ
3618 3135 3757 3187 Ἰου-

2167 3330 2273 3395 τὰς
2301 3330 2499 3394 πύλας
2525 3329 2695 3391 Σιὼν,
2718 3327 2816 3390 τὰς
2837 3328 2930 3380 νῦν
2960 3326 3198 3397 ἐρήμους
3223 3323 3314 3377 καὶ
3341 3320 3719 3391 ἠφανισμένος
3738 3336 3756 3349 ’

2168 3421 2261 3473 καὶ
2296 3421 2354 3474 τό
2374 3437 2387 3451 ·
2417 3420 2837 3490 Δεδοξασμένα
2859 3417 3126 3484 ἐλαλήθη
3156 3414 3288 3484 περὶ
3327 3412 3466 3477 σοῦ,
3490 3412 3535 3479 ἡ
3575 3414 3763 3477 πόλις

2168 3511 2274 3565 τοῦ
2304 3511 2450 3567 Θεοῦ
2472 3530 2485 3545 ·
2511 3513 2606 3566 καὶ
2637 3512 2798 3566 πάλιν
2832 3509 3061 3580 ἀλλαχοῦ
3083 3525 3096 3538 ·
3136 3506 3244 3562 Τοῦ
3271 3505 3536 3573 ποταμοῦ
3564 3504 3637 3558 τὰ
3660 3507 3762 3571 ὁρ-

2163 3598 2404 3667 μήματα
2429 3600 2819 3668 εὐφραίνουσι
2846 3598 2956 3666 τὴν
2978 3597 3161 3650 πόλιν
3186 3596 3292 3649 τοῦ
3321 3593 3468 3648 Θεοῦ
3487 3610 3500 3622 ·
3526 3593 3622 3646 καὶ
3654 3608 3764 3647 πα-

2168 3687 2282 3741 λιν·
2316 3689 2511 3759 Μέγας
2541 3690 2756 3757 Κύριος
2782 3688 2878 3742 καὶ
2921 3687 3155 3752 αἰνετός
3191 3683 3426 3755 σφόδρα
3461 3685 3533 3737 ἐν
3581 3684 3762 3735 πόλει

2171 3779 2275 3833 τοῦ
2319 3779 2467 3833 Θεοῦ
2510 3778 2697 3848 ἡμῶν,
2729 3779 2798 3832 ἐν
2841 3778 2960 3847 ὄρει
2999 3777 3146 3846 ἁγίῳ
3184 3775 3405 3830 αὑτοῦ·
3445 3775 3539 3828 καὶ
3581 3772 3763 3826 ταῦτα

2171 3871 2348 3924 πάντα
2381 3872 2618 3942 νομίζειν
2652 3870 2902 3940 λέγεσθαι
2936 3870 3062 3941 περὶ
3092 3869 3295 3932 πόλεως
3346 3871 3411 3942 ἢν
3458 3867 3656 3938 ἄνδρες
3671 3867 3760 3918 ol-

2173 3963 2330 4014 κοῦσι
2361 3961 2454 4015 νῦν
2489 3963 2750 4034 Ἕλληνες
2778 3963 2871 4016 καὶ
2912 3960 3195 4030 ἀλλόφυλοι
3224 3959 3317 4015 καὶ
3351 3960 3760 4030 εἰδωλολάτραι,

2176 4055 2378 4126 σφόδρα
2423 4072 2511 4125 μοι
2555 4055 2700 4108 δοκεῖ
2733 4053 2993 4124 ταπεινῆς
3023 4049 3181 4118 εἶναι,
3217 4055 3310 4108 καὶ
3347 4049 3763 4125 μικροπρετζοῦς

2172 4145 2429 4209 διανοίας.
2460 4146 2523 4198 Εἰ
2554 4145 2613 4198 δέ
2654 4162 2738 4209 τις
2780 4147 3025 4217 νοήσειεν
3057 4147 3204 4210 ὅπως
3239 4144 3491 4198 εἰώθασιν
3523 4143 3580 4195 αἰ
3612 4142 3762 4198 θεῖαι

2173 4237 2268 4293 καὶ
2299 4237 2633 4310 προφητικαὶ
2664 4238 2840 4306 φωναὶ
2869 4238 3024 4291 πόλιν
3052 4237 3186 4291 Θεοῦ
3217 4237 3400 4290 καλεῖν
3425 4234 3486 4288 τὸ
3507 4231 3766 4298 θεοσεϐὲς

2176 4328 2499 4398 πολίτευμα,
2535 4328 2725 4398 δψεται
2756 4329 2879 4382 τίνα
2906 4329 3106 4401 τρόπον
3145 4328 3266 4381 καθ’
3299 4327 3426 4399 ὅλης
3457 4327 3552 4397 τῆς
3574 4327 3766 4378 οἰκου-

2181 4423 2347 4492 μένης
2374 4421 2471 4494 τὴν
2504 4421 2723 4493 θεοφιλῆ
2755 4421 2959 4493 ταύτην
2987 4422 3079 4475 καὶ
3111 4420 3336 4491 θεοσεϐῆ
3382 4417 3655 4472 πολιτείαν
3697 4434 3768 4470 τε

497 4510 679 4580 ficabit
711 4511 974 4566 civitatem
1016 4530 1206 4568 meam.
1253 4513 1386 4568 Nam
1423 4513 1515 4570 Dci
1547 4515 1846 4578 civitatem,
1880 4513 2071 4568 videli-

2177 4514 2271 4566 καὶ
2287 4513 2442 4567 πόλιν
2473 4514 2502 4568 ό
2524 4514 2712 4585 Σωτὴρ
2753 4515 2847 4568 καὶ
2868 4514 3073 4586 Κύριος
3105 4513 3263 4584 ἡμῶν
3299 4510 3502 4582 Ἰησοῦς
3527 4507 3771 4580 Χριστὸς

498 4611 588 4661 cet
612 4605 925 4660 institutum
951 4606 1254 4661 secundum
1294 4605 1488 4672 Deum,
1521 4617 1576 4660 et
1603 4605 1916 4676 religiosam
1949 4605 2071 4661 vitat

2179 4607 2274 4660 τοῦ
2309 4605 2465 4670 Θεοῦ,
2501 4605 2827 4678 ἐθεμελίωσέ
2859 4623 2919 4659 τε
2955 4606 3047 4660 καὶ
3076 4605 3298 4676 ἥδρασε.
3336 4603 3424 4655 Διὸ
3458 4601 3552 4654 καὶ
3584 4599 3774 4652 ποικί-

499 4695 770 4754 rationem
801 4712 900 4768 per
942 4704 1117 4753 totum
1151 4700 1339 4753 orbem
1385 4699 1535 4752 solus
1567 4698 1676 4763 ille,
1707 4699 1760 4752 in
1797 4700 1913 4768 ipsa
1949 4698 2080 4752 civi-

2181 4698 2288 4762 λως
2335 4697 2661 4770 κηρύττεται
2716 4697 2822 4750 ὑπὸ
2868 4697 2977 4751 τῶν
3022 4696 3316 4770 προφητῶν
3347 4697 3404 4748 ἐν
3437 4689 3516 4757 οἷς
3546 4692 3774 4760 λέγεται

501 4795 610 4843 tate
639 4790 876 4860 genitus,
922 4789 1208 4844 constituit
1238 4797 1292 4843 et
1343 4789 1577 4843 ﬁrmavit
1624 4805 1718 4858 per
1775 4787 2071 4844 Ecclesiam

2183 4792 2314 4861 περὶ
2343 4788 2530 4852 αὑτοῦ,
2559 4791 2653 4843 καὶ
2684 4791 2743 4844 τό
2763 4809 2775 4819 ·
2817 4786 3006 4854 Οὗτος
3039 4787 3416 4857 οἰκοδομήσει
3449 4783 3562 4852 τὴν
3583 4785 3778 4836 πόλιν

501 4888 657 4934 suam
691 4879 1041 4942 catholicam,
1074 4879 1126 4932 in
1155 4879 1303 4934 omni
1340 4879 1479 4940 loco,
1509 4880 1729 4949 regione
1769 4889 1822 4934 et
1858 4880 2071 4936 civitate

2179 4902 2318 4953 μου.
2354 4881 2464 4953 Τὴν
2497 4883 2604 4954 γὰρ
2633 4882 2726 4936 τοῦ
2761 4881 2895 4936 Θεοῦ
2932 4882 3103 4944 πόλιν,
3127 4880 3327 4952 δηλαδὴ
3351 4881 3448 4949 τὴν
3472 4875 3610 4930 κατὰ
3633 4874 3778 4927 Θεὸν

499 4971 857 5027 constitutam
895 4992 908 5026 :
939 4971 1008 5026 de
1041 4985 1148 5042 qua
1179 4971 1385 5025 dictum
1416 4978 1609 5040 putare
1633 4973 1888 5026 convenit
1918 4971 2075 5037 illud,

504 5059 752 5117 Gloriosa
785 5062 930 5118 dicta
961 5073 1082 5118 sunt
1105 5061 1169 5120 de
1200 5075 1269 5127 te,
1295 5064 1478 5117 civitas
1511 5063 1640 5127 Dei;
1679 5071 1733 5119 et
1764 5065 1918 5131 illud,
1945 5062 2080 5118 Flu-

505 5155 666 5210 minis
704 5154 927 5223 impetus
972 5153 1246 5225 lwtiﬁcant
1295 5155 1559 5209 civitatem
1599 5155 1793 5222 Dei";
1825 5166 1878 5210 et
1925 5173 2075 5226 quae-

503 5261 720 5318 cunque
756 5247 868 5302 illis
894 5245 1096 5301 similia
1142 5247 1198 5302 in
1231 5245 1436 5304 divinis
1469 5245 1772 5316 Scripturis
1807 5246 2073 5303 feruntur.

2187 4975 2461 5028 πολιτείαν
2513 4977 2606 5029 καὶ
2653 4973 2715 5028 τό
2765 4974 3012 5038 θεοσεϐὲς
3040 4974 3342 5044 πολίτευμα
3374 4970 3491 5026 καθ²
3515 4968 3646 5037 ὅλης
3671 4969 3780 5036 τῆς

2185 5066 2487 5138 ἀνθρώπιον
2513 5066 2834 5138 οἰκουμένης
2867 5066 3025 5137 μόνος
3051 5064 3213 5128 αὐτὸς
3235 5062 3514 5134 γεννηθεὶς
3549 5061 3605 5110 ἐν
3631 5058 3775 5126 αὐτῇ

2189 5159 2460 5229 ἱδρύσατο,
2489 5161 2582 5213 καὶ
2615 5157 2958 5230 κατεπήξατο
2989 5157 3077 5210 διὰ
3098 5157 3194 5227 τῆς
3217 5159 3275 5210 ἐν
3309 5153 3470 5207 παντὶ
3497 5152 3648 5218 τόπῳ
3677 5147 3780 5199 καὶ

2188 5251 2339 5323 πάσῃ
2371 5250 2525 5323 χώρει
2557 5252 2652 5304 καὶ
2700 5251 2851 5303 πόλει
2901 5248 3242 5319 συνεστώσης
3277 5244 3441 5299 αὐτοῦ
3476 5237 3779 5308 καθολικῆς

513 5339 868 5412 Ἐκκλησίαςο
915 5339 1044 5411 περὶ
1073 5331 1142 5411 ἧς
1175 5339 1465 5396 πεπεῖσθαι
1511 5340 1778 5412 προσήκει
1821 5338 2072 5409 λέγεσθαι
2111 5341 2200 5394 τό·
2240 5341 2658 5411 Δεδοξασμένα
2689 5342 2953 5409 ἐλαλήθη
2981 5341 3110 5410 περὶ
3147 5339 3286 5402 σοῦ,
3349 5339 3388 5405 ἡ
3419 5337 3594 5399 πόλις
3664 5328 3779 5383 τοῦ

504 5433 675 5497 Θεοῦ,
703 5433 798 5486 καὶ
826 5433 919 5485 τό·
957 5432 1067 5487 Τοῦ
1092 5429 1361 5502 ποταμοῦ
1397 5433 1468 5484 τὰ
1508 5430 1814 5500 όιξμήματα
1852 5432 2245 5500 εὐφραίνουσι
2281 5432 2394 5502 τὴν
2438 5434 2620 5486 πόλιν
2660 5433 2765 5488 τοῦ
2804 5432 2972 5498 Θεοῦ,
3039 5430 3131 5484 καὶ
3184 5432 3285 5484 ὃσα
3352 5427 3484 5484 ἄλλα
3548 5421 3777 5477 τοιαῦτα

505 5524 563 5581 ἐν
588 5525 708 5588 ταῖς
741 5520 914 5586 θείαις
944 5521 1163 5595 φέρεται
1197 5521 1459 5593 Γραφαῖς.

612 5679 662 5716 ’⁸
701 5675 847 5732 Psal.
887 5693 1008 5740 ην,
1045 5677 1097 5730 5.
1175 5677 1220 5708 ⁷⁷
1261 5674 1406 5732 Psal.
1447 5691 1590 5730 XLVII
1617 5715 1629 5736 ,
1661 5674 1716 5726 2.
1795 5673 1843 5704 ⁷³
1879 5672 2023 5729 Psal.
2063 5689 2187 5738 XLV,
2224 5674 2278 5727 5.

583 5799 658 5871 (Ι)
696 5797 880 5857 Lectio
919 5798 1231 5872 Symmachi
1271 5798 1359 5853 hic
1388 5798 1574 5854 vitiata
1614 5794 1863 5866 videtur;
1899 5794 2041 5852 infra
2083 5794 2350 5852 sincerior
2381 5804 2486 5852 est.
