4092 6404
433 345 570 402 1045

1624 358 2125 421 COMMENTARIA
2164 365 2232 423 IN
2271 365 2610 426 PSALMOS.

3536 368 3677 424 τοις

499 465 610 536 Τῆς
634 463 725 519 ούν
753 468 1014 541 μεγίστης
1039 471 1240 542 ταύτης
1267 474 1358 526 καὶ
1394 473 1729 547 θεοπρεποῦς
1767 481 1961 545 πόλεως

2062 540 2069 558 ι
2168 485 2341 555 Hujus
2370 487 2552 556 itaque
2586 484 2832 539 maxima:
2856 492 2908 539 et
2936 484 3043 539 Deo
3070 484 3246 556 digna!
3277 482 3536 549 civitatis,
3560 485 3670 540 sci-

422 553 565 625 λέγω
591 558 648 610 δέ
671 560 767 629 τῆς
793 561 885 612 τοῦ
912 561 1047 615 Θεοῦ
1088 563 1431 635 Ἐκκλησίας,
1452 569 1544 620 καὶ
1571 569 1662 621 τοῦ
1690 574 1807 623 κατ’
1830 573 1961 644 αὐτὴ

2062 553 2069 558 ’
2100 578 2224 631 licet
2253 553 2530 632 'Ecclesiaa
2590 577 2707 641 Dei,
2734 585 2785 631 et
2821 577 2894 646 pii
2946 553 3181 631 instituti
3209 576 3264 629 in
3319 592 3383 630 ea
3443 576 3666 639 servati,

422 649 816 720 ἐμφαινομένου
868 653 1151 721 θεοσεϐοῦς
1201 660 1613 732 πολιτεύματος,
1660 667 1708 717 οἰ
1758 665 1995 736 θεμέλιοι

420 743 779 811 τυγχάνουσιν
808 747 866 797 ἐν
899 751 1011 811 τοῖς
1051 748 1204 820 ὄρεσι
1229 756 1340 817 τοῖς
1365 755 1559 823 ἁγίοις.
1578 758 1895 830 Ἑρμηνεύει
1938 761 1995 815 δὲ

418 831 510 884 τὸν
562 830 717 900 λόγον
762 837 790 887 ὁ
826 836 1143 903 Ἀπόστολος
1178 843 1433 909 φάσκων·
1480 846 1995 919 Ἐποικοδομηθένα

418 939 516 989 τες
550 924 647 977 ἐπὶ
677 924 754 991 τῷ
784 931 1033 996 θεμελίῳ
1071 932 1190 985 τῶν
1235 935 1596 991 ἀποστόλων
1623 941 1721 993 καί
1767 958 1993 1012 προφη-

400 1014 553 1081 τῶν,
595 1017 767 1086 ὄντος
800 1021 1228 1090 ἀκρογωνιαίου
1257 1030 1444 1084 αὐτοῦ
1480 1032 1677 1099 Ἰησοῦ
1710 1037 1988 1103 Χριστοῦ.

412 1109 523 1161 Καὶ
574 1110 749 1176 ἄλλως
794 1116 851 1168 δὲ
894 1117 945 1169 οἱ
989 1117 1225 1189 θεμέλιοι
1265 1123 1428 1176 αὐτοῦ
1454 1125 1552 1178 οὐκ
1579 1127 1814 1181 ἐνταῦθα
1842 1130 1990 1183 κάτω

411 1201 507 1289 καλ.
534 1203 663 1272 παρ’
690 1206 835 1275 ἡμᾶς
863 1210 1239 1279 τυγχάνουσιν,
1266 1213 1379 1266 ἀλλ’
1405 1215 1517 1269 ἄνω
1541 1234 1645 1271 που
1676 1221 1767 1273 καὶ
1798 1223 1853 1273 ἐν
1879 1228 1991 1289 τοῖς

412 1287 766 1359 καλουμένοις
803 1296 980 1363 ἁγίοις
1008 1297 1178 1369 ὄρεσι,
1212 1301 1303 1353 Διὸ
1330 1302 1575 1358 λέλεκται
1594 1321 1608 1336 ·
1640 1310 1704 1359 υἱ
1732 1287 1988 1378 θεμέλιοι

407 1380 594 1434 αὐτοῦ
636 1382 705 1435 ἐν
747 1385 868 1450 τοῖς
898 1386 1061 1454 ὄρεσι
1086 1390 1211 1457 τοῖς
1241 1392 1450 1461 ἁγίοις.
1486 1391 1609 1449 Εἶεν
1646 1400 1676 1450 δ
1722 1398 1787 1452 ἂν
1815 1402 1988 1456 ταῦτα

406 1469 476 1521 τὰ
501 1471 602 1541 ὅρη
630 1473 678 1525 οἱ
707 1475 925 1547 οὐρανοὶ
957 1479 1065 1533 τῶν
1096 1481 1358 1552 οὐρανῶν,
1393 1484 1521 1538 ἔνθα
1557 1487 1614 1540 τὸ
1658 1489 1798 1558 μέγα
1832 1493 1985 1546 πολί-

404 1578 581 1631 τευμα
606 1562 703 1632 τῆς
734 1566 1057 1637 ἐπουρανίου
1080 1570 1239 1635 Σιὼν,
1268 1576 1360 1627 καὶ
1384 1576 1485 1645 τῆς
1507 1578 1721 1650 ἀληθῶς
1747 1583 1985 1654 μεγάλης

402 1652 500 1707 τοῦ
526 1653 658 1708 Θεοῦ
691 1657 899 1722 πόλεως
931 1661 1277 1734 συνέστηκεν.
1308 1668 1422 1721 Οὐκ
1444 1669 1574 1739 ἐμὸς
1601 1671 1657 1723 δὲ
1685 1666 1834 1737 οὗτος
1854 1675 1881 1726 ὁ
1901 1652 1984 1729 λό-

403 1760 517 1812 γος,
550 1744 685 1797 ἀλλὰ
718 1748 809 1800 καὶ
842 1749 1001 1814 αὐτὸς
1038 1752 1130 1804 τοῦ
1167 1756 1433 1825 φήσαντος
1450 1759 1893 1818 Ἀποστὸλου’.Ἠ
1918 1765 1985 1819 δὲ

2099 668 2449 723 fundamenta
2470 676 2596 723 sunt
2620 670 2678 722 in
2706 670 2979 724 montibus
3008 668 3233 723 sanctis.
3258 667 3460 721 Locum
3487 662 3668 721 autem

2096 758 2329 826 explicat
2363 758 2655 827 Apostolus
2684 758 2769 811 his
2809 759 2992 812 verbis
3019 776 3032 811 :
3060 755 3479 827 Supertediﬁcati
3509 771 3665 824 super

2096 849 2495 917 fundamentum
2520 851 2879 919 apostolorum
2907 861 2954 904 et
2972 850 3362 918 prophetarum,
3382 849 3494 918 ipso
3514 862 3664 900 sum-

2096 956 2199 1001 mo.
2218 941 2461 1010 angulari
2508 941 2681 1009 lapide
2722 939 2853 995 Iesu
2883 940 3094 996 Christo
3116 942 3185 995 ⁷³.
3216 939 3281 992 Ει
3316 955 3444 994 vero
3466 939 3663 994 funda-

2094 1047 2274 1087 menta
2308 1036 2429 1103 ejus
2466 1049 2575 1088 non
2609 1034 2838 1089 interius
2872 1036 3050 1102 posita
3080 1042 3132 1087 et
3164 1047 3330 1103 penes
3360 1048 3464 1087 nos
3502 1038 3656 1098 sunt;

2092 1124 2187 1177 sed
2231 1140 2473 1189 sursum,
2500 1133 2553 1179 et
2581 1124 2635 1178 in
2670 1124 2738 1178 iis
2770 1125 2863 1193 qui
2898 1132 3111 1179 montes
3155 1123 3329 1178 sancti
3370 1131 3656 1177 vocantur.

2090 1214 2271 1279 Quare
2318 1215 2542 1279 dicitur,
2581 1214 2955 1270 Fundamenta
3001 1215 3113 1284 ejus
3148 1216 3203 1267 in
3236 1214 3502 1268 montibus
3529 1231 3659 1269 san-

2088 1307 2209 1359 ctis.
2257 1304 2339 1358 llli
2387 1321 2550 1375 porro
2580 1315 2796 1361 montes
2832 1306 3026 1368 sancti,
3059 1312 3188 1359 sunt
3218 1305 3341 1359 caeli
3366 1304 3653 1366 caelorum,

2088 1397 2181 1450 ubi
2230 1412 2483 1467 magnum
2534 1397 2666 1452 illud
2704 1399 3014 1453 institutum
3064 1394 3548 1452 cmlestis‘Sionis
3599 1404 3655 1449 et

2086 1503 2215 1543 vere
2242 1504 2451 1559 magnae
2479 1489 2574 1543 Dei
2597 1489 2835 1545 civitatis
2874 1489 3145 1543 consistit.
3170 1487 3355 1557 Neque
3378 1503 3533 1542 meus
3564 1486 3655 1540 hic

2087 1595 2267 1636 sermo
2298 1588 2402 1645 est,
2420 1581 2514 1637 sed
2545 1581 2792 1651 ejusdem
2819 1581 3063 1651 Apostoli
3096 1581 3329 1636 dicentis
3357 1599 3368 1633 :
3399 1579 3509 1634 Illa
3534 1594 3652 1633 vero

2085 1688 2201 1742 qua
2247 1689 2458 1727 sursum
2515 1683 2594 1728 est
2647 1672 2965 1736 Jerusalem,
3023 1673 3188 1726 libera
3244 1680 3357 1735 est,
3407 1686 3522 1741 qua:
3571 1676 3652 1724 est

2088 1774 2255 1820 mater
2284 1775 2466 1819 nostra
2494 1766 2568 1831 3°;
2596 1774 2672 1831 et,
2697 1766 3007 1819 Accessistis
3060 1766 3128 1818 ad
3160 1762 3289 1818 Sion
3325 1772 3572 1828 montem,
3597 1768 3652 1815 et

401 1833 524 1887 ἀνω
564 1836 947 1908 Ἰερουσαλὴμ
978 1844 1259 1914 ἐλευθέρα
1299 1850 1492 1915 ἐστὶν,
1531 1851 1663 1919 ἥτις
1692 1855 1823 1909 ἐστὶ
1867 1859 1961 1926 μή·

2085 1854 2347 1907 civitatem
2390 1853 2487 1908 Dei
2530 1856 2768 1919 viventis,
2806 1854 3105 1909 Jerusalem
3131 1854 3407 1919 caelestem,
3437 1861 3488 1906 et
3513 1851 3648 1905 mul-
3748 1870 3753 1875 ί

401 1941 512 1992 τηρ
569 1926 755 1995 ἡμῶν,
803 1932 929 1984 καί·
968 1937 1465 2004 Προσεληλύθατε
1518 1946 1671 1997 Σιὼν
1718 1945 1836 2013 ὄρει
1881 1949 1979 2004 καί

402 2016 572 2070 πόλει
617 2020 764 2074 Θεοῦ
804 2020 1037 2090 ζῶντος,
1056 2026 1441 2099 Ἰερουσαλὴμ
1480 2033 1831 2103 ἐποιιρανίῳ,
1880 2041 1977 2093 καὶ

395 2108 682 2177 μυριάσιν
695 2111 967 2181 ἀγγέλων
984 2121 1334 2188 πανηγύρει,
1355 2123 1453 2176 καὶ
1489 2125 1809 2194 Ἑκκλησίᾳ
1832 2146 1978 2196 πρωι

398 2201 659 2291 foedatur
711 2204 1250 2277 ἀπογεγραμμένων
1301 2213 1371 2266 ἐν
1421 2217 1716 2283 οιίρανοῖς.
1750 2206 1976 2291 ⁹Ταύτης

393 2285 488 2344 οὖν
520 2295 619 2362 τῆς
655 2295 895 2366 μεγάλης
924 2299 1129 2365 πόλεως
1160 2303 1255 2355 τοῦ
1288 2304 1422 2357 Θεοῦ
1464 2306 1628 2361 εἰκὼν
1665 2311 1763 2379 μὲν
1790 2329 1875 2383 ειη

393 2383 430 2455 ἡ
474 2384 565 2445 ἐπὶ
614 2386 716 2456 γῆς
755 2387 1046 2462 Ἐκκλησία
1079 2394 1172 2447 τοῦ
1206 2397 1374 2450 Θεοῦ·
1421 2399 1490 2451 τὰ
1527 2400 1583 2454 δέ
1627 2403 1971 2475 στηρίγματα

392 2476 563 2547 αὐτῆς
612 2481 705 2532 καὶ
755 2480 1011 2551 θεμέλιοι,
1043 2487 1091 2538 οἱ
1142 2488 1199 2540 ἐν
1246 2491 1354 2552 τοῖς
1398 2492 1807 2563 ἀποδεδομένοις
1837 2500 1970 2568 ἡμῖν

390 2569 569 2635 ἁγίοις
597 2571 778 2643 ὄρεσιν
800 2575 1186 2648 ὐφεστήκασιν·
1217 2585 1272 2634 αἰ
1301 2584 1356 2637 δὲ
1384 2586 1579 2640 εἴσοδοι
1613 2589 1706 2641 καὶ
1734 2591 1790 2643 αἱ
1817 2590 1967 2660 πρῶ-

391 2676 480 2714 ται
529 2664 894 2733 στοιχειώσεις
949 2670 1120 2741 αὐτῆς
1168 2674 1383 2746 ἐκείνης
1424 2678 1524 2746 τῆς
1565 2680 1968 2751 οὐρανοπόλεως

390 2750 624 2804 ἐνταῦθα
656 2756 980 2825 τυγχάνουσι
1032 2762 1161 2834 παρ’
1188 2764 1559 2839 ἡμῖν.“Ασπερ
1607 2750 1843 2835 εἰσόδους
1875 2774 1967 2826 καὶ

386 2842 696 2912 εἰσαγωγὰς
726 2847 820 2900 τοῦ
854 2848 1138 2917 θεοσεϐοῦς
1170 2856 1562 2927 πολιτεύματος
1615 2862 1787 2927 πύλας
1835 2865 1966 2918 ὠνό-

392 2948 532 2999 μασε
555 2934 691 2989 Σιὼν
715 2938 910 3007 όλόγος
950 2942 1175 3011 φάσκων
1192 2962 1205 2977 ο
1255 2947 1469 3016 Ἀγαπᾷ
1491 2953 1707 3018 Κύριος
1737 2954 1841 3020 τὰς
1860 2957 1966 3008 πύ-

386 3027 503 3090 λας
561 3026 715 3081 Σιὼν
784 3031 934 3099 ὑπὲρ
990 3034 1185 3089 πάντα
1238 3039 1309 3091 τὰ
1356 3040 1714 3111 σκηνώματα
1748 3047 1958 3102 Ἰακώϐ.

391 3113 731 3204 Σκηνώματα
755 3119 812 3172 δὲ
852 3122 1040 3175 Ἰακὼϐ
1071 3127 1126 3177 αἰ
1163 3128 1447 3183 Ἰουδαικαὶ
1492 3135 1833 3204 παραδόσεις,
1867 3141 1957 3193 καὶ

2083 1955 2256 2014 eorum
2284 1943 2513 1997 millium
2546 1944 2850 2015 angelorum
2879 1944 3249 2014 frequentiam,
3273 1952 3323 1997 et
3355 1942 3647 1996 Ecclesium

2075 2036 2461 2101 primitivorum
2512 2037 2602 2106 qui
2654 2035 2905 2104 descripti
2951 2045 3074 2089 sunt
3113 2037 3166 2089 in
3208 2035 3349 2089 caelis
3372 2034 3437 2090 δι.
3470 2033 3645 2104 Hujus

2076 2136 2259 2196 itaque
2306 2142 2517 2197 magna:
2564 2126 2657 2182 Dei
2714 2128 2950 2182 civitatis
2980 2127 3158 2197 imago
3204 2125 3366 2181 fuerit
3402 2124 3644 2180 Ecclesia

2076 2217 2191 2285 Dei,
2228 2235 2350 2288 qua:
2377 2227 2460 2276 est
2488 2221 2542 2274 in
2573 2226 2750 2288 terra;
2794 2219 2966 2273 fulcra
2993 2227 3171 2275 autem
3196 2226 3250 2274 et
3287 2217 3642 2271 fundamenta

2072 2312 2192 2380 ejus
2222 2328 2284 2366 ea
2332 2319 2482 2375 sunt,
2510 2327 2631 2382 qua)
2671 2317 2924 2384 superius
2955 2330 3050 2385 per
3080 2321 3291 2369 montes
3325 2318 3545 2369 sanctos
3572 2314 3643 2366 si-

2070 2401 2316 2470 gniﬁcari
2353 2402 2715 2469 tradidimus;
2749 2404 3028 2476 ingressus
3055 2414 3233 2461 autem
3255 2412 3308 2461 et
3333 2405 3489 2475 primi
3523 2404 3639 2458 adi-

2070 2501 2159 2550 tus
2190 2494 2430 2549 coelestis
2464 2494 2613 2549 illius
2643 2496 2879 2551 civitatis
2929 2499 3071 2567 apud
3102 2514 3205 2554 nos
3238 2504 3384 2553 sunt.
3421 2496 3525 2563 Qui
3554 2496 3639 2551 in-

2067 2600 2290 2655 gressus
2317 2595 2370 2640 et
2399 2587 2579 2642 aditus
2602 2588 2669 2642 ad
2696 2589 3009 2659 religiosum
3043 2591 3173 2644 illud
3196 2590 3527 2653 institutum,
3547 2590 3637 2644 hic

2068 2685 2239 2747 porta:
2270 2677 2403 2733 Sion
2427 2689 2712 2745 vocantur,
2746 2696 2870 2735 cum
2888 2681 3089 2737 dicitur
3117 2701 3130 2736 :
3161 2682 3349 2754 Diligit
3375 2682 3635 2736 Dominus

2065 2778 2247 2837 portas
2296 2770 2429 2825 Sion
2478 2788 2636 2841 super
2685 2774 2865 2826 omnia
2922 2774 3262 2829 tabernacula
3313 2773 3500 2828 Iacob.
3532 2772 3633 2828 Hic

2066 2872 2248 2916 autem
2273 2862 2403 2917 mihi
2437 2879 2531 2932 per
2563 2865 2652 2918 illa
2677 2865 3027 2919 tabernacula
3058 2864 3499 2931 JacobJudaicae
3520 2874 3633 2921 tra-

2064 2952 2299 3009 ditiones
2328 2962 2381 3009 et
2411 2954 2635 3011 Mosaici
2667 2958 2980 3026 corporales
3016 2959 3197 3014 cultus
3227 2958 3521 3029 signiﬁcari
3547 2960 3629 3014 vi-

2064 3046 2262 3102 dentur
2306 3066 2320 3102 :
2368 3050 2568 3119 quibus
2626 3054 3033 3122 praestantiores
3084 3054 3227 3124 apud
3279 3054 3448 3110 Deum
3503 3065 3632 3112 sunt

2064 3148 2233 3207 portae
2267 3138 2418 3205 Sion,
2469 3140 2520 3194 id
2555 3150 2658 3207 est,
2691 3142 2971 3213 ingressus
3010 3151 3064 3197 et
3092 3144 3272 3199 aditus
3303 3145 3366 3199 ad
3402 3160 3626 3216 regnum

384 3203 443 3255 αί
472 3206 612 3257 κατὰ
642 3207 919 3273 Μωῦσέως
953 3217 1263 3282 σωματικαὶ
1294 3203 1580 3289 θρησκεῑαι
1609 3226 1843 3287 ἐνταῦθά
1874 3247 1961 3299 μοι

2064 3230 2308 3293 cccleste,
2350 3231 2405 3285 in
2462 3231 2701 3288 Ecclesia
2747 3234 2995 3290 stabiliti.
3030 3234 3088 3289 ln
3121 3250 3184 3291 ea
3226 3252 3460 3307 namque
3511 3239 3627 3292 sola

382 3293 597 3392 δοκοῦσι
624 3298 901 3368 λέγεσθαι·
930 3298 1004 3357 ὧν
1033 3310 1421 3382 προτιμότεραι
1448 3316 1770 3386 τυγχάνουσι
1805 3293 1955 3392 παρὰ

380 3384 461 3454 τῷ
489 3385 607 3457 Θεῴ
649 3390 705 3441 αἰ
739 3390 903 3445 πύλαι
930 3394 1029 3464 τῆς
1056 3395 1213 3458 Σιὼν,
1246 3400 1521 3455 τουτέστιν
1548 3406 1602 3457 αἰ
1633 3407 1824 3461 εἴσοδοι
1863 3412 1956 3464 καὶ

381 3480 681 3569 εἰσαγωγαὶ
708 3482 807 3551 τῆς
828 3485 1150 3556 ἐπουρανίου
1186 3490 1457 3559 βασιλείας
1490 3497 1581 3549 ἐπί
1606 3499 1703 3569 τῆς
1736 3502 1954 3569 Ἐκκλη-

382 3552 826 3660 σίαξίδρυμέναι.
847 3573 932 3626 Ἑν
956 3552 1093 3649 μόνῃ
1111 3552 1218 3650 γὰρ
1240 3581 1409 3654 ταύτῃ
1435 3552 1953 3660 κηρύσσεταιήτῶν

376 3656 621 3729 οὐρανῶν
651 3660 893 3731 βασιλεία
911 3667 1053 3727 ,καὶ
1100 3668 1193 3721 τοῦ
1240 3674 1507 3743 σωτηρίου
1534 3693 1595 3743 γε
1624 3678 1951 3749 Εὐαγγελίου

376 3746 406 3798 ὁ
450 3750 556 3811 πᾶς
599 3752 796 3817 σκοπὸς
824 3756 999 3807 ἐκεῖσε
1037 3756 1413 3826 βλέπει.Ἐπεὶ
1448 3767 1542 3817 καὶ
1588 3769 1643 3820 αἰ
1695 3746 1950 3842 σωτήριοι

374 3840 719 3911 ἐπαγγελίαι,
761 3848 855 3900 καὶ
883 3848 941 3901 τὸ
965 3850 1314 3917 εὐαγγελικὺν
1340 3856 1619 3927 κήρυγμα,
1657 3862 1749 3913 καὶ
1778 3840 1948 3932 »γ’πά-

377 3947 445 3983 σα
477 3933 631 3997 ἐλπὶς
657 3935 752 3989 τοῦ
787 3938 927 3992 κατὰ
951 3942 1182 4012 Χριστὸν
1216 3945 1629 4017 πολιτεύματος,
1652 3953 1750 4023 τὴν
1798 3955 1948 4024 βασι-

372 4017 520 4074 λείαν
542 4022 650 4075 τῶν
668 4026 910 4096 οὐρανῶν
936 4032 1056 4101 ὁρᾷ.
1077 4032 1390 4105 Γέγραπται
1413 4038 1563 4105 γοῦν,
1584 4041 1663 4093 ὅτι
1689 4017 1946 4114 ἐκήρυξεν

370 4112 400 4163 ὁ
422 4112 630 4206 ,Σωτὴρ
660 4115 833 4183 λέγων
854 4133 869 4150 ·
904 4121 1177 4190 Ἤγγικεν
1207 4126 1244 4193 ἡ
1279 4128 1569 4190 ,ϐασιλεία
1608 4132 1726 4186 τῶν
1771 4112 1945 4206 οὐρα-

368 4201 861 4278 νῶν.Ἐμακάριζέ
903 4227 961 4263 τε
1008 4216 1131 4277 τοὺς
1164 4216 1344 4283 ἀξίους
1371 4220 1479 4273 τῶν
1522 4225 1736 4280 οἰκείων
1764 4246 1943 4299 μακα-

370 4294 611 4389 ρισμῶν,
643 4299 1108 4389 ἐπαγγελλόμενος
1154 4308 1335 4373 αὐτοῖς
1362 4310 1634 4380 βασιλείαν
1661 4294 1903 4389 οὐρανῶν
1926 4339 1938 4351 ’

368 4380 502 4435 ἀλλὰ
531 4385 623 4437 καὶ
650 4386 926 4443 ἐδίδασκεν
954 4391 1205 4463 εὔχεσθαι
1233 4400 1359 4463 τοὺς
1385 4404 1550 4457 αὐτοῦ
1577 4380 1822 4479 μαθητὰς
1849 4413 1941 4465 καὶ

365 4474 465 4544 τὴν
494 4474 600 4529 τῶν
630 4478 874 4545 οὐρανῶν
904 4482 1178 4552 βασιλείαν
1203 4487 1527 4552 ἐξαιτεῖσθαι
1558 4498 1859 4565 φάσκοντας
1882 4504 1939 4554 ἐν

363 4565 429 4635 τῇ
458 4571 728 4640 προσευχῇ
750 4586 763 4599 ο
791 4573 1108 4640 Γενηθήτω
1132 4576 1198 4629 τὸ
1233 4579 1459 4650 θέλημά
1486 4600 1621 4649 σου,
1653 4587 1868 4643 ἐλθέτω
1898 4593 1937 4660 ἠ
1972 4569 2015 4621 D

354 4657 645 4718 ,βασιλεία
672 4678 808 4716 σου.
834 4664 1069 4730 Εἰκότως
1095 4669 1271 4721 τοίνυν
1294 4673 1469 4727 πάντα
1493 4676 1562 4749 τὰ
1593 4679 1814 4735 τοιαῦτα
1836 4683 1937 4736 πύ-

360 4747 450 4802 λαι
475 4750 577 4820 τῆς
600 4751 707 4805 τῶν
732 4756 973 4825 οὐρανῶν
1006 4758 1282 4828 βασιλείας
1300 4747 1714 4839 ὠνομάσθησαν,
1742 4775 1935 4828 εἴσοδοί

358 4858 504 4905 τινες
538 4843 631 4896 καὶ
647 4847 946 4916 εἰσαγωγαὶ
971 4854 1334 4923 τυγχάνουσαι
1355 4858 1453 4928 τῆς
1480 4859 1656 4913 ἐκεῖσε
1687 4866 1928 4935 πορείας.

370 4931 585 5005 ’ᾼγαπᾷ
629 4937 808 4992 τοίνυν
857 4942 1061 5007 ταύτας
1111 4945 1210 5009 τὰς
1262 4948 1435 5011 πύλας
1476 4951 1575 5020 τῆς
1606 4954 1925 5027 ἐπουρανίου

356 5025 495 5081 Σιων
528 5028 669 5098 ὑπὲρ
716 5028 814 5093 τὰς
857 5034 1088 5102 νομικὰς
1120 5039 1211 5089 καὶ
1246 5038 1543 5105 Ἰουδαῖκὰς
1584 5025 1923 5115 συναγωγὰς,

356 5115 537 5189 ἅσπερ
564 5118 810 5189 ὠνόμασε
838 5124 1166 5195 σκηνώματα
1201 5130 1413 5186 Ἰακώϐ.
1446 5134 1612 5187 Οὐδὲν
1640 5136 1768 5203 γοῦν
1797 5142 1924 5210 παρ’

354 5209 585 5271 ἐκείνοις
612 5212 745 5281 περὶ,
774 5213 871 5282 τῆς
911 5215 1234 5287 ἐπουρανίου
1269 5221 1474 5285 πόλεως
1513 5225 1606 5279 τοῦ
1631 5228 1763 5281 Θεοῦ
1795 5209 1926 5300 μνη-

355 5299 657 5368 μονεύεται,
687 5303 806 5356 οὐδέ
832 5322 913 5368 τις
941 5309 1120 5371 αὐτοῖς
1153 5314 1350 5377 σκοπὸς
1386 5318 1511 5387 περὶ
1540 5317 1816 5387 βασιλείας
1844 5322 1927 5373 οὐ·

354 5393 532 5461 ρανῶν
575 5394 936 5461 ἐνεστι,κάτω
966 5400 1021 5452 δὲ
1060 5402 1127 5454 δι’
1156 5402 1276 5456 ὅλου
1310 5409 1618 5473 νενευκότες
1647 5411 1743 5473 τὰς
1773 5412 1923 5465 ἐλπί-

346 5484 444 5547 δας
470 5486 562 5539 ἐπὶ
584 5488 685 5557 γῆς
710 5488 889 5559 ἔχουσι
910 5531 924 5554 ,
959 5496 1050 5545 καὶ
1089 5495 1186 5558 τὰς
1212 5499 1540 5566 ἐπαγγελίας
1561 5503 1795 5557 ἐνταῦθά
1818 5523 1919 5557 που

2058 3320 2385 3389 praedicatur
2439 3339 2664 3393 regnum
2724 3327 2988 3379 cmlorum
3028 3346 3040 3380 :
3073 3335 3328 3397 totusque
3369 3329 3627 3385 salutaris

2057 3411 2333 3482 Evangelii
2392 3429 2591 3484 scopus
2636 3430 2703 3468 eo
2746 3417 2987 3487 respicit.
3043 3416 3319 3487 Siquidem
3363 3421 3625 3475 salutaria

2055 3502 2347 3569 promissa,
2385 3504 2694 3573 evangelica
2723 3508 3061 3576 praedicatio,
3080 3516 3302 3580 totaque
3326 3509 3624 3567 Christiani

2055 3592 2293 3647 instituti
2316 3610 2463 3665 spes,
2494 3611 2719 3666 regnum
2748 3599 3010 3654 cmlorum
3045 3611 3312 3670 spectant.
3347 3601 3622 3673 Scriptum

2052 3698 2136 3739 est
2186 3686 2330 3739 enim
2382 3687 2495 3741 haec
2543 3690 2872 3756 praedicasse
2911 3692 3245 3747 Salvatorem
3277 3710 3289 3746 :
3322 3693 3622 3764 Appropin-

2050 3777 2227 3845 quavit
2242 3793 2455 3846 regnum
2478 3779 2724 3833 caelorum
2740 3784 2820 3850 ⁸²;
2852 3784 3073 3853 ipseque
3101 3784 3288 3841 beatos
3311 3788 3622 3856 praedicavit

2050 3884 2145 3923 eos
2183 3870 2275 3939 qui
2322 3871 2542 3941 prapria
2582 3874 2687 3928 sibi
2721 3875 3060 3932 beatitudine
3094 3877 3243 3948 digni
3279 3887 3427 3945 sunt,
3454 3880 3620 3950 ipsis-

2047 3975 2154 4028 que
2191 3975 2415 4031 regnum
2451 3965 2714 4018 cmlorum
2745 3967 3029 4035 pollicitus.
3057 3978 3139 4025 est
3162 3986 3177 4035 ;
3201 3970 3311 4025 imo
3340 3970 3503 4026 etiam
3535 3971 3619 4027 (11⁴

2048 4052 2289 4121 scipulos
2322 4068 2452 4109 suos
2476 4056 2749 4124 precandi
2768 4065 2823 4112 et
2850 4074 3077 4129 regnum
3109 4062 3370 4116 caelorum
3398 4064 3627 4131 petendi

2048 4142 2267 4196 modum
2308 4143 2549 4212 edocuit,
2580 4146 2723 4201 hanc
2763 4151 3030 4206 orationis
3076 4151 3305 4208 formam
3350 4154 3571 4209 tradens
3598 4174 3621 4210 τ

2046 4227 2173 4284 Fiat
2216 4233 2459 4288 voluntas
2513 4236 2918 4299 tua,,adveniat
2963 4257 3180 4310 regnum
3221 4250 3369 4296 tuum
3385 4244 3450 4299 ⁸³.
3483 4242 3619 4299 Jure

2043 4337 2172 4393 ergo
2206 4324 2319 4378 haec
2353 4327 2533 4381 omnia
2565 4336 2734 4397 portae
2762 4331 2912 4401 regni
2953 4334 3217 4387 cmlorum
3242 4342 3433 4389 vocata
3465 4348 3613 4402 sunt,

2044 4422 2227 4482 utpote
2261 4417 2544 4486 ingressus
2568 4419 2859 4490 aditusque
2892 4422 3111 4479 itineris
3142 4424 3237 4478 illo
3267 4424 3611 4481 instituendi.

2042 4504 2228 4575 Diligit
2278 4523 2408 4579 ergo
2448 4508 2714 4567 Dominus
2776 4513 2875 4568 has
2927 4515 3170 4571 caelestis
3201 4515 3382 4572 Sionis
3425 4526 3612 4586 portas

2042 4595 2166 4666 plus
2221 4612 2386 4666 quam
2446 4613 2637 4655 omnes
2677 4601 2878 4667 legales
2910 4610 2964 4657 et
2998 4602 3255 4660 Judaicas
3285 4621 3607 4678 synagogas,

2040 4701 2177 4756 quas
2230 4688 2584 4743 tabernacula
2631 4690 2802 4747 Jacob
2846 4695 3156 4763 appellavit.
3194 4694 3348 4765 Apud
3391 4696 3610 4754 Judaeos

2036 4781 2183 4831 enim
2225 4779 2466 4834 cmlestis
2503 4780 2594 4833 illa
2633 4781 2726 4837 Dei
2757 4784 2950 4839 civitas
2981 4786 3297 4841 nullatenus
3334 4803 3609 4845 memora-

2037 4876 2146 4931 tur,
2172 4884 2349 4938 neque
2369 4886 2468 4939 pro
2496 4887 2664 4942 scopo
2691 4873 2891 4929 habent
2915 4875 3020 4944 ipsi
3051 4892 3274 4947 regnum
3305 4879 3567 4933 caelorum
3589 4899 3613 4946 ;‘

2034 4961 2130 5015 sed
2159 4962 2414 5017 deorsum
2460 4967 2639 5034 proni,
2669 4967 2722 5019 in
2759 4974 2904 5021 terra
2950 4984 3100 5038 spem
3136 4969 3356 5035 habent,
3390 4980 3445 5026 et
3474 4988 3605 5042 pro-

2034 5053 2203 5110 missa
2259 5056 2365 5110 sibi
2415 5056 2542 5112 data
2586 5059 2676 5113 hic
2707 5068 3028 5129 exspectant
3059 5081 3070 5115 :
3104 5077 3272 5130 quare
3299 5071 3468 5132 porta:
3500 5064 3613 5119 illae

2034 5144 2273 5199 cmlestis
2315 5143 2466 5207 Sion,
2498 5163 2634 5217 quas
2664 5164 2825 5217 supra
2861 5149 3282 5215 declaravimus,
3312 5152 3514 5220 majore
3546 5154 3612 5206 in

2034 5236 2208 5305 pretio
2257 5237 2398 5311 apud
2455 5237 2622 5293 Deum
2703 5240 2991 5304 habentur,
3030 5257 3191 5311 quam
3252 5244 3615 5299 tabernacula-

2030 5322 2217 5379 .lacob.
2239 5304 2407 5395 cujus
2432 5327 2613 5384 Sionis
2638 5329 2990 5385 fundamenta
3026 5304 3132 5387 non
3162 5333 3250 5387 hic
3274 5341 3325 5387 et
3352 5335 3405 5388 in
3427 5342 3596 5399 terra,

2030 5415 2219 5469 humili
2268 5416 2388 5471 loco
2425 5418 2601 5486 posita
2629 5428 2790 5486 sunt,
2826 5421 2921 5476 sed
2951 5423 3005 5476 in
3040 5425 3319 5480 montibus
3363 5426 3601 5489 sanctis,

2026 5508 2103 5560 uti
2132 5524 2296 5568 supra
2334 5511 2748 5578 explicavimus.

346 5579 729 5646 προσ-σωκῶσι·
768 5581 846 5635 διὸ
875 5587 1261 5658 προτιμότεραι
1296 5590 1443 5661 παρὰ
1470 5592 1544 5663 τῷ
1575 5594 1692 5665 Θεῷ
1722 5598 2043 5666 τυγχάνουσι
2071 5600 2178 5653 τῶν
2229 5602 2598 5672 σκηνωμάτων
2630 5604 2820 5657 Ἰακὼϐ
2870 5607 2923 5657 αί
2983 5605 3404 5675 προδηλωθεῖσαι
3464 5608 3616 5677 ἡμῖν-

412 5732 455 5762 ⁷⁹
499 5729 697 5802 Ephes.
736 5752 808 5801 ιι,
841 5736 929 5791 9.0.
1007 5739 1052 5771 ⁸ο
1093 5740 1212 5796 Gul.
1253 5759 1325 5810 ιν,
1360 5745 1450 5801 ‘26.
1530 5748 1570 5780 ⁸¹
1614 5747 1776 5807 Hebr.
1815 5768 1920 5818 xu,
1954 5766 1961 5806 ἱ

2092 5754 2183 5811 25.
2260 5758 2303 5788 ⁸³
2347 5756 2535 5812 Matth.
2574 5774 2604 5812 Χ
2632 5799 2646 5824 ,
2688 5759 2737 5815 7.

2815 5760 2859 5792 ⁸³
2899 5758 3087 5815 Matth.
3122 5778 3209 5829 γι,
3249 5762 3334 5817 l0.
