  <div class='ocr_page' id='page_1' title='image "/cluster/home/n/w/nwhite01/storage/ocr_20150623/23/nnc1.0046978313/549.png"; bbox 0 0 4092 6404; ppageno 0'>
   <div class='ocr_carea' id='block_1_1' title="bbox 434 334 568 393">
    <p class='ocr_par' dir='ltr' id='par_1_1' title="bbox 434 334 568 393">
     <span class='ocr_line' id='line_1_1' title="bbox 434 334 568 393; baseline 0.03 -4"><span class='ocrx_word' id='word_1_1' title='bbox 434 334 568 393; x_wconf 71' lang='grc'><strong>1047</strong></span> 
     </span>
    </p>
   </div>
   <div class='ocr_carea' id='block_1_2' title="bbox 1130 331 2989 395">
    <p class='ocr_par' dir='ltr' id='par_1_2' title="bbox 1130 331 2989 395">
     <span class='ocr_line' id='line_1_2' title="bbox 1130 331 2989 395; baseline -0.001 -3"><span class='ocrx_word' id='word_1_2' title='bbox 1130 337 1397 395; x_wconf 83' lang='lat' dir='ltr'><strong>EUSEBII</strong></span> <span class='ocrx_word' id='word_1_3' title='bbox 1437 337 1919 395; x_wconf 66' lang='lat' dir='ltr'><strong>CzESARlENSlS</strong></span> <span class='ocrx_word' id='word_1_4' title='bbox 1945 335 2095 394; x_wconf 83' lang='lat' dir='ltr'><strong>OPP.</strong></span> <span class='ocrx_word' id='word_1_5' title='bbox 2127 334 2307 393; x_wconf 82' lang='lat' dir='ltr'><strong>PARS</strong></span> <span class='ocrx_word' id='word_1_6' title='bbox 2348 333 2434 391; x_wconf 78' lang='lat' dir='ltr'><strong>Ili.</strong></span> <span class='ocrx_word' id='word_1_7' title='bbox 2475 365 2543 375; x_wconf 91' lang='lat'><strong>—</strong></span> <span class='ocrx_word' id='word_1_8' title='bbox 2581 331 2989 391; x_wconf 69' lang='lat' dir='ltr'><strong>EXEGETICA.</strong></span> 
     </span>
    </p>
   </div>
   <div class='ocr_carea' id='block_1_3' title="bbox 3530 335 3668 391">
    <p class='ocr_par' dir='ltr' id='par_1_3' title="bbox 3530 335 3668 391">
     <span class='ocr_line' id='line_1_3' title="bbox 3530 335 3668 391; baseline 0.014 -1"><span class='ocrx_word' id='word_1_9' title='bbox 3530 335 3668 391; x_wconf 76' lang='lat' dir='ltr'><strong>ms</strong></span> 
     </span>
    </p>
   </div>
   <div class='ocr_carea' id='block_1_4' title="bbox 429 448 3665 528">
    <p class='ocr_par' dir='ltr' id='par_1_4' title="bbox 429 448 3665 528">
     <span class='ocr_line' id='line_1_4' title="bbox 429 448 3665 528; baseline -0.002 -16"><span class='ocrx_word' id='word_1_10' title='bbox 429 458 592 512; x_wconf 81' lang='grc' dir='ltr'><strong>πύλαι</strong></span> <span class='ocrx_word' id='word_1_11' title='bbox 642 458 742 528; x_wconf 82' lang='grc' dir='ltr'><strong>τῆς</strong></span> <span class='ocrx_word' id='word_1_12' title='bbox 788 458 1108 528; x_wconf 80' lang='grc' dir='ltr'><strong>ἐπουρανίου</strong></span> <span class='ocrx_word' id='word_1_13' title='bbox 1136 458 1270 512; x_wconf 85' lang='grc' dir='ltr'><strong>Σιών</strong></span> <span class='ocrx_word' id='word_1_14' title='bbox 1290 475 1303 487; x_wconf 90' lang='grc'><strong>·</strong></span> <span class='ocrx_word' id='word_1_15' title='bbox 1329 451 1396 527; x_wconf 82' lang='grc' dir='ltr'><strong>ἦς</strong></span> <span class='ocrx_word' id='word_1_16' title='bbox 1423 458 1472 510; x_wconf 87' lang='grc' dir='ltr'><strong>οἱ</strong></span> <span class='ocrx_word' id='word_1_17' title='bbox 1500 457 1737 528; x_wconf 82' lang='grc' dir='ltr'><strong>θεμέλιοι</strong></span> <span class='ocrx_word' id='word_1_18' title='bbox 1776 456 1875 508; x_wconf 76' lang='grc' dir='ltr'><strong>οὐκ</strong></span> <span class='ocrx_word' id='word_1_19' title='bbox 1923 453 2153 509; x_wconf 74' lang='grc' dir='ltr'><strong>ἐνταῦθα</strong></span> <span class='ocrx_word' id='word_1_20' title='bbox 2183 454 2331 509; x_wconf 89' lang='grc' dir='ltr'><strong>κάτω</strong></span> <span class='ocrx_word' id='word_1_21' title='bbox 2356 468 2457 504; x_wconf 79' lang='grc' dir='ltr'><strong>που</strong></span> <span class='ocrx_word' id='word_1_22' title='bbox 2516 449 2609 503; x_wconf 75' lang='grc' dir='ltr'><strong>ἐπὶ</strong></span> <span class='ocrx_word' id='word_1_23' title='bbox 2658 449 2780 519; x_wconf 84' lang='grc' dir='ltr'><strong>γῆς,</strong></span> <span class='ocrx_word' id='word_1_24' title='bbox 2802 449 2913 504; x_wconf 89' lang='grc' dir='ltr'><strong>ἀλλ’</strong></span> <span class='ocrx_word' id='word_1_25' title='bbox 2931 452 2988 504; x_wconf 83' lang='grc' dir='ltr'><strong>ὲν</strong></span> <span class='ocrx_word' id='word_1_26' title='bbox 3010 450 3120 514; x_wconf 86' lang='grc' dir='ltr'><strong>τοῖς</strong></span> <span class='ocrx_word' id='word_1_27' title='bbox 3173 448 3321 522; x_wconf 76' lang='grc' dir='ltr'><strong>ὄρεσι</strong></span> <span class='ocrx_word' id='word_1_28' title='bbox 3346 451 3456 515; x_wconf 81' lang='grc' dir='ltr'><strong>τοῖς</strong></span> <span class='ocrx_word' id='word_1_29' title='bbox 3492 451 3665 521; x_wconf 86' lang='grc' dir='ltr'><strong>ἀγίοις</strong></span> 
     </span>
    </p>
   </div>
   <div class='ocr_carea' id='block_1_5' title="bbox 431 548 1476 623">
    <p class='ocr_par' dir='ltr' id='par_1_5' title="bbox 431 548 1476 623">
     <span class='ocr_line' id='line_1_5' title="bbox 431 548 1476 623; baseline -0.003 -18"><span class='ocrx_word' id='word_1_30' title='bbox 431 552 754 623; x_wconf 73' lang='grc' dir='ltr'><strong>ὑπάρχουσι,</strong></span> <span class='ocrx_word' id='word_1_31' title='bbox 783 554 897 613; x_wconf 85' lang='grc' dir='ltr'><strong>τοῖς</strong></span> <span class='ocrx_word' id='word_1_32' title='bbox 924 548 1267 622; x_wconf 84' lang='grc' dir='ltr'><strong>προτεθεωρη</strong></span> <span class='ocrx_word' id='word_1_33' title='bbox 1276 550 1476 619; x_wconf 85' lang='grc' dir='ltr'><strong>μένοις.</strong></span> 
     </span>
    </p>
   </div>
   <div class='ocr_carea' id='block_1_6' title="bbox 500 653 1990 736">
    <p class='ocr_par' dir='ltr' id='par_1_6' title="bbox 500 663 1990 736">
     <span class='ocr_line' id='line_1_6' title="bbox 500 663 1990 736; baseline -0.001 -19"><span class='ocrx_word' id='word_1_34' title='bbox 500 663 803 719; x_wconf 74' lang='lat' dir='ltr'><strong>Memorabo</strong></span> <span class='ocrx_word' id='word_1_35' title='bbox 834 663 1016 718; x_wconf 82' lang='lat' dir='ltr'><strong>Ralmb</strong></span> <span class='ocrx_word' id='word_1_36' title='bbox 1052 674 1101 718; x_wconf 91' lang='lat' dir='ltr'><strong>et</strong></span> <span class='ocrx_word' id='word_1_37' title='bbox 1123 665 1447 736; x_wconf 77' lang='lat' dir='ltr'><strong>Babylonem</strong></span> <span class='ocrx_word' id='word_1_38' title='bbox 1486 667 1768 721; x_wconf 71' lang='lat' dir='ltr'><strong>scientibus</strong></span> <span class='ocrx_word' id='word_1_39' title='bbox 1791 683 1890 720; x_wconf 87' lang='lat' dir='ltr'><strong>me.</strong></span> <span class='ocrx_word' id='word_1_40' title='bbox 1922 664 1990 718; x_wconf 85' lang='lat' dir='ltr'><strong>Et</strong></span> 
     </span>
    </p>
   </div>
   <div class='ocr_carea' id='block_1_7' title="bbox 2088 653 3665 736">
    <p class='ocr_par' dir='ltr' id='par_1_7' title="bbox 2160 653 3665 729">
     <span class='ocr_line' id='line_1_7' title="bbox 2160 653 3665 729; baseline 0.003 -19"><span class='ocrx_word' id='word_1_41' title='bbox 2160 653 2599 723; x_wconf 71' lang='grc' dir='ltr'><strong>Μνησθήσομαι</strong></span> <span class='ocrx_word' id='word_1_42' title='bbox 2626 654 2803 709; x_wconf 78' lang='grc' dir='ltr'><strong>Ῥαὰϐ</strong></span> <span class='ocrx_word' id='word_1_43' title='bbox 2824 655 2921 709; x_wconf 76' lang='grc' dir='ltr'><strong>καὶ</strong></span> <span class='ocrx_word' id='word_1_44' title='bbox 2956 656 3313 724; x_wconf 77' lang='grc' dir='ltr'><em>Βαϐυλῶνος</em></span> <span class='ocrx_word' id='word_1_45' title='bbox 3342 658 3465 726; x_wconf 86' lang='grc' dir='ltr'><strong>τοῖς</strong></span> <span class='ocrx_word' id='word_1_46' title='bbox 3494 660 3665 729; x_wconf 77' lang='grc' dir='ltr'><em>τινώ-</em></span> 
     </span>
    </p>
   </div>
   <div class='ocr_carea' id='block_1_8' title="bbox 425 756 1994 827">
    <p class='ocr_par' dir='ltr' id='par_1_8' title="bbox 425 756 1994 827">
     <span class='ocr_line' id='line_1_8' title="bbox 425 756 1994 827; baseline 0 -16"><span class='ocrx_word' id='word_1_47' title='bbox 425 772 542 811; x_wconf 83' lang='lat' dir='ltr'><strong>ecce</strong></span> <span class='ocrx_word' id='word_1_48' title='bbox 563 756 866 827; x_wconf 68' lang='lat' dir='ltr'><strong>alienigena:</strong></span> <span class='ocrx_word' id='word_1_49' title='bbox 906 765 954 810; x_wconf 92' lang='lat' dir='ltr'><strong>et</strong></span> <span class='ocrx_word' id='word_1_50' title='bbox 1009 757 1178 826; x_wconf 75' lang='lat' dir='ltr'><strong>Tyrus</strong></span> <span class='ocrx_word' id='word_1_51' title='bbox 1231 767 1279 810; x_wconf 90' lang='lat' dir='ltr'><strong>et</strong></span> <span class='ocrx_word' id='word_1_52' title='bbox 1321 757 1542 826; x_wconf 83' lang='lat' dir='ltr'><strong>populus</strong></span> <span class='ocrx_word' id='word_1_53' title='bbox 1574 756 1906 827; x_wconf 61' lang='lat' dir='ltr'><strong>Ait/timum,</strong></span> <span class='ocrx_word' id='word_1_54' title='bbox 1939 758 1994 811; x_wconf 83' lang='lat' dir='ltr'><strong>hi</strong></span> 
     </span>
    </p>
   </div>
   <div class='ocr_carea' id='block_1_9' title="bbox 427 846 1995 921">
    <p class='ocr_par' dir='ltr' id='par_1_9' title="bbox 427 846 1995 921">
     <span class='ocr_line' id='line_1_9' title="bbox 427 846 1995 921; baseline 0.001 -19"><span class='ocrx_word' id='word_1_55' title='bbox 427 850 556 918; x_wconf 71' lang='lat' dir='ltr'><strong>[acti</strong></span> <span class='ocrx_word' id='word_1_56' title='bbox 595 858 716 903; x_wconf 84' lang='lat' dir='ltr'><strong>sunt</strong></span> <span class='ocrx_word' id='word_1_57' title='bbox 743 849 871 902; x_wconf 82' lang='lat' dir='ltr'><strong>illic.</strong></span> <span class='ocrx_word' id='word_1_58' title='bbox 908 846 1015 902; x_wconf 89' lang='lat' dir='ltr'><strong>Pro</strong></span> <span class='ocrx_word' id='word_1_59' title='bbox 1050 849 1164 909; x_wconf 87' lang='lat' dir='ltr'><strong>illo.</strong></span> <span class='ocrx_word' id='word_1_60' title='bbox 1196 849 1497 904; x_wconf 76' lang='lat' dir='ltr'><strong>Memorabo</strong></span> <span class='ocrx_word' id='word_1_61' title='bbox 1524 849 1707 904; x_wconf 77' lang='lat' dir='ltr'><strong>Rahab</strong></span> <span class='ocrx_word' id='word_1_62' title='bbox 1740 860 1791 906; x_wconf 92' lang='lat' dir='ltr'><strong>et</strong></span> <span class='ocrx_word' id='word_1_63' title='bbox 1819 851 1995 921; x_wconf 80' lang='lat' dir='ltr'><strong>Baby-</strong></span> 
     </span>
    </p>
   </div>
   <div class='ocr_carea' id='block_1_10' title="bbox 428 939 2016 1025">
    <p class='ocr_par' dir='ltr' id='par_1_10' title="bbox 428 939 2016 1025">
     <span class='ocr_line' id='line_1_10' title="bbox 428 939 2016 1025; baseline 0.002 -32"><span class='ocrx_word' id='word_1_64' title='bbox 428 940 618 1005; x_wconf 79' lang='lat' dir='ltr'><strong>lonem,</strong></span> <span class='ocrx_word' id='word_1_65' title='bbox 652 940 845 1009; x_wconf 79' lang='lat' dir='ltr'><strong>Aquila</strong></span> <span class='ocrx_word' id='word_1_66' title='bbox 876 940 1027 1002; x_wconf 88' lang='lat' dir='ltr'><strong>dicit,</strong></span> <span class='ocrx_word' id='word_1_67' title='bbox 1072 939 1380 995; x_wconf 82' lang='lat' dir='ltr'><strong>Memorabo</strong></span> <span class='ocrx_word' id='word_1_68' title='bbox 1409 942 1659 1011; x_wconf 86' lang='lat' dir='ltr'><strong>impetum</strong></span> <span class='ocrx_word' id='word_1_69' title='bbox 1681 953 1728 996; x_wconf 85' lang='lat' dir='ltr'><strong>et</strong></span> <span class='ocrx_word' id='word_1_70' title='bbox 1758 942 2016 1025; x_wconf 31' lang='lat' dir='ltr'><strong>Babyloj</strong></span> 
     </span>
    </p>
   </div>
   <div class='ocr_carea' id='block_1_11' title="bbox 427 1030 1993 1103">
    <p class='ocr_par' dir='ltr' id='par_1_11' title="bbox 427 1030 1993 1103">
     <span class='ocr_line' id='line_1_11' title="bbox 427 1030 1993 1103; baseline 0.003 -18"><span class='ocrx_word' id='word_1_71' title='bbox 427 1048 578 1095; x_wconf 84' lang='lat' dir='ltr'><strong>nem;</strong></span> <span class='ocrx_word' id='word_1_72' title='bbox 629 1030 1013 1102; x_wconf 86' lang='lat' dir='ltr'><strong>Symmachus,</strong></span> <span class='ocrx_word' id='word_1_73' title='bbox 1051 1031 1308 1087; x_wconf 79' lang='lat' dir='ltr'><strong>Memoria</strong></span> <span class='ocrx_word' id='word_1_74' title='bbox 1349 1044 1577 1102; x_wconf 78' lang='lat' dir='ltr'><strong>repetam</strong></span> <span class='ocrx_word' id='word_1_75' title='bbox 1621 1035 1917 1103; x_wconf 75' lang='lat' dir='ltr'><strong>superbiam</strong></span> <span class='ocrx_word' id='word_1_76' title='bbox 1943 1045 1993 1090; x_wconf 81' lang='lat' dir='ltr'><strong>et</strong></span> 
     </span>
    </p>
   </div>
   <div class='ocr_carea' id='block_1_12' title="bbox 426 1122 1991 1197">
    <p class='ocr_par' dir='ltr' id='par_1_12' title="bbox 426 1122 1991 1197">
     <span class='ocr_line' id='line_1_12' title="bbox 426 1122 1991 1197; baseline 0.002 -19"><span class='ocrx_word' id='word_1_77' title='bbox 426 1122 771 1193; x_wconf 77' lang='lat' dir='ltr'><strong>Babylonem.</strong></span> <span class='ocrx_word' id='word_1_78' title='bbox 803 1122 1040 1180; x_wconf 65' lang='lat' dir='ltr'><strong>IEstimo</strong></span> <span class='ocrx_word' id='word_1_79' title='bbox 1071 1135 1248 1178; x_wconf 89' lang='lat' dir='ltr'><strong>autem</strong></span> <span class='ocrx_word' id='word_1_80' title='bbox 1283 1140 1379 1194; x_wconf 84' lang='lat' dir='ltr'><strong>per</strong></span> <span class='ocrx_word' id='word_1_81' title='bbox 1408 1124 1758 1196; x_wconf 82' lang='lat' dir='ltr'><strong>Babylonem,</strong></span> <span class='ocrx_word' id='word_1_82' title='bbox 1790 1125 1991 1197; x_wconf 82' lang='lat' dir='ltr'><strong>Tyrum</strong></span> 
     </span>
    </p>
   </div>
   <div class='ocr_carea' id='block_1_13' title="bbox 426 1212 1994 1284">
    <p class='ocr_par' dir='ltr' id='par_1_13' title="bbox 426 1212 1994 1284">
     <span class='ocr_line' id='line_1_13' title="bbox 426 1212 1994 1284; baseline 0.001 -16"><span class='ocrx_word' id='word_1_83' title='bbox 426 1221 481 1268; x_wconf 87' lang='lat' dir='ltr'><strong>et</strong></span> <span class='ocrx_word' id='word_1_84' title='bbox 510 1212 720 1276; x_wconf 82' lang='lat' dir='ltr'><strong>Rahab,</strong></span> <span class='ocrx_word' id='word_1_85' title='bbox 754 1221 808 1269; x_wconf 87' lang='lat' dir='ltr'><strong>et</strong></span> <span class='ocrx_word' id='word_1_86' title='bbox 862 1228 959 1283; x_wconf 86' lang='lat' dir='ltr'><strong>per</strong></span> <span class='ocrx_word' id='word_1_87' title='bbox 1004 1214 1337 1284; x_wconf 77' lang='lat' dir='ltr'><strong>alienigenas</strong></span> <span class='ocrx_word' id='word_1_88' title='bbox 1383 1229 1446 1269; x_wconf 88' lang='lat' dir='ltr'><strong>ac</strong></span> <span class='ocrx_word' id='word_1_89' title='bbox 1493 1217 1748 1284; x_wconf 89' lang='lat' dir='ltr'><strong>populum</strong></span> <span class='ocrx_word' id='word_1_90' title='bbox 1779 1214 1994 1270; x_wconf 62' lang='lat' dir='ltr'><strong>Ethio-</strong></span> 
     </span>
    </p>
   </div>
   <div class='ocr_carea' id='block_1_14' title="bbox 426 1306 1994 1377">
    <p class='ocr_par' dir='ltr' id='par_1_14' title="bbox 426 1306 1994 1377">
     <span class='ocr_line' id='line_1_14' title="bbox 426 1306 1994 1377; baseline 0.004 -20"><span class='ocrx_word' id='word_1_91' title='bbox 426 1320 578 1376; x_wconf 87' lang='lat' dir='ltr'><strong>pnm,</strong></span> <span class='ocrx_word' id='word_1_92' title='bbox 610 1306 945 1360; x_wconf 81' lang='lat' dir='ltr'><strong>vocationem</strong></span> <span class='ocrx_word' id='word_1_93' title='bbox 978 1309 1217 1376; x_wconf 85' lang='lat' dir='ltr'><strong>gentium</strong></span> <span class='ocrx_word' id='word_1_94' title='bbox 1249 1307 1582 1368; x_wconf 87' lang='lat' dir='ltr'><strong>adumbrari,</strong></span> <span class='ocrx_word' id='word_1_95' title='bbox 1611 1323 1729 1376; x_wconf 71' lang='lat' dir='ltr'><strong>qua:</strong></span> <span class='ocrx_word' id='word_1_96' title='bbox 1758 1323 1787 1360; x_wconf 90' lang='lat' dir='ltr'><strong>a</strong></span> <span class='ocrx_word' id='word_1_97' title='bbox 1815 1309 1994 1377; x_wconf 86' lang='lat' dir='ltr'><strong>priore</strong></span> 
     </span>
    </p>
   </div>
   <div class='ocr_carea' id='block_1_15' title="bbox 426 1392 1993 1464">
    <p class='ocr_par' dir='ltr' id='par_1_15' title="bbox 426 1392 1993 1464">
     <span class='ocr_line' id='line_1_15' title="bbox 426 1392 1993 1464; baseline -0.001 -15"><span class='ocrx_word' id='word_1_98' title='bbox 426 1392 681 1449; x_wconf 81' lang='lat' dir='ltr'><strong>instituto</strong></span> <span class='ocrx_word' id='word_1_99' title='bbox 710 1402 930 1448; x_wconf 73' lang='lat' dir='ltr'><strong>mutatae</strong></span> <span class='ocrx_word' id='word_1_100' title='bbox 960 1404 1013 1448; x_wconf 86' lang='lat' dir='ltr'><strong>et</strong></span> <span class='ocrx_word' id='word_1_101' title='bbox 1052 1395 1347 1458; x_wconf 67' lang='lat' dir='ltr'><strong>translatae,</strong></span> <span class='ocrx_word' id='word_1_102' title='bbox 1381 1396 1793 1464; x_wconf 88' lang='lat' dir='ltr'><strong>regeneratione</strong></span> <span class='ocrx_word' id='word_1_103' title='bbox 1824 1395 1879 1448; x_wconf 90' lang='lat' dir='ltr'><strong>in</strong></span> <span class='ocrx_word' id='word_1_104' title='bbox 1914 1396 1993 1449; x_wconf 86' lang='lat' dir='ltr'><strong>ci-</strong></span> 
     </span>
    </p>
   </div>
   <div class='ocr_carea' id='block_1_16' title="bbox 424 1482 1991 1555">
    <p class='ocr_par' dir='ltr' id='par_1_16' title="bbox 424 1482 1991 1555">
     <span class='ocr_line' id='line_1_16' title="bbox 424 1482 1991 1555; baseline 0.001 -18"><span class='ocrx_word' id='word_1_105' title='bbox 424 1483 595 1538; x_wconf 79' lang='lat' dir='ltr'><strong>vitate</strong></span> <span class='ocrx_word' id='word_1_106' title='bbox 645 1482 736 1538; x_wconf 87' lang='lat' dir='ltr'><strong>Dei</strong></span> <span class='ocrx_word' id='word_1_107' title='bbox 775 1482 1011 1554; x_wconf 74' lang='lat' dir='ltr'><strong>dignata:</strong></span> <span class='ocrx_word' id='word_1_108' title='bbox 1041 1494 1171 1539; x_wconf 83' lang='lat' dir='ltr'><strong>sunt</strong></span> <span class='ocrx_word' id='word_1_109' title='bbox 1208 1503 1221 1538; x_wconf 91' lang='lat'><strong>:</strong></span> <span class='ocrx_word' id='word_1_110' title='bbox 1254 1498 1392 1554; x_wconf 87' lang='lat' dir='ltr'><strong>quas</strong></span> <span class='ocrx_word' id='word_1_111' title='bbox 1424 1485 1624 1555; x_wconf 84' lang='lat' dir='ltr'><strong>prioris</strong></span> <span class='ocrx_word' id='word_1_112' title='bbox 1655 1487 1869 1555; x_wconf 69' lang='lat' dir='ltr'><strong>geneﬁs</strong></span> <span class='ocrx_word' id='word_1_113' title='bbox 1906 1487 1991 1541; x_wconf 90' lang='lat' dir='ltr'><strong>sui</strong></span> 
     </span>
    </p>
   </div>
   <div class='ocr_carea' id='block_1_17' title="bbox 425 1575 1993 1645">
    <p class='ocr_par' dir='ltr' id='par_1_17' title="bbox 425 1575 1993 1645">
     <span class='ocr_line' id='line_1_17' title="bbox 425 1575 1993 1645; baseline 0.002 -16"><span class='ocrx_word' id='word_1_114' title='bbox 425 1591 696 1631; x_wconf 84' lang='lat' dir='ltr'><strong>memores</strong></span> <span class='ocrx_word' id='word_1_115' title='bbox 722 1591 846 1631; x_wconf 86' lang='lat' dir='ltr'><strong>esse</strong></span> <span class='ocrx_word' id='word_1_116' title='bbox 868 1592 1046 1632; x_wconf 87' lang='lat' dir='ltr'><strong>sermo</strong></span> <span class='ocrx_word' id='word_1_117' title='bbox 1071 1577 1292 1645; x_wconf 81' lang='lat' dir='ltr'><strong>expetit.</strong></span> <span class='ocrx_word' id='word_1_118' title='bbox 1319 1575 1449 1629; x_wconf 85' lang='lat' dir='ltr'><strong>Nam</strong></span> <span class='ocrx_word' id='word_1_119' title='bbox 1481 1592 1602 1630; x_wconf 90' lang='lat' dir='ltr'><strong>cum</strong></span> <span class='ocrx_word' id='word_1_120' title='bbox 1632 1578 1833 1631; x_wconf 87' lang='lat' dir='ltr'><strong>dicitur</strong></span> <span class='ocrx_word' id='word_1_121' title='bbox 1859 1578 1993 1632; x_wconf 87' lang='lat' dir='ltr'><strong>alie-</strong></span> 
     </span>
    </p>
   </div>
   <div class='ocr_carea' id='block_1_18' title="bbox 424 1662 1993 1736">
    <p class='ocr_par' dir='ltr' id='par_1_18' title="bbox 424 1662 1993 1736">
     <span class='ocr_line' id='line_1_18' title="bbox 424 1662 1993 1736; baseline 0.003 -18"><span class='ocrx_word' id='word_1_122' title='bbox 424 1665 675 1734; x_wconf 84' lang='lat' dir='ltr'><strong>nigenas.</strong></span> <span class='ocrx_word' id='word_1_123' title='bbox 704 1662 907 1736; x_wconf 86' lang='lat' dir='ltr'><strong>Tyrum</strong></span> <span class='ocrx_word' id='word_1_124' title='bbox 934 1674 989 1719; x_wconf 92' lang='lat' dir='ltr'><strong>et</strong></span> <span class='ocrx_word' id='word_1_125' title='bbox 1021 1666 1280 1735; x_wconf 86' lang='lat' dir='ltr'><strong>p0pulum</strong></span> <span class='ocrx_word' id='word_1_126' title='bbox 1314 1664 1629 1735; x_wconf 63' lang='lat' dir='ltr'><strong>EthiOpum</strong></span> <span class='ocrx_word' id='word_1_127' title='bbox 1660 1667 1769 1721; x_wconf 87' lang='lat' dir='ltr'><strong>illic</strong></span> <span class='ocrx_word' id='word_1_128' title='bbox 1819 1667 1993 1724; x_wconf 80' lang='lat' dir='ltr'><strong>factos</strong></span> 
     </span>
    </p>
   </div>
   <div class='ocr_carea' id='block_1_19' title="bbox 426 1751 1989 1826">
    <p class='ocr_par' dir='ltr' id='par_1_19' title="bbox 426 1751 1989 1826">
     <span class='ocr_line' id='line_1_19' title="bbox 426 1751 1989 1826; baseline 0.006 -22"><span class='ocrx_word' id='word_1_129' title='bbox 426 1751 617 1816; x_wconf 77' lang='lat' dir='ltr'><strong>fuisse,</strong></span> <span class='ocrx_word' id='word_1_130' title='bbox 650 1754 778 1822; x_wconf 92' lang='lat' dir='ltr'><strong>quid</strong></span> <span class='ocrx_word' id='word_1_131' title='bbox 820 1754 965 1808; x_wconf 86' lang='lat' dir='ltr'><strong>aliud</strong></span> <span class='ocrx_word' id='word_1_132' title='bbox 1006 1769 1167 1824; x_wconf 85' lang='lat' dir='ltr'><strong>quam</strong></span> <span class='ocrx_word' id='word_1_133' title='bbox 1211 1755 1634 1825; x_wconf 81' lang='lat' dir='ltr'><strong>alienigenarum</strong></span> <span class='ocrx_word' id='word_1_134' title='bbox 1665 1757 1905 1826; x_wconf 82' lang='lat' dir='ltr'><strong>gentium</strong></span> <span class='ocrx_word' id='word_1_135' title='bbox 1936 1759 1989 1813; x_wconf 89' lang='lat' dir='ltr'><strong>in</strong></span> 
     </span>
    </p>
   </div>
   <div class='ocr_carea' id='block_1_20' title="bbox 426 1843 1993 1917">
    <p class='ocr_par' dir='ltr' id='par_1_20' title="bbox 426 1843 1993 1917">
     <span class='ocr_line' id='line_1_20' title="bbox 426 1843 1993 1917; baseline 0.006 -22"><span class='ocrx_word' id='word_1_136' title='bbox 426 1843 647 1917; x_wconf 80' lang='lat' dir='ltr'><strong>lcivitate</strong></span> <span class='ocrx_word' id='word_1_137' title='bbox 698 1843 791 1898; x_wconf 88' lang='lat' dir='ltr'><strong>Dei</strong></span> <span class='ocrx_word' id='word_1_138' title='bbox 846 1845 1186 1915; x_wconf 81' lang='lat' dir='ltr'><strong>regeneratio</strong></span> <span class='ocrx_word' id='word_1_139' title='bbox 1227 1848 1604 1916; x_wconf 75' lang='lat' dir='ltr'><strong>signiﬁcatur;</strong></span> <span class='ocrx_word' id='word_1_140' title='bbox 1638 1848 1833 1917; x_wconf 85' lang='lat' dir='ltr'><strong>Aquila</strong></span> <span class='ocrx_word' id='word_1_141' title='bbox 1863 1865 1993 1905; x_wconf 88' lang='lat' dir='ltr'><strong>vero</strong></span> 
     </span>
    </p>
   </div>
   <div class='ocr_carea' id='block_1_21' title="bbox 422 1932 1989 2006">
    <p class='ocr_par' dir='ltr' id='par_1_21' title="bbox 422 1932 1989 2006">
     <span class='ocr_line' id='line_1_21' title="bbox 422 1932 1989 2006; baseline 0.006 -21"><span class='ocrx_word' id='word_1_142' title='bbox 422 1932 523 2006; x_wconf 45' lang='lat' dir='ltr'><strong>Ibit,</strong></span> <span class='ocrx_word' id='word_1_143' title='bbox 557 1932 845 2004; x_wconf 77' lang='lat' dir='ltr'><strong>Phylistwa</strong></span> <span class='ocrx_word' id='word_1_144' title='bbox 865 1946 913 1990; x_wconf 88' lang='lat' dir='ltr'><strong>et</strong></span> <span class='ocrx_word' id='word_1_145' title='bbox 946 1936 1117 2006; x_wconf 81' lang='lat' dir='ltr'><strong>Tyrus</strong></span> <span class='ocrx_word' id='word_1_146' title='bbox 1146 1954 1266 1991; x_wconf 86' lang='lat' dir='ltr'><strong>eum</strong></span> <span class='ocrx_word' id='word_1_147' title='bbox 1290 1936 1586 2005; x_wconf 64' lang='lat' dir='ltr'><strong>Aithiopia,</strong></span> <span class='ocrx_word' id='word_1_148' title='bbox 1619 1938 1703 1992; x_wconf 85' lang='lat' dir='ltr'><strong>hic</strong></span> <span class='ocrx_word' id='word_1_149' title='bbox 1725 1949 1881 1994; x_wconf 80' lang='lat' dir='ltr'><strong>natus</strong></span> <span class='ocrx_word' id='word_1_150' title='bbox 1913 1951 1989 1994; x_wconf 87' lang='lat' dir='ltr'><strong>est</strong></span> 
     </span>
    </p>
   </div>
   <div class='ocr_carea' id='block_1_22' title="bbox 2094 744 3663 819">
    <p class='ocr_par' dir='ltr' id='par_1_22' title="bbox 2094 744 3663 819">
     <span class='ocr_line' id='line_1_22' title="bbox 2094 744 3663 819; baseline 0.003 -17"><span class='ocrx_word' id='word_1_151' title='bbox 2094 746 2319 802; x_wconf 82' lang='grc' dir='ltr'><strong>σκουσί</strong></span> <span class='ocrx_word' id='word_1_152' title='bbox 2347 762 2446 814; x_wconf 83' lang='grc' dir='ltr'><strong>με.</strong></span> <span class='ocrx_word' id='word_1_153' title='bbox 2485 746 2597 799; x_wconf 79' lang='grc' dir='ltr'><strong>Καὶ</strong></span> <span class='ocrx_word' id='word_1_154' title='bbox 2639 744 2769 799; x_wconf 74' lang='grc' dir='ltr'><strong>ἰδοὺ</strong></span> <span class='ocrx_word' id='word_1_155' title='bbox 2807 746 3147 816; x_wconf 71' lang='grc' dir='ltr'><strong>ἀλλόφυλοι</strong></span> <span class='ocrx_word' id='word_1_156' title='bbox 3195 750 3296 805; x_wconf 76' lang='grc' dir='ltr'><strong>καὶ</strong></span> <span class='ocrx_word' id='word_1_157' title='bbox 3350 752 3531 819; x_wconf 80' lang='grc' dir='ltr'><strong>Τύρος</strong></span> <span class='ocrx_word' id='word_1_158' title='bbox 3566 755 3663 808; x_wconf 79' lang='grc' dir='ltr'><strong>καὶ</strong></span> 
     </span>
    </p>
   </div>
   <div class='ocr_carea' id='block_1_23' title="bbox 2092 832 3662 907">
    <p class='ocr_par' dir='ltr' id='par_1_23' title="bbox 2092 832 3662 907">
     <span class='ocr_line' id='line_1_23' title="bbox 2092 832 3662 907; baseline 0.005 -17"><span class='ocrx_word' id='word_1_159' title='bbox 2092 836 2243 902; x_wconf 73' lang='grc' dir='ltr'><strong>λαός</strong></span> <span class='ocrx_word' id='word_1_160' title='bbox 2269 836 2581 899; x_wconf 75' lang='grc' dir='ltr'><strong>Αἰθιόπων,</strong></span> <span class='ocrx_word' id='word_1_161' title='bbox 2605 832 2768 891; x_wconf 82' lang='grc' dir='ltr'><em>οὗτοι</em></span> <span class='ocrx_word' id='word_1_162' title='bbox 2797 837 3174 907; x_wconf 79' lang='grc' dir='ltr'><strong>ἐγενήθησαν</strong></span> <span class='ocrx_word' id='word_1_163' title='bbox 3209 840 3351 895; x_wconf 81' lang='grc' dir='ltr'><strong>ἐκεῖ.</strong></span> <span class='ocrx_word' id='word_1_164' title='bbox 3371 844 3516 897; x_wconf 75' lang='grc' dir='ltr'><strong>Ἀντὶ</strong></span> <span class='ocrx_word' id='word_1_165' title='bbox 3545 845 3662 898; x_wconf 79' lang='grc' dir='ltr'><strong>τοῦ·</strong></span> 
     </span>
    </p>
   </div>
   <div class='ocr_carea' id='block_1_24' title="bbox 2093 926 3661 1006">
    <p class='ocr_par' dir='ltr' id='par_1_24' title="bbox 2093 926 3661 1006">
     <span class='ocr_line' id='line_1_24' title="bbox 2093 926 3661 1006; baseline 0.004 -22"><span class='ocrx_word' id='word_1_166' title='bbox 2093 926 2534 996; x_wconf 80' lang='grc' dir='ltr'><strong>Μνησθήσομαι</strong></span> <span class='ocrx_word' id='word_1_167' title='bbox 2568 927 2743 983; x_wconf 80' lang='grc' dir='ltr'><strong>Ῥαὰϐ</strong></span> <span class='ocrx_word' id='word_1_168' title='bbox 2768 930 2865 983; x_wconf 82' lang='grc' dir='ltr'><strong>καὶ</strong></span> <span class='ocrx_word' id='word_1_169' title='bbox 2897 930 3274 999; x_wconf 81' lang='grc' dir='ltr'><em>Βαϐυλῶνος,</em></span> <span class='ocrx_word' id='word_1_170' title='bbox 3299 935 3329 986; x_wconf 81' lang='grc' dir='ltr'><strong>ὁ</strong></span> <span class='ocrx_word' id='word_1_171' title='bbox 3361 935 3458 1006; x_wconf 79' lang='grc' dir='ltr'><strong>μὲν</strong></span> <span class='ocrx_word' id='word_1_172' title='bbox 3502 936 3661 989; x_wconf 83' lang='grc' dir='ltr'><strong>Ἀκύ-</strong></span> 
     </span>
    </p>
   </div>
   <div class='ocr_carea' id='block_1_25' title="bbox 2093 1018 3660 1095">
    <p class='ocr_par' dir='ltr' id='par_1_25' title="bbox 2093 1018 3660 1095">
     <span class='ocr_line' id='line_1_25' title="bbox 2093 1018 3660 1095; baseline 0.006 -23"><span class='ocrx_word' id='word_1_173' title='bbox 2093 1019 2188 1083; x_wconf 87' lang='grc' dir='ltr'><strong>λας</strong></span> <span class='ocrx_word' id='word_1_174' title='bbox 2213 1019 2400 1088; x_wconf 83' lang='grc' dir='ltr'><strong>φησίν·</strong></span> <span class='ocrx_word' id='word_1_175' title='bbox 2442 1018 2782 1089; x_wconf 75' lang='grc' dir='ltr'><strong>Ἀναμνήσω</strong></span> <span class='ocrx_word' id='word_1_176' title='bbox 2805 1021 3140 1091; x_wconf 82' lang='grc' dir='ltr'><strong>ὀρμήματος</strong></span> <span class='ocrx_word' id='word_1_177' title='bbox 3167 1025 3267 1079; x_wconf 78' lang='grc' dir='ltr'><strong>καὶ</strong></span> <span class='ocrx_word' id='word_1_178' title='bbox 3286 1028 3660 1095; x_wconf 76' lang='grc' dir='ltr'><strong>Βαϐυλῶνοςο</strong></span> 
     </span>
    </p>
   </div>
   <div class='ocr_carea' id='block_1_26' title="bbox 2091 1111 3664 1186">
    <p class='ocr_par' dir='ltr' id='par_1_26' title="bbox 2091 1111 3664 1186">
     <span class='ocr_line' id='line_1_26' title="bbox 2091 1111 3664 1186; baseline 0.006 -22"><span class='ocrx_word' id='word_1_179' title='bbox 2091 1113 2120 1164; x_wconf 87' lang='grc' dir='ltr'>ὁ</span> <span class='ocrx_word' id='word_1_180' title='bbox 2145 1111 2200 1165; x_wconf 85' lang='grc' dir='ltr'><strong>δὲ</strong></span> <span class='ocrx_word' id='word_1_181' title='bbox 2238 1111 2559 1182; x_wconf 80' lang='grc' dir='ltr'><strong>Σύμμαχος⁸</strong></span> <span class='ocrx_word' id='word_1_182' title='bbox 2605 1113 2947 1181; x_wconf 78' lang='grc' dir='ltr'><strong>Ἀναμνήσω</strong></span> <span class='ocrx_word' id='word_1_183' title='bbox 2966 1118 3377 1186; x_wconf 73' lang='grc' dir='ltr'><strong>ὑπερηφανίαν</strong></span> <span class='ocrx_word' id='word_1_184' title='bbox 3415 1120 3513 1173; x_wconf 81' lang='grc' dir='ltr'><strong>καὶ</strong></span> <span class='ocrx_word' id='word_1_185' title='bbox 3547 1124 3664 1174; x_wconf 79' lang='grc' dir='ltr'><strong>Βα-</strong></span> 
     </span>
    </p>
   </div>
   <div class='ocr_carea' id='block_1_27' title="bbox 2093 1202 3665 1282">
    <p class='ocr_par' dir='ltr' id='par_1_27' title="bbox 2093 1202 3665 1282">
     <span class='ocr_line' id='line_1_27' title="bbox 2093 1202 3665 1282; baseline 0.004 -25"><span class='ocrx_word' id='word_1_186' title='bbox 2093 1202 2348 1257; x_wconf 78' lang='grc' dir='ltr'><strong>ϐυλῶνα.</strong></span> <span class='ocrx_word' id='word_1_187' title='bbox 2367 1202 2638 1273; x_wconf 82' lang='grc' dir='ltr'><strong>Ἥγοῧμαι</strong></span> <span class='ocrx_word' id='word_1_188' title='bbox 2678 1202 2736 1257; x_wconf 81' lang='grc' dir='ltr'><strong>δὲ</strong></span> <span class='ocrx_word' id='word_1_189' title='bbox 2781 1204 2871 1257; x_wconf 86' lang='grc' dir='ltr'><strong>διά</strong></span> <span class='ocrx_word' id='word_1_190' title='bbox 2902 1206 3219 1272; x_wconf 87' lang='grc' dir='ltr'><strong>Βαϐυλῶνος</strong></span> <span class='ocrx_word' id='word_1_191' title='bbox 3246 1211 3339 1263; x_wconf 80' lang='grc' dir='ltr'><strong>καὶ</strong></span> <span class='ocrx_word' id='word_1_192' title='bbox 3367 1210 3542 1282; x_wconf 83' lang='grc' dir='ltr'><strong>Τύρου</strong></span> <span class='ocrx_word' id='word_1_193' title='bbox 3571 1212 3665 1264; x_wconf 77' lang='grc' dir='ltr'><strong>καὶ</strong></span> 
     </span>
    </p>
   </div>
   <div class='ocr_carea' id='block_1_28' title="bbox 2103 1293 3668 1364">
    <p class='ocr_par' dir='ltr' id='par_1_28' title="bbox 2103 1293 3668 1364">
     <span class='ocr_line' id='line_1_28' title="bbox 2103 1293 3668 1364; baseline 0.006 -17"><span class='ocrx_word' id='word_1_194' title='bbox 2103 1293 2293 1357; x_wconf 73' lang='grc' dir='ltr'><strong>Ῥαὰϐ,</strong></span> <span class='ocrx_word' id='word_1_195' title='bbox 2312 1294 2401 1347; x_wconf 84' lang='grc' dir='ltr'><strong>διά</strong></span> <span class='ocrx_word' id='word_1_196' title='bbox 2419 1312 2477 1347; x_wconf 88' lang='grc' dir='ltr'><strong>τε</strong></span> <span class='ocrx_word' id='word_1_197' title='bbox 2500 1294 2606 1347; x_wconf 88' lang='grc' dir='ltr'><strong>τῶν</strong></span> <span class='ocrx_word' id='word_1_198' title='bbox 2633 1295 2942 1364; x_wconf 83' lang='grc' dir='ltr'><strong>ἀλλοφύλων</strong></span> <span class='ocrx_word' id='word_1_199' title='bbox 2966 1299 3061 1351; x_wconf 78' lang='grc' dir='ltr'><strong>καὶ</strong></span> <span class='ocrx_word' id='word_1_200' title='bbox 3087 1300 3182 1352; x_wconf 79' lang='grc' dir='ltr'><strong>τοῦ</strong></span> <span class='ocrx_word' id='word_1_201' title='bbox 3204 1299 3333 1354; x_wconf 82' lang='grc' dir='ltr'><strong>λαοῦ</strong></span> <span class='ocrx_word' id='word_1_202' title='bbox 3353 1302 3462 1355; x_wconf 85' lang='grc' dir='ltr'><strong>τῶν</strong></span> <span class='ocrx_word' id='word_1_203' title='bbox 3487 1302 3668 1356; x_wconf 77' lang='grc' dir='ltr'><strong>Αἰθιό-</strong></span> 
     </span>
    </p>
   </div>
   <div class='ocr_carea' id='block_1_29' title="bbox 2092 1385 3668 1464">
    <p class='ocr_par' dir='ltr' id='par_1_29' title="bbox 2092 1385 3668 1464">
     <span class='ocr_line' id='line_1_29' title="bbox 2092 1385 3668 1464; baseline 0.006 -25"><span class='ocrx_word' id='word_1_204' title='bbox 2092 1401 2230 1449; x_wconf 86' lang='grc' dir='ltr'><em>πων,</em></span> <span class='ocrx_word' id='word_1_205' title='bbox 2260 1385 2356 1457; x_wconf 80' lang='grc' dir='ltr'><strong>τὴν</strong></span> <span class='ocrx_word' id='word_1_206' title='bbox 2384 1386 2573 1457; x_wconf 85' lang='grc' dir='ltr'><strong>κλῆσιν</strong></span> <span class='ocrx_word' id='word_1_207' title='bbox 2597 1386 2705 1439; x_wconf 85' lang='grc' dir='ltr'><em>τῶν</em></span> <span class='ocrx_word' id='word_1_208' title='bbox 2732 1386 2901 1441; x_wconf 77' lang='grc' dir='ltr'><em>ἐθνῶν</em></span> <span class='ocrx_word' id='word_1_209' title='bbox 2923 1389 3276 1458; x_wconf 72' lang='grc' dir='ltr'><strong>αἰνίττεσθαι,</strong></span> <span class='ocrx_word' id='word_1_210' title='bbox 3301 1393 3411 1446; x_wconf 84' lang='grc' dir='ltr'><strong>τῶν</strong></span> <span class='ocrx_word' id='word_1_211' title='bbox 3442 1393 3668 1464; x_wconf 82' lang='grc' dir='ltr'><strong>μεταθε-</strong></span> 
     </span>
    </p>
   </div>
   <div class='ocr_carea' id='block_1_30' title="bbox 2095 1477 3667 1556">
    <p class='ocr_par' dir='ltr' id='par_1_30' title="bbox 2095 1477 3667 1556">
     <span class='ocr_line' id='line_1_30' title="bbox 2095 1477 3667 1556; baseline 0.006 -27"><span class='ocrx_word' id='word_1_212' title='bbox 2095 1477 2269 1546; x_wconf 83' lang='grc' dir='ltr'><em>μένων</em></span> <span class='ocrx_word' id='word_1_213' title='bbox 2310 1477 2402 1530; x_wconf 74' lang='grc' dir='ltr'><strong>καὶ</strong></span> <span class='ocrx_word' id='word_1_214' title='bbox 2433 1477 2917 1550; x_wconf 86' lang='grc' dir='ltr'><strong>μεταϐεϐλημένων</strong></span> <span class='ocrx_word' id='word_1_215' title='bbox 2954 1480 3062 1534; x_wconf 83' lang='grc' dir='ltr'><strong>ἀπὸ</strong></span> <span class='ocrx_word' id='word_1_216' title='bbox 3087 1482 3186 1553; x_wconf 86' lang='grc' dir='ltr'><strong>τῆς</strong></span> <span class='ocrx_word' id='word_1_217' title='bbox 3223 1484 3490 1556; x_wconf 85' lang='grc' dir='ltr'><strong>προτέρας</strong></span> <span class='ocrx_word' id='word_1_218' title='bbox 3518 1486 3667 1553; x_wconf 74' lang='grc' dir='ltr'><strong>ἀγωο</strong></span> 
     </span>
    </p>
   </div>
   <div class='ocr_carea' id='block_1_31' title="bbox 2091 1568 3667 1646">
    <p class='ocr_par' dir='ltr' id='par_1_31' title="bbox 2091 1568 3667 1646">
     <span class='ocr_line' id='line_1_31' title="bbox 2091 1568 3667 1646; baseline 0.003 -25"><span class='ocrx_word' id='word_1_219' title='bbox 2091 1568 2212 1637; x_wconf 79' lang='grc' dir='ltr'><strong>γῆς,</strong></span> <span class='ocrx_word' id='word_1_220' title='bbox 2239 1568 2676 1633; x_wconf 81' lang='grc' dir='ltr'><strong>καταξιωθέντων</strong></span> <span class='ocrx_word' id='word_1_221' title='bbox 2703 1588 2763 1623; x_wconf 86' lang='grc' dir='ltr'><strong>τε</strong></span> <span class='ocrx_word' id='word_1_222' title='bbox 2791 1570 3196 1643; x_wconf 83' lang='grc' dir='ltr'><strong>ἀναγεννήσεως</strong></span> <span class='ocrx_word' id='word_1_223' title='bbox 3215 1573 3316 1644; x_wconf 82' lang='grc' dir='ltr'><strong>τῆς</strong></span> <span class='ocrx_word' id='word_1_224' title='bbox 3337 1576 3395 1628; x_wconf 81' lang='grc' dir='ltr'><strong>ὲν</strong></span> <span class='ocrx_word' id='word_1_225' title='bbox 3419 1578 3483 1646; x_wconf 83' lang='grc' dir='ltr'><strong>τῇ</strong></span> <span class='ocrx_word' id='word_1_226' title='bbox 3514 1576 3667 1630; x_wconf 73' lang='grc' dir='ltr'><strong>πόλει</strong></span> 
     </span>
    </p>
   </div>
   <div class='ocr_carea' id='block_1_32' title="bbox 2091 1658 3665 1736">
    <p class='ocr_par' dir='ltr' id='par_1_32' title="bbox 2091 1658 3665 1736">
     <span class='ocr_line' id='line_1_32' title="bbox 2091 1658 3665 1736; baseline 0.007 -25"><span class='ocrx_word' id='word_1_227' title='bbox 2091 1658 2182 1711; x_wconf 78' lang='grc' dir='ltr'><strong>τοῦ</strong></span> <span class='ocrx_word' id='word_1_228' title='bbox 2214 1659 2348 1714; x_wconf 82' lang='grc' dir='ltr'><strong>Θεοῦ</strong></span> <span class='ocrx_word' id='word_1_229' title='bbox 2370 1677 2383 1690; x_wconf 68' lang='grc' dir='ltr'><strong>θ</strong></span> <span class='ocrx_word' id='word_1_230' title='bbox 2419 1660 2514 1724; x_wconf 86' lang='grc' dir='ltr'><strong>οὒς</strong></span> <span class='ocrx_word' id='word_1_231' title='bbox 2542 1662 2760 1731; x_wconf 82' lang='grc' dir='ltr'><strong>όΛόγος</strong></span> <span class='ocrx_word' id='word_1_232' title='bbox 2802 1664 3237 1736; x_wconf 81' lang='grc' dir='ltr'><strong>ἀναμιμνήσκειν</strong></span> <span class='ocrx_word' id='word_1_233' title='bbox 3286 1666 3531 1736; x_wconf 84' lang='grc' dir='ltr'><strong>βούλεται</strong></span> <span class='ocrx_word' id='word_1_234' title='bbox 3571 1666 3665 1723; x_wconf 84' lang='grc' dir='ltr'><strong>τοῦ</strong></span> 
     </span>
    </p>
   </div>
   <div class='ocr_carea' id='block_1_33' title="bbox 2092 1750 3665 1827">
    <p class='ocr_par' dir='ltr' id='par_1_33' title="bbox 2092 1750 3665 1827">
     <span class='ocr_line' id='line_1_33' title="bbox 2092 1750 3665 1827; baseline 0.007 -25"><span class='ocrx_word' id='word_1_235' title='bbox 2092 1750 2358 1823; x_wconf 82' lang='grc' dir='ltr'><strong>προτέρου</strong></span> <span class='ocrx_word' id='word_1_236' title='bbox 2382 1752 2587 1805; x_wconf 76' lang='grc' dir='ltr'><strong>ἑαυτῶν</strong></span> <span class='ocrx_word' id='word_1_237' title='bbox 2606 1754 2912 1824; x_wconf 81' lang='grc' dir='ltr'><strong>γένους.Τῷ</strong></span> <span class='ocrx_word' id='word_1_238' title='bbox 2936 1756 3043 1825; x_wconf 82' lang='grc' dir='ltr'><strong>γὰρ</strong></span> <span class='ocrx_word' id='word_1_239' title='bbox 3069 1758 3295 1825; x_wconf 81' lang='grc' dir='ltr'><strong>φάσκειν</strong></span> <span class='ocrx_word' id='word_1_240' title='bbox 3316 1758 3665 1827; x_wconf 77' lang='grc' dir='ltr'><strong>ἀλλοφύλους,</strong></span> 
     </span>
    </p>
   </div>
   <div class='ocr_carea' id='block_1_34' title="bbox 2092 1842 3667 1920">
    <p class='ocr_par' dir='ltr' id='par_1_34' title="bbox 2092 1842 3667 1920">
     <span class='ocr_line' id='line_1_34' title="bbox 2092 1842 3667 1920; baseline 0.008 -26"><span class='ocrx_word' id='word_1_241' title='bbox 2092 1842 2184 1895; x_wconf 78' lang='grc' dir='ltr'><strong>καὶ</strong></span> <span class='ocrx_word' id='word_1_242' title='bbox 2229 1843 2403 1914; x_wconf 90' lang='grc' dir='ltr'><strong>Τύρον</strong></span> <span class='ocrx_word' id='word_1_243' title='bbox 2450 1847 2545 1897; x_wconf 80' lang='grc' dir='ltr'><strong>καὶ</strong></span> <span class='ocrx_word' id='word_1_244' title='bbox 2595 1844 2755 1909; x_wconf 78' lang='grc' dir='ltr'><strong>λαοὺς</strong></span> <span class='ocrx_word' id='word_1_245' title='bbox 2783 1846 3055 1899; x_wconf 74' lang='grc' dir='ltr'><strong>Αἰθιόπων</strong></span> <span class='ocrx_word' id='word_1_246' title='bbox 3098 1848 3421 1920; x_wconf 83' lang='grc' dir='ltr'><strong>γεγενῆσθαι</strong></span> <span class='ocrx_word' id='word_1_247' title='bbox 3448 1851 3584 1915; x_wconf 72' lang='grc' dir='ltr'><strong>ἐκεῖ,</strong></span> <span class='ocrx_word' id='word_1_248' title='bbox 3613 1851 3667 1906; x_wconf 87' lang='grc' dir='ltr'><strong>τί</strong></span> 
     </span>
    </p>
   </div>
   <div class='ocr_carea' id='block_1_35' title="bbox 2091 1933 3666 2012">
    <p class='ocr_par' dir='ltr' id='par_1_35' title="bbox 2091 1933 3666 2012">
     <span class='ocr_line' id='line_1_35' title="bbox 2091 1933 3666 2012; baseline 0.008 -27"><span class='ocrx_word' id='word_1_249' title='bbox 2091 1933 2276 2004; x_wconf 68' lang='grc' dir='ltr'><strong>ἕτερον</strong></span> <span class='ocrx_word' id='word_1_250' title='bbox 2311 1934 2477 2003; x_wconf 75' lang='grc' dir='ltr'><em>ἡτῶν</em></span> <span class='ocrx_word' id='word_1_251' title='bbox 2504 1935 2811 2005; x_wconf 77' lang='grc' dir='ltr'><em>ἀλλοφύλων</em></span> <span class='ocrx_word' id='word_1_252' title='bbox 2851 1936 3019 1991; x_wconf 73' lang='grc' dir='ltr'><em>ἐθνῶν</em></span> <span class='ocrx_word' id='word_1_253' title='bbox 3061 1940 3159 2010; x_wconf 79' lang='grc' dir='ltr'><strong>τὴν</strong></span> <span class='ocrx_word' id='word_1_254' title='bbox 3188 1940 3246 1992; x_wconf 77' lang='grc' dir='ltr'><strong>ἐν</strong></span> <span class='ocrx_word' id='word_1_255' title='bbox 3281 1944 3346 2012; x_wconf 82' lang='grc' dir='ltr'><strong>τῇ</strong></span> <span class='ocrx_word' id='word_1_256' title='bbox 3378 1942 3531 1995; x_wconf 79' lang='grc' dir='ltr'><strong>πόλει</strong></span> <span class='ocrx_word' id='word_1_257' title='bbox 3571 1944 3666 1998; x_wconf 82' lang='grc' dir='ltr'><strong>τοῦ</strong></span> 
     </span>
    </p>
   </div>
   <div class='ocr_carea' id='block_1_36' title="bbox 422 1987 1990 2100">
    <p class='ocr_par' dir='ltr' id='par_1_36' title="bbox 422 1987 1990 2100">
     <span class='ocr_line' id='line_1_36' title="bbox 422 1987 1990 2100; baseline 0.006 -23"><span class='ocrx_word' id='word_1_258' title='bbox 422 1987 573 2100; x_wconf 58' lang='lat' dir='ltr'><strong>im};</strong></span> <span class='ocrx_word' id='word_1_259' title='bbox 604 1987 769 2079; x_wconf 66' lang='lat' dir='ltr'><strong>simili</strong></span> <span class='ocrx_word' id='word_1_260' title='bbox 798 2028 960 2083; x_wconf 81' lang='lat' dir='ltr'><strong>modo</strong></span> <span class='ocrx_word' id='word_1_261' title='bbox 989 1987 1351 2099; x_wconf 57' lang='lat' dir='ltr'><strong>gymmachus</strong></span> <span class='ocrx_word' id='word_1_262' title='bbox 1375 1987 1763 2099; x_wconf 57' lang='lat' dir='ltr'><strong>interpretatus</strong></span> <span class='ocrx_word' id='word_1_263' title='bbox 1795 2039 1881 2086; x_wconf 89' lang='lat' dir='ltr'><strong>est</strong></span> <span class='ocrx_word' id='word_1_264' title='bbox 1904 2033 1990 2089; x_wconf 87' lang='lat' dir='ltr'><strong>his</strong></span> 
     </span>
    </p>
   </div>
   <div class='ocr_carea' id='block_1_37' title="bbox 2088 1987 3667 2100">
    <p class='ocr_par' dir='ltr' id='par_1_37' title="bbox 2091 1987 3667 2100">
     <span class='ocr_line' id='line_1_37' title="bbox 2091 1987 3667 2100; baseline 0.005 -22"><span class='ocrx_word' id='word_1_265' title='bbox 2091 1987 2225 2079; x_wconf 81' lang='grc' dir='ltr'><strong>Θεοῦ</strong></span> <span class='ocrx_word' id='word_1_266' title='bbox 2268 1987 2661 2098; x_wconf 63' lang='grc' dir='ltr'><strong>ἀναγέννησινΞ</strong></span> <span class='ocrx_word' id='word_1_267' title='bbox 2842 1987 3142 2093; x_wconf 35' lang='lat' dir='ltr'><strong>diuina;</strong></span> <span class='ocrx_word' id='word_1_268' title='bbox 3186 2028 3244 2082; x_wconf 83' lang='grc' dir='ltr'><strong>δέ</strong></span> <span class='ocrx_word' id='word_1_269' title='bbox 3285 1987 3420 2100; x_wconf 47' lang='grc' dir='ltr'><strong>φησι</strong></span> <span class='ocrx_word' id='word_1_270' title='bbox 3440 2048 3454 2061; x_wconf 79' lang='grc'><em>”</em></span> <span class='ocrx_word' id='word_1_271' title='bbox 3490 2035 3667 2086; x_wconf 76' lang='grc' dir='ltr'><strong>Φυλο-</strong></span> 
     </span>
    </p>
   </div>
   <div class='ocr_carea' id='block_1_38' title="bbox 422 2098 1991 2191">
    <p class='ocr_par' dir='ltr' id='par_1_38' title="bbox 422 2098 1991 2191">
     <span class='ocr_line' id='line_1_38' title="bbox 422 2098 1991 2191; baseline 0.004 -20"><span class='ocrx_word' id='word_1_272' title='bbox 422 2098 625 2191; x_wconf 44' lang='grc' dir='ltr'><strong>ὶεώὶε,</strong></span> <span class='ocrx_word' id='word_1_273' title='bbox 658 2116 789 2173; x_wconf 83' lang='lat' dir='ltr'><strong>Ecce</strong></span> <span class='ocrx_word' id='word_1_274' title='bbox 813 2098 1087 2189; x_wconf 68' lang='lat' dir='ltr'><strong>Pliylisttei</strong></span> <span class='ocrx_word' id='word_1_275' title='bbox 1124 2129 1171 2174; x_wconf 87' lang='lat' dir='ltr'><strong>et</strong></span> <span class='ocrx_word' id='word_1_276' title='bbox 1216 2119 1386 2191; x_wconf 84' lang='lat' dir='ltr'><strong>Tyrus</strong></span> <span class='ocrx_word' id='word_1_277' title='bbox 1421 2098 1539 2174; x_wconf 82' lang='lat' dir='ltr'><strong>eum</strong></span> <span class='ocrx_word' id='word_1_278' title='bbox 1577 2119 1875 2191; x_wconf 62' lang='lat' dir='ltr'><strong>Ethiopia,</strong></span> <span class='ocrx_word' id='word_1_279' title='bbox 1908 2124 1991 2177; x_wconf 84' lang='lat' dir='ltr'><strong>hic</strong></span> 
     </span>
    </p>
   </div>
   <div class='ocr_carea' id='block_1_39' title="bbox 421 2189 1992 2281">
    <p class='ocr_par' dir='ltr' id='par_1_39' title="bbox 421 2189 1992 2281">
     <span class='ocr_line' id='line_1_39' title="bbox 421 2189 1992 2281; baseline 0.006 -20"><span class='ocrx_word' id='word_1_280' title='bbox 421 2189 579 2263; x_wconf 63' lang='lat' dir='ltr'><strong>&#39;natus</strong></span> <span class='ocrx_word' id='word_1_281' title='bbox 608 2218 685 2263; x_wconf 85' lang='lat' dir='ltr'><strong>est</strong></span> <span class='ocrx_word' id='word_1_282' title='bbox 710 2210 844 2264; x_wconf 72' lang='lat' dir='ltr'><strong>illis.</strong></span> <span class='ocrx_word' id='word_1_283' title='bbox 872 2211 986 2266; x_wconf 88' lang='lat' dir='ltr'><strong>Illic</strong></span> <span class='ocrx_word' id='word_1_284' title='bbox 1016 2228 1144 2267; x_wconf 87' lang='lat' dir='ltr'><strong>vero</strong></span> <span class='ocrx_word' id='word_1_285' title='bbox 1170 2189 1390 2268; x_wconf 80' lang='lat' dir='ltr'><strong>ubinam</strong></span> <span class='ocrx_word' id='word_1_286' title='bbox 1423 2221 1582 2269; x_wconf 87' lang='lat' dir='ltr'><strong>natos</strong></span> <span class='ocrx_word' id='word_1_287' title='bbox 1624 2189 1775 2281; x_wconf 77' lang='lat' dir='ltr'><strong>dicit,</strong></span> <span class='ocrx_word' id='word_1_288' title='bbox 1805 2217 1910 2271; x_wconf 89' lang='lat' dir='ltr'><strong>nisi</strong></span> <span class='ocrx_word' id='word_1_289' title='bbox 1936 2217 1992 2271; x_wconf 89' lang='lat' dir='ltr'><strong>in</strong></span> 
     </span>
    </p>
   </div>
   <div class='ocr_carea' id='block_1_40' title="bbox 420 2300 1991 2380">
    <p class='ocr_par' dir='ltr' id='par_1_40' title="bbox 420 2300 1991 2380">
     <span class='ocr_line' id='line_1_40' title="bbox 420 2300 1991 2380; baseline 0.006 -26"><span class='ocrx_word' id='word_1_290' title='bbox 420 2300 644 2355; x_wconf 85' lang='lat' dir='ltr'><strong>civitate</strong></span> <span class='ocrx_word' id='word_1_291' title='bbox 670 2300 784 2366; x_wconf 83' lang='lat' dir='ltr'><strong>Dei,</strong></span> <span class='ocrx_word' id='word_1_292' title='bbox 819 2310 913 2355; x_wconf 82' lang='lat' dir='ltr'><strong>aut</strong></span> <span class='ocrx_word' id='word_1_293' title='bbox 946 2303 999 2357; x_wconf 91' lang='lat' dir='ltr'><strong>in</strong></span> <span class='ocrx_word' id='word_1_294' title='bbox 1034 2304 1419 2374; x_wconf 85' lang='lat' dir='ltr'><strong>spiritualibus</strong></span> <span class='ocrx_word' id='word_1_295' title='bbox 1447 2309 1571 2378; x_wconf 88' lang='lat' dir='ltr'><strong>ejus</strong></span> <span class='ocrx_word' id='word_1_296' title='bbox 1621 2311 1828 2380; x_wconf 86' lang='lat' dir='ltr'><strong>portis?</strong></span> <span class='ocrx_word' id='word_1_297' title='bbox 1854 2308 1991 2364; x_wconf 91' lang='lat' dir='ltr'><strong>Illud</strong></span> 
     </span>
    </p>
   </div>
   <div class='ocr_carea' id='block_1_41' title="bbox 421 2391 1992 2462">
    <p class='ocr_par' dir='ltr' id='par_1_41' title="bbox 421 2391 1992 2462">
     <span class='ocr_line' id='line_1_41' title="bbox 421 2391 1992 2462; baseline 0.009 -18"><span class='ocrx_word' id='word_1_298' title='bbox 421 2391 621 2462; x_wconf 84' lang='lat' dir='ltr'><strong>quippe</strong></span> <span class='ocrx_word' id='word_1_299' title='bbox 652 2393 770 2462; x_wconf 80' lang='lat' dir='ltr'><strong>ipsa</strong></span> <span class='ocrx_word' id='word_1_300' title='bbox 805 2394 1067 2450; x_wconf 86' lang='lat' dir='ltr'><strong>orationis</strong></span> <span class='ocrx_word' id='word_1_301' title='bbox 1096 2397 1268 2453; x_wconf 89' lang='lat' dir='ltr'><strong>series</strong></span> <span class='ocrx_word' id='word_1_302' title='bbox 1301 2399 1632 2456; x_wconf 87' lang='lat' dir='ltr'><strong>subindicat.</strong></span> <span class='ocrx_word' id='word_1_303' title='bbox 1656 2402 1793 2457; x_wconf 90' lang='lat' dir='ltr'><strong>Cum</strong></span> <span class='ocrx_word' id='word_1_304' title='bbox 1819 2402 1992 2458; x_wconf 80' lang='lat' dir='ltr'><strong>dixis-</strong></span> 
     </span>
    </p>
   </div>
   <div class='ocr_carea' id='block_1_42' title="bbox 421 2483 1992 2558">
    <p class='ocr_par' dir='ltr' id='par_1_42' title="bbox 421 2483 1992 2558">
     <span class='ocr_line' id='line_1_42' title="bbox 421 2483 1992 2558; baseline 0.006 -18"><span class='ocrx_word' id='word_1_305' title='bbox 421 2493 504 2540; x_wconf 87' lang='lat' dir='ltr'><strong>set</strong></span> <span class='ocrx_word' id='word_1_306' title='bbox 533 2486 699 2551; x_wconf 88' lang='lat' dir='ltr'><strong>enim,</strong></span> <span class='ocrx_word' id='word_1_307' title='bbox 734 2483 979 2541; x_wconf 77' lang='lat' dir='ltr'><strong>Gloriosa</strong></span> <span class='ocrx_word' id='word_1_308' title='bbox 1006 2486 1149 2541; x_wconf 86' lang='lat' dir='ltr'><strong>dicta</strong></span> <span class='ocrx_word' id='word_1_309' title='bbox 1169 2499 1289 2543; x_wconf 85' lang='lat' dir='ltr'><strong>sunt</strong></span> <span class='ocrx_word' id='word_1_310' title='bbox 1305 2490 1367 2544; x_wconf 86' lang='lat' dir='ltr'><strong>de</strong></span> <span class='ocrx_word' id='word_1_311' title='bbox 1399 2500 1466 2558; x_wconf 90' lang='lat' dir='ltr'><strong>te,</strong></span> <span class='ocrx_word' id='word_1_312' title='bbox 1497 2494 1685 2547; x_wconf 78' lang='lat' dir='ltr'><strong>civitas</strong></span> <span class='ocrx_word' id='word_1_313' title='bbox 1710 2493 1827 2558; x_wconf 85' lang='lat' dir='ltr'><strong>Dei,</strong></span> <span class='ocrx_word' id='word_1_314' title='bbox 1858 2494 1992 2549; x_wconf 81' lang='lat' dir='ltr'><strong>sub-</strong></span> 
     </span>
    </p>
   </div>
   <div class='ocr_carea' id='block_1_43' title="bbox 416 2574 1986 2653">
    <p class='ocr_par' dir='ltr' id='par_1_43' title="bbox 416 2574 1986 2653">
     <span class='ocr_line' id='line_1_43' title="bbox 416 2574 1986 2653; baseline 0.01 -25"><span class='ocrx_word' id='word_1_315' title='bbox 416 2574 538 2645; x_wconf 80' lang='lat' dir='ltr'><strong>jicit</strong></span> <span class='ocrx_word' id='word_1_316' title='bbox 560 2584 773 2645; x_wconf 86' lang='lat' dir='ltr'><strong>postea,</strong></span> <span class='ocrx_word' id='word_1_317' title='bbox 791 2578 928 2632; x_wconf 81' lang='lat' dir='ltr'><strong>tales</strong></span> <span class='ocrx_word' id='word_1_318' title='bbox 950 2586 1003 2633; x_wconf 91' lang='lat' dir='ltr'><strong>et</strong></span> <span class='ocrx_word' id='word_1_319' title='bbox 1027 2580 1164 2635; x_wconf 85' lang='lat' dir='ltr'><strong>tales</strong></span> <span class='ocrx_word' id='word_1_320' title='bbox 1187 2581 1519 2653; x_wconf 84' lang='lat' dir='ltr'><strong>alienigenas</strong></span> <span class='ocrx_word' id='word_1_321' title='bbox 1537 2584 1649 2640; x_wconf 91' lang='lat' dir='ltr'><strong>illic</strong></span> <span class='ocrx_word' id='word_1_322' title='bbox 1672 2595 1821 2641; x_wconf 89' lang='lat' dir='ltr'><strong>ortos</strong></span> <span class='ocrx_word' id='word_1_323' title='bbox 1844 2602 1986 2653; x_wconf 88' lang='lat' dir='ltr'><strong>esse,</strong></span> 
     </span>
    </p>
   </div>
   <div class='ocr_carea' id='block_1_44' title="bbox 417 2667 1990 2741">
    <p class='ocr_par' dir='ltr' id='par_1_44' title="bbox 417 2667 1990 2741">
     <span class='ocr_line' id='line_1_44' title="bbox 417 2667 1990 2741; baseline 0.006 -21"><span class='ocrx_word' id='word_1_324' title='bbox 417 2674 473 2720; x_wconf 90' lang='lat' dir='ltr'><strong>et</strong></span> <span class='ocrx_word' id='word_1_325' title='bbox 510 2667 768 2736; x_wconf 88' lang='lat' dir='ltr'><strong>populum</strong></span> <span class='ocrx_word' id='word_1_326' title='bbox 801 2667 1117 2739; x_wconf 63' lang='lat' dir='ltr'><strong>Ethiopum</strong></span> <span class='ocrx_word' id='word_1_327' title='bbox 1150 2671 1349 2727; x_wconf 87' lang='lat' dir='ltr'><strong>ibidem</strong></span> <span class='ocrx_word' id='word_1_328' title='bbox 1382 2689 1506 2730; x_wconf 89' lang='lat' dir='ltr'><strong>esse</strong></span> <span class='ocrx_word' id='word_1_329' title='bbox 1536 2683 1760 2741; x_wconf 86' lang='lat' dir='ltr'><strong>natum;</strong></span> <span class='ocrx_word' id='word_1_330' title='bbox 1794 2676 1990 2731; x_wconf 88' lang='lat' dir='ltr'><strong>videli-</strong></span> 
     </span>
    </p>
   </div>
   <div class='ocr_carea' id='block_1_45' title="bbox 418 2750 1987 2834">
    <p class='ocr_par' dir='ltr' id='par_1_45' title="bbox 418 2750 1987 2834">
     <span class='ocr_line' id='line_1_45' title="bbox 418 2750 1987 2834; baseline 0.011 -31"><span class='ocrx_word' id='word_1_331' title='bbox 418 2757 506 2834; x_wconf 71' lang='grc' dir='ltr'><strong>εει</strong></span> <span class='ocrx_word' id='word_1_332' title='bbox 534 2750 587 2805; x_wconf 88' lang='lat' dir='ltr'><strong>in</strong></span> <span class='ocrx_word' id='word_1_333' title='bbox 618 2762 915 2809; x_wconf 89' lang='lat' dir='ltr'><strong>memorata</strong></span> <span class='ocrx_word' id='word_1_334' title='bbox 962 2756 1054 2811; x_wconf 86' lang='lat' dir='ltr'><strong>Dei</strong></span> <span class='ocrx_word' id='word_1_335' title='bbox 1100 2758 1354 2826; x_wconf 86' lang='lat' dir='ltr'><strong>civitate,</strong></span> <span class='ocrx_word' id='word_1_336' title='bbox 1385 2769 1480 2814; x_wconf 90' lang='lat' dir='ltr'><strong>aut</strong></span> <span class='ocrx_word' id='word_1_337' title='bbox 1534 2762 1588 2817; x_wconf 92' lang='lat' dir='ltr'><strong>in</strong></span> <span class='ocrx_word' id='word_1_338' title='bbox 1627 2765 1799 2833; x_wconf 89' lang='lat' dir='ltr'><strong>portis</strong></span> <span class='ocrx_word' id='word_1_339' title='bbox 1846 2765 1987 2834; x_wconf 86' lang='lat' dir='ltr'><strong>ejus,</strong></span> 
     </span>
    </p>
   </div>
   <div class='ocr_carea' id='block_1_46' title="bbox 414 2832 1986 2928">
    <p class='ocr_par' dir='ltr' id='par_1_46' title="bbox 414 2832 1986 2928">
     <span class='ocr_line' id='line_1_46' title="bbox 414 2832 1986 2928; baseline 0.01 -31"><span class='ocrx_word' id='word_1_340' title='bbox 414 2832 740 2928; x_wconf 20' lang='lat' dir='ltr'><strong>tepeculandi</strong></span> <span class='ocrx_word' id='word_1_341' title='bbox 794 2848 957 2902; x_wconf 88' lang='lat' dir='ltr'><strong>modo</strong></span> <span class='ocrx_word' id='word_1_342' title='bbox 1010 2850 1320 2907; x_wconf 82' lang='lat' dir='ltr'><strong>intellectis.</strong></span> <span class='ocrx_word' id='word_1_343' title='bbox 1346 2852 1471 2910; x_wconf 67' lang='lat' dir='ltr'><strong>Haec</strong></span> <span class='ocrx_word' id='word_1_344' title='bbox 1501 2832 1665 2925; x_wconf 82' lang='lat' dir='ltr'><strong>opere</strong></span> <span class='ocrx_word' id='word_1_345' title='bbox 1695 2832 1986 2928; x_wconf 84' lang='lat' dir='ltr'><strong>completa,</strong></span> 
     </span>
    </p>
   </div>
   <div class='ocr_carea' id='block_1_47' title="bbox 414 2926 1986 3019">
    <p class='ocr_par' dir='ltr' id='par_1_47' title="bbox 414 2926 1986 3019">
     <span class='ocr_line' id='line_1_47' title="bbox 414 2926 1986 3019; baseline 0.01 -30"><span class='ocrx_word' id='word_1_346' title='bbox 414 2926 697 3019; x_wconf 27' lang='lat' dir='ltr'><strong>gveritatem</strong></span> <span class='ocrx_word' id='word_1_347' title='bbox 736 2939 1025 2994; x_wconf 85' lang='lat' dir='ltr'><strong>verborum</strong></span> <span class='ocrx_word' id='word_1_348' title='bbox 1081 2942 1340 2999; x_wconf 87' lang='lat' dir='ltr'><strong>salutaris</strong></span> <span class='ocrx_word' id='word_1_349' title='bbox 1367 2946 1557 3015; x_wconf 74' lang='lat' dir='ltr'><strong>gratiae</strong></span> <span class='ocrx_word' id='word_1_350' title='bbox 1581 2926 1939 3019; x_wconf 73' lang='lat' dir='ltr'><strong>comprohant</strong></span> <span class='ocrx_word' id='word_1_351' title='bbox 1971 2968 1986 3005; x_wconf 87' lang='lat'><strong>:</strong></span> 
     </span>
    </p>
   </div>
   <div class='ocr_carea' id='block_1_48' title="bbox 418 3022 1990 3107">
    <p class='ocr_par' dir='ltr' id='par_1_48' title="bbox 418 3022 1990 3107">
     <span class='ocr_line' id='line_1_48' title="bbox 418 3022 1990 3107; baseline 0.012 -31"><span class='ocrx_word' id='word_1_352' title='bbox 418 3038 541 3093; x_wconf 65' lang='lat' dir='ltr'><strong>qua!</strong></span> <span class='ocrx_word' id='word_1_353' title='bbox 560 3022 909 3095; x_wconf 80' lang='lat' dir='ltr'><strong>Babylonios,</strong></span> <span class='ocrx_word' id='word_1_354' title='bbox 931 3028 1126 3099; x_wconf 83' lang='lat' dir='ltr'><strong>Tyrios</strong></span> <span class='ocrx_word' id='word_1_355' title='bbox 1154 3042 1210 3086; x_wconf 89' lang='lat' dir='ltr'><strong>et</strong></span> <span class='ocrx_word' id='word_1_356' title='bbox 1236 3046 1428 3089; x_wconf 89' lang='lat' dir='ltr'><strong>omnes</strong></span> <span class='ocrx_word' id='word_1_357' title='bbox 1464 3034 1795 3107; x_wconf 79' lang='lat' dir='ltr'><strong>alienigenas</strong></span> <span class='ocrx_word' id='word_1_358' title='bbox 1817 3036 1990 3095; x_wconf 85' lang='lat' dir='ltr'><strong>Israe-</strong></span> 
     </span>
    </p>
   </div>
   <div class='ocr_carea' id='block_1_49' title="bbox 419 3115 1990 3199">
    <p class='ocr_par' dir='ltr' id='par_1_49' title="bbox 419 3115 1990 3199">
     <span class='ocr_line' id='line_1_49' title="bbox 419 3115 1990 3199; baseline 0.011 -30"><span class='ocrx_word' id='word_1_359' title='bbox 419 3115 573 3171; x_wconf 91' lang='lat' dir='ltr'><strong>litico</strong></span> <span class='ocrx_word' id='word_1_360' title='bbox 593 3119 779 3187; x_wconf 84' lang='lat' dir='ltr'><strong>generi</strong></span> <span class='ocrx_word' id='word_1_361' title='bbox 800 3128 1110 3186; x_wconf 83' lang='lat' dir='ltr'><strong>extraneos,</strong></span> <span class='ocrx_word' id='word_1_362' title='bbox 1133 3138 1229 3193; x_wconf 88' lang='lat' dir='ltr'><strong>per</strong></span> <span class='ocrx_word' id='word_1_363' title='bbox 1259 3125 1535 3181; x_wconf 87' lang='lat' dir='ltr'><strong>lavacrum</strong></span> <span class='ocrx_word' id='word_1_364' title='bbox 1561 3130 1990 3199; x_wconf 81' lang='lat' dir='ltr'><strong>regenerationis</strong></span> 
     </span>
    </p>
   </div>
   <div class='ocr_carea' id='block_1_50' title="bbox 416 3209 1990 3290">
    <p class='ocr_par' dir='ltr' id='par_1_50' title="bbox 416 3209 1990 3290">
     <span class='ocr_line' id='line_1_50' title="bbox 416 3209 1990 3290; baseline 0.01 -27"><span class='ocrx_word' id='word_1_365' title='bbox 416 3214 473 3263; x_wconf 89' lang='lat' dir='ltr'><strong>et</strong></span> <span class='ocrx_word' id='word_1_366' title='bbox 486 3222 582 3278; x_wconf 91' lang='lat' dir='ltr'><strong>per</strong></span> <span class='ocrx_word' id='word_1_367' title='bbox 596 3209 777 3265; x_wconf 87' lang='lat' dir='ltr'><strong>omnia</strong></span> <span class='ocrx_word' id='word_1_368' title='bbox 791 3209 926 3267; x_wconf 86' lang='lat' dir='ltr'><strong>Novi</strong></span> <span class='ocrx_word' id='word_1_369' title='bbox 947 3211 1275 3271; x_wconf 83' lang='lat' dir='ltr'><strong>Testamenti</strong></span> <span class='ocrx_word' id='word_1_370' title='bbox 1301 3218 1555 3288; x_wconf 85' lang='lat' dir='ltr'><strong>mysteria</strong></span> <span class='ocrx_word' id='word_1_371' title='bbox 1574 3220 1626 3274; x_wconf 93' lang='lat' dir='ltr'><strong>in</strong></span> <span class='ocrx_word' id='word_1_372' title='bbox 1645 3223 1900 3290; x_wconf 64' lang='lat' dir='ltr'><strong>praedicta</strong></span> <span class='ocrx_word' id='word_1_373' title='bbox 1920 3225 1990 3279; x_wconf 88' lang='lat' dir='ltr'><strong>ci-</strong></span> 
     </span>
    </p>
   </div>
   <div class='ocr_carea' id='block_1_51' title="bbox 416 3298 2055 3392">
    <p class='ocr_par' dir='ltr' id='par_1_51' title="bbox 416 3298 2055 3392">
     <span class='ocr_line' id='line_1_51' title="bbox 416 3298 2055 3392; baseline 0.011 -39"><span class='ocrx_word' id='word_1_374' title='bbox 416 3300 585 3355; x_wconf 82' lang='lat' dir='ltr'><strong>vitate</strong></span> <span class='ocrx_word' id='word_1_375' title='bbox 609 3298 701 3356; x_wconf 89' lang='lat' dir='ltr'><strong>Dei</strong></span> <span class='ocrx_word' id='word_1_376' title='bbox 734 3313 1118 3373; x_wconf 86' lang='lat' dir='ltr'><strong>regenerat.—</strong></span> <span class='ocrx_word' id='word_1_377' title='bbox 1144 3305 1307 3364; x_wconf 71' lang='lat' dir='ltr'><strong>Vens.</strong></span> <span class='ocrx_word' id='word_1_378' title='bbox 1336 3309 1391 3375; x_wconf 83' lang='grc'><strong>5,</strong></span> <span class='ocrx_word' id='word_1_379' title='bbox 1413 3309 1463 3365; x_wconf 91' lang='grc'><strong>6.</strong></span> <span class='ocrx_word' id='word_1_380' title='bbox 1488 3311 1664 3367; x_wconf 79' lang='lat' dir='ltr'><strong>Mater</strong></span> <span class='ocrx_word' id='word_1_381' title='bbox 1679 3313 1807 3368; x_wconf 87' lang='lat' dir='ltr'><strong>Sion</strong></span> <span class='ocrx_word' id='word_1_382' title='bbox 1830 3315 1985 3383; x_wconf 79' lang='lat' dir='ltr'><strong>dicet,</strong></span> <span class='ocrx_word' id='word_1_383' title='bbox 2014 3336 2055 3392; x_wconf 73' lang='grc' dir='ltr'><em>ε</em></span> 
     </span>
    </p>
   </div>
   <div class='ocr_carea' id='block_1_52' title="bbox 418 3388 1988 3475">
    <p class='ocr_par' dir='ltr' id='par_1_52' title="bbox 418 3388 1988 3475">
     <span class='ocr_line' id='line_1_52' title="bbox 418 3388 1988 3475; baseline 0.013 -31"><span class='ocrx_word' id='word_1_384' title='bbox 418 3388 652 3447; x_wconf 82' lang='lat' dir='ltr'><strong>Homoet</strong></span> <span class='ocrx_word' id='word_1_385' title='bbox 667 3392 819 3448; x_wconf 82' lang='lat' dir='ltr'><strong>homo</strong></span> <span class='ocrx_word' id='word_1_386' title='bbox 841 3407 998 3451; x_wconf 85' lang='lat' dir='ltr'><strong>natus</strong></span> <span class='ocrx_word' id='word_1_387' title='bbox 1024 3408 1103 3452; x_wconf 74' lang='lat' dir='ltr'><strong>est</strong></span> <span class='ocrx_word' id='word_1_388' title='bbox 1125 3400 1177 3453; x_wconf 86' lang='lat' dir='ltr'><strong>in</strong></span> <span class='ocrx_word' id='word_1_389' title='bbox 1192 3416 1273 3465; x_wconf 83' lang='lat' dir='ltr'><strong>ea,</strong></span> <span class='ocrx_word' id='word_1_390' title='bbox 1302 3412 1350 3456; x_wconf 92' lang='lat' dir='ltr'><strong>et</strong></span> <span class='ocrx_word' id='word_1_391' title='bbox 1380 3404 1489 3473; x_wconf 87' lang='lat' dir='ltr'><strong>ipse</strong></span> <span class='ocrx_word' id='word_1_392' title='bbox 1503 3406 1740 3475; x_wconf 79' lang='lat' dir='ltr'><strong>fundavit</strong></span> <span class='ocrx_word' id='word_1_393' title='bbox 1758 3425 1874 3462; x_wconf 86' lang='lat' dir='ltr'><strong>eam</strong></span> <span class='ocrx_word' id='word_1_394' title='bbox 1891 3411 1988 3464; x_wconf 84' lang='grc' dir='ltr'><strong>Αί-</strong></span> 
     </span>
    </p>
   </div>
   <div class='ocr_carea' id='block_1_53' title="bbox 423 3483 1989 3561">
    <p class='ocr_par' dir='ltr' id='par_1_53' title="bbox 423 3483 1989 3561">
     <span class='ocr_line' id='line_1_53' title="bbox 423 3483 1989 3561; baseline 0.014 -26"><span class='ocrx_word' id='word_1_395' title='bbox 423 3484 682 3538; x_wconf 83' lang='lat' dir='ltr'><strong>tissimus.</strong></span> <span class='ocrx_word' id='word_1_396' title='bbox 717 3483 1070 3556; x_wconf 81' lang='lat' dir='ltr'><strong>Reliquorum</strong></span> <span class='ocrx_word' id='word_1_397' title='bbox 1103 3490 1459 3561; x_wconf 79' lang='lat' dir='ltr'><strong>interpretum</strong></span> <span class='ocrx_word' id='word_1_398' title='bbox 1490 3496 1757 3555; x_wconf 87' lang='lat' dir='ltr'><strong>editiones</strong></span> <span class='ocrx_word' id='word_1_399' title='bbox 1786 3501 1989 3557; x_wconf 89' lang='lat' dir='ltr'><strong>clarius</strong></span> 
     </span>
    </p>
   </div>
   <div class='ocr_carea' id='block_1_54' title="bbox 417 3565 1989 3661">
    <p class='ocr_par' dir='ltr' id='par_1_54' title="bbox 417 3565 1989 3661">
     <span class='ocr_line' id='line_1_54' title="bbox 417 3565 1989 3661; baseline 0.011 -30"><span class='ocrx_word' id='word_1_400' title='bbox 417 3565 612 3635; x_wconf 78' lang='lat' dir='ltr'><strong>horum</strong></span> <span class='ocrx_word' id='word_1_401' title='bbox 666 3581 989 3635; x_wconf 86' lang='lat' dir='ltr'><strong>sententiam</strong></span> <span class='ocrx_word' id='word_1_402' title='bbox 1023 3597 1411 3653; x_wconf 75' lang='lat' dir='ltr'><strong>exposuerunt.</strong></span> <span class='ocrx_word' id='word_1_403' title='bbox 1444 3588 1579 3643; x_wconf 85' lang='lat' dir='ltr'><strong>Nam</strong></span> <span class='ocrx_word' id='word_1_404' title='bbox 1628 3590 1989 3661; x_wconf 84' lang='lat' dir='ltr'><strong>Symmachus</strong></span> 
     </span>
    </p>
   </div>
   <div class='ocr_carea' id='block_1_55' title="bbox 418 3665 1989 3749">
    <p class='ocr_par' dir='ltr' id='par_1_55' title="bbox 418 3665 1989 3749">
     <span class='ocr_line' id='line_1_55' title="bbox 418 3665 1989 3749; baseline 0.01 -29"><span class='ocrx_word' id='word_1_405' title='bbox 418 3665 524 3722; x_wconf 85' lang='lat' dir='ltr'><strong>hoc</strong></span> <span class='ocrx_word' id='word_1_406' title='bbox 574 3669 737 3722; x_wconf 87' lang='lat' dir='ltr'><strong>modo</strong></span> <span class='ocrx_word' id='word_1_407' title='bbox 797 3668 1185 3740; x_wconf 86' lang='lat' dir='ltr'><strong>interpretatus</strong></span> <span class='ocrx_word' id='word_1_408' title='bbox 1228 3682 1314 3730; x_wconf 90' lang='lat' dir='ltr'><strong>est</strong></span> <span class='ocrx_word' id='word_1_409' title='bbox 1352 3695 1365 3730; x_wconf 90' lang='lat'><strong>:</strong></span> <span class='ocrx_word' id='word_1_410' title='bbox 1401 3676 1478 3730; x_wconf 94' lang='lat' dir='ltr'><strong>De</strong></span> <span class='ocrx_word' id='word_1_411' title='bbox 1503 3676 1633 3732; x_wconf 84' lang='lat' dir='ltr'><strong>Sion</strong></span> <span class='ocrx_word' id='word_1_412' title='bbox 1676 3681 1877 3735; x_wconf 75' lang='lat' dir='ltr'><strong>dicetur</strong></span> <span class='ocrx_word' id='word_1_413' title='bbox 1896 3697 1989 3749; x_wconf 86' lang='lat' dir='ltr'><strong>per</strong></span> 
     </span>
    </p>
   </div>
   <div class='ocr_carea' id='block_1_56' title="bbox 416 3760 1987 3840">
    <p class='ocr_par' dir='ltr' id='par_1_56' title="bbox 416 3760 1987 3840">
     <span class='ocr_line' id='line_1_56' title="bbox 416 3760 1987 3840; baseline 0.01 -27"><span class='ocrx_word' id='word_1_414' title='bbox 416 3760 674 3830; x_wconf 83' lang='lat' dir='ltr'><strong>singulos,</strong></span> <span class='ocrx_word' id='word_1_415' title='bbox 704 3761 878 3818; x_wconf 81' lang='lat' dir='ltr'><strong>llomo</strong></span> <span class='ocrx_word' id='word_1_416' title='bbox 898 3764 983 3818; x_wconf 85' lang='lat' dir='ltr'><strong>hic</strong></span> <span class='ocrx_word' id='word_1_417' title='bbox 1011 3776 1169 3821; x_wconf 85' lang='lat' dir='ltr'><strong>natus</strong></span> <span class='ocrx_word' id='word_1_418' title='bbox 1191 3779 1269 3822; x_wconf 90' lang='lat' dir='ltr'><strong>est</strong></span> <span class='ocrx_word' id='word_1_419' title='bbox 1298 3768 1410 3821; x_wconf 84' lang='lat' dir='ltr'><strong>illic</strong></span> <span class='ocrx_word' id='word_1_420' title='bbox 1437 3786 1456 3822; x_wconf 89' lang='lat'><strong><em>:</em></strong></span> <span class='ocrx_word' id='word_1_421' title='bbox 1478 3771 1588 3839; x_wconf 82' lang='lat' dir='ltr'><strong>ipse</strong></span> <span class='ocrx_word' id='word_1_422' title='bbox 1609 3771 1849 3840; x_wconf 78' lang='lat' dir='ltr'><strong>fundavit</strong></span> <span class='ocrx_word' id='word_1_423' title='bbox 1870 3790 1987 3828; x_wconf 87' lang='lat' dir='ltr'><strong>eam</strong></span> 
     </span>
    </p>
   </div>
   <div class='ocr_carea' id='block_1_57' title="bbox 417 3851 1986 3933">
    <p class='ocr_par' dir='ltr' id='par_1_57' title="bbox 417 3851 1986 3933">
     <span class='ocr_line' id='line_1_57' title="bbox 417 3851 1986 3933; baseline 0.009 -28"><span class='ocrx_word' id='word_1_424' title='bbox 417 3851 746 3910; x_wconf 73' lang='lat' dir='ltr'><strong>Altissimus.</strong></span> <span class='ocrx_word' id='word_1_425' title='bbox 786 3854 1044 3910; x_wconf 80' lang='lat' dir='ltr'><strong>Dominus</strong></span> <span class='ocrx_word' id='word_1_426' title='bbox 1102 3860 1397 3914; x_wconf 82' lang='lat' dir='ltr'><strong>numerabit</strong></span> <span class='ocrx_word' id='word_1_427' title='bbox 1450 3862 1680 3917; x_wconf 83' lang='lat' dir='ltr'><strong>scribens</strong></span> <span class='ocrx_word' id='word_1_428' title='bbox 1721 3866 1938 3933; x_wconf 85' lang='lat' dir='ltr'><strong>populos</strong></span> <span class='ocrx_word' id='word_1_429' title='bbox 1967 3881 1986 3919; x_wconf 90' lang='lat'><strong><em>:</em></strong></span> 
     </span>
    </p>
   </div>
   <div class='ocr_carea' id='block_1_58' title="bbox 416 3942 1988 4011">
    <p class='ocr_par' dir='ltr' id='par_1_58' title="bbox 416 3942 1988 4011">
     <span class='ocr_line' id='line_1_58' title="bbox 416 3942 1988 4011; baseline 0.008 -14"><span class='ocrx_word' id='word_1_430' title='bbox 416 3942 502 3997; x_wconf 81' lang='lat' dir='ltr'><strong>hic</strong></span> <span class='ocrx_word' id='word_1_431' title='bbox 549 3956 707 4000; x_wconf 86' lang='lat' dir='ltr'><strong>natus</strong></span> <span class='ocrx_word' id='word_1_432' title='bbox 754 3956 832 4001; x_wconf 87' lang='lat' dir='ltr'><strong>est</strong></span> <span class='ocrx_word' id='word_1_433' title='bbox 883 3948 1017 4002; x_wconf 82' lang='lat' dir='ltr'><strong>illic.</strong></span> <span class='ocrx_word' id='word_1_434' title='bbox 1066 3949 1370 4007; x_wconf 87' lang='lat' dir='ltr'><strong>Theodotio</strong></span> <span class='ocrx_word' id='word_1_435' title='bbox 1421 3969 1551 4009; x_wconf 86' lang='lat' dir='ltr'><strong>vero</strong></span> <span class='ocrx_word' id='word_1_436' title='bbox 1576 3955 1653 4008; x_wconf 88' lang='lat' dir='ltr'><strong>ait</strong></span> <span class='ocrx_word' id='word_1_437' title='bbox 1690 3974 1703 4009; x_wconf 91' lang='lat'><strong>:</strong></span> <span class='ocrx_word' id='word_1_438' title='bbox 1738 3954 1806 4008; x_wconf 87' lang='lat' dir='ltr'><strong>Et</strong></span> <span class='ocrx_word' id='word_1_439' title='bbox 1836 3955 1988 4011; x_wconf 84' lang='lat' dir='ltr'><strong>Sioni</strong></span> 
     </span>
    </p>
   </div>
   <div class='ocr_carea' id='block_1_59' title="bbox 415 4033 1988 4114">
    <p class='ocr_par' dir='ltr' id='par_1_59' title="bbox 415 4033 1988 4114">
     <span class='ocr_line' id='line_1_59' title="bbox 415 4033 1988 4114; baseline 0.008 -27"><span class='ocrx_word' id='word_1_440' title='bbox 415 4033 642 4103; x_wconf 83' lang='lat' dir='ltr'><strong>dicetur,</strong></span> <span class='ocrx_word' id='word_1_441' title='bbox 679 4036 771 4090; x_wconf 82' lang='lat' dir='ltr'><strong>Vir</strong></span> <span class='ocrx_word' id='word_1_442' title='bbox 804 4047 855 4091; x_wconf 88' lang='lat' dir='ltr'><strong>et</strong></span> <span class='ocrx_word' id='word_1_443' title='bbox 888 4038 966 4092; x_wconf 83' lang='lat' dir='ltr'><strong>vir</strong></span> <span class='ocrx_word' id='word_1_444' title='bbox 1008 4049 1165 4094; x_wconf 85' lang='lat' dir='ltr'><strong>natus</strong></span> <span class='ocrx_word' id='word_1_445' title='bbox 1203 4052 1281 4095; x_wconf 84' lang='lat' dir='ltr'><strong>est</strong></span> <span class='ocrx_word' id='word_1_446' title='bbox 1316 4042 1372 4096; x_wconf 82' lang='lat' dir='ltr'><strong>in</strong></span> <span class='ocrx_word' id='word_1_447' title='bbox 1394 4060 1478 4111; x_wconf 88' lang='lat' dir='ltr'><strong>ea,</strong></span> <span class='ocrx_word' id='word_1_448' title='bbox 1497 4055 1547 4098; x_wconf 88' lang='lat' dir='ltr'><strong>et</strong></span> <span class='ocrx_word' id='word_1_449' title='bbox 1591 4046 1701 4112; x_wconf 88' lang='lat' dir='ltr'><strong>ipse</strong></span> <span class='ocrx_word' id='word_1_450' title='bbox 1745 4046 1988 4114; x_wconf 72' lang='lat' dir='ltr'><strong>fundarit</strong></span> 
     </span>
    </p>
   </div>
   <div class='ocr_carea' id='block_1_60' title="bbox 414 4131 1986 4197">
    <p class='ocr_par' dir='ltr' id='par_1_60' title="bbox 414 4131 1986 4197">
     <span class='ocr_line' id='line_1_60' title="bbox 414 4131 1986 4197; baseline 0.009 -18"><span class='ocrx_word' id='word_1_451' title='bbox 414 4143 552 4194; x_wconf 72' lang='lat' dir='ltr'><strong>eam,</strong></span> <span class='ocrx_word' id='word_1_452' title='bbox 568 4138 616 4182; x_wconf 89' lang='lat' dir='ltr'><strong>et</strong></span> <span class='ocrx_word' id='word_1_453' title='bbox 648 4131 967 4197; x_wconf 80' lang='lat' dir='ltr'><strong>prwparavit</strong></span> <span class='ocrx_word' id='word_1_454' title='bbox 988 4146 1105 4184; x_wconf 87' lang='lat' dir='ltr'><strong>eam</strong></span> <span class='ocrx_word' id='word_1_455' title='bbox 1136 4132 1477 4189; x_wconf 78' lang='lat' dir='ltr'><strong>Altissimus.</strong></span> <span class='ocrx_word' id='word_1_456' title='bbox 1504 4134 1763 4190; x_wconf 77' lang='lat' dir='ltr'><strong>Dominus</strong></span> <span class='ocrx_word' id='word_1_457' title='bbox 1794 4154 1986 4193; x_wconf 85' lang='lat' dir='ltr'><strong>narra-</strong></span> 
     </span>
    </p>
   </div>
   <div class='ocr_carea' id='block_1_61' title="bbox 416 4219 1987 4291">
    <p class='ocr_par' dir='ltr' id='par_1_61' title="bbox 416 4219 1987 4291">
     <span class='ocr_line' id='line_1_61' title="bbox 416 4219 1987 4291; baseline 0.01 -21"><span class='ocrx_word' id='word_1_458' title='bbox 416 4219 491 4272; x_wconf 90' lang='lat' dir='ltr'><strong>bit</strong></span> <span class='ocrx_word' id='word_1_459' title='bbox 540 4219 594 4272; x_wconf 88' lang='lat' dir='ltr'><strong>in</strong></span> <span class='ocrx_word' id='word_1_460' title='bbox 626 4220 892 4288; x_wconf 84' lang='lat' dir='ltr'><strong>scriptura</strong></span> <span class='ocrx_word' id='word_1_461' title='bbox 932 4223 1264 4291; x_wconf 82' lang='lat' dir='ltr'><strong>populorum,</strong></span> <span class='ocrx_word' id='word_1_462' title='bbox 1296 4223 1399 4279; x_wconf 85' lang='lat' dir='ltr'><strong>Hic</strong></span> <span class='ocrx_word' id='word_1_463' title='bbox 1429 4238 1588 4281; x_wconf 88' lang='lat' dir='ltr'><strong>natus</strong></span> <span class='ocrx_word' id='word_1_464' title='bbox 1616 4238 1692 4281; x_wconf 84' lang='lat' dir='ltr'><strong>est</strong></span> <span class='ocrx_word' id='word_1_465' title='bbox 1721 4231 1775 4283; x_wconf 88' lang='lat' dir='ltr'><strong>in</strong></span> <span class='ocrx_word' id='word_1_466' title='bbox 1805 4248 1886 4285; x_wconf 88' lang='lat' dir='ltr'><strong>ea.</strong></span> <span class='ocrx_word' id='word_1_467' title='bbox 1923 4231 1987 4286; x_wconf 87' lang='lat' dir='ltr'><strong>Et</strong></span> 
     </span>
    </p>
   </div>
   <div class='ocr_carea' id='block_1_62' title="bbox 416 4306 1988 4380">
    <p class='ocr_par' dir='ltr' id='par_1_62' title="bbox 416 4306 1988 4380">
     <span class='ocr_line' id='line_1_62' title="bbox 416 4306 1988 4380; baseline 0.011 -21"><span class='ocrx_word' id='word_1_468' title='bbox 416 4306 840 4371; x_wconf 86' lang='lat' dir='ltr'><strong>animadvertas,</strong></span> <span class='ocrx_word' id='word_1_469' title='bbox 884 4326 1090 4380; x_wconf 56' lang='lat' dir='ltr'><strong>quaso,</strong></span> <span class='ocrx_word' id='word_1_470' title='bbox 1136 4313 1280 4368; x_wconf 88' lang='lat' dir='ltr'><strong>sicut</strong></span> <span class='ocrx_word' id='word_1_471' title='bbox 1330 4315 1385 4369; x_wconf 89' lang='lat' dir='ltr'><strong>in</strong></span> <span class='ocrx_word' id='word_1_472' title='bbox 1435 4316 1520 4372; x_wconf 88' lang='lat' dir='ltr'><strong>his</strong></span> <span class='ocrx_word' id='word_1_473' title='bbox 1548 4318 1754 4373; x_wconf 87' lang='lat' dir='ltr'><strong>dictum</strong></span> <span class='ocrx_word' id='word_1_474' title='bbox 1794 4331 1877 4375; x_wconf 90' lang='lat' dir='ltr'><strong>est</strong></span> <span class='ocrx_word' id='word_1_475' title='bbox 1919 4320 1988 4377; x_wconf 90' lang='lat' dir='ltr'><strong>de</strong></span> 
     </span>
    </p>
   </div>
   <div class='ocr_carea' id='block_1_63' title="bbox 415 4396 1987 4479">
    <p class='ocr_par' dir='ltr' id='par_1_63' title="bbox 415 4396 1987 4479">
     <span class='ocr_line' id='line_1_63' title="bbox 415 4396 1987 4479; baseline 0.011 -31"><span class='ocrx_word' id='word_1_476' title='bbox 415 4396 757 4467; x_wconf 84' lang='lat' dir='ltr'><strong>alienigenis,</strong></span> <span class='ocrx_word' id='word_1_477' title='bbox 792 4399 1111 4471; x_wconf 69' lang='lat' dir='ltr'><strong>Alienigena:</strong></span> <span class='ocrx_word' id='word_1_478' title='bbox 1143 4413 1194 4457; x_wconf 89' lang='lat' dir='ltr'><strong>et</strong></span> <span class='ocrx_word' id='word_1_479' title='bbox 1246 4405 1418 4476; x_wconf 86' lang='lat' dir='ltr'><strong>Tyrus</strong></span> <span class='ocrx_word' id='word_1_480' title='bbox 1442 4418 1492 4462; x_wconf 89' lang='lat' dir='ltr'><strong>et</strong></span> <span class='ocrx_word' id='word_1_481' title='bbox 1520 4412 1745 4479; x_wconf 86' lang='lat' dir='ltr'><strong>populus</strong></span> <span class='ocrx_word' id='word_1_482' title='bbox 1768 4411 1987 4467; x_wconf 64' lang='lat' dir='ltr'><strong>zEtIzio-</strong></span> 
     </span>
    </p>
   </div>
   <div class='ocr_carea' id='block_1_64' title="bbox 411 4489 1981 4569">
    <p class='ocr_par' dir='ltr' id='par_1_64' title="bbox 411 4489 1981 4569">
     <span class='ocr_line' id='line_1_64' title="bbox 411 4489 1981 4569; baseline 0.012 -30"><span class='ocrx_word' id='word_1_483' title='bbox 411 4502 536 4556; x_wconf 87' lang='lat' dir='ltr'><strong>pum</strong></span> <span class='ocrx_word' id='word_1_484' title='bbox 574 4489 628 4542; x_wconf 85' lang='lat' dir='ltr'><strong>hi</strong></span> <span class='ocrx_word' id='word_1_485' title='bbox 654 4490 782 4551; x_wconf 80' lang='lat' dir='ltr'><strong>facti</strong></span> <span class='ocrx_word' id='word_1_486' title='bbox 803 4503 925 4546; x_wconf 84' lang='lat' dir='ltr'><strong>sunt</strong></span> <span class='ocrx_word' id='word_1_487' title='bbox 954 4493 1097 4557; x_wconf 73' lang='lat' dir='ltr'><strong>illic;</strong></span> <span class='ocrx_word' id='word_1_488' title='bbox 1128 4495 1209 4550; x_wconf 85' lang='lat' dir='ltr'><strong>sic</strong></span> <span class='ocrx_word' id='word_1_489' title='bbox 1236 4505 1291 4552; x_wconf 90' lang='lat' dir='ltr'><strong>et</strong></span> <span class='ocrx_word' id='word_1_490' title='bbox 1319 4497 1423 4553; x_wconf 90' lang='lat' dir='ltr'><strong>hoc</strong></span> <span class='ocrx_word' id='word_1_491' title='bbox 1452 4500 1594 4565; x_wconf 89' lang='lat' dir='ltr'><strong>loco,</strong></span> <span class='ocrx_word' id='word_1_492' title='bbox 1629 4504 1868 4569; x_wconf 79' lang='lat' dir='ltr'><strong>Dicetur,</strong></span> <span class='ocrx_word' id='word_1_493' title='bbox 1894 4505 1981 4558; x_wconf 91' lang='lat' dir='ltr'><strong>in-</strong></span> 
     </span>
    </p>
   </div>
   <div class='ocr_carea' id='block_1_65' title="bbox 412 4573 1981 4655">
    <p class='ocr_par' dir='ltr' id='par_1_65' title="bbox 412 4573 1981 4655">
     <span class='ocr_line' id='line_1_65' title="bbox 412 4573 1981 4655; baseline 0.011 -31"><span class='ocrx_word' id='word_1_494' title='bbox 412 4574 553 4642; x_wconf 91' lang='lat' dir='ltr'><strong>quit,</strong></span> <span class='ocrx_word' id='word_1_495' title='bbox 604 4573 695 4627; x_wconf 83' lang='lat' dir='ltr'><strong>Vir</strong></span> <span class='ocrx_word' id='word_1_496' title='bbox 737 4586 786 4629; x_wconf 90' lang='lat' dir='ltr'><strong>et</strong></span> <span class='ocrx_word' id='word_1_497' title='bbox 836 4578 914 4630; x_wconf 86' lang='lat' dir='ltr'><strong>vir</strong></span> <span class='ocrx_word' id='word_1_498' title='bbox 963 4588 1121 4633; x_wconf 85' lang='lat' dir='ltr'><strong>natus</strong></span> <span class='ocrx_word' id='word_1_499' title='bbox 1153 4589 1231 4634; x_wconf 85' lang='lat' dir='ltr'><strong>est</strong></span> <span class='ocrx_word' id='word_1_500' title='bbox 1266 4582 1370 4646; x_wconf 88' lang='lat' dir='ltr'><strong>ibi;</strong></span> <span class='ocrx_word' id='word_1_501' title='bbox 1413 4591 1467 4638; x_wconf 88' lang='lat' dir='ltr'><strong>et</strong></span> <span class='ocrx_word' id='word_1_502' title='bbox 1498 4594 1686 4655; x_wconf 87' lang='lat' dir='ltr'><strong>postea</strong></span> <span class='ocrx_word' id='word_1_503' title='bbox 1737 4604 1981 4648; x_wconf 82' lang='lat' dir='ltr'><strong>rursum,</strong></span> 
     </span>
    </p>
   </div>
   <div class='ocr_carea' id='block_1_66' title="bbox 2090 2115 3667 2193">
    <p class='ocr_par' dir='ltr' id='par_1_66' title="bbox 2090 2115 3667 2193">
     <span class='ocr_line' id='line_1_66' title="bbox 2090 2115 3667 2193; baseline 0.006 -26"><span class='ocrx_word' id='word_1_504' title='bbox 2090 2115 2291 2168; x_wconf 84' lang='grc' dir='ltr'><strong>στιαία</strong></span> <span class='ocrx_word' id='word_1_505' title='bbox 2326 2117 2428 2170; x_wconf 77' lang='grc' dir='ltr'><strong>καὶ</strong></span> <span class='ocrx_word' id='word_1_506' title='bbox 2470 2117 2654 2184; x_wconf 84' lang='grc' dir='ltr'><em>Τύρος</em></span> <span class='ocrx_word' id='word_1_507' title='bbox 2694 2118 2844 2187; x_wconf 82' lang='grc' dir='ltr'><strong>μετὰ</strong></span> <span class='ocrx_word' id='word_1_508' title='bbox 2876 2120 3199 2185; x_wconf 73' lang='grc' dir='ltr'><strong>Αἰθιοπίας,</strong></span> <span class='ocrx_word' id='word_1_509' title='bbox 3238 2117 3418 2189; x_wconf 85' lang='grc' dir='ltr'><strong>οὗτος</strong></span> <span class='ocrx_word' id='word_1_510' title='bbox 3453 2122 3667 2193; x_wconf 75' lang='grc' dir='ltr'><strong>ἐτέχθη</strong></span> 
     </span>
    </p>
   </div>
   <div class='ocr_carea' id='block_1_67' title="bbox 2089 2206 3663 2281">
    <p class='ocr_par' dir='ltr' id='par_1_67' title="bbox 2089 2206 3663 2281">
     <span class='ocr_line' id='line_1_67' title="bbox 2089 2206 3663 2281; baseline 0.004 -21"><span class='ocrx_word' id='word_1_511' title='bbox 2089 2206 2244 2261; x_wconf 80' lang='grc' dir='ltr'><strong>ἐκεῖ·</strong></span> <span class='ocrx_word' id='word_1_512' title='bbox 2273 2210 2474 2279; x_wconf 87' lang='grc' dir='ltr'><strong>ὁμοίως</strong></span> <span class='ocrx_word' id='word_1_513' title='bbox 2514 2209 2572 2263; x_wconf 84' lang='grc' dir='ltr'><strong>δὲ</strong></span> <span class='ocrx_word' id='word_1_514' title='bbox 2616 2211 2711 2264; x_wconf 76' lang='grc' dir='ltr'><strong>καὶ</strong></span> <span class='ocrx_word' id='word_1_515' title='bbox 2751 2211 2780 2262; x_wconf 86' lang='grc' dir='ltr'>ὁ</span> <span class='ocrx_word' id='word_1_516' title='bbox 2812 2210 3102 2281; x_wconf 83' lang='grc' dir='ltr'><strong>Σύμμαχος</strong></span> <span class='ocrx_word' id='word_1_517' title='bbox 3142 2212 3403 2278; x_wconf 75' lang='grc' dir='ltr'><strong>ἐξέδωκεν</strong></span> <span class='ocrx_word' id='word_1_518' title='bbox 3453 2213 3624 2266; x_wconf 77' lang='grc' dir='ltr'><strong>εἰπών</strong></span> <span class='ocrx_word' id='word_1_519' title='bbox 3647 2231 3663 2246; x_wconf 87' lang='grc'>·</span> 
     </span>
    </p>
   </div>
   <div class='ocr_carea' id='block_1_68' title="bbox 2102 2299 3667 2373">
    <p class='ocr_par' dir='ltr' id='par_1_68' title="bbox 2102 2299 3667 2373">
     <span class='ocr_line' id='line_1_68' title="bbox 2102 2299 3667 2373; baseline 0.005 -21"><span class='ocrx_word' id='word_1_520' title='bbox 2102 2299 2246 2354; x_wconf 83' lang='grc' dir='ltr'><strong>Ἰδοὺ</strong></span> <span class='ocrx_word' id='word_1_521' title='bbox 2279 2302 2647 2356; x_wconf 82' lang='grc' dir='ltr'><strong>Φυλιστιαῖοι</strong></span> <span class='ocrx_word' id='word_1_522' title='bbox 2690 2302 2788 2355; x_wconf 80' lang='grc' dir='ltr'><strong>καὶ</strong></span> <span class='ocrx_word' id='word_1_523' title='bbox 2833 2304 3015 2371; x_wconf 82' lang='grc' dir='ltr'><em>Τύρος</em></span> <span class='ocrx_word' id='word_1_524' title='bbox 3036 2302 3185 2373; x_wconf 80' lang='grc' dir='ltr'><strong>μετὰ</strong></span> <span class='ocrx_word' id='word_1_525' title='bbox 3204 2305 3528 2370; x_wconf 71' lang='grc' dir='ltr'><strong>Αἰθιοπίας,</strong></span> <span class='ocrx_word' id='word_1_526' title='bbox 3562 2300 3667 2360; x_wconf 79' lang='grc' dir='ltr'><strong>οὗ·</strong></span> 
     </span>
    </p>
   </div>
   <div class='ocr_carea' id='block_1_69' title="bbox 2089 2393 3666 2466">
    <p class='ocr_par' dir='ltr' id='par_1_69' title="bbox 2089 2393 3666 2466">
     <span class='ocr_line' id='line_1_69' title="bbox 2089 2393 3666 2466; baseline 0.004 -22"><span class='ocrx_word' id='word_1_527' title='bbox 2089 2408 2192 2457; x_wconf 86' lang='grc' dir='ltr'><strong>τος</strong></span> <span class='ocrx_word' id='word_1_528' title='bbox 2234 2393 2445 2463; x_wconf 76' lang='grc' dir='ltr'><strong>ἐτέχθη</strong></span> <span class='ocrx_word' id='word_1_529' title='bbox 2489 2393 2797 2448; x_wconf 75' lang='grc' dir='ltr'><strong>ἐκεῖ.Ἐκεί</strong></span> <span class='ocrx_word' id='word_1_530' title='bbox 2827 2394 2905 2458; x_wconf 78' lang='grc' dir='ltr'><strong>δὲ,</strong></span> <span class='ocrx_word' id='word_1_531' title='bbox 2939 2394 3040 2448; x_wconf 84' lang='grc' dir='ltr'><strong>ποῦ</strong></span> <span class='ocrx_word' id='word_1_532' title='bbox 3085 2412 3218 2466; x_wconf 79' lang='grc' dir='ltr'><strong>φησι</strong></span> <span class='ocrx_word' id='word_1_533' title='bbox 3262 2396 3513 2466; x_wconf 83' lang='grc' dir='ltr'><strong>τετέχθαι</strong></span> <span class='ocrx_word' id='word_1_534' title='bbox 3537 2397 3666 2461; x_wconf 86' lang='grc' dir='ltr'><strong>τοὺς</strong></span> 
     </span>
    </p>
   </div>
   <div class='ocr_carea' id='block_1_70' title="bbox 2089 2482 3667 2558">
    <p class='ocr_par' dir='ltr' id='par_1_70' title="bbox 2089 2482 3667 2558">
     <span class='ocr_line' id='line_1_70' title="bbox 2089 2482 3667 2558; baseline 0.003 -23"><span class='ocrx_word' id='word_1_535' title='bbox 2089 2482 2432 2553; x_wconf 85' lang='grc' dir='ltr'><strong>ἀλλοφύλους,</strong></span> <span class='ocrx_word' id='word_1_536' title='bbox 2449 2484 2563 2539; x_wconf 88' lang='grc' dir='ltr'><em>ἀλλ’</em></span> <span class='ocrx_word' id='word_1_537' title='bbox 2591 2485 2625 2556; x_wconf 80' lang='grc' dir='ltr'>ἢ</span> <span class='ocrx_word' id='word_1_538' title='bbox 2647 2487 2705 2539; x_wconf 83' lang='grc' dir='ltr'><strong>ὲν</strong></span> <span class='ocrx_word' id='word_1_539' title='bbox 2723 2488 2788 2556; x_wconf 82' lang='grc' dir='ltr'><strong>τῇ</strong></span> <span class='ocrx_word' id='word_1_540' title='bbox 2812 2484 2959 2538; x_wconf 84' lang='grc' dir='ltr'><strong>πόλει</strong></span> <span class='ocrx_word' id='word_1_541' title='bbox 2982 2486 3076 2540; x_wconf 84' lang='grc' dir='ltr'><strong>τοῦ</strong></span> <span class='ocrx_word' id='word_1_542' title='bbox 3100 2486 3309 2558; x_wconf 78' lang='grc' dir='ltr'><strong>Θεοῦ,ἢ</strong></span> <span class='ocrx_word' id='word_1_543' title='bbox 3336 2490 3392 2541; x_wconf 77' lang='grc' dir='ltr'><strong>ὲν</strong></span> <span class='ocrx_word' id='word_1_544' title='bbox 3420 2490 3541 2551; x_wconf 82' lang='grc' dir='ltr'><strong>ταῖς</strong></span> <span class='ocrx_word' id='word_1_545' title='bbox 3565 2487 3667 2541; x_wconf 86' lang='grc' dir='ltr'><strong>πύ-</strong></span> 
     </span>
    </p>
   </div>
   <div class='ocr_carea' id='block_1_71' title="bbox 2088 2573 3666 2650">
    <p class='ocr_par' dir='ltr' id='par_1_71' title="bbox 2088 2573 3666 2650">
     <span class='ocr_line' id='line_1_71' title="bbox 2088 2573 3666 2650; baseline 0.006 -24"><span class='ocrx_word' id='word_1_546' title='bbox 2088 2573 2207 2639; x_wconf 88' lang='grc' dir='ltr'><strong>λαις</strong></span> <span class='ocrx_word' id='word_1_547' title='bbox 2239 2575 2409 2645; x_wconf 79' lang='grc' dir='ltr'><strong>αὐτῆς</strong></span> <span class='ocrx_word' id='word_1_548' title='bbox 2432 2578 2553 2640; x_wconf 84' lang='grc' dir='ltr'><strong>ταῖς</strong></span> <span class='ocrx_word' id='word_1_549' title='bbox 2576 2577 2959 2647; x_wconf 83' lang='grc' dir='ltr'><strong>νενοημέναις;</strong></span> <span class='ocrx_word' id='word_1_550' title='bbox 2990 2578 3161 2631; x_wconf 76' lang='grc' dir='ltr'><strong>Τοῦτο</strong></span> <span class='ocrx_word' id='word_1_551' title='bbox 3183 2578 3292 2649; x_wconf 83' lang='grc' dir='ltr'><strong>γὰρ</strong></span> <span class='ocrx_word' id='word_1_552' title='bbox 3312 2581 3343 2650; x_wconf 83' lang='grc' dir='ltr'>ἡ</span> <span class='ocrx_word' id='word_1_553' title='bbox 3376 2580 3666 2635; x_wconf 74' lang='grc' dir='ltr'><strong>ἀκολουθία</strong></span> 
     </span>
    </p>
   </div>
   <div class='ocr_carea' id='block_1_72' title="bbox 2088 2666 3669 2741">
    <p class='ocr_par' dir='ltr' id='par_1_72' title="bbox 2088 2666 3669 2741">
     <span class='ocr_line' id='line_1_72' title="bbox 2088 2666 3669 2741; baseline 0.006 -24"><span class='ocrx_word' id='word_1_554' title='bbox 2088 2666 2185 2736; x_wconf 83' lang='grc' dir='ltr'><strong>τῆς</strong></span> <span class='ocrx_word' id='word_1_555' title='bbox 2209 2669 2571 2738; x_wconf 85' lang='grc' dir='ltr'><strong>συμφράσεως</strong></span> <span class='ocrx_word' id='word_1_556' title='bbox 2592 2668 2882 2722; x_wconf 83' lang='grc' dir='ltr'><strong>ὑποϐάλλει</strong></span> <span class='ocrx_word' id='word_1_557' title='bbox 2912 2672 3067 2722; x_wconf 86' lang='grc' dir='ltr'><strong>νοεῖν.</strong></span> <span class='ocrx_word' id='word_1_558' title='bbox 3096 2670 3380 2740; x_wconf 79' lang='grc' dir='ltr'><strong>Προειπὼν</strong></span> <span class='ocrx_word' id='word_1_559' title='bbox 3407 2670 3543 2741; x_wconf 84' lang='grc' dir='ltr'><strong>γάρ·</strong></span> <span class='ocrx_word' id='word_1_560' title='bbox 3567 2674 3669 2726; x_wconf 83' lang='grc' dir='ltr'><strong>Δε-</strong></span> 
     </span>
    </p>
   </div>
   <div class='ocr_carea' id='block_1_73' title="bbox 2088 2755 3665 2830">
    <p class='ocr_par' dir='ltr' id='par_1_73' title="bbox 2088 2755 3665 2830">
     <span class='ocr_line' id='line_1_73' title="bbox 2088 2755 3665 2830; baseline 0.005 -21"><span class='ocrx_word' id='word_1_561' title='bbox 2088 2755 2430 2828; x_wconf 81' lang='grc' dir='ltr'><strong>δοξασμένα</strong></span> <span class='ocrx_word' id='word_1_562' title='bbox 2458 2760 2723 2827; x_wconf 78' lang='grc' dir='ltr'><strong>ἐλαλήθη</strong></span> <span class='ocrx_word' id='word_1_563' title='bbox 2765 2761 2896 2828; x_wconf 82' lang='grc' dir='ltr'><strong>περὶ</strong></span> <span class='ocrx_word' id='word_1_564' title='bbox 2926 2761 3062 2827; x_wconf 87' lang='grc' dir='ltr'><strong>σοῦ,</strong></span> <span class='ocrx_word' id='word_1_565' title='bbox 3088 2763 3126 2830; x_wconf 82' lang='grc' dir='ltr'><em>ἠ</em></span> <span class='ocrx_word' id='word_1_566' title='bbox 3160 2761 3337 2829; x_wconf 83' lang='grc' dir='ltr'><strong>πόλις</strong></span> <span class='ocrx_word' id='word_1_567' title='bbox 3360 2763 3467 2817; x_wconf 87' lang='grc' dir='ltr'><strong>τοῦ</strong></span> <span class='ocrx_word' id='word_1_568' title='bbox 3494 2764 3665 2828; x_wconf 80' lang='grc' dir='ltr'><strong>Θεοῦ,</strong></span> 
     </span>
    </p>
   </div>
   <div class='ocr_carea' id='block_1_74' title="bbox 2089 2849 3665 2925">
    <p class='ocr_par' dir='ltr' id='par_1_74' title="bbox 2089 2849 3665 2925">
     <span class='ocr_line' id='line_1_74' title="bbox 2089 2849 3665 2925; baseline 0.006 -24"><span class='ocrx_word' id='word_1_569' title='bbox 2089 2849 2328 2917; x_wconf 75' lang='grc' dir='ltr'><strong>ἐπιλέγει</strong></span> <span class='ocrx_word' id='word_1_570' title='bbox 2364 2852 2647 2906; x_wconf 77' lang='grc' dir='ltr'><strong>συνάτντων</strong></span> <span class='ocrx_word' id='word_1_571' title='bbox 2695 2850 2842 2921; x_wconf 77' lang='grc' dir='ltr'><strong>ἑξῆς,</strong></span> <span class='ocrx_word' id='word_1_572' title='bbox 2876 2852 2951 2918; x_wconf 82' lang='grc' dir='ltr'><strong>ὼς</strong></span> <span class='ocrx_word' id='word_1_573' title='bbox 2980 2855 3088 2925; x_wconf 79' lang='grc' dir='ltr'><strong>ἄρα</strong></span> <span class='ocrx_word' id='word_1_574' title='bbox 3111 2856 3219 2908; x_wconf 78' lang='grc' dir='ltr'><strong>οἵδε</strong></span> <span class='ocrx_word' id='word_1_575' title='bbox 3252 2856 3347 2908; x_wconf 78' lang='grc' dir='ltr'><strong>καὶ</strong></span> <span class='ocrx_word' id='word_1_576' title='bbox 3372 2856 3478 2909; x_wconf 80' lang='grc' dir='ltr'><strong>οἵδε</strong></span> <span class='ocrx_word' id='word_1_577' title='bbox 3507 2856 3665 2911; x_wconf 81' lang='grc' dir='ltr'><strong>ἀλλό-</strong></span> 
     </span>
    </p>
   </div>
   <div class='ocr_carea' id='block_1_75' title="bbox 2089 2940 3661 3019">
    <p class='ocr_par' dir='ltr' id='par_1_75' title="bbox 2089 2940 3661 3019">
     <span class='ocr_line' id='line_1_75' title="bbox 2089 2940 3661 3019; baseline 0.005 -27"><span class='ocrx_word' id='word_1_578' title='bbox 2089 2940 2242 3009; x_wconf 87' lang='grc' dir='ltr'><strong>φυλοι</strong></span> <span class='ocrx_word' id='word_1_579' title='bbox 2274 2942 2607 3013; x_wconf 80' lang='grc' dir='ltr'><strong>ἐγενήθησαν</strong></span> <span class='ocrx_word' id='word_1_580' title='bbox 2634 2945 2770 3005; x_wconf 75' lang='grc' dir='ltr'><strong>ἐκεῖ,</strong></span> <span class='ocrx_word' id='word_1_581' title='bbox 2807 2944 2903 2997; x_wconf 78' lang='grc' dir='ltr'><strong>καὶ</strong></span> <span class='ocrx_word' id='word_1_582' title='bbox 2945 2946 2974 2997; x_wconf 79' lang='grc' dir='ltr'><strong>ὁ</strong></span> <span class='ocrx_word' id='word_1_583' title='bbox 3016 2945 3141 3009; x_wconf 79' lang='grc' dir='ltr'><strong>λαὸς</strong></span> <span class='ocrx_word' id='word_1_584' title='bbox 3170 2946 3444 3001; x_wconf 74' lang='grc' dir='ltr'><strong>Αἰθιόπων</strong></span> <span class='ocrx_word' id='word_1_585' title='bbox 3467 2947 3661 3019; x_wconf 74' lang='grc' dir='ltr'><strong>ἐτέχθη</strong></span> 
     </span>
    </p>
   </div>
   <div class='ocr_carea' id='block_1_76' title="bbox 2089 3031 3662 3108">
    <p class='ocr_par' dir='ltr' id='par_1_76' title="bbox 2089 3031 3662 3108">
     <span class='ocr_line' id='line_1_76' title="bbox 2089 3031 3662 3108; baseline 0.007 -26"><span class='ocrx_word' id='word_1_586' title='bbox 2089 3031 2232 3083; x_wconf 85' lang='grc' dir='ltr'><strong>ὲκεῑ·</strong></span> <span class='ocrx_word' id='word_1_587' title='bbox 2268 3031 2506 3102; x_wconf 84' lang='grc' dir='ltr'><strong>δηλονότι</strong></span> <span class='ocrx_word' id='word_1_588' title='bbox 2542 3034 2601 3087; x_wconf 71' lang='grc' dir='ltr'><strong>ἐν</strong></span> <span class='ocrx_word' id='word_1_589' title='bbox 2630 3036 2696 3104; x_wconf 84' lang='grc' dir='ltr'><strong>τῇ</strong></span> <span class='ocrx_word' id='word_1_590' title='bbox 2728 3034 3097 3106; x_wconf 79' lang='grc' dir='ltr'><strong>προειρημένῃ</strong></span> <span class='ocrx_word' id='word_1_591' title='bbox 3128 3036 3280 3089; x_wconf 84' lang='grc' dir='ltr'><strong>πόλει</strong></span> <span class='ocrx_word' id='word_1_592' title='bbox 3307 3037 3402 3091; x_wconf 78' lang='grc' dir='ltr'><strong>τοῦ</strong></span> <span class='ocrx_word' id='word_1_593' title='bbox 3443 3038 3599 3100; x_wconf 80' lang='grc' dir='ltr'><strong>Θεοῦ,</strong></span> <span class='ocrx_word' id='word_1_594' title='bbox 3630 3037 3662 3108; x_wconf 78' lang='grc' dir='ltr'><strong>ἢ</strong></span> 
     </span>
    </p>
   </div>
   <div class='ocr_carea' id='block_1_77' title="bbox 2088 3123 3665 3201">
    <p class='ocr_par' dir='ltr' id='par_1_77' title="bbox 2088 3123 3665 3201">
     <span class='ocr_line' id='line_1_77' title="bbox 2088 3123 3665 3201; baseline 0.004 -26"><span class='ocrx_word' id='word_1_595' title='bbox 2088 3123 2147 3176; x_wconf 84' lang='grc' dir='ltr'><strong>ὲν</strong></span> <span class='ocrx_word' id='word_1_596' title='bbox 2182 3125 2301 3186; x_wconf 82' lang='grc' dir='ltr'><strong>ταῖς</strong></span> <span class='ocrx_word' id='word_1_597' title='bbox 2338 3123 2541 3194; x_wconf 85' lang='grc' dir='ltr'><strong>ταύτης</strong></span> <span class='ocrx_word' id='word_1_598' title='bbox 2579 3123 3013 3196; x_wconf 86' lang='grc' dir='ltr'><strong>τεθεωρημέναις</strong></span> <span class='ocrx_word' id='word_1_599' title='bbox 3046 3126 3257 3189; x_wconf 87' lang='grc' dir='ltr'><strong>πύλαις.</strong></span> <span class='ocrx_word' id='word_1_600' title='bbox 3271 3128 3336 3180; x_wconf 81' lang='lat' dir='ltr'><strong>&quot;A</strong></span> <span class='ocrx_word' id='word_1_601' title='bbox 3362 3128 3425 3200; x_wconf 85' lang='grc' dir='ltr'><strong>δὴ</strong></span> <span class='ocrx_word' id='word_1_602' title='bbox 3453 3129 3547 3183; x_wconf 79' lang='grc' dir='ltr'><strong>καὶ</strong></span> <span class='ocrx_word' id='word_1_603' title='bbox 3571 3129 3665 3201; x_wconf 75' lang='grc' dir='ltr'><strong>ἔρ-</strong></span> 
     </span>
    </p>
   </div>
   <div class='ocr_carea' id='block_1_78' title="bbox 2087 3214 3669 3291">
    <p class='ocr_par' dir='ltr' id='par_1_78' title="bbox 2087 3214 3669 3291">
     <span class='ocr_line' id='line_1_78' title="bbox 2087 3214 3669 3291; baseline 0.006 -24"><span class='ocrx_word' id='word_1_604' title='bbox 2087 3230 2205 3283; x_wconf 88' lang='grc' dir='ltr'><strong>γοις</strong></span> <span class='ocrx_word' id='word_1_605' title='bbox 2229 3214 2640 3268; x_wconf 78' lang='grc' dir='ltr'><strong>ἐπιτελεσθέντα</strong></span> <span class='ocrx_word' id='word_1_606' title='bbox 2662 3215 2759 3287; x_wconf 84' lang='grc' dir='ltr'><strong>τὴν</strong></span> <span class='ocrx_word' id='word_1_607' title='bbox 2781 3216 2888 3271; x_wconf 87' lang='grc' dir='ltr'><strong>τῶν</strong></span> <span class='ocrx_word' id='word_1_608' title='bbox 2911 3216 3083 3287; x_wconf 88' lang='grc' dir='ltr'><strong>λόγων</strong></span> <span class='ocrx_word' id='word_1_609' title='bbox 3105 3218 3362 3291; x_wconf 80' lang='grc' dir='ltr'><strong>ἀλήθειαν</strong></span> <span class='ocrx_word' id='word_1_610' title='bbox 3381 3221 3669 3276; x_wconf 82' lang='grc' dir='ltr'><strong>πιστοῦται</strong></span> 
     </span>
    </p>
   </div>
   <div class='ocr_carea' id='block_1_79' title="bbox 2088 3306 3662 3383">
    <p class='ocr_par' dir='ltr' id='par_1_79' title="bbox 2088 3306 3662 3383">
     <span class='ocr_line' id='line_1_79' title="bbox 2088 3306 3662 3383; baseline 0.004 -24"><span class='ocrx_word' id='word_1_611' title='bbox 2088 3306 2188 3376; x_wconf 82' lang='grc' dir='ltr'><strong>τῆς</strong></span> <span class='ocrx_word' id='word_1_612' title='bbox 2216 3306 2481 3377; x_wconf 84' lang='grc' dir='ltr'><strong>σωτηρίου</strong></span> <span class='ocrx_word' id='word_1_613' title='bbox 2512 3307 2754 3378; x_wconf 82' lang='grc' dir='ltr'><strong>χάριτος,</strong></span> <span class='ocrx_word' id='word_1_614' title='bbox 2781 3309 2875 3363; x_wconf 75' lang='grc' dir='ltr'><strong>καὶ</strong></span> <span class='ocrx_word' id='word_1_615' title='bbox 2896 3309 3267 3375; x_wconf 86' lang='grc' dir='ltr'><strong>Βαϐυλωνίους</strong></span> <span class='ocrx_word' id='word_1_616' title='bbox 3289 3310 3385 3366; x_wconf 77' lang='grc' dir='ltr'><strong>καὶ</strong></span> <span class='ocrx_word' id='word_1_617' title='bbox 3409 3313 3662 3383; x_wconf 77' lang='grc' dir='ltr'><strong>Τυρίους,</strong></span> 
     </span>
    </p>
   </div>
   <div class='ocr_carea' id='block_1_80' title="bbox 2089 3397 3664 3473">
    <p class='ocr_par' dir='ltr' id='par_1_80' title="bbox 2089 3397 3664 3473">
     <span class='ocr_line' id='line_1_80' title="bbox 2089 3397 3664 3473; baseline 0.005 -23"><span class='ocrx_word' id='word_1_618' title='bbox 2089 3397 2183 3450; x_wconf 78' lang='grc' dir='ltr'><strong>καὶ</strong></span> <span class='ocrx_word' id='word_1_619' title='bbox 2202 3397 2407 3460; x_wconf 86' lang='grc' dir='ltr'><strong>πάντας</strong></span> <span class='ocrx_word' id='word_1_620' title='bbox 2433 3398 2558 3461; x_wconf 86' lang='grc' dir='ltr'><strong>τοὺς</strong></span> <span class='ocrx_word' id='word_1_621' title='bbox 2579 3398 2883 3467; x_wconf 85' lang='grc' dir='ltr'><strong>ἀλλογενεῖς</strong></span> <span class='ocrx_word' id='word_1_622' title='bbox 2908 3403 3003 3455; x_wconf 78' lang='grc' dir='ltr'><strong>καὶ</strong></span> <span class='ocrx_word' id='word_1_623' title='bbox 3026 3402 3336 3473; x_wconf 81' lang='grc' dir='ltr'><strong>ἀλλοτρίους</strong></span> <span class='ocrx_word' id='word_1_624' title='bbox 3355 3403 3448 3457; x_wconf 80' lang='grc' dir='ltr'><strong>τοῦ</strong></span> <span class='ocrx_word' id='word_1_625' title='bbox 3476 3405 3664 3473; x_wconf 84' lang='grc' dir='ltr'><strong>γένους</strong></span> 
     </span>
    </p>
   </div>
   <div class='ocr_carea' id='block_1_81' title="bbox 2086 3482 3665 3565">
    <p class='ocr_par' dir='ltr' id='par_1_81' title="bbox 2086 3482 3665 3565">
     <span class='ocr_line' id='line_1_81' title="bbox 2086 3482 3665 3565; baseline 0.006 -25"><span class='ocrx_word' id='word_1_626' title='bbox 2086 3487 2179 3541; x_wconf 80' lang='grc' dir='ltr'><strong>τοῦ</strong></span> <span class='ocrx_word' id='word_1_627' title='bbox 2219 3488 2629 3559; x_wconf 84' lang='grc' dir='ltr'><strong>Ἰσραηλιτικοῦ,</strong></span> <span class='ocrx_word' id='word_1_628' title='bbox 2674 3491 2766 3544; x_wconf 79' lang='grc' dir='ltr'><strong>καὶ</strong></span> <span class='ocrx_word' id='word_1_629' title='bbox 2815 3482 2904 3545; x_wconf 79' lang='grc' dir='ltr'><strong>διᾶ</strong></span> <span class='ocrx_word' id='word_1_630' title='bbox 2948 3492 3172 3565; x_wconf 83' lang='grc' dir='ltr'><strong>λουτροῦ</strong></span> <span class='ocrx_word' id='word_1_631' title='bbox 3226 3495 3665 3564; x_wconf 82' lang='grc' dir='ltr'><strong>παλιγγενεσίας,</strong></span> 
     </span>
    </p>
   </div>
   <div class='ocr_carea' id='block_1_82' title="bbox 2088 3579 3664 3657">
    <p class='ocr_par' dir='ltr' id='par_1_82' title="bbox 2088 3579 3664 3657">
     <span class='ocr_line' id='line_1_82' title="bbox 2088 3579 3664 3657; baseline 0.004 -22"><span class='ocrx_word' id='word_1_632' title='bbox 2088 3580 2182 3635; x_wconf 76' lang='grc' dir='ltr'><strong>καὶ</strong></span> <span class='ocrx_word' id='word_1_633' title='bbox 2218 3579 2325 3633; x_wconf 85' lang='grc' dir='ltr'><strong>τῶν</strong></span> <span class='ocrx_word' id='word_1_634' title='bbox 2350 3581 2447 3651; x_wconf 84' lang='grc' dir='ltr'><strong>τῆς</strong></span> <span class='ocrx_word' id='word_1_635' title='bbox 2479 3582 2685 3652; x_wconf 85' lang='grc' dir='ltr'><strong>Καινῆς</strong></span> <span class='ocrx_word' id='word_1_636' title='bbox 2709 3582 2982 3655; x_wconf 81' lang='grc' dir='ltr'><strong>Διαθήκης</strong></span> <span class='ocrx_word' id='word_1_637' title='bbox 3020 3586 3330 3657; x_wconf 83' lang='grc' dir='ltr'><strong>μυστηρίων</strong></span> <span class='ocrx_word' id='word_1_638' title='bbox 3355 3588 3664 3656; x_wconf 86' lang='grc' dir='ltr'><strong>ἀναγεννώ-</strong></span> 
     </span>
    </p>
   </div>
   <div class='ocr_carea' id='block_1_83' title="bbox 2089 3671 3667 3749">
    <p class='ocr_par' dir='ltr' id='par_1_83' title="bbox 2089 3671 3667 3749">
     <span class='ocr_line' id='line_1_83' title="bbox 2089 3671 3667 3749; baseline 0.007 -26"><span class='ocrx_word' id='word_1_639' title='bbox 2089 3687 2189 3740; x_wconf 89' lang='grc' dir='ltr'><strong>σης</strong></span> <span class='ocrx_word' id='word_1_640' title='bbox 2211 3674 2268 3724; x_wconf 82' lang='grc' dir='ltr'><strong>ὲν</strong></span> <span class='ocrx_word' id='word_1_641' title='bbox 2299 3673 2365 3742; x_wconf 78' lang='grc' dir='ltr'><strong>τῇ</strong></span> <span class='ocrx_word' id='word_1_642' title='bbox 2389 3671 2686 3744; x_wconf 77' lang='grc' dir='ltr'><strong>δηλωθείοῃ</strong></span> <span class='ocrx_word' id='word_1_643' title='bbox 2720 3675 2870 3728; x_wconf 75' lang='grc' dir='ltr'><strong>¹ιοόλει</strong></span> <span class='ocrx_word' id='word_1_644' title='bbox 2896 3676 2992 3729; x_wconf 83' lang='grc' dir='ltr'><strong>τοῦ</strong></span> <span class='ocrx_word' id='word_1_645' title='bbox 3018 3677 3478 3749; x_wconf 81' lang='grc' dir='ltr'><strong>Θεοῦ.Μήτηρ(1)</strong></span> <span class='ocrx_word' id='word_1_646' title='bbox 3510 3679 3667 3734; x_wconf 84' lang='grc' dir='ltr'><em>Σιὼν</em></span> 
     </span>
    </p>
   </div>
   <div class='ocr_carea' id='block_1_84' title="bbox 2084 3762 3659 3838">
    <p class='ocr_par' dir='ltr' id='par_1_84' title="bbox 2084 3762 3659 3838">
     <span class='ocr_line' id='line_1_84' title="bbox 2084 3762 3659 3838; baseline 0.006 -24"><span class='ocrx_word' id='word_1_647' title='bbox 2084 3762 2234 3831; x_wconf 76' lang='grc' dir='ltr'><strong>ἐρεῖο</strong></span> <span class='ocrx_word' id='word_1_648' title='bbox 2271 3764 2594 3831; x_wconf 74' lang='grc' dir='ltr'><em>Ἄνθρωποι,</em></span> <span class='ocrx_word' id='word_1_649' title='bbox 2632 3766 2727 3818; x_wconf 77' lang='grc' dir='ltr'><strong>καὶ</strong></span> <span class='ocrx_word' id='word_1_650' title='bbox 2752 3766 3060 3835; x_wconf 78' lang='grc' dir='ltr'><em>ἅνθρωπος</em></span> <span class='ocrx_word' id='word_1_651' title='bbox 3078 3769 3366 3838; x_wconf 73' lang='grc' dir='ltr'><strong>ἐγεννήθη</strong></span> <span class='ocrx_word' id='word_1_652' title='bbox 3390 3771 3461 3823; x_wconf 81' lang='grc' dir='ltr'><em>ἐν</em></span> <span class='ocrx_word' id='word_1_653' title='bbox 3478 3768 3659 3838; x_wconf 70' lang='grc' dir='ltr'><strong>αὐτῇ,</strong></span> 
     </span>
    </p>
   </div>
   <div class='ocr_carea' id='block_1_85' title="bbox 2087 3854 3663 3928">
    <p class='ocr_par' dir='ltr' id='par_1_85' title="bbox 2087 3854 3663 3928">
     <span class='ocr_line' id='line_1_85' title="bbox 2087 3854 3663 3928; baseline 0.006 -21"><span class='ocrx_word' id='word_1_654' title='bbox 2087 3854 2184 3907; x_wconf 80' lang='grc' dir='ltr'><strong>καὶ</strong></span> <span class='ocrx_word' id='word_1_655' title='bbox 2213 3854 2393 3921; x_wconf 84' lang='grc' dir='ltr'><strong>αὐτὸς</strong></span> <span class='ocrx_word' id='word_1_656' title='bbox 2423 3854 2817 3924; x_wconf 80' lang='grc' dir='ltr'><strong>ἑθεμελίωσεν</strong></span> <span class='ocrx_word' id='word_1_657' title='bbox 2856 3859 3050 3927; x_wconf 77' lang='grc' dir='ltr'><strong>αὐτὴν</strong></span> <span class='ocrx_word' id='word_1_658' title='bbox 3079 3863 3111 3914; x_wconf 86' lang='grc' dir='ltr'><strong>ό</strong></span> <span class='ocrx_word' id='word_1_659' title='bbox 3136 3862 3435 3928; x_wconf 68' lang='grc' dir='ltr'><strong>Ὗψιστος.</strong></span> <span class='ocrx_word' id='word_1_660' title='bbox 3465 3861 3533 3913; x_wconf 81' lang='lat' dir='ltr'><strong>Al</strong></span> <span class='ocrx_word' id='word_1_661' title='bbox 3553 3861 3663 3917; x_wconf 75' lang='grc' dir='ltr'><em>τῶν</em></span> 
     </span>
    </p>
   </div>
   <div class='ocr_carea' id='block_1_86' title="bbox 2085 3945 3668 4023">
    <p class='ocr_par' dir='ltr' id='par_1_86' title="bbox 2085 3945 3668 4023">
     <span class='ocr_line' id='line_1_86' title="bbox 2085 3945 3668 4023; baseline 0.003 -23"><span class='ocrx_word' id='word_1_662' title='bbox 2085 3945 2285 4000; x_wconf 89' lang='grc' dir='ltr'><em>λοιπῶν</em></span> <span class='ocrx_word' id='word_1_663' title='bbox 2314 3946 2661 4017; x_wconf 83' lang='grc' dir='ltr'><strong>ὲρμηνευτῶν</strong></span> <span class='ocrx_word' id='word_1_664' title='bbox 2684 3948 2921 4013; x_wconf 76' lang='grc' dir='ltr'><strong>ἐκδόσεις</strong></span> <span class='ocrx_word' id='word_1_665' title='bbox 2944 3949 3260 4021; x_wconf 85' lang='grc' dir='ltr'><strong>λευκότερον</strong></span> <span class='ocrx_word' id='word_1_666' title='bbox 3282 3950 3379 4021; x_wconf 83' lang='grc' dir='ltr'><strong>τὴν</strong></span> <span class='ocrx_word' id='word_1_667' title='bbox 3406 3950 3514 4004; x_wconf 86' lang='grc' dir='ltr'><em>τῶν</em></span> <span class='ocrx_word' id='word_1_668' title='bbox 3537 3968 3668 4023; x_wconf 89' lang='grc' dir='ltr'><strong>προ-</strong></span> 
     </span>
    </p>
   </div>
   <div class='ocr_carea' id='block_1_87' title="bbox 2085 4038 3666 4112">
    <p class='ocr_par' dir='ltr' id='par_1_87' title="bbox 2085 4038 3666 4112">
     <span class='ocr_line' id='line_1_87' title="bbox 2085 4038 3666 4112; baseline 0.002 -21"><span class='ocrx_word' id='word_1_669' title='bbox 2085 4039 2352 4109; x_wconf 82' lang='grc' dir='ltr'><strong>κειμένων</strong></span> <span class='ocrx_word' id='word_1_670' title='bbox 2381 4038 2617 4093; x_wconf 83' lang='grc' dir='ltr'><strong>διάνοιαν</strong></span> <span class='ocrx_word' id='word_1_671' title='bbox 2642 4040 3011 4112; x_wconf 86' lang='grc' dir='ltr'><strong>παρέστησαν.</strong></span> <span class='ocrx_word' id='word_1_672' title='bbox 3028 4043 3087 4095; x_wconf 87' lang='lat'><strong>&#39;0</strong></span> <span class='ocrx_word' id='word_1_673' title='bbox 3121 4042 3218 4112; x_wconf 85' lang='grc' dir='ltr'><strong>μὲν</strong></span> <span class='ocrx_word' id='word_1_674' title='bbox 3237 4042 3347 4112; x_wconf 82' lang='grc' dir='ltr'><strong>γὰρ</strong></span> <span class='ocrx_word' id='word_1_675' title='bbox 3373 4040 3666 4112; x_wconf 85' lang='grc' dir='ltr'><strong>Σύμμαχος</strong></span> 
     </span>
    </p>
   </div>
   <div class='ocr_carea' id='block_1_88' title="bbox 2083 4129 3664 4203">
    <p class='ocr_par' dir='ltr' id='par_1_88' title="bbox 2083 4129 3664 4203">
     <span class='ocr_line' id='line_1_88' title="bbox 2083 4129 3664 4203; baseline 0.001 -20"><span class='ocrx_word' id='word_1_676' title='bbox 2083 4130 2270 4184; x_wconf 81' lang='grc' dir='ltr'><strong>τοῦτον</strong></span> <span class='ocrx_word' id='word_1_677' title='bbox 2297 4129 2527 4195; x_wconf 74' lang='grc' dir='ltr'><strong>ἐξέδωκε</strong></span> <span class='ocrx_word' id='word_1_678' title='bbox 2559 4131 2647 4184; x_wconf 86' lang='grc' dir='ltr'><strong>τὸν</strong></span> <span class='ocrx_word' id='word_1_679' title='bbox 2675 4132 2874 4203; x_wconf 87' lang='grc' dir='ltr'><strong>τρόπον</strong></span> <span class='ocrx_word' id='word_1_680' title='bbox 2891 4148 2905 4163; x_wconf 86' lang='grc'><strong>·</strong></span> <span class='ocrx_word' id='word_1_681' title='bbox 2937 4134 3079 4201; x_wconf 85' lang='grc' dir='ltr'><em>Περι</em></span> <span class='ocrx_word' id='word_1_682' title='bbox 3104 4150 3167 4186; x_wconf 85' lang='grc' dir='ltr'><strong>τε</strong></span> <span class='ocrx_word' id='word_1_683' title='bbox 3201 4133 3350 4188; x_wconf 88' lang='grc' dir='ltr'><em>Σιὼν</em></span> <span class='ocrx_word' id='word_1_684' title='bbox 3369 4130 3664 4201; x_wconf 81' lang='grc' dir='ltr'><strong>λεχθήσε-</strong></span> 
     </span>
    </p>
   </div>
   <div class='ocr_carea' id='block_1_89' title="bbox 2084 4220 3658 4293">
    <p class='ocr_par' dir='ltr' id='par_1_89' title="bbox 2084 4220 3658 4293">
     <span class='ocr_line' id='line_1_89' title="bbox 2084 4220 3658 4293; baseline 0.001 -18"><span class='ocrx_word' id='word_1_685' title='bbox 2084 4239 2178 4276; x_wconf 81' lang='grc' dir='ltr'><strong>ται</strong></span> <span class='ocrx_word' id='word_1_686' title='bbox 2202 4224 2329 4277; x_wconf 82' lang='grc' dir='ltr'><strong>καθ’</strong></span> <span class='ocrx_word' id='word_1_687' title='bbox 2351 4222 2637 4276; x_wconf 80' lang='grc' dir='ltr'><strong>ἕκαστον·</strong></span> <span class='ocrx_word' id='word_1_688' title='bbox 2663 4225 2997 4293; x_wconf 80' lang='grc' dir='ltr'><em>Ἀνθρωπος</em></span> <span class='ocrx_word' id='word_1_689' title='bbox 3042 4220 3219 4290; x_wconf 86' lang='grc' dir='ltr'><em>οὗτος</em></span> <span class='ocrx_word' id='word_1_690' title='bbox 3255 4224 3467 4293; x_wconf 78' lang='grc' dir='ltr'><strong>ἐτέχθη</strong></span> <span class='ocrx_word' id='word_1_691' title='bbox 3496 4223 3624 4277; x_wconf 82' lang='grc' dir='ltr'><strong>ἐκεῖ</strong></span> <span class='ocrx_word' id='word_1_692' title='bbox 3644 4238 3658 4253; x_wconf 87' lang='grc'><strong>·</strong></span> 
     </span>
    </p>
   </div>
   <div class='ocr_carea' id='block_1_90' title="bbox 2084 4314 3663 4385">
    <p class='ocr_par' dir='ltr' id='par_1_90' title="bbox 2084 4314 3663 4385">
     <span class='ocr_line' id='line_1_90' title="bbox 2084 4314 3663 4385; baseline 0.001 -17"><span class='ocrx_word' id='word_1_693' title='bbox 2084 4314 2265 4378; x_wconf 79' lang='grc' dir='ltr'><strong>αὐτὸς</strong></span> <span class='ocrx_word' id='word_1_694' title='bbox 2295 4314 2561 4382; x_wconf 83' lang='grc' dir='ltr'><strong>ἢδρασεν</strong></span> <span class='ocrx_word' id='word_1_695' title='bbox 2588 4314 2783 4383; x_wconf 78' lang='grc' dir='ltr'><strong>αὐτὴν</strong></span> <span class='ocrx_word' id='word_1_696' title='bbox 2804 4319 2836 4369; x_wconf 82' lang='grc' dir='ltr'><strong>ό</strong></span> <span class='ocrx_word' id='word_1_697' title='bbox 2856 4317 3156 4383; x_wconf 74' lang='grc' dir='ltr'><strong>Ὕψιστος.</strong></span> <span class='ocrx_word' id='word_1_698' title='bbox 3180 4317 3393 4383; x_wconf 84' lang='grc' dir='ltr'><em>Κύριος</em></span> <span class='ocrx_word' id='word_1_699' title='bbox 3419 4314 3663 4385; x_wconf 82' lang='grc' dir='ltr'><strong>ἀριθμή-</strong></span> 
     </span>
    </p>
   </div>
   <div class='ocr_carea' id='block_1_91' title="bbox 2084 4402 3664 4476">
    <p class='ocr_par' dir='ltr' id='par_1_91' title="bbox 2084 4402 3664 4476">
     <span class='ocr_line' id='line_1_91' title="bbox 2084 4402 3664 4476; baseline 0.002 -19"><span class='ocrx_word' id='word_1_700' title='bbox 2084 4421 2179 4458; x_wconf 85' lang='grc' dir='ltr'><strong>σει</strong></span> <span class='ocrx_word' id='word_1_701' title='bbox 2200 4405 2440 4474; x_wconf 64' lang='grc' dir='ltr'><em>τράφων</em></span> <span class='ocrx_word' id='word_1_702' title='bbox 2464 4406 2653 4471; x_wconf 83' lang='grc' dir='ltr'><strong>λαούς</strong></span> <span class='ocrx_word' id='word_1_703' title='bbox 2675 4423 2688 4434; x_wconf 92' lang='grc'><strong>·</strong></span> <span class='ocrx_word' id='word_1_704' title='bbox 2730 4402 2907 4472; x_wconf 80' lang='grc' dir='ltr'><em>οὗτος</em></span> <span class='ocrx_word' id='word_1_705' title='bbox 2939 4407 3150 4476; x_wconf 78' lang='grc' dir='ltr'><strong>ἐτέχθη</strong></span> <span class='ocrx_word' id='word_1_706' title='bbox 3177 4406 3317 4460; x_wconf 83' lang='grc' dir='ltr'><strong>ἐκεῖ.</strong></span> <span class='ocrx_word' id='word_1_707' title='bbox 3345 4407 3455 4460; x_wconf 75' lang='grc' dir='ltr'><strong>Καὶ</strong></span> <span class='ocrx_word' id='word_1_708' title='bbox 3480 4407 3508 4459; x_wconf 86' lang='grc' dir='ltr'>ὁ</span> <span class='ocrx_word' id='word_1_709' title='bbox 3538 4407 3664 4460; x_wconf 85' lang='grc' dir='ltr'><strong>Θεο-</strong></span> 
     </span>
    </p>
   </div>
   <div class='ocr_carea' id='block_1_92' title="bbox 2082 4495 3663 4567">
    <p class='ocr_par' dir='ltr' id='par_1_92' title="bbox 2082 4495 3663 4567">
     <span class='ocr_line' id='line_1_92' title="bbox 2082 4495 3663 4567; baseline 0.001 -17"><span class='ocrx_word' id='word_1_710' title='bbox 2082 4497 2270 4551; x_wconf 87' lang='grc' dir='ltr'><strong>δοτίων</strong></span> <span class='ocrx_word' id='word_1_711' title='bbox 2312 4497 2474 4567; x_wconf 79' lang='grc' dir='ltr'><strong>φησί’</strong></span> <span class='ocrx_word' id='word_1_712' title='bbox 2507 4496 2615 4551; x_wconf 78' lang='grc' dir='ltr'><strong>Καὶ</strong></span> <span class='ocrx_word' id='word_1_713' title='bbox 2658 4496 2732 4565; x_wconf 77' lang='grc' dir='ltr'><strong>τῇ</strong></span> <span class='ocrx_word' id='word_1_714' title='bbox 2776 4499 2930 4551; x_wconf 84' lang='grc' dir='ltr'><em>Σιὼν</em></span> <span class='ocrx_word' id='word_1_715' title='bbox 2963 4498 3323 4566; x_wconf 74' lang='grc' dir='ltr'><strong>ῥηθήσεται·</strong></span> <span class='ocrx_word' id='word_1_716' title='bbox 3365 4497 3536 4565; x_wconf 80' lang='grc' dir='ltr'><em>Ἀνὴρ</em></span> <span class='ocrx_word' id='word_1_717' title='bbox 3564 4495 3663 4552; x_wconf 63' lang='grc' dir='ltr'><strong>καὶ</strong></span> 
     </span>
    </p>
   </div>
   <div class='ocr_carea' id='block_1_93' title="bbox 2085 4589 3665 4659">
    <p class='ocr_par' dir='ltr' id='par_1_93' title="bbox 2085 4589 3665 4659">
     <span class='ocr_line' id='line_1_93' title="bbox 2085 4589 3665 4659; baseline -0.001 -16"><span class='ocrx_word' id='word_1_718' title='bbox 2085 4589 2237 4657; x_wconf 79' lang='grc' dir='ltr'><em>ἀνὴρ</em></span> <span class='ocrx_word' id='word_1_719' title='bbox 2269 4589 2557 4659; x_wconf 75' lang='grc' dir='ltr'><strong>ἐγεννήθη</strong></span> <span class='ocrx_word' id='word_1_720' title='bbox 2595 4589 2665 4642; x_wconf 82' lang='grc' dir='ltr'><em>ἐν</em></span> <span class='ocrx_word' id='word_1_721' title='bbox 2704 4589 2878 4658; x_wconf 78' lang='grc' dir='ltr'><strong>αὐτῇ,</strong></span> <span class='ocrx_word' id='word_1_722' title='bbox 2919 4590 3019 4644; x_wconf 81' lang='grc' dir='ltr'><strong>καὶ</strong></span> <span class='ocrx_word' id='word_1_723' title='bbox 3048 4590 3233 4657; x_wconf 82' lang='grc' dir='ltr'><strong>αὐτὸς</strong></span> <span class='ocrx_word' id='word_1_724' title='bbox 3270 4590 3665 4658; x_wconf 77' lang='grc' dir='ltr'><strong>ἐθεμελίωσεν</strong></span> 
     </span>
    </p>
   </div>
   <div class='ocr_carea' id='block_1_94' title="bbox 411 4660 1990 4751">
    <p class='ocr_par' dir='ltr' id='par_1_94' title="bbox 411 4660 1974 4739">
     <span class='ocr_line' id='line_1_94' title="bbox 411 4660 1974 4739; baseline 0.009 -21"><span class='ocrx_word' id='word_1_725' title='bbox 411 4664 669 4720; x_wconf 87' lang='lat' dir='ltr'><strong>Dominus</strong></span> <span class='ocrx_word' id='word_1_726' title='bbox 691 4670 921 4723; x_wconf 84' lang='lat' dir='ltr'><strong>scribens</strong></span> <span class='ocrx_word' id='word_1_727' title='bbox 944 4671 1185 4739; x_wconf 82' lang='lat' dir='ltr'><strong>populos,</strong></span> <span class='ocrx_word' id='word_1_728' title='bbox 1204 4671 1307 4726; x_wconf 84' lang='lat' dir='ltr'><strong>Hie</strong></span> <span class='ocrx_word' id='word_1_729' title='bbox 1324 4660 1486 4729; x_wconf 86' lang='lat' dir='ltr'><strong>natus</strong></span> <span class='ocrx_word' id='word_1_730' title='bbox 1509 4686 1587 4730; x_wconf 86' lang='lat' dir='ltr'><strong>est</strong></span> <span class='ocrx_word' id='word_1_731' title='bbox 1612 4676 1742 4730; x_wconf 83' lang='lat' dir='ltr'><strong>illic.</strong></span> <span class='ocrx_word' id='word_1_732' title='bbox 1768 4677 1902 4731; x_wconf 80' lang='lat' dir='ltr'><strong>Nam</strong></span> <span class='ocrx_word' id='word_1_733' title='bbox 1924 4680 1974 4734; x_wconf 87' lang='lat' dir='ltr'><strong>id</strong></span> 
     </span>
    </p>
   </div>
   <div class='ocr_carea' id='block_1_95' title="bbox 2088 4660 3663 4751">
    <p class='ocr_par' dir='ltr' id='par_1_95' title="bbox 2088 4679 3663 4751">
     <span class='ocr_line' id='line_1_95' title="bbox 2088 4679 3663 4751; baseline -0.003 -16"><span class='ocrx_word' id='word_1_734' title='bbox 2088 4681 2291 4749; x_wconf 78' lang='grc' dir='ltr'><strong>αὐτὴν,</strong></span> <span class='ocrx_word' id='word_1_735' title='bbox 2328 4680 2426 4733; x_wconf 80' lang='grc' dir='ltr'><strong>καὶ</strong></span> <span class='ocrx_word' id='word_1_736' title='bbox 2463 4682 2791 4751; x_wconf 53' lang='grc' dir='ltr'><strong>ἡτοίμασεν</strong></span> <span class='ocrx_word' id='word_1_737' title='bbox 2826 4680 3022 4749; x_wconf 82' lang='grc' dir='ltr'><strong>αὐτὴν</strong></span> <span class='ocrx_word' id='word_1_738' title='bbox 3058 4684 3091 4734; x_wconf 82' lang='grc' dir='ltr'><strong>ό</strong></span> <span class='ocrx_word' id='word_1_739' title='bbox 3117 4682 3421 4749; x_wconf 77' lang='grc' dir='ltr'><strong>Ὕψιστος.</strong></span> <span class='ocrx_word' id='word_1_740' title='bbox 3449 4679 3663 4745; x_wconf 85' lang='grc' dir='ltr'><em>Κύριος</em></span> 
     </span>
    </p>
   </div>
   <div class='ocr_carea' id='block_1_96' title="bbox 412 4758 1982 4835">
    <p class='ocr_par' dir='ltr' id='par_1_96' title="bbox 412 4758 1982 4835">
     <span class='ocr_line' id='line_1_96' title="bbox 412 4758 1982 4835; baseline 0.007 -22"><span class='ocrx_word' id='word_1_741' title='bbox 412 4758 592 4826; x_wconf 87' lang='lat' dir='ltr'><strong>primo</strong></span> <span class='ocrx_word' id='word_1_742' title='bbox 627 4759 691 4813; x_wconf 88' lang='lat' dir='ltr'><strong>de</strong></span> <span class='ocrx_word' id='word_1_743' title='bbox 724 4761 923 4831; x_wconf 88' lang='lat' dir='ltr'><strong>populo</strong></span> <span class='ocrx_word' id='word_1_744' title='bbox 951 4762 1377 4833; x_wconf 87' lang='lat' dir='ltr'><strong>alienigenarum</strong></span> <span class='ocrx_word' id='word_1_745' title='bbox 1402 4766 1607 4820; x_wconf 89' lang='lat' dir='ltr'><strong>dictum</strong></span> <span class='ocrx_word' id='word_1_746' title='bbox 1643 4776 1761 4835; x_wconf 83' lang='lat' dir='ltr'><strong>est;</strong></span> <span class='ocrx_word' id='word_1_747' title='bbox 1786 4785 1982 4824; x_wconf 89' lang='lat' dir='ltr'><strong>secun-</strong></span> 
     </span>
    </p>
   </div>
   <div class='ocr_carea' id='block_1_97' title="bbox 411 4852 1981 4927">
    <p class='ocr_par' dir='ltr' id='par_1_97' title="bbox 411 4852 1981 4927">
     <span class='ocr_line' id='line_1_97' title="bbox 411 4852 1981 4927; baseline 0.008 -21"><span class='ocrx_word' id='word_1_748' title='bbox 411 4852 504 4916; x_wconf 89' lang='lat' dir='ltr'><strong>do,</strong></span> <span class='ocrx_word' id='word_1_749' title='bbox 535 4852 600 4908; x_wconf 82' lang='lat' dir='ltr'><strong>de</strong></span> <span class='ocrx_word' id='word_1_750' title='bbox 636 4854 749 4908; x_wconf 85' lang='lat' dir='ltr'><strong>viro</strong></span> <span class='ocrx_word' id='word_1_751' title='bbox 777 4857 867 4925; x_wconf 91' lang='lat' dir='ltr'><strong>qui</strong></span> <span class='ocrx_word' id='word_1_752' title='bbox 900 4856 1011 4910; x_wconf 90' lang='lat' dir='ltr'><strong>illic</strong></span> <span class='ocrx_word' id='word_1_753' title='bbox 1044 4864 1204 4913; x_wconf 88' lang='lat' dir='ltr'><strong>natus</strong></span> <span class='ocrx_word' id='word_1_754' title='bbox 1234 4856 1409 4913; x_wconf 84' lang='lat' dir='ltr'><strong>fuisse</strong></span> <span class='ocrx_word' id='word_1_755' title='bbox 1432 4860 1663 4927; x_wconf 87' lang='lat' dir='ltr'><strong>dicitur;</strong></span> <span class='ocrx_word' id='word_1_756' title='bbox 1702 4862 1882 4925; x_wconf 84' lang='lat' dir='ltr'><strong>tertio,</strong></span> <span class='ocrx_word' id='word_1_757' title='bbox 1914 4863 1981 4918; x_wconf 91' lang='lat' dir='ltr'><strong>de</strong></span> 
     </span>
    </p>
   </div>
   <div class='ocr_carea' id='block_1_98' title="bbox 411 4946 1977 5025">
    <p class='ocr_par' dir='ltr' id='par_1_98' title="bbox 411 4946 1977 5025">
     <span class='ocr_line' id='line_1_98' title="bbox 411 4946 1977 5025; baseline 0.003 -22"><span class='ocrx_word' id='word_1_758' title='bbox 411 4947 532 5015; x_wconf 87' lang='lat' dir='ltr'><strong>ipso</strong></span> <span class='ocrx_word' id='word_1_759' title='bbox 578 4946 827 5004; x_wconf 89' lang='lat' dir='ltr'><strong>Domino.</strong></span> <span class='ocrx_word' id='word_1_760' title='bbox 859 4947 1092 5013; x_wconf 87' lang='lat' dir='ltr'><strong>Etenim,</strong></span> <span class='ocrx_word' id='word_1_761' title='bbox 1130 4949 1328 5018; x_wconf 89' lang='lat' dir='ltr'><strong>inquit,</strong></span> <span class='ocrx_word' id='word_1_762' title='bbox 1379 4951 1495 5018; x_wconf 88' lang='lat' dir='ltr'><strong>ipse</strong></span> <span class='ocrx_word' id='word_1_763' title='bbox 1550 4950 1835 5013; x_wconf 86' lang='lat' dir='ltr'><strong>Dominus.</strong></span> <span class='ocrx_word' id='word_1_764' title='bbox 1882 4954 1977 5025; x_wconf 93' lang='lat' dir='ltr'><strong>qui</strong></span> 
     </span>
    </p>
   </div>
   <div class='ocr_carea' id='block_1_99' title="bbox 2087 4767 3664 4841">
    <p class='ocr_par' dir='ltr' id='par_1_99' title="bbox 2087 4767 3664 4841">
     <span class='ocr_line' id='line_1_99' title="bbox 2087 4767 3664 4841; baseline -0.003 -16"><span class='ocrx_word' id='word_1_765' title='bbox 2087 4772 2436 4841; x_wconf 80' lang='grc' dir='ltr'><strong>διηγήσεται</strong></span> <span class='ocrx_word' id='word_1_766' title='bbox 2471 4772 2541 4825; x_wconf 77' lang='grc' dir='ltr'><em>ἐν</em></span> <span class='ocrx_word' id='word_1_767' title='bbox 2581 4771 2779 4841; x_wconf 66' lang='grc' dir='ltr'><strong>πραςρῇ</strong></span> <span class='ocrx_word' id='word_1_768' title='bbox 2823 4772 3022 4825; x_wconf 82' lang='grc' dir='ltr'><em>λαῶν·</em></span> <span class='ocrx_word' id='word_1_769' title='bbox 3056 4768 3244 4835; x_wconf 82' lang='grc' dir='ltr'><strong>Οὗτος</strong></span> <span class='ocrx_word' id='word_1_770' title='bbox 3277 4769 3566 4841; x_wconf 76' lang='grc' dir='ltr'><strong>ἐγεννήθη</strong></span> <span class='ocrx_word' id='word_1_771' title='bbox 3592 4767 3664 4820; x_wconf 72' lang='grc' dir='ltr'><em>ἐν</em></span> 
     </span>
    </p>
   </div>
   <div class='ocr_carea' id='block_1_100' title="bbox 2085 4858 3661 4934">
    <p class='ocr_par' dir='ltr' id='par_1_100' title="bbox 2085 4858 3661 4934">
     <span class='ocr_line' id='line_1_100' title="bbox 2085 4858 3661 4934; baseline -0.004 -17"><span class='ocrx_word' id='word_1_772' title='bbox 2085 4864 2258 4932; x_wconf 79' lang='grc' dir='ltr'><strong>αὐτῇ.</strong></span> <span class='ocrx_word' id='word_1_773' title='bbox 2286 4864 2395 4916; x_wconf 85' lang='lat' dir='ltr'><strong>Kal</strong></span> <span class='ocrx_word' id='word_1_774' title='bbox 2424 4863 2659 4934; x_wconf 85' lang='grc' dir='ltr'><strong>πρόσχες</strong></span> <span class='ocrx_word' id='word_1_775' title='bbox 2684 4863 2803 4916; x_wconf 88' lang='grc' dir='ltr'><strong>τίνα</strong></span> <span class='ocrx_word' id='word_1_776' title='bbox 2825 4863 3022 4934; x_wconf 83' lang='grc' dir='ltr'><strong>τρόπον</strong></span> <span class='ocrx_word' id='word_1_777' title='bbox 3045 4865 3101 4916; x_wconf 83' lang='grc' dir='ltr'><strong>ὲν</strong></span> <span class='ocrx_word' id='word_1_778' title='bbox 3124 4862 3334 4925; x_wconf 89' lang='grc' dir='ltr'><strong>τούτοις</strong></span> <span class='ocrx_word' id='word_1_779' title='bbox 3360 4858 3553 4930; x_wconf 66' lang='grc' dir='ltr'><strong>οἷσπερ</strong></span> <span class='ocrx_word' id='word_1_780' title='bbox 3584 4858 3661 4911; x_wconf 80' lang='grc' dir='ltr'><strong>εί-</strong></span> 
     </span>
    </p>
   </div>
   <div class='ocr_carea' id='block_1_101' title="bbox 2086 4950 3661 5026">
    <p class='ocr_par' dir='ltr' id='par_1_101' title="bbox 2086 4950 3661 5026">
     <span class='ocr_line' id='line_1_101' title="bbox 2086 4950 3661 5026; baseline -0.003 -17"><span class='ocrx_word' id='word_1_781' title='bbox 2086 4973 2245 5026; x_wconf 89' lang='grc' dir='ltr'><strong>ρηται</strong></span> <span class='ocrx_word' id='word_1_782' title='bbox 2269 4956 2395 5026; x_wconf 79' lang='grc' dir='ltr'><strong>περὶ</strong></span> <span class='ocrx_word' id='word_1_783' title='bbox 2425 4955 2533 5007; x_wconf 88' lang='grc' dir='ltr'><strong>τῶν</strong></span> <span class='ocrx_word' id='word_1_784' title='bbox 2557 4954 2885 5024; x_wconf 87' lang='grc' dir='ltr'><strong>ἀλλοφύλων,</strong></span> <span class='ocrx_word' id='word_1_785' title='bbox 2918 4954 2979 5007; x_wconf 86' lang='grc' dir='ltr'><strong>τό</strong></span> <span class='ocrx_word' id='word_1_786' title='bbox 2998 4972 3027 4984; x_wconf 60' lang='grc'><strong>·“</strong></span> <span class='ocrx_word' id='word_1_787' title='bbox 3052 4955 3401 5021; x_wconf 75' lang='grc' dir='ltr'><strong>Ἀλλόςρυλοι</strong></span> <span class='ocrx_word' id='word_1_788' title='bbox 3435 4952 3531 5005; x_wconf 75' lang='grc' dir='ltr'><strong>καὶ</strong></span> <span class='ocrx_word' id='word_1_789' title='bbox 3558 4950 3661 5004; x_wconf 68' lang='lat' dir='ltr'><strong>N-</strong></span> 
     </span>
    </p>
   </div>
   <div class='ocr_carea' id='block_1_102' title="bbox 411 5040 1990 5115">
    <p class='ocr_par' dir='ltr' id='par_1_102' title="bbox 411 5040 1978 5111">
     <span class='ocr_line' id='line_1_102' title="bbox 411 5040 1978 5111; baseline 0.006 -18"><span class='ocrx_word' id='word_1_790' title='bbox 411 5040 529 5095; x_wconf 68' lang='lat' dir='ltr'><strong>hzec</strong></span> <span class='ocrx_word' id='word_1_791' title='bbox 576 5042 903 5100; x_wconf 86' lang='lat' dir='ltr'><strong>vaticinatur</strong></span> <span class='ocrx_word' id='word_1_792' title='bbox 944 5048 999 5097; x_wconf 91' lang='lat' dir='ltr'><strong>et</strong></span> <span class='ocrx_word' id='word_1_793' title='bbox 1042 5043 1272 5111; x_wconf 86' lang='lat' dir='ltr'><strong>populos</strong></span> <span class='ocrx_word' id='word_1_794' title='bbox 1323 5044 1538 5108; x_wconf 89' lang='lat' dir='ltr'><strong>scribit,</strong></span> <span class='ocrx_word' id='word_1_795' title='bbox 1579 5044 1667 5099; x_wconf 88' lang='lat' dir='ltr'><strong>hic</strong></span> <span class='ocrx_word' id='word_1_796' title='bbox 1700 5054 1864 5102; x_wconf 88' lang='lat' dir='ltr'><strong>natus</strong></span> <span class='ocrx_word' id='word_1_797' title='bbox 1893 5055 1978 5102; x_wconf 88' lang='lat' dir='ltr'><strong>est</strong></span> 
     </span>
    </p>
   </div>
   <div class='ocr_carea' id='block_1_103' title="bbox 2088 5040 3659 5115">
    <p class='ocr_par' dir='ltr' id='par_1_103' title="bbox 2088 5042 3659 5115">
     <span class='ocr_line' id='line_1_103' title="bbox 2088 5042 3659 5115; baseline -0.004 -15"><span class='ocrx_word' id='word_1_798' title='bbox 2088 5064 2186 5112; x_wconf 83' lang='grc' dir='ltr'><em>ρος</em></span> <span class='ocrx_word' id='word_1_799' title='bbox 2237 5047 2335 5100; x_wconf 79' lang='grc' dir='ltr'><strong>καὶ</strong></span> <span class='ocrx_word' id='word_1_800' title='bbox 2368 5046 2517 5111; x_wconf 79' lang='grc' dir='ltr'><strong>λαὸς</strong></span> <span class='ocrx_word' id='word_1_801' title='bbox 2551 5048 2863 5108; x_wconf 69' lang='grc' dir='ltr'><strong>Αἰθιόπων,</strong></span> <span class='ocrx_word' id='word_1_802' title='bbox 2897 5042 3063 5101; x_wconf 85' lang='grc' dir='ltr'><em>οὗτοι</em></span> <span class='ocrx_word' id='word_1_803' title='bbox 3099 5045 3475 5115; x_wconf 73' lang='grc' dir='ltr'><strong>ἐγενήθησαν</strong></span> <span class='ocrx_word' id='word_1_804' title='bbox 3514 5042 3659 5095; x_wconf 78' lang='grc' dir='ltr'><strong>ἐκεῖ.</strong></span> 
     </span>
    </p>
   </div>
   <div class='ocr_carea' id='block_1_104' title="bbox 410 5130 544 5188">
    <p class='ocr_par' dir='ltr' id='par_1_104' title="bbox 410 5130 544 5188">
     <span class='ocr_line' id='line_1_104' title="bbox 410 5130 544 5188; baseline 0.022 -3"><span class='ocrx_word' id='word_1_805' title='bbox 410 5130 544 5188; x_wconf 87' lang='lat' dir='ltr'><strong>illic.</strong></span> 
     </span>
    </p>
   </div>
   <div class='ocr_carea' id='block_1_105' title="bbox 2085 5130 3662 5206">
    <p class='ocr_par' dir='ltr' id='par_1_105' title="bbox 2085 5130 3662 5206">
     <span class='ocr_line' id='line_1_105' title="bbox 2085 5130 3662 5206; baseline -0.003 -17"><span class='ocrx_word' id='word_1_806' title='bbox 2085 5137 2239 5190; x_wconf 82' lang='grc' dir='ltr'><strong>Οὕτω</strong></span> <span class='ocrx_word' id='word_1_807' title='bbox 2281 5139 2376 5191; x_wconf 71' lang='grc' dir='ltr'><strong>καὶ</strong></span> <span class='ocrx_word' id='word_1_808' title='bbox 2415 5137 2669 5204; x_wconf 78' lang='grc' dir='ltr'><strong>ἐνταῦθα,</strong></span> <span class='ocrx_word' id='word_1_809' title='bbox 2702 5136 3090 5206; x_wconf 79' lang='grc' dir='ltr'><strong>Λεχθήσεται,</strong></span> <span class='ocrx_word' id='word_1_810' title='bbox 3130 5136 3325 5204; x_wconf 88' lang='grc' dir='ltr'><strong>φησίν·</strong></span> <span class='ocrx_word' id='word_1_811' title='bbox 3374 5133 3544 5201; x_wconf 78' lang='grc' dir='ltr'><em>Ἀνὴρ</em></span> <span class='ocrx_word' id='word_1_812' title='bbox 3564 5130 3662 5186; x_wconf 71' lang='grc' dir='ltr'><strong>καὶ</strong></span> 
     </span>
    </p>
   </div>
   <div class='ocr_carea' id='block_1_106' title="bbox 404 5198 3663 5299">
    <p class='ocr_par' dir='ltr' id='par_1_106' title="bbox 404 5198 3663 5299">
     <span class='ocr_line' id='line_1_106' title="bbox 404 5198 3663 5299; baseline -0.002 -17"><span class='ocrx_word' id='word_1_813' title='bbox 404 5198 565 5295; x_wconf 35' lang='grc' dir='ltr'><em>’ἀνὴρ</em></span> <span class='ocrx_word' id='word_1_814' title='bbox 591 5225 799 5295; x_wconf 82' lang='grc' dir='ltr'><strong>ἐτέχθη</strong></span> <span class='ocrx_word' id='word_1_815' title='bbox 822 5224 981 5279; x_wconf 80' lang='grc' dir='ltr'><strong>ἐκεῖ·</strong></span> <span class='ocrx_word' id='word_1_816' title='bbox 1019 5225 1114 5280; x_wconf 71' lang='grc' dir='ltr'><strong>καὶ</strong></span> <span class='ocrx_word' id='word_1_817' title='bbox 1140 5226 1299 5281; x_wconf 85' lang='grc' dir='ltr'><strong>πάλιν</strong></span> <span class='ocrx_word' id='word_1_818' title='bbox 1319 5226 1467 5297; x_wconf 61' lang='grc' dir='ltr'><strong>ἑξῆς</strong></span> <span class='ocrx_word' id='word_1_819' title='bbox 1490 5227 1702 5296; x_wconf 87' lang='grc' dir='ltr'><em>Κύριος</em></span> <span class='ocrx_word' id='word_1_820' title='bbox 1730 5226 1968 5298; x_wconf 68' lang='grc' dir='ltr'><em>γράφων</em></span> <span class='ocrx_word' id='word_1_821' title='bbox 2002 5229 2210 5295; x_wconf 85' lang='grc' dir='ltr'><strong>λαοὺς,</strong></span> <span class='ocrx_word' id='word_1_822' title='bbox 2237 5227 2425 5297; x_wconf 88' lang='grc' dir='ltr'><strong>Οὗτος</strong></span> <span class='ocrx_word' id='word_1_823' title='bbox 2444 5198 2665 5298; x_wconf 34' lang='grc' dir='ltr'><strong>ἐτέχθη.</strong></span> <span class='ocrx_word' id='word_1_824' title='bbox 2883 5198 3155 5299; x_wconf 64' lang='grc' dir='ltr'><strong>Πρότερον</strong></span> <span class='ocrx_word' id='word_1_825' title='bbox 3190 5198 3202 5204; x_wconf 32' lang='grc' dir='ltr'>ν</span> <span class='ocrx_word' id='word_1_826' title='bbox 3220 5226 3317 5296; x_wconf 84' lang='grc' dir='ltr'><strong>μὲν</strong></span> <span class='ocrx_word' id='word_1_827' title='bbox 3339 5223 3450 5295; x_wconf 87' lang='grc' dir='ltr'><strong>γάρ</strong></span> <span class='ocrx_word' id='word_1_828' title='bbox 3474 5198 3663 5294; x_wconf 63' lang='grc' dir='ltr'><strong>είρητθ</strong></span> 
     </span>
    </p>
   </div>
   <div class='ocr_carea' id='block_1_107' title="bbox 408 5314 3663 5394">
    <p class='ocr_par' dir='ltr' id='par_1_107' title="bbox 408 5314 3663 5394">
     <span class='ocr_line' id='line_1_107' title="bbox 408 5314 3663 5394; baseline -0.002 -21"><span class='ocrx_word' id='word_1_829' title='bbox 408 5319 539 5392; x_wconf 80' lang='grc' dir='ltr'><strong>περὶ</strong></span> <span class='ocrx_word' id='word_1_830' title='bbox 580 5318 674 5372; x_wconf 80' lang='grc' dir='ltr'><strong>τοῦ</strong></span> <span class='ocrx_word' id='word_1_831' title='bbox 709 5317 837 5371; x_wconf 80' lang='grc' dir='ltr'><strong>λαοῦ</strong></span> <span class='ocrx_word' id='word_1_832' title='bbox 869 5318 976 5374; x_wconf 87' lang='grc' dir='ltr'><strong>τῶν</strong></span> <span class='ocrx_word' id='word_1_833' title='bbox 1005 5318 1315 5389; x_wconf 81' lang='grc' dir='ltr'><strong>ἀλλοφύλων</strong></span> <span class='ocrx_word' id='word_1_834' title='bbox 1335 5338 1347 5349; x_wconf 91' lang='grc'>·</span> <span class='ocrx_word' id='word_1_835' title='bbox 1380 5319 1629 5391; x_wconf 83' lang='grc' dir='ltr'><strong>δεύτερον</strong></span> <span class='ocrx_word' id='word_1_836' title='bbox 1652 5319 1706 5373; x_wconf 79' lang='grc' dir='ltr'>δὲ</span> <span class='ocrx_word' id='word_1_837' title='bbox 1733 5320 1859 5390; x_wconf 75' lang='grc' dir='ltr'><strong>περὶ</strong></span> <span class='ocrx_word' id='word_1_838' title='bbox 1887 5320 1978 5374; x_wconf 82' lang='grc' dir='ltr'><strong>τοῦ</strong></span> <span class='ocrx_word' id='word_1_839' title='bbox 2017 5322 2206 5392; x_wconf 82' lang='grc' dir='ltr'><strong>ἀνδρὸς</strong></span> <span class='ocrx_word' id='word_1_840' title='bbox 2237 5321 2332 5374; x_wconf 79' lang='grc' dir='ltr'><strong>τοῦ</strong></span> <span class='ocrx_word' id='word_1_841' title='bbox 2361 5322 2654 5394; x_wconf 78' lang='grc' dir='ltr'><strong>λεγομένου</strong></span> <span class='ocrx_word' id='word_1_842' title='bbox 2683 5321 2935 5390; x_wconf 82' lang='grc' dir='ltr'><strong>τετέχθαι</strong></span> <span class='ocrx_word' id='word_1_843' title='bbox 2965 5322 3101 5383; x_wconf 78' lang='grc' dir='ltr'><strong>ἐκεῖ,</strong></span> <span class='ocrx_word' id='word_1_844' title='bbox 3153 5320 3247 5372; x_wconf 75' lang='grc' dir='ltr'><strong>καὶ</strong></span> <span class='ocrx_word' id='word_1_845' title='bbox 3279 5317 3461 5387; x_wconf 85' lang='grc' dir='ltr'><strong>τρίτον</strong></span> <span class='ocrx_word' id='word_1_846' title='bbox 3533 5314 3663 5386; x_wconf 72' lang='grc' dir='ltr'><strong>περὶ</strong></span> 
     </span>
    </p>
   </div>
   <div class='ocr_carea' id='block_1_108' title="bbox 405 5404 3555 5486">
    <p class='ocr_par' dir='ltr' id='par_1_108' title="bbox 405 5404 3555 5486">
     <span class='ocr_line' id='line_1_108' title="bbox 405 5404 3555 5486; baseline -0.003 -17"><span class='ocrx_word' id='word_1_847' title='bbox 405 5411 569 5469; x_wconf 81' lang='grc' dir='ltr'><strong>αὑτοῦ</strong></span> <span class='ocrx_word' id='word_1_848' title='bbox 604 5411 698 5465; x_wconf 82' lang='grc' dir='ltr'><strong>τοῦ</strong></span> <span class='ocrx_word' id='word_1_849' title='bbox 739 5412 969 5484; x_wconf 82' lang='grc' dir='ltr'><strong>Κυρίου.</strong></span> <span class='ocrx_word' id='word_1_850' title='bbox 1006 5413 1064 5465; x_wconf 85' lang='grc' dir='ltr'><strong>Ὀ</strong></span> <span class='ocrx_word' id='word_1_851' title='bbox 1092 5414 1201 5486; x_wconf 84' lang='grc' dir='ltr'><strong>γὰρ</strong></span> <span class='ocrx_word' id='word_1_852' title='bbox 1224 5412 1446 5485; x_wconf 86' lang='grc' dir='ltr'><strong>Κύριος,</strong></span> <span class='ocrx_word' id='word_1_853' title='bbox 1470 5413 1654 5482; x_wconf 72' lang='grc' dir='ltr'><strong>φησὶν,</strong></span> <span class='ocrx_word' id='word_1_854' title='bbox 1685 5411 1846 5475; x_wconf 83' lang='grc' dir='ltr'><strong>αὐτὸς</strong></span> <span class='ocrx_word' id='word_1_855' title='bbox 1872 5414 1899 5464; x_wconf 85' lang='grc' dir='ltr'>ὁ</span> <span class='ocrx_word' id='word_1_856' title='bbox 1930 5413 2198 5477; x_wconf 77' lang='grc' dir='ltr'><strong>θεσπίζων</strong></span> <span class='ocrx_word' id='word_1_857' title='bbox 2222 5413 2394 5470; x_wconf 78' lang='grc' dir='ltr'><strong>ταῦτα</strong></span> <span class='ocrx_word' id='word_1_858' title='bbox 2418 5417 2511 5468; x_wconf 75' lang='grc' dir='ltr'><strong>καὶ</strong></span> <span class='ocrx_word' id='word_1_859' title='bbox 2531 5415 2756 5486; x_wconf 84' lang='grc' dir='ltr'><strong>γράφων</strong></span> <span class='ocrx_word' id='word_1_860' title='bbox 2786 5414 2967 5475; x_wconf 82' lang='grc' dir='ltr'><strong>λαοὺς,</strong></span> <span class='ocrx_word' id='word_1_861' title='bbox 3002 5404 3158 5473; x_wconf 73' lang='grc' dir='ltr'><strong>οὗτος</strong></span> <span class='ocrx_word' id='word_1_862' title='bbox 3190 5407 3381 5478; x_wconf 76' lang='grc' dir='ltr'><strong>ἐτέχθη</strong></span> <span class='ocrx_word' id='word_1_863' title='bbox 3419 5408 3555 5459; x_wconf 77' lang='grc' dir='ltr'><strong>ἐκεῖ.</strong></span> 
     </span>
    </p>
   </div>
   <div class='ocr_carea' id='block_1_109' title="bbox 475 5505 1980 5576">
    <p class='ocr_par' dir='ltr' id='par_1_109' title="bbox 475 5505 1980 5576">
     <span class='ocr_line' id='line_1_109' title="bbox 475 5505 1980 5576; baseline -0.002 -16"><span class='ocrx_word' id='word_1_864' title='bbox 475 5505 676 5576; x_wconf 84' lang='lat' dir='ltr'><strong>Aperte</strong></span> <span class='ocrx_word' id='word_1_865' title='bbox 698 5514 878 5562; x_wconf 87' lang='lat' dir='ltr'><strong>autem</strong></span> <span class='ocrx_word' id='word_1_866' title='bbox 914 5505 1201 5576; x_wconf 87' lang='lat' dir='ltr'><strong>Scriptura</strong></span> <span class='ocrx_word' id='word_1_867' title='bbox 1234 5522 1331 5575; x_wconf 90' lang='lat' dir='ltr'><strong>per</strong></span> <span class='ocrx_word' id='word_1_868' title='bbox 1351 5507 1528 5559; x_wconf 88' lang='lat' dir='ltr'><strong>virum</strong></span> <span class='ocrx_word' id='word_1_869' title='bbox 1558 5506 1650 5575; x_wconf 86' lang='lat' dir='ltr'><strong>qui</strong></span> <span class='ocrx_word' id='word_1_870' title='bbox 1684 5517 1844 5561; x_wconf 86' lang='lat' dir='ltr'><strong>natus</strong></span> <span class='ocrx_word' id='word_1_871' title='bbox 1894 5513 1980 5559; x_wconf 89' lang='lat' dir='ltr'><strong>est</strong></span> 
     </span>
    </p>
   </div>
   <div class='ocr_carea' id='block_1_110' title="bbox 406 5596 1976 5664">
    <p class='ocr_par' dir='ltr' id='par_1_110' title="bbox 406 5596 1976 5664">
     <span class='ocr_line' id='line_1_110' title="bbox 406 5596 1976 5664; baseline 0.003 -15"><span class='ocrx_word' id='word_1_872' title='bbox 406 5596 543 5662; x_wconf 86' lang='lat' dir='ltr'><strong>illic,</strong></span> <span class='ocrx_word' id='word_1_873' title='bbox 574 5600 832 5654; x_wconf 80' lang='lat' dir='ltr'><strong>nimirum</strong></span> <span class='ocrx_word' id='word_1_874' title='bbox 864 5600 921 5654; x_wconf 90' lang='lat' dir='ltr'><strong>in</strong></span> <span class='ocrx_word' id='word_1_875' title='bbox 947 5600 1171 5655; x_wconf 86' lang='lat' dir='ltr'><strong>civitate</strong></span> <span class='ocrx_word' id='word_1_876' title='bbox 1199 5599 1314 5664; x_wconf 91' lang='lat' dir='ltr'><strong>Dei,</strong></span> <span class='ocrx_word' id='word_1_877' title='bbox 1345 5598 1647 5655; x_wconf 83' lang='lat' dir='ltr'><strong>Salvatoris</strong></span> <span class='ocrx_word' id='word_1_878' title='bbox 1680 5599 1854 5655; x_wconf 86' lang='lat' dir='ltr'><strong>nostri</strong></span> <span class='ocrx_word' id='word_1_879' title='bbox 1876 5599 1976 5653; x_wconf 90' lang='lat' dir='ltr'><strong>ho-</strong></span> 
     </span>
    </p>
   </div>
   <div class='ocr_carea' id='block_1_111' title="bbox 408 5688 1971 5760">
    <p class='ocr_par' dir='ltr' id='par_1_111' title="bbox 408 5688 1971 5760">
     <span class='ocr_line' id='line_1_111' title="bbox 408 5688 1971 5760; baseline 0.002 -20"><span class='ocrx_word' id='word_1_880' title='bbox 408 5702 609 5742; x_wconf 80' lang='lat' dir='ltr'><strong>minem</strong></span> <span class='ocrx_word' id='word_1_881' title='bbox 656 5689 1042 5745; x_wconf 88' lang='lat' dir='ltr'><strong>subindicavit.</strong></span> <span class='ocrx_word' id='word_1_882' title='bbox 1076 5689 1212 5745; x_wconf 88' lang='lat' dir='ltr'><strong>Cum</strong></span> <span class='ocrx_word' id='word_1_883' title='bbox 1246 5705 1408 5760; x_wconf 85' lang='lat' dir='ltr'><strong>porro</strong></span> <span class='ocrx_word' id='word_1_884' title='bbox 1457 5689 1634 5760; x_wconf 83' lang='lat' dir='ltr'><strong>ipsum</strong></span> <span class='ocrx_word' id='word_1_885' title='bbox 1682 5688 1971 5746; x_wconf 78' lang='lat' dir='ltr'><strong>Dominum</strong></span> 
     </span>
    </p>
   </div>
   <div class='ocr_carea' id='block_1_112' title="bbox 381 5781 1047 5855">
    <p class='ocr_par' dir='ltr' id='par_1_112' title="bbox 381 5781 1047 5855">
     <span class='ocr_line' id='line_1_112' title="bbox 381 5781 1047 5855; baseline 0.006 -21"><span class='ocrx_word' id='word_1_886' title='bbox 381 5797 396 5813; x_wconf 69' lang='grc' dir='ltr'><em>δ</em></span> <span class='ocrx_word' id='word_1_887' title='bbox 486 5782 562 5853; x_wconf 39' lang='grc' dir='ltr'><strong>(Ι.)</strong></span> <span class='ocrx_word' id='word_1_888' title='bbox 616 5781 812 5855; x_wconf 82' lang='lat' dir='ltr'><strong>Supra,</strong></span> <span class='ocrx_word' id='word_1_889' title='bbox 853 5784 929 5855; x_wconf 82' lang='grc' dir='ltr'><strong>μὴ</strong></span> <span class='ocrx_word' id='word_1_890' title='bbox 960 5787 1047 5855; x_wconf 81' lang='grc' dir='ltr'><strong>τῇ.</strong></span> 
     </span>
    </p>
   </div>
   <div class='ocr_carea' id='block_1_113' title="bbox 2156 5496 3659 5596">
    <p class='ocr_par' dir='ltr' id='par_1_113' title="bbox 2156 5496 3659 5596">
     <span class='ocr_line' id='line_1_113' title="bbox 2156 5496 3659 5596; baseline -0.009 -35"><span class='ocrx_word' id='word_1_891' title='bbox 2156 5507 2351 5576; x_wconf 89' lang='grc' dir='ltr'><strong>Σαφῶς</strong></span> <span class='ocrx_word' id='word_1_892' title='bbox 2370 5507 2427 5561; x_wconf 86' lang='grc' dir='ltr'>δὲ</span> <span class='ocrx_word' id='word_1_893' title='bbox 2452 5509 2480 5559; x_wconf 86' lang='grc' dir='ltr'>ὁ</span> <span class='ocrx_word' id='word_1_894' title='bbox 2501 5508 2671 5576; x_wconf 86' lang='grc' dir='ltr'><strong>Λόγος</strong></span> <span class='ocrx_word' id='word_1_895' title='bbox 2689 5506 2781 5559; x_wconf 84' lang='grc' dir='ltr'><strong>τὸν</strong></span> <span class='ocrx_word' id='word_1_896' title='bbox 2816 5505 2914 5576; x_wconf 77' lang='grc' dir='ltr'><strong>μὲν</strong></span> <span class='ocrx_word' id='word_1_897' title='bbox 2939 5503 3110 5573; x_wconf 81' lang='grc' dir='ltr'><strong>ἄνδρα</strong></span> <span class='ocrx_word' id='word_1_898' title='bbox 3131 5503 3221 5555; x_wconf 84' lang='grc' dir='ltr'><strong>τὸν</strong></span> <span class='ocrx_word' id='word_1_899' title='bbox 3244 5499 3502 5596; x_wconf 68' lang='grc' dir='ltr'><strong>τεχθέντα</strong></span> <span class='ocrx_word' id='word_1_900' title='bbox 3525 5496 3659 5596; x_wconf 48' lang='grc' dir='ltr'><strong>ἐκεῖ,</strong></span> 
     </span>
    </p>
   </div>
   <div class='ocr_carea' id='block_1_114' title="bbox 2083 5589 3662 5667">
    <p class='ocr_par' dir='ltr' id='par_1_114' title="bbox 2083 5589 3662 5667">
     <span class='ocr_line' id='line_1_114' title="bbox 2083 5589 3662 5667; baseline -0.004 -18"><span class='ocrx_word' id='word_1_901' title='bbox 2083 5598 2360 5651; x_wconf 87' lang='grc' dir='ltr'><strong>τουτέστιν</strong></span> <span class='ocrx_word' id='word_1_902' title='bbox 2403 5600 2458 5650; x_wconf 82' lang='grc' dir='ltr'><strong>ὲν</strong></span> <span class='ocrx_word' id='word_1_903' title='bbox 2490 5599 2559 5667; x_wconf 79' lang='grc' dir='ltr'><strong>τῇ</strong></span> <span class='ocrx_word' id='word_1_904' title='bbox 2597 5596 2691 5650; x_wconf 84' lang='grc' dir='ltr'><strong>τοῦ</strong></span> <span class='ocrx_word' id='word_1_905' title='bbox 2724 5595 2857 5648; x_wconf 84' lang='grc' dir='ltr'><strong>Θεοῦ</strong></span> <span class='ocrx_word' id='word_1_906' title='bbox 2892 5592 3077 5659; x_wconf 76' lang='grc' dir='ltr'><strong>πόλει,</strong></span> <span class='ocrx_word' id='word_1_907' title='bbox 3119 5591 3210 5643; x_wconf 85' lang='grc' dir='ltr'><strong>τὸν</strong></span> <span class='ocrx_word' id='word_1_908' title='bbox 3252 5589 3536 5661; x_wconf 74' lang='grc' dir='ltr'><strong>ἄνθρωπον</strong></span> <span class='ocrx_word' id='word_1_909' title='bbox 3566 5589 3662 5642; x_wconf 79' lang='grc' dir='ltr'><strong>τοῦ</strong></span> 
     </span>
    </p>
   </div>
   <div class='ocr_carea' id='block_1_115' title="bbox 2083 5678 3659 5761">
    <p class='ocr_par' dir='ltr' id='par_1_115' title="bbox 2083 5678 3659 5761">
     <span class='ocr_line' id='line_1_115' title="bbox 2083 5678 3659 5761; baseline -0.01 -19"><span class='ocrx_word' id='word_1_910' title='bbox 2083 5689 2331 5761; x_wconf 79' lang='grc' dir='ltr'><strong>Σωτῆρος</strong></span> <span class='ocrx_word' id='word_1_911' title='bbox 2355 5691 2386 5761; x_wconf 81' lang='grc' dir='ltr'><strong>ἡ</strong></span> <span class='ocrx_word' id='word_1_912' title='bbox 2397 5688 2512 5760; x_wconf 87' lang='grc' dir='ltr'><strong>μῶν</strong></span> <span class='ocrx_word' id='word_1_913' title='bbox 2542 5687 2758 5761; x_wconf 69' lang='grc' dir='ltr'><strong>ᾐνίξατο</strong></span> <span class='ocrx_word' id='word_1_914' title='bbox 2782 5703 2793 5717; x_wconf 77' lang='lat'>&#39;</span> <span class='ocrx_word' id='word_1_915' title='bbox 2825 5685 2914 5740; x_wconf 81' lang='grc' dir='ltr'><strong>τὸν</strong></span> <span class='ocrx_word' id='word_1_916' title='bbox 2952 5683 3007 5737; x_wconf 84' lang='grc' dir='ltr'>δὲ</span> <span class='ocrx_word' id='word_1_917' title='bbox 3028 5681 3232 5754; x_wconf 82' lang='grc' dir='ltr'><strong>Κύριον</strong></span> <span class='ocrx_word' id='word_1_918' title='bbox 3256 5679 3350 5736; x_wconf 76' lang='grc' dir='ltr'><strong>καὶ</strong></span> <span class='ocrx_word' id='word_1_919' title='bbox 3379 5678 3537 5735; x_wconf 76' lang='grc' dir='ltr'><strong>αὐτὸν</strong></span> <span class='ocrx_word' id='word_1_920' title='bbox 3567 5690 3659 5728; x_wconf 77' lang='grc' dir='ltr'><strong>τε-</strong></span> 
     </span>
    </p>
   </div>
  </div>
