4092 6404
392 365 531 425 1049

1556 370 2069 427 COMMENTARIA
2107 370 2175 427 IN
2201 371 2524 428 PSALMOS

3500 376 3638 433 1050

383 481 572 571 τέχθαι
604 480 722 533 ἐκεῖ
753 478 1008 549 φάσκων,
1042 477 1338 551 παρίστησι
1369 479 1468 553 τὴν
1498 482 1554 536 ὲν
1582 482 1659 554 τῷ
1691 483 1950 556 ἁνθρώπη

2068 484 2177 538 illic
2209 493 2392 537 uatum
2420 484 2572 549 dicit,
2602 484 2696 540 Dei
2730 484 2890 541 Verbi
2916 485 2969 541 in
2996 484 3216 541 homine
3246 485 3638 542 habitationem

382 573 475 626 τοῦ
503 569 648 625 Θεοῦ
677 571 850 641 Λόγου
882 569 1216 642 κατοίκησιν.
1257 572 1467 645 ’Ὥσπερ
1488 573 1647 647 γὰρὴ
1680 575 1838 639 Σιὼν,
1867 578 1963 631 πό-

382 662 467 725 λις
501 656 635 716 οῦσα
662 661 757 716 τοῦ
790 661 923 716 Θεοῦ
943 701 958 728 ,
997 660 1148 734 χώρα
1173 662 1428 733 τυγχάνει
1458 664 1552 718 τοῦ
1586 666 1868 737 τεχθέντος
1904 670 1962 721 ὲν

381 757 519 827 αὐτῇ
554 754 779 827 ἀνδρὸς,
812 755 952 810 οὕτω
1001 756 1097 819 καὶ
1140 756 1302 822 αὐτὸς
1335 758 1364 810 6
1400 758 1538 830 ἁνὴρ
1569 758 1721 830 χώρα
1753 759 1961 828 γίνεται

382 850 479 903 καὶ⁹
512 849 714 919 δοχεῐον
743 848 838 903 τοῦ
864 851 921 902 ὲν
948 848 1097 921 αὐτῷ
1119 850 1468 922 γεννηθέντος
1492 851 1627 905 Θεοῦ
1660 852 1857 921 Λόγου,
1885 850 1962 915 ὡς

383 941 443 993 ἐν
468 938 599 1012 ἱερῷ
630 938 769 1010 ἁγίῳ
792 941 885 995 καὶ
909 939 1041 1012 ναῷ,
1072 940 1271 1011 μᾶλλον
1299 943 1357 997 δὲ
1380 941 1455 1007 ὡς
1488 945 1546 997 ὲν
1566 943 1838 1015 ἀγάλματι
1867 943 1963 997 καὶ

383 1034 574 1105 δοχείῳ
596 1032 694 1105 τῆς
713 1032 875 1088 αὑτοῦ
897 1032 1147 1103 θεότητος
1162 1035 1221 1088 ὲν
1245 1034 1394 1106 αὐτῷ
1418 1036 1821 1107 κατῳκηκότος.
1850 1034 1961 1089 Καὶ

385 1126 559 1195 ταῦτα
588 1125 647 1179 δὲ
671 1124 979 1194 ἀναγκαίως
1005 1125 1034 1178 6
1052 1124 1223 1193 Λόγος
1253 1126 1489 1192 ἐδίδαξεν
1514 1129 1592 1189 εἰς
1623 1126 1684 1180 τὸ
1715 1124 1961 1196 γνωσθῆ-

387 1234 477 1271 ναι
511 1217 628 1280 πῶς
655 1216 938 1286 ἀλλόφυλοι
964 1217 1059 1270 καὶ
1086 1216 1261 1289 Τύρος
1288 1218 1381 1272 καὶ
1400 1217 1526 1282 λαὸς
1554 1217 1826 1271 Αἰθιόπων
1848 1218 1963 1286 ἐγε-

386 1310 623 1381 νήθησαν
643 1311 701 1362 ὲν
722 1312 786 1381 τῇ
807 1308 900 1362 τοῦ
921 1309 1055 1371 Θεοῦ
1080 1311 1254 1376 πόλει,
1276 1311 1371 1364 καὶ
1388 1311 1677 1380 γεγόνασιν
1698 1311 1804 1364 υίοὶ
1823 1309 1959 1367 Θεοῦ

382 1404 471 1458 διὰ
493 1404 591 1475 τῆς
615 1408 745 1475 παρ’
768 1402 917 1475 αὑτῷ
937 1404 1558 1475 ἁναγεννήοεως.’¹οπως
1576 1403 1684 1474 γὰρ
1704 1403 1797 1456 καὶ
1820 1402 1960 1456 κατὰ

380 1498 504 1553 τίνα
544 1499 745 1571 τρόπον
784 1499 817 1569 ὴ
845 1497 1079 1569 τοσαύτη
1111 1500 1191 1562 είς
1229 1498 1490 1569 οὐρανοὺς
1517 1498 1743 1570 ἐξεχύθη
1777 1500 1956 1569 χάρις,

381 1590 726 1662 παρέστησεν
758 1590 928 1644 είπὼν
952 1589 1022 1644 τὰ
1053 1590 1194 1644 κατὰ
1219 1590 1309 1644 τὸν
1340 1590 1507 1662 ἄνδρα
1522 1591 1612 1644 τὸν
1628 1590 1960 1662 γεννηθέντα

378 1679 525 1743 ἐκεῖ,
563 1678 656 1734 καὶ
684 1679 775 1732 τὸν
809 1680 867 1731 ὲν
891 1677 969 1749 τῷ
999 1678 1155 1750 ἀνδρὶ
1184 1678 1347 1733 πάλιν
1372 1678 1700 1751 γεννηθέντα
1733 1679 1954 1750 Κύριον.

377 1769 474 1835 Οἷς
495 1772 694 1827 ἅπασιν
719 1771 957 1841 ἐπιλέγει
985 1771 1067 1839 τὸ,
1100 1772 1194 1838 Ὠς
1218 1771 1697 1841 εὐφραινομένων
1715 1770 1959 1825 πάντων

2062 574 2321 628 declarat.
2354 574 2824 641 Quemadmodum
2871 576 3015 631 enim
3068 576 3200 631 Sion
3226 617 3240 642 ,
3274 593 3393 647 qua:
3442 578 3639 634 civitas

2064 662 2158 718 Dei
2196 673 2300 730 est,
2332 666 2485 721 locus
2506 674 2591 721 est
2617 666 2715 721 viri
2746 668 2801 721 in
2831 681 2894 722 ea
2919 667 3063 732 nati;
3119 668 3194 720 ita
3225 667 3341 737 ipse
3369 668 3454 723 vir
3485 670 3638 725 locus

2059 752 2291 807 eﬁicitur
2320 764 2373 809 et
2407 758 2811 825 receptaculum
2843 756 2932 812 Dei
2963 755 3127 812 Verbi
3162 757 3219 811 in
3246 773 3306 813 se
3339 759 3488 824 nati,
3541 761 3638 831 qui

2061 848 2217 917 quasi
2250 848 2306 903 in
2334 849 2452 903 loco
2477 864 2637 904 sacro
2676 856 2732 905 et
2764 850 2820 904 in
2861 849 3088 920 templo,
3124 850 3233 905 imo
3268 853 3450 920 potius
3479 855 3642 924 quasi

2060 940 2116 993 in
2150 947 2329 995 statua
2357 949 2412 995 et
2449 941 2797 1011 receptaculo
2836 940 3057 997 deitatis
3083 956 3216 1008 sum,
3248 943 3304 998 in
3329 944 3449 1014 ipso
3480 944 3640 999 babi-

2059 1040 2157 1088 tat.
2191 1033 2256 1088 Et
2292 1034 2410 1090 haec
2452 1036 2765 1091 necessario
2823 1034 2983 1091 docet
3043 1035 3160 1091 haec
3200 1034 3526 1108 Scriptura,
3577 1044 3643 1093 ut

2059 1136 2248 1181 notum
2294 1127 2365 1181 sit
2410 1143 2518 1197 qua
2552 1128 2765 1182 ratione
2806 1127 3123 1199 alienigenae
3157 1136 3213 1183 et
3245 1129 3424 1201 Tyrus
3451 1140 3507 1187 et
3532 1144 3638 1202 po-

2060 1218 2223 1287 pulus
2255 1215 2570 1289 Ethiopum
2606 1219 2661 1273 in
2696 1218 2917 1274 civitate
2971 1217 3067 1275 Dei
3116 1219 3244 1275 facti
3297 1221 3521 1287 fuerint,
3583 1228 3642 1278 et

2061 1304 2158 1359 ﬁlii
2191 1302 2287 1359 Dei
2344 1320 2441 1375 per
2480 1306 2948 1372 regenerationem
2983 1305 3060 1361 ibi
3105 1314 3382 1377 acceptam
3416 1309 3528 1364 sint
3566 1308 3646 1365 ef-

2060 1395 2206 1452 fecti.
2236 1396 2369 1453 Nam
2400 1414 2506 1469 qua
2539 1397 2750 1454 ratione
2777 1405 2932 1453 tanta
2973 1399 3028 1453 in
3062 1398 3220 1455 caelis
3256 1401 3431 1471 gratia
3465 1402 3640 1458 eﬁusa

2060 1489 2149 1556 sit,
2187 1490 2367 1547 allatis
2400 1492 2466 1548 iis
2500 1507 2620 1562 quae
2650 1491 2717 1545 ad
2750 1492 2927 1547 virum
2971 1508 3037 1547 eo
3064 1493 3119 1547 in
3154 1493 3272 1548 loco
3305 1493 3542 1557 editum,
3586 1502 3643 1549 et

2060 1583 2124 1637 ad
2159 1581 2446 1638 Dominum
2480 1585 2606 1640 item
2656 1585 2710 1639 in
2758 1584 3074 1655 huiusmodi
3105 1586 3222 1641 viro
3251 1596 3438 1640 natum
3472 1586 3642 1656 perti-

2059 1684 2211 1738 nent,
2243 1684 2429 1746 aperte
2458 1674 2723 1732 declarat.
2785 1676 2999 1744 Quibus
3035 1679 3293 1734 omnibus
3344 1677 3531 1734 subdit
3582 1676 3644 1731 il-

2061 1767 2175 1824 lud.
2205 1799 2274 1813 -——
2304 1767 2471 1826 Vens.
2501 1770 2553 1826 7.
2591 1769 2741 1825 Sicut
2781 1773 3076 1826 laztantium
3108 1774 3343 1827 omnium
3382 1773 3642 1829 habitatic

373 1860 414 1928 ἠ
459 1862 729 1915 κατοικία
762 1861 834 1916 ἐν
868 1861 1000 1917 σοίο
1055 1860 1172 1915 ἀνθ’
1207 1854 1267 1916 οὗ
1302 1862 1331 1914 6
1374 1860 1472 1932 μὲν
1519 1860 1749 1924 Ἀκύλας
1799 1859 1950 1932 φησὶ,

2058 1858 2212 1914 estin
2244 1867 2327 1924 te;
2366 1875 2466 1929 pro
2497 1875 2607 1931 quo
2633 1860 2829 1932 Aquila
2864 1862 3030 1928 dicit,
3083 1861 3153 1917 Et
3190 1872 3436 1918 canentes
3485 1863 3644 1934 quasi

374 1953 485 2008 Καὶ
525 1952 774 2021 ᾄδοντες
817 1954 899 2019 ὡς
935 1951 1101 2023 χοροὶ
1142 1951 1333 2007 πᾶσαι
1356 1951 1539 2022 πηγαὶ
1569 1952 1641 2005 ἐν
1671 1953 1771 2007 σοί
1792 1967 1809 1985 ο
1836 1952 1865 2004 6
1896 1952 1954 2005 δὲ

373 2043 668 2115 Σύμμαχος
688 2085 704 2109 ,
753 2044 862 2100 Καὶ
897 2043 1253 2098 αίνέσουσιν
1296 2045 1377 2111 ὡς
1408 2045 1478 2099 ἐν
1511 2045 1723 2111 αὐλοῖς
1766 2044 1957 2100 πᾶσαι

371 2139 433 2189 αὶ
469 2136 651 2205 πηγαί
672 2137 743 2190 ἐν
768 2138 889 2190 σοί.
919 2132 1085 2206 Οἶμαι
1113 2134 1172 2189 δὲ
1205 2135 1563 2207 σημαίνεσθαι
1599 2137 1692 2190 καὶ
1718 2136 1809 2190 διὰ
1835 2135 1958 2189 τού-

370 2248 480 2284 των
503 2231 603 2303 τὴν
635 2229 744 2284 τῶν
776 2228 981 2283 πιστῶν
1004 2227 1278 2293 ἁπάντων,
1307 2226 1414 2281 τῶν
1441 2227 1506 2300 δὴ
1537 2228 1636 2299 τῆς
1666 2227 1831 2297 ἁγίας
1858 2227 1953 2282 τοῦ

370 2323 508 2377 Θεοῦ
535 2323 751 2386 πόλεως
764 2319 1344 2391 καταξιωθησομένων,
1377 2318 1796 2391 ἐπισυναγωγὴν
1818 2360 1833 2385 ,
1856 2319 1954 2373 καὶ

369 2416 470 2487 τὴν
501 2418 581 2481 είς
610 2415 707 2470 ἕνα
737 2414 896 2486 χορὸν
918 2412 1379 2468 ἀποκατάστασιν.
1428 2412 1518 2484 Τῷ
1544 2412 1651 2485 γὰρ
1675 2411 1951 2481 λέγεσθαι,

373 2508 444 2559 ἐν
470 2506 572 2560 σοι
588 2547 604 2573 ,
638 2505 730 2560 τὸν
755 2505 921 2559 τόπον
952 2504 1113 2559 πάλιν
1146 2502 1432 2574 σημαίνειν
1465 2501 1833 2574 ὑπολαμϐάνω
1855 2502 1956 2573 τῆς

371 2594 464 2650 τοῦ
498 2595 633 2650 Θεοῦ
657 2596 892 2660 πόλεως·
915 2591 982 2667 ἧς
1007 2596 1055 2649 οἱ
1085 2594 1182 2665 μὲν
1208 2592 1446 2665 θεμέλιοι
1470 2589 1612 2665 ἦσαν
1635 2596 1693 2667 έν
1710 2595 1822 2657 τοῖς
1842 2593 1956 2664 δρε-

375 2705 430 2743 σι
457 2690 571 2752 τοῖς
598 2687 806 2757 ἁγίοις,
843 2690 900 2743 αἱ
931 2665 989 2742 δὲ
1032 2687 1197 2743 πύλαι
1228 2688 1323 2742 καὶ
1354 2691 1409 2743 αί
1448 2665 1823 2743 είσοδοίκάτω
1849 2704 1952 2741 που

373 2779 471 2834 καὶ
503 2784 634 2852 παρ’
663 2784 795 2853 ἡμῖν
813 2800 826 2814 ο
853 2784 912 2837 ὲν
938 2784 1078 2858 μέσῃ
1110 2784 1167 2839 δὲ
1187 2785 1322 2855 αὐτῇ
1355 2781 1557 2845 πάντες
1582 2780 1658 2845 ὡς
1688 2782 1745 2837 ὲν
1765 2780 1955 2854 χορείᾳ

369 2872 463 2925 καὶ
488 2872 722 2944 ἁρμονίᾳ
750 2872 869 2945 θείᾳ
894 2875 1009 2945 μετ’
1039 2873 1374 2945 εὐφροσύνης
1399 2870 1752 2947 συναγόμενοι
1778 2887 1953 2925 κατοι-

371 2965 561 3035 κήσειν
588 2965 1038 3037 προφητεύονται.
1078 2966 1219 3038 Ὅρα
1250 2965 1308 3018 δὲ
1338 2964 1459 3018 τίνα
1478 2964 1677 3035 τρόπον
1703 2964 1733 3016 6
1764 2961 1952 3033 παρὼν

368 3055 606 3128 ψαλμδς,
634 3056 769 3111 Θεοῦ
798 3057 1012 3126 γένεσιν
1044 3056 1318 3122 θεσπίζων
1350 3055 1491 3111 κατὰ
1513 3056 1614 3127 τὴν
1646 3055 1953 3124 ἀνάγνωσιν

370 3146 472 3217 τῆς
485 3147 593 3200 τῶν
609 3147 1007 3223 Ἐὁδομήκοντα
1028 3149 1344 3224 ἑρμηνείας,
1363 3147 1640 3221 ὲπέκρυψε
1664 3147 1724 3200 τὸ
1744 3147 1951 3220 μυστή-

372 3253 507 3311 ριον.
571 3239 644 3293 T6
673 3240 819 3312 γὰρ,
867 3241 1084 3310 Κύριος
1115 3240 1429 3311 ἀριθμήσει
1460 3239 1702 3311 γράφων
1721 3240 1941 3307 λαούς·

372 3327 562 3400 Οὗτος
591 3332 802 3403 ἐτέχθη
828 3333 985 3401 ἐκεῖ,
1014 3333 1153 3389 κατὰ
1183 3334 1478 3406 Σύμμαχον
1496 3350 1510 3364 ·
1542 3333 1575 3406 ἢ
1608 3334 1751 3389 κατὰ
1793 3332 1951 3388 ’Δκύο

366 3423 466 3477 λαν
489 3464 505 3489 ,
552 3425 766 3492 Κύριος
804 3423 1273 3507 διηγήσεται.ῂ
1315 3424 1395 3491 τῷ
1428 3424 1677 3496 τράφειν
1722 3424 1945 3491 λαούς·

371 3511 562 3582 οὗτος
585 3514 795 3586 ἐτέχθη
824 3517 977 3570 ἐκεῖ”
1005 3518 1039 3589 ἢ
1072 3518 1215 3572 κατὰ
1233 3518 1323 3572 τὸν
1351 3518 1701 3582 Θεοδοτίωνα,
1735 3518 1949 3586 Κύριος

366 3608 715 3679 διηγήσεται
735 3611 805 3664 ἐν
834 3608 1032 3679 γραφῇ
1059 3608 1251 3665 λαῶν·
1276 3605 1468 3676 Οὗτος
1478 3609 1777 3681 ἐγεννήθη
1801 3608 1947 3674 ἐκεῖ,

365 3699 428 3752 οὐ
468 3698 656 3754 τοῦτον
694 3701 1034 3773 ἡρμήνευται
1073 3702 1227 3774 παρὰ
1262 3704 1375 3765 τοῖς
1415 3700 1815 3772 Ἐδδομήκοντα
1857 3699 1948 3754 τὸν

363 3791 567 3863 τρόπον
585 3809 599 3822 ·
631 3790 748 3847 ἁλλ’
779 3794 1014 3865 εἴρηται,
1050 3793 1267 3862 Κύριος
1284 3791 1633 3863 διηγήσεται
1663 3788 1949 3862 ἐντραφῇ

363 3880 530 3938 λαῶν
564 3883 664 3937 καὶ
696 3884 1007 3954 ἀρχόντων
1036 3886 1262 3939 τούτων
1296 3883 1416 3939 τῶν
1447 3882 1859 3955 γεγενημένων
1878 3883 1950 3937 ἐν

364 3973 519 4043 αὐτῇ
538 3991 551 4005 ο
580 3975 1001 4047 ἐπικρυψάντων
1023 4016 1039 4040 ,
1079 3977 1157 4040 ὡς
1204 3972 1358 4047 οἶμαι
1381 4016 1396 4040 ,
1430 3976 1530 4047 τὴν
1564 3974 1800 4030 διάνοιαν
1839 3975 1946 4028 τῶν

362 4065 462 4139 τὴν
490 4067 786 4137 ἑρμηνείαν
819 4067 1201 4139 πεποιημένων
1219 4107 1233 4131 ,
1261 4067 1349 4122 διὰ
1382 4067 1444 4121 τὸ
1472 4067 1680 4121 ἔθνεσιν
1711 4066 1945 4136 ἀλλοφύ-

362 4155 475 4222 λοις
502 4157 717 4229 μέλλειν
739 4158 1036 4213 ἐκδίδοσθαι
1065 4159 1164 4230 τὴν
1191 4159 1413 4232 Γραφὴν
1436 4158 1578 4213 κατὰ
1601 4159 1727 4222 τοὺς
1750 4158 1947 4211 Πτολε-

366 4250 531 4321 μαίου
564 4251 809 4323 χρόνους,
836 4250 987 4305 οὔπω
1014 4251 1107 4305 τοῦ
1138 4252 1390 4323 Σωτῆρος
1417 4252 1574 4323 ἡμῶν
1601 4251 1944 4322 ἐπιλάμψαν-

361 4359 454 4406 τος
492 4341 571 4412 τῷ
615 4341 732 4413 βίῳ.
776 4343 886 4397 Καὶ
919 4345 947 4397 ὁ
981 4344 1087 4408 πᾶς
1118 4342 1175 4396 δὲ
1206 4341 1419 4415 ψαλμὸς
1454 4343 1658 4415 σφόδρα
1689 4345 1942 4415 αἰνιγμα-

360 4432 538 4504 τώδης
560 4435 657 4488 καὶ
684 4434 972 4497 σκοτεινῶς
998 4434 1287 4507 εἰρημένος
1308 4436 1564 4505 τυγχάνει
1584 4474 1600 4498 ,
1632 4435 1943 4504 θεμελίους

2058 1953 2206 2008 chori
2253 1970 2431 2008 omnes
2484 1954 2652 2023 fontes
2688 1956 2741 2009 in
2791 1964 2874 2018 te;
2932 1952 3296 2024 Symmachus
3347 1971 3513 2021 vero,
3570 1954 3640 2008 Et

2058 2044 2353 2099 laudabunt
2395 2046 2550 2115 quasi
2597 2047 2651 2099 in
2704 2046 2847 2099 tibiis
2879 2061 3057 2098 omnes
3104 2044 3277 2114 fontes
3315 2046 3368 2098 in
3416 2056 3484 2100 te.
3537 2043 3638 2101 His

2054 2155 2220 2211 porro
2274 2138 2570 2210 signiﬁcari
2622 2138 2860 2193 arbitror
2910 2137 3152 2193 ﬁdelium
3191 2137 3481 2200 omnium,
3542 2139 3638 2207 qui

2055 2240 2246 2289 sancta
2270 2230 2365 2286 Dei
2389 2230 2608 2285 civitate
2635 2228 2876 2285 donandi
2924 2237 3074 2293 sunt,
3106 2237 3589 2298 congregationem
3615 2268 3639 2295 ,

2052 2334 2217 2395 atque
2240 2325 2297 2379 in
2328 2324 2557 2379 chorum
2590 2337 2759 2377 unum
2789 2320 3189 2376 reductionem.
3223 2318 3359 2373 Nam
3390 2334 3516 2374 cum
3552 2320 3640 2375 di.-

2052 2417 2216 2483 citur,
2240 2416 2299 2470 in
2332 2425 2401 2481 te,
2438 2414 2673 2469 indicari
2722 2413 2973 2484 suspicor
3005 2411 3248 2466 civitatis
3282 2410 3377 2467 Dei
3409 2411 3589 2466 locum
3617 2449 3636 2477 ,

2052 2509 2213 2579 cujus
2270 2508 2620 2563 fundamenta
2677 2505 2896 2578 quidem
2952 2506 3015 2559 in
3082 2505 3363 2560 montibus
3429 2505 3640 2562 sanctis

2052 2609 2233 2664 erant,
2262 2610 2434 2670 portae
2457 2613 2588 2653 vero
2626 2607 2680 2652 et
2708 2596 2892 2652 aditus
2922 2595 3109 2650 inﬁmo
3160 2595 3216 2649 in
3252 2595 3375 2650 loco
3402 2602 3457 2651 et
3488 2595 3638 2664 apud

2051 2707 2153 2747 nos
2175 2691 2267 2747 siti
2294 2698 2414 2747 sunt
2452 2709 2466 2745 :
2499 2691 2553 2745 in
2585 2689 2764 2744 medio
2792 2694 2973 2742 autem
3008 2686 3176 2752 illius,
3216 2687 3374 2757 quasi
3413 2687 3469 2741 in
3501 2686 3637 2742 cbo-

2050 2798 2143 2838 rea
2183 2794 2237 2839 et
2278 2790 2546 2838 concentu
2583 2781 2788 2843 divino,
2826 2780 3138 2851 congregati
3197 2779 3277 2833 illi
3334 2778 3633 2835 habitaturi

2050 2890 2172 2931 esse
2198 2875 2654 2946 praenuntiautur.
2687 2872 3072 2927 Animadverte
3103 2885 3268 2941 porro
3287 2886 3393 2941 qua
3416 2871 3633 2927 ratione

2052 2967 2142 3021 hic
2174 2966 2441 3037 psalmus,
2473 2963 2566 3020 Dei
2592 2964 2999 3035 generationem
3055 2960 3364 3018 secundum
3396 2958 3631 3031 Septua-

2051 3059 2202 3132 gnta
2240 3056 2603 3128 Interpretum
2637 3057 2924 3112 lectionem
2950 3055 3277 3121 vaticinans,
3308 3054 3632 3126 mysteriqu

2050 3150 2361 3207 occultarit.
2388 3147 2484 3204 llla
2512 3148 2657 3203 enim
2699 3146 2998 3204 secundum
3033 3144 3422 3218 Symmachum
3456 3144 3634 3215 expli-

1973 3221 2019 3283 C
2049 3242 2214 3311 catio,
2238 3241 2498 3296 Dominus
2530 3239 2829 3294 numerabit
2863 3238 3097 3293 scribens
3136 3237 3385 3308 populos,
3416 3235 3515 3290 Hic
3534 3253 3636 3293 na-

2051 3344 2135 3389 tus
2161 3342 2240 3389 est
2271 3333 2382 3398 ibi;
2413 3333 2497 3389 vel
2524 3330 2822 3388 secundum
2850 3330 3125 3401 Aquilam,
3148 3329 3409 3384 Dominus
3438 3345 3634 3384 narra-

2051 3425 2124 3479 bit
2159 3427 2215 3479 in
2241 3424 2515 3480 scribendo
2539 3425 2781 3494 populos,
2818 3421 2922 3476 Hic
2952 3432 3109 3476 natus
3162 3430 3240 3476 est
3287 3420 3393 3486 ibi;
3431 3421 3518 3477 vel
3547 3436 3633 3477 se-

2049 3514 2290 3569 cundum
2321 3514 2747 3571 Theodotionem
2774 3552 2788 3577 ,
2818 3512 3077 3566 Dominus
3124 3511 3366 3567 narrabit
3403 3512 3457 3565 in
3495 3513 3632 3566 scrin

2047 3616 2207 3675 ptum
2233 3606 2566 3675 populorum,
2591 3604 2690 3658 Hic
2705 3614 2862 3658 natus
2885 3612 2961 3657 est
2985 3604 3098 3669 tibi,
3128 3617 3238 3657 non
3268 3602 3454 3657 eadem
3484 3603 3631 3673 apud

2049 3700 2192 3756 LXX
2213 3701 2517 3771 reperitur;
2571 3699 2667 3755 sed
2716 3699 2951 3761 dicitur,
3000 3696 3231 3752 Domino
3290 3694 3532 3749 narrabit
3574 3696 3630 3751 in

2048 3795 2313 3863 scriptura
2360 3794 2678 3863 povulorum
2717 3800 2767 3847 et
2820 3791 3114 3862 principum
3168 3790 3351 3842 horum
3374 3787 3465 3858 qui
3516 3786 3633 3855 fue-

2048 3896 2173 3947 runt
2208 3888 2262 3941 in
2301 3902 2363 3940 ea
2377 3902 2397 3951 ;
2440 3886 2566 3956 quia
2592 3925 2606 3949 ,
2661 3892 2721 3939 ut
2768 3885 3027 3947 arbitror,
3078 3882 3407 3953 interpretes
3441 3894 3627 3935 veram

2048 3979 2376 4034 sententiam
2406 3978 2777 4039 occultarum,
2808 3975 2955 4046 quod
2980 3975 3173 4030 alienis
3195 3972 3469 4044 gentibus,
3489 3981 3629 4027 tem-

2046 4085 2178 4141 pore
2202 4069 2509 4141 Ptolemmi,
2564 4067 2904 4139 Scripturam
2962 4065 3373 4137 interpretaturi
3398 4071 3629 4143 essent,

2046 4179 2171 4221 cum
2210 4163 2453 4218 nondum
2491 4162 2747 4218 Serirator
2775 4170 2963 4217 noster
3001 4162 3056 4215 in
3101 4159 3305 4214 mundo
3342 4160 3634 4232 apparuit-

2047 4263 2150 4311 set.
2205 4253 2486 4324 Totusque
2518 4254 2763 4323 psalmus
2810 4251 3106 4307 admodum
3144 4248 3529 4324 aenigmatieus
3575 4256 3633 4307 et

2043 4347 2316 4401 obscurus
2345 4357 2428 4400 est
2457 4363 2470 4399 :
2503 4345 2704 4414 quippe
2733 4343 2827 4414 qui
2872 4343 3221 4412 fundamenta
3250 4344 3363 4413 ejus
3386 4345 3555 4409 dicat,
3578 4358 3632 4398 et

2043 4439 2168 4510 quis
2192 4438 2263 4493 sit
2292 4437 2337 4494 is
2364 4436 2431 4491 de
2461 4451 2570 4507 quo
2594 4436 2837 4506 loquitur
2866 4442 3191 4504 taceat,nec
3222 4437 3425 4491 indicet
3451 4437 3625 4500 illum;

359 4520 548 4574 αὑτοῦ
575 4520 747 4590 λέγων
779 4523 1231 4594 σεσιωπημένως,
1259 4526 1402 4588 τίνος
1426 4524 1471 4579 δ’
1519 4524 1683 4580 αὑτοῦ
1720 4524 1794 4596 μὴ
1820 4523 1941 4577 δια-

2049 4547 2111 4586 ac
2134 4545 2352 4587 rursum
2388 4539 2602 4584 DIOIIICS
2639 4536 2861 4584 83110108
2903 4536 3186 4596 memoret,
3210 4537 3505 4600 portasque
3538 4535 3626 4582 ta-

362 4610 579 4681 cacpti'w'
634 4612 730 4666 καὶ
774 4613 934 4667 πάλιν
975 4612 1077 4685 ὅρη
1120 4615 1250 4684 ἁγια
1281 4614 1593 4687 ὀνομάζων,
1644 4616 1736 4669 καὶ
1769 4614 1943 4680 πύλας

2049 4623 2355 4679 bernaculis
2398 4620 2570 4677 Jacob
2603 4636 2634 4678 a
2669 4620 2899 4677 Domino
2928 4622 3228 4689 antelatas;
3277 4623 3517 4691 itemque
3545 4621 3625 4674 ci-

361 4700 501 4754 Σιὼν
545 4703 968 4774 προτιμωμένας
1004 4704 1109 4758 ὑπὸ
1131 4705 1227 4760 τοῦ
1267 4707 1473 4778 Κυρίου
1504 4705 1616 4759 τῶν
1654 4706 1942 4777 σκηνωμά-

359 4810 468 4846 των
513 4793 735 4857 ἰακὼ6,
771 4796 865 4849 καὶ
896 4797 1049 4850 πόλιν
1080 4797 1214 4851 Θεοῦ
1249 4798 1651 4870 δεδοξασμένως
1680 4796 1943 4867 λαλουμέ-

360 4902 487 4956 νην’
523 4887 617 4939 καὶ⁵
644 4887 739 4939 ἐπὶ
770 4889 901 4952 πᾶν,
937 4890 995 4942 ὲν
1019 4893 1086 4962 τῇ
1120 4890 1308 4954 πόλει,
1344 4891 1403 4943 ού
1438 4890 1530 4943 τὸν
1571 4888 1817 4962 Ἰσραὴλ,
1845 4888 1941 4941 06-

358 4976 416 5029 δὲ
453 4975 513 5030 τὸ
556 4978 823 5033 Ἰουδαίων
860 4980 1042 5045 ἔθνος,
1073 4982 1209 5036 ἁλλὰ
1247 4982 1417 5036 Ῥαὰϐ
1446 4983 1546 5055 τήν
1576 4999 1707 5035 ποτε
1736 4979 1942 5052 πόρνην

360 5073 455 5124 καὶ
483 5071 777 5127 Βαϐυλῶνα
797 5114 811 5138 ,
843 5075 1075 5147 Τυρίους
1123 5093 1184 5129 τε
1227 5076 1322 5129 καὶ
1363 5075 1626 5139 Αἰθίοπας
1659 5074 1755 5129 καὶ
1782 5073 1936 5127 ἁλλο-

359 5160 577 5225 ιούλους.
614 5162 848 5226 Τούτους
872 5163 982 5235 γὰρ
1020 5165 1227 5229 πάντας
1257 5163 1616 5236 τεχθήσεσθαι
1648 5165 1707 5217 ὲν
1737 5164 1806 5233 τῇ
1839 5162 1937 5215 πό-

359 5268 439 5306 Αει
480 5253 575 5307 τοῦ
613 5253 749 5307 Θεοῦ
782 5255 869 5308 διὰ
900 5255 1061 5309 ποίαν
1090 5256 1268 5311 αἰτίαν
1296 5256 1396 5309 οὐκ
1425 5255 1491 5311 ἂν
1528 5255 1639 5326 έχοι
1662 5272 1746 5319 τις
1770 5253 1935 5325 ἄλλην

356 5346 581 5418 είπεῖνῆ
604 5346 694 5400 διὰ
712 5346 809 5418 τὴν
832 5347 1043 5416 γένεσιν
1065 5347 1158 5401 τοῦ
1180 5349 1237 5401 ὲν
1259 5348 1395 5419 αὐτῇ
1418 5347 1700 5419 τεχθέντος
1720 5347 1931 5418 ἀνδρὸς,

357 5436 454 5490 καὶ
485 5438 577 5491 τοῦ
611 5439 816 5511 Κυρίου
865 5438 1147 5510 τεχθέντος
1183 5441 1330 5503 ἐκεῖ,
1361 5439 1560 5511 δηλαδὴ
1593 5441 1651 5495 ὲν
1680 5440 1829 5511 αὐτῷ
1856 5439 1937 5511 τῷ

359 5530 706 5602 προλεχθέντι
741 5531 893 5603 ἀνδρί
912 5548 927 5562 ·
960 5533 1045 5602 ἐφ’
1069 5529 1150 5595 οἷς
1183 5533 1362 5585 πᾶσαν
1391 5532 1729 5604 εὐφροσύνην
1752 5533 1936 5604 κοινὴν

359 5624 454 5676 καὶ
478 5621 715 5693 χορείας,
748 5622 890 5694 ᾠδάς
922 5640 981 5676 τε
1011 5623 1105 5676 καλ¹
1137 5621 1319 5686 αἴνους
1339 5624 1433 5679 καὶ
1457 5626 1641 5696 πηγὰς
1661 5624 1819 5678 θείων
1841 5624 1938 5678 καὶ

360 5712 521 5784 ιερῶν
541 5712 713 5781 λόγων
746 5714 838 5767 ἰπὶ
866 5714 1009 5769 τέλει
1028 5715 1121 5769 τοῦ
1143 5716 1358 5787 ψαλμοῦ
1382 5715 1643 5779 θεσπίζει.
1685 5714 1855 5771 Ἐπὰν
1879 5716 1935 5769 δὲ

358 5804 495 5878 λέγῃ
522 5806 580 5860 ἐν
602 5802 785 5879 γραφῇ
813 5804 957 5864 λαῶν
981 5808 1151 5864 ταῦτα
1180 5825 1355 5870 πάντα
1381 5808 1626 5877 ἔσεσθαι,
1656 5808 1934 5880 σημαίνειν
1952 5890 1983 5895 θ

2043 4718 2266 4773 vitalem
2323 4715 2419 4771 Dei
2480 4715 2717 4787 gloriose
2774 4715 3105 4769 celebratam
3146 4733 3158 4768 :
3197 4714 3264 4767 ad
3325 4713 3440 4768 haec
3491 4727 3623 4768 vero

2044 4807 2249 4874 omnia,
2279 4805 2337 4861 in
2366 4805 2609 4869 civitate,
2640 4821 2753 4860 non
2784 4805 3061 4870 lsraelem,
3095 4821 3274 4875 neque
3332 4803 3619 4863 Iudaicam

2042 4901 2256 4966 gentem
2283 4911 2299 4963 ;
2332 4893 2429 4951 sed
2480 4892 2670 4949 Habab
2699 4892 2827 4949 olim
2858 4892 3221 4957 meretricem,
3252 4891 3619 4963 Babylonem,

2043 4982 2239 5057 'lyrias
2273 5024 2289 5052 ,
2341 4984 2632 5056 IEthiopas
2660 5024 2676 5050 ,
2740 4984 3183 5055 alicnigenasque
3247 4983 3510 5037 nominet.
3552 4981 3618 5036 lli

2042 5077 2242 5148 quippe
2275 5091 2466 5133 omnes
2497 5091 2596 5131 cur
2628 5077 2685 5131 in
2717 5075 2937 5132 civitate
2962 5074 3057 5130 Dei
3087 5074 3357 5131 nascituri
3380 5089 3501 5128 esse
3535 5073 3620 5127 di-

2046 5180 2262 5234 cantur,
2284 5186 2395 5224 nou
2430 5169 2591 5223 aliam.
2626 5183 2849 5225 causam
2882 5167 3008 5238 quis
3031 5166 3295 5237 proferat,
3319 5166 3427 5221 nisi
3452 5180 3618 5235 gene-

2045 5262 2310 5317 rationem
2334 5260 2435 5313 viri
2458 5259 2552 5329 qui
2586 5259 2640 5313 in
2685 5259 2775 5312 illa
2809 5269 2972 5313 natus
3004 5265 3108 5322 est,
3137 5266 3191 5311 et
3221 5256 3435 5309 Domini
3481 5254 3613 5308 item

2041 5353 2098 5408 in
2128 5353 2218 5407 illa
2252 5350 2386 5415 nati,
2418 5350 2669 5405 videlicet
2707 5349 2761 5402 in
2805 5348 2925 5404 viro
2962 5363 3122 5417 quem
3182 5345 3291 5417 jam
3349 5345 3610 5401 diximus.

2042 5444 2381 5515 Quapropter
2436 5439 2805 5496 omnimodam
2858 5454 3310 5509 communemque
3347 5438 3609 5504 laetitiam,

2041 5536 2294 5598 choreas,
2327 5532 2567 5595 cantica,
2600 5530 2788 5585 laudes
2809 5569 2825 5593 ,
2881 5528 3190 5583 divinorum
3224 5542 3613 5597 sacrorumque

2039 5626 2381 5697 eloquiorum
2429 5624 2604 5679 fontes
2636 5622 2691 5676 in
2724 5623 2828 5677 ﬁne
2863 5620 3058 5693 psalmi
3089 5621 3437 5678 vaticinatur.
3472 5618 3609 5673 Cum

2041 5728 2223 5773 autem
2255 5716 2409 5779 dicit,
2441 5716 2494 5770 in
2529 5714 2802 5785 scriptura
2847 5714 3170 5786 populorum
3216 5714 3401 5769 omnia
3452 5728 3612 5783 repo-

2040 5809 2218 5868 nenda
2239 5824 2379 5877 esse,
2406 5808 2640 5866 arbitror
2663 5823 2786 5868 eum
2813 5814 3027 5879 tempus
3048 5808 3436 5881 descriptionis
3467 5823 3609 5880 gen-
