4068 6394
509 411 641 467 1051

1193 401 1460 461 EUSEBII
1489 398 1968 458 CAESARIENSIS
2004 394 2156 456 OPP.
2197 395 2378 451 PARS
2417 392 2504 450 Ill.
2540 424 2608 433 —
2646 391 3060 448 EXEGETICA.

3623 389 3658 443 ί
3671 387 3797 443 052

505 529 642 581 tium
669 566 685 590 ,
721 539 844 596 quae
891 524 945 578 in
989 530 1112 578 ortu
1156 519 1456 576 Salvatoris
1493 517 1668 574 nostri
1714 515 1842 571 Jesu
1871 515 2067 570 Christi

2181 511 2419 582 ἡγοῦμαι
2454 509 2542 562 τὸν
2572 524 2760 579 καιρον
2790 505 2890 576 τῆς
2915 504 3241 575 ἀπογραφῆς
3269 505 3374 557 τῶν
3404 503 3572 556 ἐθνῶν
3591 545 3606 569 ,
3647 505 3799 575 ἥτις

508 620 650 675 facta
672 625 778 682 est,
799 617 1072 671 indicare:
1100 624 1230 669 tunc
1251 614 1397 669 enim
1424 612 1552 667 exiit
1568 613 1793 666 edictum
1815 628 1847 662 a
1869 608 2080 664 Caesare

506 711 768 780 Augusto,
797 717 854 762 ut
889 706 1272 760 describeretur
1323 705 1596 757 universus
1647 700 1790 755 orbis
1826 701 1904 764 l";
1953 715 2079 753 cum

506 803 773 875 Cyrenius
799 803 855 856 in
898 799 1142 854 Judazam
1183 797 1406 853 veniens
1431 811 1658 851 censum
1703 794 1892 848 edidit.
1924 791 2078 858 Quod

509 895 776 967 signiﬁcat
807 891 1142 963 evangelista
1197 889 1388 944 dicens
1425 906 1439 943 :
1492 886 1623 942 Haec
1651 885 1930 955 descriptio
1964 885 2077 953 pri-

509 1007 597 1042 ma
623 989 669 1020 ⁸⁸
697 1005 711 1053 ;
744 988 816 1042 ita
838 994 897 1040 ut
928 993 1142 1053 tempus
1185 979 1316 1034 illud
1350 980 1406 1034 in
1451 979 1556 1034 hoc
1585 980 1793 1048 psalmo
1827 984 2079 1030 accurate

507 1080 861 1151 signiﬁcetur.
897 1076 1034 1130 Num
1071 1075 1209 1129 forte
1261 1072 1384 1127 ideo
1432 1071 1670 1142 psalmus
1705 1072 1808 1126 iste
1837 1084 2080 1140 segrega-

506 1182 616 1236 tus,
651 1172 913 1242 longeque
944 1168 1012 1222 ab
1047 1167 1167 1221 aliis
1190 1164 1283 1234 qui
1317 1161 1576 1217 Filiorum
1596 1162 1734 1217 Core
1762 1161 2076 1216 inscribun-

505 1270 596 1316 tur
633 1261 738 1314 hoc
790 1257 1022 1314 consilio
1071 1257 1280 1326 positus
1328 1261 1434 1316 est,
1468 1261 1528 1307 ut
1584 1253 1842 1323 mysteria
1899 1251 1971 1306 ibi
2011 1250 2077 1306 de

503 1353 711 1408 Christi
751 1362 874 1406 ortu
907 1349 1187 1404 enuntiata
1234 1347 1676 1411 occultarentur;
1735 1344 1810 1398 ita
1857 1351 1915 1398 ut
1971 1343 2076 1398 ista

503 1459 721 1514 quoque
752 1442 892 1496 ratio
921 1449 974 1496 et
1025 1437 1314 1508 responsio
1344 1435 1523 1490 aﬁ‘erri
1563 1435 1734 1506 possit
1757 1435 1822 1489 ad
1848 1433 2075 1504 quaesita

502 1546 692 1592 nostra
726 1533 882 1589 initio
915 1531 1183 1587 sermonis
1233 1529 1536 1602 proposita.
1590 1526 1829 1597 ldipsum
1857 1540 2076 1594 quoque

502 1629 655 1683 dicas
684 1627 750 1681 de
788 1641 1029 1686 Lxxxvn,
1062 1623 1154 1692 qui
1206 1623 1352 1676 hunc
1388 1622 1634 1690 sequitur
1664 1661 1677 1682 ,
1729 1627 1782 1673 et
1809 1616 2072 1671 Filiorum

501 1719 639 1772 Core
689 1716 892 1787 pariter
944 1713 1241 1790 inscriptus
1291 1718 1392 1767 est.
1453 1711 1590 1777 Quia
1627 1710 1720 1764 ille
1769 1708 2074 1763 Servatoris

502 1809 677 1865 nostri
703 1815 930 1863 mortem
960 1805 1310 1866 vaticinatur,
1335 1811 1732 1874 consequenter
1773 1802 1842 1856 ad
1885 1800 2030 1854 hunc
2055 1840 2070 1866 ,

501 1902 593 1972 qui
625 1907 804 1956 ortum
837 1899 956 1967 ejus
995 1896 1340 1968 praadixerat.

2182 602 2485 674 ἐπληροῦτο
2510 601 2600 653 ἐπὶ
2619 599 2718 676 τῆς
2741 597 2833 651 τοῦ
2857 597 3106 669 Σωτῆρος
3136 597 3291 668 ἡμῶν
3323 595 3494 667 Ἰησοῦ
3518 596 3793 667 Χριστοῦ

2180 696 2445 764 γενέσεως
2463 711 2475 723 ·
2513 693 2632 745 τότε
2669 691 2777 762 γὰρ
2810 686 3032 759 ἐξῆλθε
3059 689 3246 758 δὸγειια
3275 688 3434 756 παρὰ
3457 689 3795 755 Καίσαρος

2180 787 2531 856 Αὐγούστου
2547 784 2990 853 ἀποπριίρεσθαι
3007 780 3213 834 πᾶσαν
3231 779 3756 849 τὴνοὶκουμένην
3773 797 3789 809 ·

2178 878 2265 930 ὅτε
2312 877 2580 947 Κυρήνιος
2625 874 2851 936 ἐπιστὰς
2892 875 2958 944 τῇ
3019 871 3245 941 Ἰουδαίᾳ
3287 871 3386 933 τὰς
3431 870 3795 940 ἀπογραφὰς

2179 971 2428 1022 ἐποιεῖτο.
2466 968 2655 1037 Ἑπιση
2666 966 2912 1035 μαίνεται
2939 963 3067 1033 γοῦν
3087 965 3115 1016 6
3140 961 3524 1032 εύαγγελιστὴς
3543 962 3748 1030 λέγων
3773 979 3786 991 ·

2177 1060 2338 1127 Αὕτη
2386 1061 2424 1127 ἡ
2474 1056 2791 1128 ἀπογραφὴ
2840 1055 3069 1126 πρώτη·
3122 1054 3261 1108 ὥστε
3296 1056 3389 1108 καὶ
3429 1053 3519 1106 τὸν
3565 1053 3792 1125 καιρὸν

2177 1151 2337 1205 αὑτὸν
2370 1151 2608 1222 ἀκριϐῶς
2631 1151 2720 1204 διὰ
2749 1149 2842 1203 τοῦ
2881 1148 3145 1220 παρόντος
3193 1146 3408 1218 ψαλμοῦ
3439 1147 3783 1218 δηλοῦσθαι.

2176 1246 2404 1315 Μήποτε
2443 1245 2498 1298 δέ
2543 1244 2638 1296 καὶ
2679 1243 2766 1296 διὰ
2795 1242 2951 1314 τοῦτο
2990 1239 3293 1310 ἀφώρισται
3325 1241 3353 1292 ὁ
3378 1238 3626 1308 ψαλμὸς,
3673 1239 3789 1292 καὶ

2179 1336 2395 1408 μακρὰν
2421 1336 2825 1407 ἀπεσχοίνισται
2860 1335 2966 1386 τῶν
2990 1333 3191 1387 λοιπῶν
3213 1332 3320 1386 τῶν
3343 1331 3786 1402 ἐπιγεγραμμέ-

2175 1449 2279 1484 νων
2302 1430 2433 1485 υίῶν
2459 1431 2622 1501 Κορὲ,
2653 1428 2836 1499 ἐπειδὴ
2857 1426 3194 1496 κρύπτεσθαι
3223 1428 3252 1478 6
3283 1425 3439 1494 λόγος
3467 1425 3534 1477 τὰ
3566 1425 3783 1496 δηλού-

2177 1541 2312 1595 μενα
2354 1526 2412 1576 ἐν
2455 1523 2603 1593 αὐτῷ
2640 1522 2914 1592 μυστήρια
2948 1522 3074 1592 περὶ
3112 1519 3212 1589 τῆς
3243 1519 3338 1572 τοῦ
3369 1519 3570 1591 Κυρίου
3603 1520 3782 1586 γενέ-

2176 1632 2312 1678 σεως
2339 1615 2616 1668 ἐϐούλετο·
2668 1613 2807 1669 ὥστε
2837 1615 2928 1666 καὶ
2955 1613 3156 1681 ταύτην
3183 1611 3373 1683 ἑτέραν
3403 1607 3541 1664 εἶναι
3574 1611 3777 1664 αἰτίαν

2174 1708 2281 1761 τῶν
2304 1708 2650 1778 ὲζητημένων
2686 1709 2814 1777 ἡμῖν
2845 1708 2986 1759 κατὰ
3011 1703 3107 1774 τὴν
3136 1703 3308 1774 ἀρχὴν
3328 1701 3434 1755 τῶν
3457 1703 3776 1772 προκειμέ-

2174 1817 2296 1853 νων.
2331 1799 2404 1853 Τὺ
2427 1801 2557 1853 αὐτὸ
2584 1801 2626 1854 δ’
2654 1800 2718 1852 ἂν
2750 1801 2924 1860 εἴποις
2959 1797 3054 1850 καὶ
3084 1795 3174 1847 ἐπὶ
3191 1795 3280 1847 τοῦ
3299 1794 3397 1857 πζ¹
3424 1792 3551 1863 ἑξῆς
3579 1791 3775 1862 τούτῳ

2097 1883 2140 1938 Β
2170 1891 2572 1961 ἐπιλεγομένου,
2595 1889 3074 1962 ἐπιγεγραμμένου
3099 1906 3160 1941 τε
3181 1887 3274 1940 καὶ
3293 1887 3453 1939 αὐτοῦ
3488 1885 3600 1938 τῶν
3623 1885 3771 1937 υἱῶν

501 1993 645 2065 Κορέ
664 2011 676 2022 ·
707 1995 828 2046 ἐπεὶ
855 1992 949 2044 καὶ
978 1990 1136 2054 αὐτὸς
1159 1990 1248 2043 τὸν
1276 1988 1503 2042 Θάνατον
1533 1987 1624 2041 τοῦ
1647 1986 1898 2058 Σωτῆρος
1917 1985 2073 2056 ἡμῶν
2112 1985 2444 2056 προφητεύει
2483 1985 2789 2047 ἀκολούθως
2845 1983 2922 2053 τῷ
2994 1982 3130 2054 μετὰ
3171 1985 3357 2052 χεῖρας
3394 1981 3491 2052 τὴν
3538 1980 3774 2047 γένεσιν

498 2085 663 2140 αὐτοῦ
699 2084 1024 2157 περιέχοντι.

498 2259 850 2317 CANTICUM
889 2260 1180 2325 PSAIMI,
1236 2260 1434 2316 FlLllS
1484 2263 1686 2322 CORE.
1733 2262 1798 2315 ΙΝ
1839 2260 2069 2327 FINEM,

570 2330 705 2384 PRO
746 2331 1119 2383 MAHELETH
1160 2332 1250 2384 AD
1327 2333 1915 2390 RESPONI)ENDUM.
1981 2333 2072 2386 IN-

569 2400 970 2456 TELLECTUS
1014 2401 1229 2456 ΑΞΜΑΝ
1270 2401 1654 2460 ΕΞΟΠΑΙΤΑΞ.
1699 2403 1997 2457 LXXXVII.

569 2539 736 2596 Vens.
781 2541 836 2596 2.
883 2541 1104 2596 Domine
1150 2541 1291 2596 Deus
1321 2542 1509 2596 salutis
1551 2559 1698 2607 mem,
1735 2545 1791 2596 in
1830 2544 1914 2598 die
1954 2544 2068 2598 cla-

496 2634 658 2697 mavi,
681 2644 729 2688 et
762 2645 909 2688 nocte
953 2652 1133 2688 coram
1165 2645 1232 2690 te.
1274 2633 1522 2690 Praesens
1552 2652 1767 2706 quoque
1801 2639 2063 2706 psalmus,

498 2730 559 2776 ut
591 2724 924 2792 praecedens,
960 2723 1221 2779 Filiorum
1265 2726 1405 2780 Core
1445 2734 1550 2781 est.
1592 2726 1696 2780 Sed
1732 2727 1820 2782 ille
1848 2727 2066 2796 quidem

496 2812 704 2867 Christi
754 2822 935 2867 ortum
982 2815 1364 2869 subindicabat
1415 2816 1501 2871 his
1550 2816 1778 2871 verbis:
1821 2816 1884 2870 Et
1919 2817 2068 2871 Sioni

494 2908 719 2976 dicetur,
767 2908 860 2962 Vir
884 2918 935 2963 et
979 2912 1057 2964 vir
1089 2921 1243 2966 natus
1269 2922 1345 2964 est
1375 2912 1431 2965 in
1474 2928 1558 2977 ea,
1589 2921 1637 2965 et
1684 2915 1794 2981 ipse
1836 2912 2070 2981 ﬁrmabit

493 3017 633 3063 eam,
666 3007 726 3054 ut
763 3000 960 3072 Aquila
1009 3003 1395 3072 interpretatur
1437 3021 1450 3056 :
1485 3010 1696 3072 tempus
1723 3003 1884 3058 etiam
1915 3011 2068 3059 ortus

495 3092 742 3163 praedicti
790 3093 895 3147 viri
951 3094 1221 3164 signiﬁcat
1256 3094 1310 3148 in
1361 3096 1716 3167 sequentibus
1745 3094 1952 3160 dicens,
2001 3094 2068 3150 In

494 3184 771 3239 scribendo
800 3187 1040 3254 populos,
1069 3187 1151 3240 hic
1181 3197 1337 3242 natus
1371 3198 1447 3242 est
1475 3187 1564 3241 ibi.
1592 3187 1767 3256 Hujus
1796 3203 1960 3258 porro
1983 3189 2068 3245 di-

2177 2246 2309 2327 em
2349 2256 2649 2310 ΨΑΛΜΟΥ
2685 2257 2840 2309 ΤΟῘΣ
2876 2256 3060 2311 Υιοιε
3098 2256 3312 2327 ΚΟΡΕ,
3355 2255 3460 2307 Et:
3509 2256 3598 2327 ro
3639 2254 3766 2308 TE-

2245 2329 2405 2389 ΛΟΣ,
2468 2327 2648 2379 ΥΠΕΡ
2698 2328 3010 2394 ΜΑΕΛΕΘ,
3051 2326 3187 2379 Tor
3225 2326 3761 2394 anoxplenNAI,

2244 2387 2592 2450 ΣΥΝΕΣΕΩΣ
2630 2397 2848 2450 ΑΙΜΑΝ
2887 2398 2973 2469 Τῼ
2997 2387 3346 2467 ἘΣΔΡΑΪΤῌ
3386 2397 3500 2475 (1)..
3540 2398 3680 2451 ΠΖ’.

2242 2537 2417 2604 Κύριε
2447 2538 2481 2590 ό
2512 2536 2654 2602 Θεὸς
2696 2536 2806 2605 τῆς
2842 2538 3132 2606 σωτηρίας
3162 2554 3301 2606 μου,
3337 2534 3559 2604 ἡμέρας
3621 2535 3762 2589 ἐκέ-

2171 2630 2363 2698 κραξα
2389 2629 2486 2683 καὶ
2524 2629 2595 2682 ἐν
2622 2629 2793 2682 νυκτὶ
2832 2629 3112 2683 ἐναντίον
3135 2628 3273 2682 σοῦ.
3331 2627 3439 2680 Καὶ
3488 2629 3516 2679 6
3559 2627 3757 2697 παρὼν

2171 2720 2382 2792 ψαλμὸς
2409 2720 2530 2773 Τῶν
2563 2719 2691 2774 υἱῶν
2718 2720 2884 2792 Κορὲ,
2916 2721 2992 2784 ὡς
3021 2721 3115 2773 καὶ
3143 2721 3170 2772 6
3204 2719 3309 2792 πρὸ
3331 2718 3516 2782 αὑτοῦ,
3545 2718 3756 2787 τυγχά-

2173 2829 2272 2865 νει.
2303 2811 2450 2886 "A703
2481 2813 2508 2864 6
2538 2811 2636 2881 μὲν
2661 2811 2765 2882 πρὸ
2797 2811 2984 2874 αὐτοῦ,
3013 2810 3249 2884 Χριστοῦ
3275 2811 3485 2879 γένεσιν
3507 2812 3756 2881 ᾐνίττετο

2176 2903 2426 2973 φάσκων·
2449 2901 2555 2956 Καὶ
2577 2900 2650 2970 τῇ
2671 2901 2822 2956 Σιὼν
2847 2901 3236 2971 λεχθήσεται·
3276 2902 3453 2975 Ἀνὴρ
3473 2902 3570 2956 καὶ
3593 2902 3754 2970 ἀνὴρ

2173 2993 2384 3063 ἐτέχθη
2413 2994 2484 3046 ἐν
2518 2991 2699 3062 αὐτῇ,
2753 2993 2851 3046 καὶ
2884 2992 3065 3059 αὐτὸς
3097 2991 3335 3060 ἐδράσει
3359 2993 3554 3060 αὐτὴν
3574 3033 3589 3056 ,
3618 2992 3695 3056 ὡς
3722 2993 3754 3044 6

2187 3083 2415 3146 Ἀκύλας
2437 3083 2777 3156 ἡρμήνευσε·
2809 3083 3018 3137 καὶτὸν
3051 3083 3242 3154 καιρόν
3272 3100 3333 3151 γε
3366 3084 3621 3153 σημαίνει
3651 3084 3752 3153 τῆς

2171 3177 2436 3245 γενέσεως
2459 3175 2552 3229 τοῦ
2575 3176 2864 3248 εἰρημένου
2890 3175 3100 3248 ἀνδρὸς,
3128 3174 3332 3246 προῖὼν
3354 3175 3480 3245 ἑξῆς
3501 3192 3513 3204 ·
3543 3175 3753 3243 ἔφασκε

492 3274 567 3328 cti
622 3278 949 3331 sententiam
1002 3279 1246 3348 apertius
1301 3280 1494 3334 extulit
1530 3279 1722 3349 quinta
1770 3280 1957 3345 editio,
2012 3281 2065 3333 in

2170 3268 2327 3337 γοῦν·
2373 3270 2467 3321 Ἐν
2502 3268 2581 3334 τῷ
2607 3268 2856 3337 γράφειν
2895 3268 3115 3333 λαοὺς,
3145 3263 3324 3333 οὗτος
3351 3268 3564 3335 ἐτέχθη
3604 3267 3750 3320 ἐκεῖ.

493 3381 600 3435 qua
651 3365 857 3422 dictum
906 3378 1010 3434 est,
1066 3369 1132 3423 In
1181 3371 1527 3435 descriptione
1576 3372 1924 3439 populorum,
1983 3372 2066 3426 hic

494 3467 741 3512 nascetur
772 3459 864 3513 ibi.
912 3460 1357 3518 Manifestissime
1402 3463 1603 3532 quippe
1644 3463 2066 3533 descriptionem

494 3549 836 3614 memoravit,
883 3549 1042 3618 cujus
1093 3558 1338 3622 tempore
1391 3549 1640 3606 Salvator
1702 3562 1756 3607 et
1803 3552 2067 3608 Dominus

494 3647 685 3694 noster
715 3649 876 3694 natus
909 3651 1012 3703 est,
1049 3641 1193 3696 sicut
1223 3651 1445 3697 enarrat
1467 3644 1794 3712 evangelista
1823 3663 1834 3698 :
1863 3643 1928 3697 In
1956 3643 2066 3698 die-

497 3729 592 3782 bus
625 3729 758 3796 illis,
786 3733 911 3786 exiit
939 3732 1168 3786 edictum
1199 3751 1230 3787 a
1260 3732 1472 3789 Ccesare
1497 3735 1751 3805 Augusto,
1787 3745 1842 3788 ut
1869 3735 2067 3789 descri-

497 3820 704 3874 beretur
731 3823 1000 3878 universus
1031 3825 1194 3882 orbis.
1233 3825 1358 3880 llwc
1391 3827 1672 3894 descriptio
1713 3829 1887 3896 prima
1920 3827 2064 3896 facta

495 3921 596 3975 est,
634 3913 857 3980 prwside
906 3913 1078 3984 Syria:
1129 3915 1354 3986 Cyrenio
1379 3917 1445 3972 ⁸⁸.
1480 3916 1678 3971 Verum
1722 3918 1813 3973 ille
1845 3918 2063 3988 quidem

495 4001 740 4070 psalmus
771 4011 949 4057 ortum
982 4005 1101 4070 ejus
1133 4006 1508 4075 sngniﬁcabat;
1542 4007 1630 4061 hic.
1653 4023 1782 4062 vero
1810 4015 2063 4062 mortem.

496 4091 631 4145 Illud
661 4102 862 4158 autem,
879 4109 971 4162 pro
996 4093 1283 4167 Nubelem,
1313 4095 1690 4167 Symmachus.
1715 4114 1804 4167 per
1829 4099 2064 4166 chorum,

497 4183 889 4253 interpretatus
919 4196 1041 4252 est;
1074 4165 1266 4257 Aquila
1297 4165 1446 4255 vero,
1492 4208 1648 4260 super
1677 4165 1938 4246 eboreum.
1972 4165 2066 4247 Vi?

495 4271 764 4342 deturque
810 4276 942 4330 mihi
989 4277 1078 4332 hic
1103 4278 1306 4335 Christi
1340 4283 1598 4352 populum
1629 4291 1682 4336 et
1718 4283 2066 4339 Ecclesiasti-

495 4380 615 4418 cam
656 4365 912 4422 choream
942 4369 1280 4437 adumbrari,
1327 4373 1380 4426 in
1416 4389 1522 4442 qua
1563 4390 1710 4430 mors
1757 4373 2063 4430 Servatoris

495 4453 671 4507 nostri
701 4454 920 4543 hymnis
953 4458 1280 4514 celebratur.
1313 4462 1450 4528 Quia
1479 4479 1610 4518 vero
1638 4472 1792 4520 ortus
1825 4466 1944 4534 ejus
1969 4483 2066 4536 per

493 4543 637 4599 hanc
690 4546 943 4601 choream
988 4549 1226 4615 canitur,
1272 4551 1397 4621 jure
1444 4553 1756 4622 praecedens
1796 4557 2061 4624 psalmus,

2169 3357 2371 3411 Τούτου
2393 3357 2450 3410 δὲ
2473 3357 2568 3428 τὴν
2589 3357 2824 3410 διάνοιαν
2847 3357 3176 3428 σαφέστερον
3204 3356 3539 3410 ἀποδέδωκεν
3560 3358 3592 3427 ή
3617 3358 3754 3426 πέμ-

2169 3465 2276 3516 πτη
2321 3445 2562 3511 ἕκδοσις,
2602 3448 2660 3498 ἐν
2774 3446 3020 3516 εἴρηται·
3067 3448 3169 3500 Ἐν
3199 3445 3520 3516 ἀπογραφῇ
3557 3446 3748 3510 λαῶν,

2167 3534 2343 3604 οὗτος
2368 3537 2804 3608 γεννηθήσεται
2829 3536 2970 3590 ἐκεῖ.
3002 3538 3320 3606 Σαφέστατα
3351 3538 3458 3609 γὰρ
3487 3537 3586 3607 τῆς
3615 3539 3752 3590 ἀπο-

2167 3630 2384 3700 γραφῆς
2432 3631 2836 3701 ἐμνημόνευσε,
2872 3630 2992 3684 καθ’
3027 3631 3092 3701 ἣν
3120 3635 3148 3685 6
3187 3631 3378 3702 Σωτὴρ
3422 3631 3516 3684 καὶ
3543 3630 3752 3701 Κύριος

2166 3720 2323 3792 ήμῶν
2353 3721 2611 3793 ἐγεννήθη
2636 3763 2650 3787 ,
2673 3723 2859 3795 ὥσπερ
2891 3719 2982 3777 οὖν
3020 3721 3170 3793 δηλοῖ
3199 3721 3370 3790 λέγων
3402 3724 3430 3774 6
3463 3721 3752 3788 εὐαγγελι-

2169 3814 2318 3884 στής·
2338 3814 2440 3867 Ἐν
2455 3813 2582 3880 ταῖς
2596 3812 2842 3882 ἡμέραις
2859 3815 3118 3879 ἐκείναις
3135 3812 3356 3880 ἐξῆλθε
3377 3812 3564 3880 δόγμα
3585 3813 3752 3878 παρὰ

2167 3905 2467 3971 Καίσαρος
2499 3906 2849 3974 Αὐγούστου
2897 3904 3346 3974 ἀπογράφεσθαι
3385 3903 3591 3957 πᾶσαν
3632 3902 3751 3971 τὴν

2167 3995 2540 4064 οἰκουμένην.
2568 3997 2730 4064 Αὕτη
2752 3998 2788 4064 η
2806 3996 3120 4066 ἀπογραφὴ
3145 3997 3343 4065 πρώτη
3358 3996 3591 4065 ἐγένετο
3616 3995 3751 4064 virs-

2161 4087 2569 4156 μονεύσαντος
2603 4085 2713 4154 τῆς
2746 4087 2964 4155 Συρίας
2987 4087 3304 4156 Κιψηνίου.
3373 4085 3514 4137 Ἀλλ’
3539 4089 3749 4148 ἐκεῖνος

2171 4179 2269 4250 μὲν
2298 4180 2392 4250 τὴν
2415 4181 2628 4248 γένεσιν
2649 4181 2916 4250 ἐσήμανεν
2940 4179 3125 4242 αὐτοῦ,
3147 4181 3174 4232 6
3195 4179 3250 4232 δὲ
3278 4178 3414 4248 μετὰ
3441 4180 3627 4249 χεῖρας
3653 4177 3748 4231 τὸν

2168 4270 2414 4325 θάνατον.
2449 4272 2523 4324 Τὸ
2551 4271 2606 4324 δέ
2627 4310 2642 4333 ,
2697 4271 2848 4338 ὑπὲρ
2875 4269 3109 4325 Μαελέθ
3133 4309 3146 4332 ,
3183 4268 3279 4322 διὰ
3309 4269 3522 4338 χοροῦ,
3557 4270 3743 4340 ἡρμή-

2167 4379 2352 4416 νευσεν
2379 4365 2406 4415 ὁ
2439 4362 2731 4432 Σύμμαχος
2751 4379 2763 4391 ·
2793 4363 2821 4413 6
2849 4361 2906 4414 δὲ
2941 4360 3194 4424 Ἀκύλας,
3219 4361 3317 4413 ἐπὶ
3346 4361 3599 4428 χορείας.
3633 4359 3746 4414 Καὲ

2171 4471 2258 4524 μοι
2281 4453 2429 4506 δοκεῖ
2445 4453 2537 4506 τὸν
2559 4452 2794 4526 Χριστοῦ
2817 4453 2944 4506 λαὸν
2964 4451 3294 4505 αἰνίττεσθαι
3323 4452 3416 4504 καὶ
3437 4453 3534 4522 τὴν
3554 4452 3747 4524 ἐκκλη-

2169 4544 2448 4616 σιαστικὴν
2477 4545 2693 4618 χορείαν
2713 4585 2727 4609 ,
2768 4545 2826 4596 ἐν
2922 4543 3016 4597 τοῦ
3052 4544 3304 4614 Σωτῆρος
3337 4542 3492 4613 ήμῶν
3520 4545 3548 4597 6
3581 4541 3744 4597 θάνα-

493 4637 586 4706 qui
615 4644 795 4691 ortum
830 4639 950 4709 ejus
980 4642 1402 4708 vaticinabatur,
1435 4644 1550 4698 haec
1579 4645 1735 4712 dixit,
1772 4645 1841 4699 Et
1873 4664 2066 4701 canen-

2170 4653 2258 4699 τος
2283 4639 2619 4708 ἀνυμνεῖται.
2664 4635 2815 4688 Ἐπεὶ
2851 4636 2904 4688 δὲ
2931 4636 3026 4690 καὶ
3049 4639 3082 4708 ἡ
3118 4636 3330 4704 γένεσις
3350 4633 3512 4688 αὐτοῦ
3535 4635 3623 4688 διὰ
3644 4635 3746 4705 τῆς

494 4734 569 4780 tes
591 4728 726 4781 sicut
757 4729 901 4782 chon
931 4747 1107 4786 omnes
1136 4732 1305 4800 fontes
1337 4734 1388 4786 in
1414 4743 1460 4786 te
1485 4751 1502 4786 :
1527 4735 1684 4804 queis
1715 4735 2064 4792 declarantur

491 4812 698 4871 Christi
736 4817 890 4873 chori
930 4821 984 4874 in
1020 4819 1266 4875 Ecclesia
1303 4831 1564 4879 canentes
1604 4833 1658 4879 et
1694 4826 1909 4894 hymnis
1941 4844 2060 4898 my-

495 4906 660 4961 steria
712 4908 833 4977 ejus
883 4911 1242 4968 celebrantes.
1305 4913 1503 4968 IEman
1561 4931 1691 4970 vero
1740 4915 2057 4983 Esdraiten,

493 5012 664 5052 unum
693 5014 757 5053 ex
795 5000 919 5057 ﬁliis
953 5002 1104 5059 Zara:
1137 5005 1228 5057 ﬁlii
1259 5003 1398 5058 Juda
1428 5021 1548 5060 esse
1577 5007 1748 5070 aiunt,
1780 5018 2062 5062 vocatum-

493 5103 600 5156 que
641 5091 783 5160 apud
833 5091 1091 5150 Hebrmos
1123 5097 1497 5166 patronymice
1542 5096 1793 5153 Zaraiten
1821 5113 1835 5151 :
1864 5098 2060 5154 fuisse-

493 5195 600 5249 que
643 5182 782 5237 ﬁlios
835 5184 987 5239 Zarse
1041 5203 1270 5242 numero
1321 5189 1581 5258 quinque,
1629 5196 1688 5242 ut
1741 5191 2061 5246 testiﬁcatur

493 5272 706 5342 primus
730 5273 1180 5346 Paralipomenon
1212 5280 1345 5333 liber
1374 5279 1460 5336 his
1483 5281 1665 5336 verbis
1690 5300 1702 5333 :
1735 5280 1862 5334 Filii
1890 5281 2057 5347 Juda,

496 5358 696 5414 Phares
728 5371 778 5416 et
814 5361 960 5416 Zara
987 5381 1004 5418 :
1027 5364 1161 5418 Filii
1195 5365 1371 5432 Zom’,
1405 5367 1642 5433 Zambri,
1673 5381 1721 5422 et
1753 5369 1974 5423 xEtham
2010 5380 2060 5424 et

495 5445 695 5504 .‘Eman
713 5451 1038 5508 etC/talchal
1063 5466 1112 5509 et
1142 5455 1347 5522 Darda,
1374 5474 1588 5511 numero
1615 5459 1837 5528 quinque
1857 5459 1923 5513 ⁸⁷.
1952 5459 2061 5516 llos

2169 4728 2384 4800 χορείας
2408 4727 2610 4798 ταύτης
2636 4727 2838 4798 ᾅδεται,
2871 4728 3092 4791 εἰκότως
3113 4728 3206 4780 καὶ
3227 4729 3254 4780 6
3278 4727 3382 4798 πρὸ
3404 4727 3594 4780 τούτου
3611 4727 3744 4796 ψαλ-

2169 4823 2268 4892 μὸς
2288 4823 2388 4892 τὴν
2412 4823 2623 4890 γένεσιν
2645 4822 2807 4876 αὐτοῦ
2837 4821 3098 4884 Θεσπίσας
3119 4823 3366 4892 ἐπήγαγε
3396 4822 3570 4890 λέγων
3589 4839 3602 4851 ·
3629 4821 3740 4874 Καὶ

2162 4913 2410 4981 ᾄδοντες
2424 4916 2502 4980 ὡς
2516 4914 2679 4983 χοροὶ
2696 4913 2882 4967 πᾶσαι
2899 4914 3078 4984 πηγαὶ
3096 4915 3164 4968 ἐν
3181 4913 3300 4978 σοὶ,
3318 4915 3442 4977 τοὺς
3465 4915 3521 4966 ἐν
3538 4916 3604 4984 τῇ
3620 4914 3743 4966 Ἑκ-

2167 5005 2364 5076 κλησίᾳ
2394 5004 2629 5076 Χριστοῦ
2661 5005 2853 5075 χοροὺς
2877 5004 3096 5075 ᾄδοντας
3120 5005 3284 5059 αὑτοῦ
3317 5004 3410 5058 καὶ
3443 5004 3741 5075 ἀνυμνοῦν-

2165 5113 2262 5158 τας
2288 5095 2356 5148 τὰ
2398 5096 2669 5166 μυστήρια
2697 5094 2962 5166 δηλώσας.
3027 5096 3129 5148 Τὸν
3159 5095 3216 5147 δὲ
3248 5094 3534 5164 λεγόμενον
3562 5095 3741 5164 Αἰμὰν

2163 5187 2254 5238 τὸν
2297 5186 2610 5257 Ἐσδραῖτην
2653 5187 2814 5254 φασιν
2859 5183 2998 5239 εἶναι
3032 5188 3127 5240 ἕνα
3160 5187 3267 5240 τῶν
3301 5186 3430 5240 υἱῶν
3455 5185 3606 5256 Ζαρὰ
3647 5187 3740 5239 τοῦ

2166 5276 2279 5330 υἱοῦ
2315 5277 2504 5343 Ἰούδα,
2559 5277 2856 5343 κεκλῆσθαί
2883 5296 2943 5331 τε
2969 5279 3132 5332 αὐτὸν
3164 5279 3293 5350 παρ’
3340 5277 3610 5348 Ἑϐραίοις
3636 5296 3739 5331 πα-

2163 5370 2518 5441 τρωνυμικῶς
2553 5372 2821 5442 Ζαραῖτην
2843 5388 2856 5400 ·
2891 5367 3028 5424 εἶναι
3069 5373 3126 5425 δέ
3157 5371 3315 5424 πέντε
3345 5371 3469 5433 τοὺς
3502 5370 3734 5432 πάντας·

2170 5465 2464 5534 μαρτυρεῖν
2495 5462 2550 5515 δέ
2580 5462 2816 5534 τῷλόγῳ
2845 5462 2939 5534 τὴν
2970 5462 3190 5536 πρώτην
3213 5463 3315 5516 τῶν
3339 5461 3742 5534 Παραλειπομέ-

565 5627 611 5661 ⁸⁵
647 5629 781 5685 Luc.
823 5645 860 5684 ιιι
887 5670 900 5695 ,
941 5632 989 5685 Ι.
1068 5632 1112 5663 ⁸⁵
1152 5632 1281 5687 ibid.
1318 5633 1370 5687 2.
1448 5634 1493 5664 ⁸⁵
1531 5633 1666 5688 Luc.
1707 5650 1774 5696 It,
1813 5635 1876 5701 1,
1913 5636 1965 5688 ‘3.
2044 5638 2063 5667 ⁸

2187 5637 2308 5695 Par.
2348 5653 2386 5694 ll
2407 5679 2422 5706 ,
2460 5640 2513 5695 6.

569 5804 642 5874 (Ι)
679 5805 737 5860 ln
773 5803 917 5862 cusis
946 5807 1130 5864 Bibliis
1167 5807 1272 5862 τῶν
1307 5812 1380 5875 0',
1446 5807 1806 5881 Ἰσραηλίτῃ,
1843 5813 2000 5869 male.
