4068 6394
358 394 382 456 1
392 397 497 458 05⁵5

1485 393 1989 452 COMMENTARIA
2030 396 2096 452 IN
2123 395 2463 452 PSALMOS.

3461 391 3600 447 i055

353 529 491 574 νων,
523 510 710 567 τοῦτον
749 512 1106 586 περιέχουσαν
1139 515 1229 571 τὸν
1272 519 1472 589 τρόπον
1497 536 1509 549 ·
1579 521 1698 573 Υἱοὶ
1740 520 1915 574 Ἰούδα

2030 520 2286 575 Hebraeus
2315 520 2389 572 ait
2417 520 2470 572 in
2501 516 2736 588 Egj‘pto
2769 525 2896 572 ante
2934 516 3135 588 Moysis
3163 523 3374 571 aetatem
3401 515 3598 568 vatici-

353 603 541 672 Φαρὲς
566 605 665 660 καὶ
694 607 887 674 Ζαρά·
919 609 1016 661 καὶ
1058 610 1175 662 υἱοὶ
1203 611 1361 678 Ζαρὰ
1380 652 1394 673 ,
1425 611 1641 680 Ζαμὸρὶ
1660 652 1674 675 ,
1706 613 1802 665 καὶ
1831 615 1928 665 Al-

351 695 467 764 θάμ
499 695 597 748 καὶ
637 697 827 766 Αὶμὰν
864 699 961 752 καὶ
995 700 1241 768 Χαλχὰλ
1290 702 1388 755 καὶ
1434 701 1657 770 Δαρδά·
1707 702 1928 768 πάντες

349 786 548 841 πέντε.
591 789 824 854 Τούτους
859 791 1041 860 ἔλεγεν
1073 795 1101 846 6
1140 794 1388 865 Ἐϐραῖος
1419 795 1476 846 ἐν
1504 793 1762 864 Αἰγύπτῳ
1791 811 1924 864 προ-

349 880 619 951 φητεῦσαι
639 922 653 946 ,
680 883 786 953 πρὸ
814 884 1089 948 Μωῡσέως
1112 885 1456 954 γενομένους,
1485 884 1665 938 αὐτῶν
1696 903 1760 937 τε
1789 881 1926 938 εἶναι

349 971 476 1033 τοὺς
493 969 740 1042 ψαλμοὺς
753 974 876 1035 τοὺς
895 974 972 1036 εἰς
987 973 1157 1044 ὄνομα
1178 975 1355 1028 αὐτῶν
1374 975 1894 1046 προγεγραμμένους
1910 992 1922 1005 ·

347 1055 461 1116 οἷον
497 1062 587 1116 τὸν
624 1062 761 1134 μετά
793 1066 1012 1134 χεῖρας,
1048 1067 1256 1120 καὶτὸν
1283 1067 1410 1137 ἐξῆς
1436 1067 1614 1137 αὐτῷ,
1639 1069 1732 1120 καὶ
1766 1067 1926 1120 αὐτὸν

349 1153 844 1224 ἐπιγεγραμμένον,
866 1155 1050 1224 Αιθάμ
1070 1156 1150 1223 τῷ
1179 1159 1492 1228 Ἐσδραΐτῃ
1512 1177 1524 1190 ·
1550 1159 1686 1212 ἀλλά
1711 1160 1802 1212 καὶ
1831 1177 1927 1212 πε-

351 1242 406 1311 ρὶ
434 1242 611 1297 αὐτῶν
635 1244 881 1315 λελέχθαι
909 1246 966 1299 ἐν
1009 1249 1074 1317 τῇ
1104 1247 1261 1321 τρίτῃ
1293 1250 1401 1302 τῶν
1430 1250 1725 1304 Βασιλειῶν
1744 1267 1758 1281 ·
1813 1251 1927 1306 Καὶ

345 1335 676 1404 ἐσοφίσαντο
705 1335 990 1406 Σολομὼν
1015 1338 1169 1408 ὑπὲρ
1205 1342 1389 1396 Αὶθὰν
1409 1341 1514 1395 τὸν
1549 1343 1923 1412 Ἐσδραΐτην,

346 1429 445 1483 καὶ
470 1429 682 1499 Αὶμὰν,
710 1431 807 1484 καὶ
830 1431 936 1485 τὸν
959 1432 1210 1500 Χαλχὰλ
1234 1433 1331 1486 καὶ
1363 1432 1469 1487 τὸν
1494 1432 1746 1502 Δαρδάν.
1779 1432 1924 1487 Ταῦ-

343 1533 414 1572 τα
443 1518 542 1590 μὲν
570 1516 664 1572 οὖν
687 1521 767 1583 είς
797 1521 895 1591 τὴν
929 1520 1172 1592 ἱστορίαν
1200 1521 1461 1593 εἰρήσθω.
1521 1524 1584 1575 Εἰ
1614 1523 1669 1576 δέ
1703 1541 1751 1576 τι
1784 1541 1923 1594 συμ-

344 1609 629 1664 6άλλονται
657 1613 722 1683 τῇ
756 1609 849 1664 τοῦ
881 1611 1098 1682 ψαλμοῦ
1131 1612 1333 1684 θεωρίᾳ
1361 1615 1418 1666 αἱ
1452 1613 1654 1668 τούτων
1682 1614 1790 1668 τῶν
1813 1615 1926 1668 ὀνο-

346 1698 533 1769 μάτων
566 1703 871 1772 ἐρμηνεῖαι,
905 1704 996 1756 καὶ
1029 1702 1189 1766 αὐτὸς
1215 1704 1548 1775 ἐπιστήσεις.
1571 1705 1837 1768 ’Ὑστατος
1868 1705 1924 1758 δὲ

340 1789 418 1844 ὢν
455 1793 485 1844 6
527 1793 717 1864 παρὼν
746 1793 854 1861 τῶν
900 1795 1396 1865 ἐπιγεγραμμένων
1439 1796 1583 1851 Υἱῶν
1617 1795 1792 1890 Κορὲι,
1827 1796 1924 1866 τὴν

2036 621 2192 666 natos
2233 626 2376 675 esse,
2430 619 2791 679 auctoresque
2823 609 2945 665 esse
2983 612 3315 680 psalmorum
3365 614 3457 684 qui
3505 627 3607 668 no»

2033 703 2178 757 mine
2223 717 2324 756 suo
2364 701 2612 770 inscripti
2650 707 2778 754 sunt
2805 719 2820 755 τ
2851 702 3029 770 qualis
3061 710 3144 756 est
3189 702 3276 756 hic
3306 719 3464 772 quem
3489 712 3604 758 tra—

2033 799 2244 845 ctamus
2297 799 2351 846 et
2379 792 2737 860 subsequens,
2777 791 2867 860 qui
2907 791 3203 860 inscriptus
3236 801 3339 857 est,
3376 792 3598 847 AEt/iam

2034 883 2442 940 Ezdraitw:de
2490 885 2598 938 illis
2641 899 2857 953 quoque
2893 884 3006 938 htec
3036 884 3090 937 in
3121 885 3280 939 tertio
3320 886 3458 940 libro
3499 885 3606 940 Re-

2032 992 2157 1047 gum
2187 977 2333 1030 dicta
2379 991 2499 1030 esse
2532 983 2685 1046 putat
2716 994 2728 1030 :
2766 975 2832 1028 Et
2865 977 3158 1042 sapientior
3189 987 3302 1030 erat
3345 976 3601 1031 Salomon

2034 1066 2237 1120 Ait/tan
2283 1065 2564 1132 Ezdraita,
2595 1065 2797 1120 zEman
2825 1077 2874 1121 et
2906 1065 3164 1122 Chalchal
3206 1077 3256 1122 et
3291 1068 3509 1121 Dardan
3530 1068 3600 1121 ⁸⁸.

2034 1158 2158 1213 Ηαξο
2195 1158 2262 1213 de
2287 1158 2515 1213 historia
2551 1158 2694 1212 dicta
2724 1166 2906 1214 sunto.
2937 1158 3017 1211 An
3035 1173 3163 1212 vero
3197 1159 3387 1212 horum
3420 1158 3602 1212 nomi-

2032 1265 2161 1303 num
2197 1248 2631 1318 significationes
2661 1248 2727 1303 ad
2762 1241 2958 1318 psalmi
2999 1249 3425 1318 speculationem
3465 1251 3602 1303 con-

2034 1339 2230 1403 ferant,
2269 1349 2324 1393 tu
2367 1339 2485 1408 ipse
2527 1338 2843 1395 consideres
2895 1339 3077 1395 velim.
3110 1340 3244 1394 Cum
3290 1347 3469 1395 autem
3511 1340 3601 1395 hic

2036 1431 2279 1500 psalmus
2317 1439 2628 1500 postremus
2671 1431 2741 1485 sit
2772 1443 2985 1493 eorum,
3019 1430 3110 1500 qui
3150 1429 3411 1483 Filiorum
3461 1429 3604 1486 Core

2033 1522 2281 1591 inscripti
2321 1531 2470 1585 sunt,
2498 1522 2802 1578 Salvatoris
2837 1523 3010 1576 nostri
3037 1522 3104 1576 ad
3142 1522 3346 1576 inferos
3376 1523 3603 1577 descen-

2033 1630 2152 1669 sum
2185 1615 2598 1684 eomplectitur;
2631 1616 2706 1669 ita
2753 1624 2812 1668 ut
2840 1613 2997 1684 quasi
3023 1613 3090 1667 de
3120 1613 3390 1668 industria
3427 1614 3604 1683 provi-

2033 1721 2152 1760 sum
2175 1707 2265 1769 sit,
2305 1713 2362 1759 ut
2396 1707 2586 1761 mortis
2626 1707 2746 1775 ejus
2788 1705 3106 1776 mysterium
3143 1705 3196 1758 in
3223 1703 3327 1758 fine
3357 1704 3600 1757 omnium

2034 1796 2356 1850 traderetur.
2389 1794 2765 1865 Videnturque
2812 1795 2943 1848 mihi
2978 1794 3030 1847 hi
3079 1801 3311 1863 quatuor
3338 1791 3601 1846 Filiorum

339 1881 566 1937 κάθοδον
593 1884 691 1955 τὴν
719 1886 799 1948 εἰς
829 1885 921 1937 τὸν
952 1885 1082 1954 ᾅδην
1111 1885 1206 1938 τοῦ
1234 1886 1485 1958 Σωτῆρος
1521 1885 1676 1957 ἡμῶν
1713 1881 1915 1958 περιεί-

2023 1885 2163 1940 Core
2215 1887 2430 1956 psalmi,
2480 1902 2676 1957 nempe
2725 1902 2957 1952 Lxxxm,
3013 1901 3233 1947 Lxxxw,
3295 1899 3491 1937 Lxxxw
3549 1889 3604 1938 et

338 1972 509 2044 ληφεν
533 2013 549 2038 ,
584 1975 772 2047 ὥσπερ
801 1975 1116 2046 ἐξεπίτηδες
1146 1977 1585 2048 ταμιευσαμένου
1627 1977 1721 2030 τοῦ
1763 1977 1921 2046 λόγου

336 2065 400 2120 τὸ
430 2069 725 2139 μυστήριον
745 2067 838 2122 τοῦ
863 2069 1092 2123 θανάτου
1119 2069 1210 2123 ἐπὶ
1233 2069 1377 2122 τέλει
1399 2069 1493 2122 τοῦ
1521 2070 1724 2134 παντὸς
1745 2088 1924 2141 παρα-

335 2157 537 2212 δοῦναι.
569 2160 678 2212 Καί
710 2177 801 2231 μοι
825 2161 1072 2215 δοκοῦσιν
1104 2165 1151 2215 οἱ
1175 2163 1222 2214 δ’
1259 2155 1404 2215 οὗτοι
1437 2161 1558 2214 Τῶν
1593 2161 1725 2215 υἱῶν
1755 2162 1921 2232 Κορὲ,

2021 1989 2240 2028 Lxxxvn
2274 1975 2481 2044 aliquid
2525 1975 2885 2031 connexionis
2919 1975 3064 2029 inter
3111 1991 3169 2029 se
3209 1975 3431 2029 habere.
3465 1973 3604 2028 Nam

2023 2080 2229 2120 Lxxxul
2275 2065 2369 2121 Dei
2405 2068 2698 2121 adventum
2746 2067 2812 2121 ad
2854 2067 3108 2122 homines
3147 2074 3201 2121 et
3231 2066 3436 2121 Christi
3470 2081 3606 2135 pro-

2024 2158 2260 2228 phetiam
2299 2156 2586 2213 manifeste
2639 2159 3053 2228 complectitur;
3092 2174 3327 2227 sequens
3375 2173 3504 2211 vero
3538 2172 3604 2212 ea

337 2243 480 2317 λέγω
499 2249 554 2302 δὲ
573 2252 600 2304 6
627 2251 808 2321 τρίτος
827 2253 921 2305 καὶ
949 2258 1032 2316 π’,
1062 2253 1155 2306 καὶ
1177 2255 1206 2307 6
1229 2253 1283 2306 δ’
1309 2255 1405 2306 καὶ
1437 2272 1478 2306 π
1497 2259 1529 2319 ’,
1561 2254 1589 2306 ὅ
1615 2271 1674 2306 τε
1701 2259 1810 2317 πς¹
1835 2251 1915 2313 καῖ

2027 2265 2147 2318 quae
2178 2249 2234 2302 in
2267 2247 2524 2302 vaticinio
2552 2246 2870 2301 ferebantur
2901 2250 3302 2316 quamprimum
3341 2249 3606 2302 accedere

332 2341 362 2394 6
384 2339 458 2403 πζ
470 2341 483 2360 '
505 2340 648 2411 ἔχειν
674 2341 793 2396 τινὰ
810 2343 946 2414 πρὸς
961 2343 1222 2415 ἀλλήλους
1243 2344 1580 2398 ἀκολουθίαν.
1615 2345 1672 2398 Ὀ
1693 2345 1791 2415 μὲν
1812 2343 1915 2413 γὰρ

2027 2339 2354 2410 precabatur
2397 2357 2410 2392 :
2446 2337 2759 2407 praecedens
2821 2347 3003 2393 autem
3063 2340 3308 2408 psalmus
3362 2339 3483 2408 ejus
3544 2339 3604 2392 in

333 2430 440 2498 πγ¹
471 2429 657 2501 σαφῶς
691 2432 825 2486 Θεοῦ
858 2434 1157 2506 παρουσίαν
1190 2437 1267 2498 εἰς
1298 2433 1620 2508 ἀνθρώπους
1653 2435 1746 2488 καὶ
1784 2435 1915 2506 Χρι-

2028 2447 2195 2486 carne
2237 2438 2416 2484 ortum
2467 2430 2579 2500 jam
2626 2430 3042 2497 subindicahat;
3099 2430 3187 2485 hic
3227 2446 3352 2485 vero
3403 2446 3602 2484 conse-

335 2521 462 2576 στοῦ
495 2525 830 2596 προφητείαν
857 2527 1113 2598 ὀνομαστὶ
1143 2530 1443 2599 περιεῖχεν·
1479 2529 1508 2580 6
1539 2527 1596 2581 δὲ
1620 2526 1751 2598 ἐξῆς
1773 2525 1915 2596 αὐτῷ

2030 2530 2264 2594 quenter
2290 2521 2359 2575 ad
2385 2536 2481 2576 eos
2508 2537 2700 2576 omnes
2739 2530 2968 2575 mortem
2992 2521 3134 2591 ejus,
3174 2535 3336 2591 quam
3366 2536 3464 2591 pro
3495 2520 3596 2574 ho-

332 2609 368 2690 ᾖ
412 2616 575 2687 τάχος
606 2619 890 2690 ἐπιστῆναι
945 2619 1014 2674 τὰ
1043 2620 1446 2691 τεθεσπισμένα
1495 2620 1728 2692 ηὔχετο·
1783 2620 1812 2672 6
1862 2618 1915 2672 δὲ

2031 2617 2272 2672 minibus
2299 2615 2564 2685 suscepit,
2601 2614 2955 2684 praenuntiat.

333 2707 441 2780 πρὸ
462 2707 557 2762 τοῦ
590 2709 726 2780 μετά
748 2714 936 2783 χεῖρας
965 2712 1062 2782 Ιἢδη
1091 2712 1188 2784 τὴν
1216 2711 1473 2784 ἔνσαρκον
1502 2709 1666 2766 αὐτοῦ
1696 2711 1910 2780 γένεσιν
1944 2708 2190 2780 ᾐνίττετο
2209 2725 2222 2738 ο
2254 2705 2465 2770 τούτοις
2486 2705 2542 2758 δέ
2579 2706 2744 2759 πᾶσιν
2809 2704 3118 2768 ἀκολούθως
3154 2706 3183 2759 6
3244 2703 3604 2777 προκείμενος

329 2801 420 2857 τὸν
448 2802 673 2857 θάνατον
691 2846 705 2871 ,
736 2805 796 2858 δν
829 2806 967 2878 ὑπὲρ
994 2806 1090 2860 ἀνθ
1102 2807 1298 2878 ρώπων
1321 2806 1607 2872 ἀνεδέξατο
1627 2848 1642 2872 ,
1668 2807 2069 2878 προαναφωνεῖ.

399 2919 578 2986 Κύριε
597 2922 629 2973 ό
655 2919 800 2986 Θεὸς
820 2919 927 2988 τῆς
956 2924 1253 2990 σωτηρίας
1268 2940 1408 2993 μου,
1431 2923 1654 2991 ἡμέρας
1672 2923 1914 2992 ἐκέκρα-

330 3007 440 3076 ξα,
469 3011 565 3064 καὶ
600 3012 672 3064 ἐν
695 3011 869 3065 νυκτὶ
899 3013 1178 3068 ἐναντιον
1208 3030 1344 3068 σου.
1381 3013 1716 3069 Εἱσελθέτω
1747 3015 1914 3068 ἐναν-

2095 2918 2313 2972 Domine
2343 2917 2484 2972 Deus
2512 2917 2703 2971 salutis
2738 2932 2886 2979 mem,
2920 2915 2972 2968 in
3003 2913 3087 2967 die
3119 2913 3344 2967 clamavi
3371 2922 3420 2966 et
3454 2921 3603 2964 nocte

2019 3027 2199 3064 coram
2241 3019 2308 3064 te.
2345 3005 2416 3048 4—
2442 3007 2609 3062 Vens.
2644 3009 2697 3063 5.
2744 3006 2915 3061 Intret
2954 3007 3008 3058 in
3031 3013 3304 3072 conspectu
3359 3015 3446 3056 tuo
3477 3019 3600 3056 ora-

328 3102 463 3156 τίον
489 3116 618 3162 σου,
635 3105 673 3172 ἠ
709 3105 1019 3176 προσευχῇ
1045 3123 1184 3176 μου,
1217 3107 1429 3162 κλῖνον
1453 3108 1519 3161 τὸ
1546 3103 1655 3173 οὖς
1683 3121 1800 3161 σου
1826 3109 1913 3172 εὶς

2021 3103 2095 3154 tio
2127 3119 2280 3155 mea:
2309 3101 2507 3154 inclina
2541 3118 2720 3155 aurem
2771 3111 2916 3153 tuam
2961 3099 3029 3150 ad
3061 3112 3261 3165 precem
3312 3113 3503 3150 meam.
3539 3095 3599 3148 In

330 3191 445 3262 τὴν
462 3191 678 3262 δέησίν
697 3211 838 3264 μου.
872 3195 961 3248 Ἐν
985 3195 1063 3266 τῷ
1087 3202 1184 3249 κα⁹
1208 3196 1406 3266 ψαλμῷ
1429 3198 1519 3250 καὶ
1542 3195 1691 3266 αὐτῷ
1719 3196 1799 3259 είς
1827 3195 1916 3248 τὸν

327 3283 566 3358 Χριστὸν
586 3285 995 3358 ἀναφερομένῳ,
1015 3288 1188 3341 καὶτὸ
1211 3287 1378 3352 πάθος
1399 3287 1560 3341 αὐτοῦ
1585 3285 1771 3354 σαφῶς
1794 3302 1918 3357 προ-

329 3373 651 3448 φητεύοντι,
682 3375 819 3447 ὅπερ
859 3374 948 3428 διὰ
991 3376 1088 3447 τῆς
1115 3377 1290 3447 ἀρχῆς
1327 3377 1655 3447 παρίστησιν
1687 3378 1716 3429 ὁ
1761 3375 1917 3444 λόγος

327 3453 585 3538 φάσκων·
614 3468 679 3520 '0
705 3467 869 3534 Θεὸς,
899 3470 931 3521 ὁ
967 3470 1279 3537 Θεόςμου,
1302 3470 1568 3538 πρόσχες
1591 3485 1713 3538 μοι,
1735 3468 1837 3522 ἵνα
1860 3467 1918 3520 τί

327 3557 714 3627 ἐγκατέλιπές
757 3576 870 3629 με;
915 3559 942 3612 δ
991 3559 1086 3613 καὶ
1123 3559 1546 3632 μεμαρτύρηται
1596 3558 1739 3613 κατὰ
1771 3557 1916 3624 λέξιν

329 3649 422 3703 ἐπὶ
449 3650 540 3703 τοῦ
571 3650 778 3714 πάθους
799 3653 828 3703 6
849 3651 1041 3721 Σωτὴρ
1060 3653 1092 3722 ὴ
1103 3651 1218 3722 μῶν
1239 3651 1497 3723 εἰρηκὼς,
1531 3651 1667 3722 μετὰ
1694 3650 1790 3722 τὴν
1817 3650 1915 3721 ἀρ-

330 3740 432 3810 χὴν
460 3737 590 3808 ἑξῆς
616 3739 922 3809 ὲπιλέγεται
944 3759 957 3771 ·
975 3742 1028 3793 '0
1055 3744 1200 3808 Θεός
1221 3760 1362 3812 μου,
1390 3741 1748 3811 κεκράξομαι
1769 3723 1912 3810 ἠμέ-

322 3845 458 3895 ρας,
480 3828 578 3883 καὶ
611 3831 722 3882 οὐκ
747 3832 1079 3900 εὶσακούσῃ
1098 3870 1112 3892 ,
1147 3832 1245 3885 καὶ
1277 3831 1498 3898 νυκτὸς
1517 3871 1532 3895 ,
1563 3831 1660 3885 καὶ
1692 3833 1802 3886 οὐκ
1826 3834 1913 3898 εὶς

329 3919 546 3974 ἄνοιαν
573 3921 724 3990 ἐμοί.
774 3923 885 3976 Καὶ
913 3925 942 3976 ὁ
965 3923 1154 4001 παρὼν
1183 3925 1240 3977 δὲ
1271 3923 1485 3994 ψαλμὸς
1514 3940 1676 3994 φησιν
1694 3940 1708 3954 ·
1753 3923 1913 3992 Ἡμέ-

324 4027 436 4078 ρας
459 4011 773 4079 ἐκέκραξα,
806 4014 902 4067 καὶ
921 4015 991 4067 ἐν
1014 4015 1184 4068 νυκτὶ
1209 4016 1488 4068 ἐναντίον
1506 4028 1644 4068 σου.
1680 4015 1790 4067 Καί
1821 4031 1910 4084 μοι

326 4096 551 4152 δοκεῖτὸ
575 4099 752 4168 λόγιον
778 4101 869 4154 τὸν
900 4101 1014 4172 βίον
1059 4103 1159 4173 τῆς
1183 4101 1648 4175 ἐνανθρωπήσεως
1674 4101 1769 4155 τοῦ
1799 4103 1911 4155 Σω-

327 4191 488 4262 τῆρος
525 4192 684 4262 ἡμῶν
725 4194 1062 4265 ὑπογράφειν
1083 4194 1171 4247 διὰ
1204 4196 1386 4267 πάσης
1414 4196 1476 4248 οὑ
1511 4196 1670 4267 μόνον
1695 4196 1910 4267 ἡμέρας

327 4280 464 4333 ἀλλὰ
508 4281 602 4334 καὶ
627 4282 820 4345 νυκτὸς
849 4283 1208 4354 ἀνακειμένου
1240 4284 1318 4354 τῷ
1350 4283 1487 4355 Θεῷ.
1551 4285 1703 4354 Ἔχει
1727 4284 1784 4337 δέ
1817 4285 1909 4337 καὶ

328 4373 388 4425 ἐν
433 4375 544 4436 τοῖς
591 4373 941 4443 Εὐαγγελίοις
989 4375 1136 4440 ὅπως
1186 4379 1306 4440 ταῖς
1357 4377 1544 4448 εὐχαῖς
1586 4376 1674 4430 διὰ
1711 4377 1910 4440 παντὸς

2023 3195 2285 3250 vicesimo
2330 3193 2508 3264 primo
2557 3195 2786 3264 psalmo,
2834 3194 2927 3264 qui
2977 3191 3163 3247 itidem
3213 3190 3281 3243 ad
3325 3189 3605 3243 Christum

2021 3285 2280 3352 refertur,
2318 3285 2548 3354 ejusque
2583 3285 2894 3354 passionem
2939 3292 3122 3352 aperte
3145 3280 3498 3343 vaticinatur,
3539 3287 3602 3333 ut

2020 3377 2088 3432 ab
2123 3377 2277 3431 initio
2306 3376 2618 3431 declaratur
2645 3376 2730 3431 bis
2751 3374 2951 3439 verbis,
2983 3373 3122 3427 Deus
3155 3372 3294 3427 Deus
3325 3389 3488 3436 meus,
3519 3387 3600 3426 re-

2019 3467 2157 3536 spice
2181 3468 2236 3521 in
2264 3484 2364 3531 me,
2399 3483 2560 3536 quare
2602 3483 2681 3520 me
2715 3465 3042 3536 dereliquisti
3067 3465 3191 3516 '3'?
3223 3463 3366 3533 quod
3407 3460 3599 3516 Salva-

2018 3565 2194 3613 torem
2218 3559 2286 3613 ad
2319 3559 2542 3613 verbum
2568 3560 2621 3613 in
2654 3557 2908 3627 passione
2940 3556 3146 3610 dixisse
3180 3561 3466 3619 narratur;
3493 3559 3608 3642 sta;

2019 3649 2113 3702 tim
2157 3659 2278 3718 post
2303 3649 2519 3702 initium
2569 3648 2810 3712 additur,
2862 3646 3001 3699 Deus
3036 3660 3181 3697 meus
3224 3641 3464 3696 clamabo
3507 3641 3600 3710 per

2016 3738 2152 3794 diem
2179 3748 2228 3793 et
2255 3755 2356 3792 non
2385 3738 2656 3802 exaudies,
2686 3744 2735 3791 et
2767 3745 2914 3790 nocte
2933 3745 2980 3788 et
3013 3751 3116 3787 non
3141 3731 3209 3786 ad
3238 3731 3599 3799 insipientiam

2018 3829 2168 3885 mihi.
2198 3830 2457 3885 'Praasens
2486 3830 2614 3884 item
2645 3829 2888 3899 psalmus
2931 3827 3026 3891 ait,
3059 3825 3126 3878 In
3160 3822 3244 3878 die
3279 3823 3508 3877 clamavi
3542 3831 3596 3877 et

2016 3931 2166 3976 nocte
2193 3939 2373 3976 coram
2400 3933 2465 3978 te.
2493 3922 2826 3991 Videturque
2855 3921 2988 3974 mihi
3007 3920 3093 3975 his
3120 3917 3473 3974 subindicare
3509 3926 3594 3970 to-

2016 4020 2128 4067 tam
2157 4014 2425 4068 incarnati
2464 4013 2763 4068 Salvatoris
2796 4011 2970 4066 nostri
3002 4012 3191 4072 vitam,
3223 4024 3343 4079 quae
3371 4023 3482 4062 non
3516 4022 3602 4062 so-

2015 4108 2128 4161 lum
2165 4107 2252 4161 die
2301 4107 2395 4162 sed
2430 4107 2594 4162 etiam
2651 4113 2811 4160 nocte
2855 4103 2967 4158 Deo
3013 4109 3334 4156 consecrata
3382 4099 3503 4154 fuit.
3540 4101 3596 4153 ln

2013 4195 2322 4266 Evangeliis
2374 4211 2538 4266 porro
2585 4194 2788 4248 dicitur
2821 4209 2946 4247 eum
2998 4206 3213 4261 semper
3255 4187 3598 4246 orationibus

2011 4303 2258 4343 vacasse.
2295 4287 2353 4342 In
2385 4287 2640 4357 praesenti
2665 4301 2794 4342 vero
2817 4285 3032 4340 Patrem
3067 4283 3323 4338 obsecrat
3353 4289 3408 4336 et
3440 4288 3598 4352 rogat

2012 4387 2073 4433 ut
2106 4380 2333 4434 inclinet
2368 4395 2556 4434 aurem
2587 4379 2653 4434 ad
2680 4393 2898 4449 precem
2941 4391 3131 4443 suam;
3173 4375 3226 4430 id
3259 4381 3364 4437 est,
3394 4381 3454 4428 ut
3497 4389 3600 4428 an-

328 4465 636 4536 ἐσχόλαξεν.
688 4467 814 4520 Ἐπὶ
858 4467 914 4520 δὲ
933 4467 1028 4520 τοῦ
1069 4469 1335 4540 παρόντος
1357 4470 1536 4523 δέεται
1574 4469 1672 4523 τοῦ
1693 4469 1904 4540 Πατρδς

2021 4483 2150 4528 nuat
2192 4477 2550 4545 petitionibus
2594 4476 2733 4530 suis.
2771 4474 2942 4545 quue
2978 4481 3234 4544 precatur
3269 4480 3457 4542 utpote
3499 4472 3593 4538 qui

328 4555 425 4608 καὶ
465 4557 609 4624 ἀξιοῖ
657 4557 834 4612 κλῖναι
868 4559 928 4612 τὸ
980 4554 1076 4623 οὖς
1131 4560 1268 4632 πρὸς
1316 4561 1416 4630 τὴν
1467 4560 1650 4629 δέησιν
1702 4560 1900 4613 αὑτοῦ·

328 4649 600 4702 τουτέστιν
629 4649 911 4704 ἐπινεῦσαι
953 4652 1064 4714 τοῖς
1100 4652 1394 4722 αἰτήμασιν
1425 4653 1607 4705 αὐτοῦ.
1637 4653 1742 4705 Καὶ
1763 4652 1904 4704 τοῦτ’

327 4740 564 4812 εὔχεται,
588 4741 663 4805 ὡς
692 4741 758 4795 ἂν
783 4742 989 4812 μέλλων
1019 4742 1159 4813 ὑπὲρ
1181 4744 1436 4797 ἁπάντων
1463 4743 1573 4797 τῶν
1593 4744 1780 4806 ἐθνῶν,
1809 4746 1905 4796 αυ-

324 4833 416 4897 τὸς
439 4835 628 4887 ἑαυτὸν
648 4833 723 4904 τῷ
745 4836 918 4906 Πατρὶ
941 4839 1269 4907 προσφέρειν
1296 4837 1504 4890 θυσίαν.
1531 4838 1705 4890 Πολλά
1727 4838 1782 4890 δὲ
1809 4855 1907 4890 πε-

329 4925 383 4997 ρὶ
409 4924 502 4979 τοῦ
540 4925 670 4979 ἰδίου
701 4926 932 4980 θανάτου
966 4927 1173 4997 μέλλων
1205 4927 1333 4999 egi];
1362 4928 1648 4995 διεξιέναι,
1681 4930 1822 5000 ὁρῶν
1845 4949 1904 4985 τε

323 5014 422 5088 τὴν
448 5017 585 5086 μετά
608 5015 834 5072 θάνατον
857 5017 1237 5090 διαδεξομένην
1257 5019 1421 5072 αὑτὸν
1448 5021 1743 5090 σωτηρίαν,
1764 5022 1906 5075 εἰκό-

326 5123 435 5170 τως
453 5107 553 5180 τὴν
585 5109 840 5180 ἀπαρχὴν
869 5110 963 5163 τοῦ
984 5111 1198 5182 ψαλμοῦ
1219 5114 1286 5183 τῇ
1315 5111 1478 5165 αὐτοῦ
1511 5114 1754 5184 σωτηρίᾳ
1775 5130 1908 5184 προ-

323 5196 507 5252 λαϐὼν
535 5198 818 5270 ἀνατίθησι
835 5217 848 5231 ο
880 5200 958 5254 διό
993 5221 1146 5273 φησι,
1172 5205 1348 5270 Κύριε
1369 5206 1401 5256 ό
1425 5202 1569 5269 Θεὸς
1590 5205 1701 5272 τῆς
1724 5219 1908 5273 σωτη-

317 5288 456 5354 ρίας
476 5307 618 5358 μου.
653 5292 780 5346 Ὅτι
807 5293 1085 5361 ἐπλήσθη
1113 5293 1315 5347 κακῶν
1345 5295 1382 5361 ἡ
1423 5297 1594 5365 ψυχή
1619 5314 1766 5365 μου,
1810 5297 1908 5350 καὶ

324 5377 361 5444 ἡ
391 5376 503 5447 ζωή
529 5399 649 5450 μου
686 5383 766 5448 τῷ
799 5384 913 5454 ᾅδῃ
947 5385 1158 5453 ἢγγισε
1177 5425 1190 5448 ,
1227 5390 1716 5455 προσελογίσθην
1753 5391 1902 5456 μετὰ

323 5470 442 5525 τῶν
469 5474 945 5527 καταϐαινόντων
975 5478 1062 5540 εἰς
1085 5473 1338 5528 λάκκον.
1369 5477 1562 5544 Σαφῶς
1583 5478 1672 5530 διὰ
1701 5479 1904 5533 τούτων

319 5562 421 5634 τὴν
464 5564 544 5627 εἰς
575 5564 666 5617 τὸν
709 5565 842 5636 ᾅδην
876 5568 1097 5620 κάθοδον
1131 5569 1294 5620 αὐτοῦ
1337 5569 1672 5640 παρίστησι,
1713 5571 1806 5624 καὶ
1838 5572 1906 5625 τά

322 5654 470 5708 κακά
513 5647 588 5708 ὧν
634 5657 1024 5728 πεπληρῶσθαι
1070 5659 1264 5712 ἑαυτοῦ
1311 5659 1515 5728 ἔφασκε
1563 5662 1659 5732 τὴν
1706 5663 1903 5736 ψυχήν.

399 5805 445 5838 ⁸⁸
486 5805 547 5858 Ill
584 5807 711 5879 Heg.
754 5827 822 5874 Iv,
861 5809 945 5864 5|.
1027 5810 1090 5842 κδ’
1132 5809 1255 5867 Psal
1315 5829 1434 5866 xm.
1473 5810 1526 5867 2.

2017 4580 2116 4634 pro
2146 4567 2406 4622 omnibus
2435 4567 2690 4638 gentibus
2721 4568 2840 4637 ipse
2882 4581 2940 4621 se
2971 4564 3118 4619 Patri
3156 4564 3211 4618 in
3260 4561 3592 4618 sacrificium

2011 4657 2297 4714 oblaturus
2331 4667 2498 4715 esset.
2540 4657 2675 4712 Cum
2713 4668 2892 4712 autem
2949 4656 3117 4708 multa
3159 4655 3226 4708 de
3273 4659 3446 4706 morte
3493 4664 3592 4704 sua

2013 4747 2273 4821 deinceps
2301 4761 2650 4815 narraturus,
2695 4749 3036 4821 prospiceret
3070 4762 3188 4801 eam
3221 4760 3342 4815 quae
3382 4759 3440 4798 se
3468 4748 3592 4812 post

2013 4854 2242 4898 mortem
2274 4855 2566 4914 exceptura
2595 4848 2712 4897 erat
2748 4841 3005 4899 salutem,
3037 4837 3250 4891 initium
3279 4833 3470 4904 psalmi
3498 4846 3590 4886 sa-

2011 4939 2112 4992 luti
2161 4952 2274 4992 suae
2336 4941 2702 5004 congruenter
2754 4929 2989 5000 applicat
3044 4942 3168 4981 cum
3222 4925 3298 4978 ait
3330 4944 3341 4977 :
3373 4923 3590 4976 Domine

2014 5032 2153 5086 Deus
2205 5029 2396 5084 salutis
2441 5044 2590 5082 mete.
2624 5023 2882 5078 —VEns.
2912 5023 2966 5086 4,
3004 5021 3054 5075 5.
3095 5019 3234 5084 Quia
3279 5016 3479 5085 repleta
3514 5023 3588 5066 est

2013 5125 2170 5179 malis
2198 5123 2378 5175 anima
2417 5137 2550 5184 mea,
2590 5129 2640 5173 et
2673 5120 2778 5174 vita
2819 5133 2936 5170 mea
2964 5114 3168 5182 inferno
3197 5109 3588 5179 appropinqua-

2013 5217 2119 5278 vit,
2164 5213 2458 5268 mstimatus
2517 5227 2634 5265 sum
2681 5225 2799 5262 cum
2847 5200 3274 5259 descendentibus
3304 5200 3358 5252 in
3391 5198 3585 5249 locum.

2015 5305 2108 5359 llis
2131 5303 2459 5358 descensum
2481 5302 2545 5356 ad
2578 5300 2785 5356 inferos
2812 5312 2972 5353 suum
2997 5293 3287 5347 manifeste
3319 5288 3586 5349 declarat,

2009 5413 2224 5454 necnon
2248 5397 2388 5449 mala
2422 5397 2508 5450 illa
2529 5394 2684 5464 queis
2703 5393 2953 5446 aﬂlictam
2982 5387 3218 5440 animam
3243 5398 3396 5439 suam
3419 5380 3589 5433 fuisse

2012 5488 2354 5542 testificatur.
2434 5487 2571 5540 Mala
2627 5499 2796 5546 vero,
2879 5476 3221 5534 calamitates
3285 5471 3580 5541 appellat:

2014 5575 2139 5631 nam
2193 5579 2321 5630 mali
2373 5585 2571 5632 nomen
2615 5576 2780 5629 latius
2841 5567 3204 5637 intelligitur;
3257 5563 3370 5617 sive
3417 5561 3583 5615 etiam

2016 5667 2102 5724 his
2134 5668 2335 5725 indicat
2364 5666 2640 5724 hominum
2677 5665 2961 5725 malitiam,
3000 5674 3106 5730 qua
3142 5657 3398 5725 repletam
3447 5651 3592 5712 dixit.
