4068 6394
545 360 686 418 1055

1253 357 1526 415 EUSEBII
1563 355 2043 414 CAESABIENSIS
2080 368 2086 404 4

2187 357 2231 414 ρ.
2273 355 2453 442 psus
2491 354 2580 412 ιιι.
2620 389 2688 397 -
2738 355 3151 413 meamea.

3649 351 3801 409 1056

541 482 779 537 animam
803 496 992 545 suam;
1025 480 1136 536 imo
1157 480 1319 536 etiam
1344 488 1571 550 peccata
1586 488 1796 537 nostra.
1822 494 1943 550 qua:
1965 479 2021 533 in
2050 495 2086 535 SI

2212 480 2371 534 Κακά
2402 480 2458 533 δὲ
2483 481 2600 551 ἦτοι
2647 480 2745 542 τὰς
2783 478 3130 551 περιστάσεις
3163 473 3448 546 ὀνομάζει,
3474 473 3802 544 κοινότερον

541 574 656 643 ipse
679 574 943 643 suscepit,
972 588 1038 628 ac
1068 588 1301 643 quorum
1330 588 1499 628 causa
1528 573 1706 629 factus
1738 580 1824 628 est
1867 588 1966 641 pro
2003 587 2107 626 no—

536 662 624 718 bis
666 663 1038 728 maledictum,
1080 664 1381 720 secundum
1428 665 1744 727 Apostolum
1787 664 2104 719 dicentem:

2210 570 2595 642 ὲξακουομένου
2623 570 2715 625 τοῦ
2739 570 2846 625 τῶν
2867 570 3051 625 κακῶν
3070 569 3348 639 ὀνόματος,
3374 568 3410 638 ἢ
3436 566 3530 619 καὶ
3548 565 3655 637 τὴν
3680 564 3799 617 τῶν

2207 661 2507 735 ἀνθρώπων
2540 663 2757 726 κακίαν,
2784 658 2853 734 ἦς
2876 660 3259 732 πεπληρῶσθαι
3284 658 3381 731 τὴν
3410 658 3584 729 ψυχὴν
3614 654 3799 712 αὐτοῦ

534 748 793 804 Dominus
831 766 927 819 pro
975 753 1123 807 nobis
1166 762 1405 807 mortuus
1445 762 1544 818 est,
1594 753 1769 822 factus
1808 768 1905 821 pro
1957 751 2086 811 nobi;

2207 754 2389 824 ἔλεγεν
2406 772 2418 785 ·
2445 754 2582 809 ἀλλά
2601 756 2696 809 καὶ
2724 754 2821 818 τὰς
2852 752 3122 825 ἁμαρτίας
3150 752 3246 816 τὰς
3268 750 3572 822 ἡμετέρας,
3608 750 3685 811 ἃς
3711 748 3799 819 είς

535 843 898 906 maledictum,
945 848 1071 916 quia
1112 848 1366 915 scriptum
1415 858 1542 904 est:
1572 848 1891 904 Haledictus
1934 848 2104 904 omnis

532 935 623 1003 qui
650 935 835 1003 pendet
861 937 915 990 in
947 936 1087 1006 ligno
1108 939 1175 993 ⁸³.
1207 939 1389 1006 Quare
1412 979 1426 1004 ,
1462 949 1521 995 ut
1559 940 1615 995 in
1661 941 1870 1011 psalmo
1908 938 2101 1004 fertur,

532 1012 741 1093 repleta
777 1032 862 1079 est
907 1026 1065 1082 malis
1107 1028 1289 1081 anima
1336 1029 1478 1098 ejus,
1510 1036 1567 1085 et
1591 1033 1701 1085 vita
1738 1030 1857 1100 ejus
1887 1030 2103 1086 inferno

531 1116 1013 1186 appropinquavit,
1072 1118 1217 1188 quod
1266 1120 1446 1188 ipsum
1501 1106 1828 1178 descensum
1874 1122 1994 1191 ejus
2044 1122 2101 1177 in

531 1212 762 1260 mortem
793 1207 941 1263 clare
970 1206 1259 1277 signiﬁcat.
1296 1208 1421 1265 ldeo
1455 1211 1646 1281 Aquila
1682 1212 1763 1266 sic
1788 1210 1959 1266 edidit
1988 1230 2001 1267 :
2032 1210 2101 1266 Et

530 1295 638 1348 vita
669 1313 783 1351 mea
802 1298 857 1352 in
886 1299 1149 1367 infernum
1163 1299 1412 1363 elevavit;
1437 1299 1797 1372 Symmachus
1830 1317 1959 1357 vero
1984 1318 1996 1353 :
2024 1302 2095 1356 Et

530 1386 637 1442 vita
672 1406 791 1444 mea
853 1391 1118 1453 infernum
1158 1394 1355 1462 attigit.
1392 1391 1460 1446 Ut
1502 1400 1684 1448 autem
1722 1393 1850 1448 alibi
1893 1394 2098 1449 dictum

527 1488 614 1538 est
654 1497 668 1533 :
712 1480 848 1536 Cum
891 1484 1083 1554 iniquis
1119 1495 1389 1554 reputatus
1427 1494 1543 1550 est;
1588 1487 1670 1541 sic
1705 1494 1758 1541 et
1796 1486 1899 1540 hoc
1931 1486 2093 1541 loco:

532 1568 853 1625 Estimatus
884 1588 1022 1638 sum,
1063 1574 1259 1645 inquit,
1298 1590 1415 1627 cum
1445 1573 1868 1629 descendentibus
1912 1575 1968 1629 in
2016 1574 2098 1628 la-

527 1677 667 1717 cum.
705 1661 812 1717 Pro
856 1679 966 1735 quo
1016 1664 1377 1737 Symmachus
1408 1667 1577 1721 edidit
1611 1685 1625 1723 :
1660 1665 1950 1736 Reputatus
1979 1681 2095 1720 sum

2206 844 2392 899 ἑαυτὸν
2412 844 2667 916 ἀνείληφε
2679 887 2695 911 ,
2711 844 2777 897 δι’
2794 843 2859 907 ἃς
2878 845 2972 897 καὶ
2989 843 3208 912 γέγονεν
3232 842 3371 912 ὑπὲρ
3388 843 3420 912 ἡ
3430 839 3544 909 μῶν
3561 838 3793 908 κατάρα

2204 937 2347 992 κατά
2385 938 2476 991 τὸν
2533 938 2850 992 Ἀπόστολον
2875 978 2889 1001 ,
2915 937 2974 1001 ὃς
3004 937 3104 1006 ἔφη
3126 953 3140 969 ·
3172 936 3387 1002 Κύριος
3412 932 3566 1000 ὑπὲρ
3602 930 3791 1000 ἡμῶν

2202 1027 2481 1095 ἀπέθανε,
2506 1028 2823 1098 γενόμενος
2838 1027 2986 1095 ὑπὲρ
2999 1026 3166 1096 ήμῶν
3185 1024 3408 1093 κατάρα
3426 1042 3439 1053 ·
3467 1022 3555 1076 ὅτι
3577 1021 3795 1091 Timga-

2202 1134 2341 1173 πται
2357 1136 2371 1151 ·
2406 1118 2861 1187 Ἐπικατάρατος
2880 1117 2997 1185 πᾶς
3017 1122 3049 1172 ὁ
3064 1115 3426 1186 κρεμάμενος
3442 1114 3541 1168 ἐπὶ
3557 1114 3787 1179 ξύλου.

2200 1210 2291 1264 Διὸ
2306 1210 2398 1264 καὶ
2413 1210 2552 1263 κατὰ
2568 1210 2657 1263 τὸν
2672 1210 2906 1281 ψαλμὸν,
2921 1209 3162 1281 ἐπλήσθη
3180 1208 3364 1262 κακῶν
3380 1207 3569 1279 ἡψυχὴ
3582 1206 3786 1271 αὐτοῦ,

2200 1302 2293 1357 καὶ
2314 1304 2348 1373 ἡ
2372 1302 2484 1373 ζωὴ
2502 1300 2663 1355 αὐτοῦ
2680 1301 2756 1372 τῷ
2782 1302 2884 1374 ᾄδῃ
2908 1302 3153 1373 ἦγγισεν·
3183 1299 3211 1352 6
3242 1299 3305 1370 δὴ
3330 1300 3424 1352 καὶ
3440 1298 3567 1351 αὐτὸ
3586 1296 3790 1367 σαφῶς

2197 1391 2294 1463 τὴν
2318 1394 2397 1457 είς
2416 1393 2507 1447 τὸν
2532 1393 2758 1447 θάνατον
2781 1392 3001 1446 κάθοδον
3021 1391 3182 1445 αὐτοῦ
3205 1391 3369 1460 δηλοῖ.
3401 1391 3603 1461 Διόπερ
3628 1392 3660 1443 6
3682 1389 3788 1460 μὲν

2212 1482 2440 1546 Ἀκύλας
2478 1482 2738 1549 ἐξέδωκεν
2772 1480 2938 1536 εἰπὼν
2958 1522 2973 1546 ,
3000 1482 3109 1536 Καὶ
3144 1481 3181 1549 ή
3213 1481 3323 1547 ζωή
3357 1500 3476 1550 μου
3507 1483 3595 1547 εἰς
3622 1480 3788 1547 ᾅδην

2197 1572 2605 1640 κατήντηκεν·
2637 1574 2665 1626 6
2690 1573 2747 1626 δὲ
2778 1571 3091 1643 Σύμμαχος,
3120 1572 3230 1628 Καὶ
3258 1574 3297 1640 ή
3338 1570 3447 1639 ζωή
3489 1590 3613 1642 μου
3661 1570 3784 1639 ᾅδῃ

2196 1663 2416 1733 ἥψατο.
2437 1666 2644 1737 ’Ὠσπερ
2670 1666 2727 1719 δὲ
2754 1666 2966 1738 εἴρηται
2992 1664 3225 1737 ἀλλαχοῦ
3248 1665 3328 1730 τὸ,
3356 1666 3515 1720 Μετὰ
3533 1665 3787 1735 ἀνόμων

528 1770 648 1808 cum
679 1755 916 1811 deductis
954 1758 1010 1811 in
1038 1758 1235 1812 lacum.
1273 1756 1554 1827 Siquidem
1604 1772 1791 1813 onmes
1846 1757 2086 1811 homines

2194 1755 2506 1824 ἐλογίσθη·
2542 1755 2697 1810 Οὕτω
2728 1758 2821 1811 καὶ
2843 1758 3093 1823 ἐνταῦθα,
3116 1759 3632 1827 Προσελογίσθην,
3678 1775 3785 1829 φης

529 1844 586 1900 in
617 1847 793 1902 locum
823 1848 1036 1913 mortis,
1068 1850 1160 1919 qui
1189 1849 1304 1919 jam
1344 1849 1484 1903 lacui
1517 1857 1887 1916 comparatur,
1912 1846 2086 1900 detra-

2197 1847 2249 1899 σὶ
2269 1887 2284 1913 ,
2327 1848 2477 1917 μετὰ
2505 1849 2625 1902 τῶν
2647 1852 3120 1904 καταϐαινόντων
3146 1854 3234 1918 εις
3260 1837 3490 1905 λάκκον
3512 1868 3525 1881 ·
3562 1851 3689 1905 ἀνθ’
3719 1844 3781 1906 οὗ

525 1935 733 1991 buntur
759 1945 812 1992 et
841 1938 1188 1994 deducuntur
1219 1957 1233 1995 :
1266 1940 1447 2009 itaque
1478 1939 1604 1992 illuc
1631 1947 1849 2007 propter
1870 1946 2094 2008 poet-ata

522 2040 647 2091 sua,
679 2029 782 2083 ista
809 2030 1029 2099 regione
1060 2030 1205 2100 digni
1232 2030 1481 2100 judicati,
1504 2030 1861 2085 descendunt.
1900 2028 1967 2084 Et
1993 2044 2095 2099 ego

526 2131 742 2185 quoque
768 2118 822 2172 in
854 2134 1042 2173 eorum
1068 2135 1298 2175 numero
1317 2128 1663 2190 computatus
1689 2135 1830 2182 sum,
1856 2119 1959 2175 etsi
1988 2136 2094 2175 non

521 2207 579 2264 id
613 2210 960 2279 promeritus,
1015 2210 1112 2267 sed
1154 2210 1303 2265 Patri
1346 2211 1653 2280 obsequens
1688 2209 1886 2265 fuerim
1918 2225 2095 2280 usque

520 2300 591 2356 ad
623 2310 874 2359 mortem.
904 2302 1003 2359 llic
1031 2304 1213 2375 itaque
1241 2305 1347 2358 vita
1370 2320 1505 2367 mea,
1538 2304 1736 2374 inquit,
1768 2304 1973 2372 inferno
1999 2319 2095 2372 ap-

516 2395 905 2464 propinquavit,
934 2401 1011 2463 et,
1029 2395 1352 2451 zE'stimatus
1372 2411 1488 2449 sum
1517 2411 1636 2448 cum
1660 2394 2091 2451 descendentibus

519 2489 576 2543 in
608 2489 802 2543 lacum.
830 2487 892 2543 1n
923 2490 1033 2545 alio
1068 2492 1194 2545 item
1224 2490 1434 2559 psalmo
1463 2488 1576 2543 haec
1602 2488 1721 2558 ipsa
1757 2502 2090 2542 commemo-

519 2596 670 2642 rans.
695 2581 925 2637 reditum
944 2580 1069 2637 inde
1089 2581 1459 2652 signiticatliis
1474 2580 1651 2635 verbis
1671 2598 1685 2634 :
1708 2579 1948 2642 Domine,
1968 2580 2092 2633 edu-

515 2672 645 2727 xisti
660 2673 723 2726 ab
741 2674 946 2743 inferno
960 2675 1192 2729 animam
1206 2690 1396 2740 meam,
1413 2672 1633 2726 saluasti
1648 2687 1727 2725 me
1740 2687 1771 2724 a
1783 2670 2091 2725 descenden-

518 2762 656 2819 tibus
672 2765 726 2818 in
745 2766 920 2819 lacum
934 2766 981 2799 ’°
1001 2785 1015 2833 ;
1036 2781 1100 2821 ac
1134 2782 1354 2822 rursum
1385 2766 1512 2821 alibi
1539 2785 1551 2819 :
1576 2763 1899 2832 Exspectans
1914 2779 2093 2831 exspe-

515 2857 654 2911 ctavi
671 2856 977 2920 Dominum,
994 2866 1043 2912 et
1062 2859 1282 2911 intendit
1300 2857 1427 2911 mihi
1444 2872 1461 2910 :
1476 2867 1526 2911 et
1556 2856 1824 2910 exaudivit
1845 2855 2090 2923 depreca-

520 2947 716 3000 tionem
742 2964 930 3011 meam,
951 2956 999 3001 et
1018 2947 1198 3002 eduxit
1217 2965 1295 3002 me
1315 2950 1376 3002 de
1394 2948 1509 3001 lacu
1528 2948 1773 3002 miseriae.
1804 2944 1870 2998 Et
1896 2946 2089 3000 statuit

514 3053 678 3106 supra
698 3047 900 3106 petram
921 3037 1072 3108 pedes
1092 3056 1230 3093 meos
1256 3040 1325 3105 ἰς
1350 3050 1403 3094 et
1425 3039 1478 3092 iu
1496 3039 1707 3094 decimo
1723 3038 1917 3108 quinto
1941 3037 2088 3106 psal-

512 3143 605 3182 mo
629 3128 833 3185 dictum
864 3140 973 3185 est:
994 3129 1118 3186 Non
1138 3131 1465 3201 derelinques
1482 3131 1717 3186 animam
1739 3147 1908 3184 meam
1926 3132 1980 3183 in
2001 3132 2085 3183 in—

2196 1936 2457 2003 ὲξέδωκεν
2485 1940 2514 1990 6
2545 1937 2859 2009 Σύμμαχος,
2905 1941 3261 2009 Ἐλογίσθην
3309 1942 3460 2010 μετὰ
3492 1940 3614 1995 τῶν
3642 1959 3783 1995 κατ-

2194 2027 2501 2098 αγομένων
2528 2032 2614 2096 εἰς
2639 2029 2887 2084 λάκκον.
2903 2029 2966 2085 Οἱ
3001 2033 3097 2103 μὲν
3130 2032 3239 2104 γάρ
3270 2032 3467 2096 πάντες
3492 2032 3780 2101 ἄνθρωποι

2194 2120 2548 2176 καθέλκονται
2586 2124 2677 2177 καὶ
2707 2126 3029 2193 κατάγονται
3057 2128 3136 2191 είς
3167 2127 3227 2179 τὸ
3257 2126 3454 2199 χωρίον
3478 2125 3570 2179 τοῦ
3602 2126 3778 2182 θανά-

2193 2229 2286 2265 του
2303 2254 2317 2279 ,
2345 2213 2404 2267 τὸ
2431 2213 2525 2268 νῦν
2552 2215 2737 2286 λάκκῳ
2761 2218 3261 2290 παραϐαλλόμενον·
3292 2220 3387 2272 καὶ
3411 2220 3777 2274 καταϐαίνου-

2195 2322 2279 2358 σιν
2310 2307 2425 2359 ὲκεί
2446 2306 2533 2360 διὰ
2566 2308 2663 2371 τὰς
2694 2310 2900 2363 ἑαυτῶν
2924 2311 3220 2383 ἁμαρτίας,
3246 2313 3345 2382 τῆς
3367 2311 3554 2366 αὐτόθι
3584 2312 3777 2384 χώρας

2192 2398 2332 2464 ἄξιοι
2361 2395 2498 2453 εἶναι
2526 2400 2821 2472 κριθέντες.
2860 2402 3030 2471 Κάγὼ
3055 2402 3111 2456 δὲ
3140 2406 3196 2456 ὲν
3224 2403 3430 2466 τούτοις
3460 2404 3772 2475 ὲλογίσθην,

2190 2489 2291 2543 οὐκ
2321 2489 2395 2543 ὢν
2427 2490 2575 2555 ἄξιος
2594 2530 2608 2554 ,
2635 2492 2748 2545 ἀλλ’
2788 2494 3027 2566 ὑπήκοος
3057 2494 3344 2564 γενόμενος
3368 2495 3444 2565 τῷ
3468 2497 3648 2566 Πατρὶ
3676 2495 3773 2565 μέ-

2191 2598 2282 2652 χρι
2311 2580 2561 2635 θανάτου.
2606 2582 2822 2637 Ἐνθάδε
2855 2585 2950 2654 μὲν
2973 2580 3065 2638 οὖν
3103 2586 3140 2653 η
3178 2584 3288 2654 ζωή
3315 2602 3455 2655 μου,
3498 2587 3656 2655 φησὶ,
3691 2582 3772 2650 τῷ

2191 2672 2305 2741 ᾅδῃ
2335 2671 2568 2742 ἤγγικε·
2600 2673 2714 2739 καὶ,
2750 2678 3262 2745 Προσελογίσθην,
3297 2677 3450 2747 φησὶ,
3471 2679 3623 2745 μετὰ
3654 2674 3772 2729 τῶν

2190 2765 2667 2818 καταϐαινόντων
2701 2768 2789 2832 εἰς
2820 2766 3084 2821 λάκκον·
3118 2769 3175 2822 ὲν
3219 2768 3389 2839 ἑτέρῳ
3436 2768 3495 2821 δὲ
3540 2766 3767 2838 ψαλμῷ,

2189 2854 2390 2909 τούτων
2409 2855 2585 2909 αὐτῶν
2606 2856 2977 2927 μνημονεύων,
3004 2858 3101 2929 τὴν
3129 2859 3337 2912 ἐκεῖθεν
3360 2856 3542 2912 ἄνοδον
3572 2856 3767 2929 σημαί·

2188 2962 2269 2999 νει
2297 2946 2519 3016 φάσκων
2538 2964 2551 2978 ⁹
2575 2948 2771 3016 Κύριε,
2796 2949 3094 3018 ἀνήγαγες
3124 2951 3193 3015 ἐξ
3230 2951 3377 3018 ᾅδου
3405 2948 3521 3018 τὴν
3552 2949 3766 3019 ψυχήν

2181 3056 2322 3108 μου,
2352 3037 2592 3105 ἕσωσάς
2616 3057 2693 3108 με
2716 3041 2834 3095 ἀπὸ
2860 3041 2977 3095 τῶν
2998 3045 3476 3098 καταϐαινόντων
3506 3046 3594 3109 εἰς
3625 3042 3767 3096 ,λάκ-

2189 3145 2333 3183 κον·
2381 3131 2491 3184 Καὶ
2535 3131 2699 3183 πάλιν
2749 3130 2982 3203 ἀλλαχοῦ
3006 3149 3019 3162 ·
3088 3134 3431 3203 Ὑπομένων
3474 3133 3767 3203 ὑπέμεινα

513 3220 685 3290 ferno,
703 3238 793 3275 nec
808 3221 959 3277 dabis
972 3233 1210 3277 sanctum
1228 3233 1374 3276 tuum
1392 3222 1561 3277 videre
1584 3224 1971 3292 corruptionem
1984 3223 2077 3276 "'.

2187 3222 2288 3276 τὸν
2305 3223 2542 3290 Κύριον,
2571 3224 2669 3277 καὶ
2694 3223 2999 3294 προσέσχε
3020 3243 3121 3294 μοι
3141 3241 3157 3257 ·
3182 3225 3281 3281 καί
3305 3224 3633 3295 είσήκουσε
3657 3226 3765 3294 τῆς

509 3314 775 3387 δεήσεώς
798 3336 918 3388 μου
939 3359 955 3385 ,
985 3318 1084 3373 καὶ
1120 3319 1385 3389 ἀνήτατέ
1410 3337 1488 3389 με
1519 3320 1589 3374 ἐκ
1619 3320 1848 3374 λάκκου
1883 3320 2301 3386 ταλαιπωρίας.
2332 3319 2441 3373 Καὶ
2467 3320 2693 3389 ἔστησε
2715 3322 2813 3375 ἐπὶ
2870 3321 3093 3390 πέτραν
3151 3322 3293 3388 τοὺς
3357 3321 3547 3388 πόδας
3606 3339 3762 3392 μου·

511 3413 607 3466 καὶ
636 3415 694 3467 ὲν
733 3413 811 3485 τῷ
846 3420 918 3467 ιε’
955 3413 1157 3486 ψαλμῷ
1196 3414 1445 3487 εἴρηται·
1480 3416 1603 3470 οὐκ
1634 3416 2086 3485 ἐγκαταλείψεις
2121 3415 2237 3483 τὴν
2266 3415 2479 3484 ψυχήν
2501 3433 2622 3485 μου
2661 3418 2748 3482 εἰς
2815 3414 2923 3469 τὸν
2987 3415 3173 3485 ᾅδην,
3219 3415 3360 3471 οὐδὲ
3404 3415 3616 3482 δώσεις
3659 3415 3766 3469 τὸν

510 3507 686 3563 ὅσιόν
711 3524 828 3565 σου
860 3509 1008 3564 ἰδεῖν
1039 3509 1386 3580 διαφθοράν.

506 3612 529 3639 “
580 3630 750 3688 Vsus.
783 3631 835 3687 6.
865 3630 1064 3687 Factus
1088 3632 1371 3688 sum‘sicut
1402 3632 1466 3687 lio
1490 3648 1555 3686 no
1579 3632 1690 3686 sine
1712 3630 1978 3701 adjutorio
2001 3631 2085 3685 in-

515 3732 595 3777 ter
624 3731 857 3777 mortuos
884 3722 1013 3778 liber
1045 3738 1063 3775 :
1091 3724 1228 3777 sicut
1272 3723 1533 3778 vulnerati
1561 3723 1873 3778 dormientes
1917 3725 1973 3777 in
2002 3740 2086 3777 se-

517 3814 725 3880 pulcro,
756 3831 977 3884 quorum
1008 3831 1111 3870 non
1153 3825 1230 3870 est
1269 3833 1467 3871 memor
1496 3817 1740 3884 amplius,
1785 3826 1833 3870 et
1883 3817 1985 3886 ipsi
2022 3817 2087 3871 de

512 3919 673 3958 manu
709 3912 801 3957 tua
830 3903 1026 3972 repulsi
1066 3914 1211 3960 sunt.
1248 3904 1351 3972 Qui
1386 3922 1513 3961 vere
1537 3907 1653 3961 sine
1682 3906 1957 3975 adjutorio
1984 3906 2087 3961 sub

510 3993 703 4048 mortis
734 3993 960 4063 imperio
994 3993 1214 4065 degunt.
1240 3995 1311 4050 ab
1339 3996 1458 4066 ipsa
1486 3994 1808 4050 deferuntur
1831 4001 1885 4050 et
1916 3993 2084 4048 abdu-

510 4091 731 4139 cuntur.
772 4082 933 4138 Solus
974 4091 1154 4139 autem
1200 4083 1457 4141 Servator
1490 4094 1545 4141 et
1594 4086 1856 4141 Dominus
1895 4093 2082 4140 noster

509 4176 753 4247 seipsum
778 4176 1077 4230 exinanivit
1098 4183 1152 4231 et
1178 4176 1486 4233 humiliavit
1513 4194 1687 4248 usque
1712 4177 1779 4231 ad
1808 4188 2035 4233 mortem
2062 4196 2074 4231 :

508 4274 563 4323 et
602 4266 746 4323 sicut
775 4266 952 4323 factus
984 4275 1069 4322 est
1106 4268 1161 4322 in
1196 4268 1607 4325 similitudinem
1637 4270 1821 4326 carnis
1849 4270 2077 4340 peccati,

512 4360 587 4414 ita
617 4358 795 4414 factus
819 4366 903 4414 est
926 4358 1070 4414 sicut
1098 4376 1240 4416 unus
1266 4375 1333 4416 ex
1365 4361 1676 4417 hominibus
1713 4363 1833 4418 sine
1863 4362 2081 4432 adjuto-

509 4451 610 4505 rio.
640 4448 708 4504 At
729 4450 855 4520 quia
889 4466 1001 4505 non
1032 4467 1153 4506 vere
1191 4459 1245 4506 et
1287 4452 1467 4523 reipsa
1504 4455 1557 4507 in
1602 4453 1951 4509 multitudine
1983 4454 2075 4508 illa

508 4542 918 4608 numerabatur,
968 4542 1117 4596 solus
1148 4542 1289 4596 inter
1344 4549 1591 4599 mortuos
1625 4544 1760 4598 liber
1805 4552 1944 4608 erat,
1976 4559 2077 4599 nec

507 4633 613 4689 sub
655 4634 848 4689 mortis
902 4631 1165 4688 servitute
1226 4633 1514 4687 remansit.
1569 4633 1675 4687 Pro
1716 4634 1810 4687 illo
1849 4642 2070 4689 autem:

508 4723 656 4781 Inter
679 4734 913 4781 mortuos
947 4726 1098 4793 liber,
1120 4724 1339 4796 Aquila,
1375 4725 1439 4781 In
1461 4727 1679 4781 mortuis
1706 4725 1854 4791 liber,
1874 4726 2073 4794 edidit;

509 4816 870 4888 Symmachus
920 4831 1088 4883 vero,
1149 4816 1299 4871 Inter
1338 4825 1574 4872 mortuos
1619 4816 1873 4872 dimissus
1919 4817 2070 4873 liber.

506 4905 633 4962 llaec
670 4922 834 4979 porro
860 4922 986 4962 cum
1014 4907 1369 4963 distinctione
1409 4909 1591 4979 legas;
1637 4909 1713 4962 ita
1742 4915 1802 4963 ut
1832 4908 2018 4964 isthmc
2055 4928 2069 4963 :

509 4997 707 5053 Factus
734 5015 851 5053 sum
882 5000 1017 5054 sicut
1041 4998 1195 5055 homo
1218 5000 1328 5054 sine
1355 4998 1621 5070 adjutorio
1650 5001 1787 5055 inter
1813 5010 2071 5065 mortuos,

506 5088 791 5159 sejungas;
826 5086 1022 5143 deinde
1048 5102 1183 5144 vero
1215 5087 1397 5143 addita
1424 5094 1547 5158 post
1581 5086 1738 5153 illud,
1771 5088 1907 5141 inter
1929 5102 2072 5140 mor-

508 5189 646 5243 tuos,
672 5179 1130 5249 interpunctione,
1158 5178 1317 5249 quasi
1363 5178 1611 5249 negative
1648 5178 1878 5248 anljicias
1919 5177 2072 5242 illud,

507 5268 669 5324 liber:
701 5276 759 5323 ut
803 5270 918 5325 haec
964 5270 1038 5351 sit
1069 5270 1200 5325 dicti
1236 5270 1507 5326 sententia
1544 5290 1557 5325 :
1601 5268 1713 5339 Ego
1733 5270 1827 5339 qui
1842 5258 2001 5324 'liber'
2023 5275 2076 5325 et

504 5359 656 5415 solus
680 5374 806 5414 vere
835 5360 1076 5414 omnium
1110 5358 1373 5414 Dominus
1405 5374 1549 5424 sum,
1581 5357 1757 5413 lactus
1785 5374 1905 5413 sum
1933 5358 2076 5413 sicut

508 5447 670 5502 homo
695 5448 814 5504 sine
839 5449 1110 5518 adjutorio
1153 5450 1295 5504 inter
1322 5457 1570 5505 mortuos
1595 5466 1610 5516 ;
1655 5464 1764 5504 non
1794 5464 1919 5504 vere
1951 5449 2075 5518 qui-

506 5538 629 5593 dem
662 5539 779 5593 sine
812 5541 1108 5610 adjutorio,
1132 5541 1226 5596 sed
1258 5541 1415 5611 quasi
1451 5541 1572 5596 sine
1616 5540 1907 5611 adjutorio.
1947 5538 2074 5594 Haec

507 5635 687 5684 autem
721 5630 876 5688 dicta
906 5632 995 5686 alii
1038 5632 1243 5688 nemini
1284 5640 1593 5703 competere
1624 5647 1801 5701 posse,
1828 5647 1992 5702 quam
2023 5632 2074 5687 ei

2262 3625 2581 3695 Ἐγενήθην
2600 3624 2741 3679 ὡσεὶ
2760 3624 3069 3693 ἅνθρωπος
3091 3624 3423 3693 ἀϐοήθητος
3442 3626 3511 3680 ἐν
3533 3625 3767 3695 νεκροῖς

2178 3717 2508 3787 ἐλεύθερος·
2530 3717 2673 3771 ὡσεὶ
2698 3718 3043 3787 τραυματίαι
3063 3717 3456 3782 καθεύδοντες
3480 3720 3549 3772 ἐν
3576 3718 3761 3787 τάφῳ,

2179 3799 2267 3859 ὧν
2291 3808 2402 3860 οὐκ
2426 3805 2732 3874 ἐμνήσθης
2758 3805 2864 3867 ἔτι,
2890 3807 2989 3859 καὶ
3017 3807 3185 3861 αὐτοὶ
3209 3808 3277 3861 ὲκ
3296 3808 3406 3875 τῆς
3431 3811 3621 3877 χειρός
3645 3824 3763 3864 σου

2182 3896 2603 3964 ἁπεώσθησαν.
2629 3898 2692 3950 Οἱ
2722 3897 2936 3968 ἀληθῶς
2963 3898 3255 3969 ἀϐοήθητοι
3283 3900 3386 3953 ὑπὸ
3408 3900 3503 3953 τοῦ
3529 3900 3761 3955 θανάτου

2183 3989 2577 4060 κυριευόμενοι,
2610 3990 2940 4057 κατάγονται
2986 3992 3079 4044 καὶ
3109 3992 3413 4060 ἀπάγονται
3457 3993 3546 4046 ὑπ’
3572 3991 3755 4048 αὐτοῦ.

2182 4081 2359 4142 Μόνος
2392 4081 2449 4133 δὲ
2482 4082 2510 4133 6
2540 4079 2727 4151 Σωτὴρ
2762 4082 2856 4134 καὶ
2882 4080 3085 4150 Κύριος
3110 4082 3270 4151 ἡμῶν
3303 4082 3491 4136 ἑαυτὸν
3527 4083 3760 4136 ὲκένωσε

2183 4174 2274 4225 καὶ
2307 4173 2495 4226 ἑαυτὸν
2542 4173 2874 4225 ἐταπείνωσε
2924 4174 3084 4244 μέχρι
3128 4174 3379 4228 θανάτου·
3431 4175 3524 4229 καὶ
3571 4175 3760 4245 ὥσπερ

2180 4263 2399 4331 γέγονεν
2421 4264 2477 4315 ὲν
2496 4261 2802 4334 ὁμοιώματι
2831 4265 3031 4334 σαρκὴς
3056 4265 3349 4334 ἁμαρτίας,
3371 4265 3543 4329 οὕτως
3571 4269 3760 4338 ἐγενή-

2182 4353 2251 4424 θη
2286 4355 2361 4417 ὼς
2392 4349 2472 4418 εἷς
2498 4352 2606 4408 τῶν
2649 4354 2967 4426 ἀϐοηθήτων
2999 4355 3315 4427 ἀνθρώπων.
3366 4358 3501 4410 Ἀλλ’
3530 4359 3653 4411 ἐπεὶ
3687 4359 3756 4430 μὴ

2180 4446 2397 4517 ἀληθῶς
2421 4440 2501 4508 εἷς
2528 4441 2596 4517 ἦν
2621 4445 2730 4500 τῶν
2752 4445 2983 4508 πολλῶν,
3014 4448 3171 4517 μόνος
3198 4449 3254 4501 ἐν
3278 4452 3489 4520 νεκροῖς
3514 4444 3582 4521 ἦν
3612 4449 3759 4503 ὲλεύ-

2182 4536 2357 4608 θερος,
2389 4536 2686 4601 ὰδούλωτος
2730 4537 2808 4609 τῷ
2856 4537 3071 4608 θανάτῳ
3122 4540 3329 4609 μείνας.
3390 4540 3531 4593 ’Δντὶ
3558 4540 3616 4593 δὲ
3641 4539 3756 4603 τοῦ,

2108 4600 2152 4656 D
2194 4600 2297 4681 ’έν
2321 4600 2563 4694 νεκροῖς
2589 4600 2922 4695 ἐλεύθερος.
2955 4628 2984 4679 6
3011 4600 3259 4691 Ἀκύλας,
3280 4600 3374 4680 Ἑν
3401 4600 3759 4695 τεθνηκόσιν

2179 4717 2509 4787 ἐλεύθερος,
2538 4717 2813 4781 ἐξέδωκεν·
2831 4718 2860 4770 6
2886 4718 2945 4772 δὲ
2976 4718 3288 4789 Σύμμαχος,
3305 4718 3510 4784 Ἐντὸς
3536 4718 3760 4787 νεκρῶν

2180 4809 2353 4879 ἀφεὶς
2390 4810 2721 4880 ἐλεύθερος.
2788 4808 3101 4883 Ἀναγνώσῃ
3148 4810 3203 4863 δὲ
3244 4810 3339 4864 καὶ¹
3372 4810 3509 4881 μετά
3541 4812 3756 4864 ὑποδια-

2180 4899 2393 4969 στολῆς,
2430 4899 2573 4964 ἰδίως
2610 4901 2706 4971 μὲν
2737 4901 3001 4971 ἀφορίσας
3027 4901 3108 4965 τὸ,
3128 4901 3459 4969 Ἑγενήθην
3484 4901 3631 4955 ὡσεὶ
3660 4902 3761 4954 ἇν-

2178 4995 2408 5060 θρωπος
2444 4992 2775 5060 ἀϐοήθητος
2811 4993 2880 5045 ἐν
2906 4993 3157 5061 νεκροῖς·
3190 4989 3308 5046 εἶτα
3349 4993 3645 5057 ὑποστίξας
3683 4995 3758 5055 είς

2176 5083 2257 5149 τὺ,
2290 5083 2361 5136 ἐν
2387 5084 2640 5152 νεκροῖς,
2678 5084 3032 5152 ἀποφατικῶς
3061 5083 3281 5150 ἐπάξεις
3308 5084 3389 5148 τὸ,
3419 5085 3755 5153 ἐλεύθερος·

2180 5175 2278 5245 τῆς
2304 5175 2541 5237 διανοίας
2571 5175 2729 5229 τοῦτο
2774 5176 3060 5246 δηλούσης,
3090 5178 3173 5229 ὅτι
3218 5175 3359 5243 Ἐγὼ
3396 5178 3425 5230 6
3478 5176 3756 5246 ἐλεύθερος

2181 5268 2275 5320 καὶ
2304 5267 2463 5336 μόνος
2488 5267 2702 5336 ἀληθῶς
2741 5267 2996 5321 ἁπάντων
3038 5267 3240 5338 Κύριος
3277 5268 3475 5335 γέγονα
3507 5268 3639 5321 ὡσεὶ
3671 5270 3757 5320 ἀν-

2179 5357 2393 5429 θρωπος
2421 5356 2722 5427 ἀϐοήθητος
2750 5359 2807 5410 ὲν
2828 5360 3058 5429 νεκροῖς·
3085 5357 3198 5411 ἀλλ’
3227 5358 3330 5411 οὐκ
3357 5357 3573 5427 ἀληθῶς
3594 5358 3755 5427 ἀϐοή-

2179 5448 2359 5520 θητος,
2390 5448 2503 5503 ἀλλ’
2534 5449 2611 5512 ὡς
2638 5448 2955 5519 ἀϐοήθητος.
2998 5448 3183 5502 Ταῦτα
3212 5448 3270 5503 δὲ
3297 5450 3378 5502 ὅτι
3427 5449 3613 5519 μηδενὶ
3644 5448 3754 5501 ἑτέ-

2181 5557 2261 5609 ρῳ
2287 5539 2463 5607 λέγειν
2489 5539 2719 5610 ἁρμόζει
2750 5540 2782 5609 ἢ
2815 5540 2894 5610 τῷ
2933 5540 3196 5610 ἁψαμένῳ
3248 5540 3347 5610 μὲν
3379 5538 3473 5593 τοῦ
3503 5540 3750 5598 θανάτου,

2180 5630 2274 5684 καὶ
2316 5632 2395 5695 εἰς
2442 5630 2572 5701 ᾅδην
2618 5630 3034 5702 καταϐεϐηκότι,
3072 5631 3147 5702 μὴ
3199 5631 3658 5687 καταδουλωθέντι
3699 5629 3752 5683 δὲ

613 5787 657 5821 ⁸³
696 5784 811 5841 Gal.
854 5799 943 5852 ιιι,
982 5787 1081 5849 l5;
1122 5784 1278 5842 Deut.
1315 5803 1428 5854 im,
1462 5786 1553 5843 23.
1631 5789 1674 5823 °°
1712 5788 1855 5845 Psal.
1894 5804 2018 5843 uix
2043 5827 2057 5855 ,

2222 5788 2264 5822 "
2306 5786 2451 5845 Psal.
2491 5803 2677 5855 suis,
2714 5787 2769 5854 2,
2798 5788 2851 5845 3.
2926 5788 2994 5821 ἰ’
3027 5786 3171 5846 Psal.
3210 5805 3302 5856 xv,
3343 5787 3428 5844 lO.
