4068 6394
383 367 524 429 1057

1510 366 2019 428 COMMENTARIA
2054 370 2123 427 IN
2158 372 2501 431 PSALMOS.

3498 382 3643 440 1058

380 491 572 565 αὐτῷ,
622 488 784 545 παντί
816 507 894 563 τῳ
941 483 1095 564 οἶμαι
1138 489 1370 563 φανερὸν
1410 492 1717 563 τυγχάνεινο
1767 492 1843 557 ὡς
1890 491 1949 563 μ’]

2068 493 2163 564 qui
2194 501 2423 548 mortem
2448 491 2665 564 quidem
2697 492 2900 564 attigit,
2930 502 2985 549 et
3010 491 3079 549 ad
3102 491 3311 552 inferos
3334 494 3636 563 descendit,

376 584 642 641 δύνασθαι
686 586 774 655 ἐφ’
811 585 999 657 ἕτερον
1032 584 1315 656 ἄνθρωπον
1340 583 1667 657 ἐφαρμόζειν
1697 584 1765 641 τὰ
1802 587 1861 639 ὲν
1886 584 1965 657 τῷ

377 678 578 749 ψαλμῷ
611 679 878 749 λεγόμενα
908 661 1062 750 ἠ’ὲπὶ
1096 678 1258 749 μόνον
1298 678 1390 731 τὸν
1417 677 1682 750 ἡμέτερον
1712 679 1961 751 Σωτῆρα.

377 765 592 842 Ὠσπερ
616 771 674 824 δὲ
714 772 934 840 γέγονεν
962 771 1092 823 ὡσεὶ
1123 770 1408 840 ἄνθρωπος
1443 771 1778 843 ἀϐοήθητος,
1824 771 1966 826 οὕτω

374 862 475 914 καὶ
519 862 665 915 ὡσεὶ
710 863 1056 932 τραυματίαι
1106 862 1500 927 καθεύδοντες
1544 863 1614 915 ὲν
1652 861 1838 932 τάφῳ,
1877 859 1967 917 ὧν

375 956 491 1009 οὐκ
520 952 828 1023 ἐμνήσθης
862 954 970 1008 ἐτι.
996 952 1093 1006 Διὰ
1120 952 1178 1006 δὲ
1207 952 1412 1007 τούτων
1441 954 1535 1007 καὶ
1565 956 1597 1025 ἡ
1625 953 1768 1025 ταφὴ
1798 953 1964 1007 αὐτοῦ

378 1045 723 1115 σημαίνεται,
774 1041 842 1117 ἧς
885 1045 980 1098 καὶ
1030 1047 1057 1098 6
1101 1043 1242 1108 θεῖος
1265 1045 1582 1109 ’Δπόστολος
1638 1045 1964 1118 μνημονεύει

377 1139 607 1208 γράφων
644 1137 972 1209 Κορινθίοις,
1003 1138 1193 1207 λέγων·
1238 1138 1555 1206 Παρέδωκα
1586 1139 1696 1209 γὰρ
1728 1139 1871 1209 ὑμῖν
1895 1140 1965 1192 ἐν

374 1230 648 1298 πρώτοις,
676 1229 708 1283 ὃ
738 1230 835 1283 καὶ
864 1230 1222 1298 παρέλαϐον’
1254 1231 1344 1284 ὅτι
1384 1232 1636 1300 Χριστὸς
1665 1231 1966 1285 ἀπέθανεν

375 1322 529 1391 ὑπὲρ
562 1323 681 1375 τῶν
720 1323 1019 1392 ἁμαρτιῶν
1051 1322 1219 1393 ἡμῶν
1250 1323 1399 1377 κατὰ
1425 1323 1530 1390 τὰς
1558 1323 1826 1392 Γραφὰς,
1861 1323 1960 1376 καί

376 1413 465 1467 ὅτι
488 1413 696 1483 ἐτάφη.
733 1415 843 1467 Καὶ
882 1415 1106 1478 Ἡσαΐας
1133 1415 1190 1467 δὲ
1221 1415 1320 1485 τῆς
1348 1416 1524 1485 ταφῆς
1549 1415 1713 1469 αὐτοῦ
1753 1415 1963 1485 μέμνηο

366 1514 464 1556 ται
518 1503 710 1572 λέγων’
765 1505 861 1557 Ἐν
901 1504 1112 1573 εἰρήνῃ
1172 1506 1210 1573 ἡ
1246 1504 1403 1574 ταφὴ
1458 1507 1642 1561 αὐτοῦ
1680 1500 1960 1577 ἧρταοέκ

368 1591 584 1661 μέσου.
629 1593 772 1645 ’Δντὶ
805 1593 861 1646 δὲ
888 1594 1175 1658 τοῦ,Ὡσεὶ
1210 1596 1579 1665 τραυματίαι,
1614 1598 1642 1649 6
1674 1599 1770 1666 μὲν
1799 1595 1959 1650 Ἀκύ-

368 1680 471 1745 θλας
519 1683 704 1753 φησίν,
725 1683 963 1752 ’Ὀμοιος
1013 1683 1426 1752 ἀνῃρημένοις·
1471 1686 1499 1737 6
1546 1684 1603 1737 δὲ
1645 1686 1957 1757 Σύμμαχος,

385 1775 541 1828 Ὠσεί
567 1776 936 1844 τετρωμένου
970 1776 1063 1829 καὶ
1093 1776 1260 1846 σαφές
1283 1795 1407 1830 τινα
1441 1779 1642 1848 τρόπον
1680 1780 1956 1834 καὶτοῦτο

2066 602 2244 656 neque
2285 594 2467 641 tamen
2502 587 2555 639 in
2598 586 2913 641 servitutem
2940 585 3061 655 ejus
3093 586 3350 643 redactus
3377 596 3482 652 est,
3519 588 3641 642 cui-

2057 679 2151 734 vis
2194 684 2326 749 puto
2356 677 2703 734 manifestum
2737 693 2891 745 esse;
2936 678 3009 731 ita
3056 685 3116 732 ut
3149 679 3281 732 nulli
3321 679 3412 733 alii
3460 679 3639 733 homi-

2064 784 2198 825 num
2225 770 2419 841 psalmi
2450 769 2615 823 verha
2641 768 2855 838 possint
2885 768 3082 838 aptari,
3126 776 3482 838 praeterquam
3519 767 3638 822 Sal-

2062 862 2239 916 vatori
2262 870 2469 917 nostro.
2501 858 2969 926 Quemadmodum
3004 868 3182 913 autem
3204 860 3378 915 factus
3405 869 3490 915 est
3518 861 3637 914 sic-

2066 964 2126 1010 ut
2168 954 2331 1009 homo
2364 953 2485 1009 sine
2528 953 2831 1022 adjutorio;
2880 954 2953 1009 ita
3002 955 3164 1010 etiam
3197 956 3332 1007 sicut
3372 955 3636 1008 vulnerati

2058 1048 2385 1101 dormientes
2421 1048 2477 1100 in
2504 1047 2763 1116 sepulcro,
2794 1063 3014 1117 quorum
3046 1064 3147 1101 non
3180 1063 3234 1101 es
3284 1062 3481 1101 memor
3516 1062 3635 1100 am-

2063 1139 2223 1207 ptius.
2253 1136 2348 1192 His
2376 1137 2540 1191 etiam
2573 1138 2850 1206 sepultura
2876 1137 2995 1207 ejus
3026 1138 3316 1199 indicatur,
3358 1151 3520 1207 quam
3547 1137 3632 1191 di—

2063 1231 2225 1285 vinus
2256 1228 2553 1298 Apostolus
2578 1229 2642 1282 ad
2673 1228 2985 1283 Corinthios
3016 1229 3261 1283 scribens
3290 1229 3375 1284 his
3400 1244 3634 1286 comme-

2062 1331 2241 1377 morat
2264 1341 2279 1378 :
2303 1320 2526 1375 Tradidi
2551 1322 2687 1375 enim
2710 1321 2852 1374 vobis
2880 1321 2933 1373 in
2964 1321 3149 1389 primis
3170 1321 3307 1391 quod
3333 1330 3385 1374 et
3415 1324 3589 1391 accepi
3612 1338 3631 1375 :

2063 1413 2309 1481 quoniam
2345 1408 2587 1464 Christus
2625 1419 2862 1463 mortuus
2910 1418 2987 1464 est
3020 1426 3115 1479 pro
3159 1412 3387 1478 peccatis
3434 1414 3632 1467 nostris

2063 1505 2351 1559 secundum
2385 1503 2712 1571 Scripturas,
2748 1511 2796 1556 et
2833 1504 2960 1572 quia
2987 1505 3220 1571 sepultus
3252 1512 3329 1557 est
3357 1505 3425 1555 θ’.
3461 1504 3631 1561 Isaias

2062 1610 2281 1665 quoque
2340 1593 2675 1663 sepulturam
2723 1594 2843 1660 ejus
2898 1602 3162 1647 memorat
3197 1593 3281 1648 his
3314 1594 3534 1649 verbis:
3564 1593 3631 1650 In

2060 1699 2188 1754 pace
2213 1683 2485 1753 sepultura
2509 1684 2622 1751 ejus
2658 1681 2871 1735 sublata
2899 1691 2977 1736 est
3004 1697 3071 1735 ea:
3103 1682 3274 1736 medio
3302 1684 3368 1737 ³³.
3402 1686 3508 1739 Pro
3530 1685 3633 1741 illo

2062 1784 2266 1838 autem,
2297 1773 2445 1830 Sicut
2470 1774 2753 1839 vulnerati,
2797 1773 2991 1843 Aquila
3036 1773 3304 1828 :Perinde
3343 1782 3499 1845 atque
3538 1790 3632 1832 oc-

366 1864 697 1942 ἐπληροῦτο,
728 1867 966 1936 ὁπηνίκα
991 1868 1018 1919 6
1048 1867 1382 1939 στρατιώτης
1410 1869 1576 1942 λόγχῃ
1606 1869 1839 1942 ἔτρωσεν
1871 1873 1949 1925 αύ-

2060 1870 2188 1933 cisi;
2232 1867 2596 1939 Symmachus
2650 1881 2780 1921 vero
2835 1884 2849 1921 :
2900 1866 3070 1932 Quasi
3120 1869 3381 1922 vulnerati
3413 1885 3433 1924 :
3467 1868 3631 1941 idque

366 1940 464 2010 τᾶὖ
487 1957 587 2028 τὴν
620 1957 880 2029 πλευράν.
930 1958 1069 2010 Ἀλλ’
1120 1960 1201 2012 ὃτι
1244 1960 1342 2029 μὲν
1381 1940 1721 2032 τραυματίας
1768 1964 1957 2033 γέγονε

370 2047 464 2099 καὶ
499 2049 555 2101 ὲν
586 2047 764 2118 τάφῳ,
796 2047 980 2117 σαφῶς
1007 2050 1355 2121 παρίσταταιο
1391 2051 1531 2122 πλὴν
1558 2054 1606 2105 εἰ
1632 2052 1775 2121 λέγοι
1799 2070 1958 2122 γεγο-

367 2139 520 2192 νέναι
552 2139 684 2192 ὡσεὶ
709 2141 1069 2212 τραυματίας,
1097 2142 1187 2195 καὶ
1228 2143 1412 2213 ὅμοιος
1451 2146 1563 2208 τοῖς
1608 2144 1955 2199 καθεύδουσιν

360 2227 428 2283 ἐν
452 2231 627 2302 τάφῳ,
662 2231 777 2284 ἀλλ’
809 2233 870 2285 οὑ
906 2232 1069 2305 μέχρι
1109 2233 1298 2287 τούτου
1328 2235 1562 2289 ἵσταται·
1598 2236 1715 2291 ὅλον
1742 2237 1798 2291 δὲ
1839 2254 1958 2292 συν-

366 2320 532 2390 άψας,
562 2322 681 2391 ὄψει
714 2322 813 2394 τὴν
852 2322 1092 2378 διάνοιαν
1122 2325 1216 2379 τοῦ
1241 2326 1420 2396 λόγου.
1454 2327 1686 2397 Γέγονα
1714 2329 1821 2400 γάρ
1852 2347 1956 2402 φη·-

367 2429 477 2475 σιν,
527 2413 669 2467 ὡσεί
717 2417 1091 2485 τραυματίαι,
1136 2410 1224 2469 ὧν
1260 2420 1371 2471 οὐκ
1400 2416 1708 2487 ἐμνήσθης
1734 2418 1842 2473 ἐτι.
1890 2421 1955 2474 Ol

370 2505 468 2577 μὲν
506 2504 615 2577 γὰρ
651 2506 849 2572 λοιποὶ,
897 2507 1033 2579 μετὰ
1072 2508 1164 2561 τὸν
1215 2508 1445 2562 θάνατον
1496 2511 1554 2563 ὲν
1606 2512 1719 2573 τοίς
1761 2509 1954 2579 τάφοις

363 2596 680 2668 γενόμενοι,
738 2597 1164 2670 ἀπελείφθησαν,
1222 2601 1318 2654 καὶ
1374 2602 1673 2672 ἀπέμειναν
1733 2602 1803 2673 γῆ
1860 2602 1953 2656 καὶ

362 2690 534 2755 κόνις,
572 2691 769 2762 μηκέτι
802 2691 939 2762 μετὰ
975 2692 1068 2746 τὸν
1106 2692 1333 2746 θάνατον
1363 2691 1831 2764 μνημονεύσαντος
1857 2694 1955 2747 c.6-

362 2782 473 2835 τῶν
502 2782 593 2835 τοῦ
624 2782 780 2835 Θεοῦ·
813 2782 921 2853 ἐγὼ
949 2783 1005 2836 δὲ
1031 2783 1296 2855 ἐγενήθην
1321 2783 1396 2848 ώς
1434 2779 1515 2848 εἷς
1539 2784 1644 2839 τῶν
1673 2785 1948 2852 τοιούτων,

364 2873 442 2947 μὴ
467 2873 542 2928 ὢν
566 2877 750 2947 ὅμοιος
780 2877 984 2940 αὐτοῖς·
1016 2876 1152 2948 ἐμοῦ
1180 2876 1287 2948 γάρ
1322 2877 1458 2947 μετὰ
1500 2877 1600 2950 τὴν
1629 2878 1828 2949 τρῶσιν
1858 2880 1951 2933 καὶ

367 2969 509 3037 μετά
531 2968 623 3022 τὸν
648 2967 876 3021 θάνατον
901 2969 995 3021 καὶ
1020 2968 1155 3039 μετὰ
1181 2968 1278 3040 τὴν
1304 2971 1362 3022 ὲν
1384 2969 1461 3039 τῷ
1487 2970 1640 3040 τάφῳ
1660 2969 1950 3024 κατάθεσιν

361 3058 661 3131 ἐμνήσθης,
698 3060 843 3131 ζωῆς
877 3062 1014 3131 μετὰ
1060 3060 1235 3115 ταῦτά
1284 3078 1351 3132 με
1394 3062 1488 3115 καὶ
1535 3062 1807 3134 σωτηρίας
1850 3065 1950 3135 τῆς

358 3149 514 3223 ⁹παρὰ
546 3152 628 3203 σοὶ
657 3151 1004 3217 καταξιώσας
1074 3152 1161 3209 Διὸ
1204 3154 1297 3206 καὶ
1325 3153 1623 3225 ἀρχόμενος
1671 3156 1764 3207 καὶ
1792 3155 1950 3225 εὐχα-

361 3244 641 3315 ριστήριον
670 3244 984 3315 ἀνέπεμπεν
1002 3245 1187 3316 ὕμνον.
1207 3245 1398 3314 λέγων’
1424 3247 1602 3315 Κύριε
1622 3250 1654 3300 ό
1672 3248 1815 3314 Θεὸς
1834 3245 1946 3317 τῆς

359 3336 657 3402 σωτηρίας
681 3354 815 3406 μου,
845 3335 1068 3405 ἡμέρας
1090 3338 1383 3405 ἐκέκραξα
1417 3340 1514 3393 καὶ
1549 3340 1618 3392 ἐν
1646 3339 1819 3394 νυκτὶ
1850 3340 1948 3393 ἐν·

356 3427 572 3479 αντίον
591 3444 724 3480 σου.
751 3430 860 3481 Καὶ
888 3429 957 3481 τὰ
988 3430 1084 3500 μὲν
1110 3432 1230 3482 κατ’
1259 3430 1359 3501 ἐμὲ
1382 3430 1604 3484 τοιαῦτα
1632 3426 1718 3502 ἧν.
1758 3433 1947 3503 Ὅμως

356 3516 405 3570 δ’
434 3512 527 3571 οὖν
550 3518 749 3587 γέγονα
779 3521 962 3594 ὅμοιος
990 3524 1103 3585 τοῖς
1129 3520 1343 3586 πολλοῖς
1368 3525 1480 3588 τοῖς
1512 3526 1570 3576 ὲν
1603 3524 1759 3593 τάφῳ
1788 3540 1944 3591 γενο-

362 3605 562 3676 μένοις,
599 3607 692 3659 καὶ
725 3608 920 3677 μηκέτι
954 3606 1054 3677 τῆς
1106 3611 1202 3679 σῆς
1237 3610 1663 3680 κατηξιωμένοις
1705 3613 1942 3683 μνήμης,

355 3696 449 3750 διὰ
474 3696 536 3750 τὸ
567 3698 676 3753 ἀπὸ
706 3699 803 3769 τῆς
831 3699 929 3769 σῆς
957 3700 1137 3772 χειρὸς
1165 3701 1464 3754 ἁπεῶσθαι.
1508 3702 1653 3757 Ἀντί
1684 3704 1793 3774 γὰρ
1826 3702 1943 3767 τοῦ,

354 3778 473 3840 *Ων
511 3788 622 3840 οὐκ
664 3787 972 3857 ἐμνήσθης
1002 3788 1110 3851 ἔτι,
1149 3789 1249 3842 καί
1284 3788 1455 3842 αὐτοί
1504 3789 1572 3843 ἐκ
1602 3788 1712 3858 τῆς
1745 3790 1945 3859 χειρός

357 3892 477 3932 σου
520 3879 944 3946 ἀπεώσθησαν,
997 3880 1027 3933 6
1071 3881 1168 3950 μὲν
1230 3879 1460 3943 Ἀκύλας
1502 3879 1781 3945 ἐξέδωκεν,
1834 3874 1947 3932 Ὧν

357 3970 471 4022 οὐκ
490 3968 798 4039 ἐμνήσθης
821 3968 1020 4023 αὐτῶν
1043 3971 1151 4032 ἐτι,
1178 3969 1278 4023 καὶ
1310 3969 1479 4023 αὐτοὶ
1512 3970 1580 4023 ἐκ
1612 3967 1721 4037 τῆς
1748 3968 1944 4037 χειρός

355 4074 476 4113 σου
522 4059 976 4130 ἀπετμήθησαν·
1014 4063 1042 4114 6
1081 4062 1137 4114 δὲ
1168 4060 1464 4132 Σύμμαχός
1511 4077 1695 4132 φησιν,
1724 4054 1834 4113 Ὧν
1868 4062 1941 4114 οὐ

353 4154 788 4222 μνημονεύσεις
843 4153 953 4219 ἔτι,
1008 4154 1226 4220 οἵτινες
1266 4154 1386 4209 ὑπὸ
1429 4153 1540 4223 τῆς
1576 4153 1776 4223 χειρός
1824 4167 1941 4207 σου

356 4243 762 4312 ἐξεκόπησιιν.

432 4339 676 4393 Ἐθεντό
705 4356 782 4409 με
807 4340 877 4393 ἐν
900 4338 1104 4406 λάκκῳ
1126 4336 1457 4400 κατωτάτω,
1484 4337 1554 4390 ἐν
1583 4335 1938 4402 σκοτεινοῖς,

356 4429 457 4483 καί
501 4431 572 4483 ἐν
607 4429 752 4496 σκιᾷ
775 4430 1054 4486 θανάτου.
1100 4431 1244 4483 Ἀντί.
1275 4429 1648 4493 τοῦ,Ἕθεντό
1664 4444 1761 4497 με,
1786 4430 1815 4481 6
1842 4427 1941 4498 μὲν

2058 1962 2205 2016 clare
2259 1959 2664 2030 quodammodo
2715 1958 2995 2029 impletum
3031 1967 3135 2026 est,
3196 1962 3416 2031 quando
3471 1963 3632 2019 miles

2057 2052 2249 2107 lancea
2285 2052 2427 2107 latus
2460 2050 2580 2121 ejus
2608 2050 2911 2105 vulneravit
2937 2069 2949 2104 :
2975 2050 3121 2121 quod
3148 2062 3327 2106 autem
3357 2052 3412 2106 in
3446 2056 3630 2124 sepul-

2056 2156 2150 2197 cro
2183 2143 2347 2198 etiam
2376 2143 2694 2196 vulneratus
2733 2141 2990 2210 jacuerit,
3038 2141 3317 2211 pr0palam
3367 2152 3468 2199 est.
3511 2144 3628 2200 Ca3—

2057 2242 2233 2290 terum
2264 2249 2390 2289 cum
2417 2234 2551 2288 dicit
2592 2247 2654 2288 se
2687 2233 2888 2288 factum
2930 2249 3053 2289 esse
3083 2233 3227 2289 sicut
3257 2235 3625 2303 vulneratum,

2053 2339 2107 2385 et
2134 2328 2366 2383 similem
2391 2326 2785 2383 dormientibus
2822 2327 2875 2381 in
2902 2327 3175 2398 sepulcro,
3208 2328 3297 2384 hic
3325 2330 3494 2385 series
3514 2346 3627 2386 non

2048 2415 2417 2483 terminatur;
2447 2416 2541 2471 sed
2570 2416 2616 2469 si
2642 2422 2812 2469 totum
2832 2424 3125 2472 connectas
3145 2417 3272 2473 dicti
3297 2420 3624 2475 sententiam

2053 2506 2426 2577 deprehendes
2462 2525 2475 2561 :
2508 2505 2710 2562 Factus
2742 2524 2883 2571 sum,
2915 2508 3111 2578 inquit,
3156 2510 3295 2563 sicut
3338 2510 3622 2576 uulnerati,

2051 2614 2272 2668 quorum
2294 2614 2398 2653 non
2427 2614 2481 2653 es
2512 2615 2711 2653 memor
2734 2599 2979 2668 amplius.
3008 2600 3201 2655 Caneri
3233 2616 3468 2672 namque
3499 2611 3624 2673 post

2051 2698 2282 2746 mortem
2330 2691 2387 2745 in
2425 2691 2691 2762 sepulcris
2719 2692 2973 2762 depositi,
3002 2693 3174 2749 relicti
3198 2701 3346 2760 sunt,
3389 2709 3452 2749 ac
3475 2705 3625 2750 terra

2050 2790 2105 2839 et
2142 2784 2322 2853 pulvis
2364 2793 2768 2849 remanserunt,
2821 2783 2932 2841 Deo
2966 2794 3093 2856 post
3143 2796 3371 2841 mortem
3415 2788 3623 2843 nullam

2050 2890 2239 2930 eorum
2288 2876 2604 2930 memoriam
2634 2878 2942 2932 retinente:
2975 2890 3076 2947 ego
3116 2892 3246 2932 vero
3280 2876 3455 2933 factus
3498 2892 3623 2934 sum

2051 2967 2194 3023 sicut
2224 2983 2366 3022 unus
2391 2980 2603 3032 eorum,
2637 2968 2765 3022 licet
2814 2982 2923 3021 non
2948 2968 3054 3023 illis
3101 2968 3294 3024 similis
3334 2970 3467 3037 sim;
3493 2984 3620 3025 nam

2049 3060 2156 3116 mei
2187 3067 2311 3130 post
2346 3058 2608 3115 inﬂictum
2632 3061 2852 3126 vulnus,
2886 3067 3010 3130 post
3044 3067 3274 3114 mortem
3298 3068 3351 3114 et
3378 3071 3501 3131 post
3525 3063 3621 3117 de-

2048 3151 2371 3221 positionem
2416 3152 2472 3206 in
2515 3152 2790 3221 sepulcro,
2837 3165 3049 3206 memor
3086 3149 3260 3216 fuisti,
3299 3165 3364 3205 ac
3408 3152 3517 3206 vita
3565 3162 3619 3208 et

2051 3245 2247 3308 salute,
2279 3258 2400 3313 qua:
2428 3258 2594 3313 penes
2624 3251 2674 3297 te
2705 3250 2811 3307 est,
2841 3243 3095 3314 dignatus
3121 3257 3206 3296 me
3242 3241 3523 3309 es.Quare
3551 3243 3624 3299 ab

2048 3336 2206 3391 initio
2225 3335 2518 3404 gratiarum
2545 3334 2774 3389 actionis
2798 3333 3055 3404 hymnum
3076 3333 3255 3389 emisit
3284 3334 3371 3389 his
3396 3333 3575 3388 verbis
3601 3354 3615 3390 :

2048 3428 2273 3482 Domine
2315 3426 2458 3481 Deus
2488 3427 2675 3481 salutis
2714 3442 2863 3488 mete,
2905 3426 2962 3478 in
2993 3427 3078 3479 die
3125 3425 3352 3478 clamavi
3378 3434 3428 3479 et
3468 3437 3622 3481 nocte

2047 3538 2229 3575 coram
2258 3528 2325 3574 te.
2353 3519 2486 3587 Qua
2514 3534 2601 3573 me
2624 3518 2943 3588 spectabant
2985 3516 3114 3571 talia
3152 3524 3330 3570 erant.
3360 3518 3617 3572 Attamen

2048 3611 2225 3666 factus
2256 3624 2377 3665 sum
2434 3609 2620 3662 multis
2648 3609 2705 3662 in
2753 3606 3005 3676 sepulcro
3039 3604 3347 3675 jacentibus
3391 3605 3617 3670 similia,

2045 3701 2141 3772 qui
2164 3715 2271 3755 non
2301 3698 2536 3768 amplius
2575 3696 2837 3752 memoria
2866 3703 2955 3750 tua
2979 3694 3128 3764 digni
3158 3694 3450 3761 habentur,
3484 3695 3618 3764 quia

2045 3791 2113 3847 de
2142 3806 2307 3845 manu
2341 3798 2435 3844 tua
2482 3788 2685 3859 repulsi
2731 3794 2880 3844 sunt.
2911 3787 3048 3841 Nam
3079 3787 3226 3842 illius
3270 3788 3391 3843 loco
3424 3805 3440 3843 :
3471 3789 3618 3854 Quo-

2044 3899 2163 3937 rum
2186 3899 2288 3937 non
2307 3898 2362 3937 es
2388 3897 2586 3934 memor
2612 3880 2858 3948 amplius,
2880 3889 2932 3933 et
2970 3879 3071 3949 ipsi
3098 3882 3162 3933 de
3199 3894 3361 3933 manu
3396 3888 3489 3934 tua
3537 3895 3619 3934 re-

2041 3975 2182 4045 pulsi
2205 3984 2347 4037 sunt,
2375 3973 2570 4043 Aquila
2592 3971 2758 4026 edidit
2789 3991 2802 4027 :
2830 3971 3068 4037 Quorum
3096 3987 3201 4024 non
3229 3970 3539 4025 recordatus
3562 3986 3617 4026 es

2042 4065 2210 4128 ultra,
2232 4073 2281 4117 et
2300 4062 2403 4132 ipsi
2427 4076 2492 4117 ex
2522 4076 2683 4114 manu
2712 4068 2800 4114 tua
2819 4059 3043 4114 abscissi
3062 4072 3187 4114 sunt
3211 4075 3230 4125 ;
3255 4058 3619 4135 Symmachus

2043 4164 2224 4211 autem
2259 4174 2272 4209 :
2310 4152 2548 4219 Quorum
2578 4168 2681 4207 non
2710 4149 3069 4206 recordaberis
3093 4150 3261 4218 ultra,
3284 4149 3425 4220 quia
3454 4162 3619 4203 manu

2044 4255 2135 4300 tua
2166 4244 2330 4299 excisi
2364 4253 2505 4298 sunt.

2112 4329 2279 4387 Vens.
2323 4329 2374 4383 7.
2415 4328 2715 4384 Posuerunt
2747 4342 2827 4383 me
2852 4327 2908 4381 in
2941 4325 3061 4381 lacu
3104 4325 3366 4396 inferiori,
3394 4326 3449 4381 in
3475 4333 3619 4382 tene-

2043 4421 2212 4477 brosis
2238 4429 2287 4476 ct
2318 4422 2376 4475 in
2417 4419 2606 4474 umbra
2656 4419 2862 4472 mortis.
2906 4415 3053 4472 Loco
3102 4417 3269 4481 illius,
3317 4416 3617 4471 Posuerunt

369 4520 807 4585 Ἀκύλας,”Εθου
834 4539 932 4591 με,
960 4524 989 4576 6
1022 4523 1078 4575 δὲ
1099 4518 1684 4593 Σύμμαχος,”Εταξάς
1708 4536 1805 4588 με,
1848 4520 1939 4571 ὲκ-

2049 4530 2145 4577 me,
2188 4513 2403 4584 Aquila,
2442 4510 2682 4566 Posuisti
2717 4525 2833 4574 me;
2889 4506 3251 4579 Symmachus
3290 4522 3440 4574 vero,
3494 4507 3617 4562 Sta-

354 4613 638 4668 δεδώκασι.
672 4615 751 4667 Δι’
774 4607 848 4668 ὧν
875 4614 1220 4686 παρίστησιν,
1243 4615 1326 4667 ὅτι
1351 4611 1579 4681 νεύματι
1608 4610 1701 4663 τοῦ
1732 4610 1943 4681 Πατρὸς

2042 4607 2192 4661 luisti
2224 4622 2325 4669 mc,
2353 4603 2659 4660 ediderunt.
2701 4600 2868 4667 Queis
2899 4600 3143 4654 declarat
3192 4614 3349 4679 seex
3390 4605 3526 4651 nutu
3559 4607 3614 4652 et

356 4711 450 4764 καὶ
481 4708 667 4780 βουλῇ,
702 4709 800 4778 οὐχ
842 4707 1029 4770 ἁπλῶς
1058 4707 1138 4769 είς
1176 4704 1267 4758 τὸν
1299 4704 1547 4767 θάνατον,
1592 4701 1711 4754 οὐδὲ
1744 4702 1824 4764 είς
1852 4701 1943 4754 τὸν

2049 4698 2318 4752 voluntate
2360 4694 2561 4760 Patris,
2610 4708 2721 4748 non
2770 4691 2932 4747 modo
2982 4690 3039 4745 in
3088 4700 3353 4754 mortem,
3413 4689 3466 4743 in
3531 4688 3615 4745 iu-

355 4803 487 4875 ᾅδην
532 4803 628 4856 καὶ
671 4802 761 4853 τὸν
794 4799 1125 4869 καλούμενον
1150 4798 1352 4851 λάκκον
1383 4792 1764 4865 κατελήλυθεν,
1807 4790 1943 4845 ἀλλὰ

352 4896 447 4949 καὶ
479 4896 558 4958 είς
581 4893 650 4946 τὰ
673 4891 949 4964 βαθύτατα
973 4890 1066 4943 καὶ
1091 4890 1161 4943 τὰ
1186 4887 1475 4942 κατώτατα
1504 4885 1598 4938 καὶ
1620 4883 1690 4937 τὰ
1718 4883 1939 4955 ἔσχατα,

348 4984 424 5045 ὼς
450 4983 515 5036 ἂν
546 4982 690 5035 είποι
718 4999 821 5045 τις,
845 4981 953 5034 τῶν
984 4980 1099 5033 ἐκεῖ
1128 4978 1359 5049 χωρίων.
1395 4974 1700 5046 Παρίστησι
1726 4973 1781 5026 δὲ
1810 4971 1934 5026 τοῦ-

348 5093 409 5128 το
441 5075 534 5128 καὶ
567 5074 728 5137 αὐτὸς
772 5074 831 5125 ὲν
879 5074 992 5135 τοῖς
1025 5069 1375 5139 Εὑαγγελίοις
1412 5068 1655 5137 φάσκων
1702 5065 1801 5118 Δεῖ
1824 5064 1933 5118 τὸν

358 5168 496 5222 Υίόν
523 5169 628 5223 τοῦ
654 5165 968 5236 ἀνθρώπου
988 5163 1236 5233 ποιῆσαι
1262 5165 1330 5216 ἐν
1354 5161 1429 5231 τῇ
1444 5159 1656 5229 καρδίᾳ
1682 5158 1792 5226 τῆς
1816 5156 1930 5228 γῆς

350 5258 507 5326 τρεῖς
539 5258 765 5329 ἡμέρας
810 5258 908 5311 καὶ
943 5255 1103 5325 τρεῖς
1144 5256 1389 5320 νύκτας.
1436 5253 1582 5305 Ἀντὶ
1613 5251 1669 5304 δὲ
1708 5249 1825 5315 τοῦ,
1857 5251 1927 5303 ἐν

349 5350 703 5417 σκοτεινοῖς,
740 5349 840 5403 καὶ
872 5350 942 5403 ἐν
970 5346 1115 5415 σκιᾷ
1150 5345 1428 5409 θανάτου,
1476 5346 1506 5397 6
1570 5342 1819 5405 Ἀκύλας,
1861 5342 1932 5394 ἐν

346 5442 699 5509 σκοτεινοῖς,
760 5442 912 5510 φησὶ,
968 5439 1069 5494 καὶ
1109 5439 1179 5492 ἐν
1205 5437 1437 5502 βυθοῖς·
1468 5438 1496 5489 6
1528 5435 1585 5488 δὲ
1613 5434 1929 5504 Σύμμαχος,

346 5534 417 5589 ἐν
436 5533 764 5600 σκοτεινοῖς
794 5530 1269 5600 ἐσκε,πἀσμένον⁸
1301 5530 1333 5600 ἡ
1364 5527 1419 5581 δὲ
1447 5527 1669 5597 πέμπτη
1699 5525 1927 5587 ἔκδοσις,

346 5623 419 5677 ἐν
442 5623 797 5691 σκοτεινοῖς,
836 5625 905 5678 ἐν
936 5621 1308 5685 καταδύτοις.
1355 5616 1524 5670 Τοῦτο
1546 5616 1603 5669 δέ
1636 5631 1725 5685 μοι
1752 5631 1930 5685 παρα-

2040 4790 2253 4844 {eruum
2313 4794 2369 4843 et
2431 4787 2487 4841 in
2561 4792 2920 4841 memoratum
2971 4783 3147 4837 laeum
3219 4781 3613 4846 descendisse;

2039 4880 2132 4935 sed
2176 4880 2341 4934 etiam
2372 4877 2427 4931 in
2465 4874 2921 4946 profundissima,
2957 4872 3145 4926 intima
3170 4879 3223 4924 et
3253 4878 3522 4932 extrema,
3551 4877 3613 4922 ut

2037 4971 2114 5025 ita
2145 4969 2432 5032 dicam,ibi
2457 4968 2633 5039 posita
2667 4968 2810 5021 loca.
2840 4963 3189 5034 ldipsumque
3219 4964 3273 5017 in
3300 4961 3614 5033 Evangeliis

2039 5066 2227 5114 narrat
2259 5058 2346 5114 his
2372 5058 2593 5113 verbis:
2629 5055 2845 5127 Oportet
2868 5054 2927 5108 4⁵
2930 5056 3082 5110 ilium
3130 5054 3354 5107 hominis
3400 5067 3615 5107 manere

2034 5151 2092 5204 in
2126 5148 2282 5204 corde
2325 5158 2477 5204 terra:
2523 5148 2693 5204 tribus
2726 5148 2907 5203 diebus
2954 5155 3005 5202 et
3059 5144 3225 5199 tribus
3270 5143 3509 5197 noctibus
3538 5142 3607 5201 ".

2035 5242 2142 5297 Pro
2180 5243 2273 5297 illo
2303 5250 2509 5307 autem,
2540 5243 2595 5295 in
2643 5241 2925 5295 tenebrosis
2960 5247 3009 5293 et
3056 5239 3112 5292 in
3157 5236 3348 5289 umbra
3396 5235 3607 5297 mortis,

2033 5336 2227 5406 Aquila
2256 5334 2336 5390 sic
2360 5334 2543 5397 habet,
2570 5334 2625 5386 in
2650 5333 2933 5386 tenebrosis
2956 5342 3004 5386 et
3034 5332 3089 5383 in
3118 5326 3396 5399 profundis
3418 5342 3436 5391 ;
3457 5325 3612 5397 Sym-

2033 5426 2261 5480 machus
2289 5439 2438 5487 vero,
2465 5424 2520 5476 in
2555 5422 2837 5476 tenebrosis
2871 5421 3166 5483 obtectum;
3198 5417 3387 5488 quinta
3414 5414 3606 5477 editio,

2028 5519 2087 5572 in
2115 5518 2421 5580 tenebrosis,
2463 5517 2519 5569 in
2562 5512 2822 5569 latibulis.
2855 5511 2970 5566 Hoc
3000 5520 3181 5565 autem
3222 5506 3536 5563 necessario
3573 5521 3607 5561 a

2032 5625 2121 5666 me
2148 5610 2498 5667 observatam
2540 5614 2646 5675 est,
2693 5621 2763 5662 ne
2793 5606 2919 5677 quis
2967 5604 3278 5676 suspicetur
3324 5601 3504 5671 ipsum
3543 5599 3602 5655 in

420 5779 467 5812 "
505 5775 523 5832 l
557 5777 685 5837 Cor.
718 5793 808 5844 xv,
841 5778 911 5844 3,
948 5778 1000 5833 4.
1078 5777 1123 5810 ’³
1163 5774 1265 5833 lsa.
1304 5789 1434 5841 Lm,
1466 5773 1519 5829 8.
1597 5773 1643 5806 "‘
1685 5768 1872 5826 Matth.
1915 5784 2023 5834 χιι,
2061 5767 2149 5822 40.
