4068 6394
526 388 664 446 1059

522 518 699 559 morte
732 521 836 558 non
872 504 1061 565 fuisse,
1092 506 1224 574 quia
1257 522 1286 559 a
1320 506 1458 559 LXX
1511 506 1907 577 lnterpretibus
1953 510 2080 564 dici-

2190 514 2482 582 τετήρηται
2518 514 2848 581 αναγκαίως,
2877 517 2953 578 ὡς
2996 517 3059 568 ἂν
3088 518 3162 587 μή
3205 535 3286 580 τις
3332 518 3582 590 ὑπολάϐῃ
3626 519 3716 590 μὴ
3758 523 3817 573 ἐν

519 604 629 659 tur,
674 600 727 649 in
777 597 1060 649 tenebrosis
1108 610 1156 649 et
1188 597 1244 649 in
1294 599 1482 649 umbra
1516 600 1721 650 mortis.
1768 598 1901 651 Nam
1942 616 2094 653 com-

520 697 862 743 monstratur
893 704 1017 743 eum
1055 690 1107 741 in
1143 690 1469 754 tenebrosis,
1496 690 1784 761 profundis
1810 700 1863 745 et
1894 694 2093 745 latibu-

519 781 589 835 lis
616 782 789 850 ipsius
823 782 1016 834 mortis
1050 780 1220 835 fuisse
1243 784 1628 851 :quamobrem
1664 799 1839 853 neque
1867 783 2095 839 Hebrai-

516 887 642 926 cum
689 872 989 940 exemplar,
1021 888 1197 942 neque
1239 875 1434 943 reliqui
1476 876 1819 944 interpretes,
1850 877 2092 928 umbram

516 964 702 1015 mortis
747 963 1089 1032 interpretati
1140 973 1287 1019 sunt.
1342 964 1475 1018 Nam
1530 974 1853 1035 praesentem
1900 968 2090 1031 vitam,

516 1054 768 1107 umbram
802 1055 997 1107 mortis
1038 1056 1359 1127 plerumque
1397 1074 1595 1113 vocare
1630 1056 1913 1127 Scriptum
1960 1072 2093 1111 con-

514 1146 713 1200 suevit.
742 1145 843 1199 llic
860 1162 989 1201 vero
1022 1146 1295 1215 Salvator,
1316 1153 1371 1203 in
1395 1151 1513 1219 ipsa
1539 1158 1711 1203 morte
1734 1148 2089 1213 constitutus,

513 1244 685 1289 totam
720 1242 1084 1292 ceconomiam
1136 1255 1292 1294 suam
1342 1240 1625 1295 describit.
1656 1271 1723 1280 —
1758 1239 1922 1295 Vens.
1950 1240 2005 1303 8,
2034 1240 2087 1294 9.

500 1322 683 1397 'Super
706 1348 785 1384 me
802 1334 1150 1401 conﬁrmatus
1172 1345 1249 1387 est
1280 1334 1433 1403 furor
1459 1345 1601 1397 tuus,
1623 1346 1670 1388 et
1692 1352 1868 1388 omnes
1900 1335 2090 1402 ﬂuctus

511 1428 632 1473 tuos
674 1422 934 1475 induxisti
971 1439 1124 1489 super
1153 1440 1251 1477 me.
1304 1424 1638 1493 Diapsalma.
1687 1424 1861 1494 Longe
1919 1425 2092 1492 fecisti

511 1520 666 1564 notos
703 1529 842 1566 meos
876 1531 907 1564 a
946 1531 1046 1575 me,
1065 1524 1349 1581 posuerunt
1384 1533 1465 1569 me
1500 1516 1943 1569 abominationem
1966 1516 2087 1570 sibi.

514 1601 769 1656 Traditus
804 1620 943 1666 sum,
980 1614 1029 1656 et
1054 1621 1155 1658 non
1184 1606 1506 1675 egrediebar.
1542 1606 1809 1672 Quoniam
1838 1609 2090 1664 Christus

511 1707 615 1761 pro
642 1694 803 1748 nobis
827 1703 1075 1749 mortuus
1098 1707 1201 1759 est,
1224 1697 1524 1751 secundum
1550 1698 1890 1766 Apostolum,
1914 1701 2090 1756 factus

509 1798 615 1853 pro
666 1785 824 1838 nobis
873 1785 1249 1850 maledictum;
1281 1786 1401 1839 ideo
1452 1797 1733 1852 scribitur,
1772 1788 2089 1843 Haledictus

1231 387 1493 443 EUSEBII
1532 389 2007 444 CAZSARIENSIS
2029 390 2179 447 OPP.
2222 392 2402 448 PARS
2435 393 2517 449 Ill.
2562 426 2611 433 —
2654 395 3061 453 EXEGLTICA.

3646 400 3806 456 ίοιο

2196 604 2410 673 θανάτῳ
2438 606 2598 656 αὑτὸν
2643 607 2943 674 γεγονέναι,
2976 606 3062 660 διὰ
3096 609 3157 660 τὸ
3200 609 3451 677 λέγεσθαι
3481 629 3553 662 πα
3566 611 3655 682 ρὰ
3692 613 3814 672 τοῖς

2210 696 2444 767 ’15εῶμή
2451 714 2636 759 κοντα,
2668 698 2739 748 ἐν
2762 699 3095 763 σκοτεινοῖς
3112 701 3205 751 καὶ
3229 701 3297 751 ἐν
3320 700 3463 766 σκιᾷ
3490 702 3806 756 θανάτοιν.

2195 786 2471 839 Δέδεικται
2515 790 2643 858 γάρ,
2677 789 2758 840 ὅτι
2788 790 2844 840 έν
2883 789 3287 858 ἐσκοτισμένοις
3324 791 3419 843 καὶ
3467 791 3671 860 βυθοίς
3708 792 3812 844 καὶ

2197 877 2515 939 καταδύτως
2535 878 2699 930 αὑτοῦ
2733 878 2829 930 τοῦ
2858 878 3089 930 Θανάτου
3110 880 3321 947 γέγονε
3358 880 3547 951 διόπερ
3572 881 3721 934 m
3744 882 3811 934 τὸ

2205 965 2510 1035 Ἕὸραῖκον,
2560 966 2681 1018 οὔτε
2709 970 2756 1019 οἱ
2789 967 2962 1019 λοιποὶ
2995 970 3345 1038 ἐρμηνευταὶ,
3388 972 3571 1023 σκιὰν
3602 971 3807 1024 θανά-

2194 1074 2320 1119 του,
2364 1058 2731 1127 ήρμήνευσαν.
2763 1059 2865 1110 Τὸν
2891 1060 2999 1128 γάρ
3029 1060 3270 1129 παρόντα
3299 1060 3411 1129 βίον
3441 1062 3535 1113 καὶ
3565 1061 3685 1131 τὴν
3715 1064 3805 1114 έν-

2194 1148 2437 1199 εστῶσαν
2466 1147 2633 1217 ζωὴν,
2664 1149 2919 1213 πολλάκις
2956 1153 2985 1203 6
3017 1150 3172 1218 λόγος
3201 1152 3355 1204 σκιάν
3386 1152 3630 1205 Θανάτου
3673 1154 3807 1206 εἴω-

2194 1237 2285 1290 θεν
2329 1240 2642 1294 ἀποκαλεῖν.
2704 1241 2968 1295 Ἐνταῦθα
3008 1242 3065 1294 δὲ
3097 1245 3125 1294 ὀ
3154 1244 3363 1313 Σωτὴρ,
3404 1246 3461 1296 ἐν
3505 1246 3677 1316 αὐτῷ
3720 1246 3804 1315 τῷ

2191 1329 2406 1399 θανάτῳ
2430 1331 2686 1397 γεγονὼς,
2718 1334 2895 1385 πᾶσαν
2918 1332 3082 1385 αὐτοῦ
3108 1334 3206 1404 τὴν
3225 1336 3531 1405 οἰκονομίαν
3558 1337 3805 1409 διαγρά-

2194 1438 2302 1489 φει.
2351 1424 2475 1476 Ἐπ’
2505 1423 2610 1492 ἐμὲ
2633 1423 2958 1493 ἐστηρίχθη
2987 1429 3019 1479 ὀ
3047 1427 3229 1493 θυμός
3251 1441 3388 1489 σου,
3416 1429 3511 1480 καὶ
3542 1430 3803 1497 πάντας

2191 1512 2814 1583 τοὺςομετεωρισμούς
2844 1532 2961 1567 σου
3004 1515 3300 1585 ἐπήγαγες
3344 1518 3437 1569 ἐπ’
3482 1519 3615 1587 ἐμέ.
3666 1519 3802 1574 Διά-

2190 1607 2418 1673 ψαλμα.
2458 1606 2821 1674 Ἐμάκρυνιις
2840 1608 2979 1673 τοὺς
2999 1612 3303 1677 γνωτούς
3330 1629 3449 1679 μου
3470 1613 3576 1665 ἀπ’
3606 1614 3795 1682 ἐμοῦ,

2190 1700 2394 1751 ἕθεν-τό
2414 1716 2490 1767 με
2521 1699 2837 1768 ,Βδέλυγμα
2865 1702 3116 1767 ἑαυτοῖς.
3148 1704 3508 1771 Παρεδόθην,
3543 1707 3647 1758 καὶ
3676 1710 3795 1760 οὐκ

2189 1788 2653 1858 ἐξεπορευιζμην.
2690 1791 2905 1862 Ἐπειδὴ
2924 1793 3155 1862 Χριστὸς
3178 1795 3315 1863 ὑπὲρ
3336 1795 3490 1865 ἡμῶν
3511 1798 3789 1861 ἀπέθανε,

513 1877 683 1929 omnis
706 1877 794 1947 qui
832 1876 1017 1945 pendet
1042 1878 1097 1929 in
1124 1877 1267 1946 ligno
1291 1878 1339 1909 "
1371 1896 1384 1931 :
1413 1886 1467 1930 et
1503 1880 1629 1947 quia
1662 1895 1809 1942 eum,
1838 1882 1931 1949 qui
1963 1898 2080 1950 pec-

2188 1881 2328 1934 κατά
2356 1882 2445 1933 τὸν
2491 1882 2828 1944 Ἀπόστολον;
2860 1884 3147 1954 γενόμενος
3185 1886 3323 1956 ὑπὲρ
3349 1890 3381 1956 ἡ
3391 1887 3507 1957 μῶν
3533 1889 3785 1959 κατάρα·

506 1978 692 2021 catum
730 1984 840 2022 non
880 1976 1123 2031 noverat,
1156 1968 1299 2024 Deus
1327 1985 1424 2038 pro
1456 1971 1612 2025 nobis
1642 1981 1926 2040 peccatum
1951 1973 2081 2027 effe-

510 2058 609 2121 cit,
658 2057 961 2111 secundum
1000 2060 1252 2113 eumdem
1283 2059 1603 2127 Apostolum
1627 2062 1693 2124 ",
1735 2061 1859 2130 iure
1896 2062 2082 2117 immi-

509 2157 731 2204 nentem
766 2150 946 2214 nobis,
980 2155 1072 2223 qui
1106 2167 1280 2220 nuper
1320 2152 1471 2221 impii
1499 2161 1553 2206 et
1600 2162 1920 2222 peccatores
1952 2172 2080 2209 era-

511 2258 656 2305 mus,
691 2243 827 2295 iram
860 2242 979 2309 Dei,
1010 2251 1063 2298 et
1091 2243 1333 2297 furorem
1358 2245 1478 2313 ejus
1512 2246 1807 2301 instantem
1838 2249 1997 2303 nobis
2026 2250 2083 2303 in

506 2352 572 2392 se
605 2337 949 2406 pertrahens,
970 2347 1133 2408 atque.
1158 2337 1230 2391 ob
1259 2338 1366 2391 vim
1397 2338 1483 2392 sui
1507 2354 1634 2409 erga
1667 2340 1916 2396 homines
1934 2356 2085 2395 amo-

511 2428 610 2491 ris,
652 2429 976 2497 s'ipplicium
1003 2435 1056 2482 et
1086 2428 1415 2481 destinatam
1447 2430 1607 2485 nobis
1649 2431 1910 2485 ultionem
1948 2432 2001 2485 in
2027 2448 2085 2486 se

509 2519 838 2587 suscipiens,
881 2520 978 2572 has
1008 2518 1312 2588 proferebat
1334 2536 1498 2575 voces
1524 2539 1538 2583 ;
1563 2528 1750 2589 utpote
1790 2522 1882 2590 qui
1908 2520 2085 2577 factus

509 2615 658 2663 esset
687 2612 872 2678 Agnus
902 2607 993 2662 Dei
1026 2609 1117 2679 qui
1152 2609 1294 2662 tollit
1330 2618 1620 2677 peccaturo
1658 2610 1869 2663 mundi.
1906 2609 2086 2675 Quare

514 2698 627 2751 haac
674 2697 741 2752 de
770 2699 863 2752 illo
892 2698 1157 2768 propheta
1192 2698 1433 2767 loquitur
1464 2717 1477 2751 :
1518 2698 1620 2750 Hic
1647 2708 1861 2765 peccata
1904 2709 2085 2753 nostra

506 2797 708 2858 portat,
738 2798 787 2842 et
814 2805 909 2858 pro
932 2790 1081 2842 nobis
1112 2790 1383 2841 cruciatur
1413 2803 1430 2841 :
1463 2789 1575 2856 ejus
1600 2790 1759 2843 vibice
1789 2806 1881 2843 nos
1910 2792 2087 2843 sanati

509 2896 715 2943 sumus,
750 2891 797 2933 et
833 2880 1091 2933 Dominus
1127 2880 1349 2932 tradidit
1382 2896 1499 2933 eum
1524 2881 1754 2947 peccatis
1789 2884 1986 2935 nostris
2018 2882 2083 2931 9’.

511 2969 638 3023 Haec
667 2972 832 3043 igitur
868 2980 921 3023 et
953 2972 1068 3042 ipse
1098 2970 1338 3024 declarat
1370 2970 1422 3023 in
1452 2971 1681 3039 psalmo,
1713 2971 1902 3026 dicens
1936 2988 1951 3026 ε
1982 2970 2087 3025 Su-

510 3079 600 3132 per
646 3081 728 3117 me
770 3069 1113 3133 conﬁrmatus
1134 3078 1210 3118 est
1242 3063 1391 3134 furor
1418 3077 1560 3129 tuus,
1594 3076 1640 3118 et
1677 3079 1853 3119 omnes
1894 3063 2085 3131 ﬂuctus

512 3167 632 3211 tuos
687 3156 948 3210 induxisti
992 3173 1146 3224 super
1171 3174 1270 3211 me.
1304 3156 1409 3210 Pro
1436 3172 1545 3227 quo
1594 3155 1955 3227 Symmachus
1986 3163 2083 3218 ait,

511 3246 680 3315 Super
702 3264 782 3301 me
812 3259 1127 3317 aggravatus
1157 3258 1233 3301 est
1264 3248 1414 3316 {uror
1438 3259 1578 3313 tuus,
1604 3258 1652 3302 et
1679 3250 1921 3316 procellis
1949 3252 2081 3320 αθη-

508 3354 669 3395 ειασει
712 3359 811 3396 me.
846 3342 978 3395 Nam
1035 3359 1135 3397 ceu
1192 3344 1410 3413 quidam
1460 3345 1873 3398 amantissimus
1906 3354 2077 3413 pater,

508 3434 854 3503 tempestatis
884 3442 977 3487 aut
1010 3435 1133 3489 belli
1165 3446 1407 3504 tempore
1436 3436 1704 3507 genuinos
1734 3435 1871 3489 ﬁlios
1898 3446 2081 3504 prote-

509 3540 667 3595 gens,
701 3525 825 3579 illos
858 3525 1079 3594 quidem
1121 3527 1437 3587 occultavit,
1467 3528 1521 3578 in
1547 3526 1688 3579 ulnis
1715 3526 1973 3595 obtegens
1998 3532 2083 3577 at-

504 3632 615 3686 que
639 3618 690 3669 in
718 3625 833 3669 tuto
860 3632 1067 3685 ponens
1089 3635 1103 3681 ;
1124 3632 1244 3671 sese
1281 3633 1412 3672 vero
1444 3619 1699 3687 procellis
1735 3634 1798 3673 ac
1826 3620 1953 3674 telis
1982 3634 2079 3687 pro

502 3707 761 3761 omnibus
790 3707 1011 3775 objecit,
1046 3716 1277 3761 mortem
1306 3724 1461 3762 suam
1494 3723 1590 3777 pro
1630 3709 1868 3762 tilioruin
1899 3710 2078 3763 salute

505 3798 564 3851 in
596 3800 1079 3853 commutationem
1113 3799 1357 3862 tradens,
1393 3809 1446 3853 et
1476 3801 1612 3852 iram
1645 3800 1753 3854 illis
1792 3800 2079 3853 imminen-

510 3898 617 3940 tem
657 3887 723 3939 ad
778 3902 837 3941 se
883 3894 1231 3941 convertens.
1258 3886 1623 3952 Quamobrem
1648 3889 1739 3957 qui
1773 3889 2078 3943 benedictio

506 3976 603 4032 Dei
657 3987 797 4040 erat,
838 3978 1015 4033 factus
1048 3987 1134 4033 est
1168 3978 1558 4047 maledictum;
1609 3986 1665 4033 et
1716 3981 1809 4049 qui
1862 3980 2077 4049 justitia

505 4074 646 4131 erat,
680 4067 855 4145 factus
880 4076 965 4123 est
1012 4078 1296 4138 peccatum
1337 4087 1349 4121 :
1384 4069 1734 4139 furoremque
1763 4070 1856 4123 Dei
1886 4078 2076 4124 contra

505 4159 756 4213 homines
788 4170 1139 4230 aggravatuiu
1168 4162 1234 4214 ad
1270 4178 1329 4216 se
1364 4162 1712 4231 pertrahens,
1749 4162 1929 4231 ipsum
1955 4163 2076 4231 qui-

508 4254 630 4308 dem
664 4254 761 4308 abs
781 4270 838 4308 se
862 4257 1099 4323 repulit;
1133 4256 1206 4309 ita
1242 4264 1299 4307 ut
1331 4271 1505 4323 neque
1532 4270 1590 4309 se
1626 4271 1801 4323 neque
1828 4256 1965 4309 alios
1992 4256 2075 4309 vel

508 4346 793 4398 minimum
837 4346 1091 4411 laederet;
1139 4347 1288 4399 illum
1324 4362 1452 4399 vero
1477 4355 1662 4414 utpote
1704 4345 1942 4409 Patrem,
1979 4347 2075 4399 lio-

504 4437 715 4491 minum
742 4439 923 4505 generi
954 4438 1227 4505 placatum
1282 4437 1544 4490 reddidit.
1579 4437 1863 4502 Quomodo
1894 4443 2073 4489 autem

502 4542 697 4583 omnes
730 4529 986 4597 discipuli
1019 4529 1137 4597 ejus
1170 4539 1410 4598 tempore
1465 4528 1737 4597 passionis
1768 4527 1943 4595 ipsum
1975 4526 2073 4579 de-

500 4618 811 4684 seruerint;
849 4619 939 4670 alii
982 4625 1163 4672 autem
1196 4619 1533 4689 negaverint,
1563 4634 1671 4671 non
1706 4625 1789 4672 est
1814 4616 1959 4685 quod
1987 4632 2073 4669 re-

504 4710 763 4772 feramus,
826 4708 1045 4778 quando
1102 4718 1337 4778 quatuor
1375 4709 1719 4778 evangelista:
1780 4706 1939 4760 simul
1990 4705 2073 4758 id-

501 4801 680 4870 ipsuin
733 4817 833 4853 nus
876 4800 1128 4853 edocent.
1173 4797 1296 4851 Hazc
1330 4800 1496 4867 igitur
1542 4800 1629 4852 ille
1676 4797 2069 4866 pra-nuntians,

504 4893 590 4945 liis
621 4894 847 4945 vocibus
877 4892 1227 4953 vaticinatur,
1260 4906 1397 4958 quas
1430 4888 1791 4958 Symmachus
1847 4887 1945 4941 hac
1981 4902 2070 4939 ra—

500 4989 651 5038 tione
701 4984 1087 5051 interpretatus
1115 4989 1219 5044 est,
1243 4980 1418 5051 Longe
1448 4980 1620 5048 fecisti
1661 4987 1808 5031 notos
1842 4994 1981 5031 meos
2036 4996 2070 5031 α

499 5090 583 5129 me
617 5089 635 5127 :
666 5076 886 5143 posuisti
920 5090 997 5127 me
1045 5072 1446 5125 abominabilem
1482 5074 1634 5140 ipsis,
1666 5070 1982 5123 custoditum
2018 5081 2066 5124 et

498 5180 602 5219 non
630 5164 1063 5232 progralientem.
1102 5160 1256 5215 Tunc
1288 5163 1471 5232 itaque
1496 5164 1672 5230 ipsum
1702 5161 1951 5229 discipuli
1978 5164 2067 5215 ab-

500 5262 789 5323 negarunt,
824 5270 947 5307 cum
1001 5254 1057 5306 in
1114 5254 1278 5307 domo
1306 5254 1524 5321 Caiplize
1564 5253 1759 5307 summi
1796 5251 2067 5320 pontificis

500 5346 557 5398 in
605 5345 855 5397 custodia
904 5345 1261 5399 detineretur.
1295 5374 1365 5384 ——
1402 5344 1567 5398 Vens.
1612 5344 1700 5397 10.
1763 5342 1917 5397 Oculi
1968 5343 2069 5396 mei

498 5437 813 5507 languerunt
844 5453 953 5505 prce
989 5439 1185 5505 inopia.
1220 5437 1460 5491 Clamavi
1482 5437 1548 5491 ad
1582 5447 1647 5500 te,
1680 5436 1921 5499 Domine,
1956 5445 2065 5489 tota

498 5528 602 5589 die,
629 5528 855 5595 expandi
884 5528 951 5580 ad
988 5537 1035 5580 te
1084 5545 1270 5581 manus
1320 5546 1483 5582 meas.
1536 5528 1659 5581 llaec
1696 5529 1819 5581 item
1862 5527 2064 5595 clarius

499 5616 860 5687 Symmachus
889 5620 1057 5673 edidit
1100 5621 1183 5674 liis
1211 5622 1387 5675 verbis
1423 5641 1433 5674 ε
1463 5622 1659 5674 Oculus
1696 5636 1837 5674 meus
1867 5620 2063 5690 e/ﬂuxit

567 5776 611 5806 ³⁸
652 5772 807 5829 Deut.
846 5791 966 5837 xxi,
1003 5776 1108 5839 ‘25;
1152 5774 1267 5829 Gul.
1310 5792 1398 5844 iii,
1444 5777 1522 5831 l3.
1599 5777 1644 5807 ⁹⁶
1688 5776 1724 5829 11
1760 5777 1883 5831 Cor.
1924 5793 1976 5841 v,
2011 5775 2100 5831 21.

2181 1971 2248 2024 δι’
2276 1972 2303 2023 ὃ
2328 1972 2650 2041 γέγραπται·
2698 1974 3157 2041 Ἐπικατάρατος
3194 1975 3309 2042 πᾶς
3341 1980 3373 2029 ὀ
3402 1978 3787 2047 κρεμάμενος

2181 2055 2281 2108 ἐπὶ
2324 2058 2537 2120 ξύλου,
2588 2058 2683 2109 καὶ
2732 2058 2916 2128 ἐπειδὴ
2971 2060 3061 2111 τὸν
3101 2060 3174 2130 μὴ
3205 2061 3401 2127 γνόντα
3440 2064 3725 2134 ἁμαρτίαν
3754 2066 3783 2115 6

2182 2148 2314 2210 Θεὸς
2342 2149 2481 2220 ὑπὲρ
2512 2149 2668 2219 ἡμῶν
2706 2151 2980 2221 ἁμαρτίαν
3008 2151 3256 2222 ἐποίησε,
3290 2152 3431 2205 κατά
3455 2153 3546 2206 τὸν
3578 2154 3780 2214 αὑτὸν,

2184 2240 2406 2303 εἰκότως
2434 2240 2529 2310 τὴν
2558 2243 2687 2311 ἡμῖν
2714 2244 2828 2305 τοῖς
2854 2243 3113 2313 πρότερον
3139 2242 3358 2295 ἀσεϐέσι
3385 2245 3479 2296 καὶ
3505 2245 3780 2313 ἁμαρτω-

2184 2331 2293 2395 λθῖς
2327 2332 2680 2401 ἐπικειμένην
2708 2333 2877 2404 ὀργὴν
2908 2334 3000 2387 τοῦ
3029 2335 3185 2397 Θεου,
3220 2335 3312 2386 καὶ
3350 2335 3440 2387 τὸν
3468 2334 3645 2404 θυμὸν
3675 2336 3778 2389 αὐ-

2183 2423 2278 2477 τοῦ
2326 2426 2415 2477 τὸν
2455 2425 2575 2478 καθ’
2620 2426 2776 2495 ἡμῶν
2821 2428 2901 2488 εἰς
2946 2427 3136 2481 ἑαυτὸν
3184 2427 3654 2497 ἐπισπασάμενος,
3706 2428 3774 2480 δι’

2187 2515 2626 2585 ὑπερϐάλλουσάν
2668 2534 2728 2569 τε
2763 2518 3168 2587 φιλανθρωπίαν
3218 2516 3615 2587 ἀναδεξάμενος
3673 2518 3777 2590 τὴν

2185 2610 2322 2680 ὒπὲρ
2354 2609 2509 2680 ἡμῶν
2538 2610 2806 2681 τιμωρίαν
2835 2627 2896 2662 τε
2939 2611 3032 2661 καὶ
3062 2609 3305 2675 κόλασιν,
3335 2609 3434 2671 τὰς
3468 2609 3775 2679 προκειμέ-

2186 2717 2283 2763 νας
2314 2701 2643 2772 προφέρεται
2669 2701 2870 2770 φωνάς·
2898 2701 2994 2754 ἆτε
3025 2700 3088 2769 δὴ
3122 2700 3409 2770 γενόμενος
3450 2700 3647 2769 ’Λμνὸς
3675 2698 3773 2752 τοῦ

2186 2791 2321 2844 Θεοῦ
2352 2794 2381 2844 ὁ
2411 2793 2579 2863 αἴρων
2606 2791 2704 2862 τὴν
2732 2792 3003 2863 ἁμαρτίαν
3035 2790 3129 2844 τοῦ
3160 2792 3383 2862 κέσμου.
3423 2793 3512 2845 Διό
3546 2810 3717 2863 φησιν
3744 2795 3774 2846 6

2187 2883 2468 2954 προφήτης
2518 2883 2645 2952 περὶ
2688 2882 2870 2935 αὑτοῦ·
2902 2878 3090 2948 Οὗτος
3137 2883 3243 2949 τὰς
3282 2883 3568 2952 ἁμαρτίας
3596 2884 3774 2952 ἡμῶν

2185 2971 2367 3040 φέρει,
2395 2974 2489 3025 καὶ
2519 2973 2651 3041 περὶ
2679 2972 2847 3041 ἡμῶν
2870 2972 3170 3028 ὀδυνᾶται·
3206 2972 3285 3038 τῷ
3309 2972 3551 3042 μώλωπι
3578 2972 3771 3028 αὑτοῦ

2186 3064 2357 3134 ἡμεῖς
2384 3064 2650 3133 ἱὰθημεν,
2686 3064 2785 3117 καὶ
2813 3066 3026 3133 Κύριος
3055 3065 3395 3133 παρέδωκεν
3422 3064 3610 3118 αὐτὸν
3640 3065 3771 3129 ταῖς

2188 3157 2496 3224 ἁμαρτίαις
2528 3156 2712 3224 ἡμῶν.
2750 3154 2919 3207 Τοῦτο
2948 3156 3124 3208 τοίνυν
3163 3158 3255 3209 καὶ
3280 3158 3441 3220 αὐτὸς
3469 3157 3770 3228 παρίστησι

2108 3224 2156 3291 C
2187 3249 2276 3306 διὰ
2314 3247 2408 3303 τοῦ
2445 3247 2544 3320 ψα)
2560 3247 2660 3321 μοῦ
2691 3246 2933 3319 quantum
2994 3248 3117 3304 Ἐπ’
3158 3248 3259 3320 ἐμὲ
3292 3224 3705 3320 ἐπεστηρτίχῡη
3735 3256 3769 3305 ὀ

2187 3346 2373 3413 θυμός
2404 3359 2541 3405 σου,
2580 3356 2676 3395 και
2728 3341 2956 3407 πάντας
3000 3342 3141 3407 τοὺς
3171 3343 3609 3412 μετειιψισμούς
3647 3358 3769 3395 σου

2183 3436 2481 3505 ἐπήγαγες
2505 3436 2597 3488 ἐπ’
2617 3434 2741 3504 ἐμέ.
2759 3436 2897 3486 Ἀνθ’
2928 3428 2988 3486 οὗ
3021 3452 3183 3505 φησιν
3214 3436 3241 3486 ὁ
3268 3434 3582 3504 Σύμμαχος,
3599 3433 3766 3503 Ἐμοὶ

2183 3529 2496 3594 ἐπέϐρισεν
2524 3531 2556 3580 ό
2579 3527 2764 3595 θυμός
2790 3530 2945 3589 ’σου,
2981 3527 3076 3578 καὶ
3105 3526 3232 3590 ταῖς
3258 3526 3597 3593 καταιγίσιν
3621 3523 3766 3579 ἐκά-

2184 3616 2381 3681 κωσάς
2433 3631 2527 3683 με.
2563 3610 2664 3667 Οἷα
2704 3614 2810 3685 γάρ
2836 3631 2917 3676 τις
2950 3613 3297 3683 φιλόστοργος
3336 3613 3518 3685 πατὴρ
3542 3616 3600 3667 ὲν
3643 3614 3767 3685 ὥρᾳ

2184 3706 2501 3777 χειμῶνοςῆ
2528 3704 2785 3774 πολέμου,
2816 3704 3053 3773 γνησίων
3083 3704 3214 3755 υἱῶν
3243 3702 3615 3773 προασπίζων,
3636 3706 3765 3768 τοὺς

2187 3799 2285 3868 μὲν
2337 3797 2638 3851 ἐκάλυπτεν
2687 3796 3054 3867 ἀποκρύπτων
3108 3795 3202 3848 καὶ
3253 3796 3469 3848 σκέπων
3511 3797 3615 3851 ὑπὸ
3662 3798 3763 3860 τὰς

2187 3891 2322 3953 ἰδίας
2352 3891 2617 3957 ἀγκάλας
2650 3891 2840 3943 ἑαυτὸν
2860 3890 2916 3941 δὲ
2939 3888 3058 3941 ἀντὶ
3089 3888 3302 3941 πάντων
3331 3890 3452 3951 ταῖς
3479 3890 3761 3955 καταιγίσι

2182 3982 2277 4033 καὶ
2321 3982 2433 4043 τοῖς
2479 3980 2653 4049 βέλεσι
2698 3981 2945 4048 παρεῖχε,
2981 3978 3078 4048 τῆς
3106 3978 3214 4031 τῶν
3256 3978 3462 4030 παίδων
3486 3980 3762 4049 σωτηρίας

2180 4072 2271 4123 τὸν
2298 4070 2460 4124 αὑτοῦ
2489 4071 2714 4124 θάνατον
2740 4069 3373 4139 ἀντικαταλλαττόμενος,
3405 4070 3496 4122 καὶ
3524 4070 3613 4123 τὸν
3639 4072 3759 4123 κατ’

2181 4164 2403 4216 ἐκείνων
2447 4163 2616 4233 θυμὸν
2658 4163 2736 4224 εἰς
2774 4164 2962 4237 ἑαυτον
2995 4163 3370 4233 ἀποστρέφων.
3403 4164 3480 4215 Δι’
3514 4162 3542 4216 ὃ
3568 4163 3758 4231 γέγονε

2182 4256 2414 4327 κατάρα,
2459 4258 2492 4326 ἡ
2534 4254 2751 4321 εὐλογία
2789 4253 2882 4305 τοῦ
2931 4252 3065 4305 Θεοῦ
3099 4254 3256 4317 αὐτὸς
3287 4253 3381 4306 ὧν·
3416 4255 3509 4307 καὶ
3536 4254 3759 4323 γέγονεν

2181 4348 2443 4419 ἁμαρτία,
2481 4346 2790 4417 δικαιοσύνη
2823 4346 3126 4415 τυγχάνων,
3169 4346 3261 4396 καὶ
3287 4344 3378 4396 τὸν
3406 4347 3523 4397 κατ’
3550 4344 3760 4416 ἀνθρώ-

2181 4455 2297 4489 πων
2341 4436 2699 4507 ὲπιϐρίσαντα
2744 4435 2914 4504 θυμὸν
2956 4433 3049 4486 τοῦ
3097 4432 3231 4486 Θεοῦ
3266 4435 3346 4497 εἰς
3378 4434 3568 4488 ἑαυτὸν
3601 4452 3757 4507 περι-

2181 4529 2415 4591 σπάσας,
2451 4529 2542 4580 τὸν
2588 4528 2684 4597 μὲν
2723 4526 2781 4590 ἐξ
2814 4526 3007 4578 ἑαυτοῦ
3054 4525 3421 4587 διεσκέδασεν,
3466 4524 3542 4589 ὡς
3592 4527 3757 4599 μηδὲν

2108 4583 2149 4637 D
2182 4621 2303 4691 μήτ’
2332 4583 2511 4681 αθτὸν,
2542 4583 2665 4689 μηθ’
2693 4583 2911 4688 ἐτέρους
2934 4616 3202 4686 ἀδικῆσαι·
3237 4616 3328 4667 τὸν
3350 4583 3756 4687 δ’νοῖα

2176 4707 2334 4758 ἵλεων
2364 4705 2442 4774 τῷ
2473 4704 2581 4756 τῶν
2611 4703 2914 4774 ἀνθρώπων
2958 4704 3329 4772 κατεστήσατο
3366 4702 3521 4770 γένει.
3569 4704 3756 4766 Ὅπως

2176 4798 2231 4849 δὲ
2257 4799 2454 4861 πάντες
2480 4800 2527 4849 οἱ
2560 4797 2797 4867 μαθηταὶ
2822 4796 3270 4849 καταλελοίπασιν
3299 4797 3457 4850 αὑτὸν
3484 4797 3637 4867 παρὰ
3665 4797 3756 4849 τὸν

2174 4890 2362 4960 καιρὸν
2395 4889 2488 4941 τοῦ
2529 4890 2752 4951 πάθους,
2797 4890 2845 4939 οἱ
2894 4888 2945 4940 δὲ
2999 4890 3093 4941 καὶ
3125 4890 3448 4960 ἠρνήσαντο,
3482 4888 3633 4941 οὐδὲν
3675 4890 3757 4942 δεῖ

2171 4981 2369 5049 λέγειν,
2424 4982 2530 5033 τῶν
2577 4981 2857 5051 τεσσάρων
2899 4979 3299 5047 εὐαγγελιστῶν
3346 4979 3649 5051 συμφώνως
3686 4981 3755 5033 τά

2169 5074 2309 5125 αὑτὰ
2340 5072 2714 5125 διδασκόντων.
2743 5071 2889 5125 Aura
2912 5071 2976 5141 δὴ
3010 5067 3101 5124 οὖν
3128 5071 3301 5124 ταῦτα
3335 5072 3585 5142 προλέγει
3617 5089 3754 5142 προ-

2168 5164 2416 5233 φητεύων
2448 5164 2510 5216 τὸ
2548 5164 2739 5233 μέλλον
2768 5164 2857 5217 διὰ
2889 5164 2998 5214 τῶν
3045 5163 3418 5233 προκειμένων
3448 5162 3662 5231 φωνῶν,
3687 5162 3754 5225 ἃς

2167 5259 2195 5309 6
2227 5256 2520 5326 Σύμμαχος
2551 5255 2739 5308 τοῦτον
2765 5256 3076 5326 ἡρμήνευσε
3110 5256 3199 5309 τὸν
3232 5254 3450 5325 τρόπον’
3504 5254 3752 5320 Μακρὸν

2166 5347 2460 5413 ἐποίησας
2498 5348 2640 5413 τοὺς
2686 5348 2994 5413 νγωστούς
3029 5364 3149 5416 μου
3185 5347 3284 5399 ἀπ’
3319 5346 3485 5415 ἐμοῦ·
3533 5344 3752 5409 ἕταξάς

2164 5454 2240 5506 με
2264 5437 2607 5500 ,ϐδελυκτὸν
2633 5436 2857 5501 αὐτοῖς,
2886 5437 3333 5505 φροιιοούμενον
3368 5435 3465 5489 καὶ
3487 5434 3574 5504 μὴ
3606 5450 3751 5502 προ-

2169 5529 2512 5595 ερχόμενον.
2554 5526 2686 5579 Τότε
2716 5525 2846 5596 γοῦν
2894 5526 3044 5578 ιὺτὸν
3084 5526 3179 5579 καὶ
3208 5527 3511 5597 ἠρνήσαντο
3552 5527 3601 5577 οἱ
3648 5541 3751 5595 μα-

2170 5619 2347 5689 θηταὶ,
2384 5619 2543 5689 ἡνίκα
2569 5619 2880 5691 ἐφρουρεῖτο
2907 5619 2963 5674 ὲν
2994 5620 3063 5689 τῇ
3096 5618 3241 5691 οἰκία
3274 5618 3498 5688 Καῖάφα
3528 5615 3621 5671 τοῦ
3647 5616 3747 5688 ἁρ-

2179 5777 2219 5807 θτ
2262 5772 2364 5829 lsa.
2404 5789 2525 5839 Lllt,
2560 5773 2676 5828 ’5-5.

3986 126 4003 367 1
