4068 6394
336 325 468 382 1061

1499 330 2004 388 COMMENTABIA
2041 324 2107 389 ΙΝ
2145 325 2486 391 ΡδΑΙιΜΟΞ.

3453 348 3593 405 i062

331 447 578 518 χιερέως.
619 449 681 500 Οἱ
725 448 1017 518 ὀφθαλμοί
1064 468 1183 520 μου
1223 450 1576 519 ὴσθένησιιν
1605 453 1721 507 ἀπὸ
1763 466 1886 506 πτω

2017 464 2227 523 propter
2260 461 2584 510 vexationem
2626 474 2644 510 :
2680 459 2920 514 invocavi
2947 470 2993 516 te
3016 463 3236 532 singulis
3265 465 3469 530 diebus,
3491 486 3588 523 ex.-

330 541 520 608 χείας.
560 540 883 608 Ἐκέκραξα
932 541 1082 609 πρὸς
1102 543 1196 607 σὲ,
1224 545 1418 610 Κύριε,
1447 544 1600 612 ὅλην
1626 545 1742 611 τὴν
1771 545 1912 614 ἠμέ-

322 646 462 698 par,
496 629 816 684 διεπέτασα
842 631 992 698 πρὸς
1020 631 1095 685 σὲ
1118 633 1223 698 τὰς
1250 633 1452 703 χεῖράς
1475 653 1615 704 μου.
1644 636 1913 703 Σαφέστε-

333 738 424 792 ρον
456 721 748 775 καὶταῦτα
785 723 813 774 6
847 722 1142 794 Σύμμαχος
1186 725 1446 789 ἐξέδωκεν
1489 727 1676 779 εἰπών·
1719 729 1772 779 Ὁ
1808 729 1913 796 όφ-

330 814 555 881 θαλμός
580 830 699 882 μου
729 812 1088 880 ἐξέρῤευσεν
1119 815 1234 869 ἀπὸ
1266 814 1378 882 τῆς
1410 816 1745 883 κακώσεως·
1774 818 1909 870 ἐπε-

326 902 683 972 καλεσάμην
725 919 800 956 σε
833 905 960 966 καθ’
987 904 1254 973 ἑκάστην
1298 907 1547 975 ἡμέραν,
1586 908 1910 963 διεπέτασα

325 993 478 1062 πρὸς
511 993 586 1047 σὲ
623 994 728 1059 τὰς
772 993 974 1062 χεῖράς
1000 1013 1138 1064 μου.
1193 997 1520 1068 Ἀπεκλᾴετο
1561 998 1668 1070 γάρ
1700 1001 1786 1053 ἀεὶ
1814 1001 1911 1066 τάς

322 1085 432 1138 τῶν
480 1084 781 1156 ἀνθρώπων
836 1085 1230 1157 ταλαιπωρίας,
1283 1089 1374 1140 καὶ
1430 1090 1555 1152 τοὺς
1595 1089 1909 1162 ὀφθαλμοὺς

324 1178 516 1231 ἐαυτοῦ
543 1177 847 1234 κατεπόνει.
876 1177 1102 1248 δάκρυσι
1136 1177 1347 1231 πενθῶν
1374 1179 1471 1250 τὴν
1503 1180 1776 1234 ἀπώλειαν
1801 1183 1908 1235 τῶν

327 1267 403 1340 μὴ
437 1267 886 1337 καταδεξαμένων
916 1269 1098 1321 αὐτόν.
1147 1270 1257 1322 Καὶ
1301 1269 1375 1332 ὡς
1409 1271 1507 1342 τὴν
1557 1271 1909 1343 Ἰερουσαλὴμ

323 1359 723 1422 άπεκλαύσατο,
757 1359 929 1422 οὓτως
973 1360 1114 1423 εἰκὸς
1157 1355 1225 1430 ἦν
1259 1361 1354 1413 καὶ
1389 1361 1481 1414 τοῦ
1515 1363 1908 1434 προδεδωκότος

322 1450 484 1502 αὑτὸν
515 1449 812 1503 ἀποστόλου
837 1449 934 1520 τὴν
957 1449 1273 1504 ἀπόπτωσιν
1304 1451 1511 1504 καὶτοῦ
1540 1453 1740 1515 παντὸς
1776 1455 1906 1505 Ἰου-

319 1541 486 1595 δαίων
525 1541 710 1605 ἐθνους
756 1541 855 1611 τὴν
899 1541 1202 1612 ἀποϐολὴν,
1251 1543 1344 1596 καὶ
1395 1543 1502 1596 τῶν
1547 1543 1750 1597 λοιπῶν
1797 1543 1906 1597 τῶν

319 1633 702 1704 ἀπολλυμένων
733 1633 823 1686 τὸν
849 1633 1086 1704 ὄλεθρον,
1129 1629 1217 1686 οἷα
1246 1634 1624 1707 φιλάνθρωπον
1654 1636 1748 1689 καὶ
1765 1652 1903 1689 παν-

317 1724 522 1794 αγάθου
547 1725 760 1796 ῐιατρὸς
804 1726 918 1778 υἱὸν
953 1725 1422 1778 ἀποκλαύσασθαι·
1456 1726 1525 1779 δι’
1570 1720 1631 1779 οὗ
1680 1729 1773 1781 καὶ
1803 1727 1903 1790 τὰς

2015 545 2176 614 pandi
2205 546 2273 598 ad
2302 557 2349 600 te
2372 565 2559 601 manus
2585 563 2749 602 meas.
2783 549 2851 602 At
2871 553 3016 605 enim
3065 568 3278 623 semper
3307 556 3590 613 hominum

2015 637 2266 692 miserias
2299 637 2552 701 deflebat,
2588 641 2890 711 oculosque
2920 643 3190 714 afﬂigebat
3216 661 3369 712 suos,
3395 663 3587 702 eorum

2013 727 2104 796 qui
2137 743 2196 782 se
2220 744 2328 781 non
2362 739 2718 800 susceperant
2740 734 3037 802 perniciem
3063 735 3374 804 depl‘Orans.
3409 739 3591 810 Atque

2014 825 2074 870 ιιι
2117 817 2545 890 Hierosolymam
2579 822 2834 894 lacrymis
2868 827 3328 894 prosequebatur;
3376 829 3451 883 ita
3489 846 3589 898 par

2011 917 2128 962 erat
2157 925 2279 965 eum
2311 919 2497 980 utpote
2527 911 2807 967 hominum
2842 920 3452 989 amantem,optimique
3482 921 3588 975 Pa-

2013 999 2114 1053 tris
2146 999 2336 1064 ﬁlium,
2369 1001 2667 1070 proditoris
2698 1004 2926 1072 apostoli
2964 1019 3176 1072 casum,
3201 1009 3368 1063 totius
3391 1007 3583 1063 Judai-

2011 1104 2088 1143 ca:
2113 1090 2292 1160 gentis
2327 1090 2716 1160 abjectioncm,
2748 1107 2812 1147 ac
2840 1094 3175 1164 reliquorum
3206 1099 3297 1168 qui
3331 1101 3584 1170 peribant

2009 1181 2224 1234 ruinam
2257 1181 2453 1237 deﬂere
2477 1203 2488 1237 :
2519 1199 2624 1252 qna
2646 1183 2713 1238 de
2741 1200 2905 1240 causa
2936 1202 3128 1242 manus
3152 1191 3492 1260 expandebat
3517 1208 3582 1248 ac

2009 1271 2429 1335 vociferabatnr,
2467 1274 2520 1327 in
2556 1275 2894 1332 orationibus
2932 1277 2998 1331 ad
3039 1276 3253 1336 Patrem
3314 1283 3579 1352 clamans,

2007 1362 2304 1432 gemitibus
2331 1364 2792 1422 inenarrabilibus
2815 1369 2958 1436 apud
2975 1367 3190 1424 Patrem
3216 1373 3578 1431 intercedens.

2007 1457 2130 1510 Alio
2157 1456 2282 1510 item
2315 1456 2478 1511 modo
2508 1459 2752 1523 oculum,
2786 1460 2902 1515 sive
2929 1461 3118 1517 oculos
3151 1463 3271 1532 ejus
3302 1464 3582 1521 inﬁrman-

1999 1555 2113 1614 tes.
2139 1549 2456 1620 neutiquam
2487 1551 2711 1608 aberres
2747 1554 2791 1608 si
2824 1554 2976 1609 dicas
3002 1558 3281 1625 apostolos
3303 1573 3424 1614 esse
3451 1577 3466 1624 ;
3506 1561 3581 1613 si-

2005 1641 2226 1711 quidem
2257 1658 2456 1712 corpus
2488 1645 2629 1714 ejus,
2657 1652 2802 1699 totus
2847 1647 3080 1716 populus
3109 1649 3228 1718 ejus
3261 1656 3367 1714 est,
3401 1659 3460 1704 ut
3481 1651 3582 1706 do-

2006 1741 2091 1787 cet
2119 1734 2166 1788 is
2194 1734 2285 1803 qui
2317 1734 2454 1789 dixit
2486 1749 2498 1785 :
2542 1735 2643 1789 Vos
2671 1745 3044 1792 autemcomnes
3077 1755 3265 1809 corpus
3289 1737 3582 1804 Christi,et

318 1819 506 1886 χεῖρας
541 1815 770 1885 ἐξήπλου
801 1819 894 1870 καὶ
937 1817 1118 1886 φωνὰς
1154 1818 1460 1888 ἀνέπεμπε,
1511 1817 1648 1888 βοῶν
1674 1820 1731 1872 ἐν
1785 1821 1891 1881 ταῖς

2006 1823 2239 1877 membra
2269 1839 2333 1876 ca:
2375 1823 2613 1891 parte";
2650 1839 2846 1879 manus
2877 1833 3054 1880 autem
3087 1843 3239 1892 suas,
3271 1843 3436 1898 opera
3473 1829 3582 1885 sci-

319 1907 456 1978 πρὸς
483 1907 574 1960 τὸν
604 1907 820 1977 Πατέρα
860 1910 1212 1979 προσευχαῖς,
1257 1912 1578 1979 στεναγμοῖς
1615 1909 1891 1979 ἀλαλήτοις

2004 1917 2132 1970 licet
2179 1915 2245 1970 ad
2285 1913 2463 1969 Patris
2499 1916 2727 1987 gloriam
2769 1916 2934 1982 edita,
2977 1920 3339 1988 expandebat,
3373 1922 3424 1976 ei
3485 1921 3580 1992 qui

318 1999 802 2070 ὑπερεντυγχάνων
842 1998 920 2069 τῷ
951 1999 1145 2070 Πατρῑ.
1197 2000 1306 2052 Ka‘t
1331 2000 1503 2063 ἄλλως
1529 2000 1585 2053 δέ
1623 1999 1891 2072 ὀφθαλμὸν

2005 2005 2156 2060 solus
2191 2004 2341 2074 ipsas
2371 2004 2556 2060 videre
2578 2014 2790 2075 poterat
2817 2007 3121 2064 obtendens
3145 2029 3158 2064 :
3182 2011 3291 2066 imo
3325 2011 3486 2067 etiam
3514 2012 3581 2068 in

314 2088 543 2162 αὐτοῦἦ
592 2089 904 2160 ὀφθαλμοὺς
938 2088 1344 2162 ἀσθενήσαντας
1385 2091 1485 2144 ούκ
1529 2091 1594 2145 ἂν
1633 2092 1891 2163 ἁμάρτοις

2001 2094 2383 2164 frequentibus
2416 2097 2756 2152 orationibus
2791 2105 2845 2151 et
2881 2099 2936 2151 in
2966 2101 3222 2168 passione
3249 2117 3347 2156 sua
3378 2116 3579 2158 manus

314 2176 655 2235 εἷναι-εἰπὼν
688 2183 812 2246 τοὺς
845 2182 1194 2246 ἀποστόλους,
1240 2184 1288 2234 εἰ
1318 2183 1382 2254 δὴ
1412 2183 1569 2254 σῶμα
1593 2183 1756 2236 αὑτοῦ
1786 2185 1891 2248 πᾶς

1999 2204 2099 2258 pro
2133 2188 2357 2252 mundo,
2389 2187 2546 2256 cujus
2576 2197 2858 2259 peccatum
2882 2190 3183 2256 auferebat,
3208 2194 3489 2264 expandit,
3515 2198 3577 2247 ut

312 2275 342 2328 ὁ
363 2274 489 2337 λαὸς
515 2275 678 2328 αὐτοῦ
709 2277 984 2346 τυγχάνει,
1030 2277 1106 2340 ὡς
1136 2277 1370 2344 ἐδίδαξεν
1401 2278 1429 2328 6
1463 2275 1651 2330 εἰπών·
1709 2278 1891 2347 Ὑμεῖς

2000 2278 2217 2333 Patrem
2252 2279 2516 2348 placaret.

309 2367 380 2421 δὲ
418 2369 637 2436 πάντες
677 2369 846 2439 σῶμα
886 2370 1175 2438 Χριστοῦ,
1228 2372 1325 2424 καὶ
1356 2371 1513 2440 μέλη
1542 2371 1610 2424 ἐκ
1654 2371 1894 2440 μέρους’
1936 2374 2123 2442 χεῖρας
2171 2371 2227 2424 δέ
2264 2371 2448 2436 αὑτοῦ,
2478 2371 2577 2437 τὰς
2633 2374 2861 2444 πράξεις
2904 2376 2972 2441 ἃς
3035 2377 3254 2448 ἐνήργει
3294 2376 3374 2439 εἰς
3416 2375 3576 2441 δόξαν

310 2461 404 2515 τοῦ
453 2461 686 2533 Πατρὺς,
734 2461 1130 2525 διεπετάννυεν,
1197 2462 1442 2526 ἐξαπλῶν
1475 2463 1642 2526 αὑτὰς
1679 2462 1759 2533 τῷ
1795 2463 1939 2534 μόνῳ
1978 2462 2273 2516 θεάσασθαι
2312 2463 2482 2526 αὐτὰς
2526 2464 2824 2536 δυναμένῳ·
2868 2467 3004 2521 ἀλλὰ
3049 2470 3141 2522 καὶ
3190 2469 3248 2521 ἐν
3287 2470 3405 2531 ταῖς
3450 2485 3575 2521 συν-

309 2553 490 2626 εχέσιν
513 2555 694 2625 εὐχαῖς
721 2555 775 2608 ἐν
821 2572 880 2608 τε
928 2554 1004 2625 τῷ
1037 2555 1199 2608 πάθει
1227 2556 1325 2620 τὰς
1360 2559 1548 2628 χεῖρας
1574 2557 1893 2611 διεπέτασεν
1933 2559 2074 2629 ὑπὲρ
2100 2557 2194 2611 τοῦ
2219 2557 2448 2629 κόσμου,
2471 2552 2532 2612 οὗ
2561 2559 2807 2632 περιῄρει
2837 2563 2937 2633 τὴν
2991 2562 3284 2634 ἁμαρτίαν,
3314 2562 3405 2615 τὸν
3465 2562 3572 2617 Har

307 2646 444 2718 τέρα
475 2647 846 2718 ἱλασκόμενος.

381 2761 512 2815 Τίνα
539 2762 596 2814 δέ
624 2758 692 2834 ἦν
717 2762 860 2834 άπερ
889 2763 986 2827 τάς
1013 2767 1202 2836 χεῖρας
1225 2763 1474 2830 ἐξαπλῶν
1499 2764 1637 2837 πρὸς
1660 2766 1750 2819 τὸν
1780 2767 1894 2819 Πα-

309 2850 448 2920 τέρα
497 2851 856 2922 προσηύχετο,
893 2854 985 2905 καὶ¹
1015 2854 1135 2906 κατ’
1169 2853 1382 2926 ἐκείνην
1418 2856 1518 2926 τὴν
1566 2855 1898 2927 δηλουμένην

309 2943 527 3014 ἡμέραν
576 2943 724 3014 αὑτῴ
774 2943 910 3014 πρὸς
963 2945 1053 2998 τὸν
1101 2946 1319 3018 Πατέρα
1372 2946 1536 3000 αὐτοῦ
1572 2948 1894 3020 βεϐοημένα,

317 3034 522 3105 προῖὼν
551 3036 791 3092 διδάσκει
829 3039 886 3089 ἐν
914 3037 1144 3102 τούτοις·
1182 3039 1278 3108 Μὴ
1311 3040 1436 3105 τοῖς
1461 3041 1696 3110 νεκροῖς
1726 3041 1898 3111 ποιή-

308 3142 450 3193 σεις
470 3127 789 3196 θαυμάσια,
841 3128 880 3198 ἢ
924 3130 1106 3198 ἰατροὶ
1158 3131 1580 3198 ἀναστήσουσι
1622 3131 1720 3186 καὶ
1759 3133 1892 3194 ἐξο-

2063 2764 2324 2831 ραειηαω
2360 2772 2542 2820 autem
2578 2765 2836 2835 expansis
2869 2764 3125 2819 manibus
3160 2761 3374 2818 Patrem
3408 2778 3571 2835 roga-

1991 2857 2153 2921 verit,
2198 2865 2252 2912 et
2295 2872 2540 2927 quaenam
2589 2865 2888 2910 memorata
2920 2857 3008 2910 die
3037 2855 3104 2909 ad
3139 2855 3354 2910 Patrem
3405 2871 3566 2912 suum

1991 2949 2330 3013 clamaverit,
2355 2949 2474 3018 ipse
2490 2963 2613 3001 mox
2637 2948 2814 3017 aperit
2842 2948 3031 3002 dic-ens
3066 2945 3340 3003 z—Vsns.
3372 2947 3565 3001 11-15.

1994 3037 2248 3109 Nunquid
2284 3040 2508 3092 mortuis
2531 3037 2690 3107 facies
2712 3036 3000 3100 mirabilia,
3027 3045 3119 3088 aut
3138 3034 3325 3089 medici
3341 3037 3567 3089 suscita-

1995 3125 2142 3189 bunt,
2195 3135 2244 3180 et
2309 3126 2695 3196 conﬁtebuntur
2737 3126 2875 3182 tibi?
2928 3125 3261 3195 Diapsalma.
3309 3124 3563 3196 Nunquid

305 3217 760 3288 μολογήσονταί
785 3234 917 3284 σοι;
948 3221 1280 3291 Διάψαλμα.
1304 3223 1401 3292 Μὴ
1419 3223 1775 3293 διηγήσεται
1804 3242 1891 3290 τις

1993 3221 2233 3274 narrabit
2264 3219 2460 3288 aliquis
2488 3221 2543 3272 in
2572 3223 2813 3290 sepulcro
2842 3219 3261 3272 misericordiam
3306 3227 3472 3284 tuam,
3513 3228 3566 3274 et

310 3310 382 3365 ἐν
411 3311 577 3380 τάφῳ
603 3312 671 3364 τὸ
709 3313 884 3380 ἔλεός
925 3329 1040 3368 σου
1080 3314 1180 3368 καὶ
1224 3315 1338 3382 τὴν
1381 3315 1669 3384 ἀλήθειαν
1706 3317 1776 3370 ἐν
1816 3315 1891 3386 τῇ

309 3401 608 3470 ἀπωζλείᾳ;
654 3402 750 3472 Μὴ
781 3405 1191 3473 γνωσθήσεται
1222 3405 1292 3458 ἐν
1315 3405 1394 3470 τῷ
1413 3406 1615 3459 σκότει
1644 3407 1716 3460 τὰ
1747 3410 1888 3460 θαυ-

304 3493 495 3562 μάσιά
533 3511 671 3558 σου,
717 3496 816 3549 καὶ
853 3498 891 3565 ἠ
937 3496 1288 3565 δικαιοσύνη
1329 3514 1444 3551 σου
1487 3497 1556 3550 ἐν
1592 3497 1668 3567 γῇ
1694 3499 1890 3552 ἐπιλε-

307 3584 581 3655 λησμένῃ
606 3601 624 3649 ;
666 3587 810 3638 Ἀντὶ
829 3586 945 3652 τοῦ,
973 3587 1070 3656 Μὴ
1092 3588 1161 3639 ἐν
1188 3587 1425 3655 νεκροῖς
1451 3588 1722 3655 ποιήσεις
1749 3592 1890 3642 θαυ-

301 3674 526 3743 μάσια;
570 3678 734 3746 φησὶν
771 3678 799 3730 6
830 3677 1142 3748 Σύμμαχος,
1173 3673 1326 3746 ’Ἄρα
1352 3678 1586 3747 νεκροῖς
1616 3679 1889 3746 ποιήσεις

305 3767 620 3834 τεράστια;
667 3770 778 3821 Καὶ
810 3769 876 3822 δι’
914 3770 1050 3822 ὅλων
1093 3769 1202 3822 τῶν
1241 3766 1388 3840 ἐξῆς,
1431 3772 1489 3823 ἐν
1533 3765 1615 3835 οἷς
1648 3771 1883 3840 λέγεται,

304 3859 404 3927 Μὴ
431 3859 782 3929 διηγήσεταί
819 3877 908 3926 τις
936 3861 1006 3914 ἐν
1038 3861 1236 3931 ra'gccp;
1269 3864 1362 3916 καὶ
1386 3863 1566 3928 πάλιν,
1603 3864 1698 3933 Μὴ
1737 3882 1887 3935 τινω-

296 3949 593 4016 -σθήσεται
617 3951 688 4004 ἐν
713 3951 791 4016 τῷ
814 3954 1048 4016 σκότει;
1079 3956 1108 4006 6
1145 3953 1458 4025 Σύμμαχος,
1499 3957 1574 4010 ’Ἠ
1609 3955 1886 4026 διηγήσε-

305 4057 418 4105 ται,
451 4041 492 4111 ἢ
541 4042 995 4111 γνωσθήσεται;
1046 4045 1326 4110 ἐξέδωκεν.
1365 4047 1440 4099 Οὐ
1463 4047 1571 4118 γὰρ
1616 4048 1887 4116 ἀπογινὼ-

308 4149 452 4186 σκων
474 4134 542 4187 τὰ
570 4133 856 4204 λεγόμενα,
893 4135 1094 4200 ταύτας
1118 4137 1385 4209 προέφερε
1417 4137 1514 4200 τὰς
1537 4140 1738 4206 φωνάς,
1763 4142 1883 4192 κατ’

304 4223 518 4295 ἐκείνην
543 4224 641 4295 τὴν
667 4225 878 4296 ἡμέραν
899 4224 1097 4296 δηλαδὴ
1117 4225 1213 4296 τὴν
1244 4225 1338 4278 τοῦ
1365 4225 1588 4289 πάθουςο
1612 4225 1689 4296 τῷ
1709 4227 1883 4298 Πατρὶ

302 4316 360 4371 δὲ
384 4317 528 4388 μόνῳ
555 4316 774 4371 δύναται
799 4313 936 4370 εἴναι
963 4319 1134 4371 ταῦτα
1161 4319 1546 4389 πεπεισμένος,
1578 4318 1675 4382 τὰς
1704 4319 1884 4382 αἰτίας

302 4407 400 4478 τῆς
428 4408 508 4468 εἰς
533 4405 759 4460 θάνατον
782 4406 947 4458 αὑτοῦ
977 4407 1220 4460 ἐδίδασκε
1248 4408 1476 4460 καθόδου
1511 4407 1705 4476 λέγων·
1741 4405 1884 4475 Ἆρα

301 4501 536 4568 νεκροῖς
589 4499 863 4568 ποιήσεις
941 4501 1221 4570 τεράστια
1243 4518 1263 4565 ;

305 4595 584 4665 ποιήσεις;
648 4595 723 4648 Ού
782 4595 892 4665 γὰρ
950 4595 1016 4647 ἂν
1063 4593 1238 4656 ἄλλως
1297 4593 1586 4663 ἠθέλησας,
1652 4588 1696 4646 ὦ
1761 4593 1875 4647 Πά-

300 4703 418 4756 τερ,
447 4687 605 4758 μέχρι
633 4685 820 4739 τούτου
856 4703 919 4757 με
956 4685 1258 4757 προελθεῖν,
1292 4685 1384 4738 καὶ
1409 4687 1466 4738 ἐν
1495 4685 1706 4757 θανάτῳ
1727 4687 1876 4756 γενέ-

306 4778 449 4843 σθαι,
491 4779 586 4832 καὶ
614 4781 672 4832 ἐν
695 4778 773 4849 τῷ
803 4777 990 4848 λάκκῳ
1023 4778 1102 4850 τῷ
1131 4777 1447 4848 κατωτάτῳ,
1477 4779 1525 4829 εἰ
1558 4777 1630 4848 μὴ
1659 4778 1874 4842 πάντως

304 4885 406 4920 που
425 4869 517 4921 καὶ
542 4869 599 4920 ἐν
617 4871 725 4931 τοῖς
747 4871 958 4938 νεκροῖς
979 4867 1253 4938 θαυμάσια
1276 4868 1531 4938 παρέχειν
1557 4867 1870 4939 ἐϐουλήθης,

305 4959 368 5011 ἵν’
416 4961 558 5032 ἆπερ
609 4962 684 5032 μὴ
735 4961 986 5015 δύνανται
1037 4963 1230 5034 ἰατροὶ,
1279 4960 1517 5033 ταῦταή
1551 4963 1617 5033 σὴ
1650 4962 1878 5033 δύναμις

304 5053 727 5124 κατεργάσηταιο
774 5054 1068 5118 τουτέστιν,
1119 5054 1266 5118 ὅπως
1299 5056 1348 5107 οἱ
1397 5055 1454 5106 ἐν
1487 5052 1700 5124 θανάτῳ
1727 5054 1877 5122 γενό-

303 5161 473 5213 μενοι,
508 5145 855 5209 ἀναστάντες,
887 5145 1366 5217 ἐξομολογήσονταί
1395 5158 1496 5199 σοι.
1546 5145 1620 5198 Ob
1653 5145 1761 5216 γὰρ
1796 5147 1876 5198 ἱα-

301 5234 446 5306 τρῶν
473 5231 541 5307 ἦν
584 5235 753 5290 ταῦτα
777 5237 1037 5292 δύνασθαι
1063 5239 1324 5308 ἐνεργεῖν,
1355 5236 1492 5290 ἀλλά
1526 5237 1628 5304 τῆς
1655 5237 1754 5306 σῆς
1788 5239 1875 5290 ἐν·

303 5325 422 5380 θέου
459 5329 870 5401 μεγαλουργίας.
921 5330 1045 5401 'Ap’
1075 5325 1167 5382 οὖν
1197 5329 1284 5382 διά
1313 5329 1486 5382 ταῦτα
1521 5328 1768 5382 ὑπελθεῖν
1805 5346 1872 5399 με

300 5418 391 5470 τὸν
439 5419 664 5474 θάνατον
714 5419 1028 5494 ἐϐουλήθης,
1072 5421 1138 5474 ἶν’
1191 5420 1252 5473 ἐν
1304 5420 1402 5489 μέν
1449 5421 1561 5482 τοῖς
1587 5419 1778 5486 τάφοις
1812 5419 1873 5471 τὸ

301 5507 445 5572 ἔλεός
476 5525 567 5562 σου
603 5511 855 5583 διηγηθῇ,
903 5514 960 5566 ἐν
1005 5512 1061 5566 δὲ
1088 5513 1154 5584 τῇ
1188 5510 1429 5582 ἀπωλείᾳ
1463 5511 1493 5583 ή
1524 5510 1750 5581 ἀλήθειά
1778 5527 1869 5564 σου

374 5760 422 5794 ’⁸
463 5763 478 5817 l
516 5763 639 5818 Cur.
677 5779 787 5829 ιιι,
823 5765 912 5819 27.

1991 3313 2263 3365 veritatem
2297 3322 2441 3365 tuam
2465 3311 2520 3364 in
2545 3311 2872 3380 perditione?
2916 3308 3169 3381 Nunquid
3191 3319 3567 3380 cognoscentur

1991 3403 2044 3454 in
2077 3401 2298 3454 tenebris
2325 3400 2592 3454 mirabilia
2617 3411 2724 3463 tua,
2750 3411 2798 3454 et
2825 3401 3040 3469 justitia
3069 3410 3160 3453 tua
3189 3401 3406 3454 interra
3431 3400 3566 3453 obli-

1989 3494 2157 3548 vionis
2177 3497 2202 3549 .9
2232 3493 2338 3547 Pro
2373 3494 2484 3559 illo,
2519 3492 2772 3563 Nunquid
2809 3494 3028 3546 mortuis
3061 3494 3222 3562 facies
3249 3492 3566 3549 mirabilia?

1992 3585 2354 3657 Symmachus
2399 3585 2496 3650 ait,
2532 3585 2611 3638 An
2646 3587 2867 3638 mortuis
2896 3587 3060 3655 facies
3080 3586 3374 3656 prodigia?
3400 3595 3454 3641 et
3503 3585 3560 3639 in

1989 3677 2347 3746 sequentibus
2377 3677 2688 3745 ubicunque
2724 3677 2957 3740 dicitur,
3001 3676 3259 3747 Nunquid
3315 3678 3559 3732 narrabit

1989 3771 2180 3841 aliquis
2224 3772 2280 3824 in
2328 3771 2607 3840 sepulcro?
2658 3785 2722 3824 ac
2773 3786 3016 3835 rursum,
3071 3769 3328 3840 Nunquid
3367 3787 3563 3841 cogito-

1987 3872 2198 3916 scentur
2228 3864 2282 3916 in
2341 3861 3031 3934 teuebris?.Symmachus,
3073 3862 3156 3916 An
3187 3862 3450 3928 narrabit,
3487 3879 3560 3917 an

1987 3957 2401 4024 cognoscentur?
2419 3953 2606 4009 edidit.
2627 3954 2746 4009 Non
2765 3957 2908 4010 enim
2925 3955 3071 4025 quod
3101 3954 3215 4010 haec
3247 3954 3362 4010 tieri
3394 3969 3559 4025 posse

1985 4042 2322 4111 desperaret,
2371 4045 2446 4098 ita
2493 4044 2707 4099 loculus
2762 4051 2866 4108 est,
2921 4046 2972 4098 in
3027 4045 3117 4098 illa
3175 4046 3384 4101 scilicet
3430 4061 3557 4116 pas-

1985 4135 2157 4190 sionis
2187 4152 2298 4190 suae
2327 4137 2451 4203 die;
2484 4136 2578 4192 sed
2611 4151 2641 4188 a
2675 4135 2836 4192 Patre
2880 4139 2996 4192 solo
3019 4137 3145 4192 talia
3173 4125 3356 4208 perlici
3391 4153 3555 4208 posse

1985 4239 2302 4292 persuasum
2331 4227 2560 4289 habens.
2590 4228 2673 4283 sui
2704 4228 2772 4282 ad
2808 4238 3034 4283 mortem
3078 4229 3378 4284 descensus
3420 4245 3552 4284 cau-

1985 4331 2100 4369 sam
2144 4317 2218 4370 ita
2272 4325 2494 4372 narrat:
2528 4318 2607 4370 An
2651 4321 2872 4374 mortuis
2924 4320 3086 4384 [acies
3137 4319 3422 4390 prodigia?
3467 4322 3551 4374 An

1985 4407 2113 4460 talia
2141 4415 2194 4462 et
2232 4408 2360 4461 talia
2405 4409 2680 4476 patrabis?
2731 4410 2916 4480 Neque
2969 4412 3113 4466 enim
3170 4427 3256 4466 me
3307 4427 3552 4481 eousque

1338 4503 1408 4555 Ἢ
1448 4501 1573 4556 τάδε
1602 4542 1616 4567 ,
1662 4502 1694 4573 ἢ
1751 4502 1877 4555 τάδε

1993 4502 2309 4569 levenire,o
2340 4501 2519 4567 Pater,
2550 4519 2615 4558 ac
2670 4505 2726 4558 in
2780 4515 2951 4560 morte
2986 4513 3041 4560 et
3088 4505 3140 4558 in
3185 4509 3305 4559 lacu
3362 4505 3551 4559 inﬁmo

1981 4591 2176 4661 deponi
2203 4593 2490 4656 voluisses,
2525 4593 2628 4648 nisi
2683 4594 2846 4648 etiam
2900 4593 2955 4646 in
3007 4595 3238 4649 mortuis
3280 4595 3549 4650 mirabilia

1981 4685 2237 4740 exhibere
2269 4685 2325 4738 in
2359 4687 2539 4738 animo
2567 4687 2725 4756 plane
2755 4687 3077 4752 habuisses;
3110 4694 3168 4740 ut
3195 4702 3315 4756 quae
3347 4686 3548 4741 medici

1981 4791 2090 4830 non
2122 4776 2320 4838 valent,
2347 4782 2583 4844 potestas
2629 4786 2722 4830 tua
2753 4787 3100 4846 operaretur;
3138 4778 3188 4831 id
3220 4783 3324 4839 est,
3355 4765 3428 4830 ut'
3452 4777 3546 4846 qui

1981 4869 2038 4923 in
2083 4877 2259 4924 morte
2309 4870 2468 4939 positi
2517 4879 2705 4934 erant,
2753 4878 3099 4940 resurgentes
3157 4869 3550 4925 conﬁterentur

1978 4962 2096 5015 tibi.
2133 4960 2251 5016 Non
2279 4964 2424 5016 enim
2455 4961 2789 5016 medicorum
2813 4971 2896 5017 est
2916 4962 3031 5016 haec
3052 4961 3308 5028 facultas,
3338 4961 3433 5016 sed
3462 4959 3548 5014 di-

1976 5053 2118 5106 vinae
2143 5052 2556 5122 magniﬁcentia:
2588 5061 2713 5108 tuae.
2772 5053 2938 5124 Igitur
2993 5068 3082 5108 me
3138 5060 3371 5107 mortem
3424 5051 3545 5107 ideo

1979 5143 2164 5198 subire
2209 5143 2460 5205 voluisti,
2507 5149 2567 5196 ut
2617 5143 2671 5196 in
2727 5142 2996 5212 sepulcris
3041 5141 3416 5197 misericordia
3451 5149 3544 5194 tua

1977 5239 2316 5296 narraretur,
2342 5241 2396 5287 et
2450 5233 2505 5287 in
2557 5234 2860 5303 perditione
2890 5234 3094 5288 veritas
3128 5241 3219 5287 tua
3248 5247 3546 5302 cognosce~

1978 5332 2154 5390 retur,
2199 5323 2254 5376 in
2277 5323 2518 5378 tenebris
2556 5323 2824 5377 mirabilia
2851 5331 2944 5376 tua
2985 5324 3448 5392 praedicarentur,
3487 5321 3545 5374 in

1978 5423 2124 5469 terra
2183 5414 2476 5468 oblivionis
2513 5413 2726 5482 justitia
2784 5421 2877 5468 tua
2923 5420 3343 5467 memoraretur.
3388 5409 3544 5476 Quod

1979 5510 2023 5564 si
2067 5507 2188 5579 quis
2219 5506 2456 5562 animum
2489 5507 2741 5563 adhibeat
2769 5506 2866 5573 iis,
2909 5522 3032 5578 qua-3
3079 5513 3270 5563 nostro
3300 5512 3546 5574 tempore
