4068 6394
564 380 704 435 1065

1196 373 1467 431 EUSEBlI
1500 372 1979 430 CAESARIENSIS
2017 372 2165 429 OPP.
2207 371 2389 429 PARS
2426 362 2623 429 "Lm-:4
2655 362 3062 429 EXEGETICA'.

3693 369 3838 428 1061

560 492 627 550 ad
670 492 977 562 sepulcrum
1020 499 1072 546 et
1118 490 1194 561 (i)
1229 491 1549 561 martyrium
1600 489 1900 544 Salvatoris
1956 491 2127 544 nostri

2233 490 2447 561 γνωσθῇ
2470 508 2482 519 ’
2533 492 2590 543 tv
2615 490 2671 543 δὲ
2700 491 2776 561 τῷ
2808 492 2985 544 σκότει
3010 492 3078 545 τὰ
3104 490 3377 562 Θαυμάσιά
3406 508 3495 544 σου
3526 492 3838 563 κηρυχθῇ,

557 594 772 657 patrata
802 590 950 644 sunt,
975 582 1337 646 mirabilibus,
1371 583 1417 637 is
1458 597 1589 638 sane
1627 580 1992 652 deprehendet
2022 595 2130 650 quo

557 685 718 750 pacto
762 691 826 732 ea
877 691 996 747 qua:
1029 666 1385 745 praenuntiata
1440 674 1653 729 fuerant
1678 688 1840 743 opere
1863 673 2132 742 completa

556 770 687 824 sint.
721 751 1105 822 Animadverte
1135 782 1297 837 porro
1322 773 1454 837 quot
1475 765 1706 821 diversis
1735 765 1912 820 modis
1932 764 2022 818 hic
2046 779 2131 819 rc-

556 858 770 927 gionem
805 837 999 912 mortis
1020 856 1271 926 explicet.
1299 854 1433 909 Nam
1464 856 1642 924 primo
1667 862 1912 911 mortuos
1938 862 2130 921 vocat;

556 946 819 1009 secundo,
846 946 939 1017 qui
969 946 1220 999 habitant
1252 945 1309 998 in
1344 944 1635 1014 sepulcro;
1666 944 1852 1008 tertio,
1881 943 1973 1012 qui
2003 951 2133 998 sunt

556 1038 611 1092 in
640 1039 978 1108 perditione;
1034 1046 1265 1108 quarto,
1295 1037 1389 1106 qui
1427 1036 1485 1090 in
1519 1036 1761 1091 tenebris
1798 1043 2129 1102 versantur;

555 1130 766 1199 quinto,
787 1130 879 1198 qui
906 1136 1033 1183 sunt
1060 1128 1115 1182 in
1147 1135 1290 1182 terra
1308 1125 1761 1183 oblivionis.Ha:c
1787 1126 1986 1197 quippe
2013 1141 2132 1180 om-

555 1236 648 1276 nia
693 1219 761 1275 de
811 1219 1003 1277 iisdem
1036 1220 1318 1287 enuntiat;
1359 1220 1514 1289 queis
1541 1217 1823 1272 hominum
1855 1232 2045 1273 amans
2074 1224 2129 1273 et

554 1312 823 1383 benignus
878 1312 1018 1368 Deus
1068 1312 1335 1367 mirabilia
1370 1310 1711 1366 exhibiturus
1734 1317 1852 1365 erat
1876 1327 1890 1363 :
1912 1309 1949 1363 ii
1978 1311 2131 1365 vide-

556 1404 684 1458 licet
717 1402 1170 1469 misericordiam,
1195 1402 1476 1457 veritatem
1506 1409 1559 1457 et
1585 1400 1855 1471 justitiam
1879 1399 1973 1455 Dei
2000 1416 2131 1454 nar-

556 1495 776 1549 rabunt.
809 1494 927 1560 Qua
958 1494 1167 1549 ratione
1195 1500 1375 1547 autem
1425 1492 1539 1548 haec
1577 1492 1827 1547 videlicet
1856 1491 2128 1547 mirabilia

555 1583 674 1650 Dei,
707 1585 1083 1640 misericordia
1104 1625 1119 1647 ,
1169 1585 1475 1640 veritas‘et
1506 1583 1717 1654 justitia
1749 1584 1868 1653 ejus
1904 1582 1970 1637 ad
2004 1583 2127 1639 illos

557 1677 687 1731 olim
722 1686 969 1732 mortuos
994 1716 1008 1741 ,
1042 1676 1111 1731 ad
1162 1676 1410 1747 sepulcra
1436 1716 1452 1741 ,
1507 1675 1575 1729 ad
1606 1676 1965 1746 perditionem
1987 1715 2003 1740 ,
2056 1676 2125 1730 ad

555 1770 809 1824 tenebras
830 1781 884 1823 et
911 1770 975 1824 ad
1008 1778 1208 1824 terram
1237 1768 1530 1824 oblivionis
1565 1770 1944 1839 pervenerint,
1980 1768 2123 1823 scire

2234 582 2292 635 tv
2313 600 2372 635 τε
2404 586 2469 653 τῇ
2502 582 2896 653 ἐπιλελησμένῃ
2928 585 2997 653 γῇ
3030 583 3063 652 ὴ
3108 582 3417 652 δικαιοσύνη
3454 598 3544 633 σου
3599 600 3725 651 μνη
3736 600 3839 652 μο-

2232 673 2415 744 νευθῇ.
2445 674 2506 726 Εἰ
2551 673 2607 726 δέ
2632 689 2713 735 τις
2746 673 2837 725 τὸν
2878 672 3000 725 νοῦν
3032 674 3338 743 ἐπιστήσειε
3366 676 3477 736 τοῖς
3499 673 3641 726 καθ’
3678 672 3841 742 ἡμᾶς

2236 766 2379 836 ἀμφὶ
2404 766 2462 819 τὸ
2482 766 2687 835 μνῆμα,
2721 765 2811 818 καὶ
2837 762 2897 817 τὸ
2930 764 3225 836 μαρτύριον
3252 762 3343 817 τοῦ
3373 764 3638 835 Σωτῆρος
3663 764 3839 834 ἡμῶν

2232 853 2618 907 ὲπιτελεσθείσι
2660 853 2999 924 θαυμασίοις,
3030 852 3242 924 ἀληθῶς
3285 853 3487 906 εἴσεται
3528 854 3703 917 ὅπως
3736 871 3838 908 πε-

2232 945 2513 1017 πλήρωται
2541 946 2720 1017 ἔργοις
2748 946 2818 998 τὰ
2843 944 3261 1015 τεθεσπισμένα,
3305 945 3412 998 Θέα
3445 945 3500 998 δὲ
3548 944 3653 999 διὰ
3706 945 3839 998 τού-

2230 1056 2337 1092 των
2368 1039 2516 1100 ὅπως
2544 1037 2642 1107 τὴν
2680 1036 2737 1088 tv
2764 1035 2841 1105 τῷ
2879 1034 3095 1105 θανάτῳ
3126 1034 3308 1106 χώραν
3337 1035 3615 1107 διαφόρως
3651 1037 3837 1108 ἑρμη-

2230 1129 2391 1183 νεύει.
2409 1128 2631 1199 Πρῶτον
2650 1127 2747 1198 μὲν
2769 1128 2992 1199 νεκροὺς
3016 1126 3200 1195 σαφῶς
3215 1127 3523 1191 ἀποκαλῶν,
3555 1128 3836 1199 δεύτερον

2229 1222 2355 1285 τοὺς
2382 1222 2441 1274 tv
2466 1220 2640 1291 τάφῳ,
2661 1219 2844 1291 τρίτον
2874 1220 2999 1282 τοὺς
3026 1220 3081 1271 tv
3105 1219 3368 1289 ἀπωλείᾳ,
3394 1219 3672 1291 τέταρτον
3700 1222 3835 1283 τοὺς

2228 1313 2288 1365 tv
2334 1310 2544 1381 σκότῳ,
2596 1295 2844 1381 πέμπτον
2892 1310 3017 1372 τοὺς
3057 1312 3116 1362 tv
3161 1312 3224 1380 τῇ
3272 1310 3689 1384 ἐπιλελησμένῃ
3734 1313 3829 1381 γῇ.

2229 1402 2413 1456 Ταῦτα
2443 1402 2551 1473 γὰρ
2585 1403 2761 1456 πάντα
2790 1401 2918 1473 περὶ
2952 1401 3062 1455 τῶν
3106 1401 3289 1455 αὐτῶν
3338 1402 3715 1472 διεξέρχεται,
3749 1397 3833 1465 οἷς

2226 1495 2455 1566 ἤμελλεν
2482 1496 2510 1549 ὁ
2537 1495 2912 1566 φιλάνθρωπος
2932 1496 3025 1547 καὶ
3056 1493 3255 1562 ἀγαθὸς
3279 1494 3412 1558 Θεὸς
3437 1494 3735 1548 δεικνύναι
3766 1509 3829 1546 τε

2227 1588 2321 1641 καὶ
2348 1588 2604 1659 παρέχειν
2637 1588 2911 1658 θαυμάσια
2931 1603 2945 1617 ⁸
2995 1587 3056 1640 τὺ
3090 1586 3234 1651 ἕλεος
3262 1585 3428 1640 αὐτοῦ
3468 1586 3686 1658 δηλαδὴ
3726 1586 3825 1639 καὶ

2225 1678 2323 1749 τὴν
2367 1678 2623 1749 ἀλήθειαν
2666 1680 2761 1732 καὶ
2793 1679 2892 1750 τὴν
2939 1677 3279 1747 δικαιοσύνην
3304 1677 3398 1730 τοῦ
3441 1676 3579 1729 Θεοῦ
3608 1677 3821 1747 διηγή-

2228 1787 2428 1825 σονται.
2468 1772 2621 1824 Ἔστι
2643 1771 2699 1824 δὲ
2729 1770 3021 1840 ἐπιγνῶναι
3048 1772 3194 1834 ὅπως
3216 1770 3392 1823 πάντα
3422 1769 3629 1833 ταῦτα,
3670 1768 3823 1834 λέγω

556 1860 766 1926 licebit,
792 1861 838 1916 si
870 1863 1170 1931 cogitemus
1215 1868 1348 1932 quot
1400 1860 1668 1916 bonorum
1698 1862 1859 1916 nobis
1887 1862 2015 1915 olim
2068 1862 2126 1916 in

2233 1862 2281 1915 δὲ
2308 1862 2376 1916 τὰ
2407 1861 2682 1933 θαυμάσια
2724 1862 2820 1915 τοῦ
2853 1861 2987 1916 Θεοῦ
3029 1862 3122 1916 καὶ
3154 1860 3215 1914 τὸ
3247 1861 3392 1924 ἔλεος
3424 1858 3615 1923 αὐτοῦ,
3649 1858 3752 1911 καὶ
3782 1858 3817 1925 ἡ

558 1961 735 2008 morte
766 1952 1135 2014 versantibus,
1171 1959 1361 2008 auctor
1392 1950 1555 2006 fuerit
1594 1949 1842 2005 Salvator
1867 1961 1922 2008 et
1951 1951 2128 2007 Domi-

555 2058 663 2101 nus
688 2050 893 2107 noster,
917 2057 1147 2113 quorum
1179 2045 1352 2114 gratia
1390 2044 1445 2098 in
1471 2042 1561 2097 illa
1588 2043 1707 2098 loca
1734 2042 2035 2106 descendit,
2069 2051 2129 2097 ut

558 2150 668 2190 non
712 2135 852 2190 vivis
882 2134 1068 2200 modo,
1116 2135 1210 2190 sed
1244 2135 1408 2191 etiam
1440 2135 1671 2191 mortuis
1704 2135 2080 2190 dominaretur
2110 2152 2126 2189 :

556 2241 683 2281 nam
718 2241 840 2296 qua:
868 2240 1032 2280 causa
1084 2223 1246 2280 fuerit
1276 2224 1575 2281 descensus
1603 2226 1724 2295 ejus
1773 2226 1829 2280 in
1861 2224 2127 2295 mortem},

557 2317 647 2371 hic
667 2299 1019 2387 apertissime
1047 2316 1344 2372 declaravit
1370 2337 1383 2372 ε
1418 2334 1537 2388 quae
1562 2316 1862 2373 secundum
1891 2332 2127 2386 evange-

555 2406 713 2463 listas
749 2418 881 2460 tunc
913 2406 1132 2477 impleta
1182 2417 1330 2472 sunt,
1370 2422 1493 2461 cum
1537 2407 1707 2461 multa
1733 2421 1964 2477 corpora
1994 2422 2126 2463 san-

486 2492 489 2495 ⁴
557 2505 804 2563 ctorum,
846 2499 939 2568 qui
987 2497 1360 2563 dormierant,
1425 2507 1867 2565 resurrexerunt,
1901 2505 1955 2555 et
1999 2514 2125 2553 cum

554 2589 677 2660 ipso
713 2587 996 2645 Salvatorc
1026 2589 1082 2644 in
1113 2597 1357 2646 sanctam
1388 2588 1484 2645 Dei
1512 2590 1787 2647 civitatem
1810 2629 1828 2657 ,
1879 2590 2131 2648 videlicet

555 2681 613 2737 in
639 2681 786 2735 illam
815 2681 1116 2745 cmlestem,
1146 2682 1382 2752 ingressi
1414 2690 1563 2738 sunt.

2224 1956 2449 2025 ἀλήθεια
2478 1955 2664 2020 αὐτοῦ,
2701 1956 2794 2008 καὶ
2890 1954 3198 2026 δικαιοσύνη
3234 1952 3394 2007 αὐτοῦ
3442 1952 3689 2022 ἔφθασεν
3726 1951 3821 2003 ἐπὶ

2224 2046 2350 2109 τοὺς
2381 2045 2548 2099 πάλαι
2572 2047 2818 2118 νεκροὺς,
2862 2046 2958 2100 καὶ
2994 2048 3051 2099 tv
3080 2046 3290 2114 τάφοις,
3319 2044 3414 2099 καὶ
3444 2045 3504 2099 ὲν
3535 2042 3817 2113 ἀπωλείᾳ,

2226 2137 2321 2191 καὶ
2347 2139 2404 2192 tv
2439 2139 2633 2210 σκότῳ,
2666 2139 2757 2192 καὶ
2793 2139 2851 2191 tv
2876 2141 2945 2210 γῇ
2990 2138 3405 2209 ὲπιλελησμένῃ,
3448 2138 3499 2189 εἰ
3538 2138 3821 2207 νοήσομεν

2234 2229 2373 2284 δσων
2421 2231 2639 2299 ἀγαθῶν
2678 2230 2845 2295 αἴτιος
2888 2230 3108 2299 γέγονεν
3158 2230 3185 2282 ὁ
3227 2229 3416 2299 Σωτὴρ
3465 2227 3558 2281 καὶ
3604 2227 3817 2297 Κύριος

2234 2320 2389 2390 ἡμῶν
2416 2321 2527 2383 τοῖς
2560 2319 2723 2373 πάλαι
2754 2321 2812 2372 tv
2834 2319 2912 2389 τῷ
2941 2318 3152 2388 Θανάτῳ
3187 2317 3586 2388 γεγενημένοις,
3621 2317 3696 2369 δι’
3725 2313 3819 2376 οὓς

2232 2412 2327 2464 καὶ
2355 2412 2413 2464 tv
2447 2410 2673 2475 ἐκείνοις
2703 2409 3055 2482 κατεληλύθει
3103 2411 3214 2473 τοῖς
3244 2409 3449 2472 τόποις,
3480 2409 3567 2460 ἵνα
3606 2409 3687 2479 μὴ
3718 2406 3815 2477 μό-

2230 2519 2319 2556 νον
2360 2502 2595 2567 ζώντων,
2630 2503 2765 2557 ἀλλά
2802 2502 2895 2557 καὶ
2918 2502 3127 2573 νεκρῶν
3158 2500 3439 2572 κυριεύσῃ.
3474 2496 3557 2550 Τά
3581 2496 3699 2565 γὰρ
3726 2491 3813 2547 αῐ-

2230 2610 2320 2650 τια
2365 2595 2466 2666 τῆς
2515 2595 2674 2667 μέχρι
2704 2595 2798 2649 τοῦ
2846 2596 3075 2650 θανάτου
3122 2593 3346 2648 καθόδου
3379 2588 3543 2645 αὐτοῦ
3582 2587 3680 2641 διὰ
3706 2585 3812 2637 τῶν

2231 2686 2604 2759 προκειμένων
2632 2687 2916 2757 τηλαυγῶς
2938 2687 3299 2758 παρέστησεν⁸
3335 2684 3477 2754 άπερ
3506 2677 3812 2751 ἐπληροῦτο

555 2772 695 2827 κατά
726 2774 852 2837 τοὺς
890 2774 1298 2842 εὐαγγελιστάς,
1333 2776 1423 2829 ὅτε
1469 2775 1641 2830 πολλὰ
1688 2776 1915 2849 σώματα
1958 2779 2374 2851 κεκοιμημένων
2428 2781 2600 2851 ἁγίων
2626 2781 2957 2853 ἠγέρθησαν,
3020 2781 3115 2836 καὶ
3154 2780 3250 2834 σὺν
3307 2778 3453 2849 αύτῷ
3484 2776 3561 2847 τῷ
3592 2774 3809 2847 Σωτῆρι

555 2866 802 2937 εἰσῆλθον
836 2870 913 2933 εἰς
944 2874 1042 2941 τὴν
1087 2868 1246 2938 ἁγίαν
1294 2868 1448 2922 πόλιν
1475 2868 1569 2922 τοῦ
1607 2869 1761 2933 Θεοῦ,
1803 2870 2003 2942 δηλαδὴ
2031 2870 2130 2942 τὴν
2164 2872 2499 2943 ἐπουράνιον.
3264 2899 3281 2913 ·

625 2963 792 3020 Vsus.
828 2965 915 3019 is.
953 2964 1016 3017 Et
1058 2981 1150 3035 ego
1183 2965 1252 3017 ad
1288 2973 1336 3018 te
1380 2964 1636 3029 clamavi,
1667 2975 1714 3019 et
1761 2982 1913 3019 mane
1954 2966 2128 3021 oratio

2308 2968 2411 3023 Kal
2442 2968 2557 3039 ἐγὼ
2586 2969 2736 3038 πρὸς
2760 2969 2835 3023 σὲ
2862 2966 3145 3037 κέκραξα,
3174 2964 3273 3020 καὶ
3286 2964 3351 3019 τὸ
3367 2963 3517 3034 πρωῒ
3545 2964 3585 3032 ἠ
3617 2972 3805 3032 προσ-

557 3073 674 3111 mea
710 3057 985 3124 prazvenict
1036 3066 1103 3111 te.
1139 3055 1607 3122 Quemadmodum
1656 3057 1711 3110 in
1745 3057 1905 3111 titulo
1931 3057 2130 3127 psalmi

2233 3060 2380 3129 ευχή
2404 3079 2521 3131 μου
2546 3060 2874 3130 προρθάσει
2903 3075 2996 3113 σε.
3055 3061 3263 3129 Ὥσπερ
3299 3057 3357 3111 tv
3389 3055 3467 3126 τῷ
3496 3055 3581 3109 κα¹
3608 3051 3807 3125 ψαλμῷ

557 3168 672 3218 χιι,
708 3151 801 3221 qui
836 3158 1019 3221 aperte
1048 3165 1113 3205 ex
1166 3164 1401 3220 persona
1434 3147 1733 3206 Salvatoris
1786 3153 1957 3207 nostri
2004 3168 2133 3223 pro-

560 3241 767 3305 fertur,
816 3242 1046 3305 dicitur,
1097 3240 1204 3294 Pro
1240 3241 1563 3308 susceptione
1588 3243 1882 3307 matutina,
1913 3259 2023 3314 quo
2056 3260 2135 3301 re-

558 3334 829 3388 surrectio
868 3331 1170 3387 Salvatoris
1220 3332 1437 3396 nostri,
1497 3347 1619 3402 quae
1672 3349 1831 3390 mane
1864 3336 2131 3406 contigit,

557 3422 979 3488 subindicatur;
1027 3421 1263 3492 idipsum
1309 3421 1421 3490 jam
1470 3420 1555 3476 his
1607 3421 1901 3493 signiﬁcari
1960 3434 2130 3495 puto,

558 3510 719 3565 Hane
748 3512 921 3565 oratio
949 3527 1064 3563 mea
1097 3511 1371 3580 pra'veniet
1410 3519 1458 3564 te
1482 3526 1500 3563 :
1540 3526 1648 3579 quo
1674 3512 1968 3580 indicatur,
2006 3530 2133 3570 ora—

555 3607 761 3661 tionem
790 3601 1091 3659 Salvatoris
1122 3617 1229 3657 non
1278 3603 1385 3656 alio
1433 3609 1680 3672 tempore
1710 3602 1959 3658 effectum
2003 3621 2137 3661 con-

557 3703 802 3752 secutam
836 3709 978 3758 esse,
1014 3694 1119 3748 nisi
1155 3695 1505 3749 illucescente
1535 3707 1731 3747 aurora
1768 3700 1821 3747 et
1853 3694 2135 3753 matutinis

558 3786 734 3850 horis,
766 3801 891 3840 cum
912 3786 1243 3841 resurrectio
1272 3794 1613 3839 mortuorum
1638 3782 1908 3839 accidisse
1940 3798 2133 3838 narra-

558 3887 669 3933 tur.
694 3876 876 3946 Quare
917 3893 1089 3947 neque
1121 3892 1379 3948 vespere,
1418 3891 1596 3947 neque
1637 3877 1864 3932 meridie
1888 3916 1904 3941 ,
1961 3892 2137 3947 neque

558 3972 668 4027 alio
696 3971 931 4042 quodam
968 3977 1230 4040 tempore,
1262 3971 1357 4026 sed
1408 3968 1607 4041 (Vsus.
1640 3970 1731 4041 i5)
1772 3984 1925 4023 mane
1965 3970 2136 4023 oratio

559 4081 677 4119 mea
701 4062 975 4132 prazveniet
1005 4072 1071 4117 te.
1118 4060 1341 4133 thuid,
1371 4061 1614 4126 Domine,
1661 4062 1868 4130 repellis
1902 4063 2138 4116 animam

559 4170 753 4218 meam,
787 4154 977 4207 avertis
1013 4153 1203 4222 faciem
1232 4164 1378 4207 tuam
1408 4171 1440 4207 a
1471 4156 1599 4209 me?
1630 4153 1690 4207 ιιι
1715 4154 1974 4208 vicesimo
2001 4168 2139 4224 quo-

558 4261 669 4316 que
701 4225 888 4315 primo.
930 4244 1184 4298 dicebat:
1233 4244 1409 4308 Deus,
1460 4244 1602 4298 Deus
1634 4262 1799 4308 meus,
1833 4246 2028 4315 respice
2080 4245 2139 4298 in

560 4350 664 4398 me,
694 4349 856 4404 quare
884 4348 964 4386 me
988 4331 1352 4401 dereliquisti?
1388 4331 1486 4388 Hic
1534 4342 1715 4389 autem
1746 4334 1899 4397 dicit,
1926 4330 2135 4403 utquid,

2235 3150 2425 3220 σαφῶς
2458 3153 2523 3205 ὲκ
2564 3150 2853 3222 προσώπου
2900 3151 2993 3203 τοῦ
3040 3150 3289 3220 Σωτῆρος
3329 3147 3485 3218 ἡμῶν
3528 3147 3806 3216 εἰρημένῳ

2234 3240 2373 3294 κατά
2392 3241 2488 3313 τὴν
2504 3240 2822 3313 προγραφὴν
2837 3241 3076 3305 λέλεκτο,
3103 3241 3115 3259 ”
3127 3240 3280 3308 Υπὲρ
3298 3238 3408 3306 τῆς
3427 3237 3805 3305 ἀντιλήψεως

2233 3329 2343 3399 τῆς
2367 3330 2633 3399 ἑωθινῆς,
2679 3330 2773 3384 τοῦ
2807 3331 2964 3399 λόγου
2995 3331 3096 3403 τὴν
3129 3332 3423 3384 ἀνάστασιν
3469 3328 3564 3383 τοῦ
3614 3327 3804 3398 Σωτῆο

2237 3439 2329 3493 ρος
2370 3423 2524 3493 ἡμῶν
2558 3423 2929 3493 αἰνιττομένου
2968 3421 3110 3475 κατά
3146 3421 3242 3492 τὴν
3286 3419 3513 3492 ἑωθινὴν
3536 3418 3691 3491 ὤραν
3719 3434 3807 3486 γε·

2235 3512 2541 3584 γενημένην
2562 3530 2574 3542 ο
2607 3512 2750 3566 οὕτω
2779 3513 2872 3565 καὶ
2904 3511 2999 3565 νῦν
3031 3510 3229 3564 ταύτὸν
3265 3511 3620 3583 τημαίνεσθαι
3656 3504 3803 3578 ἡγοῦ·

2238 3618 2336 3672 μαι
2365 3601 2450 3654 διὰ
2478 3600 2691 3665 τούτου,
2733 3601 2888 3669 Πρωῒ
2916 3602 2954 3669 ἡ
2984 3599 3293 3669 προσευχὴ
3325 3616 3440 3664 μου
3467 3598 3804 3667 προφθὰσει

2235 3707 2329 3757 σε,
2375 3693 2659 3765 δηλοῦντος
2698 3693 2790 3746 τοῦ
2819 3693 2978 3762 λόγου
2996 3732 3010 3757 ,
3033 3694 3113 3746 ὅτι
3148 3691 3222 3763 μὴ
3257 3691 3399 3763 ἄλλῳ
3424 3691 3600 3763 καιρῷ
3618 3692 3691 3744 τὰ
3715 3690 3806 3759 τῆς

2236 3787 2543 3857 προσευχῆς
2564 3786 2657 3839 τοῦ
2693 3786 2941 3857 Σωτῆρος
2967 3786 3046 3847 εἰς
3070 3784 3205 3857 ἔργα
3240 3782 3437 3853 ἐχώρει
3466 3785 3499 3855 ἢ
3532 3784 3680 3838 κατά
3712 3783 3805 3853 τὴν

2237 3878 2310 3932 ἕω
2327 3878 2494 3933 καὶτὸ
2512 3878 2673 3949 πρωῒ,
2704 3879 2791 3931 ὅτε
2824 3878 2917 3932 καὶ
2932 3877 3000 3930 τὰ
3015 3876 3114 3946 τῆς
3137 3877 3202 3929 ἐκ
3229 3874 3438 3946 νεκρῶν
3461 3876 3806 3936 ἀναστάσεως

2237 3964 2561 4034 γεγενῆσθαι
2592 3964 3026 4036 μεμαρτύρηται.
3068 3966 3146 4017 Δι’
3174 3965 3203 4017 ὃ
3243 3963 3366 4017 οὔτε
3395 3964 3656 4035 ἑσπέρας,
3687 3963 3806 4017 οὔτε

2241 4056 2601 4127 μσημόρίας,
2618 4055 2741 4108 οὔτε
2756 4056 2898 4127 ἄλλῳ
2910 4057 3015 4122 τινὶ
3035 4055 3230 4128 καιρῷ,
3246 4055 3381 4110 ἀλλά
3406 4054 3486 4120 τῷ
3509 4055 3677 4123 πρωϊ,
3710 4072 3809 4125 φῆ-

2239 4149 2343 4207 σὶν,
2375 4150 2413 4216 ἡ
2442 4149 2750 4218 προσευχὴ
2767 4162 2886 4218 μου
2908 4148 3241 4219 προφθάσει
3257 4162 3351 4202 σε.
3394 4147 3589 4209 ἰνατί,
3613 4148 3807 4217 Κύριε,

2237 4241 2497 4306 ἁπωθεῐς
2519 4241 2635 4309 τὴν
2657 4242 2867 4311 ψυχήν
2881 4261 3000 4312 μου
3020 4284 3034 4308 ,
3062 4240 3460 4312 ἀποστρέφεις
3491 4241 3559 4295 τὸ
3587 4244 3809 4311 πρόσω-

2239 4335 2358 4387 πόν
2391 4349 2507 4387 σου
2553 4333 2652 4387 ἀπ’
2691 4334 2873 4402 ἐμοῦ;
2925 4333 3036 4388 Καὶ
3082 4335 3140 4387 tv
3172 4333 3250 4404 τῷ
3298 4332 3383 4387 κα¹
3412 4333 3566 4401 ἔλεγε
3613 4333 3699 4398 τὸ,
3757 4332 3804 4384 Ὁ

561 4422 949 4493 interrogando
968 4437 1075 4493 qua
1098 4422 1163 4477 de
1192 4437 1359 4478 causa
1393 4424 1684 4479 derelictus
1711 4439 1741 4478 a
1770 4422 1932 4479 Patre
1966 4424 2057 4488 sit,
2080 4430 2131 4478 et

2241 4424 2403 4491 Θεὸς,
2426 4428 2459 4478 ὀ
2481 4426 2626 4490 Θεός
2646 4443 2789 4495 μου,
2807 4426 3073 4493 πρόσχες
3087 4442 3207 4493 μοι,
3226 4424 3384 4478 ἕνατί
3423 4421 3806 4492 ἐγκατέλιπές

559 4527 734 4584 quare
762 4512 849 4566 ille
878 4511 1113 4565 animam
1152 4526 1309 4566 suam
1338 4513 1631 4583 repulerit;
1682 4521 1742 4568 ut
1791 4514 1837 4568 si
1886 4529 1988 4569 nos
2038 4513 2140 4568 ali-

560 4604 782 4674 quando
808 4604 959 4658 dubii
995 4619 1303 4673 quaeramus
1344 4621 1515 4675 quare
1542 4605 1687 4661 Deus
1718 4604 1857 4661 Filio
1883 4622 1983 4663 suo
2026 4622 2139 4662 non

562 4695 828 4763 pepercit,
855 4695 947 4749 sed
988 4694 1211 4747 tradidit
1241 4709 1364 4749 eum
1389 4735 1405 4761 ,
1434 4696 1621 4751 volens
1652 4696 1932 4751 hominum
1963 4698 2139 4753 mani-

564 4786 668 4841 bus
692 4785 995 4840 dedititium
1028 4802 1150 4842 esse
1182 4786 1256 4856 (id
1285 4788 1432 4842 enim
1489 4795 1608 4842 erat
1652 4804 1778 4843 eum
1826 4790 2139 4861 relinquere

563 4890 628 4931 ac
655 4877 967 4947 repellere);
1009 4878 1319 4933 ediscamus
1364 4878 1417 4932 id
1449 4878 1622 4934 nostri
1665 4881 1839 4949 gratia
1866 4881 2025 4951 plane
2064 4881 2139 4937 fa-

559 4974 733 5032 ctum,
770 4978 828 5023 ut
863 4967 1047 5022 docuit
1074 4968 1368 5039 Apostolus
1402 4969 1487 5024 his
1511 4970 1695 5026 verbis
1726 4990 1739 5026 :
1771 4970 1873 5026 Sed
1905 4989 2001 5043 pro
2042 4990 2138 5027 no-

561 5061 643 5116 bis
665 5061 959 5115 hominibus
989 5062 1062 5125 ",
1084 5072 1143 5115 ut
1174 5061 1325 5117 ﬁeret
1341 5078 1514 5133 agnus
1532 5063 1626 5118 Dei
1649 5071 1705 5118 et
1723 5065 1840 5119 ovis
1856 5065 2135 5121 immolata

562 5167 667 5225 pro
711 5153 887 5208 salute
937 5152 1148 5208 mundi.
1201 5150 1567 5219 Quamobrem
1622 5155 1885 5224 propheta
1919 5170 2137 5225 quoque

558 5241 779 5298 dicebat
811 5260 825 5296 :
861 5240 929 5295 Et
960 5240 1216 5295 Dominus
1249 5242 1468 5296 tradidit
1498 5258 1618 5296 eum
1660 5244 1884 5312 peccatis
1914 5245 2133 5300 nostris.

629 5400 675 5433 ⁸⁸
719 5398 878 5453 Rom.
911 5414 1030 5463 vni,
1064 5397 1154 5453 52.

643 5513 709 5582 ‘1)
762 5513 981 5569 Scilicet
1018 5513 1248 5568 ecclesia
1283 5512 1351 5566 ad
1381 5512 1689 5582 sepulcrum
1739 5509 1963 5573 Christi,
2003 5525 2123 5580 quae

562 5580 969 5637 ao‘Athanasio
1008 5583 1061 5635 in
1097 5586 1323 5652 epistola
1362 5580 1553 5650 synodi
1594 5580 2122 5652 llierosolymitanse,

560 5668 616 5720 p.
654 5653 774 5715 199,
819 5652 1111 5723 μαρτύριον
1134 5649 1231 5704 τοῦ
1274 5649 2127 5723 Σωτῆρος,,ηιανιῃι-ἱιιιιι-δαιυα-

565 5724 725 5784 toris,
765 5720 910 5789 apud
953 5720 1315 5775 Slizomenum
1348 5720 1529 5775 autem
1560 5720 1654 5774 lib.
1696 5736 1755 5781 ιι,
1791 5735 1842 5773 c.
1864 5720 1955 5779 ’27,
1986 5720 2129 5789 μέγα

566 5791 885 5855 μαρτύριον,
925 5807 1169 5854 muqnu-m
1212 5793 1526 5854 martyrium
1565 5790 1783 5845 dicitur.
1831 5789 1954 5845 HiBC
1984 5806 2128 5845 anno

2234 4531 2312 4583 με
2326 4513 2506 4582 ;λέγει
2534 4513 2589 4566 δὲ
2607 4514 2663 4566 tv
2678 4514 2907 4577 τούτοις,
2937 4515 3037 4569 ἵνα
3062 4515 3140 4577 τί,
3163 4512 3592 4585 ὲρωτηματικῶς
3613 4511 3808 4564 πυνθα-

2240 4605 2462 4676 νόμενος
2492 4606 2557 4658 δι’
2577 4608 2643 4677 ἢν
2676 4607 2853 4660 αἰτίαν
2889 4605 3374 4674 ἐγκαταλέλειπται
3421 4604 3527 4657 ὑπὸ
3567 4603 3662 4657 τοῦ
3700 4601 3805 4657 [la-

2239 4697 2385 4768 τρὸς,
2417 4696 2512 4751 καὶ
2550 4698 2691 4751 ἰνατί
2734 4696 2990 4752 ἀπώσατο
3034 4696 3199 4751 αὐτοῦ
3227 4696 3326 4768 τὴν
3379 4696 3595 4768 ψυχήν·
3646 4695 3724 4758 ὡς
3748 4694 3808 4748 ἂν

2239 4789 2336 4842 καὶ
2360 4788 2541 4858 ἡμεῖς,
2572 4787 2626 4841 εῐ
2655 4805 2789 4841 ποτε
2826 4789 3177 4861 διαποροῖμεν
3203 4788 3269 4841 δι’
3307 4788 3373 4860 ἢν
3404 4788 3584 4841 αἰτίαν
3620 4788 3650 4840 ό
3681 4785 3807 4847 Θεὸς

2239 4880 2332 4933 τοῦ
2365 4880 2492 4934 ἰδίου
2521 4879 2653 4933 Υἰοῦ
2691 4881 2791 4934 οὐκ
2826 4880 3101 4951 ἐφείσατο,
3138 4879 3273 4933 ἀλλά
3311 4879 3629 4950 παρέδωκεν
3653 4878 3808 4931 αὐτὸν

2241 4971 2473 5042 θελήσας
2506 4970 2817 5041 ὑποχείριον
2845 4970 3153 5042 ἀνθρώποις
3181 4969 3437 5038 γενέσθαι
3461 4985 3477 5000 ο
3523 4968 3683 5021 τοῦτο
3707 4967 3813 5040 γάρ

2237 5056 2306 5133 ἦν
2335 5061 2396 5113 τὸ
2440 5060 2757 5116 καταλιπεῖν
2786 5062 2949 5116 αὐτὸν
2996 5063 3091 5115 καὶ
3137 5060 3493 5115 ἀπώσασθαι·
3530 5060 3813 5130 μανθάνοι⁶

2243 5168 2362 5222 μεν,
2423 5151 2505 5204 δτι
2552 5152 2710 5207 τοῦτο
2771 5153 2912 5223 ὑπὲρ
2957 5151 3115 5223 ἡμῶν
3164 5152 3408 5220 γέγονεν,
3463 5151 3540 5214 ὡς
3581 5149 3813 5213 ἐδίδαξεν

2236 5245 2266 5299 ὁ
2321 5243 2639 5297 ’Δπόστολοτ-
2685 5242 2853 5309 εἰπών
2874 5261 2887 5274 ·
2932 5243 3096 5297 Ἀλλ’
3140 5242 3290 5312 ὑπὲρ
3326 5240 3497 5311 ἡμῶν
3547 5239 3810 5304 πάντων,

2227 5510 2432 5585 ghristi
2455 5513 2561 5569 535
2586 5514 2833 5572 dedicata
2873 5522 2978 5577 est,
3008 5514 3154 5570 unde
3182 5514 3704 5585 tempuseditorum
3737 5512 3805 5585 arb

2230 5582 2467 5638 Eusebio
2493 5587 3011 5641 commentariorum
3051 5582 3310 5639 eruimus
3332 5587 3385 5638 in
3413 5583 3805 5638 Praeliminari-

2232 5653 2529 5779 ξοδεὺριιιιᾱ
2545 5656 2611 5710 de
2641 5672 2697 5713 re
2720 5666 2776 5713 et
2794 5657 2862 5713 de
2886 5655 3229 5711 mirabilibus
3258 5671 3321 5709 ea
3346 5656 3400 5709 in
3429 5654 3663 5709 ecclesia
3688 5653 3803 5708 edi-

2262 5741 2346 5781 ISI
2396 5743 2409 5779 ι
2442 5743 2492 5781 γι
2535 5743 2577 5781 c.
