4068 6394
296 332 440 402 ιοεε
1458 344 1967 402 causamunam
1990 344 2063 400 1N
2104 344 2444 401 PSAmos.
2668 394 2683 402 .
3407 348 3543 402 1066

295 462 385 515 ἵνα
415 459 638 531 γένηται
681 460 851 530 ἀμνὸς
898 459 1033 514 Θεοῦ
1084 459 1178 513 καὶ
1226 459 1496 533 πρόϐατον
1550 459 1863 531 ἱερουργού-

1970 457 2040 512 Et
2064 457 2149 511 hic
2180 469 2397 526 peccata
2432 467 2617 511 nostra
2651 466 2849 528 portat,
2877 467 2926 512 et
2954 474 3050 528 pro
3078 459 3225 515 nobis
3256 462 3547 533 cruciatur.

295 568 458 622 μενον
490 551 633 623 ὑπὲρ
673 553 773 623 τῆς
804 552 898 605 τοῦ
947 552 1153 623 κόσμου
1188 556 1482 623 σωτηρίας.
1519 552 1722 624 Διόπερ
1755 551 1863 605 ἕλε-

1971 551 2041 605 Ει
2069 552 2177 620 ipse
2198 551 2502 605 vulneratus
2539 560 2619 605 est
2667 561 2877 620 propter
2907 561 3123 620 peccata
3159 564 3363 619 nostra,
3398 555 3551 624 inﬁr-

290 658 358 713 γε
392 644 487 697 καὶ
526 643 555 695 ὁ
580 643 867 714 προφήτης
886 660 899 673 °
930 643 1039 697 Kal
1071 644 1286 711 Κύριος
1314 642 1656 711 παρέδωκεν
1680 642 1863 696 αὐτὸν

1967 653 2145 695 matus
2192 650 2271 694 est
2326 650 2539 711 propter
2587 642 2893 712 iniquitates
2937 653 3188 699 nostras:
3227 646 3387 701 vibice
3431 647 3548 717 ejus

293 731 421 799 ταῖς
458 734 767 803 ἁμαρτίαις
812 732 997 802 ήμῶν.
1052 735 1164 787 Καὶ
1212 729 1391 800 οὗτος
1430 734 1538 799 τὰς
1575 734 1863 803 ἁμαρτίας

1965 750 2059 786 nos
2082 733 2264 786 sanati
2301 748 2489 785 sumus
2520 732 2562 786 ⁸.
2596 732 2656 785 ln
2692 748 2781 785 xx:
2812 739 2991 786 autem
3028 733 3336 803 subjungit,
3366 732 3509 789 Deus
3531 773 3548 799 ,

291 824 462 893 ἡμῶν
492 824 675 893 φέρει,
704 824 801 877 καὶ
830 824 963 893 περὶ
999 825 1166 894 ἡμῶν
1196 822 1498 878 ὀδυνᾶται.
1541 823 1653 879 Καὶ
1681 825 1863 891 αὐτὸς

291 913 727 983 ἑτραυματίσθη
757 913 854 967 διὰ
884 913 990 980 τὰς
1017 914 1302 983 ἁμαρτίας
1333 912 1522 984 ἡμῶν,
1554 915 1650 967 καὶ
1671 931 1859 984 μεμα-

291 1003 571 1058 λὰκισται
608 1003 705 1058 διὰ
734 1002 841 1071 τὰς
870 1005 1119 1074 ἀνομίας
1151 1004 1322 1075 ἡμῶν
1341 1021 1353 1035 ·
1376 1004 1456 1071 τῷ
1471 1004 1716 1074 μώλωπι
1741 1008 1861 1060 αὐ·-

292 1096 399 1150 τοῦ
434 1094 603 1166 ἡμεῖς
639 1094 904 1165 ίάθημεν.
955 1098 1233 1169 Ἐπιφέρει
1263 1097 1321 1150 δὲ
1346 1097 1520 1167 λέγων
1551 1099 1608 1151 ὲν
1638 1094 1723 1151 κα¹
1750 1113 1764 1126 ⁸
1809 1098 1862 1151 Ὁ

293 1188 460 1255 Θεὸς,
490 1187 850 1258 κεκράξομαι
901 1188 1125 1258 ἡμέρας
1147 1230 1163 1255 ,
1208 1192 1308 1245 καὶ
1352 1193 1465 1244 οὐκ
1505 1190 1863 1263 είσακούσῃ,

291 1286 389 1339 καὶ
422 1286 664 1351 νυκτὸς,
694 1284 793 1341 καὶ
821 1286 931 1338 οὐκ
966 1288 1055 1351 είς
1085 1283 1286 1339 ἄνοιαν
1322 1285 1488 1354 ἐμοί·
1538 1285 1633 1338 καὶ
1663 1286 1723 1337 ἐν
1750 1288 1862 1348 τοῖς

292 1374 674 1446 προκειμένοις
704 1390 717 1403 ·
789 1373 1214 1443 Ἀποστρέφεις
1261 1373 1325 1426 τὸ
1370 1373 1697 1441 πρόσωπόν
1746 1386 1864 1426 σου

1961 822 2202 877 clamabo
2233 838 2323 891 per
2345 822 2505 889 diem,
2529 831 2579 876 et
2611 840 2715 876 non
2740 821 3013 887 exaudies,‘
3035 832 3085 877 et
3108 833 3274 886 nocte,
3293 834 3342 878 et
3362 842 3463 879 non
3480 827 3550 881 ad

1963 914 2321 984 insipientiam
2380 914 2508 967 mihi
2548 916 2609 979 ¹;
2644 915 2698 968 in
2735 916 2984 984 praesenti
3035 931 3183 981 vero,
3219 917 3426 971 Avertis
3464 919 3549 989 [a-

1964 1008 2094 1061 ciem
2121 1018 2264 1059 tuam
2289 1022 2319 1058 a
2351 1022 2451 1060 me.
2488 1004 2613 1060 Haec
2640 1022 2803 1076 porro
2841 1007 3043 1062 similia
3072 1016 3201 1076 puto
3227 1007 3295 1063 iis
3326 1018 3446 1078 quae.
3491 1006 3547 1060 in

1970 1096 2259 1167 Evangelia
2288 1114 2451 1168 opere
2474 1098 2743 1169 completa
2771 1098 3041 1165 feruntur,
3072 1100 3165 1155 ubi
3196 1114 3227 1153 a
3260 1098 3548 1167 discipulis

1972 1198 2250 1257 semotus,
2304 1190 2358 1244 in
2394 1191 2586 1244 faciem
2646 1193 2935 1261 procubuit
2994 1209 3159 1249 orans
3208 1202 3261 1249 et
3312 1193 3543 1248 dicens:

1966 1279 2148 1346 Pater,
2181 1282 2228 1335 si
2261 1281 2509 1350 possibile
2536 1292 2635 1345 est,
2676 1292 2909 1337 transeat
2936 1283 3020 1338 hic
3045 1284 3188 1338 calix
3229 1301 3262 1337 a
3291 1300 3391 1338 me.
3450 1282 3549 1336 Ve-

1964 1382 2259 1428 rumtamen
2306 1390 2411 1427 non
2457 1375 2594 1428 sicut
2635 1392 2726 1446 ego
2777 1376 2914 1441 volo,
2966 1376 3056 1431 sed
3114 1378 3252 1431 sicut
3286 1387 3342 1430 tu
3373 1377 3448 1443 ";
3484 1390 3547 1430 ac

291 1467 391 1521 ἀπ’
424 1466 589 1537 ἐμοῦ.
624 1467 823 1537 Ὅμοια
852 1466 909 1518 δὲ
934 1465 1066 1536 ἡγοῦ
1076 1482 1172 1535 μαι
1198 1462 1336 1519 εἶναι
1363 1464 1537 1519 ταῦτα.
1566 1466 1681 1527 τοῖς
1708 1465 1766 1517 ὲν
1785 1462 1865 1533 τῷ

292 1559 608 1630 Εὑαγγελίῳ
642 1559 787 1630 ἔργῳ
826 1556 1290 1629 τετελειωμένοις,
1332 1557 1460 1610 ἔνθα
1496 1556 1717 1621 διαστὰς
1754 1556 1864 1610 τῶν

1966 1481 2207 1531 rursum,
2238 1465 2422 1533 Pater,
2450 1467 2496 1521 si
2522 1484 2625 1521 non
2652 1478 2819 1536 potest
2848 1469 2930 1522 hic
2957 1471 3206 1536 transire,
3239 1469 3344 1523 nisi
3373 1466 3547 1522 bibam

1966 1556 2138 1621 illum,
2171 1558 2269 1626 ﬁat
2292 1556 2534 1611 voluntas
2571 1569 2661 1612 tua
2684 1560 2726 1614 ³.

292 1653 567 1724 μαθητῶν,
590 1652 781 1706 ἔπεσεν
808 1653 901 1705 ἐπὶ
925 1652 1209 1723 πρόσωπον
1232 1652 1396 1705 αὐτοῦ
1425 1651 1856 1722 προσευχόμενος
1887 1651 1981 1703 καὶ
2014 1650 2213 1718 λέγων·
2255 1649 2465 1719 Πάτερ,
2510 1654 2564 1706 εί
2602 1652 2883 1720 δυνατὸν,
2922 1653 3265 1722 παρελθέτω
3325 1651 3394 1707 τὸ
3441 1658 3549 1705 πο·

290 1747 493 1818 τήριον
523 1746 698 1801 τοῦτο
738 1748 839 1802 ἀπ’
870 1747 1035 1816 ἐμοῦ.
1064 1746 1240 1816 Πλὴν
1269 1749 1380 1816 οὐχ
1415 1748 1496 1812 ὡς
1559 1746 1674 1818 ἐγὼ
1706 1745 1876 1810 θέλω,
1911 1747 2048 1800 ἀλλ’
2072 1746 2152 1811 ὡς
2178 1746 2257 1800 σύ
2280 1764 2292 1776 ·
2317 1747 2411 1799 καὶ
2434 1746 2594 1800 πάλιν
2617 1764 2631 1778 ο
2658 1746 2876 1817 Πάτερ,
2896 1751 2950 1802 εί
2974 1750 3046 1803 οὐ
3071 1748 3321 1803 δύναται
3372 1746 3547 1801 τοῦτο

290 1836 625 1907 παρελθεῖν,
686 1836 794 1889 ἐὰν
828 1836 915 1907 μὴ
960 1837 1106 1891 αὐτὸ
1151 1838 1288 1902 πίω,
1339 1823 1643 1906 γενηθήτω
1696 1837 1765 1889 τὸ
1829 1834 2057 1906 θέλημά
2087 1850 2202 1889 σου

361 1930 600 1999 Πτωχός
621 1931 736 1999 ειμι
760 1928 873 1998 ἐγὼ
899 1930 995 1982 καὶ
1013 1929 1082 1982 ἐν
1102 1929 1311 1995 κόποις
1330 1928 1398 1982 ἐκ
1415 1928 1693 1996 νεότητός
1707 1942 1849 1996 μουο

2025 1924 2189 1982 Vens.
2218 1926 2401 1983 16-19.
2441 1928 2650 1996 Pauper
2699 1945 2816 1982 sum
2863 1946 2954 2000 ego
2987 1938 3039 1984 et
3079 1930 3135 1984 in
3189 1930 3459 1985 laboribus
3512 1947 3546 1985 a

289 2024 548 2092 ὑψωθεὶς
590 2022 657 2075 δὲ
700 2021 1099 2089 ἐταπεινώθην
1136 2022 1236 2075 καὶ
1281 2020 1680 2089 ἐξηπορήθην.
1728 2018 1852 2073 Ἐπ’

1965 2015 2221 2080 iuventute
2276 2033 2391 2070 mea
2414 2033 2432 2070 :
2486 2016 2751 2071 exaltatus
2802 2028 2977 2072 autem
3006 2019 3316 2072 humiliatus
3344 2035 3462 2073 sum
3494 2015 3546 2092 ei

290 2090 394 2181 ἐμὲ
423 2113 669 2181 διῆλθον
695 2115 754 2166 al
789 2114 957 2183 ὀργαί
976 2127 1115 2177 σου,
1145 2115 1198 2166 οὶ
1227 2112 1572 2181 φοϐερισμοί
1607 2125 1723 2164 σου
1766 2109 1858 2175 ἐξ·

1965 2107 2253 2176 perplexas.
2290 2106 2451 2163 Inme
2499 2111 2817 2163 transierunt
2853 2111 2948 2164 ira:
2992 2120 3093 2163 tua:
3123 2149 3139 2174 ,
3185 2119 3405 2164 terrores
3471 2090 3548 2163 tui

291 2204 589 2274 ετάραξάν
619 2222 718 2275 με.
768 2203 1157 2259 Ἐκύκλωσάν
1183 2222 1263 2274 με
1292 2204 1371 2270 ὼς
1386 2203 1539 2271 ὕδωρ
1562 2202 1717 2271 ὅλην
1742 2202 1858 2270 τὴν

1965 2197 2394 2251 conturbauerunt
2442 2215 2541 2254 me.
2594 2198 3061 2253 Circumdederunt
3101 2215 3180 2254 me
3217 2200 3356 2252 sicut
3407 2216 3547 2270 aqua

290 2298 538 2367 ἡμέραν,
574 2296 896 2366 περιέσχον
912 2313 991 2366 με
1016 2296 1155 2366 ἅμα.
1197 2294 1560 2365 Ἑμάκρυνας
1589 2294 1690 2347 ἀπ’
1711 2292 1855 2362 ἐμοῦ

1965 2298 2071 2341 tota
2117 2290 2236 2354 die,
2286 2290 2741 2344 circumdederunt
2792 2307 2872 2344 me
2936 2291 3114 2345 simul.
3188 2289 3469 2362 Elongasti
3510 2309 3545 2344 a

288 2388 472 2453 φίλον
499 2384 599 2438 καὶ
627 2386 916 2453 πλησίον,
948 2386 1045 2438 καὶ
1079 2384 1223 2451 τοὺς
1259 2384 1570 2454 γνωστούς
1599 2401 1716 2452 μου
1738 2382 1855 2437 ἀπὸ

1965 2395 2039 2432 me
2094 2380 2321 2432 amicum
2364 2390 2415 2434 et
2471 2382 2811 2450 proximum,
2867 2389 2917 2434 et
2982 2390 3132 2434 notos
3173 2396 3313 2435 meos
3360 2397 3393 2435 a
3446 2381 3546 2434 mi-

290 2477 709 2546 ταλαιπωρίας.
762 2476 875 2529 Καὶ
907 2474 1081 2530 ταῦτα
1112 2478 1139 2528 ό
1179 2475 1471 2547 Σύμμαχος
1530 2473 1857 2545 σαφέστερόν

1965 2472 2116 2526 seria.
2172 2471 2297 2527 Haec
2346 2474 2547 2527 clarius
2580 2471 2939 2544 Symmachus
2979 2472 3150 2527 edidit
3182 2473 3266 2528 his
3316 2472 3539 2528 verbis:

291 2585 408 2629 πως
439 2566 699 2631 ἐξέδωκεν
742 2566 947 2620 εἰπών’
1000 2568 1240 2637 Πτωχὸς
1284 2567 1368 2620 ὢν
1418 2566 1515 2620 καί
1566 2566 1861 2619 ἐκλείπων

290 2660 409 2717 ἀπὸ
440 2663 742 2729 νεότητος,
795 2662 1095 2717 ἀνέλαϐον
1142 2661 1249 2715 τὸν
1296 2661 1483 2730 φόϐον
1524 2676 1661 2715 σου.
1705 2661 1862 2729 Πρὸς

290 2756 521 2823 τούτοις
544 2755 616 2809 δι’
640 2755 785 2826 ἐμοῦ
811 2755 1205 2825 παρώδευσαν
1237 2760 1295 2810 αἱ
1323 2756 1489 2825 ὀργαί
1516 2769 1651 2819 σου,
1680 2756 1741 2806 αὶ
1767 2754 1863 2807 ἐκ·

290 2848 544 2916 πλήξεις
568 2862 683 2901 σου
712 2846 1173 2915 κατεσιώπησαν
1198 2864 1295 2916 με.
1331 2845 1666 2915 Περιῆλθόν
1682 2863 1758 2915 με
1783 2846 1864 2912 ὡς

290 2939 499 3003 ὕδατα,
528 2938 736 2993 πᾶσαν
796 2938 911 3008 τὴν
959 2938 1188 3007 ἡμέραν
1234 2935 1725 3006 περιεκύκλωσάν
1764 2953 1860 3006 με.

291 3036 402 3088 Καὶ
428 3034 455 3085 ὁ
495 3032 744 3096 Ἀκύλας,
773 3032 893 3084 Ἐπ’
925 3031 1050 3100 ἐμὲ,
1096 3030 1249 3101 φησὶ,
1275 3028 1586 3099 παρῆλθον
1612 3032 1671 3082 αὶ
1699 3028 1867 3098 ὀργαί

291 3140 428 3178 σου.
466 3125 653 3187 Ὅπως
688 3123 744 3175 δὲ
776 3123 995 3193 πτωχὸς
1023 3120 1089 3195 ἦν
1130 3124 1224 3176 καὶ
1260 3123 1317 3175 ἐν
1343 3123 1535 3186 κόποις
1572 3124 1637 3176 ὲκ
1680 3123 1867 3194 νεότη-

1961 2563 2170 2633 Pauper
2198 2581 2315 2618 cum
2344 2565 2445 2619 sim
2490 2576 2539 2619 et
2599 2564 2845 2635 deﬁciens
2895 2581 2927 2618 a
2964 2564 3236 2634 juventute
3264 2604 3280 2630 ,
3338 2564 3544 2635 suscepi

1963 2656 2204 2709 timorem
2235 2664 2404 2709 tuum.
2446 2654 2529 2707 Ad
2564 2653 2673 2708 haec
2724 2669 2817 2723 per
2865 2670 2944 2708 me
2981 2664 3409 2723 prwtermearunt
3448 2657 3545 2709 ira:

1962 2753 2067 2800 tua:
2086 2786 2101 2808 ,
2146 2754 2373 2799 terrores
2398 2746 2477 2797 tui
2510 2754 2682 2798 tacere
2699 2761 2779 2798 me
2800 2744 3054 2813 fecerunt.
3077 2745 3545 2801 Circumvenerunt

1964 2853 2044 2890 me
2079 2838 2217 2891 sicut
2246 2853 2418 2907 aquae,
2464 2845 2573 2890 tota
2602 2838 2686 2890 die
2718 2836 3173 2890 circumdederunt
3202 2854 3300 2891 me.
3348 2838 3544 2909 Aquila

1964 2944 2114 2994 vero,
2142 2928 2311 2999 Super
2334 2946 2434 2995 me,
2468 2928 2663 3000 inquit,
2687 2931 3056 2999 prwterierunt
3085 2931 3182 2985 ira:
3230 2940 3353 2985 tute.
3406 2931 3547 2996 Quo‘

1968 3019 2127 3073 modo
2153 3028 2335 3074 autem
2364 3034 2567 3089 pauper
2602 3017 2769 3073 fuerit
2797 3030 2850 3074 et
2878 3020 2934 3073 in
2959 3019 3242 3075 laboribus
3273 3034 3304 3073 a
3347 3021 3546 3089 juven-

1967 3116 2102 3174 tute,
2138 3109 2298 3164 docet
2327 3110 2445 3179 ipse
2500 3111 2557 3164 in
2602 3110 2912 3181 Evangeliis
2961 3111 3029 3165 de
3067 3126 3126 3165 se
3179 3111 3411 3180 loquens
3457 3110 3545 3167 his

290 3230 381 3276 τος
399 3254 413 3277 ,
438 3212 674 3265 διδάσκει
709 3211 871 3275 αὐτὸς
898 3214 954 3265 ἐν
980 3215 1091 3274 τοῖς
1130 3210 1482 3280 Εύαγγελίοις
1517 3212 1642 3282 περὶ
1674 3209 1863 3263 ἑαυτοῦ

1968 3209 2190 3264 verbis:
2235 3208 2437 3263 Discite
2495 3226 2527 3263 a
2578 3227 2659 3264 me
2709 3211 2835 3281 quia
2886 3212 3032 3265 mitis
3062 3227 3181 3265 sum
3232 3219 3283 3264 et
3329 3211 3544 3266 humilis

291 3300 464 3369 λέγων
485 3318 499 3331 ο
538 3301 767 3356 Μάθετε
799 3302 898 3356 ἀπ’
931 3301 1099 3371 ἐμοῦ,
1132 3300 1221 3353 ὅτι
1255 3300 1446 3369 πρᾶός
1483 3303 1601 3370 εἰμι
1634 3302 1733 3354 καὶ
1759 3316 1860 3352 τα-

1968 3301 2123 3354 corde
2160 3299 2202 3351 ’⁸.
2237 3300 2530 3369 Apostolus
2557 3300 2685 3355 item
2716 3301 2794 3354 ait
2825 3320 2838 3355 :
2875 3300 2981 3367 Qui
3008 3317 3128 3354 cum
3150 3302 3204 3355 in
3242 3301 3416 3371 forma
3446 3302 3545 3357 Dei

292 3395 495 3461 πεινὸς
541 3394 616 3463 τῇ
654 3393 889 3463 καρδίᾳ.
934 3395 1044 3448 Καὶ
1089 3395 1117 3446 ό
1164 3393 1479 3456 Ἀπόστολός
1511 3409 1672 3465 φησιν
1697 3410 1710 3422 ·
1764 3393 1862 3459 Ὃς

1966 3400 2120 3455 esset,
2152 3407 2255 3444 non
2292 3392 2537 3460 rapinam
2574 3390 2868 3445 arbitratus
2917 3400 2993 3446 est
3029 3409 3142 3447 esse
3184 3409 3237 3447 se
3292 3392 3546 3463 (aqualem

291 3487 362 3539 ἐν
377 3484 579 3554 μορφῇ
611 3486 756 3539 Θεοῦ
787 3484 1090 3555 ὑπάρχων,
1119 3487 1232 3555 οὺχ
1258 3484 1572 3555 ἁρπαγμὸν
1593 3482 1863 3554 ἡγήσατο

1965 3481 2105 3547 Deo,
2145 3483 2235 3536 sed
2256 3483 2591 3551 semetipsum
2619 3484 2904 3537 exinanivit
2925 3484 2983 3550 5;
3014 3484 3089 3538 ita
3116 3495 3174 3538 ut
3194 3487 3545 3556 perspicuum

294 3573 445 3631 εἶναι
485 3577 590 3631 ἴσα
615 3576 755 3642 Θεῷ,
784 3576 920 3631 ἀλλ’
946 3577 1164 3630 ἑαυτὸν
1190 3575 1490 3630 ἐκένωσεν
1507 3593 1522 3607 ο
1557 3575 1697 3629 ὥστε
1726 3573 1863 3630 εἶναι

1965 3575 2034 3629 sit
2047 3589 2153 3645 qua
2170 3573 2237 3630 de
2247 3590 2413 3630 causa
2427 3574 2570 3645 apud
2583 3575 2727 3629 LXX
2744 3576 3072 3647 lnterpretes
3088 3577 3323 3644 dicatur,
3333 3578 3546 3648 Pauper

297 3670 463 3738 σαφὲς
516 3668 632 3733 πῶς
694 3670 911 3739 εἴρηται
962 3669 1116 3740 παρὰ
1164 3672 1277 3733 τοῖς
1340 3669 1742 3742 Ἐὅδομήκοντα
1780 3672 1861 3737 τὸ,

293 3762 535 3829 Πτωχός
559 3763 676 3831 είμι
706 3759 821 3829 ἐγὼ
844 3760 941 3817 καί
972 3762 1041 3813 ἐν
1070 3761 1280 3829 κόποις
1315 3761 1384 3815 ἐκ
1414 3764 1697 3832 νεότητός
1719 3782 1861 3834 μου.

306 3855 444 3908 Ἀλλ’
473 3856 532 3908 ἐν
573 3855 670 3925 μὲν
713 3856 781 3924 τῇ
823 3854 1034 3923 νεότητι
1071 3854 1257 3918 αὐτοῦ,
1296 3855 1391 3908 καὶ
1427 3854 1602 3918 ἄλλως
1635 3856 1740 3909 ὑπὸ
1771 3856 1865 3910 τὸν

294 3944 646 4018 νομιζόμενον
667 3945 878 4016 πατέρα
902 3945 991 3999 τὸν
1029 3945 1246 4015 Ἰωσὴφ,
1274 3947 1369 3999 καὶ
1397 3946 1498 4018 τὴν
1520 3947 1661 4001 κατὰ
1688 3948 1866 4019 σάρκα

296 4039 508 4110 μητέρα
540 4039 896 4111 τρεφόμενος,
921 4038 1134 4109 πτωχὸς
1165 4034 1233 4109 ἦν
1264 4042 1320 4092 ὲν
1347 4043 1583 4110 πτωχοῖς
1605 4057 1619 4070 ’
1654 4042 1748 4094 καὶ
1772 4041 1864 4095 τὸν

293 4131 449 4187 ἄλλον
476 4132 533 4185 δὲ
558 4132 724 4186 αὑτοῦ
763 4132 876 4202 βίον
913 4132 1166 4195 πλούσιος
1192 4131 1288 4196 ὢν,
1316 4132 1385 4184 δι’
1413 4134 1560 4203 ἡμᾶς
1590 4130 1863 4203 ἐπτώχευ-

296 4241 415 4288 σεν,
458 4227 604 4286 ὅπως
640 4227 801 4295 ἡμεῖς
846 4226 912 4294 τῇ
948 4223 1107 4276 αὑτοῦ
1161 4225 1404 4296 πτωχείᾳ
1453 4224 1859 4296 πλουτήσωμεν.

297 4316 428 4369 Ὅτε
468 4315 526 4367 δὲ
581 4316 766 4368 λοιπὸν
809 4313 1250 4386 παραδοξοποιῶν
1293 4316 1388 4369 κα)⁸
1427 4315 1563 4369 Θεοῦ
1607 4316 1865 4387 δυνάμεις

295 4408 568 4461 ἀποτελῶν
588 4448 603 4472 ,
651 4407 841 4476 ὑψώθη
878 4424 937 4459 τε
1008 4409 1100 4461 καὶ
1131 4408 1218 4462 διὰ
1262 4408 1356 4461 τοῦ
1401 4408 1605 4472 πάθους
1633 4408 1866 4478 ὑψωθεὶς

295 4498 652 4571 ἐταπεινώθη.
684 4502 759 4553 Δι’
808 4500 836 4553 ὃ
870 4500 1051 4570 ἔλεγεν
1076 4518 1088 4531 ·
1137 4502 1361 4569 Ὥσπερ
1398 4500 1622 4568 Μωσῆς
1655 4501 1866 4569 ὕψωσε

294 4589 403 4643 τὸν
438 4589 576 4659 ὄφιν
606 4590 676 4643 ἐν
703 4588 778 4657 τῆ
808 4588 1025 4659 ἐρήμῳ,
1068 4590 1255 4655 οὕτως
1288 4590 1604 4660 ὑψωθῆναι
1640 4589 1735 4642 δεῖ
1762 4589 1869 4643 τὸν

1962 3686 2079 3725 sum
2102 3687 2193 3740 ego
2223 3678 2273 3723 et
2302 3670 2356 3723 in
2387 3670 2657 3725 laboribus
2709 3690 2744 3723 a
2764 3672 3038 3741 juventute
3086 3690 3221 3727 mea.
3256 3674 3455 3728 Verum
3487 3674 3546 3729 in

1958 3760 2245 3831 iuventute
2276 3775 2396 3825 sua,
2432 3775 2558 3815 cum
2593 3761 2836 3832 alioquin
2873 3778 2903 3816 a
2932 3763 3191 3834 Jasepho,
3256 3766 3350 3834 qui
3390 3773 3546 3835 pater

1962 3852 2082 3921 ejus
2104 3866 2228 3907 esse
2263 3853 2579 3922 putabatur,
2604 3859 2659 3907 et
2690 3869 2720 3907 a
2752 3862 2924 3909 matre
2960 3869 3058 3910 sua
3094 3856 3393 3910 secundum
3423 3870 3546 3910 car-

1963 3958 2109 4007 nem,
2141 3943 2485 4004 educarctur,
2520 3959 2728 4015 pauper
2778 3945 2921 4000 inter
2980 3961 3246 4016 pauperes
3294 3957 3447 4015 erat;
3490 3956 3547 4004 et

1964 4052 2090 4091 cum
2120 4036 2418 4091 secundum
2452 4037 2610 4091 aliam
2638 4038 2803 4090 vitam
2827 4052 2980 4092 suam
3009 4039 3160 4093 dives
3186 4047 3351 4105 esset,
3371 4041 3544 4096 nostri

1964 4142 2132 4182 causa
2174 4128 2332 4199 inaps
2361 4127 2587 4183 ell‘ectus
2612 4136 2717 4190 est,
2753 4137 2811 4181 ut
2842 4144 2942 4183 nos
2974 4129 3095 4197 ejus
3129 4129 3313 4199 inopia
3346 4131 3545 4187 divites

1964 4234 2231 4275 essemus.
2262 4220 2397 4276 Cum
2428 4234 2592 4290 parra
2625 4218 2845 4273 demum
2888 4219 3133 4290 prodigia
3160 4228 3215 4274 et
3244 4220 3339 4276 Dei
3374 4223 3546 4277 virtu-

1965 4321 2046 4364 tes
2075 4310 2264 4372 edens,
2298 4310 2571 4365 exaltatus
2592 4316 2768 4373 est,et
2796 4325 2893 4379 per
2915 4310 3226 4379 passionem
3262 4327 3415 4366 suam
3437 4314 3548 4369 ele-

1966 4410 2145 4465 vatus,
2176 4402 2493 4457 humiliatus
2524 4409 2628 4455 est.
2660 4400 2841 4467 Quare
2862 4401 3076 4456 dicebat
3110 4422 3122 4457 :
3157 4402 3305 4457 Sicut
3334 4403 3544 4476 Moyses

1965 4490 2223 4545 exultavit
2273 4501 2564 4561 serpentem
2605 4492 2661 4544 in
2692 4491 2921 4556 deserto,
2953 4494 3032 4545 ita
3081 4495 3311 4548 exaltari
3345 4506 3546 4565 oportet

1969 4576 2170 4632 Filium
2198 4581 2427 4635 hominis
2448 4581 2503 4649 ⁶;
2537 4597 2600 4636 ac
2624 4598 2864 4646 rursum,
2894 4582 3027 4637 Cum
3056 4585 3417 4640 exaltaveritis
3452 4586 3545 4641 Fi-

305 4682 441 4735 Υίὸν
466 4682 571 4736 τοῦ
597 4682 912 4750 ἀνθρώπου
935 4699 948 4712 ·
988 4682 1081 4736 κα.)⁵
1112 4682 1273 4736 πάλιν
1304 4698 1318 4713 ·
1367 4682 1544 4737 Ὅταν
1579 4683 1863 4751 ὑψώσητε

1969 4671 2098 4724 lium
2142 4670 2389 4739 hominis,
2446 4681 2567 4726 tunc
2615 4675 2935 4742 cognoscetis
2985 4676 3111 4745 quia
3142 4692 3235 4746 ego
3258 4679 3440 4744 sum";
3488 4679 3545 4733 in

296 4774 403 4827 τὸν
440 4774 577 4827 Υίὸν
608 4774 714 4827 τοῦ
741 4773 1073 4842 ἀνθρώπου,
1116 4776 1247 4828 τότε
1275 4774 1602 4844 γνώσεσθε,
1634 4775 1724 4828 ὅτι
1755 4774 1868 4845 ἐγώ

238 4920 239 4923 η
295 4867 411 4933 είμι
438 4879 452 4894 ⁸
497 4866 591 4917 καὶ
626 4867 683 4917 ὲν
720 4864 797 4936 τῷ
838 4867 1181 4937 προκειμένῳ
1209 4882 1222 4895 °
1288 4866 1574 4934 Ὑψωθεὶς
1621 4866 1690 4919 δὲ
1731 4867 1864 4922 ἐτα-

296 4955 593 5023 πεινώθην
628 4956 727 5009 καὶ
762 4955 1165 5025 ἐξηπορήθην.
1216 4956 1289 5009 Τὸ
1319 4957 1399 5020 δὲ,
1427 4959 1509 5009 Δι’
1547 4958 1693 5027 ἐμοῦ
1716 4973 1867 5026 παρ-

294 5048 571 5102 ώδευσαν
612 5052 671 5102 al
732 5050 902 5119 ὀργαί
936 5064 1086 5111 σου,
1134 5048 1274 5103 κατὰ
1326 5050 1418 5104 τὸν
1472 5050 1786 5121 Σύμμαχον,
1831 5050 1864 5122 ἢ

296 5140 437 5195 κατὰ
474 5141 563 5193 τὸν
616 5141 843 5196 Ἀκύλαν
870 5158 882 5171 ο
932 5142 1055 5195 Ἐπ’
1094 5141 1199 5210 ἐμὲ
1245 5142 1559 5211 παρῆλθον
1584 5146 1645 5196 al
1690 5144 1859 5212 ὀργαί

296 5248 435 5296 σου,
465 5234 498 5304 ἢ
528 5232 669 5286 κατὰ
700 5235 827 5296 τοὺς
864 5233 1287 5304 Ἐὁδομήκοντα,
1334 5236 1458 5289 Ἐπ’
1478 5235 1584 5304 ἐμὲ
1615 5234 1866 5303 διῆλθον

297 5329 355 5379 al
387 5327 556 5397 ὀργαί
580 5342 719 5389 σου,
758 5326 943 5395 σαφῶς
970 5327 1319 5398 παρίστησιν,
1356 5329 1439 5381 ὅτι
1465 5329 1566 5381 ούκ
1597 5331 1676 5391 είς
1700 5331 1865 5385 αὑτὸν

297 5419 633 5491 ἐπέσκηψαν,
670 5419 806 5473 ἀλλὰ
848 5420 912 5472 δι’
949 5416 1112 5472 αὐτοῦ
1160 5419 1433 5491 παρῆλθον
1458 5438 1473 5452 ο
1525 5423 1621 5474 καὶ
1665 5422 1745 5475 ὅτι
1790 5424 1864 5494 μὴ

298 5510 550 5582 ἔστησαν,
580 5511 716 5566 ἀλλὰ
746 5511 978 5583 διῆλθον.
1014 5513 1086 5565 Τὸ
1115 5512 1193 5576 δὲ,
1217 5511 1586 5580 ἐξετάραξάν
1602 5531 1699 5582 με,
1725 5516 1868 5570 κατὰ

297 5608 425 5668 τοὺς
456 5606 874 5677 Ἑϐδομήκοντα,
909 5604 1093 5675 ὅμοιόν
1112 5603 1228 5656 ἐστι
1254 5603 1332 5676 τῷ
1366 5605 1643 5676 εἰρημένῳ
1671 5607 1731 5659 ὲν
1754 5610 1868 5672 τοῖς

1968 4764 2221 4832 praesenti
2254 4779 2383 4818 vero
2411 4765 2505 4829 ait,
2525 4763 2814 4820 Exaltatus
2856 4776 3053 4831 autem,
3080 4768 3395 4823 humiliatus
3426 4788 3545 4824 sum

1966 4864 2017 4908 et
2058 4858 2353 4925 perplexas.
2401 4857 2539 4911 Illud
2578 4866 2789 4923 autem,
2827 4856 2932 4912 Per
2985 4877 3065 4913 me
3108 4870 3544 4929 prcetermearunt

1967 4949 2065 5002 ira:
2122 4958 2247 5013 tute,
2305 4948 2604 5003 secundum
2659 4947 3081 5020 Symmachum;
3113 4955 3197 5007 vel
3240 4956 3542 5009 secundum

1967 5039 2239 5108 Aquilam,
2278 5038 2445 5107 Super
2468 5056 2547 5093 me
2568 5041 2933 5109 praeterierunt
2959 5043 3052 5097 ira:
3077 5055 3203 5111 tute,
3230 5045 3313 5101 vel
3343 5062 3544 5101 secun-

1967 5130 2096 5183 dum
2128 5128 2289 5193 LXX,
2330 5129 2396 5183 In
2420 5148 2501 5184 me
2527 5133 2852 5185 transierunt
2886 5134 2983 5187 ine
3010 5144 3133 5198 tute,
3164 5136 3311 5191 clare
3333 5136 3547 5191 denun-

1971 5224 2090 5287 tiat,
2127 5237 2235 5276 non
2281 5223 2336 5275 in
2371 5222 2463 5276 illa
2523 5225 2858 5286 constitisse,
2895 5227 2987 5279 sed
3041 5242 3135 5295 per
3179 5242 3303 5281 eum
3323 5239 3548 5298 praeter-

1972 5312 2130 5379 iisse;
2204 5327 2382 5383 neque
2418 5316 2657 5376 stetisse,
2693 5314 2786 5368 sed
2824 5316 3303 5372 transiisse.~lllud
3339 5327 3543 5386 autem,

1971 5404 2409 5459 conturbauerunt
2444 5422 2544 5470 me,
2586 5406 2893 5461 secundum
2938 5405 3104 5471 LXX,
3140 5407 3270 5461 huic
3299 5407 3548 5480 Evange-

1973 5497 2169 5551 liorum
2212 5495 2359 5551 dicto
2396 5497 2577 5553 simile
2621 5506 2705 5553 est
2740 5516 2754 5552 :
2784 5497 2941 5551 Nunc
2971 5501 3151 5553 anima
3177 5516 3291 5553 mea
3328 5501 3547 5555 turbata

1972 5600 2049 5643 est
2066 5589 2119 5654 ⁸;
2142 5596 2217 5656 et,
2265 5588 2459 5643 Tristis
2486 5598 2564 5644 est
2588 5591 2768 5643 anima
2787 5607 2901 5644 mea
2925 5607 3086 5662 usque
3107 5591 3176 5645 ad
3200 5600 3444 5647 mortem’
3467 5602 3547 5651 :et

372 5749 389 5782 ³
428 5747 535 5823 isa.
570 5762 702 5810 Llll,
738 5746 875 5823 3-5”
913 5747 932 5776 ¹
970 5744 1116 5823 Dsal,
1154 5760 1279 5807 xxi,
1315 5745 1369 5801 5.
1394 5746 1492 5823 M"
1530 5745 1720 5823 Matth.
1760 5765 1920 5814 τινι,
1958 5752 2047 5823 δε).
2125 5752 2145 5823 f
2182 5748 2443 5823 ibid._4‘2.
2520 5749 2540 5780 ⁸
2581 5748 2773 5823 Matth.
2810 5766 2893 5817 XI,
2928 5750 3020 5807 29.
3096 5752 3119 5784 ⁵
3158 5749 3357 5823 Philip.
3399 5754 3545 5820 ",6,
3586 5748 3591 5755 ’

303 5818 357 5878 ἴ,
429 5821 451 5853 ⁸
486 5816 645 5875 Joan.
682 5832 777 5880 ιιι,
816 5817 902 5871 ﬂ.
976 5818 996 5847 "
1031 5815 1188 5870 Joan.
1225 5832 1358 5881 vui,
1391 5816 1480 5873 ‘28.
1557 5818 1578 5849 ⁸
1616 5816 1774 5874 Jaan.
1811 5837 1863 5876 XI

1965 5821 2047 5876 9.7.
2126 5821 2146 5852 ⁹
2187 5820 2377 5876 Matth.
2412 5835 2535 5875 xxvr
2563 5860 2577 5887 ,
2616 5822 2703 5876 58.

579 5914 848 5973 Ρλτιιοι.
885 5911 999 5973 (Ξιι.
1048 5911 1286 5974 XXIII.

3190 5914 3268 5974 35
