4092 6404
476 312 617 370 1067

1180 313 1451 371 EUSEBII
1478 313 1961 372 CAESARIENSIS
2000 312 2153 371 OPP.
2180 312 2369 372 DARS
2412 316 2499 374 Ill.
2543 350 2610 360 -
2642 318 3065 377 EXEGETICA.

3603 327 3751 384 1063

474 440 671 489 camera
719 448 935 504 quoque
984 432 1284 488 secundum
1320 433 1605 490 historiam
1659 435 2040 505 implebantur

2163 437 2515 505 Εὐαγγελίοις
2548 455 2560 468 ·
2603 439 2732 491 Νῦν
2759 440 2797 506 ὴ
2838 441 3009 510 ψυχή
3050 460 3170 509 μου
3210 444 3577 512 τετάρακται,
3623 430 3748 498 mi.

475 544 599 584 cum
632 543 698 584 eo
735 529 922 583 relicto
953 526 1182 597 apostoli
1236 528 1647 590 abscesserunt,
1679 528 1871 584 Petrus
1928 543 2057 584 vero

473 626 560 675 ter
584 621 799 688 negavit
827 633 973 673 cum.
1009 616 1074 671 Et
1104 618 1208 671 alia
1236 633 1453 688 quoque
1481 620 1692 673 ratione
1727 620 1841 675 haec
1874 621 2057 676 omnia

474 709 710 773 dicebat,
757 709 989 763 aliorum
1040 709 1182 762 mala
1240 710 1343 764 sibi
1375 718 1434 763 ut
1468 712 1689 781 propria
1750 713 2055 781 ascribens,

472 800 721 855 videlicet
772 800 1067 869 proditoris
1098 798 1251 854 Judaa
1284 803 1607 871 perniciem,
1642 803 1924 874 totiusque
1959 804 2057 860 Ju-

472 893 644 949 daica:
670 893 847 964 gentis
880 893 1097 948 ruinam
1123 914 1135 948 ε
1159 895 1226 950 de
1261 896 1481 965 quibus,
1518 899 1676 967 quasi
1699 898 1766 953 de
1799 898 1925 956 filiis
1956 901 2057 955 im-

470 986 679 1057 probis,
709 986 1014 1056 iniquitatis
1066 1002 1179 1042 suze
1230 1003 1398 1043 causa
1462 991 1842 1060 pereuntibus,
1893 992 2055 1047 vehe-

471 1078 640 1133 menti
698 1077 1069 1134 miserationis
1098 1086 1153 1135 et
1197 1080 1554 1137 humanitatis
1615 1081 1811 1138 affectu
1864 1100 2052 1140 eorum

471 1171 613 1226 mala
653 1171 719 1225 ad
760 1186 1051 1241 personam
1097 1171 1377 1241 propriam
1412 1171 1681 1240 referens,
1725 1174 2054 1245 ingemisce-

467 1263 581 1319 bat.
637 1262 695 1319 ld
741 1278 908 1334 porro
939 1264 1211 1334 intelligas
1250 1265 1296 1321 si
1328 1266 1414 1320 bis
1442 1266 1722 1336 propheta:
1748 1268 1929 1323 verbis
1970 1276 2051 1320 at-

466 1355 659 1410 tendas
688 1354 827 1410 :Hic
856 1364 1071 1425 peccata
1097 1365 1282 1410 nostra
1322 1367 1523 1425 portat,
1554 1367 1604 1411 et
1628 1373 1723 1427 pro
1754 1358 1904 1413 nobis
1932 1376 2053 1412 cru-

466 1448 642 1501 ciatur
662 1449 725 1501 ¹⁰.
747 1447 927 1514 Quare
941 1463 1129 1503 eorum
1145 1450 1317 1518 gratia
1331 1448 1517 1504 dolore
1529 1450 1757 1506 affectus
1778 1452 1985 1506 exclam
1994 1468 2050 1504 a-

464 1540 559 1595 bat
584 1540 774 1595 dicens
810 1559 821 1593 :
859 1538 923 1593 In
961 1556 1041 1593 me
1085 1541 1411 1593 transierunt
1440 1542 1534 1594 ira:
1560 1550 1685 1601 tute,
1718 1550 1944 1596 terrores
1973 1544 2049 1596 tui

464 1631 905 1686 conturbauerunt
935 1648 1034 1685 me.
1061 1629 1292 1685 Videbat
1323 1632 1468 1685 enim
1496 1647 1605 1686 non
1633 1633 1706 1686 ita
1734 1634 1905 1687 multo
1926 1642 2063 1704 post,

464 1728 750 1776 venturam
800 1720 959 1787 iram,
999 1735 1120 1790 qua:
1170 1720 1355 1774 omnia
1392 1720 1501 1775 illis
1533 1728 1766 1792 augusta
1802 1731 1856 1776 et
1887 1738 2049 1778 vene-

2166 530 2505 597 Περίλυπός
2544 530 2717 583 ἐστιν
2740 530 2777 594 ἠ
2817 532 2981 599 Ψυχή
3010 549 3132 600 μου
3166 532 3277 599 ἕως
3311 534 3568 590 θανάτου
3593 552 3605 563 ·
3646 536 3751 589 καὶ

2163 618 2231 671 τὰ
2264 619 2426 671 λοιπά
2451 618 2507 672 δὲ
2542 620 2682 673 κατὰ
2713 620 2812 692 τὴν
2842 620 3082 691 ἱστορίαν
3111 622 3430 693 ἐπληροῦτο,
3454 624 3543 676 ὅτε
3572 642 3751 678 κατα-

2164 711 2413 773 λιπόντες
2437 711 2596 764 αὐτὸν
2620 712 2668 763 οἱ
2710 711 2998 764 ἀπόστολοι
3028 711 3233 782 ᾤχοντο
3253 732 3266 743 ·
3290 716 3317 767 ὁ
3340 715 3394 767 δέ
3425 715 3628 787 Πέτρος
3647 716 3751 769 καὶ

2162 801 2343 871 τρίτον
2378 801 2543 853 αὐτὸν
2588 803 2885 872 ἠρνήσατο.
2934 804 3039 855 Καὶ
3090 803 3263 869 ἄλλως
3304 805 3359 858 δὲ
3406 804 3477 858 τὰ
3519 806 3750 876 προκεί-

2166 910 2304 962 μενα
2348 893 2564 946 ἅπαντα
2618 894 2892 962 ἔφασκεν,
2957 895 3379 967 ίδιοποιούμενος
3420 898 3489 951 τὰ
3538 898 3750 968 ἐτέρων
3796 934 3815 963 ι

2164 985 2340 1038 κακά·
2381 984 2524 1053 λέγω
2560 985 2616 1038 δὲ
2658 985 2753 1038 τοῦ
2785 987 3045 1058 προδότου
3090 988 3261 1041 Ἰούδα
3304 989 3403 1060 τὴν
3442 990 3745 1051 ἀπώλειαν,

2162 1074 2370 1128 καὶτοῦ
2395 1076 2593 1139 παντὸς
2631 1077 2899 1129 Ἰουδαίων
2926 1077 3110 1142 ἔθνους
3142 1079 3241 1149 τὴν
3268 1080 3581 1133 ἀπόπτωσιν
3601 1099 3613 1110 ·
3652 1082 3749 1153 ἐφ’

2160 1160 2241 1228 οἷς
2272 1164 2339 1217 δι’
2372 1166 2677 1237 ὑπερϐολὴν
2713 1167 3116 1239 εὐσπλαγχνίας
3170 1172 3263 1223 καὶ
3310 1171 3747 1243 φιλανθρωπίας,

2159 1256 2235 1319 ὡς
2256 1258 2340 1326 ἐφ’
2354 1259 2487 1321 υἱοῖς
2506 1262 2778 1329 πονηροῖς,
2797 1259 2885 1311 διὰ
2898 1262 2996 1323 τὰς
3007 1261 3188 1315 αὐτῶν
3214 1263 3412 1326 κακίας
3432 1263 3630 1316 ἀπολλυ
3640 1266 3749 1335 μέ-

2160 1363 2291 1409 νοις,
2309 1345 2478 1399 ταῦτα
2492 1350 2570 1410 είς
2583 1347 2773 1400 ἐαυτοῦ
2791 1350 3079 1419 πρόσωπον
3091 1350 3510 1421 ἀναλαμϐάνων,
3524 1352 3749 1407 ἀπωδύ-

2140 1456 2303 1515 ρετο.
2326 1440 2437 1511 Νοή
2446 1457 2558 1503 σεις
2573 1440 2629 1493 δὲ
2640 1439 2797 1493 τοῦτο
2824 1442 3122 1514 ἐπιστήσας
3137 1443 3213 1496 τῶ
3228 1444 3440 1513 λέγοντι
3458 1448 3744 1518 προφήτῃ

2169 1527 2364 1597 Οὗτος
2403 1531 2511 1597 τὰς
2538 1532 2828 1600 ἁμαρτίας
2858 1530 3026 1600 ἡμῶν
3051 1532 3234 1601 φέρει,
3287 1535 3386 1587 καὶ
3416 1536 3547 1604 περὶ
3570 1536 3751 1605 ἡμῶν
3810 1536 3815 1539 “

2158 1622 2461 1677 όδυνᾶται.
2505 1623 2595 1675 Διὸ
2629 1622 2767 1693 ὑπὲρ
2806 1624 2987 1676 αὐτῶν
3024 1624 3358 1695 ὀδυνώμενος
3380 1627 3507 1679 ἐϐόα
3527 1628 3705 1696 λέγων
3726 1643 3744 1659 '
3804 1626 3807 1631 ’

2170 1716 2286 1767 Ἐπ’
2314 1714 2420 1784 ἐμὲ
2460 1713 2709 1781 διῆλθον
2761 1718 2821 1769 αἱ
2864 1717 3033 1785 ὀργαί
3069 1731 3185 1770 σου
3218 1760 3232 1783 ,
3289 1719 3342 1770 οἱ
3389 1720 3749 1787 φοϐερισμοί

463 1814 635 1869 randa
675 1814 743 1869 de
774 1813 955 1867 medio
1003 1812 1259 1878 sustulit;
1296 1811 1370 1864 ita
1401 1820 1463 1866 ut
1508 1812 1710 1867 Sancta
1738 1821 2040 1868 sanctoruu

2158 1826 2274 1864 σου
2330 1808 2697 1877 ἐξετᾰραξάν
2729 1828 2825 1880 με.
2888 1811 3064 1883 Ἐώρα
3107 1811 3215 1883 γάρ
3253 1811 3349 1883 τὴν
3388 1813 3488 1866 οὐκ
3514 1816 3592 1877 εἰς
3628 1831 3745 1883 μα-

460 1914 515 1962 et
554 1906 724 1960 altare
767 1919 798 1957 a
840 1902 1215 1959 fundamentis
1248 1903 1621 1967 diruerentur,
1656 1919 1922 1975 regesque
1955 1921 2051 1961 eo-

462 2011 581 2050 rum
634 1995 727 2066 qui
781 1992 1039 2048 diuturna
1088 2002 1373 2047 atavorum
1422 1995 1777 2049 successione
1819 1994 1886 2048 ad
1917 1995 2051 2049 illud

460 2102 636 2157 usque
696 2094 912 2157 tempus
965 2086 1321 2150 devenerant,
1368 2084 1529 2140 finem
1563 2084 1871 2154 imperandi
1902 2084 2050 2141 face-

460 2185 615 2244 rent;
639 2178 732 2247 jus
762 2185 815 2233 et
843 2176 1076 2233 facultas
1101 2179 1192 2232 illa
1224 2178 1340 2234 suis
1370 2176 1588 2231 vivendi
1616 2177 1851 2247 legibus,
1883 2192 1990 2248 qua
2020 2191 2050 2231 a

460 2271 781 2342 longissimo
814 2286 930 2327 asvo
962 2271 1042 2325 usi
1069 2270 1307 2334 fuerant,
1330 2270 1520 2340 legalis
1560 2270 1744 2325 cultus
1773 2286 1897 2325 cum
1931 2270 2051 2340 ipso

459 2365 791 2428 sacerdotio,
822 2380 886 2421 ac
916 2364 1145 2434 reliquis
1176 2364 1411 2419 ducibus
1447 2363 1903 2434 principibusque
1932 2364 2049 2418 suis

458 2465 973 2535 exstinguerentur;
1006 2464 1080 2515 ita
1112 2470 1171 2515 ut
1202 2478 1270 2516 ne
1293 2462 1585 2533 vestigium
1610 2460 1829 2532 quidem
1857 2476 2047 2516 eorum

460 2553 528 2609 ad
580 2554 683 2608 hoc
730 2569 907 2624 usque
966 2562 1183 2622 tempus
1238 2553 1522 2608 residuum
1575 2554 1862 2610 manserit.
1917 2552 2049 2619 Quae

457 2644 642 2697 omnia
686 2644 931 2714 perpessi
979 2652 1131 2707 sunt,
1154 2644 1235 2697 ira
1268 2642 1365 2699 Dei
1396 2660 1510 2698 non
1542 2644 1639 2698 diu
1676 2654 1801 2715 post
1835 2648 2048 2715 passio-

457 2749 582 2789 nem
610 2735 752 2805 ejus,
783 2736 852 2789 ob
881 2736 1121 2790 admissa
1156 2744 1347 2790 contra
1380 2738 1557 2807 ipsum
1586 2736 1853 2801 facinora,
1877 2746 2044 2791 totam

456 2838 648 2878 eorum
684 2832 901 2893 gentem
930 2824 1240 2879 invadente.
1268 2824 1406 2891 Qua:
1446 2827 1561 2896 ipse
1594 2826 1937 2897 signiﬁcabat
1961 2828 2045 2883 his

456 2912 658 2980 verbis,
692 2912 754 2967 In
802 2930 881 2967 me
933 2914 1257 2966 transierunt
1303 2914 1398 2968 ira:
1452 2924 1577 2980 tute,
1613 2931 1676 2969 ac
1720 2916 1766 2971 si
1815 2915 2043 2982 diceret,

463 3002 685 3071 Propter
722 3020 833 3067 me;
873 3005 987 3060 sive
1009 3007 1309 3061 secundum
1341 3004 1751 3078 Symmachum,
1788 3008 1894 3062 Per
1926 3025 2040 3069 me:

456 3097 586 3167 quia
645 3096 951 3153 secundum
1008 3099 1087 3152 rei
1132 3099 1415 3153 veritatem
1446 3099 1574 3152 talia
1606 3108 1828 3169 propter
1863 3100 2040 3169 ipsum

454 3190 604 3260 passi
645 3196 794 3245 sunt.
830 3187 944 3244 lmo
987 3191 1152 3247 etiam
1198 3192 1416 3245 illorum
1450 3192 1660 3246 cladem
1700 3194 2040 3263 prospiciens

453 3282 689 3346 dicebat,
749 3282 998 3337 Terrores
1046 3286 1121 3337 tui
1169 3284 1611 3337 conturbauerunt
1660 3298 1759 3337 me.
1812 3284 2041 3339 Etiamsi

453 3377 599 3431 enim
634 3384 881 3432 terrores
913 3377 1030 3442 Dei,
1058 3392 1198 3448 quos
1225 3377 1359 3448 ipsis
1392 3378 1670 3447 prophetae
1720 3378 2033 3431 intermina-

451 3468 673 3534 bantur,
691 3485 786 3524 eos
804 3471 872 3525 ob
890 3469 1145 3525 duritiem
1165 3469 1347 3525 cordis
1383 3485 1491 3523 non
1509 3468 1895 3524 conturbarent
1918 3486 1932 3535 ;
1955 3484 2041 3523 me

452 3569 655 3624 tamen,
677 3561 878 3632 inquit,
897 3563 991 3632 qui
1011 3563 1337 3617 terribilium
1361 3576 1677 3615 sermonum
1693 3568 1911 3615 tuorum
1926 3560 2041 3614 exi-

450 3661 567 3706 tum
613 3653 1011 3723 prospicerem,
1048 3663 1285 3709 terrores
1316 3652 1392 3705 tui
1427 3651 1915 3707 conturbaverunt.
1948 3648 2039 3704 Sic

449 3744 636 3815 itaque
670 3745 740 3799 ob
772 3760 961 3801 eorum
1004 3745 1315 3815 impietates
1338 3743 1555 3799 Patrem
1590 3758 1689 3812 pro
1714 3742 1823 3797 illis
1846 3740 2039 3811 depre-

448 3850 605 3901 cans,
643 3837 828 3913 animo
860 3838 1015 3892 valde
1038 3847 1292 3901 mmstus,
1327 3837 1686 3907 ipsorumque
1730 3849 1896 3889 causa
1922 3842 2038 3887 tur-

447 3929 630 3993 batus,
657 3931 836 3991 tristis
865 3937 981 3985 erat
1008 3946 1181 3997 usque
1209 3929 1277 3983 ad
1313 3938 1541 3983 mortem
1578 3948 1591 3982 :
1626 3928 1753 3997 quia
1786 3927 2031 3981 immine-

446 4023 583 4077 bant
633 4024 740 4079 illis
790 4025 883 4078 irte
930 4023 1021 4077 Dei
1056 4025 1193 4090 tela;
1231 4025 1304 4076 ita
1338 4030 1397 4077 ut
1430 4023 1731 4085 orationes,
1766 4037 1903 4091 quas
1939 4037 2038 4091 pro

448 4116 558 4170 illis
608 4116 917 4177 emittebat,
946 4115 1086 4168 nihil
1138 4115 1241 4168 loci
1290 4114 1591 4169 haberent:
1625 4128 1796 4181 quare
1825 4128 1950 4166 cum
1981 4112 2037 4165 in

447 4207 758 4277 Evangeliis
792 4222 998 4277 pronus
1027 4214 1080 4261 et
1109 4207 1478 4276 procumbens
1511 4207 1563 4259 in
1593 4205 1791 4259 faciem
1818 4204 2036 4273 jacens—

444 4314 551 4369 que
580 4314 770 4369 preces
814 4300 1107 4363 emitteret,
1150 4298 1372 4368 haecque
1415 4299 1724 4351 clamaret:
1758 4294 1948 4362 Pater,
1984 4297 2035 4348 si

443 4392 694 4461 possibile
721 4401 818 4455 est,
847 4400 1082 4445 transeat
1108 4408 1139 4445 a
1182 4407 1261 4445 me
1291 4391 1433 4444 calix
1458 4391 1556 4443 iste
1585 4390 1625 4419 “
1650 4406 1664 4454 ;
1695 4388 1912 4451 deinde,
1943 4386 2035 4441 ubi

2152 1902 2288 1972 κρὸν
2351 1904 2784 1974 ἐπελευσομένην
2856 1905 3039 1967 αὐτοῖς
3082 1904 3294 1975 ὀργὴν,
3360 1906 3483 1974 ἥτις
3557 1908 3746 1963 αὐτῶν

2155 1992 2363 2063 ἀθρόως
2405 1993 2473 2046 τά
2528 1993 2701 2064 σεμνά
2748 1994 2925 2048 πάντα
2979 1994 3305 2066 ἐξηφάνισεν
3342 2012 3355 2026 ο
3405 1997 3481 2059 ὡς
3514 1998 3581 2050 τά
3633 1999 3743 2068 μὲν

2157 2087 2323 2154 ’Ἀγια
2361 2085 2468 2138 τῶν
2511 2085 2712 2155 ἁγίων,
2758 2087 2853 2138 καὶ
2891 2086 2953 2139 τὸ
2985 2086 3367 2158 θυσιαστήριον
3410 2090 3475 2141 ἐκ
3518 2089 3743 2161 βάθρων

2153 2176 2490 2241 ἀπολέσθαι,
2532 2176 2785 2247 βασιλέας
2831 2178 2888 2230 δὲ
2927 2178 3129 2241 αὐτῶν,
3179 2181 3306 2244 τοὺς
3344 2181 3410 2232 ἐκ
3455 2182 3742 2249 προγόνων

2150 2269 2403 2339 διαδοχῆς
2437 2271 2515 2332 εὶς
2537 2270 2713 2321 ἐκεῖνο
2746 2267 2940 2339 καιροῦ
2974 2268 3391 2339 διὰρκέσαντας,
3426 2270 3742 2341 καταλυθῆ-

2152 2382 2260 2427 ναι,
2306 2366 2407 2435 τήν
2448 2381 2506 2416 τε
2542 2363 2873 2432 αὐτονομίαν
2912 2362 3033 2417 καθ’
3067 2364 3135 2433 ἣν
3170 2363 3228 2430 ἐξ
3276 2363 3470 2427 αἰῶνος
3519 2363 3739 2434 μακροῦ

2152 2457 2562 2519 ἐπολιτεύοντο,
2599 2457 2693 2510 καὶ
2724 2456 2823 2525 τὴν
2871 2458 3012 2510 κατὰ
3058 2458 3255 2528 νόμους
3296 2456 3553 2527 λατρείαν
3594 2457 3738 2527 αὐτῇ

2151 2550 2417 2622 ἱερωσύνῃ
2470 2548 2563 2601 καὶ
2619 2551 2730 2611 τοῖς
2770 2550 2980 2612 λοιποῖς
3026 2549 3259 2620 ἡγεμόσι
3306 2566 3365 2602 τε
3414 2548 3592 2601 αὐτῶν
3638 2551 3741 2602 καὶ

2150 2641 2404 2713 ἄρχουσιν
2433 2638 2841 2711 ἀποσϐεσθῆναι
2862 2657 2873 2670 ·
2909 2640 2985 2702 ὡς
3017 2640 3150 2711 μηδὲ
3186 2641 3328 2711 ἴχνος
3353 2639 3529 2693 αὐτῶν
3564 2640 3737 2693 εἰσέτι

2149 2734 2243 2787 νῦν
2284 2731 2716 2804 περιλείπεσθαι.
2751 2733 2817 2783 Ἀ
2841 2731 2905 2802 δὴ
2940 2733 3117 2786 πάντα
3147 2732 3476 2786 πεπόνθασιν
3507 2733 3738 2802 ὑπὸτῆς

2148 2827 2316 2898 ὀργῆς
2344 2823 2440 2877 τοῦ
2472 2823 2632 2887 Θεοῦ,
2666 2824 2765 2895 τῆς
2802 2826 2901 2877 οὐκ
2930 2827 3009 2889 είς
3051 2825 3261 2897 μακρὸν
3292 2825 3431 2895 μετὰ
3464 2826 3527 2878 τὸ
3559 2825 3737 2889 πάθος

2148 2918 2313 2973 αὐτοῦ
2363 2918 2422 2971 τὸ
2470 2919 2577 2971 πᾶν
2632 2917 2814 2969 αὐτῶν
2864 2917 3015 2981 ἔθνος
3069 2916 3483 2989 καταλαϐούσης
3520 2917 3613 2971 διὰ
3661 2919 3737 2971 τὰ

2147 3010 2525 3081 τετολμημένα
2557 3011 2739 3073 αὐτοῖς
2762 3012 2882 3062 κατ’
2916 3008 3082 3063 αὐτοῦ
3104 3027 3116 3039 ·
3152 3010 3187 3063 ὃ.
3208 3010 3271 3081 δὴ
3303 3010 3488 3081 ἐδήλου
3518 3009 3693 3077 λέγων
3719 3027 3733 3040 ·

2160 3103 2285 3155 Ἐπ’
2316 3101 2421 3171 ἐμὲ
2461 3102 2714 3171 διῆλθον
2749 3106 2806 3156 αἱ
2857 3103 3027 3171 ὀργαί
3064 3118 3181 3156 σου
3216 3119 3229 3133 ·
3267 3102 3400 3155 ὡσεὶ
3424 3102 3579 3170 ἔλεγε
3601 3141 3616 3165 ,
3644 3102 3738 3155 Δι’

2141 3193 2245 3261 ἐμέ
2269 3210 2280 3222 ·
2316 3192 2350 3263 ἢ
2384 3193 2525 3247 κατά
2548 3194 2638 3245 τὸν
2667 3192 2983 3263 Σύμμαχον,
3011 3193 3092 3245 Δι’
3113 3192 3260 3260 ἐμοῦ
3280 3209 3293 3221 ⁶
3326 3191 3448 3245 ἐπεὶ
3476 3191 3567 3246 καὶ
3589 3192 3736 3245 κατὰ

2141 3286 2231 3338 τὸν
2258 3285 2429 3356 ἀληθῆ
2478 3285 2635 3353 λόγον
2676 3285 2746 3338 δι’
2764 3285 2927 3338 αὐτὸν
2960 3284 3132 3337 ταῦτα.
3167 3284 3343 3337 πάντα
3374 3283 3731 3338 πεπόνθασιν.

2155 3378 2314 3430 Ἀλλά
2363 3378 2456 3431 καὶ
2502 3378 2751 3451 προορῶν
2791 3377 2970 3430 αὐτῶν
3016 3378 3107 3430 τὸν
3150 3376 3371 3448 ὄλεθρον
3411 3378 3628 3445 ἔλεγεν·
3665 3381 3735 3431 Ol

2141 3468 2493 3536 φοϐερισμοί
2538 3482 2655 3521 σου
2699 3465 3073 3534 ἐξετάραξάν
3115 3484 3210 3535 με.
3263 3468 3325 3519 Εἰ
3364 3467 3473 3537 γὰρ
3522 3468 3617 3520 καὶ
3662 3468 3736 3521 τὰ

2145 3558 2381 3629 μάλιστα
2428 3559 2515 3612 διὰ
2554 3560 2653 3631 τὴν
2691 3560 3048 3629 ἀναισθησίαν
3092 3560 3192 3612 οὐκ
3243 3560 3540 3631 ἐτάραττον
3588 3562 3737 3613 ὲκεί-

2142 3667 2266 3714 νους
2301 3653 2350 3703 οἱ
2382 3650 2471 3703 διὰ
2510 3652 2618 3703 τῶν
2652 3652 2948 3723 προφητῶν
2991 3651 3376 3722 ἀπειλούμενοι
3402 3653 3522 3705 κατ’
3547 3653 3735 3707 αὐτῶν

2143 3741 2467 3811 φοϐερισμοὶ
2500 3740 2593 3794 τοῦ
2624 3741 2782 3805 Θεοῦ,
2832 3741 2947 3795 ἀλλ’
2976 3743 3096 3812 ἐμὲ,
3137 3743 3322 3812 φησὶν,
3363 3741 3579 3813 ὁρῶντα
3616 3744 3734 3797 τῶν

2142 3834 2391 3905 φοϐερῶν
2443 3851 2538 3887 σου
2585 3835 2759 3903 λόγων
2808 3836 2907 3898 τὰς
2950 3836 3235 3900 ἐκϐάσεις,
3274 3837 3634 3907 ἐξετάρασσον
3680 3838 3733 3889 οἱ

2141 3920 2464 3992 φοϐερισμοί
2496 3938 2611 3976 σου.
2645 3920 2837 3987 Οὐτως
2872 3920 2963 3977 οῦν
3004 3924 3091 3977 διὰ
3130 3925 3227 3989 τὰς
3269 3927 3494 3979 ἐκείνων
3526 3928 3731 3981 δυσσε-
3788 3936 3791 3937 ⁷

2140 4009 2295 4074 ϐείας
2326 4013 2665 4084 παρακαλῶν
2698 4015 2791 4067 τὸν
2831 4017 3054 4086 Πατέρα
3085 4016 3226 4088 ὑπὲρ
3252 4017 3454 4081 αὐτῶν,
3493 4019 3587 4071 καὶ
3622 4019 3732 4089 τὴν

2138 4100 2313 4171 ψυχὴν
2338 4103 2662 4173 ὑπεραλγῶν
2689 4104 2781 4156 καὶ
2813 4105 2880 4157 δι’
2909 4106 3108 4168 αὐτοὺς
3130 4108 3549 4178 ταραττόμενος,
3572 4110 3731 4178 περί-

2138 4192 2307 4255 λυπος
2345 4188 2412 4263 ἦν
2458 4194 2619 4266 μέχρι
2658 4194 2889 4249 θανάτου
2911 4213 2923 4225 ·
2958 4198 3145 4269 ἐπειδὴ
3184 4197 3253 4250 τὰ
3289 4201 3389 4268 τῆς
3422 4197 3595 4269 ὀργῆς
3627 4198 3731 4251 τοῦ

2137 4284 2273 4338 θεοῦ
2307 4286 2553 4357 σφοδρῶς
2585 4288 2838 4341 ἐπέκειτο
2868 4291 2992 4343 κατ’
3022 4292 3221 4354 αὐτῶν,
3258 4291 3334 4353 ὡς
3358 4292 3489 4362 μηδέ
3518 4293 3730 4361 τυγχάο

2137 4396 2249 4431 νειν
2282 4378 2391 4431 τῶν
2424 4379 2617 4450 εὐχῶν,
2667 4374 2742 4434 ὧν
2771 4383 3087 4453 ἀνέπεμπεν
3122 4383 3263 4454 ὑπὲρ
3293 4383 3471 4436 αὐτῶν
3494 4401 3507 4413 σ
3549 4383 3616 4435 δι’
3640 4378 3725 4436 ὧν

444 4484 580 4537 vidit
604 4481 784 4538 Patris
806 4482 1140 4537 voluntatem
1171 4483 1434 4545 abnuere,
1459 4478 1767 4550 subjunxit,
1810 4477 2034 4531 Verum-

2147 4470 2473 4542 παρακαλῶν
2511 4473 2603 4524 καὶ
2631 4473 2884 4543 δεόμενος
2914 4476 2970 4527 ἐν
3000 4478 3111 4537 τοῖς
3149 4475 3503 4542 Εὐαγγελίοις
3559 4491 3731 4545 προσ-

445 4581 619 4626 tamen
648 4589 752 4626 non
796 4573 929 4626 sicut
951 4588 1043 4640 ego
1070 4570 1209 4636 volo,
1240 4571 1329 4623 sed
1361 4571 1496 4624 sicut
1530 4569 1665 4622 tu“.
1696 4566 1761 4620 Et
1786 4567 2031 4621 secundo

444 4661 634 4717 abiens
661 4661 974 4731 procumbit
1002 4662 1055 4714 in
1090 4660 1305 4723 faciem,
1324 4668 1378 4713 et
1412 4660 1497 4714 his
1524 4658 1703 4713 verbis
1733 4667 1889 4711 orat:
1919 4656 2030 4711 Pa-

443 4761 541 4817 ter,
574 4752 621 4805 si
672 4751 922 4820 possibile
976 4768 1079 4805 non
1117 4762 1193 4805 est
1225 4761 1283 4803 ut
1312 4751 1395 4803 hic
1426 4758 1686 4812 transeat,
1720 4749 1823 4802 nisi
1855 4748 2028 4802 bibam

440 4844 617 4908 illum,
655 4844 753 4912 ﬁat
784 4846 1025 4897 voluntas
1060 4843 1253 4906 tua”;
1289 4856 1351 4894 ac
1372 4841 1533 4896 tertio
1566 4839 1846 4911 profectus
1876 4855 2032 4895 eum-

439 4935 562 4990 dem
622 4950 929 4990 sermonem
962 4935 1210 5005 protulit.
1238 4933 1419 5000 Quare
1449 4933 1687 5003 idipsum
1720 4931 1805 4986 bis
1844 4932 2028 4987 verbis

440 5023 784 5095 signiﬁcabat
812 5041 827 5079 :
862 5022 1079 5094 thuid,
1101 5024 1343 5089 Domine,
1366 5025 1571 5093 repellis
1591 5024 1823 5077 animam
1838 5040 2031 5081 meam.

437 5118 631 5171 avertis
688 5117 881 5185 faciem
917 5125 1063 5169 tuam
1110 5134 1143 5169 a
1192 5120 1314 5172 me?
1339 5126 1392 5171 et
1426 5117 1581 5183 illud,
1604 5115 1669 5170 In
1694 5133 1773 5170 me
1797 5118 2025 5170 transie-

436 5218 563 5262 runt
611 5210 706 5263 ira:
775 5218 920 5273 tute,
993 5218 1218 5263 terrores
1276 5210 1352 5262 tui
1399 5208 1842 5265 conturbauerunt
1905 5226 2008 5262 me.

436 5299 641 5356 Videtis
678 5309 859 5356 autem
887 5301 1043 5371 longe
1074 5315 1104 5354 a
1134 5300 1311 5356 salute
1355 5299 1451 5355 Dei
1483 5302 1757 5357 excidisse
1788 5316 1883 5355 eos
1915 5315 2013 5369 pro

436 5393 636 5463 quibus
684 5395 959 5450 orationes
1012 5393 1345 5456 effundebat,
1380 5409 1480 5465 pro
1530 5395 1722 5451 iisdem
1766 5393 1866 5448 sibi
1914 5409 2011 5462 pa-

437 5497 579 5539 trum
618 5503 844 5541 suorum
874 5502 1038 5543 causa
1065 5486 1886 5548 charissimisetdilectissimis,
1914 5486 2014 5539 di-

438 5578 594 5632 cebat
627 5598 638 5632 :
670 5578 951 5650 Elongasti
980 5598 1011 5634 a
1042 5597 1121 5633 me
1149 5581 1376 5634 anticum
1403 5590 1452 5634 et
1474 5582 1794 5649 proximum,
1823 5588 1870 5633 et
1917 5596 2010 5633 no~

512 5755 552 5783 ‘°
595 5751 695 5809 lsa.
733 5769 856 5819 Ltll,
896 5756 947 5811 5.
1027 5758 1059 5786 “
1111 5754 1298 5811 Matth.
1339 5772 1466 5811 xxvr
1494 5796 1507 5823 ,
1546 5758 1634 5813 59.
1715 5757 1756 5789 ¹¹
1801 5755 1935 5811 ibid.

2142 4562 2371 4615 έπιπτεν
2414 4564 2627 4635 πρηνής
2664 4582 2723 4617 τε
2766 4567 2905 4619 κατά
2955 4566 3247 4639 προσώπου
3283 4566 3532 4638 κείμενος
3554 4565 3725 4630 ἐϐόα,
3780 4588 3785 4591 ·

2142 4653 2360 4721 Πάτερ,
2395 4653 2586 4723 λέγων,
2630 4659 2683 4708 εὶ
2715 4656 2998 4721 δυνατόν,
3034 4657 3376 4726 παρελθέτω
3419 4658 3484 4710 τὸ
3538 4658 3728 4723 ποτή-

2131 4762 2270 4813 ριον
2314 4745 2490 4799 τοῦτο
2532 4747 2633 4800 ἀπ’
2666 4748 2847 4816 ἐμοῦ·
2884 4744 2981 4800 εἷθ’
3020 4748 3161 4820 ὁρῶν
3208 4749 3572 4802 ἀνανεύουσαν
3618 4748 3727 4817 τὴν

2140 4837 2334 4910 βουλὴν
2375 4838 2470 4892 τοῦ
2522 4840 2769 4911 Πατρός,
2819 4841 3088 4911 ἐπέφερεή
3121 4839 3296 4907 Πλὴν
3323 4840 3460 4894 ἀλλ’
3486 4842 3599 4907 οὐχ
3639 4840 3725 4905 ὡς

2135 4930 2250 4999 ἐγὼ
2277 4931 2450 4996 θέλω,
2484 4933 2621 4986 ἀλλ’
2656 4934 2735 4998 ὡς
2760 4934 2861 4986 σύ.
2900 4934 3009 4986 Καὶ
3042 4934 3290 5005 δεύτερον
3324 4932 3593 4997 ἀπελθὼν,
3624 4933 3724 4984 ἐπ)⁵

2142 5025 2433 5095 πρόσωπον
2472 5026 2679 5090 πίπτει,
2727 5026 2820 5079 καὶ
2860 5025 3219 5095 προσεύχεται
3252 5026 3456 5093 λέγων·
3498 5022 3718 5091 Πάτερ,
3772 5046 3777 5047 ν

2132 5119 2185 5169 εὶ
2214 5119 2284 5171 οὐ
2315 5116 2563 5171 δύναται
2592 5117 2767 5171 τοῦτο
2794 5118 3130 5185 παρελθεῖν,
3161 5118 3268 5171 ἐὰν
3286 5117 3372 5186 μὴ
3402 5116 3547 5169 αὐτὸ
3577 5116 3717 5178 πίω,

2127 5212 2431 5281 γενηθήτω
2448 5213 2511 5265 τὸ
2533 5210 2763 5281 θέλημά
2777 5230 2891 5266 σου
2913 5228 2925 5240 '
2950 5214 3040 5265 καὶ
3054 5213 3234 5283 τρίτον
3251 5212 3306 5263 δὲ
3324 5210 3609 5282 πορευθεὶς
3620 5211 3719 5263 τὸν

2134 5303 2294 5356 αὐτὸν
2310 5302 2464 5372 λόγον
2482 5303 2689 5374 προύφε
2699 5321 2771 5375 ρε.
2799 5304 2889 5355 Διὸ
2911 5303 2972 5374 δὴ
2988 5302 3159 5355 ταῦτα
3196 5302 3470 5373 σημαίνων
3494 5292 3599 5353 ’καὶ
3622 5300 3717 5353 διὰ

2119 5395 2229 5448 τῶν
2251 5396 2621 5467 προκειμένων
2634 5396 2817 5465 ἔλεγεν
2830 5414 2845 5426 ’
2867 5397 2999 5450 Ἵνα
3016 5396 3072 5448 τί
3090 5436 3104 5459 ,
3126 5392 3581 5461 Κύριε,ἀπωθεὶς
3595 5390 3716 5459 τὴν

2120 5486 2332 5555 ψυχήν
2353 5506 2491 5556 μου,
2531 5488 2930 5556 ἀποστρέφεις
2971 5486 3037 5540 τὸ
3086 5487 3411 5554 πρόσωπόν
3444 5500 3561 5538 σου
3604 5483 3712 5539 ἀπ’

2118 5579 2301 5649 ἐμοῦ;
2337 5581 2430 5634 καὶ
2458 5580 2547 5648 τὸ,
2590 5582 2717 5635 Ἐπ’
2757 5581 2862 5651 ἐμὲ
2900 5578 3149 5648 διῆλθον
3190 5583 3247 5633 αἰ
3286 5580 3453 5649 ὀργιιὶ
3483 5592 3621 5643 σου,
3650 5578 3711 5632 οἱ

2020 5755 2062 5789 ¹³
2105 5754 2237 5812 ibid.
2278 5754 2365 5810 42.
