  <div class='ocr_page' id='page_1' title='image "/cluster/home/n/w/nwhite01/storage/ocr_20150623/23/nnc1.0046978313/560.png"; bbox 0 0 4068 6394; ppageno 0'>
   <div class='ocr_carea' id='block_1_1' title="bbox 301 385 442 442">
    <p class='ocr_par' dir='ltr' id='par_1_1' title="bbox 301 385 442 442">
     <span class='ocr_line' id='line_1_1' title="bbox 301 385 442 442; baseline 0 0"><span class='ocrx_word' id='word_1_1' title='bbox 301 385 442 442; x_wconf 74' lang='grc' dir='ltr'><strong>1θ69</strong></span> 
     </span>
    </p>
   </div>
   <div class='ocr_carea' id='block_1_2' title="bbox 1471 388 2465 451">
    <p class='ocr_par' dir='ltr' id='par_1_2' title="bbox 1471 388 2465 451">
     <span class='ocr_line' id='line_1_2' title="bbox 1471 388 2465 451; baseline 0.006 -7"><span class='ocrx_word' id='word_1_2' title='bbox 1471 388 1978 448; x_wconf 80' lang='lat' dir='ltr'><strong>COMMENTARIA</strong></span> <span class='ocrx_word' id='word_1_3' title='bbox 2018 394 2086 449; x_wconf 89' lang='lat' dir='ltr'><strong>IN</strong></span> <span class='ocrx_word' id='word_1_4' title='bbox 2124 393 2465 451; x_wconf 87' lang='lat' dir='ltr'><strong>PSALMOS.</strong></span> 
     </span>
    </p>
   </div>
   <div class='ocr_carea' id='block_1_3' title="bbox 3431 401 3567 456">
    <p class='ocr_par' dir='ltr' id='par_1_3' title="bbox 3431 401 3567 456">
     <span class='ocr_line' id='line_1_3' title="bbox 3431 401 3567 456; baseline 0.007 -1"><span class='ocrx_word' id='word_1_5' title='bbox 3431 401 3567 456; x_wconf 78' lang='grc'><strong>1070</strong></span> 
     </span>
    </p>
   </div>
   <div class='ocr_carea' id='block_1_4' title="bbox 299 499 1870 583">
    <p class='ocr_par' dir='ltr' id='par_1_4' title="bbox 299 499 1870 583">
     <span class='ocr_line' id='line_1_4' title="bbox 299 499 1870 583; baseline 0.008 -32"><span class='ocrx_word' id='word_1_6' title='bbox 299 499 649 569; x_wconf 72' lang='grc' dir='ltr'>φοϐερισμοί</span> <span class='ocrx_word' id='word_1_7' title='bbox 681 514 797 555; x_wconf 90' lang='grc' dir='ltr'><strong>σου</strong></span> <span class='ocrx_word' id='word_1_8' title='bbox 826 501 1198 571; x_wconf 77' lang='grc' dir='ltr'>ἐξετάραξιὶν</span> <span class='ocrx_word' id='word_1_9' title='bbox 1219 521 1315 574; x_wconf 83' lang='grc' dir='ltr'><strong>με.</strong></span> <span class='ocrx_word' id='word_1_10' title='bbox 1364 504 1537 578; x_wconf 84' lang='grc' dir='ltr'>Ὁρῶν</span> <span class='ocrx_word' id='word_1_11' title='bbox 1569 508 1625 562; x_wconf 87' lang='grc' dir='ltr'><strong>δὲ</strong></span> <span class='ocrx_word' id='word_1_12' title='bbox 1661 511 1870 583; x_wconf 59' lang='grc' dir='ltr'>μακρὰν</span> 
     </span>
    </p>
   </div>
   <div class='ocr_carea' id='block_1_5' title="bbox 1976 499 3566 583">
    <p class='ocr_par' dir='ltr' id='par_1_5' title="bbox 1983 506 3566 573">
     <span class='ocr_line' id='line_1_5' title="bbox 1983 506 3566 573; baseline 0.005 -8"><span class='ocrx_word' id='word_1_13' title='bbox 1983 522 2062 567; x_wconf 83' lang='lat' dir='ltr'><strong>tos</strong></span> <span class='ocrx_word' id='word_1_14' title='bbox 2122 532 2261 570; x_wconf 82' lang='lat' dir='ltr'><strong>meos</strong></span> <span class='ocrx_word' id='word_1_15' title='bbox 2318 533 2351 569; x_wconf 92' lang='lat' dir='ltr'><strong>a</strong></span> <span class='ocrx_word' id='word_1_16' title='bbox 2408 514 2642 569; x_wconf 76' lang='lat' dir='ltr'><strong>miseria.</strong></span> <span class='ocrx_word' id='word_1_17' title='bbox 2674 514 2885 569; x_wconf 88' lang='lat' dir='ltr'><strong>lndicat</strong></span> <span class='ocrx_word' id='word_1_18' title='bbox 2915 523 3095 570; x_wconf 88' lang='lat' dir='ltr'><strong>autem</strong></span> <span class='ocrx_word' id='word_1_19' title='bbox 3128 531 3223 572; x_wconf 91' lang='lat' dir='ltr'><strong>eos</strong></span> <span class='ocrx_word' id='word_1_20' title='bbox 3255 516 3309 570; x_wconf 94' lang='lat' dir='ltr'><strong>in</strong></span> <span class='ocrx_word' id='word_1_21' title='bbox 3338 506 3566 573; x_wconf 85' lang='lat' dir='ltr'><strong>Judaica</strong></span> 
     </span>
    </p>
   </div>
   <div class='ocr_carea' id='block_1_6' title="bbox 302 588 1881 670">
    <p class='ocr_par' dir='ltr' id='par_1_6' title="bbox 302 588 1881 670">
     <span class='ocr_line' id='line_1_6' title="bbox 302 588 1881 670; baseline 0.008 -29"><span class='ocrx_word' id='word_1_22' title='bbox 302 588 667 653; x_wconf 72' lang='grc' dir='ltr'><strong>ἐκπίπτοντας</strong></span> <span class='ocrx_word' id='word_1_23' title='bbox 697 592 796 662; x_wconf 84' lang='grc' dir='ltr'><strong>τῆς</strong></span> <span class='ocrx_word' id='word_1_24' title='bbox 846 592 939 645; x_wconf 89' lang='grc' dir='ltr'><strong>τοῦ</strong></span> <span class='ocrx_word' id='word_1_25' title='bbox 985 592 1120 646; x_wconf 83' lang='grc' dir='ltr'>Θεοῦ</span> <span class='ocrx_word' id='word_1_26' title='bbox 1168 596 1441 667; x_wconf 82' lang='grc' dir='ltr'><strong>σωτηρίας</strong></span> <span class='ocrx_word' id='word_1_27' title='bbox 1480 600 1607 662; x_wconf 88' lang='grc' dir='ltr'>τοὺς</span> <span class='ocrx_word' id='word_1_28' title='bbox 1636 599 1776 670; x_wconf 83' lang='grc' dir='ltr'>ὑπὲρ</span> <span class='ocrx_word' id='word_1_29' title='bbox 1804 594 1881 654; x_wconf 83' lang='grc' dir='ltr'>ὧν</span> 
     </span>
    </p>
   </div>
   <div class='ocr_carea' id='block_1_7' title="bbox 299 680 1880 760">
    <p class='ocr_par' dir='ltr' id='par_1_7' title="bbox 299 680 1880 760">
     <span class='ocr_line' id='line_1_7' title="bbox 299 680 1880 760; baseline 0.008 -27"><span class='ocrx_word' id='word_1_30' title='bbox 299 681 399 744; x_wconf 85' lang='grc' dir='ltr'><strong>τὰς</strong></span> <span class='ocrx_word' id='word_1_31' title='bbox 432 680 597 751; x_wconf 82' lang='grc' dir='ltr'>εὐχάς</span> <span class='ocrx_word' id='word_1_32' title='bbox 628 681 864 737; x_wconf 87' lang='grc' dir='ltr'>ἐποιεῖτο</span> <span class='ocrx_word' id='word_1_33' title='bbox 897 685 1183 755; x_wconf 82' lang='grc' dir='ltr'><strong>φιλτάτους</strong></span> <span class='ocrx_word' id='word_1_34' title='bbox 1223 687 1383 753; x_wconf 77' lang='grc' dir='ltr'>ὄντας</span> <span class='ocrx_word' id='word_1_35' title='bbox 1415 689 1579 742; x_wconf 87' lang='grc' dir='ltr'>αὑτοῦ</span> <span class='ocrx_word' id='word_1_36' title='bbox 1624 692 1719 744; x_wconf 73' lang='grc' dir='ltr'><strong>καὶ</strong></span> <span class='ocrx_word' id='word_1_37' title='bbox 1750 692 1880 760; x_wconf 86' lang='grc' dir='ltr'>ἀγα-</span> 
     </span>
    </p>
   </div>
   <div class='ocr_carea' id='block_1_8' title="bbox 300 773 1877 850">
    <p class='ocr_par' dir='ltr' id='par_1_8' title="bbox 300 773 1877 850">
     <span class='ocr_line' id='line_1_8' title="bbox 300 773 1877 850; baseline 0.007 -25"><span class='ocrx_word' id='word_1_38' title='bbox 300 774 507 843; x_wconf 88' lang='grc' dir='ltr'>πητοὺς</span> <span class='ocrx_word' id='word_1_39' title='bbox 534 773 623 827; x_wconf 85' lang='grc' dir='ltr'>διὰ</span> <span class='ocrx_word' id='word_1_40' title='bbox 649 777 775 840; x_wconf 80' lang='grc' dir='ltr'>τοὺς</span> <span class='ocrx_word' id='word_1_41' title='bbox 799 777 1063 850; x_wconf 81' lang='grc' dir='ltr'>πατέρας,</span> <span class='ocrx_word' id='word_1_42' title='bbox 1109 779 1322 849; x_wconf 73' lang='grc' dir='ltr'><strong>ἔλεγεν⁸</strong></span> <span class='ocrx_word' id='word_1_43' title='bbox 1368 780 1743 850; x_wconf 80' lang='grc' dir='ltr'>Ἐμάκρυνας</span> <span class='ocrx_word' id='word_1_44' title='bbox 1776 783 1877 838; x_wconf 81' lang='grc' dir='ltr'>ἀπ’</span> 
     </span>
    </p>
   </div>
   <div class='ocr_carea' id='block_1_9' title="bbox 295 863 1878 949">
    <p class='ocr_par' dir='ltr' id='par_1_9' title="bbox 295 863 1878 949">
     <span class='ocr_line' id='line_1_9' title="bbox 295 863 1878 949; baseline 0.011 -33"><span class='ocrx_word' id='word_1_45' title='bbox 295 863 444 933; x_wconf 81' lang='grc' dir='ltr'>ἐμοῦ</span> <span class='ocrx_word' id='word_1_46' title='bbox 473 865 657 934; x_wconf 75' lang='grc' dir='ltr'>φίλον</span> <span class='ocrx_word' id='word_1_47' title='bbox 682 868 781 921; x_wconf 79' lang='grc' dir='ltr'>καὶ</span> <span class='ocrx_word' id='word_1_48' title='bbox 816 872 1101 938; x_wconf 76' lang='grc' dir='ltr'><strong>πλησίον,</strong></span> <span class='ocrx_word' id='word_1_49' title='bbox 1129 873 1228 926; x_wconf 79' lang='grc' dir='ltr'>καὶ</span> <span class='ocrx_word' id='word_1_50' title='bbox 1258 874 1400 940; x_wconf 87' lang='grc' dir='ltr'>τοὺς</span> <span class='ocrx_word' id='word_1_51' title='bbox 1430 879 1739 945; x_wconf 74' lang='grc' dir='ltr'>γνωστούς</span> <span class='ocrx_word' id='word_1_52' title='bbox 1757 897 1878 949; x_wconf 87' lang='grc' dir='ltr'>μου</span> 
     </span>
    </p>
   </div>
   <div class='ocr_carea' id='block_1_10' title="bbox 297 956 1878 1040">
    <p class='ocr_par' dir='ltr' id='par_1_10' title="bbox 297 956 1878 1040">
     <span class='ocr_line' id='line_1_10' title="bbox 297 956 1878 1040; baseline 0.011 -33"><span class='ocrx_word' id='word_1_53' title='bbox 297 956 415 1009; x_wconf 85' lang='grc' dir='ltr'>ἀπὸ</span> <span class='ocrx_word' id='word_1_54' title='bbox 451 960 871 1028; x_wconf 81' lang='grc' dir='ltr'><strong>ταλαιπωρίας.</strong></span> <span class='ocrx_word' id='word_1_55' title='bbox 916 963 1078 1033; x_wconf 88' lang='grc' dir='ltr'><strong>Δηλοῖ</strong></span> <span class='ocrx_word' id='word_1_56' title='bbox 1114 963 1172 1017; x_wconf 84' lang='grc' dir='ltr'>δὲ</span> <span class='ocrx_word' id='word_1_57' title='bbox 1209 965 1333 1030; x_wconf 83' lang='grc' dir='ltr'>τοὺς</span> <span class='ocrx_word' id='word_1_58' title='bbox 1356 968 1412 1020; x_wconf 84' lang='grc' dir='ltr'><strong>ἐν</strong></span> <span class='ocrx_word' id='word_1_59' title='bbox 1440 968 1519 1040; x_wconf 80' lang='grc' dir='ltr'><strong>τῷ</strong></span> <span class='ocrx_word' id='word_1_60' title='bbox 1556 968 1698 1023; x_wconf 80' lang='grc' dir='ltr'>ἔθνει</span> <span class='ocrx_word' id='word_1_61' title='bbox 1738 987 1878 1039; x_wconf 88' lang='grc' dir='ltr'>γνω-</span> 
     </span>
    </p>
   </div>
   <div class='ocr_carea' id='block_1_11' title="bbox 300 1049 1877 1135">
    <p class='ocr_par' dir='ltr' id='par_1_11' title="bbox 300 1049 1877 1135">
     <span class='ocr_line' id='line_1_11' title="bbox 300 1049 1877 1135; baseline 0.011 -35"><span class='ocrx_word' id='word_1_62' title='bbox 300 1049 460 1112; x_wconf 83' lang='grc' dir='ltr'>στοὺς</span> <span class='ocrx_word' id='word_1_63' title='bbox 479 1049 639 1114; x_wconf 77' lang='grc' dir='ltr'>ὄντας</span> <span class='ocrx_word' id='word_1_64' title='bbox 662 1052 827 1107; x_wconf 82' lang='grc' dir='ltr'>αὐτοῦ</span> <span class='ocrx_word' id='word_1_65' title='bbox 857 1055 1118 1127; x_wconf 86' lang='grc' dir='ltr'>πρότερον</span> <span class='ocrx_word' id='word_1_66' title='bbox 1144 1059 1237 1111; x_wconf 75' lang='grc' dir='ltr'><strong>καὶ</strong></span> <span class='ocrx_word' id='word_1_67' title='bbox 1257 1058 1470 1128; x_wconf 72' lang='grc' dir='ltr'>φίλους*</span> <span class='ocrx_word' id='word_1_68' title='bbox 1506 1062 1627 1115; x_wconf 76' lang='grc' dir='ltr'>ἐπεὶ</span> <span class='ocrx_word' id='word_1_69' title='bbox 1655 1064 1749 1117; x_wconf 77' lang='grc' dir='ltr'><strong>καὶ</strong></span> <span class='ocrx_word' id='word_1_70' title='bbox 1782 1063 1877 1135; x_wconf 87' lang='grc' dir='ltr'>μέ-</span> 
     </span>
    </p>
   </div>
   <div class='ocr_carea' id='block_1_12' title="bbox 300 1138 1876 1227">
    <p class='ocr_par' dir='ltr' id='par_1_12' title="bbox 300 1138 1876 1227">
     <span class='ocr_line' id='line_1_12' title="bbox 300 1138 1876 1227; baseline 0.009 -33"><span class='ocrx_word' id='word_1_71' title='bbox 300 1158 392 1211; x_wconf 87' lang='grc' dir='ltr'><strong>ρος</strong></span> <span class='ocrx_word' id='word_1_72' title='bbox 416 1138 556 1215; x_wconf 79' lang='grc' dir='ltr'>ἦσαν</span> <span class='ocrx_word' id='word_1_73' title='bbox 582 1145 747 1199; x_wconf 85' lang='grc' dir='ltr'>αὑτοῦ</span> <span class='ocrx_word' id='word_1_74' title='bbox 782 1148 878 1201; x_wconf 75' lang='grc' dir='ltr'><strong>καὶ</strong></span> <span class='ocrx_word' id='word_1_75' title='bbox 910 1149 1243 1223; x_wconf 80' lang='grc' dir='ltr'>κληρονομία</span> <span class='ocrx_word' id='word_1_76' title='bbox 1263 1170 1277 1183; x_wconf 75' lang='grc'><strong><em>⁸</em></strong></span> <span class='ocrx_word' id='word_1_77' title='bbox 1312 1152 1427 1206; x_wconf 82' lang='grc' dir='ltr'>ἀλλ’</span> <span class='ocrx_word' id='word_1_78' title='bbox 1454 1154 1876 1227; x_wconf 80' lang='grc' dir='ltr'>ἐμακρύνθησαν</span> 
     </span>
    </p>
   </div>
   <div class='ocr_carea' id='block_1_13' title="bbox 297 1232 1875 1314">
    <p class='ocr_par' dir='ltr' id='par_1_13' title="bbox 297 1232 1875 1314">
     <span class='ocr_line' id='line_1_13' title="bbox 297 1232 1875 1314; baseline 0.009 -28"><span class='ocrx_word' id='word_1_79' title='bbox 297 1232 515 1304; x_wconf 84' lang='grc' dir='ltr'>ἀληθῶς</span> <span class='ocrx_word' id='word_1_80' title='bbox 558 1236 653 1290; x_wconf 82' lang='grc' dir='ltr'>ἀπ’</span> <span class='ocrx_word' id='word_1_81' title='bbox 698 1238 861 1292; x_wconf 86' lang='grc' dir='ltr'>αὐτοῦ</span> <span class='ocrx_word' id='word_1_82' title='bbox 912 1240 1001 1294; x_wconf 86' lang='grc' dir='ltr'>διὰ</span> <span class='ocrx_word' id='word_1_83' title='bbox 1053 1243 1152 1314; x_wconf 81' lang='grc' dir='ltr'><strong>τῆς</strong></span> <span class='ocrx_word' id='word_1_84' title='bbox 1193 1245 1401 1298; x_wconf 84' lang='grc' dir='ltr'>ἐαυτῶν</span> <span class='ocrx_word' id='word_1_85' title='bbox 1437 1246 1731 1311; x_wconf 82' lang='grc' dir='ltr'>ἀπιστίας·</span> <span class='ocrx_word' id='word_1_86' title='bbox 1781 1249 1875 1300; x_wconf 76' lang='grc' dir='ltr'><strong>καὶ</strong></span> 
     </span>
    </p>
   </div>
   <div class='ocr_carea' id='block_1_14' title="bbox 298 1324 1870 1411">
    <p class='ocr_par' dir='ltr' id='par_1_14' title="bbox 298 1324 1870 1411">
     <span class='ocr_line' id='line_1_14' title="bbox 298 1324 1870 1411; baseline 0.011 -35"><span class='ocrx_word' id='word_1_87' title='bbox 298 1324 465 1379; x_wconf 78' lang='grc' dir='ltr'>πάλαι</span> <span class='ocrx_word' id='word_1_88' title='bbox 514 1328 665 1393; x_wconf 74' lang='grc' dir='ltr'>ὄντες</span> <span class='ocrx_word' id='word_1_89' title='bbox 713 1330 882 1399; x_wconf 88' lang='grc' dir='ltr'>φίλοι,</span> <span class='ocrx_word' id='word_1_90' title='bbox 936 1333 1165 1408; x_wconf 81' lang='grc' dir='ltr'>ἐχθροὺς</span> <span class='ocrx_word' id='word_1_91' title='bbox 1211 1338 1437 1402; x_wconf 77' lang='grc' dir='ltr'>ἑαυτοὺς</span> <span class='ocrx_word' id='word_1_92' title='bbox 1489 1340 1870 1411; x_wconf 73' lang='grc' dir='ltr'>κατέστησανο</span> 
     </span>
    </p>
   </div>
   <div class='ocr_carea' id='block_1_15' title="bbox 295 1412 1871 1493">
    <p class='ocr_par' dir='ltr' id='par_1_15' title="bbox 295 1412 1871 1493">
     <span class='ocr_line' id='line_1_15' title="bbox 295 1412 1871 1493; baseline 0.013 -29"><span class='ocrx_word' id='word_1_93' title='bbox 295 1414 391 1465; x_wconf 79' lang='grc' dir='ltr'><strong>καὶ</strong></span> <span class='ocrx_word' id='word_1_94' title='bbox 418 1418 649 1484; x_wconf 76' lang='grc' dir='ltr'>γνωστοὶ</span> <span class='ocrx_word' id='word_1_95' title='bbox 685 1421 1046 1493; x_wconf 82' lang='grc' dir='ltr'>τυγχάνοντες</span> <span class='ocrx_word' id='word_1_96' title='bbox 1085 1424 1269 1493; x_wconf 77' lang='grc' dir='ltr'>αὑτοῦ,</span> <span class='ocrx_word' id='word_1_97' title='bbox 1318 1428 1541 1483; x_wconf 75' lang='grc' dir='ltr'>ἐλθόντα</span> <span class='ocrx_word' id='word_1_98' title='bbox 1582 1412 1743 1485; x_wconf 81' lang='grc' dir='ltr'>αὐτὸν</span> <span class='ocrx_word' id='word_1_99' title='bbox 1771 1433 1871 1485; x_wconf 79' lang='grc' dir='ltr'><strong>οὐκ</strong></span> 
     </span>
    </p>
   </div>
   <div class='ocr_carea' id='block_1_16' title="bbox 1989 606 3567 679">
    <p class='ocr_par' dir='ltr' id='par_1_16' title="bbox 1989 606 3567 679">
     <span class='ocr_line' id='line_1_16' title="bbox 1989 606 3567 679; baseline 0.003 -19"><span class='ocrx_word' id='word_1_100' title='bbox 1989 615 2148 675; x_wconf 80' lang='lat' dir='ltr'><strong>gente</strong></span> <span class='ocrx_word' id='word_1_101' title='bbox 2169 608 2264 678; x_wconf 87' lang='lat' dir='ltr'><strong>qui</strong></span> <span class='ocrx_word' id='word_1_102' title='bbox 2294 608 2505 677; x_wconf 83' lang='lat' dir='ltr'><strong>pridem</strong></span> <span class='ocrx_word' id='word_1_103' title='bbox 2528 606 2649 661; x_wconf 84' lang='lat' dir='ltr'><strong>noti</strong></span> <span class='ocrx_word' id='word_1_104' title='bbox 2685 607 2786 661; x_wconf 85' lang='lat' dir='ltr'><strong>sibi</strong></span> <span class='ocrx_word' id='word_1_105' title='bbox 2810 616 2863 663; x_wconf 91' lang='lat' dir='ltr'><strong>et</strong></span> <span class='ocrx_word' id='word_1_106' title='bbox 2883 609 3042 663; x_wconf 82' lang='lat' dir='ltr'><strong>amici</strong></span> <span class='ocrx_word' id='word_1_107' title='bbox 3065 614 3271 675; x_wconf 87' lang='lat' dir='ltr'><strong>essent,</strong></span> <span class='ocrx_word' id='word_1_108' title='bbox 3305 611 3567 679; x_wconf 90' lang='lat' dir='ltr'><strong>quoniam</strong></span> 
     </span>
    </p>
   </div>
   <div class='ocr_carea' id='block_1_17' title="bbox 1989 696 3566 767">
    <p class='ocr_par' dir='ltr' id='par_1_17' title="bbox 1989 696 3566 767">
     <span class='ocr_line' id='line_1_17' title="bbox 1989 696 3566 767; baseline 0.003 -19"><span class='ocrx_word' id='word_1_109' title='bbox 1989 696 2171 765; x_wconf 91' lang='lat' dir='ltr'><strong>portio</strong></span> <span class='ocrx_word' id='word_1_110' title='bbox 2199 704 2253 751; x_wconf 92' lang='lat' dir='ltr'><strong>et</strong></span> <span class='ocrx_word' id='word_1_111' title='bbox 2283 696 2576 752; x_wconf 86' lang='lat' dir='ltr'><strong>baereditas</strong></span> <span class='ocrx_word' id='word_1_112' title='bbox 2622 696 2799 767; x_wconf 90' lang='lat' dir='ltr'><strong>ipsius</strong></span> <span class='ocrx_word' id='word_1_113' title='bbox 2832 704 3010 761; x_wconf 89' lang='lat' dir='ltr'><strong>erant,</strong></span> <span class='ocrx_word' id='word_1_114' title='bbox 3049 698 3144 752; x_wconf 88' lang='lat' dir='ltr'><strong>sed</strong></span> <span class='ocrx_word' id='word_1_115' title='bbox 3175 702 3245 751; x_wconf 87' lang='lat' dir='ltr'><strong>ob</strong></span> <span class='ocrx_word' id='word_1_116' title='bbox 3277 713 3433 753; x_wconf 89' lang='lat' dir='ltr'><strong>suam</strong></span> <span class='ocrx_word' id='word_1_117' title='bbox 3475 699 3566 753; x_wconf 89' lang='lat' dir='ltr'><strong>in-</strong></span> 
     </span>
    </p>
   </div>
   <div class='ocr_carea' id='block_1_18' title="bbox 1988 787 3565 862">
    <p class='ocr_par' dir='ltr' id='par_1_18' title="bbox 1988 787 3565 862">
     <span class='ocr_line' id='line_1_18' title="bbox 1988 787 3565 862; baseline 0.003 -20"><span class='ocrx_word' id='word_1_118' title='bbox 1988 787 2365 843; x_wconf 74' lang='lat' dir='ltr'><strong>credulitatem</strong></span> <span class='ocrx_word' id='word_1_119' title='bbox 2396 803 2527 843; x_wconf 85' lang='lat' dir='ltr'><strong>vere</strong></span> <span class='ocrx_word' id='word_1_120' title='bbox 2551 789 2741 859; x_wconf 80' lang='lat' dir='ltr'><strong>procul</strong></span> <span class='ocrx_word' id='word_1_121' title='bbox 2776 788 2844 843; x_wconf 87' lang='lat' dir='ltr'><strong>ab</strong></span> <span class='ocrx_word' id='word_1_122' title='bbox 2870 804 2935 844; x_wconf 91' lang='lat' dir='ltr'><strong>eo</strong></span> <span class='ocrx_word' id='word_1_123' title='bbox 2968 789 3162 844; x_wconf 84' lang='lat' dir='ltr'><strong>remoti</strong></span> <span class='ocrx_word' id='word_1_124' title='bbox 3195 796 3358 856; x_wconf 87' lang='lat' dir='ltr'><strong>sunt;</strong></span> <span class='ocrx_word' id='word_1_125' title='bbox 3391 797 3445 845; x_wconf 92' lang='lat' dir='ltr'><strong>et</strong></span> <span class='ocrx_word' id='word_1_126' title='bbox 3470 790 3565 862; x_wconf 89' lang='lat' dir='ltr'><strong>qui</strong></span> 
     </span>
    </p>
   </div>
   <div class='ocr_carea' id='block_1_19' title="bbox 1987 880 3569 951">
    <p class='ocr_par' dir='ltr' id='par_1_19' title="bbox 1987 880 3569 951">
     <span class='ocr_line' id='line_1_19' title="bbox 1987 880 3569 951; baseline 0.003 -18"><span class='ocrx_word' id='word_1_127' title='bbox 1987 880 2117 934; x_wconf 90' lang='lat' dir='ltr'><strong>olim</strong></span> <span class='ocrx_word' id='word_1_128' title='bbox 2140 881 2301 935; x_wconf 87' lang='lat' dir='ltr'><strong>amici</strong></span> <span class='ocrx_word' id='word_1_129' title='bbox 2337 880 2576 945; x_wconf 79' lang='lat' dir='ltr'><strong>fuerant,</strong></span> <span class='ocrx_word' id='word_1_130' title='bbox 2605 895 2727 937; x_wconf 93' lang='lat' dir='ltr'><strong>sese</strong></span> <span class='ocrx_word' id='word_1_131' title='bbox 2750 881 3007 935; x_wconf 89' lang='lat' dir='ltr'><strong>inimicos</strong></span> <span class='ocrx_word' id='word_1_132' title='bbox 3043 881 3483 951; x_wconf 86' lang='lat' dir='ltr'><strong>constituerunt;</strong></span> <span class='ocrx_word' id='word_1_133' title='bbox 3513 890 3569 939; x_wconf 88' lang='lat' dir='ltr'><strong>et</strong></span> 
     </span>
    </p>
   </div>
   <div class='ocr_carea' id='block_1_20' title="bbox 1987 971 3567 1041">
    <p class='ocr_par' dir='ltr' id='par_1_20' title="bbox 1987 971 3567 1041">
     <span class='ocr_line' id='line_1_20' title="bbox 1987 971 3567 1041; baseline 0 -15"><span class='ocrx_word' id='word_1_134' title='bbox 1987 986 2111 1026; x_wconf 92' lang='lat' dir='ltr'><strong>cum</strong></span> <span class='ocrx_word' id='word_1_135' title='bbox 2152 972 2267 1026; x_wconf 91' lang='lat' dir='ltr'><strong>noti</strong></span> <span class='ocrx_word' id='word_1_136' title='bbox 2296 971 2416 1041; x_wconf 87' lang='lat' dir='ltr'><strong>ejus</strong></span> <span class='ocrx_word' id='word_1_137' title='bbox 2455 979 2671 1035; x_wconf 86' lang='lat' dir='ltr'><strong>essent,</strong></span> <span class='ocrx_word' id='word_1_138' title='bbox 2710 971 3019 1026; x_wconf 82' lang='lat' dir='ltr'><strong>venientem</strong></span> <span class='ocrx_word' id='word_1_139' title='bbox 3051 972 3228 1040; x_wconf 91' lang='lat' dir='ltr'><strong>ipsum</strong></span> <span class='ocrx_word' id='word_1_140' title='bbox 3254 986 3365 1025; x_wconf 91' lang='lat' dir='ltr'><strong>non</strong></span> <span class='ocrx_word' id='word_1_141' title='bbox 3396 987 3567 1026; x_wconf 84' lang='lat' dir='ltr'><strong>nove-</strong></span> 
     </span>
    </p>
   </div>
   <div class='ocr_carea' id='block_1_21' title="bbox 1984 1058 3567 1132">
    <p class='ocr_par' dir='ltr' id='par_1_21' title="bbox 1984 1058 3567 1132">
     <span class='ocr_line' id='line_1_21' title="bbox 1984 1058 3567 1132; baseline 0 -16"><span class='ocrx_word' id='word_1_142' title='bbox 1984 1068 2132 1129; x_wconf 90' lang='lat' dir='ltr'><strong>runt,</strong></span> <span class='ocrx_word' id='word_1_143' title='bbox 2158 1077 2336 1132; x_wconf 91' lang='lat' dir='ltr'><strong>neque</strong></span> <span class='ocrx_word' id='word_1_144' title='bbox 2366 1069 2749 1130; x_wconf 90' lang='lat' dir='ltr'><strong>susceperunt.</strong></span> <span class='ocrx_word' id='word_1_145' title='bbox 2782 1058 3029 1126; x_wconf 85' lang='lat' dir='ltr'><strong>Quorum</strong></span> <span class='ocrx_word' id='word_1_146' title='bbox 3057 1062 3300 1115; x_wconf 88' lang='lat' dir='ltr'><strong>omnium</strong></span> <span class='ocrx_word' id='word_1_147' title='bbox 3335 1076 3503 1117; x_wconf 90' lang='lat' dir='ltr'><strong>causa</strong></span> <span class='ocrx_word' id='word_1_148' title='bbox 3535 1078 3567 1116; x_wconf 90' lang='lat' dir='ltr'><strong>a</strong></span> 
     </span>
    </p>
   </div>
   <div class='ocr_carea' id='block_1_22' title="bbox 1985 1151 3583 1224">
    <p class='ocr_par' dir='ltr' id='par_1_22' title="bbox 1985 1151 3583 1224">
     <span class='ocr_line' id='line_1_22' title="bbox 1985 1151 3583 1224; baseline 0 -18"><span class='ocrx_word' id='word_1_149' title='bbox 1985 1152 2095 1207; x_wconf 89' lang='lat' dir='ltr'><strong>Deo</strong></span> <span class='ocrx_word' id='word_1_150' title='bbox 2140 1154 2301 1224; x_wconf 82' lang='lat' dir='ltr'><strong>longe</strong></span> <span class='ocrx_word' id='word_1_151' title='bbox 2343 1152 2473 1207; x_wconf 80' lang='lat' dir='ltr'><strong>facti</strong></span> <span class='ocrx_word' id='word_1_152' title='bbox 2507 1160 2657 1219; x_wconf 91' lang='lat' dir='ltr'><strong>sunt,</strong></span> <span class='ocrx_word' id='word_1_153' title='bbox 2692 1152 2763 1207; x_wconf 90' lang='lat' dir='ltr'><strong>ob</strong></span> <span class='ocrx_word' id='word_1_154' title='bbox 2791 1151 3066 1207; x_wconf 91' lang='lat' dir='ltr'><strong>miseriam</strong></span> <span class='ocrx_word' id='word_1_155' title='bbox 3097 1153 3352 1209; x_wconf 84' lang='lat' dir='ltr'><strong>videlicet</strong></span> <span class='ocrx_word' id='word_1_156' title='bbox 3385 1169 3583 1209; x_wconf 70' lang='lat' dir='ltr'><strong>suam..</strong></span> 
     </span>
    </p>
   </div>
   <div class='ocr_carea' id='block_1_23' title="bbox 1985 1245 3561 1318">
    <p class='ocr_par' dir='ltr' id='par_1_23' title="bbox 1985 1245 3561 1318">
     <span class='ocr_line' id='line_1_23' title="bbox 1985 1245 3561 1318; baseline -0.001 -17"><span class='ocrx_word' id='word_1_157' title='bbox 1985 1245 2077 1301; x_wconf 91' lang='lat' dir='ltr'><strong>Sic</strong></span> <span class='ocrx_word' id='word_1_158' title='bbox 2109 1247 2277 1318; x_wconf 84' lang='lat' dir='ltr'><strong>igitur</strong></span> <span class='ocrx_word' id='word_1_159' title='bbox 2296 1261 2325 1299; x_wconf 90' lang='lat' dir='ltr'><strong>a</strong></span> <span class='ocrx_word' id='word_1_160' title='bbox 2348 1246 2458 1299; x_wconf 89' lang='lat' dir='ltr'><strong>Deo</strong></span> <span class='ocrx_word' id='word_1_161' title='bbox 2480 1246 2803 1301; x_wconf 83' lang='lat' dir='ltr'><strong>exciderunt</strong></span> <span class='ocrx_word' id='word_1_162' title='bbox 2835 1246 3134 1301; x_wconf 90' lang='lat' dir='ltr'><strong>secundum</strong></span> <span class='ocrx_word' id='word_1_163' title='bbox 3158 1246 3291 1300; x_wconf 89' lang='lat' dir='ltr'><strong>illud</strong></span> <span class='ocrx_word' id='word_1_164' title='bbox 3314 1247 3519 1301; x_wconf 86' lang='lat' dir='ltr'><strong>dictum</strong></span> <span class='ocrx_word' id='word_1_165' title='bbox 3547 1264 3561 1300; x_wconf 92' lang='lat'><strong>:</strong></span> 
     </span>
    </p>
   </div>
   <div class='ocr_carea' id='block_1_24' title="bbox 1983 1337 3565 1410">
    <p class='ocr_par' dir='ltr' id='par_1_24' title="bbox 1983 1337 3565 1410">
     <span class='ocr_line' id='line_1_24' title="bbox 1983 1337 3565 1410; baseline 0.001 -19"><span class='ocrx_word' id='word_1_166' title='bbox 1983 1337 2249 1404; x_wconf 82' lang='lat' dir='ltr'><strong>Quoniam</strong></span> <span class='ocrx_word' id='word_1_167' title='bbox 2271 1340 2361 1409; x_wconf 86' lang='lat' dir='ltr'><strong>qui</strong></span> <span class='ocrx_word' id='word_1_168' title='bbox 2388 1339 2635 1409; x_wconf 85' lang='lat' dir='ltr'><strong>elongant</strong></span> <span class='ocrx_word' id='word_1_169' title='bbox 2667 1356 2721 1394; x_wconf 85' lang='lat' dir='ltr'><strong>se</strong></span> <span class='ocrx_word' id='word_1_170' title='bbox 2762 1357 2794 1393; x_wconf 92' lang='lat' dir='ltr'><strong>a</strong></span> <span class='ocrx_word' id='word_1_171' title='bbox 2825 1349 2872 1395; x_wconf 86' lang='lat' dir='ltr'><strong>te</strong></span> <span class='ocrx_word' id='word_1_172' title='bbox 2897 1341 3137 1410; x_wconf 87' lang='lat' dir='ltr'><strong>peribunt</strong></span> <span class='ocrx_word' id='word_1_173' title='bbox 3158 1340 3221 1393; x_wconf 71' lang='grc'>¹⁴.</span> <span class='ocrx_word' id='word_1_174' title='bbox 3255 1339 3432 1410; x_wconf 81' lang='lat' dir='ltr'><strong>Atque</strong></span> <span class='ocrx_word' id='word_1_175' title='bbox 3458 1340 3565 1395; x_wconf 91' lang='lat' dir='ltr'><strong>buc</strong></span> 
     </span>
    </p>
   </div>
   <div class='ocr_carea' id='block_1_25' title="bbox 1979 1431 3209 1504">
    <p class='ocr_par' dir='ltr' id='par_1_25' title="bbox 1979 1431 3209 1504">
     <span class='ocr_line' id='line_1_25' title="bbox 1979 1431 3209 1504; baseline 0.002 -17"><span class='ocrx_word' id='word_1_176' title='bbox 1979 1433 2241 1488; x_wconf 84' lang='lat' dir='ltr'><strong>desinunt</strong></span> <span class='ocrx_word' id='word_1_177' title='bbox 2263 1434 2459 1504; x_wconf 84' lang='lat' dir='ltr'><strong>psalmi</strong></span> <span class='ocrx_word' id='word_1_178' title='bbox 2479 1431 2745 1487; x_wconf 81' lang='lat' dir='ltr'><strong>Filiorum</strong></span> <span class='ocrx_word' id='word_1_179' title='bbox 2774 1432 2908 1488; x_wconf 87' lang='lat' dir='ltr'><strong>Core</strong></span> <span class='ocrx_word' id='word_1_180' title='bbox 2937 1433 3209 1503; x_wconf 80' lang='lat' dir='ltr'><strong>inscripti.</strong></span> 
     </span>
    </p>
   </div>
   <div class='ocr_carea' id='block_1_26' title="bbox 295 1507 3566 1599">
    <p class='ocr_par' dir='ltr' id='par_1_26' title="bbox 295 1507 3566 1599">
     <span class='ocr_line' id='line_1_26' title="bbox 295 1507 3566 1599; baseline 0.006 -41"><span class='ocrx_word' id='word_1_181' title='bbox 295 1507 646 1579; x_wconf 81' lang='grc' dir='ltr'>ἐπέγνωσαν,</span> <span class='ocrx_word' id='word_1_182' title='bbox 700 1515 821 1569; x_wconf 84' lang='grc' dir='ltr'>οὐδὲ</span> <span class='ocrx_word' id='word_1_183' title='bbox 871 1518 1253 1591; x_wconf 77' lang='grc' dir='ltr'>παρεδέξαντο.</span> <span class='ocrx_word' id='word_1_184' title='bbox 1302 1516 1402 1576; x_wconf 83' lang='grc' dir='ltr'>Ὧν</span> <span class='ocrx_word' id='word_1_185' title='bbox 1452 1524 1614 1578; x_wconf 77' lang='grc' dir='ltr'>ἕνεκα</span> <span class='ocrx_word' id='word_1_186' title='bbox 1658 1527 1874 1580; x_wconf 89' lang='grc' dir='ltr'>πάντων</span> <span class='ocrx_word' id='word_1_187' title='bbox 1913 1529 2009 1582; x_wconf 73' lang='grc' dir='ltr'><strong>καὶ</strong></span> <span class='ocrx_word' id='word_1_188' title='bbox 2038 1526 2145 1580; x_wconf 83' lang='grc' dir='ltr'><strong>ἀπὸ</strong></span> <span class='ocrx_word' id='word_1_189' title='bbox 2174 1528 2267 1581; x_wconf 90' lang='grc' dir='ltr'><strong>τοῦ</strong></span> <span class='ocrx_word' id='word_1_190' title='bbox 2314 1524 2449 1581; x_wconf 89' lang='grc' dir='ltr'>Θεοῦ</span> <span class='ocrx_word' id='word_1_191' title='bbox 2481 1526 2902 1599; x_wconf 87' lang='grc' dir='ltr'>ἐμακρύνθησαν</span> <span class='ocrx_word' id='word_1_192' title='bbox 2930 1526 2995 1580; x_wconf 81' lang='grc' dir='ltr'>δι’</span> <span class='ocrx_word' id='word_1_193' title='bbox 3022 1527 3198 1580; x_wconf 85' lang='grc' dir='ltr'>αἰτίαν</span> <span class='ocrx_word' id='word_1_194' title='bbox 3228 1525 3328 1596; x_wconf 80' lang='grc' dir='ltr'>τῆς</span> <span class='ocrx_word' id='word_1_195' title='bbox 3360 1525 3566 1580; x_wconf 78' lang='grc' dir='ltr'>ἑαυτῶν</span> 
     </span>
    </p>
   </div>
   <div class='ocr_carea' id='block_1_27' title="bbox 293 1600 3669 1688">
    <p class='ocr_par' dir='ltr' id='par_1_27' title="bbox 293 1600 3669 1688">
     <span class='ocr_line' id='line_1_27' title="bbox 293 1600 3669 1688; baseline 0.006 -37"><span class='ocrx_word' id='word_1_196' title='bbox 293 1600 686 1674; x_wconf 81' lang='grc' dir='ltr'>ταλαιπωρίας.</span> <span class='ocrx_word' id='word_1_197' title='bbox 753 1606 909 1663; x_wconf 76' lang='grc' dir='ltr'>Οὕτω</span> <span class='ocrx_word' id='word_1_198' title='bbox 970 1609 1014 1662; x_wconf 90' lang='grc' dir='ltr'>δ’</span> <span class='ocrx_word' id='word_1_199' title='bbox 1090 1608 1183 1665; x_wconf 81' lang='grc' dir='ltr'>οὖν</span> <span class='ocrx_word' id='word_1_200' title='bbox 1237 1615 1328 1667; x_wconf 74' lang='grc' dir='ltr'>καὶ</span> <span class='ocrx_word' id='word_1_201' title='bbox 1388 1618 1777 1671; x_wconf 81' lang='grc' dir='ltr'>ἐκπεπτώκασι</span> <span class='ocrx_word' id='word_1_202' title='bbox 1832 1618 1926 1672; x_wconf 88' lang='grc' dir='ltr'><strong>τοῦ</strong></span> <span class='ocrx_word' id='word_1_203' title='bbox 1966 1618 2101 1672; x_wconf 85' lang='grc' dir='ltr'>Θεοῦ</span> <span class='ocrx_word' id='word_1_204' title='bbox 2134 1619 2361 1673; x_wconf 80' lang='grc' dir='ltr'>κατὰτὸ</span> <span class='ocrx_word' id='word_1_205' title='bbox 2418 1619 2625 1688; x_wconf 83' lang='grc' dir='ltr'>φάσκον</span> <span class='ocrx_word' id='word_1_206' title='bbox 2661 1619 2861 1688; x_wconf 89' lang='grc' dir='ltr'>λόγιον,</span> <span class='ocrx_word' id='word_1_207' title='bbox 2902 1620 3019 1671; x_wconf 90' lang='grc' dir='ltr'>Ὅτι</span> <span class='ocrx_word' id='word_1_208' title='bbox 3062 1621 3117 1672; x_wconf 83' lang='grc' dir='ltr'>οἱ</span> <span class='ocrx_word' id='word_1_209' title='bbox 3154 1620 3566 1687; x_wconf 79' lang='grc' dir='ltr'>μακρύνοντες</span> <span class='ocrx_word' id='word_1_210' title='bbox 3658 1646 3669 1659; x_wconf 78' lang='grc' dir='ltr'><strong><em>ι</em></strong></span> 
     </span>
    </p>
   </div>
   <div class='ocr_carea' id='block_1_28' title="bbox 292 1694 3561 1788">
    <p class='ocr_par' dir='ltr' id='par_1_28' title="bbox 292 1694 3561 1788">
     <span class='ocr_line' id='line_1_28' title="bbox 292 1694 3561 1788; baseline 0.006 -40"><span class='ocrx_word' id='word_1_211' title='bbox 292 1694 547 1765; x_wconf 74' lang='grc' dir='ltr'>ἑαυτοὺς</span> <span class='ocrx_word' id='word_1_212' title='bbox 604 1701 722 1755; x_wconf 77' lang='grc' dir='ltr'>ἀπὸ</span> <span class='ocrx_word' id='word_1_213' title='bbox 771 1704 888 1758; x_wconf 90' lang='grc' dir='ltr'><strong>σοῦ</strong></span> <span class='ocrx_word' id='word_1_214' title='bbox 924 1707 1311 1763; x_wconf 77' lang='grc' dir='ltr'>ἀπολοῦνται.</span> <span class='ocrx_word' id='word_1_215' title='bbox 1346 1712 1456 1766; x_wconf 77' lang='grc' dir='ltr'>Καὶ</span> <span class='ocrx_word' id='word_1_216' title='bbox 1496 1715 1577 1777; x_wconf 84' lang='grc' dir='ltr'><strong>είς</strong></span> <span class='ocrx_word' id='word_1_217' title='bbox 1612 1714 1772 1768; x_wconf 89' lang='grc' dir='ltr'>τοῦτο</span> <span class='ocrx_word' id='word_1_218' title='bbox 1813 1716 2209 1788; x_wconf 84' lang='grc' dir='ltr'>καταλήγουσιν</span> <span class='ocrx_word' id='word_1_219' title='bbox 2248 1719 2295 1770; x_wconf 81' lang='grc' dir='ltr'><strong>οἱ</strong></span> <span class='ocrx_word' id='word_1_220' title='bbox 2334 1716 2803 1787; x_wconf 75' lang='grc' dir='ltr'>ἐπιγεγραμμένοι</span> <span class='ocrx_word' id='word_1_221' title='bbox 2845 1716 2953 1769; x_wconf 92' lang='grc' dir='ltr'><strong>τῶν</strong></span> <span class='ocrx_word' id='word_1_222' title='bbox 2992 1714 3137 1769; x_wconf 81' lang='grc' dir='ltr'><strong>υἱῶν</strong></span> <span class='ocrx_word' id='word_1_223' title='bbox 3154 1715 3307 1783; x_wconf 81' lang='grc' dir='ltr'>Κορὲ</span> <span class='ocrx_word' id='word_1_224' title='bbox 3337 1715 3561 1786; x_wconf 69' lang='grc' dir='ltr'>ψαλμοί.</span> 
     </span>
    </p>
   </div>
   <div class='ocr_carea' id='block_1_29' title="bbox 437 1839 1732 1925">
    <p class='ocr_par' dir='ltr' id='par_1_29' title="bbox 437 1839 1732 1925">
     <span class='ocr_line' id='line_1_29' title="bbox 437 1839 1732 1925; baseline 0.014 -35"><span class='ocrx_word' id='word_1_225' title='bbox 437 1839 789 1896; x_wconf 86' lang='grc' dir='ltr'><strong>ΣΥΝΕΣΕΩΣ</strong></span> <span class='ocrx_word' id='word_1_226' title='bbox 824 1845 1033 1900; x_wconf 81' lang='grc' dir='ltr'><strong>ΑΙΘΑΝ</strong></span> <span class='ocrx_word' id='word_1_227' title='bbox 1072 1847 1159 1918; x_wconf 83' lang='grc' dir='ltr'><strong>Τῼ</strong></span> <span class='ocrx_word' id='word_1_228' title='bbox 1197 1850 1550 1925; x_wconf 79' lang='grc' dir='ltr'><strong>ΕΣΔΡΑΙΤῌ.</strong></span> <span class='ocrx_word' id='word_1_229' title='bbox 1600 1853 1732 1909; x_wconf 68' lang='grc' dir='ltr'>ΠΗθ.</span> 
     </span>
    </p>
   </div>
   <div class='ocr_carea' id='block_1_30' title="bbox 369 1977 1875 2065">
    <p class='ocr_par' dir='ltr' id='par_1_30' title="bbox 369 1977 1875 2065">
     <span class='ocr_line' id='line_1_30' title="bbox 369 1977 1875 2065; baseline 0.013 -34"><span class='ocrx_word' id='word_1_230' title='bbox 369 1977 443 2031; x_wconf 82' lang='grc' dir='ltr'><strong>Τὰ</strong></span> <span class='ocrx_word' id='word_1_231' title='bbox 478 1980 619 2049; x_wconf 78' lang='grc' dir='ltr'>ἐλέη</span> <span class='ocrx_word' id='word_1_232' title='bbox 651 1981 757 2036; x_wconf 88' lang='grc' dir='ltr'><strong>τοῦ</strong></span> <span class='ocrx_word' id='word_1_233' title='bbox 783 1986 1005 2053; x_wconf 77' lang='grc' dir='ltr'>Κυρίου</span> <span class='ocrx_word' id='word_1_234' title='bbox 1039 1991 1125 2054; x_wconf 79' lang='grc' dir='ltr'>εἰς</span> <span class='ocrx_word' id='word_1_235' title='bbox 1162 1990 1268 2043; x_wconf 74' lang='grc' dir='ltr'><strong>τὸν</strong></span> <span class='ocrx_word' id='word_1_236' title='bbox 1290 1991 1472 2047; x_wconf 77' lang='grc' dir='ltr'>αἰῶνα</span> <span class='ocrx_word' id='word_1_237' title='bbox 1498 1992 1734 2065; x_wconf 74' lang='grc' dir='ltr'>ᾄσομαι.</span> <span class='ocrx_word' id='word_1_238' title='bbox 1773 1997 1875 2064; x_wconf 74' lang='grc' dir='ltr'><strong>Εἰς</strong></span> 
     </span>
    </p>
   </div>
   <div class='ocr_carea' id='block_1_31' title="bbox 292 2075 1874 2157">
    <p class='ocr_par' dir='ltr' id='par_1_31' title="bbox 292 2075 1874 2157">
     <span class='ocr_line' id='line_1_31' title="bbox 292 2075 1874 2157; baseline 0.013 -34"><span class='ocrx_word' id='word_1_239' title='bbox 292 2075 505 2140; x_wconf 74' lang='grc' dir='ltr'>γενεὰν</span> <span class='ocrx_word' id='word_1_240' title='bbox 550 2076 649 2129; x_wconf 84' lang='grc' dir='ltr'>καὶ</span> <span class='ocrx_word' id='word_1_241' title='bbox 689 2078 905 2146; x_wconf 75' lang='grc' dir='ltr'>γενεὰν</span> <span class='ocrx_word' id='word_1_242' title='bbox 946 2081 1264 2152; x_wconf 76' lang='grc' dir='ltr'>ἀπαγγελῶ</span> <span class='ocrx_word' id='word_1_243' title='bbox 1290 2085 1408 2153; x_wconf 75' lang='grc' dir='ltr'><strong>τὴν</strong></span> <span class='ocrx_word' id='word_1_244' title='bbox 1446 2088 1736 2157; x_wconf 79' lang='grc' dir='ltr'>ἀλήθειάν</span> <span class='ocrx_word' id='word_1_245' title='bbox 1758 2105 1874 2145; x_wconf 89' lang='grc' dir='ltr'>σου</span> 
     </span>
    </p>
   </div>
   <div class='ocr_carea' id='block_1_32' title="bbox 290 2164 1873 2249">
    <p class='ocr_par' dir='ltr' id='par_1_32' title="bbox 290 2164 1873 2249">
     <span class='ocr_line' id='line_1_32' title="bbox 290 2164 1873 2249; baseline 0.011 -33"><span class='ocrx_word' id='word_1_246' title='bbox 290 2164 361 2216; x_wconf 80' lang='grc' dir='ltr'>ἐν</span> <span class='ocrx_word' id='word_1_247' title='bbox 385 2164 464 2230; x_wconf 84' lang='grc' dir='ltr'>τῷ</span> <span class='ocrx_word' id='word_1_248' title='bbox 506 2168 757 2237; x_wconf 82' lang='grc' dir='ltr'>στόματί</span> <span class='ocrx_word' id='word_1_249' title='bbox 789 2189 928 2239; x_wconf 80' lang='grc' dir='ltr'>μου.</span> <span class='ocrx_word' id='word_1_250' title='bbox 948 2173 1165 2245; x_wconf 79' lang='grc' dir='ltr'>Ἐπειδὴ</span> <span class='ocrx_word' id='word_1_251' title='bbox 1195 2175 1397 2246; x_wconf 89' lang='grc' dir='ltr'>προῖὼν</span> <span class='ocrx_word' id='word_1_252' title='bbox 1420 2175 1546 2248; x_wconf 83' lang='grc' dir='ltr'>ἐξῆς</span> <span class='ocrx_word' id='word_1_253' title='bbox 1578 2178 1759 2249; x_wconf 85' lang='grc' dir='ltr'>μέλλει</span> <span class='ocrx_word' id='word_1_254' title='bbox 1784 2180 1873 2233; x_wconf 88' lang='grc' dir='ltr'>λέ-</span> 
     </span>
    </p>
   </div>
   <div class='ocr_carea' id='block_1_33' title="bbox 289 2261 1876 2341">
    <p class='ocr_par' dir='ltr' id='par_1_33' title="bbox 289 2261 1876 2341">
     <span class='ocr_line' id='line_1_33' title="bbox 289 2261 1876 2341; baseline 0.011 -31"><span class='ocrx_word' id='word_1_255' title='bbox 289 2274 441 2325; x_wconf 90' lang='grc' dir='ltr'>γειν·</span> <span class='ocrx_word' id='word_1_256' title='bbox 478 2261 605 2315; x_wconf 87' lang='grc' dir='ltr'>Ποῦ</span> <span class='ocrx_word' id='word_1_257' title='bbox 642 2265 759 2316; x_wconf 88' lang='grc' dir='ltr'>εὶσι</span> <span class='ocrx_word' id='word_1_258' title='bbox 798 2263 870 2317; x_wconf 85' lang='grc' dir='ltr'>τὰ</span> <span class='ocrx_word' id='word_1_259' title='bbox 909 2265 1046 2334; x_wconf 77' lang='grc' dir='ltr'>ἐλέη</span> <span class='ocrx_word' id='word_1_260' title='bbox 1090 2283 1206 2321; x_wconf 87' lang='grc' dir='ltr'><strong>σου</strong></span> <span class='ocrx_word' id='word_1_261' title='bbox 1244 2268 1315 2322; x_wconf 82' lang='grc' dir='ltr'>τὰ</span> <span class='ocrx_word' id='word_1_262' title='bbox 1348 2270 1583 2339; x_wconf 82' lang='grc' dir='ltr'>ἀρχαῖα,</span> <span class='ocrx_word' id='word_1_263' title='bbox 1617 2273 1813 2341; x_wconf 80' lang='grc' dir='ltr'>Κύριε,</span> <span class='ocrx_word' id='word_1_264' title='bbox 1836 2273 1876 2327; x_wconf 81' lang='grc' dir='ltr'><strong>ἀ</strong></span> 
     </span>
    </p>
   </div>
   <div class='ocr_carea' id='block_1_34' title="bbox 289 2348 1874 2435">
    <p class='ocr_par' dir='ltr' id='par_1_34' title="bbox 289 2348 1874 2435">
     <span class='ocr_line' id='line_1_34' title="bbox 289 2348 1874 2435; baseline 0.011 -36"><span class='ocrx_word' id='word_1_265' title='bbox 289 2348 531 2418; x_wconf 80' lang='grc' dir='ltr'>ὤμοσας</span> <span class='ocrx_word' id='word_1_266' title='bbox 548 2349 628 2416; x_wconf 83' lang='grc' dir='ltr'>τῷ</span> <span class='ocrx_word' id='word_1_267' title='bbox 648 2353 829 2407; x_wconf 83' lang='grc' dir='ltr'>Δαυῒδ</span> <span class='ocrx_word' id='word_1_268' title='bbox 849 2356 918 2408; x_wconf 81' lang='grc' dir='ltr'>ἐν</span> <span class='ocrx_word' id='word_1_269' title='bbox 938 2355 1011 2425; x_wconf 77' lang='grc' dir='ltr'>τῇ</span> <span class='ocrx_word' id='word_1_270' title='bbox 1033 2358 1283 2426; x_wconf 81' lang='grc' dir='ltr'><strong>ἀληθείᾳ</strong></span> <span class='ocrx_word' id='word_1_271' title='bbox 1304 2375 1453 2425; x_wconf 87' lang='grc' dir='ltr'>σου;</span> <span class='ocrx_word' id='word_1_272' title='bbox 1474 2362 1874 2435; x_wconf 84' lang='grc' dir='ltr'>προθεραπεύει</span> 
     </span>
    </p>
   </div>
   <div class='ocr_carea' id='block_1_35' title="bbox 288 2440 1872 2527">
    <p class='ocr_par' dir='ltr' id='par_1_35' title="bbox 288 2440 1872 2527">
     <span class='ocr_line' id='line_1_35' title="bbox 288 2440 1872 2527; baseline 0.011 -35"><span class='ocrx_word' id='word_1_273' title='bbox 288 2440 351 2493; x_wconf 81' lang='grc' dir='ltr'>τὸ</span> <span class='ocrx_word' id='word_1_274' title='bbox 381 2440 571 2511; x_wconf 81' lang='grc' dir='ltr'>μέλλον</span> <span class='ocrx_word' id='word_1_275' title='bbox 603 2445 936 2517; x_wconf 81' lang='grc' dir='ltr'>ῥηθήσεσθαι</span> <span class='ocrx_word' id='word_1_276' title='bbox 964 2449 1050 2503; x_wconf 79' lang='grc' dir='ltr'>διὰ</span> <span class='ocrx_word' id='word_1_277' title='bbox 1075 2451 1183 2504; x_wconf 87' lang='grc' dir='ltr'><strong>τῶν</strong></span> <span class='ocrx_word' id='word_1_278' title='bbox 1218 2455 1617 2524; x_wconf 84' lang='grc' dir='ltr'>προκειμένων,</span> <span class='ocrx_word' id='word_1_279' title='bbox 1647 2455 1872 2527; x_wconf 88' lang='grc' dir='ltr'>δυνάμει</span> 
     </span>
    </p>
   </div>
   <div class='ocr_carea' id='block_1_36' title="bbox 286 2531 1874 2620">
    <p class='ocr_par' dir='ltr' id='par_1_36' title="bbox 286 2531 1874 2620">
     <span class='ocr_line' id='line_1_36' title="bbox 286 2531 1874 2620; baseline 0.013 -38"><span class='ocrx_word' id='word_1_280' title='bbox 286 2531 446 2584; x_wconf 89' lang='grc' dir='ltr'>τοῦτο</span> <span class='ocrx_word' id='word_1_281' title='bbox 488 2533 695 2602; x_wconf 77' lang='grc' dir='ltr'>λέγων’</span> <span class='ocrx_word' id='word_1_282' title='bbox 740 2538 803 2590; x_wconf 72' lang='lat' dir='ltr'><strong>Et</strong></span> <span class='ocrx_word' id='word_1_283' title='bbox 838 2540 935 2593; x_wconf 80' lang='grc' dir='ltr'><strong>καὶ</strong></span> <span class='ocrx_word' id='word_1_284' title='bbox 977 2540 1045 2594; x_wconf 84' lang='grc' dir='ltr'>τὰ</span> <span class='ocrx_word' id='word_1_285' title='bbox 1089 2542 1403 2614; x_wconf 81' lang='grc' dir='ltr'>ἀνθρώπινα</span> <span class='ocrx_word' id='word_1_286' title='bbox 1450 2545 1751 2619; x_wconf 86' lang='grc' dir='ltr'>πράγματα</span> <span class='ocrx_word' id='word_1_287' title='bbox 1774 2548 1874 2620; x_wconf 83' lang='grc' dir='ltr'><strong>τὴν</strong></span> 
     </span>
    </p>
   </div>
   <div class='ocr_carea' id='block_1_37' title="bbox 289 2623 1873 2707">
    <p class='ocr_par' dir='ltr' id='par_1_37' title="bbox 289 2623 1873 2707">
     <span class='ocr_line' id='line_1_37' title="bbox 289 2623 1873 2707; baseline -0.003 -13"><span class='ocrx_word' id='word_1_288' title='bbox 289 2623 429 2693; x_wconf 66' lang='grc' dir='ltr'>ἐμὴν</span> <span class='ocrx_word' id='word_1_289' title='bbox 457 2624 632 2697; x_wconf 64' lang='grc' dir='ltr'>ψυχὴν</span> <span class='ocrx_word' id='word_1_290' title='bbox 660 2627 739 2690; x_wconf 80' lang='grc' dir='ltr'>εἰς</span> <span class='ocrx_word' id='word_1_291' title='bbox 765 2629 1071 2699; x_wconf 83' lang='grc' dir='ltr'>ἀμηχανίαν</span> <span class='ocrx_word' id='word_1_292' title='bbox 1094 2632 1400 2703; x_wconf 89' lang='grc' dir='ltr'>ἐμϐαλόντα</span> <span class='ocrx_word' id='word_1_293' title='bbox 1433 2636 1707 2707; x_wconf 85' lang='grc' dir='ltr'>ταράττει,</span> <span class='ocrx_word' id='word_1_294' title='bbox 1731 2636 1873 2706; x_wconf 83' lang='grc' dir='ltr'>ῐλιγ-</span> 
     </span>
    </p>
   </div>
   <div class='ocr_carea' id='block_1_38' title="bbox 287 2716 1870 2803">
    <p class='ocr_par' dir='ltr' id='par_1_38' title="bbox 287 2716 1870 2803">
     <span class='ocr_line' id='line_1_38' title="bbox 287 2716 1870 2803; baseline 0.011 -35"><span class='ocrx_word' id='word_1_295' title='bbox 287 2716 384 2784; x_wconf 92' lang='grc' dir='ltr'><strong>γόν</strong></span> <span class='ocrx_word' id='word_1_296' title='bbox 413 2718 473 2770; x_wconf 89' lang='grc' dir='ltr'><strong>τέ</strong></span> <span class='ocrx_word' id='word_1_297' title='bbox 503 2737 594 2790; x_wconf 89' lang='grc' dir='ltr'><strong>μοι</strong></span> <span class='ocrx_word' id='word_1_298' title='bbox 629 2722 724 2774; x_wconf 81' lang='grc' dir='ltr'><strong>καὶ</strong></span> <span class='ocrx_word' id='word_1_299' title='bbox 750 2722 983 2795; x_wconf 86' lang='grc' dir='ltr'>ἀπορίαν</span> <span class='ocrx_word' id='word_1_300' title='bbox 1014 2725 1248 2795; x_wconf 76' lang='grc' dir='ltr'>ἐμποιεῖ,</span> <span class='ocrx_word' id='word_1_301' title='bbox 1280 2727 1387 2781; x_wconf 91' lang='grc' dir='ltr'><strong>τῶν</strong></span> <span class='ocrx_word' id='word_1_302' title='bbox 1421 2729 1548 2793; x_wconf 85' lang='grc' dir='ltr'>σῶν,</span> <span class='ocrx_word' id='word_1_303' title='bbox 1590 2724 1636 2783; x_wconf 80' lang='grc' dir='ltr'><strong>ὦ</strong></span> <span class='ocrx_word' id='word_1_304' title='bbox 1678 2731 1870 2803; x_wconf 85' lang='grc' dir='ltr'>Κύριε,</span> 
     </span>
    </p>
   </div>
   <div class='ocr_carea' id='block_1_39' title="bbox 288 2810 1874 2895">
    <p class='ocr_par' dir='ltr' id='par_1_39' title="bbox 288 2810 1874 2895">
     <span class='ocr_line' id='line_1_39' title="bbox 288 2810 1874 2895; baseline 0.011 -33"><span class='ocrx_word' id='word_1_305' title='bbox 288 2810 592 2881; x_wconf 87' lang='grc' dir='ltr'>κριμάτων,</span> <span class='ocrx_word' id='word_1_306' title='bbox 626 2812 700 2876; x_wconf 86' lang='grc' dir='ltr'>ὡς</span> <span class='ocrx_word' id='word_1_307' title='bbox 726 2813 939 2884; x_wconf 83' lang='grc' dir='ltr'>μέλλειν</span> <span class='ocrx_word' id='word_1_308' title='bbox 976 2818 1169 2888; x_wconf 85' lang='grc' dir='ltr'>μικρὸν</span> <span class='ocrx_word' id='word_1_309' title='bbox 1195 2818 1418 2892; x_wconf 80' lang='grc' dir='ltr'>ὕστερον</span> <span class='ocrx_word' id='word_1_310' title='bbox 1446 2823 1758 2895; x_wconf 85' lang='grc' dir='ltr'>ἀποτολμᾷν</span> <span class='ocrx_word' id='word_1_311' title='bbox 1779 2827 1874 2880; x_wconf 77' lang='grc' dir='ltr'><strong>καὶ</strong></span> 
     </span>
    </p>
   </div>
   <div class='ocr_carea' id='block_1_40' title="bbox 288 2900 1871 2989">
    <p class='ocr_par' dir='ltr' id='par_1_40' title="bbox 288 2900 1871 2989">
     <span class='ocr_line' id='line_1_40' title="bbox 288 2900 1871 2989; baseline 0.011 -35"><span class='ocrx_word' id='word_1_312' title='bbox 288 2902 531 2973; x_wconf 85' lang='grc' dir='ltr'>ἀπορεῖν,</span> <span class='ocrx_word' id='word_1_313' title='bbox 561 2905 702 2977; x_wconf 81' lang='grc' dir='ltr'>ὑπὲρ</span> <span class='ocrx_word' id='word_1_314' title='bbox 746 2900 820 2959; x_wconf 86' lang='grc' dir='ltr'>ὧν</span> <span class='ocrx_word' id='word_1_315' title='bbox 871 2908 934 2960; x_wconf 83' lang='grc' dir='ltr'><strong>σὺ</strong></span> <span class='ocrx_word' id='word_1_316' title='bbox 979 2910 1078 2979; x_wconf 82' lang='grc' dir='ltr'><strong>μὲν</strong></span> <span class='ocrx_word' id='word_1_317' title='bbox 1119 2910 1149 2962; x_wconf 83' lang='grc' dir='ltr'><em>ὁ</em></span> <span class='ocrx_word' id='word_1_318' title='bbox 1191 2911 1427 2986; x_wconf 78' lang='grc' dir='ltr'>ἀψευδὴς</span> <span class='ocrx_word' id='word_1_319' title='bbox 1447 2914 1579 2979; x_wconf 84' lang='grc' dir='ltr'>Θεὸς</span> <span class='ocrx_word' id='word_1_320' title='bbox 1616 2917 1753 2989; x_wconf 87' lang='grc' dir='ltr'>πρὸς</span> <span class='ocrx_word' id='word_1_321' title='bbox 1780 2918 1871 2972; x_wconf 76' lang='grc' dir='ltr'><strong>τὸν</strong></span> 
     </span>
    </p>
   </div>
   <div class='ocr_carea' id='block_1_41' title="bbox 287 2992 1871 3081">
    <p class='ocr_par' dir='ltr' id='par_1_41' title="bbox 287 2992 1871 3081">
     <span class='ocr_line' id='line_1_41' title="bbox 287 2992 1871 3081; baseline 0.009 -33"><span class='ocrx_word' id='word_1_322' title='bbox 287 2992 453 3048; x_wconf 79' lang='grc' dir='ltr'>Δαυῒδ</span> <span class='ocrx_word' id='word_1_323' title='bbox 479 2997 820 3064; x_wconf 84' lang='grc' dir='ltr'>ἐπαγγελιῶν</span> <span class='ocrx_word' id='word_1_324' title='bbox 842 3000 1137 3072; x_wconf 78' lang='grc' dir='ltr'>πεποίησαι</span> <span class='ocrx_word' id='word_1_325' title='bbox 1159 3018 1170 3029; x_wconf 92' lang='grc'><strong>·</strong></span> <span class='ocrx_word' id='word_1_326' title='bbox 1195 3003 1451 3058; x_wconf 88' lang='grc' dir='ltr'>τάναντία</span> <span class='ocrx_word' id='word_1_327' title='bbox 1475 3006 1533 3059; x_wconf 86' lang='grc' dir='ltr'><strong>δέ</strong></span> <span class='ocrx_word' id='word_1_328' title='bbox 1556 3008 1871 3081; x_wconf 89' lang='grc' dir='ltr'>συμϐέϐηκε</span> 
     </span>
    </p>
   </div>
   <div class='ocr_carea' id='block_1_42' title="bbox 286 3089 1870 3169">
    <p class='ocr_par' dir='ltr' id='par_1_42' title="bbox 286 3089 1870 3169">
     <span class='ocr_line' id='line_1_42' title="bbox 286 3089 1870 3169; baseline 0.011 -31"><span class='ocrx_word' id='word_1_329' title='bbox 286 3089 410 3150; x_wconf 87' lang='grc' dir='ltr'>ταῖς</span> <span class='ocrx_word' id='word_1_330' title='bbox 443 3091 563 3151; x_wconf 83' lang='grc' dir='ltr'>σαῖς</span> <span class='ocrx_word' id='word_1_331' title='bbox 599 3090 958 3159; x_wconf 86' lang='grc' dir='ltr'>ὑποσχέσεσι·</span> <span class='ocrx_word' id='word_1_332' title='bbox 992 3092 1072 3145; x_wconf 91' lang='grc' dir='ltr'><strong>διὸ</strong></span> <span class='ocrx_word' id='word_1_333' title='bbox 1120 3095 1215 3147; x_wconf 73' lang='grc' dir='ltr'>καὶ</span> <span class='ocrx_word' id='word_1_334' title='bbox 1260 3095 1439 3165; x_wconf 89' lang='grc' dir='ltr'>μέλλω</span> <span class='ocrx_word' id='word_1_335' title='bbox 1485 3098 1663 3169; x_wconf 89' lang='grc' dir='ltr'>λέγειν</span> <span class='ocrx_word' id='word_1_336' title='bbox 1689 3118 1703 3132; x_wconf 91' lang='grc'><strong>·</strong></span> <span class='ocrx_word' id='word_1_337' title='bbox 1744 3102 1870 3157; x_wconf 85' lang='grc' dir='ltr'>Ποῦ</span> 
     </span>
    </p>
   </div>
   <div class='ocr_carea' id='block_1_43' title="bbox 286 3180 1871 3264">
    <p class='ocr_par' dir='ltr' id='par_1_43' title="bbox 286 3180 1871 3264">
     <span class='ocr_line' id='line_1_43' title="bbox 286 3180 1871 3264; baseline 0.011 -32"><span class='ocrx_word' id='word_1_338' title='bbox 286 3181 405 3232; x_wconf 81' lang='grc' dir='ltr'>εἱσι</span> <span class='ocrx_word' id='word_1_339' title='bbox 430 3181 502 3234; x_wconf 87' lang='grc' dir='ltr'>τὰ</span> <span class='ocrx_word' id='word_1_340' title='bbox 537 3180 816 3249; x_wconf 79' lang='grc' dir='ltr'>ἐλέησον</span> <span class='ocrx_word' id='word_1_341' title='bbox 841 3184 911 3239; x_wconf 83' lang='grc' dir='ltr'>τὰ</span> <span class='ocrx_word' id='word_1_342' title='bbox 946 3184 1181 3255; x_wconf 81' lang='grc' dir='ltr'>ἀρχαῖα,</span> <span class='ocrx_word' id='word_1_343' title='bbox 1212 3188 1423 3257; x_wconf 82' lang='grc' dir='ltr'>Κύριε;</span> <span class='ocrx_word' id='word_1_344' title='bbox 1450 3190 1562 3243; x_wconf 88' lang='grc' dir='ltr'>ἀλλ’</span> <span class='ocrx_word' id='word_1_345' title='bbox 1596 3193 1745 3264; x_wconf 79' lang='grc' dir='ltr'>ὅμως</span> <span class='ocrx_word' id='word_1_346' title='bbox 1776 3213 1871 3249; x_wconf 90' lang='grc' dir='ltr'>πε-</span> 
     </span>
    </p>
   </div>
   <div class='ocr_carea' id='block_1_44' title="bbox 287 3271 1872 3352">
    <p class='ocr_par' dir='ltr' id='par_1_44' title="bbox 287 3271 1872 3352">
     <span class='ocr_line' id='line_1_44' title="bbox 287 3271 1872 3352; baseline 0.01 -28"><span class='ocrx_word' id='word_1_347' title='bbox 287 3271 600 3341; x_wconf 82' lang='grc' dir='ltr'>πεισμένος,</span> <span class='ocrx_word' id='word_1_348' title='bbox 627 3273 707 3326; x_wconf 81' lang='grc' dir='ltr'><strong>ὅτι</strong></span> <span class='ocrx_word' id='word_1_349' title='bbox 741 3274 814 3344; x_wconf 81' lang='grc' dir='ltr'>μὴ</span> <span class='ocrx_word' id='word_1_350' title='bbox 839 3275 1188 3345; x_wconf 82' lang='grc' dir='ltr'>διαψεύσεταί</span> <span class='ocrx_word' id='word_1_351' title='bbox 1222 3296 1312 3333; x_wconf 83' lang='grc' dir='ltr'><strong>σου</strong></span> <span class='ocrx_word' id='word_1_352' title='bbox 1342 3282 1375 3352; x_wconf 77' lang='grc' dir='ltr'>ἡ</span> <span class='ocrx_word' id='word_1_353' title='bbox 1408 3283 1728 3352; x_wconf 89' lang='grc' dir='ltr'>ἐπαγγελία,</span> <span class='ocrx_word' id='word_1_354' title='bbox 1753 3288 1872 3340; x_wconf 84' lang='grc' dir='ltr'>οὐδὲ</span> 
     </span>
    </p>
   </div>
   <div class='ocr_carea' id='block_1_45' title="bbox 285 3356 1874 3446">
    <p class='ocr_par' dir='ltr' id='par_1_45' title="bbox 285 3356 1874 3446">
     <span class='ocr_line' id='line_1_45' title="bbox 285 3356 1874 3446; baseline 0.01 -29"><span class='ocrx_word' id='word_1_355' title='bbox 285 3364 622 3418; x_wconf 88' lang='grc' dir='ltr'>διαπεσεῖται</span> <span class='ocrx_word' id='word_1_356' title='bbox 654 3368 687 3437; x_wconf 81' lang='grc' dir='ltr'><strong>ἡ</strong></span> <span class='ocrx_word' id='word_1_357' title='bbox 717 3364 812 3419; x_wconf 91' lang='grc' dir='ltr'><strong>τοῦ</strong></span> <span class='ocrx_word' id='word_1_358' title='bbox 844 3366 939 3421; x_wconf 93' lang='grc' dir='ltr'><strong>σοῦ</strong></span> <span class='ocrx_word' id='word_1_359' title='bbox 972 3356 1398 3444; x_wconf 82' lang='grc' dir='ltr'>λόγουάλήθεια,</span> <span class='ocrx_word' id='word_1_360' title='bbox 1435 3376 1722 3446; x_wconf 86' lang='grc' dir='ltr'>προλαϐὼν</span> <span class='ocrx_word' id='word_1_361' title='bbox 1748 3380 1874 3443; x_wconf 83' lang='grc' dir='ltr'>τοὺς</span> 
     </span>
    </p>
   </div>
   <div class='ocr_carea' id='block_1_46' title="bbox 290 3458 1873 3543">
    <p class='ocr_par' dir='ltr' id='par_1_46' title="bbox 290 3458 1873 3543">
     <span class='ocr_line' id='line_1_46' title="bbox 290 3458 1873 3543; baseline 0.01 -32"><span class='ocrx_word' id='word_1_362' title='bbox 290 3458 584 3529; x_wconf 85' lang='grc' dir='ltr'>μέλλοντας</span> <span class='ocrx_word' id='word_1_363' title='bbox 625 3459 684 3524; x_wconf 81' lang='grc' dir='ltr'>ἐξ</span> <span class='ocrx_word' id='word_1_364' title='bbox 723 3460 1070 3533; x_wconf 85' lang='grc' dir='ltr'>ἀνθρωπίνης</span> <span class='ocrx_word' id='word_1_365' title='bbox 1099 3463 1385 3531; x_wconf 85' lang='grc' dir='ltr'>ἀσθενείας</span> <span class='ocrx_word' id='word_1_366' title='bbox 1412 3468 1744 3541; x_wconf 77' lang='grc' dir='ltr'>ρηθήσεσθαί</span> <span class='ocrx_word' id='word_1_367' title='bbox 1781 3490 1873 3543; x_wconf 91' lang='grc' dir='ltr'><strong>μοι</strong></span> 
     </span>
    </p>
   </div>
   <div class='ocr_carea' id='block_1_47' title="bbox 285 3549 1870 3636">
    <p class='ocr_par' dir='ltr' id='par_1_47' title="bbox 285 3549 1870 3636">
     <span class='ocr_line' id='line_1_47' title="bbox 285 3549 1870 3636; baseline 0.009 -34"><span class='ocrx_word' id='word_1_368' title='bbox 285 3549 498 3619; x_wconf 88' lang='grc' dir='ltr'>λόγους,</span> <span class='ocrx_word' id='word_1_369' title='bbox 526 3552 623 3623; x_wconf 84' lang='grc' dir='ltr'>τὴν</span> <span class='ocrx_word' id='word_1_370' title='bbox 651 3555 892 3624; x_wconf 79' lang='grc' dir='ltr'>ἐμαυτοῦ</span> <span class='ocrx_word' id='word_1_371' title='bbox 916 3556 1096 3611; x_wconf 86' lang='grc' dir='ltr'>πίστιν</span> <span class='ocrx_word' id='word_1_372' title='bbox 1117 3558 1211 3611; x_wconf 74' lang='grc' dir='ltr'><strong>καὶ</strong></span> <span class='ocrx_word' id='word_1_373' title='bbox 1234 3559 1293 3611; x_wconf 88' lang='grc' dir='ltr'>τὸ</span> <span class='ocrx_word' id='word_1_374' title='bbox 1318 3560 1541 3625; x_wconf 82' lang='grc' dir='ltr'>εὐσεϐὲς</span> <span class='ocrx_word' id='word_1_375' title='bbox 1577 3564 1677 3633; x_wconf 81' lang='grc' dir='ltr'>τῆς</span> <span class='ocrx_word' id='word_1_376' title='bbox 1701 3566 1870 3636; x_wconf 79' lang='grc' dir='ltr'>ἐμαυ-</span> 
     </span>
    </p>
   </div>
   <div class='ocr_carea' id='block_1_48' title="bbox 283 3642 1870 3723">
    <p class='ocr_par' dir='ltr' id='par_1_48' title="bbox 283 3642 1870 3723">
     <span class='ocr_line' id='line_1_48' title="bbox 283 3642 1870 3723; baseline 0.009 -28"><span class='ocrx_word' id='word_1_377' title='bbox 283 3642 378 3696; x_wconf 91' lang='grc' dir='ltr'><strong>τοῦ</strong></span> <span class='ocrx_word' id='word_1_378' title='bbox 430 3642 656 3716; x_wconf 84' lang='grc' dir='ltr'>γνώμης</span> <span class='ocrx_word' id='word_1_379' title='bbox 698 3648 1203 3718; x_wconf 81' lang='grc' dir='ltr'>προασφαλίςομαι·</span> <span class='ocrx_word' id='word_1_380' title='bbox 1255 3650 1336 3703; x_wconf 86' lang='grc' dir='ltr'><strong>διό</strong></span> <span class='ocrx_word' id='word_1_381' title='bbox 1389 3667 1559 3723; x_wconf 79' lang='grc' dir='ltr'>φημι’</span> <span class='ocrx_word' id='word_1_382' title='bbox 1586 3690 1589 3691; x_wconf 50' lang='grc' dir='ltr'><strong>ν</strong></span> <span class='ocrx_word' id='word_1_383' title='bbox 1616 3655 1693 3708; x_wconf 80' lang='grc' dir='ltr'><strong>Τὰ</strong></span> <span class='ocrx_word' id='word_1_384' title='bbox 1730 3655 1870 3723; x_wconf 82' lang='grc' dir='ltr'>ἐλέη</span> 
     </span>
    </p>
   </div>
   <div class='ocr_carea' id='block_1_49' title="bbox 284 3736 1873 3818">
    <p class='ocr_par' dir='ltr' id='par_1_49' title="bbox 284 3736 1873 3818">
     <span class='ocr_line' id='line_1_49' title="bbox 284 3736 1873 3818; baseline 0.008 -31"><span class='ocrx_word' id='word_1_385' title='bbox 284 3749 422 3801; x_wconf 87' lang='grc' dir='ltr'>σου,</span> <span class='ocrx_word' id='word_1_386' title='bbox 445 3736 641 3803; x_wconf 84' lang='grc' dir='ltr'>Κύριε,</span> <span class='ocrx_word' id='word_1_387' title='bbox 672 3740 761 3804; x_wconf 84' lang='grc' dir='ltr'>εὶς</span> <span class='ocrx_word' id='word_1_388' title='bbox 786 3738 893 3792; x_wconf 82' lang='grc' dir='ltr'><strong>τὸν</strong></span> <span class='ocrx_word' id='word_1_389' title='bbox 914 3738 1099 3792; x_wconf 71' lang='grc' dir='ltr'>αἰῶνα</span> <span class='ocrx_word' id='word_1_390' title='bbox 1120 3738 1361 3809; x_wconf 77' lang='grc' dir='ltr'>ᾄσομαι.</span> <span class='ocrx_word' id='word_1_391' title='bbox 1397 3742 1469 3796; x_wconf 84' lang='grc' dir='ltr'><strong>Οὐ</strong></span> <span class='ocrx_word' id='word_1_392' title='bbox 1514 3744 1621 3818; x_wconf 85' lang='grc' dir='ltr'>γὰρ</span> <span class='ocrx_word' id='word_1_393' title='bbox 1655 3744 1750 3798; x_wconf 87' lang='grc' dir='ltr'><strong>νῦν</strong></span> <span class='ocrx_word' id='word_1_394' title='bbox 1776 3747 1873 3816; x_wconf 90' lang='grc' dir='ltr'>μό-</span> 
     </span>
    </p>
   </div>
   <div class='ocr_carea' id='block_1_50' title="bbox 286 3827 1873 3907">
    <p class='ocr_par' dir='ltr' id='par_1_50' title="bbox 286 3827 1873 3907">
     <span class='ocr_line' id='line_1_50' title="bbox 286 3827 1873 3907; baseline 0.009 -30"><span class='ocrx_word' id='word_1_395' title='bbox 286 3842 393 3892; x_wconf 93' lang='grc' dir='ltr'>νον,</span> <span class='ocrx_word' id='word_1_396' title='bbox 427 3827 514 3880; x_wconf 84' lang='grc' dir='ltr'><strong>ὄτε</strong></span> <span class='ocrx_word' id='word_1_397' title='bbox 536 3828 710 3882; x_wconf 85' lang='grc' dir='ltr'>ταῦτα</span> <span class='ocrx_word' id='word_1_398' title='bbox 740 3829 888 3883; x_wconf 91' lang='grc' dir='ltr'>λαλῶ</span> <span class='ocrx_word' id='word_1_399' title='bbox 919 3832 1011 3885; x_wconf 78' lang='grc' dir='ltr'><strong>καὶ</strong></span> <span class='ocrx_word' id='word_1_400' title='bbox 1042 3832 1369 3905; x_wconf 79' lang='grc' dir='ltr'>φθέγγομαι,</span> <span class='ocrx_word' id='word_1_401' title='bbox 1394 3834 1462 3888; x_wconf 85' lang='grc' dir='ltr'>τὰ</span> <span class='ocrx_word' id='word_1_402' title='bbox 1489 3836 1613 3907; x_wconf 86' lang='grc' dir='ltr'>ἐλέη</span> <span class='ocrx_word' id='word_1_403' title='bbox 1640 3837 1733 3890; x_wconf 91' lang='grc' dir='ltr'><strong>τοῦ</strong></span> <span class='ocrx_word' id='word_1_404' title='bbox 1760 3840 1873 3892; x_wconf 86' lang='grc' dir='ltr'><strong>Κυ-</strong></span> 
     </span>
    </p>
   </div>
   <div class='ocr_carea' id='block_1_51' title="bbox 287 3919 1869 4001">
    <p class='ocr_par' dir='ltr' id='par_1_51' title="bbox 287 3919 1869 4001">
     <span class='ocr_line' id='line_1_51' title="bbox 287 3919 1869 4001; baseline 0.008 -29"><span class='ocrx_word' id='word_1_405' title='bbox 287 3919 404 3990; x_wconf 89' lang='grc' dir='ltr'>ρίου</span> <span class='ocrx_word' id='word_1_406' title='bbox 428 3920 651 3993; x_wconf 80' lang='grc' dir='ltr'>ᾄσομαι,</span> <span class='ocrx_word' id='word_1_407' title='bbox 686 3923 820 3977; x_wconf 84' lang='grc' dir='ltr'><strong>ἀλλά</strong></span> <span class='ocrx_word' id='word_1_408' title='bbox 849 3927 943 3979; x_wconf 71' lang='grc' dir='ltr'><strong>καὶ</strong></span> <span class='ocrx_word' id='word_1_409' title='bbox 986 3929 1045 3980; x_wconf 85' lang='grc' dir='ltr'><strong>ἐν</strong></span> <span class='ocrx_word' id='word_1_410' title='bbox 1077 3932 1190 3992; x_wconf 86' lang='grc' dir='ltr'>τοῖς</span> <span class='ocrx_word' id='word_1_411' title='bbox 1241 3927 1714 4001; x_wconf 78' lang='grc' dir='ltr'>σκυθρωπατέροις</span> <span class='ocrx_word' id='word_1_412' title='bbox 1746 3949 1869 3985; x_wconf 87' lang='grc' dir='ltr'>και-</span> 
     </span>
    </p>
   </div>
   <div class='ocr_carea' id='block_1_52' title="bbox 287 4014 1870 4094">
    <p class='ocr_par' dir='ltr' id='par_1_52' title="bbox 287 4014 1870 4094">
     <span class='ocr_line' id='line_1_52' title="bbox 287 4014 1870 4094; baseline 0.009 -30"><span class='ocrx_word' id='word_1_413' title='bbox 287 4015 421 4083; x_wconf 87' lang='grc' dir='ltr'>ροῖς,</span> <span class='ocrx_word' id='word_1_414' title='bbox 444 4014 537 4067; x_wconf 75' lang='grc' dir='ltr'><strong>καὶ</strong></span> <span class='ocrx_word' id='word_1_415' title='bbox 565 4016 623 4068; x_wconf 88' lang='grc' dir='ltr'><strong>ἐν</strong></span> <span class='ocrx_word' id='word_1_416' title='bbox 643 4017 823 4081; x_wconf 80' lang='grc' dir='ltr'>αὐτοῖς</span> <span class='ocrx_word' id='word_1_417' title='bbox 852 4018 1079 4084; x_wconf 86' lang='grc' dir='ltr'>ἐκείνοις</span> <span class='ocrx_word' id='word_1_418' title='bbox 1107 4021 1172 4074; x_wconf 87' lang='grc' dir='ltr'>δι’</span> <span class='ocrx_word' id='word_1_419' title='bbox 1190 4020 1285 4086; x_wconf 88' lang='grc' dir='ltr'><strong>οὒς</strong></span> <span class='ocrx_word' id='word_1_420' title='bbox 1310 4022 1486 4094; x_wconf 92' lang='grc' dir='ltr'>μέλλω</span> <span class='ocrx_word' id='word_1_421' title='bbox 1513 4022 1692 4093; x_wconf 86' lang='grc' dir='ltr'>λέγειν</span> <span class='ocrx_word' id='word_1_422' title='bbox 1712 4038 1725 4051; x_wconf 84' lang='lat'><strong><em>°</em></strong></span> <span class='ocrx_word' id='word_1_423' title='bbox 1744 4024 1870 4078; x_wconf 88' lang='grc' dir='ltr'>Ποῦ</span> 
     </span>
    </p>
   </div>
   <div class='ocr_carea' id='block_1_53' title="bbox 284 4105 1871 4187">
    <p class='ocr_par' dir='ltr' id='par_1_53' title="bbox 284 4105 1871 4187">
     <span class='ocr_line' id='line_1_53' title="bbox 284 4105 1871 4187; baseline 0.008 -30"><span class='ocrx_word' id='word_1_424' title='bbox 284 4106 403 4158; x_wconf 79' lang='grc' dir='ltr'>εἱσι</span> <span class='ocrx_word' id='word_1_425' title='bbox 443 4105 513 4159; x_wconf 85' lang='grc' dir='ltr'>τὰ</span> <span class='ocrx_word' id='word_1_426' title='bbox 553 4106 694 4175; x_wconf 80' lang='grc' dir='ltr'>ἐλέη</span> <span class='ocrx_word' id='word_1_427' title='bbox 730 4125 846 4162; x_wconf 90' lang='grc' dir='ltr'><strong>σου</strong></span> <span class='ocrx_word' id='word_1_428' title='bbox 867 4110 940 4163; x_wconf 80' lang='grc' dir='ltr'>τὰ</span> <span class='ocrx_word' id='word_1_429' title='bbox 964 4110 1201 4179; x_wconf 81' lang='grc' dir='ltr'>ἀρχαῖα,</span> <span class='ocrx_word' id='word_1_430' title='bbox 1228 4114 1437 4181; x_wconf 82' lang='grc' dir='ltr'>Κύριε;</span> <span class='ocrx_word' id='word_1_431' title='bbox 1466 4115 1575 4168; x_wconf 78' lang='grc' dir='ltr'><strong>Καὶ</strong></span> <span class='ocrx_word' id='word_1_432' title='bbox 1609 4115 1730 4170; x_wconf 88' lang='grc' dir='ltr'>τότε</span> <span class='ocrx_word' id='word_1_433' title='bbox 1762 4116 1871 4187; x_wconf 82' lang='grc' dir='ltr'>γὰρ</span> 
     </span>
    </p>
   </div>
   <div class='ocr_carea' id='block_1_54' title="bbox 283 4196 1869 4274">
    <p class='ocr_par' dir='ltr' id='par_1_54' title="bbox 283 4196 1869 4274">
     <span class='ocr_line' id='line_1_54' title="bbox 283 4196 1869 4274; baseline 0.008 -26"><span class='ocrx_word' id='word_1_434' title='bbox 283 4196 377 4249; x_wconf 74' lang='grc' dir='ltr'><strong>καὶ</strong></span> <span class='ocrx_word' id='word_1_435' title='bbox 422 4198 501 4261; x_wconf 81' lang='grc' dir='ltr'>εὶς</span> <span class='ocrx_word' id='word_1_436' title='bbox 546 4197 635 4250; x_wconf 79' lang='grc' dir='ltr'>τὸν</span> <span class='ocrx_word' id='word_1_437' title='bbox 678 4199 817 4268; x_wconf 86' lang='grc' dir='ltr'><strong>μετά</strong></span> <span class='ocrx_word' id='word_1_438' title='bbox 854 4200 1024 4254; x_wconf 90' lang='grc' dir='ltr'>ταῦτα</span> <span class='ocrx_word' id='word_1_439' title='bbox 1058 4204 1269 4274; x_wconf 89' lang='grc' dir='ltr'>χρόνον,</span> <span class='ocrx_word' id='word_1_440' title='bbox 1302 4205 1396 4259; x_wconf 77' lang='grc' dir='ltr'><strong>καὶ</strong></span> <span class='ocrx_word' id='word_1_441' title='bbox 1431 4205 1519 4259; x_wconf 77' lang='grc' dir='ltr'><strong>διὰ</strong></span> <span class='ocrx_word' id='word_1_442' title='bbox 1548 4208 1748 4272; x_wconf 87' lang='grc' dir='ltr'>παντὸς</span> <span class='ocrx_word' id='word_1_443' title='bbox 1774 4208 1869 4261; x_wconf 90' lang='grc' dir='ltr'><strong>τοῦ</strong></span> 
     </span>
    </p>
   </div>
   <div class='ocr_carea' id='block_1_55' title="bbox 283 4284 1868 4370">
    <p class='ocr_par' dir='ltr' id='par_1_55' title="bbox 283 4284 1868 4370">
     <span class='ocr_line' id='line_1_55' title="bbox 283 4284 1868 4370; baseline 0.011 -35"><span class='ocrx_word' id='word_1_444' title='bbox 283 4284 478 4349; x_wconf 79' lang='grc' dir='ltr'>αἰῶνος</span> <span class='ocrx_word' id='word_1_445' title='bbox 514 4288 573 4339; x_wconf 84' lang='grc' dir='ltr'><strong>οὐ</strong></span> <span class='ocrx_word' id='word_1_446' title='bbox 616 4289 897 4359; x_wconf 81' lang='grc' dir='ltr'>παύσομαι</span> <span class='ocrx_word' id='word_1_447' title='bbox 948 4292 1199 4363; x_wconf 85' lang='grc' dir='ltr'>ἀνυμνῶν</span> <span class='ocrx_word' id='word_1_448' title='bbox 1240 4293 1309 4349; x_wconf 85' lang='grc' dir='ltr'>τὰ</span> <span class='ocrx_word' id='word_1_449' title='bbox 1341 4295 1468 4367; x_wconf 87' lang='grc' dir='ltr'>ἐλέη</span> <span class='ocrx_word' id='word_1_450' title='bbox 1513 4314 1627 4362; x_wconf 90' lang='grc' dir='ltr'>σου,</span> <span class='ocrx_word' id='word_1_451' title='bbox 1674 4298 1868 4370; x_wconf 82' lang='grc' dir='ltr'>Κύριε,</span> 
     </span>
    </p>
   </div>
   <div class='ocr_carea' id='block_1_56' title="bbox 283 4375 1871 4461">
    <p class='ocr_par' dir='ltr' id='par_1_56' title="bbox 283 4375 1871 4461">
     <span class='ocr_line' id='line_1_56' title="bbox 283 4375 1871 4461; baseline 0.011 -35"><span class='ocrx_word' id='word_1_452' title='bbox 283 4375 528 4447; x_wconf 83' lang='grc' dir='ltr'>ἀκριϐῶς</span> <span class='ocrx_word' id='word_1_453' title='bbox 559 4378 734 4443; x_wconf 84' lang='grc' dir='ltr'>εἰδὼς,</span> <span class='ocrx_word' id='word_1_454' title='bbox 774 4380 855 4435; x_wconf 83' lang='grc' dir='ltr'>ὅτι</span> <span class='ocrx_word' id='word_1_455' title='bbox 879 4421 895 4445; x_wconf 86' lang='grc'><strong>,</strong></span> <span class='ocrx_word' id='word_1_456' title='bbox 924 4382 1070 4449; x_wconf 53' lang='lat' dir='ltr'><strong>suae</strong></span> <span class='ocrx_word' id='word_1_457' title='bbox 1092 4385 1555 4457; x_wconf 80' lang='grc' dir='ltr'>ἐπαγγειλάμενος</span> <span class='ocrx_word' id='word_1_458' title='bbox 1584 4388 1678 4452; x_wconf 85' lang='grc' dir='ltr'>τὰς</span> <span class='ocrx_word' id='word_1_459' title='bbox 1709 4391 1767 4444; x_wconf 83' lang='grc' dir='ltr'><strong>ἐν</strong></span> <span class='ocrx_word' id='word_1_460' title='bbox 1794 4389 1871 4461; x_wconf 82' lang='grc' dir='ltr'>τῷ</span> 
     </span>
    </p>
   </div>
   <div class='ocr_carea' id='block_1_57' title="bbox 281 4464 1867 4553">
    <p class='ocr_par' dir='ltr' id='par_1_57' title="bbox 281 4464 1867 4553">
     <span class='ocr_line' id='line_1_57' title="bbox 281 4464 1867 4553; baseline 0.008 -32"><span class='ocrx_word' id='word_1_461' title='bbox 281 4464 479 4537; x_wconf 74' lang='grc' dir='ltr'>ψαλμῷ</span> <span class='ocrx_word' id='word_1_462' title='bbox 512 4470 867 4541; x_wconf 83' lang='grc' dir='ltr'>προφητείας,</span> <span class='ocrx_word' id='word_1_463' title='bbox 904 4472 965 4525; x_wconf 86' lang='grc' dir='ltr'><strong>οὐ</strong></span> <span class='ocrx_word' id='word_1_464' title='bbox 990 4473 1319 4545; x_wconf 77' lang='grc' dir='ltr'>διαψεύσεις,</span> <span class='ocrx_word' id='word_1_465' title='bbox 1352 4476 1445 4531; x_wconf 71' lang='grc' dir='ltr'><strong>ἅτε</strong></span> <span class='ocrx_word' id='word_1_466' title='bbox 1470 4478 1604 4543; x_wconf 81' lang='grc' dir='ltr'>Θεὸς</span> <span class='ocrx_word' id='word_1_467' title='bbox 1637 4478 1712 4532; x_wconf 87' lang='grc' dir='ltr'><strong>ῶν</strong></span> <span class='ocrx_word' id='word_1_468' title='bbox 1745 4480 1867 4553; x_wconf 91' lang='grc' dir='ltr'>ἀλη-</span> 
     </span>
    </p>
   </div>
   <div class='ocr_carea' id='block_1_58' title="bbox 288 4556 1866 4639">
    <p class='ocr_par' dir='ltr' id='par_1_58' title="bbox 288 4556 1866 4639">
     <span class='ocr_line' id='line_1_58' title="bbox 288 4556 1866 4639; baseline 0.011 -30"><span class='ocrx_word' id='word_1_469' title='bbox 288 4556 409 4629; x_wconf 84' lang='grc' dir='ltr'>θής.</span> <span class='ocrx_word' id='word_1_470' title='bbox 427 4558 630 4633; x_wconf 83' lang='grc' dir='ltr'>Διόπερ</span> <span class='ocrx_word' id='word_1_471' title='bbox 645 4561 707 4615; x_wconf 86' lang='grc' dir='ltr'><strong>οὐ</strong></span> <span class='ocrx_word' id='word_1_472' title='bbox 728 4562 886 4632; x_wconf 89' lang='grc' dir='ltr'>μόνον</span> <span class='ocrx_word' id='word_1_473' title='bbox 908 4564 976 4617; x_wconf 88' lang='grc' dir='ltr'>τὰ</span> <span class='ocrx_word' id='word_1_474' title='bbox 988 4565 1111 4638; x_wconf 86' lang='grc' dir='ltr'>ἐλέη</span> <span class='ocrx_word' id='word_1_475' title='bbox 1139 4584 1253 4633; x_wconf 86' lang='grc' dir='ltr'>σου,</span> <span class='ocrx_word' id='word_1_476' title='bbox 1272 4568 1465 4639; x_wconf 82' lang='grc' dir='ltr'>Κύριε,</span> <span class='ocrx_word' id='word_1_477' title='bbox 1490 4572 1570 4635; x_wconf 84' lang='grc' dir='ltr'><strong>είς</strong></span> <span class='ocrx_word' id='word_1_478' title='bbox 1590 4572 1680 4625; x_wconf 85' lang='grc' dir='ltr'><strong>τὸν</strong></span> <span class='ocrx_word' id='word_1_479' title='bbox 1693 4572 1866 4627; x_wconf 82' lang='grc' dir='ltr'>αἰῶνα</span> 
     </span>
    </p>
   </div>
   <div class='ocr_carea' id='block_1_59' title="bbox 283 4649 1867 4733">
    <p class='ocr_par' dir='ltr' id='par_1_59' title="bbox 283 4649 1867 4733">
     <span class='ocr_line' id='line_1_59' title="bbox 283 4649 1867 4733; baseline 0.009 -31"><span class='ocrx_word' id='word_1_480' title='bbox 283 4649 506 4721; x_wconf 77' lang='grc' dir='ltr'>ᾄσομαι,</span> <span class='ocrx_word' id='word_1_481' title='bbox 542 4651 677 4706; x_wconf 87' lang='grc' dir='ltr'>ἀλλὰ</span> <span class='ocrx_word' id='word_1_482' title='bbox 701 4655 794 4708; x_wconf 73' lang='grc' dir='ltr'><strong>καὶ</strong></span> <span class='ocrx_word' id='word_1_483' title='bbox 818 4655 917 4727; x_wconf 80' lang='grc' dir='ltr'><strong>τὴν</strong></span> <span class='ocrx_word' id='word_1_484' title='bbox 943 4656 1199 4727; x_wconf 81' lang='grc' dir='ltr'>ἀλήθειάν</span> <span class='ocrx_word' id='word_1_485' title='bbox 1231 4676 1324 4712; x_wconf 89' lang='grc' dir='ltr'><strong>σου</strong></span> <span class='ocrx_word' id='word_1_486' title='bbox 1357 4660 1478 4713; x_wconf 87' lang='grc' dir='ltr'>καθ’</span> <span class='ocrx_word' id='word_1_487' title='bbox 1511 4662 1747 4733; x_wconf 77' lang='grc' dir='ltr'>ἑκάστην</span> <span class='ocrx_word' id='word_1_488' title='bbox 1773 4680 1867 4732; x_wconf 82' lang='grc' dir='ltr'>γε·</span> 
     </span>
    </p>
   </div>
   <div class='ocr_carea' id='block_1_60' title="bbox 282 4741 1868 4820">
    <p class='ocr_par' dir='ltr' id='par_1_60' title="bbox 282 4741 1868 4820">
     <span class='ocr_line' id='line_1_60' title="bbox 282 4741 1868 4820; baseline 0.009 -25"><span class='ocrx_word' id='word_1_489' title='bbox 282 4741 410 4797; x_wconf 82' lang='grc' dir='ltr'>νεὰν</span> <span class='ocrx_word' id='word_1_490' title='bbox 436 4743 755 4813; x_wconf 85' lang='grc' dir='ltr'>ἀπαγγελῶ.</span> <span class='ocrx_word' id='word_1_491' title='bbox 782 4746 846 4799; x_wconf 80' lang='lat' dir='ltr'><strong>Ei</strong></span> <span class='ocrx_word' id='word_1_492' title='bbox 867 4748 975 4820; x_wconf 85' lang='grc' dir='ltr'>γὰρ</span> <span class='ocrx_word' id='word_1_493' title='bbox 1003 4750 1095 4802; x_wconf 79' lang='grc' dir='ltr'><strong>καὶ</strong></span> <span class='ocrx_word' id='word_1_494' title='bbox 1119 4749 1188 4802; x_wconf 88' lang='grc' dir='ltr'><strong>τά</strong></span> <span class='ocrx_word' id='word_1_495' title='bbox 1222 4750 1457 4820; x_wconf 89' lang='grc' dir='ltr'>μάλιστα</span> <span class='ocrx_word' id='word_1_496' title='bbox 1491 4752 1711 4808; x_wconf 87' lang='grc' dir='ltr'>τοιαῦτά</span> <span class='ocrx_word' id='word_1_497' title='bbox 1745 4773 1868 4810; x_wconf 89' lang='grc' dir='ltr'>τινα</span> 
     </span>
    </p>
   </div>
   <div class='ocr_carea' id='block_1_61' title="bbox 285 4833 1868 4919">
    <p class='ocr_par' dir='ltr' id='par_1_61' title="bbox 285 4833 1868 4919">
     <span class='ocr_line' id='line_1_61' title="bbox 285 4833 1868 4919; baseline 0.008 -33"><span class='ocrx_word' id='word_1_498' title='bbox 285 4833 489 4902; x_wconf 78' lang='grc' dir='ltr'>μεταξὺ</span> <span class='ocrx_word' id='word_1_499' title='bbox 516 4836 827 4907; x_wconf 86' lang='grc' dir='ltr'>γενήσεται,</span> <span class='ocrx_word' id='word_1_500' title='bbox 857 4837 933 4901; x_wconf 82' lang='grc' dir='ltr'><strong>ὡς</strong></span> <span class='ocrx_word' id='word_1_501' title='bbox 968 4840 1134 4906; x_wconf 87' lang='grc' dir='ltr'>δοκεῖ,</span> <span class='ocrx_word' id='word_1_502' title='bbox 1172 4842 1389 4895; x_wconf 84' lang='grc' dir='ltr'>ἐναντία</span> <span class='ocrx_word' id='word_1_503' title='bbox 1418 4847 1537 4907; x_wconf 86' lang='grc' dir='ltr'>ταῖς</span> <span class='ocrx_word' id='word_1_504' title='bbox 1571 4849 1691 4910; x_wconf 85' lang='grc' dir='ltr'>σαῖς</span> <span class='ocrx_word' id='word_1_505' title='bbox 1731 4847 1868 4919; x_wconf 81' lang='grc' dir='ltr'>πρὸς</span> 
     </span>
    </p>
   </div>
   <div class='ocr_carea' id='block_1_62' title="bbox 280 4924 1868 5003">
    <p class='ocr_par' dir='ltr' id='par_1_62' title="bbox 280 4924 1868 5003">
     <span class='ocr_line' id='line_1_62' title="bbox 280 4924 1868 5003; baseline 0.01 -27"><span class='ocrx_word' id='word_1_506' title='bbox 280 4924 372 4977; x_wconf 87' lang='grc' dir='ltr'><strong>τὸν</strong></span> <span class='ocrx_word' id='word_1_507' title='bbox 414 4926 574 4980; x_wconf 76' lang='grc' dir='ltr'>Δαυῒδ</span> <span class='ocrx_word' id='word_1_508' title='bbox 616 4929 970 4998; x_wconf 87' lang='grc' dir='ltr'>ἐπαγγελίαις</span> <span class='ocrx_word' id='word_1_509' title='bbox 1002 4933 1339 5003; x_wconf 87' lang='grc' dir='ltr'>συμϐαίνειν,</span> <span class='ocrx_word' id='word_1_510' title='bbox 1380 4936 1516 4990; x_wconf 82' lang='grc' dir='ltr'><strong>ἀλλά</strong></span> <span class='ocrx_word' id='word_1_511' title='bbox 1558 4938 1651 4991; x_wconf 83' lang='grc' dir='ltr'><strong>καὶ</strong></span> <span class='ocrx_word' id='word_1_512' title='bbox 1695 4938 1868 5002; x_wconf 78' lang='grc' dir='ltr'>οὕτως</span> 
     </span>
    </p>
   </div>
   <div class='ocr_carea' id='block_1_63' title="bbox 282 5014 1868 5097">
    <p class='ocr_par' dir='ltr' id='par_1_63' title="bbox 282 5014 1868 5097">
     <span class='ocr_line' id='line_1_63' title="bbox 282 5014 1868 5097; baseline 0.011 -30"><span class='ocrx_word' id='word_1_513' title='bbox 282 5014 393 5085; x_wconf 85' lang='grc' dir='ltr'>ἐγὼ</span> <span class='ocrx_word' id='word_1_514' title='bbox 428 5018 791 5084; x_wconf 87' lang='grc' dir='ltr'>πεπίστευκα,</span> <span class='ocrx_word' id='word_1_515' title='bbox 826 5024 920 5075; x_wconf 81' lang='grc' dir='ltr'><strong>καὶ</strong></span> <span class='ocrx_word' id='word_1_516' title='bbox 947 5023 1162 5095; x_wconf 87' lang='grc' dir='ltr'>ἀληθῶς</span> <span class='ocrx_word' id='word_1_517' title='bbox 1212 5028 1452 5097; x_wconf 86' lang='grc' dir='ltr'>ἐμαυτὸν</span> <span class='ocrx_word' id='word_1_518' title='bbox 1496 5028 1751 5095; x_wconf 87' lang='grc' dir='ltr'>πέπεικα,</span> <span class='ocrx_word' id='word_1_519' title='bbox 1787 5033 1868 5086; x_wconf 82' lang='grc' dir='ltr'>ὅτι</span> 
     </span>
    </p>
   </div>
   <div class='ocr_carea' id='block_1_64' title="bbox 279 5106 1865 5189">
    <p class='ocr_par' dir='ltr' id='par_1_64' title="bbox 279 5106 1865 5189">
     <span class='ocr_line' id='line_1_64' title="bbox 279 5106 1865 5189; baseline 0.012 -31"><span class='ocrx_word' id='word_1_520' title='bbox 279 5106 389 5159; x_wconf 89' lang='grc' dir='ltr'><strong>τῶν</strong></span> <span class='ocrx_word' id='word_1_521' title='bbox 416 5108 587 5177; x_wconf 88' lang='grc' dir='ltr'>λόγων</span> <span class='ocrx_word' id='word_1_522' title='bbox 619 5128 734 5176; x_wconf 91' lang='grc' dir='ltr'>σου,</span> <span class='ocrx_word' id='word_1_523' title='bbox 765 5106 810 5164; x_wconf 80' lang='grc' dir='ltr'>ὧ</span> <span class='ocrx_word' id='word_1_524' title='bbox 840 5113 1034 5185; x_wconf 83' lang='grc' dir='ltr'>Κύριε,</span> <span class='ocrx_word' id='word_1_525' title='bbox 1071 5118 1102 5187; x_wconf 83' lang='grc' dir='ltr'>ὴ</span> <span class='ocrx_word' id='word_1_526' title='bbox 1136 5117 1363 5189; x_wconf 86' lang='grc' dir='ltr'>ἀλήθεια</span> <span class='ocrx_word' id='word_1_527' title='bbox 1394 5120 1648 5175; x_wconf 81' lang='grc' dir='ltr'>οὐδέποτε</span> <span class='ocrx_word' id='word_1_528' title='bbox 1680 5123 1865 5176; x_wconf 89' lang='grc' dir='ltr'>διαπε-</span> 
     </span>
    </p>
   </div>
   <div class='ocr_carea' id='block_1_65' title="bbox 282 5199 1861 5285">
    <p class='ocr_par' dir='ltr' id='par_1_65' title="bbox 282 5199 1861 5285">
     <span class='ocr_line' id='line_1_65' title="bbox 282 5199 1861 5285; baseline 0.013 -37"><span class='ocrx_word' id='word_1_529' title='bbox 282 5199 474 5254; x_wconf 87' lang='grc' dir='ltr'>σεῖται.</span> <span class='ocrx_word' id='word_1_530' title='bbox 529 5201 729 5273; x_wconf 87' lang='grc' dir='ltr'>Διόπερ</span> <span class='ocrx_word' id='word_1_531' title='bbox 777 5203 866 5256; x_wconf 77' lang='grc' dir='ltr'><strong>τὸν</strong></span> <span class='ocrx_word' id='word_1_532' title='bbox 912 5207 1091 5260; x_wconf 90' lang='grc' dir='ltr'>πάντα</span> <span class='ocrx_word' id='word_1_533' title='bbox 1129 5226 1227 5278; x_wconf 93' lang='grc' dir='ltr'><strong>μου</strong></span> <span class='ocrx_word' id='word_1_534' title='bbox 1262 5211 1450 5281; x_wconf 84' lang='grc' dir='ltr'>χρόνον</span> <span class='ocrx_word' id='word_1_535' title='bbox 1481 5212 1579 5282; x_wconf 83' lang='grc' dir='ltr'>τῆς</span> <span class='ocrx_word' id='word_1_536' title='bbox 1614 5213 1760 5285; x_wconf 79' lang='grc' dir='ltr'>ζωῆς</span> <span class='ocrx_word' id='word_1_537' title='bbox 1800 5216 1861 5268; x_wconf 81' lang='grc' dir='ltr'><strong>οὐ</strong></span> 
     </span>
    </p>
   </div>
   <div class='ocr_carea' id='block_1_66' title="bbox 278 5289 1862 5372">
    <p class='ocr_par' dir='ltr' id='par_1_66' title="bbox 278 5289 1862 5372">
     <span class='ocr_line' id='line_1_66' title="bbox 278 5289 1862 5372; baseline 0.011 -32"><span class='ocrx_word' id='word_1_538' title='bbox 278 5289 561 5361; x_wconf 83' lang='grc' dir='ltr'>παύσομαι</span> <span class='ocrx_word' id='word_1_539' title='bbox 592 5295 649 5345; x_wconf 85' lang='grc' dir='ltr'><strong>ἐν</strong></span> <span class='ocrx_word' id='word_1_540' title='bbox 678 5293 757 5362; x_wconf 83' lang='grc' dir='ltr'><strong>τῷ</strong></span> <span class='ocrx_word' id='word_1_541' title='bbox 785 5295 1013 5366; x_wconf 87' lang='grc' dir='ltr'>στόματί</span> <span class='ocrx_word' id='word_1_542' title='bbox 1042 5315 1143 5367; x_wconf 88' lang='grc' dir='ltr'><strong>μου</strong></span> <span class='ocrx_word' id='word_1_543' title='bbox 1164 5300 1261 5372; x_wconf 78' lang='grc' dir='ltr'>τὴν</span> <span class='ocrx_word' id='word_1_544' title='bbox 1289 5300 1545 5372; x_wconf 82' lang='grc' dir='ltr'>ἀλήθειάν</span> <span class='ocrx_word' id='word_1_545' title='bbox 1567 5320 1659 5355; x_wconf 90' lang='grc' dir='ltr'><strong>σου</strong></span> <span class='ocrx_word' id='word_1_546' title='bbox 1685 5306 1862 5372; x_wconf 90' lang='grc' dir='ltr'>ἀπαγ-</span> 
     </span>
    </p>
   </div>
   <div class='ocr_carea' id='block_1_67' title="bbox 280 5381 1865 5469">
    <p class='ocr_par' dir='ltr' id='par_1_67' title="bbox 280 5381 1865 5469">
     <span class='ocr_line' id='line_1_67' title="bbox 280 5381 1865 5469; baseline 0.011 -36"><span class='ocrx_word' id='word_1_547' title='bbox 280 5381 506 5448; x_wconf 86' lang='grc' dir='ltr'>γέλλων.</span> <span class='ocrx_word' id='word_1_548' title='bbox 526 5384 684 5439; x_wconf 86' lang='grc' dir='ltr'>Ἀλλά</span> <span class='ocrx_word' id='word_1_549' title='bbox 706 5388 797 5440; x_wconf 79' lang='grc' dir='ltr'><strong>καὶ</strong></span> <span class='ocrx_word' id='word_1_550' title='bbox 821 5390 1150 5460; x_wconf 85' lang='grc' dir='ltr'>παραδιδοὺς</span> <span class='ocrx_word' id='word_1_551' title='bbox 1170 5396 1237 5464; x_wconf 80' lang='grc' dir='ltr'>τῇ</span> <span class='ocrx_word' id='word_1_552' title='bbox 1268 5395 1507 5465; x_wconf 86' lang='grc' dir='ltr'>ἐμαυτοῦ</span> <span class='ocrx_word' id='word_1_553' title='bbox 1529 5401 1713 5469; x_wconf 84' lang='grc' dir='ltr'>γραφῇ</span> <span class='ocrx_word' id='word_1_554' title='bbox 1734 5397 1865 5451; x_wconf 86' lang='grc' dir='ltr'>ταύ-</span> 
     </span>
    </p>
   </div>
   <div class='ocr_carea' id='block_1_68' title="bbox 278 5477 1865 5558">
    <p class='ocr_par' dir='ltr' id='par_1_68' title="bbox 278 5477 1865 5558">
     <span class='ocr_line' id='line_1_68' title="bbox 278 5477 1865 5558; baseline 0.011 -32"><span class='ocrx_word' id='word_1_555' title='bbox 278 5491 379 5545; x_wconf 85' lang='grc' dir='ltr'><strong>την</strong></span> <span class='ocrx_word' id='word_1_556' title='bbox 412 5477 723 5547; x_wconf 76' lang='grc' dir='ltr'>καταλείψω</span> <span class='ocrx_word' id='word_1_557' title='bbox 758 5484 870 5544; x_wconf 89' lang='grc' dir='ltr'>τοῖς</span> <span class='ocrx_word' id='word_1_558' title='bbox 911 5486 1412 5558; x_wconf 82' lang='grc' dir='ltr'>μεταγενεστέροις,</span> <span class='ocrx_word' id='word_1_559' title='bbox 1441 5491 1521 5553; x_wconf 85' lang='grc' dir='ltr'><strong>είς</strong></span> <span class='ocrx_word' id='word_1_560' title='bbox 1550 5489 1613 5542; x_wconf 88' lang='grc' dir='ltr'>τὸ</span> <span class='ocrx_word' id='word_1_561' title='bbox 1641 5490 1735 5543; x_wconf 75' lang='grc' dir='ltr'><strong>καὶ</strong></span> <span class='ocrx_word' id='word_1_562' title='bbox 1767 5491 1865 5543; x_wconf 83' lang='grc' dir='ltr'>αὐ-</span> 
     </span>
    </p>
   </div>
   <div class='ocr_carea' id='block_1_69' title="bbox 280 5568 1863 5651">
    <p class='ocr_par' dir='ltr' id='par_1_69' title="bbox 280 5568 1863 5651">
     <span class='ocr_line' id='line_1_69' title="bbox 280 5568 1863 5651; baseline 0.009 -32"><span class='ocrx_word' id='word_1_563' title='bbox 280 5568 406 5631; x_wconf 82' lang='grc' dir='ltr'>τοὺς</span> <span class='ocrx_word' id='word_1_564' title='bbox 435 5568 779 5627; x_wconf 79' lang='grc' dir='ltr'>διδάσκεσθαι</span> <span class='ocrx_word' id='word_1_565' title='bbox 816 5591 875 5625; x_wconf 91' lang='grc' dir='ltr'><strong>τε</strong></span> <span class='ocrx_word' id='word_1_566' title='bbox 906 5576 997 5627; x_wconf 82' lang='grc' dir='ltr'><strong>καὶ</strong></span> <span class='ocrx_word' id='word_1_567' title='bbox 1040 5577 1328 5645; x_wconf 82' lang='grc' dir='ltr'>μανθάνειν</span> <span class='ocrx_word' id='word_1_568' title='bbox 1351 5579 1551 5650; x_wconf 87' lang='grc' dir='ltr'>ὁμοίως</span> <span class='ocrx_word' id='word_1_569' title='bbox 1586 5581 1707 5651; x_wconf 77' lang='grc' dir='ltr'>ἐμοὶ</span> <span class='ocrx_word' id='word_1_570' title='bbox 1741 5581 1863 5634; x_wconf 88' lang='grc' dir='ltr'>καθ’</span> 
     </span>
    </p>
   </div>
   <div class='ocr_carea' id='block_1_70' title="bbox 282 5660 1864 5745">
    <p class='ocr_par' dir='ltr' id='par_1_70' title="bbox 282 5660 1864 5745">
     <span class='ocr_line' id='line_1_70' title="bbox 282 5660 1864 5745; baseline 0.009 -33"><span class='ocrx_word' id='word_1_571' title='bbox 282 5660 519 5732; x_wconf 81' lang='grc' dir='ltr'>ἑκάστην</span> <span class='ocrx_word' id='word_1_572' title='bbox 549 5664 740 5731; x_wconf 83' lang='grc' dir='ltr'>γενεὰν</span> <span class='ocrx_word' id='word_1_573' title='bbox 766 5666 864 5737; x_wconf 85' lang='grc' dir='ltr'>τὴν</span> <span class='ocrx_word' id='word_1_574' title='bbox 896 5668 1151 5740; x_wconf 81' lang='grc' dir='ltr'>ἀλήθειάν</span> <span class='ocrx_word' id='word_1_575' title='bbox 1184 5688 1277 5725; x_wconf 91' lang='grc' dir='ltr'><strong>σου</strong></span> <span class='ocrx_word' id='word_1_576' title='bbox 1320 5672 1407 5730; x_wconf 79' lang='grc' dir='ltr'><strong>διὰ</strong></span> <span class='ocrx_word' id='word_1_577' title='bbox 1452 5672 1717 5742; x_wconf 87' lang='grc' dir='ltr'>στόματος</span> <span class='ocrx_word' id='word_1_578' title='bbox 1767 5674 1864 5745; x_wconf 86' lang='grc' dir='ltr'>φέ-</span> 
     </span>
    </p>
   </div>
   <div class='ocr_carea' id='block_1_71' title="bbox 358 5816 959 5888">
    <p class='ocr_par' dir='ltr' id='par_1_71' title="bbox 358 5816 959 5888">
     <span class='ocr_line' id='line_1_71' title="bbox 358 5816 959 5888; baseline 0.013 -17"><span class='ocrx_word' id='word_1_579' title='bbox 358 5816 405 5850; x_wconf 74' lang='grc'><strong>⁸⁸</strong></span> <span class='ocrx_word' id='word_1_580' title='bbox 436 5816 579 5874; x_wconf 86' lang='lat' dir='ltr'><strong>Psal.</strong></span> <span class='ocrx_word' id='word_1_581' title='bbox 615 5827 797 5888; x_wconf 67' lang='lat' dir='ltr'><strong>Lxxtlf,</strong></span> <span class='ocrx_word' id='word_1_582' title='bbox 832 5821 921 5879; x_wconf 76' lang='grc'><strong>27.</strong></span> <span class='ocrx_word' id='word_1_583' title='bbox 958 5818 959 5821; x_wconf 45' lang='grc'><em>“</em></span> 
     </span>
    </p>
   </div>
   <div class='ocr_carea' id='block_1_72' title="bbox 1983 1851 3561 1909">
    <p class='ocr_par' dir='ltr' id='par_1_72' title="bbox 1983 1851 3561 1909">
     <span class='ocr_line' id='line_1_72' title="bbox 1983 1851 3561 1909; baseline 0.001 -2"><span class='ocrx_word' id='word_1_584' title='bbox 1983 1854 2032 1908; x_wconf 85' lang='grc'>1.</span> <span class='ocrx_word' id='word_1_585' title='bbox 2059 1853 2536 1909; x_wconf 87' lang='lat' dir='ltr'><strong>INTELLECTUS</strong></span> <span class='ocrx_word' id='word_1_586' title='bbox 2559 1851 2817 1909; x_wconf 73' lang='grc' dir='ltr'><strong>ᾹΞΤΗΑΝ</strong></span> <span class='ocrx_word' id='word_1_587' title='bbox 2845 1852 3237 1909; x_wconf 64' lang='lat' dir='ltr'><strong>EZRAITZEL</strong></span> <span class='ocrx_word' id='word_1_588' title='bbox 3274 1851 3561 1909; x_wconf 76' lang='lat' dir='ltr'><strong>XXXVIII.</strong></span> 
     </span>
    </p>
   </div>
   <div class='ocr_carea' id='block_1_73' title="bbox 2049 1987 3603 2043">
    <p class='ocr_par' dir='ltr' id='par_1_73' title="bbox 2049 1987 3603 2043">
     <span class='ocr_line' id='line_1_73' title="bbox 2049 1987 3603 2043; baseline 0 -1"><span class='ocrx_word' id='word_1_589' title='bbox 2049 1987 2218 2043; x_wconf 76' lang='lat' dir='ltr'><strong>Vens.</strong></span> <span class='ocrx_word' id='word_1_590' title='bbox 2262 1987 2316 2041; x_wconf 76' lang='grc'>2.</span> <span class='ocrx_word' id='word_1_591' title='bbox 2361 1987 2762 2042; x_wconf 69' lang='lat' dir='ltr'><strong>Misericordiae</strong></span> <span class='ocrx_word' id='word_1_592' title='bbox 2792 1987 3008 2041; x_wconf 81' lang='lat' dir='ltr'><strong>Domini</strong></span> <span class='ocrx_word' id='word_1_593' title='bbox 3048 1988 3102 2040; x_wconf 87' lang='lat' dir='ltr'><strong>in</strong></span> <span class='ocrx_word' id='word_1_594' title='bbox 3135 1998 3388 2042; x_wconf 75' lang='lat' dir='ltr'><strong>aeternum</strong></span> <span class='ocrx_word' id='word_1_595' title='bbox 3435 2005 3603 2043; x_wconf 61' lang='grc' dir='ltr'>ατη-ο</span> 
     </span>
    </p>
   </div>
   <div class='ocr_carea' id='block_1_74' title="bbox 1978 2079 3561 2153">
    <p class='ocr_par' dir='ltr' id='par_1_74' title="bbox 1978 2079 3561 2153">
     <span class='ocr_line' id='line_1_74' title="bbox 1978 2079 3561 2153; baseline -0.002 -17"><span class='ocrx_word' id='word_1_596' title='bbox 1978 2082 2122 2136; x_wconf 90' lang='lat' dir='ltr'><strong>tabo.</strong></span> <span class='ocrx_word' id='word_1_597' title='bbox 2166 2080 2231 2135; x_wconf 86' lang='lat' dir='ltr'><strong>In</strong></span> <span class='ocrx_word' id='word_1_598' title='bbox 2270 2083 2663 2153; x_wconf 76' lang='lat' dir='ltr'><strong>generationem</strong></span> <span class='ocrx_word' id='word_1_599' title='bbox 2705 2090 2754 2134; x_wconf 87' lang='lat' dir='ltr'><strong>et</strong></span> <span class='ocrx_word' id='word_1_600' title='bbox 2799 2080 3187 2150; x_wconf 86' lang='lat' dir='ltr'><strong>generationem</strong></span> <span class='ocrx_word' id='word_1_601' title='bbox 3236 2079 3561 2133; x_wconf 88' lang='lat' dir='ltr'><strong>annuntiabo</strong></span> 
     </span>
    </p>
   </div>
   <div class='ocr_carea' id='block_1_75' title="bbox 1977 2172 3561 2242">
    <p class='ocr_par' dir='ltr' id='par_1_75' title="bbox 1977 2172 3561 2242">
     <span class='ocr_line' id='line_1_75' title="bbox 1977 2172 3561 2242; baseline -0.001 -12"><span class='ocrx_word' id='word_1_602' title='bbox 1977 2178 2248 2231; x_wconf 79' lang='lat' dir='ltr'><strong>veritatem</strong></span> <span class='ocrx_word' id='word_1_603' title='bbox 2280 2185 2423 2227; x_wconf 85' lang='lat' dir='ltr'><strong>tuam</strong></span> <span class='ocrx_word' id='word_1_604' title='bbox 2452 2175 2507 2227; x_wconf 87' lang='lat' dir='ltr'><strong>in</strong></span> <span class='ocrx_word' id='word_1_605' title='bbox 2533 2190 2621 2228; x_wconf 88' lang='lat' dir='ltr'><strong>ore</strong></span> <span class='ocrx_word' id='word_1_606' title='bbox 2650 2190 2782 2227; x_wconf 88' lang='lat' dir='ltr'><strong>meo.</strong></span> <span class='ocrx_word' id='word_1_607' title='bbox 2817 2173 3085 2238; x_wconf 85' lang='lat' dir='ltr'><strong>Quoniam</strong></span> <span class='ocrx_word' id='word_1_608' title='bbox 3117 2172 3172 2226; x_wconf 92' lang='lat' dir='ltr'><strong>in</strong></span> <span class='ocrx_word' id='word_1_609' title='bbox 3205 2173 3561 2242; x_wconf 82' lang='lat' dir='ltr'><strong>sequentibus</strong></span> 
     </span>
    </p>
   </div>
   <div class='ocr_carea' id='block_1_76' title="bbox 1976 2260 3556 2329">
    <p class='ocr_par' dir='ltr' id='par_1_76' title="bbox 1976 2260 3556 2329">
     <span class='ocr_line' id='line_1_76' title="bbox 1976 2260 3556 2329; baseline -0.008 -6"><span class='ocrx_word' id='word_1_610' title='bbox 1976 2268 2224 2323; x_wconf 86' lang='lat' dir='ltr'><strong>dicturus</strong></span> <span class='ocrx_word' id='word_1_611' title='bbox 2273 2273 2379 2329; x_wconf 80' lang='lat' dir='ltr'><strong>est,</strong></span> <span class='ocrx_word' id='word_1_612' title='bbox 2426 2263 2528 2319; x_wconf 85' lang='lat' dir='ltr'><strong>Ubi</strong></span> <span class='ocrx_word' id='word_1_613' title='bbox 2558 2272 2682 2318; x_wconf 84' lang='lat' dir='ltr'><strong>sunt</strong></span> <span class='ocrx_word' id='word_1_614' title='bbox 2732 2261 3113 2315; x_wconf 71' lang='lat' dir='ltr'><strong>misericordia:</strong></span> <span class='ocrx_word' id='word_1_615' title='bbox 3156 2269 3262 2315; x_wconf 79' lang='lat' dir='ltr'><strong>tua:</strong></span> <span class='ocrx_word' id='word_1_616' title='bbox 3304 2260 3556 2329; x_wconf 76' lang='lat' dir='ltr'><strong>antiquw,</strong></span> 
     </span>
    </p>
   </div>
   <div class='ocr_carea' id='block_1_77' title="bbox 1976 2352 3560 2429">
    <p class='ocr_par' dir='ltr' id='par_1_77' title="bbox 1976 2352 3560 2429">
     <span class='ocr_line' id='line_1_77' title="bbox 1976 2352 3560 2429; baseline -0.005 -16"><span class='ocrx_word' id='word_1_617' title='bbox 1976 2360 2221 2423; x_wconf 81' lang='lat' dir='ltr'><strong>Domine,</strong></span> <span class='ocrx_word' id='word_1_618' title='bbox 2256 2375 2388 2429; x_wconf 84' lang='lat' dir='ltr'><strong>quas</strong></span> <span class='ocrx_word' id='word_1_619' title='bbox 2403 2357 2612 2427; x_wconf 84' lang='lat' dir='ltr'><strong>jurasti</strong></span> <span class='ocrx_word' id='word_1_620' title='bbox 2641 2354 2813 2409; x_wconf 84' lang='lat' dir='ltr'><strong>David</strong></span> <span class='ocrx_word' id='word_1_621' title='bbox 2844 2354 2907 2407; x_wconf 87' lang='lat' dir='ltr'><strong>in</strong></span> <span class='ocrx_word' id='word_1_622' title='bbox 2927 2354 3144 2407; x_wconf 82' lang='lat' dir='ltr'><strong>ueritate</strong></span> <span class='ocrx_word' id='word_1_623' title='bbox 3168 2355 3298 2408; x_wconf 86' lang='lat' dir='ltr'><strong>tua?</strong></span> <span class='ocrx_word' id='word_1_624' title='bbox 3333 2352 3401 2406; x_wconf 91' lang='lat' dir='ltr'><strong>iis</strong></span> <span class='ocrx_word' id='word_1_625' title='bbox 3424 2366 3560 2421; x_wconf 64' lang='lat' dir='ltr'><strong>quae</strong></span> 
     </span>
    </p>
   </div>
   <div class='ocr_carea' id='block_1_78' title="bbox 1978 2444 3557 2523">
    <p class='ocr_par' dir='ltr' id='par_1_78' title="bbox 1978 2444 3557 2523">
     <span class='ocr_line' id='line_1_78' title="bbox 1978 2444 3557 2523; baseline -0.005 -16"><span class='ocrx_word' id='word_1_626' title='bbox 1978 2458 2168 2523; x_wconf 88' lang='lat' dir='ltr'><strong>postea</strong></span> <span class='ocrx_word' id='word_1_627' title='bbox 2218 2450 2460 2522; x_wconf 82' lang='lat' dir='ltr'><strong>proferet</strong></span> <span class='ocrx_word' id='word_1_628' title='bbox 2508 2449 2623 2518; x_wconf 90' lang='lat' dir='ltr'><strong>jam</strong></span> <span class='ocrx_word' id='word_1_629' title='bbox 2671 2447 3006 2518; x_wconf 89' lang='lat' dir='ltr'><strong>respondere</strong></span> <span class='ocrx_word' id='word_1_630' title='bbox 3048 2446 3358 2509; x_wconf 83' lang='lat' dir='ltr'><strong>antevertit,</strong></span> <span class='ocrx_word' id='word_1_631' title='bbox 3409 2460 3474 2499; x_wconf 89' lang='lat' dir='ltr'><strong>ac</strong></span> <span class='ocrx_word' id='word_1_632' title='bbox 3511 2444 3557 2499; x_wconf 94' lang='lat' dir='ltr'><strong>si</strong></span> 
     </span>
    </p>
   </div>
   <div class='ocr_carea' id='block_1_79' title="bbox 1976 2537 3560 2599">
    <p class='ocr_par' dir='ltr' id='par_1_79' title="bbox 1976 2537 3560 2599">
     <span class='ocr_line' id='line_1_79' title="bbox 1976 2537 3560 2599; baseline -0.006 0"><span class='ocrx_word' id='word_1_633' title='bbox 1976 2545 2185 2599; x_wconf 88' lang='lat' dir='ltr'><strong>diceret</strong></span> <span class='ocrx_word' id='word_1_634' title='bbox 2216 2562 2228 2598; x_wconf 91' lang='lat'>:</span> <span class='ocrx_word' id='word_1_635' title='bbox 2263 2541 2492 2597; x_wconf 86' lang='lat' dir='ltr'><strong>Etiamsi</strong></span> <span class='ocrx_word' id='word_1_636' title='bbox 2516 2542 2767 2595; x_wconf 73' lang='lat' dir='ltr'><strong>humante</strong></span> <span class='ocrx_word' id='word_1_637' title='bbox 2796 2555 2885 2594; x_wconf 88' lang='lat' dir='ltr'><strong>res</strong></span> <span class='ocrx_word' id='word_1_638' title='bbox 2906 2538 3141 2592; x_wconf 90' lang='lat' dir='ltr'><strong>animam</strong></span> <span class='ocrx_word' id='word_1_639' title='bbox 3168 2552 3343 2593; x_wconf 85' lang='lat' dir='ltr'><strong>meam</strong></span> <span class='ocrx_word' id='word_1_640' title='bbox 3378 2537 3431 2590; x_wconf 93' lang='lat' dir='ltr'><strong>in</strong></span> <span class='ocrx_word' id='word_1_641' title='bbox 3460 2552 3560 2591; x_wconf 90' lang='lat' dir='ltr'><strong>an-</strong></span> 
     </span>
    </p>
   </div>
   <div class='ocr_carea' id='block_1_80' title="bbox 1976 2628 3556 2707">
    <p class='ocr_par' dir='ltr' id='par_1_80' title="bbox 1976 2628 3556 2707">
     <span class='ocr_line' id='line_1_80' title="bbox 1976 2628 3556 2707; baseline -0.006 -17"><span class='ocrx_word' id='word_1_642' title='bbox 1976 2635 2214 2707; x_wconf 83' lang='lat' dir='ltr'><strong>gustiam</strong></span> <span class='ocrx_word' id='word_1_643' title='bbox 2254 2642 2308 2689; x_wconf 91' lang='lat' dir='ltr'><strong>et</strong></span> <span class='ocrx_word' id='word_1_644' title='bbox 2337 2631 2734 2687; x_wconf 85' lang='lat' dir='ltr'><strong>dubitationem</strong></span> <span class='ocrx_word' id='word_1_645' title='bbox 2785 2630 3087 2700; x_wconf 89' lang='lat' dir='ltr'><strong>conjiciant</strong></span> <span class='ocrx_word' id='word_1_646' title='bbox 3118 2643 3181 2682; x_wconf 92' lang='lat' dir='ltr'><strong>ac</strong></span> <span class='ocrx_word' id='word_1_647' title='bbox 3213 2628 3556 2699; x_wconf 81' lang='lat' dir='ltr'><strong>perturbent,</strong></span> 
     </span>
    </p>
   </div>
   <div class='ocr_carea' id='block_1_81' title="bbox 1976 2718 3617 2799">
    <p class='ocr_par' dir='ltr' id='par_1_81' title="bbox 1976 2718 3617 2799">
     <span class='ocr_line' id='line_1_81' title="bbox 1976 2718 3617 2799; baseline -0.007 -16"><span class='ocrx_word' id='word_1_648' title='bbox 1976 2727 2319 2799; x_wconf 79' lang='lat' dir='ltr'><strong>caligineque</strong></span> <span class='ocrx_word' id='word_1_649' title='bbox 2368 2740 2456 2781; x_wconf 92' lang='lat' dir='ltr'><strong>me</strong></span> <span class='ocrx_word' id='word_1_650' title='bbox 2508 2732 2563 2780; x_wconf 91' lang='lat' dir='ltr'><strong>et</strong></span> <span class='ocrx_word' id='word_1_651' title='bbox 2616 2722 2964 2777; x_wconf 88' lang='lat' dir='ltr'><strong>haesitatione</strong></span> <span class='ocrx_word' id='word_1_652' title='bbox 3018 2718 3254 2774; x_wconf 79' lang='lat' dir='ltr'><strong>albciant</strong></span> <span class='ocrx_word' id='word_1_653' title='bbox 3304 2720 3377 2775; x_wconf 90' lang='lat' dir='ltr'><strong>ob</strong></span> <span class='ocrx_word' id='word_1_654' title='bbox 3423 2726 3555 2783; x_wconf 89' lang='lat' dir='ltr'><strong>tua,</strong></span> <span class='ocrx_word' id='word_1_655' title='bbox 3616 2754 3617 2759; x_wconf 60' lang='grc' dir='ltr'><strong>η</strong></span> 
     </span>
    </p>
   </div>
   <div class='ocr_carea' id='block_1_82' title="bbox 1976 2813 3560 2887">
    <p class='ocr_par' dir='ltr' id='par_1_82' title="bbox 1976 2813 3560 2887">
     <span class='ocr_line' id='line_1_82' title="bbox 1976 2813 3560 2887; baseline -0.006 -13"><span class='ocrx_word' id='word_1_656' title='bbox 1976 2835 2010 2874; x_wconf 95' lang='lat' dir='ltr'><strong>o</strong></span> <span class='ocrx_word' id='word_1_657' title='bbox 2033 2818 2282 2881; x_wconf 88' lang='lat' dir='ltr'><strong>Domine,</strong></span> <span class='ocrx_word' id='word_1_658' title='bbox 2321 2816 2565 2887; x_wconf 89' lang='lat' dir='ltr'><strong>judicia;</strong></span> <span class='ocrx_word' id='word_1_659' title='bbox 2602 2815 2676 2869; x_wconf 87' lang='lat' dir='ltr'><strong>ita</strong></span> <span class='ocrx_word' id='word_1_660' title='bbox 2706 2824 2765 2869; x_wconf 91' lang='lat' dir='ltr'><strong>ut</strong></span> <span class='ocrx_word' id='word_1_661' title='bbox 2795 2828 2922 2868; x_wconf 79' lang='lat' dir='ltr'><strong>mox</strong></span> <span class='ocrx_word' id='word_1_662' title='bbox 2952 2813 3309 2883; x_wconf 62' lang='lat' dir='ltr'><strong>quaestionem</strong></span> <span class='ocrx_word' id='word_1_663' title='bbox 3339 2826 3560 2867; x_wconf 89' lang='lat' dir='ltr'><strong>movere</strong></span> 
     </span>
    </p>
   </div>
   <div class='ocr_carea' id='block_1_83' title="bbox 1976 2903 3559 2982">
    <p class='ocr_par' dir='ltr' id='par_1_83' title="bbox 1976 2903 3559 2982">
     <span class='ocr_line' id='line_1_83' title="bbox 1976 2903 3559 2982; baseline -0.005 -15"><span class='ocrx_word' id='word_1_664' title='bbox 1976 2912 2153 2967; x_wconf 84' lang='lat' dir='ltr'><strong>ausim</strong></span> <span class='ocrx_word' id='word_1_665' title='bbox 2180 2911 2247 2965; x_wconf 89' lang='lat' dir='ltr'><strong>de</strong></span> <span class='ocrx_word' id='word_1_666' title='bbox 2283 2909 2594 2982; x_wconf 87' lang='lat' dir='ltr'><strong>promissis,</strong></span> <span class='ocrx_word' id='word_1_667' title='bbox 2626 2923 2749 2979; x_wconf 87' lang='lat' dir='ltr'><strong>quae</strong></span> <span class='ocrx_word' id='word_1_668' title='bbox 2777 2914 2836 2961; x_wconf 88' lang='lat' dir='ltr'><strong>tu</strong></span> <span class='ocrx_word' id='word_1_669' title='bbox 2875 2905 3019 2961; x_wconf 90' lang='lat' dir='ltr'><strong>Deus</strong></span> <span class='ocrx_word' id='word_1_670' title='bbox 3061 2903 3331 2959; x_wconf 89' lang='lat' dir='ltr'><strong>mendacii</strong></span> <span class='ocrx_word' id='word_1_671' title='bbox 3360 2919 3559 2974; x_wconf 83' lang='lat' dir='ltr'><strong>expers</strong></span> 
     </span>
    </p>
   </div>
   <div class='ocr_carea' id='block_1_84' title="bbox 1975 2996 3561 3069">
    <p class='ocr_par' dir='ltr' id='par_1_84' title="bbox 1975 2996 3561 3069">
     <span class='ocr_line' id='line_1_84' title="bbox 1975 2996 3561 3069; baseline -0.004 -13"><span class='ocrx_word' id='word_1_672' title='bbox 1975 3003 2168 3059; x_wconf 92' lang='lat' dir='ltr'><strong>Davidi</strong></span> <span class='ocrx_word' id='word_1_673' title='bbox 2203 3002 2439 3068; x_wconf 85' lang='lat' dir='ltr'><strong>dedisti;</strong></span> <span class='ocrx_word' id='word_1_674' title='bbox 2473 3008 2527 3055; x_wconf 91' lang='lat' dir='ltr'><strong>et</strong></span> <span class='ocrx_word' id='word_1_675' title='bbox 2558 3008 2742 3053; x_wconf 90' lang='lat' dir='ltr'><strong>tamen</strong></span> <span class='ocrx_word' id='word_1_676' title='bbox 2773 2996 3265 3069; x_wconf 85' lang='lat' dir='ltr'><strong>pollicitationibus</strong></span> <span class='ocrx_word' id='word_1_677' title='bbox 3289 2997 3400 3050; x_wconf 92' lang='lat' dir='ltr'><strong>tuis</strong></span> <span class='ocrx_word' id='word_1_678' title='bbox 3426 3012 3561 3051; x_wconf 87' lang='lat' dir='ltr'><strong>con-</strong></span> 
     </span>
    </p>
   </div>
   <div class='ocr_carea' id='block_1_85' title="bbox 1976 3086 3560 3162">
    <p class='ocr_par' dir='ltr' id='par_1_85' title="bbox 1976 3086 3560 3162">
     <span class='ocr_line' id='line_1_85' title="bbox 1976 3086 3560 3162; baseline -0.006 -12"><span class='ocrx_word' id='word_1_679' title='bbox 1976 3096 2145 3150; x_wconf 88' lang='lat' dir='ltr'><strong>traria</strong></span> <span class='ocrx_word' id='word_1_680' title='bbox 2192 3094 2528 3158; x_wconf 91' lang='lat' dir='ltr'><strong>acciderunt,</strong></span> <span class='ocrx_word' id='word_1_681' title='bbox 2573 3091 2932 3162; x_wconf 85' lang='lat' dir='ltr'><strong>quamobrem</strong></span> <span class='ocrx_word' id='word_1_682' title='bbox 2983 3089 3232 3143; x_wconf 90' lang='lat' dir='ltr'><strong>dicturus</strong></span> <span class='ocrx_word' id='word_1_683' title='bbox 3276 3103 3422 3153; x_wconf 85' lang='lat' dir='ltr'><strong>sum,</strong></span> <span class='ocrx_word' id='word_1_684' title='bbox 3459 3086 3560 3141; x_wconf 85' lang='lat' dir='ltr'><strong>Ubi</strong></span> 
     </span>
    </p>
   </div>
   <div class='ocr_carea' id='block_1_86' title="bbox 1975 3181 3563 3253">
    <p class='ocr_par' dir='ltr' id='par_1_86' title="bbox 1975 3181 3563 3253">
     <span class='ocr_line' id='line_1_86' title="bbox 1975 3181 3563 3253; baseline -0.006 -10"><span class='ocrx_word' id='word_1_685' title='bbox 1975 3198 2100 3243; x_wconf 84' lang='lat' dir='ltr'><strong>sunt</strong></span> <span class='ocrx_word' id='word_1_686' title='bbox 2145 3185 2526 3241; x_wconf 82' lang='lat' dir='ltr'><strong>misericordia:</strong></span> <span class='ocrx_word' id='word_1_687' title='bbox 2560 3194 2664 3238; x_wconf 66' lang='lat' dir='ltr'><strong>tua:</strong></span> <span class='ocrx_word' id='word_1_688' title='bbox 2698 3183 2951 3253; x_wconf 76' lang='lat' dir='ltr'><strong>antiquw,</strong></span> <span class='ocrx_word' id='word_1_689' title='bbox 2986 3181 3250 3236; x_wconf 86' lang='lat' dir='ltr'><strong>Domine?</strong></span> <span class='ocrx_word' id='word_1_690' title='bbox 3279 3190 3563 3235; x_wconf 86' lang='lat' dir='ltr'><strong>verumta-</strong></span> 
     </span>
    </p>
   </div>
   <div class='ocr_carea' id='block_1_87' title="bbox 1900 3247 3556 3351">
    <p class='ocr_par' dir='ltr' id='par_1_87' title="bbox 1900 3247 3556 3351">
     <span class='ocr_line' id='line_1_87' title="bbox 1900 3247 3556 3351; baseline -0.006 -13"><span class='ocrx_word' id='word_1_691' title='bbox 1900 3247 1943 3306; x_wconf 58' lang='grc' dir='ltr'>ε</span> <span class='ocrx_word' id='word_1_692' title='bbox 1978 3299 2103 3338; x_wconf 91' lang='lat' dir='ltr'><strong>men</strong></span> <span class='ocrx_word' id='word_1_693' title='bbox 2142 3290 2330 3336; x_wconf 92' lang='lat' dir='ltr'><strong>certus</strong></span> <span class='ocrx_word' id='word_1_694' title='bbox 2359 3278 2783 3351; x_wconf 86' lang='lat' dir='ltr'><strong>promissionem</strong></span> <span class='ocrx_word' id='word_1_695' title='bbox 2828 3285 2977 3329; x_wconf 86' lang='lat' dir='ltr'><strong>tuam</strong></span> <span class='ocrx_word' id='word_1_696' title='bbox 3004 3289 3115 3329; x_wconf 90' lang='lat' dir='ltr'><strong>non</strong></span> <span class='ocrx_word' id='word_1_697' title='bbox 3163 3275 3375 3328; x_wconf 90' lang='lat' dir='ltr'><strong>irritam</strong></span> <span class='ocrx_word' id='word_1_698' title='bbox 3417 3274 3556 3342; x_wconf 83' lang='lat' dir='ltr'><strong>fore,</strong></span> 
     </span>
    </p>
   </div>
   <div class='ocr_carea' id='block_1_88' title="bbox 1976 3368 3560 3447">
    <p class='ocr_par' dir='ltr' id='par_1_88' title="bbox 1976 3368 3560 3447">
     <span class='ocr_line' id='line_1_88' title="bbox 1976 3368 3560 3447; baseline -0.006 -18"><span class='ocrx_word' id='word_1_699' title='bbox 1976 3390 2156 3447; x_wconf 91' lang='lat' dir='ltr'><strong>neque</strong></span> <span class='ocrx_word' id='word_1_700' title='bbox 2196 3372 2466 3429; x_wconf 90' lang='lat' dir='ltr'><strong>sermonis</strong></span> <span class='ocrx_word' id='word_1_701' title='bbox 2513 3371 2593 3424; x_wconf 91' lang='lat' dir='ltr'><strong>tui</strong></span> <span class='ocrx_word' id='word_1_702' title='bbox 2635 3370 2919 3424; x_wconf 88' lang='lat' dir='ltr'><strong>veritatem</strong></span> <span class='ocrx_word' id='word_1_703' title='bbox 2954 3368 3229 3436; x_wconf 86' lang='lat' dir='ltr'><strong>lapsuram</strong></span> <span class='ocrx_word' id='word_1_704' title='bbox 3263 3381 3408 3431; x_wconf 90' lang='lat' dir='ltr'><strong>esse,</strong></span> <span class='ocrx_word' id='word_1_705' title='bbox 3439 3382 3560 3422; x_wconf 86' lang='lat' dir='ltr'><strong>ser-</strong></span> 
     </span>
    </p>
   </div>
   <div class='ocr_carea' id='block_1_89' title="bbox 1977 3460 3558 3536">
    <p class='ocr_par' dir='ltr' id='par_1_89' title="bbox 1977 3460 3558 3536">
     <span class='ocr_line' id='line_1_89' title="bbox 1977 3460 3558 3536; baseline -0.007 -13"><span class='ocrx_word' id='word_1_706' title='bbox 1977 3481 2171 3523; x_wconf 88' lang='lat' dir='ltr'><strong>mones</strong></span> <span class='ocrx_word' id='word_1_707' title='bbox 2203 3480 2342 3536; x_wconf 90' lang='lat' dir='ltr'><strong>quos</strong></span> <span class='ocrx_word' id='word_1_708' title='bbox 2372 3481 2437 3520; x_wconf 82' lang='lat' dir='ltr'><strong>ex</strong></span> <span class='ocrx_word' id='word_1_709' title='bbox 2470 3464 2708 3518; x_wconf 90' lang='lat' dir='ltr'><strong>humana</strong></span> <span class='ocrx_word' id='word_1_710' title='bbox 2742 3461 3055 3515; x_wconf 90' lang='lat' dir='ltr'><strong>inﬁrmitate</strong></span> <span class='ocrx_word' id='word_1_711' title='bbox 3084 3460 3399 3531; x_wconf 84' lang='lat' dir='ltr'><strong>prolaturus</strong></span> <span class='ocrx_word' id='word_1_712' title='bbox 3437 3474 3558 3514; x_wconf 89' lang='lat' dir='ltr'><strong>sum</strong></span> 
     </span>
    </p>
   </div>
   <div class='ocr_carea' id='block_1_90' title="bbox 1975 3552 3621 3632">
    <p class='ocr_par' dir='ltr' id='par_1_90' title="bbox 1975 3552 3621 3632">
     <span class='ocr_line' id='line_1_90' title="bbox 1975 3552 3621 3632; baseline -0.005 -17"><span class='ocrx_word' id='word_1_713' title='bbox 1975 3566 2344 3632; x_wconf 68' lang='lat' dir='ltr'><strong>praevertens,</strong></span> <span class='ocrx_word' id='word_1_714' title='bbox 2399 3556 2561 3611; x_wconf 90' lang='lat' dir='ltr'><strong>ﬁdem</strong></span> <span class='ocrx_word' id='word_1_715' title='bbox 2617 3560 2908 3609; x_wconf 85' lang='lat' dir='ltr'><strong>meam‘et</strong></span> <span class='ocrx_word' id='word_1_716' title='bbox 2954 3552 3212 3622; x_wconf 90' lang='lat' dir='ltr'><strong>pietatem</strong></span> <span class='ocrx_word' id='word_1_717' title='bbox 3274 3552 3561 3607; x_wconf 67' lang='lat' dir='ltr'><strong>sententia:</strong></span> <span class='ocrx_word' id='word_1_718' title='bbox 3616 3568 3621 3573; x_wconf 79' lang='grc'><strong>’</strong></span> 
     </span>
    </p>
   </div>
   <div class='ocr_carea' id='block_1_91' title="bbox 1974 3644 3555 3724">
    <p class='ocr_par' dir='ltr' id='par_1_91' title="bbox 1974 3644 3555 3724">
     <span class='ocr_line' id='line_1_91' title="bbox 1974 3644 3555 3724; baseline -0.007 -15"><span class='ocrx_word' id='word_1_719' title='bbox 1974 3668 2110 3708; x_wconf 67' lang='lat' dir='ltr'><strong>mea:</strong></span> <span class='ocrx_word' id='word_1_720' title='bbox 2149 3652 2307 3724; x_wconf 83' lang='lat' dir='ltr'><strong>prius</strong></span> <span class='ocrx_word' id='word_1_721' title='bbox 2349 3648 2632 3721; x_wconf 85' lang='lat' dir='ltr'><strong>proﬁteor,</strong></span> <span class='ocrx_word' id='word_1_722' title='bbox 2677 3661 2742 3700; x_wconf 89' lang='lat' dir='ltr'><strong>ac</strong></span> <span class='ocrx_word' id='word_1_723' title='bbox 2778 3645 2923 3713; x_wconf 85' lang='lat' dir='ltr'><strong>dico,</strong></span> <span class='ocrx_word' id='word_1_724' title='bbox 2964 3644 3379 3699; x_wconf 54' lang='lat' dir='ltr'><strong>Misericordiast</strong></span> <span class='ocrx_word' id='word_1_725' title='bbox 3413 3653 3555 3707; x_wconf 78' lang='lat' dir='ltr'><strong>tuas,</strong></span> 
     </span>
    </p>
   </div>
   <div class='ocr_carea' id='block_1_92' title="bbox 1972 3736 3560 3809">
    <p class='ocr_par' dir='ltr' id='par_1_92' title="bbox 1972 3736 3560 3809">
     <span class='ocr_line' id='line_1_92' title="bbox 1972 3736 3560 3809; baseline -0.006 -10"><span class='ocrx_word' id='word_1_726' title='bbox 1972 3744 2219 3809; x_wconf 87' lang='lat' dir='ltr'><strong>Domine,</strong></span> <span class='ocrx_word' id='word_1_727' title='bbox 2251 3744 2305 3796; x_wconf 86' lang='lat' dir='ltr'><strong>in</strong></span> <span class='ocrx_word' id='word_1_728' title='bbox 2335 3752 2591 3797; x_wconf 78' lang='lat' dir='ltr'><strong>(rternum</strong></span> <span class='ocrx_word' id='word_1_729' title='bbox 2621 3738 2867 3794; x_wconf 89' lang='lat' dir='ltr'><strong>cantabo.</strong></span> <span class='ocrx_word' id='word_1_730' title='bbox 2901 3736 3018 3792; x_wconf 85' lang='lat' dir='ltr'><strong>Non</strong></span> <span class='ocrx_word' id='word_1_731' title='bbox 3047 3741 3193 3792; x_wconf 89' lang='lat' dir='ltr'><strong>enim</strong></span> <span class='ocrx_word' id='word_1_732' title='bbox 3239 3752 3385 3791; x_wconf 92' lang='lat' dir='ltr'><strong>nunc</strong></span> <span class='ocrx_word' id='word_1_733' title='bbox 3415 3737 3560 3791; x_wconf 87' lang='lat' dir='ltr'><strong>dun-</strong></span> 
     </span>
    </p>
   </div>
   <div class='ocr_carea' id='block_1_93' title="bbox 1973 3829 3619 3904">
    <p class='ocr_par' dir='ltr' id='par_1_93' title="bbox 1973 3829 3619 3904">
     <span class='ocr_line' id='line_1_93' title="bbox 1973 3829 3619 3904; baseline -0.004 -13"><span class='ocrx_word' id='word_1_734' title='bbox 1973 3845 2148 3901; x_wconf 80' lang='lat' dir='ltr'><strong>taxat,</strong></span> <span class='ocrx_word' id='word_1_735' title='bbox 2191 3852 2317 3891; x_wconf 88' lang='lat' dir='ltr'><strong>cum</strong></span> <span class='ocrx_word' id='word_1_736' title='bbox 2365 3835 2480 3888; x_wconf 62' lang='lat' dir='ltr'><strong>haec</strong></span> <span class='ocrx_word' id='word_1_737' title='bbox 2526 3834 2721 3904; x_wconf 82' lang='lat' dir='ltr'><strong>loquor</strong></span> <span class='ocrx_word' id='word_1_738' title='bbox 2772 3840 2827 3887; x_wconf 87' lang='lat' dir='ltr'><strong>et</strong></span> <span class='ocrx_word' id='word_1_739' title='bbox 2865 3829 3109 3902; x_wconf 82' lang='lat' dir='ltr'><strong>profero,</strong></span> <span class='ocrx_word' id='word_1_740' title='bbox 3145 3829 3557 3884; x_wconf 87' lang='lat' dir='ltr'><strong>misericordias</strong></span> <span class='ocrx_word' id='word_1_741' title='bbox 3614 3858 3619 3867; x_wconf 68' lang='grc' dir='ltr'>ι</span> 
     </span>
    </p>
   </div>
   <div class='ocr_carea' id='block_1_94' title="bbox 1974 3924 3554 3992">
    <p class='ocr_par' dir='ltr' id='par_1_94' title="bbox 1974 3924 3554 3992">
     <span class='ocr_line' id='line_1_94' title="bbox 1974 3924 3554 3992; baseline -0.003 -10"><span class='ocrx_word' id='word_1_742' title='bbox 1974 3928 2193 3984; x_wconf 89' lang='lat' dir='ltr'><strong>Domini</strong></span> <span class='ocrx_word' id='word_1_743' title='bbox 2220 3928 2475 3992; x_wconf 83' lang='lat' dir='ltr'><strong>cantabo,</strong></span> <span class='ocrx_word' id='word_1_744' title='bbox 2506 3941 2697 3980; x_wconf 89' lang='lat' dir='ltr'><strong>verum</strong></span> <span class='ocrx_word' id='word_1_745' title='bbox 2728 3926 2892 3980; x_wconf 88' lang='lat' dir='ltr'><strong>etiam</strong></span> <span class='ocrx_word' id='word_1_746' title='bbox 2938 3925 2996 3979; x_wconf 92' lang='lat' dir='ltr'><strong>in</strong></span> <span class='ocrx_word' id='word_1_747' title='bbox 3031 3924 3378 3979; x_wconf 89' lang='lat' dir='ltr'><strong>tristioribus</strong></span> <span class='ocrx_word' id='word_1_748' title='bbox 3412 3931 3554 3978; x_wconf 85' lang='lat' dir='ltr'><strong>tem-</strong></span> 
     </span>
    </p>
   </div>
   <div class='ocr_carea' id='block_1_95' title="bbox 1972 4014 3557 4094">
    <p class='ocr_par' dir='ltr' id='par_1_95' title="bbox 1972 4014 3557 4094">
     <span class='ocr_line' id='line_1_95' title="bbox 1972 4014 3557 4094; baseline -0.004 -17"><span class='ocrx_word' id='word_1_749' title='bbox 1972 4022 2221 4094; x_wconf 90' lang='lat' dir='ltr'><strong>poribus,</strong></span> <span class='ocrx_word' id='word_1_750' title='bbox 2255 4022 2308 4075; x_wconf 91' lang='lat' dir='ltr'><strong>in</strong></span> <span class='ocrx_word' id='word_1_751' title='bbox 2344 4021 2481 4090; x_wconf 80' lang='lat' dir='ltr'><strong>ipsis</strong></span> <span class='ocrx_word' id='word_1_752' title='bbox 2508 4019 2765 4073; x_wconf 91' lang='lat' dir='ltr'><strong>videlicet</strong></span> <span class='ocrx_word' id='word_1_753' title='bbox 2793 4017 2954 4087; x_wconf 90' lang='lat' dir='ltr'><strong>queis</strong></span> <span class='ocrx_word' id='word_1_754' title='bbox 2984 4018 3237 4072; x_wconf 86' lang='lat' dir='ltr'><strong>dicturus</strong></span> <span class='ocrx_word' id='word_1_755' title='bbox 3267 4032 3411 4081; x_wconf 91' lang='lat' dir='ltr'><strong>sum,</strong></span> <span class='ocrx_word' id='word_1_756' title='bbox 3456 4014 3557 4071; x_wconf 90' lang='lat' dir='ltr'><strong>Ubi</strong></span> 
     </span>
    </p>
   </div>
   <div class='ocr_carea' id='block_1_96' title="bbox 1971 4109 3553 4182">
    <p class='ocr_par' dir='ltr' id='par_1_96' title="bbox 1971 4109 3553 4182">
     <span class='ocr_line' id='line_1_96' title="bbox 1971 4109 3553 4182; baseline -0.005 -12"><span class='ocrx_word' id='word_1_757' title='bbox 1971 4124 2096 4170; x_wconf 81' lang='lat' dir='ltr'><strong>sunt</strong></span> <span class='ocrx_word' id='word_1_758' title='bbox 2125 4113 2502 4168; x_wconf 70' lang='lat' dir='ltr'><strong>misericordia:</strong></span> <span class='ocrx_word' id='word_1_759' title='bbox 2526 4122 2629 4165; x_wconf 68' lang='lat' dir='ltr'><strong>tua:</strong></span> <span class='ocrx_word' id='word_1_760' title='bbox 2661 4112 2913 4182; x_wconf 64' lang='lat' dir='ltr'><strong>antiquet,</strong></span> <span class='ocrx_word' id='word_1_761' title='bbox 2944 4110 3205 4164; x_wconf 85' lang='lat' dir='ltr'><strong>Domine?</strong></span> <span class='ocrx_word' id='word_1_762' title='bbox 3232 4109 3389 4163; x_wconf 91' lang='lat' dir='ltr'><strong>Tunc</strong></span> <span class='ocrx_word' id='word_1_763' title='bbox 3408 4109 3553 4163; x_wconf 90' lang='lat' dir='ltr'><strong>enim</strong></span> 
     </span>
    </p>
   </div>
   <div class='ocr_carea' id='block_1_97' title="bbox 1971 4202 3551 4274">
    <p class='ocr_par' dir='ltr' id='par_1_97' title="bbox 1971 4202 3551 4274">
     <span class='ocr_line' id='line_1_97' title="bbox 1971 4202 3551 4274; baseline -0.003 -14"><span class='ocrx_word' id='word_1_764' title='bbox 1971 4213 2026 4260; x_wconf 88' lang='lat' dir='ltr'><strong>et</strong></span> <span class='ocrx_word' id='word_1_765' title='bbox 2058 4204 2208 4259; x_wconf 92' lang='lat' dir='ltr'><strong>omni</strong></span> <span class='ocrx_word' id='word_1_766' title='bbox 2230 4204 2481 4274; x_wconf 88' lang='lat' dir='ltr'><strong>sequenti</strong></span> <span class='ocrx_word' id='word_1_767' title='bbox 2514 4210 2780 4272; x_wconf 89' lang='lat' dir='ltr'><strong>tempore,</strong></span> <span class='ocrx_word' id='word_1_768' title='bbox 2812 4202 2922 4256; x_wconf 90' lang='lat' dir='ltr'><strong>imo</strong></span> <span class='ocrx_word' id='word_1_769' title='bbox 2952 4217 3050 4271; x_wconf 87' lang='lat' dir='ltr'><strong>per</strong></span> <span class='ocrx_word' id='word_1_770' title='bbox 3072 4216 3236 4256; x_wconf 91' lang='lat' dir='ltr'><strong>omne</strong></span> <span class='ocrx_word' id='word_1_771' title='bbox 3269 4203 3551 4267; x_wconf 70' lang='lat' dir='ltr'><strong>saeculum,</strong></span> 
     </span>
    </p>
   </div>
   <div class='ocr_carea' id='block_1_98' title="bbox 1971 4293 3587 4361">
    <p class='ocr_par' dir='ltr' id='par_1_98' title="bbox 1971 4293 3587 4361">
     <span class='ocr_line' id='line_1_98' title="bbox 1971 4293 3587 4361; baseline -0.001 -10"><span class='ocrx_word' id='word_1_772' title='bbox 1971 4311 2081 4351; x_wconf 87' lang='lat' dir='ltr'><strong>non</strong></span> <span class='ocrx_word' id='word_1_773' title='bbox 2109 4295 2267 4350; x_wconf 87' lang='lat' dir='ltr'><strong>ﬁnem</strong></span> <span class='ocrx_word' id='word_1_774' title='bbox 2292 4296 2487 4351; x_wconf 84' lang='lat' dir='ltr'><strong>faciam</strong></span> <span class='ocrx_word' id='word_1_775' title='bbox 2516 4293 2827 4349; x_wconf 85' lang='lat' dir='ltr'><strong>celebrandi</strong></span> <span class='ocrx_word' id='word_1_776' title='bbox 2859 4293 3428 4359; x_wconf 88' lang='lat' dir='ltr'><strong>misericordiastuas,</strong></span> <span class='ocrx_word' id='word_1_777' title='bbox 3450 4294 3587 4361; x_wconf 65' lang='lat' dir='ltr'><strong>Do-g</strong></span> 
     </span>
    </p>
   </div>
   <div class='ocr_carea' id='block_1_99' title="bbox 1970 4384 3554 4457">
    <p class='ocr_par' dir='ltr' id='par_1_99' title="bbox 1970 4384 3554 4457">
     <span class='ocr_line' id='line_1_99' title="bbox 1970 4384 3554 4457; baseline 0.002 -17"><span class='ocrx_word' id='word_1_778' title='bbox 1970 4388 2155 4443; x_wconf 89' lang='lat' dir='ltr'><strong>mine:</strong></span> <span class='ocrx_word' id='word_1_779' title='bbox 2183 4387 2353 4457; x_wconf 86' lang='lat' dir='ltr'><strong>probe</strong></span> <span class='ocrx_word' id='word_1_780' title='bbox 2380 4388 2561 4441; x_wconf 87' lang='lat' dir='ltr'><strong>sciens</strong></span> <span class='ocrx_word' id='word_1_781' title='bbox 2586 4394 2661 4451; x_wconf 89' lang='lat' dir='ltr'><strong>te,</strong></span> <span class='ocrx_word' id='word_1_782' title='bbox 2698 4384 2920 4456; x_wconf 87' lang='lat' dir='ltr'><strong>quando</strong></span> <span class='ocrx_word' id='word_1_783' title='bbox 2949 4386 3117 4440; x_wconf 90' lang='lat' dir='ltr'><strong>semel</strong></span> <span class='ocrx_word' id='word_1_784' title='bbox 3146 4401 3209 4441; x_wconf 91' lang='lat' dir='ltr'><strong>ea</strong></span> <span class='ocrx_word' id='word_1_785' title='bbox 3238 4387 3294 4440; x_wconf 90' lang='lat' dir='ltr'><strong>in</strong></span> <span class='ocrx_word' id='word_1_786' title='bbox 3318 4388 3554 4457; x_wconf 80' lang='lat' dir='ltr'><strong>prOphe-</strong></span> 
     </span>
    </p>
   </div>
   <div class='ocr_carea' id='block_1_100' title="bbox 1969 4477 3550 4549">
    <p class='ocr_par' dir='ltr' id='par_1_100' title="bbox 1969 4477 3550 4549">
     <span class='ocr_line' id='line_1_100' title="bbox 1969 4477 3550 4549; baseline -0.001 -16"><span class='ocrx_word' id='word_1_787' title='bbox 1969 4480 2047 4533; x_wconf 87' lang='lat' dir='ltr'><strong>tia</strong></span> <span class='ocrx_word' id='word_1_788' title='bbox 2096 4480 2288 4549; x_wconf 90' lang='lat' dir='ltr'><strong>psalmi</strong></span> <span class='ocrx_word' id='word_1_789' title='bbox 2329 4478 2608 4549; x_wconf 81' lang='lat' dir='ltr'><strong>pollicitus</strong></span> <span class='ocrx_word' id='word_1_790' title='bbox 2648 4494 2730 4542; x_wconf 90' lang='lat' dir='ltr'><strong>es,</strong></span> <span class='ocrx_word' id='word_1_791' title='bbox 2778 4493 2889 4531; x_wconf 90' lang='lat' dir='ltr'><strong>non</strong></span> <span class='ocrx_word' id='word_1_792' title='bbox 2934 4477 3087 4531; x_wconf 87' lang='lat' dir='ltr'><strong>irrita</strong></span> <span class='ocrx_word' id='word_1_793' title='bbox 3141 4478 3231 4531; x_wconf 87' lang='lat' dir='ltr'><strong>illa</strong></span> <span class='ocrx_word' id='word_1_794' title='bbox 3280 4477 3550 4532; x_wconf 80' lang='lat' dir='ltr'><strong>facturum</strong></span> 
     </span>
    </p>
   </div>
   <div class='ocr_carea' id='block_1_101' title="bbox 1969 4567 3575 4642">
    <p class='ocr_par' dir='ltr' id='par_1_101' title="bbox 1969 4567 3575 4642">
     <span class='ocr_line' id='line_1_101' title="bbox 1969 4567 3575 4642; baseline -0.002 -15"><span class='ocrx_word' id='word_1_795' title='bbox 1969 4587 2113 4639; x_wconf 91' lang='lat' dir='ltr'><strong>esse,</strong></span> <span class='ocrx_word' id='word_1_796' title='bbox 2141 4579 2327 4642; x_wconf 89' lang='lat' dir='ltr'><strong>utpote</strong></span> <span class='ocrx_word' id='word_1_797' title='bbox 2358 4570 2527 4625; x_wconf 91' lang='lat' dir='ltr'><strong>Deum</strong></span> <span class='ocrx_word' id='word_1_798' title='bbox 2556 4584 2828 4625; x_wconf 87' lang='lat' dir='ltr'><strong>veracem.</strong></span> <span class='ocrx_word' id='word_1_799' title='bbox 2858 4567 3225 4634; x_wconf 82' lang='lat' dir='ltr'><strong>Quamobrem</strong></span> <span class='ocrx_word' id='word_1_800' title='bbox 3256 4584 3365 4622; x_wconf 92' lang='lat' dir='ltr'><strong>non</strong></span> <span class='ocrx_word' id='word_1_801' title='bbox 3387 4570 3575 4637; x_wconf 89' lang='lat' dir='ltr'><strong>modo_</strong></span> 
     </span>
    </p>
   </div>
   <div class='ocr_carea' id='block_1_102' title="bbox 1971 4660 3551 4731">
    <p class='ocr_par' dir='ltr' id='par_1_102' title="bbox 1971 4660 3551 4731">
     <span class='ocr_line' id='line_1_102' title="bbox 1971 4660 3551 4731; baseline 0 -14"><span class='ocrx_word' id='word_1_802' title='bbox 1971 4662 2382 4718; x_wconf 88' lang='lat' dir='ltr'><strong>misericordias</strong></span> <span class='ocrx_word' id='word_1_803' title='bbox 2415 4672 2561 4726; x_wconf 89' lang='lat' dir='ltr'><strong>tuas,</strong></span> <span class='ocrx_word' id='word_1_804' title='bbox 2598 4660 2847 4725; x_wconf 91' lang='lat' dir='ltr'><strong>Domine,</strong></span> <span class='ocrx_word' id='word_1_805' title='bbox 2885 4662 2939 4714; x_wconf 93' lang='lat' dir='ltr'><strong>in</strong></span> <span class='ocrx_word' id='word_1_806' title='bbox 2987 4668 3250 4715; x_wconf 81' lang='lat' dir='ltr'><strong>aeternum</strong></span> <span class='ocrx_word' id='word_1_807' title='bbox 3293 4663 3551 4731; x_wconf 85' lang='lat' dir='ltr'><strong>cantabo,</strong></span> 
     </span>
    </p>
   </div>
   <div class='ocr_carea' id='block_1_103' title="bbox 1972 4755 3617 4824">
    <p class='ocr_par' dir='ltr' id='par_1_103' title="bbox 1972 4755 3617 4824">
     <span class='ocr_line' id='line_1_103' title="bbox 1972 4755 3617 4824; baseline -0.001 -13"><span class='ocrx_word' id='word_1_808' title='bbox 1972 4757 2068 4811; x_wconf 90' lang='lat' dir='ltr'><strong>sed</strong></span> <span class='ocrx_word' id='word_1_809' title='bbox 2110 4757 2275 4811; x_wconf 90' lang='lat' dir='ltr'><strong>etiam</strong></span> <span class='ocrx_word' id='word_1_810' title='bbox 2305 4756 2589 4809; x_wconf 87' lang='lat' dir='ltr'><strong>veritatem</strong></span> <span class='ocrx_word' id='word_1_811' title='bbox 2638 4762 2788 4807; x_wconf 89' lang='lat' dir='ltr'><strong>tuam</strong></span> <span class='ocrx_word' id='word_1_812' title='bbox 2836 4770 2933 4824; x_wconf 90' lang='lat' dir='ltr'><strong>per</strong></span> <span class='ocrx_word' id='word_1_813' title='bbox 2970 4755 3216 4824; x_wconf 76' lang='lat' dir='ltr'><strong>singulas</strong></span> <span class='ocrx_word' id='word_1_814' title='bbox 3247 4756 3556 4823; x_wconf 83' lang='lat' dir='ltr'><strong>generatio-</strong></span> <span class='ocrx_word' id='word_1_815' title='bbox 3614 4778 3617 4781; x_wconf 46' lang='grc' dir='ltr'><strong>ι</strong></span> 
     </span>
    </p>
   </div>
   <div class='ocr_carea' id='block_1_104' title="bbox 1970 4843 3555 4914">
    <p class='ocr_par' dir='ltr' id='par_1_104' title="bbox 1970 4843 3555 4914">
     <span class='ocr_line' id='line_1_104' title="bbox 1970 4843 3555 4914; baseline -0.001 -13"><span class='ocrx_word' id='word_1_816' title='bbox 1970 4864 2070 4903; x_wconf 82' lang='lat' dir='ltr'><strong>nes</strong></span> <span class='ocrx_word' id='word_1_817' title='bbox 2094 4846 2454 4900; x_wconf 87' lang='lat' dir='ltr'><strong>annuntiabo.</strong></span> <span class='ocrx_word' id='word_1_818' title='bbox 2492 4844 2610 4899; x_wconf 90' lang='lat' dir='ltr'><strong>Etsi</strong></span> <span class='ocrx_word' id='word_1_819' title='bbox 2645 4844 2790 4899; x_wconf 91' lang='lat' dir='ltr'><strong>enim</strong></span> <span class='ocrx_word' id='word_1_820' title='bbox 2830 4844 3012 4914; x_wconf 87' lang='lat' dir='ltr'><strong>aliqua</strong></span> <span class='ocrx_word' id='word_1_821' title='bbox 3044 4843 3261 4897; x_wconf 86' lang='lat' dir='ltr'><strong>interim</strong></span> <span class='ocrx_word' id='word_1_822' title='bbox 3291 4852 3555 4899; x_wconf 84' lang='lat' dir='ltr'><strong>eventura</strong></span> 
     </span>
    </p>
   </div>
   <div class='ocr_carea' id='block_1_105' title="bbox 1972 4934 3556 5009">
    <p class='ocr_par' dir='ltr' id='par_1_105' title="bbox 1972 4934 3556 5009">
     <span class='ocr_line' id='line_1_105' title="bbox 1972 4934 3556 5009; baseline -0.004 -13"><span class='ocrx_word' id='word_1_823' title='bbox 1972 4941 2104 5005; x_wconf 89' lang='lat' dir='ltr'><strong>sint,</strong></span> <span class='ocrx_word' id='word_1_824' title='bbox 2138 4955 2258 5009; x_wconf 76' lang='lat' dir='ltr'><strong>quae</strong></span> <span class='ocrx_word' id='word_1_825' title='bbox 2283 4939 2395 4993; x_wconf 92' lang='lat' dir='ltr'><strong>tuis</strong></span> <span class='ocrx_word' id='word_1_826' title='bbox 2428 4937 2614 4991; x_wconf 89' lang='lat' dir='ltr'><strong>Davidi</strong></span> <span class='ocrx_word' id='word_1_827' title='bbox 2639 4938 2783 4992; x_wconf 90' lang='lat' dir='ltr'><strong>datis</strong></span> <span class='ocrx_word' id='word_1_828' title='bbox 2816 4934 3304 5007; x_wconf 85' lang='lat' dir='ltr'><strong>pollicitationibus</strong></span> <span class='ocrx_word' id='word_1_829' title='bbox 3334 4944 3556 4991; x_wconf 88' lang='lat' dir='ltr'><strong>contra-</strong></span> 
     </span>
    </p>
   </div>
   <div class='ocr_carea' id='block_1_106' title="bbox 1970 5029 3556 5099">
    <p class='ocr_par' dir='ltr' id='par_1_106' title="bbox 1970 5029 3556 5099">
     <span class='ocr_line' id='line_1_106' title="bbox 1970 5029 3556 5099; baseline -0.001 -12"><span class='ocrx_word' id='word_1_830' title='bbox 1970 5033 2056 5087; x_wconf 87' lang='lat' dir='ltr'><strong>ria</strong></span> <span class='ocrx_word' id='word_1_831' title='bbox 2088 5032 2409 5097; x_wconf 87' lang='lat' dir='ltr'><strong>videantur;</strong></span> <span class='ocrx_word' id='word_1_832' title='bbox 2462 5030 2822 5085; x_wconf 87' lang='lat' dir='ltr'><strong>nihilominus</strong></span> <span class='ocrx_word' id='word_1_833' title='bbox 2866 5040 3047 5084; x_wconf 84' lang='lat' dir='ltr'><strong>tamen</strong></span> <span class='ocrx_word' id='word_1_834' title='bbox 3083 5029 3249 5084; x_wconf 90' lang='lat' dir='ltr'><strong>credo</strong></span> <span class='ocrx_word' id='word_1_835' title='bbox 3291 5043 3355 5082; x_wconf 91' lang='lat' dir='ltr'><strong>ac</strong></span> <span class='ocrx_word' id='word_1_836' title='bbox 3394 5030 3556 5099; x_wconf 89' lang='lat' dir='ltr'><strong>plane</strong></span> 
     </span>
    </p>
   </div>
   <div class='ocr_carea' id='block_1_107' title="bbox 1972 5121 3551 5197">
    <p class='ocr_par' dir='ltr' id='par_1_107' title="bbox 1972 5121 3551 5197">
     <span class='ocr_line' id='line_1_107' title="bbox 1972 5121 3551 5197; baseline -0.002 -17"><span class='ocrx_word' id='word_1_837' title='bbox 1972 5140 2296 5197; x_wconf 86' lang='lat' dir='ltr'><strong>persuasum</strong></span> <span class='ocrx_word' id='word_1_838' title='bbox 2332 5124 2464 5177; x_wconf 70' lang='grc' dir='ltr'>ιιίἱΙιὶ</span> <span class='ocrx_word' id='word_1_839' title='bbox 2511 5131 2616 5188; x_wconf 90' lang='lat' dir='ltr'><strong>est,</strong></span> <span class='ocrx_word' id='word_1_840' title='bbox 2652 5123 2966 5178; x_wconf 83' lang='lat' dir='ltr'><strong>sermonum</strong></span> <span class='ocrx_word' id='word_1_841' title='bbox 3012 5132 3252 5186; x_wconf 91' lang='lat' dir='ltr'><strong>tuorum,</strong></span> <span class='ocrx_word' id='word_1_842' title='bbox 3298 5121 3551 5187; x_wconf 91' lang='lat' dir='ltr'><strong>Domine,</strong></span> 
     </span>
    </p>
   </div>
   <div class='ocr_carea' id='block_1_108' title="bbox 1973 5210 3554 5282">
    <p class='ocr_par' dir='ltr' id='par_1_108' title="bbox 1973 5210 3554 5282">
     <span class='ocr_line' id='line_1_108' title="bbox 1973 5210 3554 5282; baseline -0.001 -14"><span class='ocrx_word' id='word_1_843' title='bbox 1973 5214 2255 5268; x_wconf 88' lang='lat' dir='ltr'><strong>veritatem</strong></span> <span class='ocrx_word' id='word_1_844' title='bbox 2289 5227 2572 5281; x_wconf 86' lang='lat' dir='ltr'><strong>nunquam</strong></span> <span class='ocrx_word' id='word_1_845' title='bbox 2604 5227 2728 5266; x_wconf 89' lang='lat' dir='ltr'><strong>esse</strong></span> <span class='ocrx_word' id='word_1_846' title='bbox 2766 5212 3066 5281; x_wconf 84' lang='lat' dir='ltr'><strong>lapsuram.</strong></span> <span class='ocrx_word' id='word_1_847' title='bbox 3095 5210 3221 5265; x_wconf 90' lang='lat' dir='ltr'><strong>Ideo</strong></span> <span class='ocrx_word' id='word_1_848' title='bbox 3254 5227 3348 5282; x_wconf 88' lang='lat' dir='ltr'><strong>per</strong></span> <span class='ocrx_word' id='word_1_849' title='bbox 3378 5218 3554 5267; x_wconf 92' lang='lat' dir='ltr'><strong>totum</strong></span> 
     </span>
    </p>
   </div>
   <div class='ocr_carea' id='block_1_109' title="bbox 1970 5302 3553 5374">
    <p class='ocr_par' dir='ltr' id='par_1_109' title="bbox 1970 5302 3553 5374">
     <span class='ocr_line' id='line_1_109' title="bbox 1970 5302 3553 5374; baseline -0.001 -14"><span class='ocrx_word' id='word_1_850' title='bbox 1970 5305 2096 5360; x_wconf 73' lang='lat' dir='ltr'><strong>vitae</strong></span> <span class='ocrx_word' id='word_1_851' title='bbox 2145 5320 2278 5361; x_wconf 69' lang='lat' dir='ltr'><strong>mea:</strong></span> <span class='ocrx_word' id='word_1_852' title='bbox 2324 5313 2538 5374; x_wconf 90' lang='lat' dir='ltr'><strong>tempus</strong></span> <span class='ocrx_word' id='word_1_853' title='bbox 2588 5319 2699 5358; x_wconf 93' lang='lat' dir='ltr'><strong>non</strong></span> <span class='ocrx_word' id='word_1_854' title='bbox 2748 5305 2909 5358; x_wconf 87' lang='lat' dir='ltr'><strong>ﬁnem</strong></span> <span class='ocrx_word' id='word_1_855' title='bbox 2960 5302 3156 5359; x_wconf 81' lang='lat' dir='ltr'><strong>faciam</strong></span> <span class='ocrx_word' id='word_1_856' title='bbox 3190 5304 3553 5359; x_wconf 89' lang='lat' dir='ltr'><strong>annuntiandi</strong></span> 
     </span>
    </p>
   </div>
   <div class='ocr_carea' id='block_1_110' title="bbox 1973 5393 3553 5465">
    <p class='ocr_par' dir='ltr' id='par_1_110' title="bbox 1973 5393 3553 5465">
     <span class='ocr_line' id='line_1_110' title="bbox 1973 5393 3553 5465; baseline 0.001 -16"><span class='ocrx_word' id='word_1_857' title='bbox 1973 5396 2261 5451; x_wconf 83' lang='lat' dir='ltr'><strong>veritatem</strong></span> <span class='ocrx_word' id='word_1_858' title='bbox 2290 5404 2438 5449; x_wconf 86' lang='lat' dir='ltr'><strong>tuam</strong></span> <span class='ocrx_word' id='word_1_859' title='bbox 2488 5396 2543 5449; x_wconf 92' lang='lat' dir='ltr'><strong>in</strong></span> <span class='ocrx_word' id='word_1_860' title='bbox 2593 5411 2688 5449; x_wconf 89' lang='lat' dir='ltr'><strong>ore</strong></span> <span class='ocrx_word' id='word_1_861' title='bbox 2733 5409 2874 5449; x_wconf 91' lang='lat' dir='ltr'><strong>meo.</strong></span> <span class='ocrx_word' id='word_1_862' title='bbox 2908 5393 3108 5449; x_wconf 84' lang='lat' dir='ltr'><strong>Verum</strong></span> <span class='ocrx_word' id='word_1_863' title='bbox 3145 5396 3308 5449; x_wconf 87' lang='lat' dir='ltr'><strong>etiam</strong></span> <span class='ocrx_word' id='word_1_864' title='bbox 3347 5396 3553 5465; x_wconf 87' lang='lat' dir='ltr'><strong>scripto</strong></span> 
     </span>
    </p>
   </div>
   <div class='ocr_carea' id='block_1_111' title="bbox 1974 5485 3554 5558">
    <p class='ocr_par' dir='ltr' id='par_1_111' title="bbox 1974 5485 3554 5558">
     <span class='ocr_line' id='line_1_111' title="bbox 1974 5485 3554 5558; baseline 0 -16"><span class='ocrx_word' id='word_1_865' title='bbox 1974 5488 2353 5558; x_wconf 86' lang='lat' dir='ltr'><strong>consignatam</strong></span> <span class='ocrx_word' id='word_1_866' title='bbox 2408 5488 2555 5540; x_wconf 86' lang='lat' dir='ltr'><strong>illam</strong></span> <span class='ocrx_word' id='word_1_867' title='bbox 2594 5486 2828 5556; x_wconf 87' lang='lat' dir='ltr'><strong>posteris</strong></span> <span class='ocrx_word' id='word_1_868' title='bbox 2875 5485 3085 5540; x_wconf 88' lang='lat' dir='ltr'><strong>tradam</strong></span> <span class='ocrx_word' id='word_1_869' title='bbox 3117 5505 3131 5542; x_wconf 88' lang='lat'><strong>:</strong></span> <span class='ocrx_word' id='word_1_870' title='bbox 3158 5494 3220 5541; x_wconf 92' lang='lat' dir='ltr'><strong>ut</strong></span> <span class='ocrx_word' id='word_1_871' title='bbox 3262 5487 3367 5557; x_wconf 90' lang='lat' dir='ltr'><strong>ipsi</strong></span> <span class='ocrx_word' id='word_1_872' title='bbox 3414 5503 3554 5558; x_wconf 88' lang='lat' dir='ltr'><strong>quo-</strong></span> 
     </span>
    </p>
   </div>
   <div class='ocr_carea' id='block_1_112' title="bbox 1973 5579 3553 5653">
    <p class='ocr_par' dir='ltr' id='par_1_112' title="bbox 1973 5579 3553 5653">
     <span class='ocr_line' id='line_1_112' title="bbox 1973 5579 3553 5653; baseline 0 -17"><span class='ocrx_word' id='word_1_873' title='bbox 1973 5596 2102 5653; x_wconf 88' lang='lat' dir='ltr'><strong>que,</strong></span> <span class='ocrx_word' id='word_1_874' title='bbox 2134 5579 2360 5651; x_wconf 87' lang='lat' dir='ltr'><strong>perinde</strong></span> <span class='ocrx_word' id='word_1_875' title='bbox 2390 5586 2553 5649; x_wconf 91' lang='lat' dir='ltr'><strong>atque</strong></span> <span class='ocrx_word' id='word_1_876' title='bbox 2580 5594 2702 5649; x_wconf 80' lang='lat' dir='ltr'><strong>ego,</strong></span> <span class='ocrx_word' id='word_1_877' title='bbox 2755 5579 3089 5633; x_wconf 87' lang='lat' dir='ltr'><strong>edoceantur</strong></span> <span class='ocrx_word' id='word_1_878' title='bbox 3122 5586 3176 5634; x_wconf 90' lang='lat' dir='ltr'><strong>et</strong></span> <span class='ocrx_word' id='word_1_879' title='bbox 3204 5579 3421 5635; x_wconf 89' lang='lat' dir='ltr'><strong>discant</strong></span> <span class='ocrx_word' id='word_1_880' title='bbox 3456 5596 3553 5652; x_wconf 86' lang='lat' dir='ltr'><strong>per</strong></span> 
     </span>
    </p>
   </div>
   <div class='ocr_carea' id='block_1_113' title="bbox 1974 5672 3551 5753">
    <p class='ocr_par' dir='ltr' id='par_1_113' title="bbox 1974 5672 3551 5753">
     <span class='ocr_line' id='line_1_113' title="bbox 1974 5672 3551 5753; baseline -0.001 -21"><span class='ocrx_word' id='word_1_881' title='bbox 1974 5672 2219 5747; x_wconf 75' lang='lat' dir='ltr'><strong>singulas</strong></span> <span class='ocrx_word' id='word_1_882' title='bbox 2241 5672 2626 5744; x_wconf 78' lang='lat' dir='ltr'><strong>generationes</strong></span> <span class='ocrx_word' id='word_1_883' title='bbox 2658 5672 2942 5728; x_wconf 88' lang='lat' dir='ltr'><strong>veritatem</strong></span> <span class='ocrx_word' id='word_1_884' title='bbox 2975 5679 3127 5728; x_wconf 89' lang='lat' dir='ltr'><strong>tuam</strong></span> <span class='ocrx_word' id='word_1_885' title='bbox 3154 5672 3211 5728; x_wconf 92' lang='lat' dir='ltr'><strong>in</strong></span> <span class='ocrx_word' id='word_1_886' title='bbox 3240 5687 3336 5730; x_wconf 85' lang='lat' dir='ltr'><strong>ore</strong></span> <span class='ocrx_word' id='word_1_887' title='bbox 3366 5672 3507 5730; x_wconf 82' lang='lat' dir='ltr'><strong>ferre</strong></span> <span class='ocrx_word' id='word_1_888' title='bbox 3532 5713 3551 5753; x_wconf 78' lang='grc'><strong>,</strong></span> 
     </span>
    </p>
   </div>
  </div>
