  <div class='ocr_page' id='page_1' title='image "/cluster/home/n/w/nwhite01/storage/ocr_20150623/23/nnc1.0046978313/561.png"; bbox 0 0 4068 6394; ppageno 0'>
   <div class='ocr_carea' id='block_1_1' title="bbox 456 364 583 417">
    <p class='ocr_par' dir='ltr' id='par_1_1' title="bbox 456 364 583 417">
     <span class='ocr_line' id='line_1_1' title="bbox 456 364 583 417; baseline -0.031 0"><span class='ocrx_word' id='word_1_1' title='bbox 456 364 583 417; x_wconf 70' lang='lat' dir='ltr'><strong>107i</strong></span> 
     </span>
    </p>
   </div>
   <div class='ocr_carea' id='block_1_2' title="bbox 1158 337 2045 407">
    <p class='ocr_par' dir='ltr' id='par_1_2' title="bbox 1158 345 2045 407">
     <span class='ocr_line' id='line_1_2' title="bbox 1158 345 2045 407; baseline -0.007 0"><span class='ocrx_word' id='word_1_2' title='bbox 1158 350 1426 407; x_wconf 81' lang='lat' dir='ltr'><strong>EUSEBII</strong></span> <span class='ocrx_word' id='word_1_3' title='bbox 1464 345 1948 405; x_wconf 65' lang='lat' dir='ltr'><strong>CESARIENSIS</strong></span> <span class='ocrx_word' id='word_1_4' title='bbox 1982 346 2045 402; x_wconf 89' lang='grc'>01</span> 
     </span>
    </p>
   </div>
   <div class='ocr_carea' id='block_1_3' title="bbox 2151 337 3040 407">
    <p class='ocr_par' dir='ltr' id='par_1_3' title="bbox 2176 337 3040 400">
     <span class='ocr_line' id='line_1_3' title="bbox 2176 337 3040 400; baseline -0.01 0"><span class='ocrx_word' id='word_1_5' title='bbox 2176 344 2356 400; x_wconf 75' lang='lat' dir='ltr'><strong>PARS</strong></span> <span class='ocrx_word' id='word_1_6' title='bbox 2382 346 2479 400; x_wconf 79' lang='lat' dir='ltr'><strong>Ill.</strong></span> <span class='ocrx_word' id='word_1_7' title='bbox 2517 374 2590 385; x_wconf 90' lang='lat'><strong>—</strong></span> <span class='ocrx_word' id='word_1_8' title='bbox 2625 337 3040 396; x_wconf 71' lang='lat' dir='ltr'><strong>EXEGETICA.</strong></span> 
     </span>
    </p>
   </div>
   <div class='ocr_carea' id='block_1_4' title="bbox 3585 328 3748 384">
    <p class='ocr_par' dir='ltr' id='par_1_4' title="bbox 3585 328 3748 384">
     <span class='ocr_line' id='line_1_4' title="bbox 3585 328 3748 384; baseline -0.025 0"><span class='ocrx_word' id='word_1_9' title='bbox 3585 328 3748 384; x_wconf 66' lang='lat'><strong>{073</strong></span> 
     </span>
    </p>
   </div>
   <div class='ocr_carea' id='block_1_5' title="bbox 452 445 2045 540">
    <p class='ocr_par' dir='ltr' id='par_1_5' title="bbox 452 458 2025 540">
     <span class='ocr_line' id='line_1_5' title="bbox 452 458 2025 540; baseline -0.01 -15"><span class='ocrx_word' id='word_1_10' title='bbox 452 486 517 525; x_wconf 82' lang='lat' dir='ltr'><strong>ac</strong></span> <span class='ocrx_word' id='word_1_11' title='bbox 555 480 879 540; x_wconf 82' lang='lat' dir='ltr'><strong>persuasum</strong></span> <span class='ocrx_word' id='word_1_12' title='bbox 930 462 1168 517; x_wconf 87' lang='lat' dir='ltr'><strong>habeant</strong></span> <span class='ocrx_word' id='word_1_13' title='bbox 1222 473 1501 529; x_wconf 84' lang='lat' dir='ltr'><strong>nunquam</strong></span> <span class='ocrx_word' id='word_1_14' title='bbox 1551 473 1712 527; x_wconf 82' lang='lat' dir='ltr'><strong>posse</strong></span> <span class='ocrx_word' id='word_1_15' title='bbox 1756 458 2025 527; x_wconf 87' lang='lat' dir='ltr'><strong>promissa</strong></span> 
     </span>
    </p>
   </div>
   <div class='ocr_carea' id='block_1_6' title="bbox 2151 445 3751 540">
    <p class='ocr_par' dir='ltr' id='par_1_6' title="bbox 2151 445 3751 523">
     <span class='ocr_line' id='line_1_6' title="bbox 2151 445 3751 523; baseline -0.009 -15"><span class='ocrx_word' id='word_1_16' title='bbox 2151 473 2266 519; x_wconf 66' lang='lat' dir='ltr'><strong>22w,</strong></span> <span class='ocrx_word' id='word_1_17' title='bbox 2313 456 2408 507; x_wconf 64' lang='grc' dir='ltr'><strong>καὶ</strong></span> <span class='ocrx_word' id='word_1_18' title='bbox 2450 453 2741 506; x_wconf 80' lang='grc' dir='ltr'>πεπεῖσθαι</span> <span class='ocrx_word' id='word_1_19' title='bbox 2793 452 3062 523; x_wconf 72' lang='grc' dir='ltr'>μηδέποτε</span> <span class='ocrx_word' id='word_1_20' title='bbox 3106 447 3366 500; x_wconf 81' lang='grc' dir='ltr'>δύνασθαι</span> <span class='ocrx_word' id='word_1_21' title='bbox 3406 445 3751 497; x_wconf 71' lang='grc' dir='ltr'>διαπίπτειν</span> 
     </span>
    </p>
   </div>
   <div class='ocr_carea' id='block_1_7' title="bbox 451 552 2030 617">
    <p class='ocr_par' dir='ltr' id='par_1_7' title="bbox 451 552 2030 617">
     <span class='ocr_line' id='line_1_7' title="bbox 451 552 2030 617; baseline -0.008 -1"><span class='ocrx_word' id='word_1_22' title='bbox 451 571 545 616; x_wconf 89' lang='lat' dir='ltr'><strong>tua</strong></span> <span class='ocrx_word' id='word_1_23' title='bbox 590 558 859 616; x_wconf 80' lang='lat' dir='ltr'><strong>excidere.</strong></span> <span class='ocrx_word' id='word_1_24' title='bbox 897 555 1068 610; x_wconf 85' lang='lat' dir='ltr'><strong>Totus</strong></span> <span class='ocrx_word' id='word_1_25' title='bbox 1109 561 1291 607; x_wconf 77' lang='lat' dir='ltr'><strong>autem</strong></span> <span class='ocrx_word' id='word_1_26' title='bbox 1336 568 1539 617; x_wconf 83' lang='lat' dir='ltr'><strong>sermo,</strong></span> <span class='ocrx_word' id='word_1_27' title='bbox 1583 552 1791 607; x_wconf 77' lang='lat' dir='ltr'><strong>Christi</strong></span> <span class='ocrx_word' id='word_1_28' title='bbox 1826 565 1892 603; x_wconf 80' lang='lat' dir='ltr'><strong>ex</strong></span> <span class='ocrx_word' id='word_1_29' title='bbox 1941 564 2030 604; x_wconf 86' lang='lat' dir='ltr'><strong>se-</strong></span> 
     </span>
    </p>
   </div>
   <div class='ocr_carea' id='block_1_8' title="bbox 456 644 2035 721">
    <p class='ocr_par' dir='ltr' id='par_1_8' title="bbox 456 644 2035 721">
     <span class='ocr_line' id='line_1_8' title="bbox 456 644 2035 721; baseline -0.009 -11"><span class='ocrx_word' id='word_1_30' title='bbox 456 656 601 711; x_wconf 83' lang='lat' dir='ltr'><strong>mine</strong></span> <span class='ocrx_word' id='word_1_31' title='bbox 626 652 792 706; x_wconf 84' lang='lat' dir='ltr'><strong>David</strong></span> <span class='ocrx_word' id='word_1_32' title='bbox 819 648 1249 721; x_wconf 86' lang='lat' dir='ltr'><strong>generationem,</strong></span> <span class='ocrx_word' id='word_1_33' title='bbox 1278 655 1331 702; x_wconf 91' lang='lat' dir='ltr'><strong>et</strong></span> <span class='ocrx_word' id='word_1_34' title='bbox 1360 661 1590 717; x_wconf 91' lang='lat' dir='ltr'><strong>regnum</strong></span> <span class='ocrx_word' id='word_1_35' title='bbox 1614 646 1736 715; x_wconf 89' lang='lat' dir='ltr'><strong>ejus</strong></span> <span class='ocrx_word' id='word_1_36' title='bbox 1768 644 2035 697; x_wconf 76' lang='lat' dir='ltr'><strong>vaticina-</strong></span> 
     </span>
    </p>
   </div>
   <div class='ocr_carea' id='block_1_9' title="bbox 456 736 2034 813">
    <p class='ocr_par' dir='ltr' id='par_1_9' title="bbox 456 736 2034 813">
     <span class='ocr_line' id='line_1_9' title="bbox 456 736 2034 813; baseline -0.006 -14"><span class='ocrx_word' id='word_1_37' title='bbox 456 754 565 800; x_wconf 92' lang='lat' dir='ltr'><strong>tur.</strong></span> <span class='ocrx_word' id='word_1_38' title='bbox 596 741 1049 813; x_wconf 84' lang='lat' dir='ltr'><strong>Quandoquidem</strong></span> <span class='ocrx_word' id='word_1_39' title='bbox 1084 740 1231 795; x_wconf 90' lang='lat' dir='ltr'><strong>enim</strong></span> <span class='ocrx_word' id='word_1_40' title='bbox 1275 741 1330 793; x_wconf 93' lang='lat' dir='ltr'><strong>in</strong></span> <span class='ocrx_word' id='word_1_41' title='bbox 1362 738 1801 809; x_wconf 71' lang='lat' dir='ltr'><strong>pmedentibus</strong></span> <span class='ocrx_word' id='word_1_42' title='bbox 1826 736 1949 805; x_wconf 85' lang='lat' dir='ltr'><strong>ejus</strong></span> <span class='ocrx_word' id='word_1_43' title='bbox 1978 737 2034 790; x_wconf 91' lang='lat' dir='ltr'><strong>in</strong></span> 
     </span>
    </p>
   </div>
   <div class='ocr_carea' id='block_1_10' title="bbox 456 830 2036 908">
    <p class='ocr_par' dir='ltr' id='par_1_10' title="bbox 456 830 2036 908">
     <span class='ocr_line' id='line_1_10' title="bbox 456 830 2036 908; baseline -0.008 -12"><span class='ocrx_word' id='word_1_44' title='bbox 456 840 771 896; x_wconf 83' lang='lat' dir='ltr'><strong>hominibus</strong></span> <span class='ocrx_word' id='word_1_45' title='bbox 801 837 1080 908; x_wconf 74' lang='lat' dir='ltr'><strong>generatio</strong></span> <span class='ocrx_word' id='word_1_46' title='bbox 1123 834 1615 907; x_wconf 65' lang='lat' dir='ltr'><strong>praznunliabatur,</strong></span> <span class='ocrx_word' id='word_1_47' title='bbox 1648 843 1704 885; x_wconf 90' lang='lat' dir='ltr'><strong>ut</strong></span> <span class='ocrx_word' id='word_1_48' title='bbox 1744 832 1798 885; x_wconf 89' lang='lat' dir='ltr'><strong>iu</strong></span> <span class='ocrx_word' id='word_1_49' title='bbox 1826 830 2036 900; x_wconf 80' lang='lat' dir='ltr'><strong>psalmo</strong></span> 
     </span>
    </p>
   </div>
   <div class='ocr_carea' id='block_1_11' title="bbox 452 923 2036 997">
    <p class='ocr_par' dir='ltr' id='par_1_11' title="bbox 452 923 2036 997">
     <span class='ocr_line' id='line_1_11' title="bbox 452 923 2036 997; baseline -0.009 -9"><span class='ocrx_word' id='word_1_50' title='bbox 452 947 654 989; x_wconf 78' lang='lat' dir='ltr'><strong>Lxxxvt</strong></span> <span class='ocrx_word' id='word_1_51' title='bbox 710 930 1048 985; x_wconf 83' lang='lat' dir='ltr'><strong>declaratum</strong></span> <span class='ocrx_word' id='word_1_52' title='bbox 1096 937 1220 994; x_wconf 92' lang='lat' dir='ltr'><strong>est;</strong></span> <span class='ocrx_word' id='word_1_53' title='bbox 1282 935 1337 980; x_wconf 91' lang='lat' dir='ltr'><strong>at</strong></span> <span class='ocrx_word' id='word_1_54' title='bbox 1388 934 1585 997; x_wconf 67' lang='lat' dir='ltr'><strong>printer</strong></span> <span class='ocrx_word' id='word_1_55' title='bbox 1628 923 2036 994; x_wconf 80' lang='lat' dir='ltr'><strong>generationem</strong></span> 
     </span>
    </p>
   </div>
   <div class='ocr_carea' id='block_1_12' title="bbox 453 1015 2034 1093">
    <p class='ocr_par' dir='ltr' id='par_1_12' title="bbox 453 1015 2034 1093">
     <span class='ocr_line' id='line_1_12' title="bbox 453 1015 2034 1093; baseline -0.01 -13"><span class='ocrx_word' id='word_1_56' title='bbox 453 1026 574 1093; x_wconf 86' lang='lat' dir='ltr'><strong>ejus</strong></span> <span class='ocrx_word' id='word_1_57' title='bbox 606 1024 749 1079; x_wconf 83' lang='lat' dir='ltr'><strong>scitu</strong></span> <span class='ocrx_word' id='word_1_58' title='bbox 777 1037 994 1092; x_wconf 91' lang='lat' dir='ltr'><strong>quoque</strong></span> <span class='ocrx_word' id='word_1_59' title='bbox 1029 1036 1169 1089; x_wconf 89' lang='lat' dir='ltr'><strong>opus</strong></span> <span class='ocrx_word' id='word_1_60' title='bbox 1207 1029 1324 1073; x_wconf 89' lang='lat' dir='ltr'><strong>erat</strong></span> <span class='ocrx_word' id='word_1_61' title='bbox 1352 1018 1495 1072; x_wconf 89' lang='lat' dir='ltr'><strong>unde</strong></span> <span class='ocrx_word' id='word_1_62' title='bbox 1526 1015 1846 1086; x_wconf 86' lang='lat' dir='ltr'><strong>proditurus</strong></span> <span class='ocrx_word' id='word_1_63' title='bbox 1867 1018 2034 1075; x_wconf 87' lang='lat' dir='ltr'><strong>esset;</strong></span> 
     </span>
    </p>
   </div>
   <div class='ocr_carea' id='block_1_13' title="bbox 455 1109 2039 1186">
    <p class='ocr_par' dir='ltr' id='par_1_13' title="bbox 455 1109 2039 1186">
     <span class='ocr_line' id='line_1_13' title="bbox 455 1109 2039 1186; baseline -0.011 -13"><span class='ocrx_word' id='word_1_64' title='bbox 455 1119 558 1173; x_wconf 89' lang='lat' dir='ltr'><strong>hoc</strong></span> <span class='ocrx_word' id='word_1_65' title='bbox 593 1131 833 1186; x_wconf 63' lang='lat' dir='ltr'><strong>praesens</strong></span> <span class='ocrx_word' id='word_1_66' title='bbox 880 1114 1161 1183; x_wconf 89' lang='lat' dir='ltr'><strong>Scriptura</strong></span> <span class='ocrx_word' id='word_1_67' title='bbox 1206 1110 1520 1165; x_wconf 86' lang='lat' dir='ltr'><strong>necessario</strong></span> <span class='ocrx_word' id='word_1_68' title='bbox 1552 1109 1732 1170; x_wconf 82' lang='lat' dir='ltr'><strong>docet,</strong></span> <span class='ocrx_word' id='word_1_69' title='bbox 1765 1120 1886 1175; x_wconf 75' lang='lat' dir='ltr'><strong>qua:</strong></span> <span class='ocrx_word' id='word_1_70' title='bbox 1912 1120 2039 1173; x_wconf 91' lang='lat' dir='ltr'><strong>pro-</strong></span> 
     </span>
    </p>
   </div>
   <div class='ocr_carea' id='block_1_14' title="bbox 456 1196 2037 1262">
    <p class='ocr_par' dir='ltr' id='par_1_14' title="bbox 456 1196 2037 1262">
     <span class='ocr_line' id='line_1_14' title="bbox 456 1196 2037 1262; baseline -0.009 0"><span class='ocrx_word' id='word_1_71' title='bbox 456 1208 773 1262; x_wconf 80' lang='lat' dir='ltr'><strong>missionem</strong></span> <span class='ocrx_word' id='word_1_72' title='bbox 826 1204 920 1259; x_wconf 88' lang='lat' dir='ltr'><strong>Dei</strong></span> <span class='ocrx_word' id='word_1_73' title='bbox 957 1205 1023 1257; x_wconf 90' lang='lat' dir='ltr'><strong>ad</strong></span> <span class='ocrx_word' id='word_1_74' title='bbox 1070 1202 1325 1256; x_wconf 90' lang='lat' dir='ltr'><strong>Davidem</strong></span> <span class='ocrx_word' id='word_1_75' title='bbox 1374 1200 1573 1254; x_wconf 82' lang='lat' dir='ltr'><strong>factam</strong></span> <span class='ocrx_word' id='word_1_76' title='bbox 1620 1198 1688 1252; x_wconf 92' lang='lat' dir='ltr'><strong>de</strong></span> <span class='ocrx_word' id='word_1_77' title='bbox 1721 1196 1945 1252; x_wconf 81' lang='lat' dir='ltr'><strong>Christo</strong></span> <span class='ocrx_word' id='word_1_78' title='bbox 1971 1212 2037 1249; x_wconf 79' lang='lat' dir='ltr'><strong>ex</strong></span> 
     </span>
    </p>
   </div>
   <div class='ocr_carea' id='block_1_15' title="bbox 458 1290 2039 1369">
    <p class='ocr_par' dir='ltr' id='par_1_15' title="bbox 458 1290 2039 1369">
     <span class='ocr_line' id='line_1_15' title="bbox 458 1290 2039 1369; baseline -0.01 -13"><span class='ocrx_word' id='word_1_79' title='bbox 458 1301 667 1356; x_wconf 87' lang='lat' dir='ltr'><strong>semine</strong></span> <span class='ocrx_word' id='word_1_80' title='bbox 696 1300 816 1369; x_wconf 90' lang='lat' dir='ltr'><strong>ejus</strong></span> <span class='ocrx_word' id='word_1_81' title='bbox 841 1296 1125 1368; x_wconf 91' lang='lat' dir='ltr'><strong>prodituro</strong></span> <span class='ocrx_word' id='word_1_82' title='bbox 1151 1294 1536 1364; x_wconf 86' lang='lat' dir='ltr'><strong>complectitur</strong></span> <span class='ocrx_word' id='word_1_83' title='bbox 1564 1313 1576 1345; x_wconf 90' lang='lat'><strong>:</strong></span> <span class='ocrx_word' id='word_1_84' title='bbox 1606 1293 1680 1344; x_wconf 89' lang='lat' dir='ltr'><strong>ita</strong></span> <span class='ocrx_word' id='word_1_85' title='bbox 1712 1301 1769 1344; x_wconf 90' lang='lat' dir='ltr'><strong>ut</strong></span> <span class='ocrx_word' id='word_1_86' title='bbox 1795 1290 1881 1342; x_wconf 91' lang='lat' dir='ltr'><strong>hic</strong></span> <span class='ocrx_word' id='word_1_87' title='bbox 1906 1302 2039 1341; x_wconf 83' lang='lat' dir='ltr'><strong>con-</strong></span> 
     </span>
    </p>
   </div>
   <div class='ocr_carea' id='block_1_16' title="bbox 364 1381 2037 1464">
    <p class='ocr_par' dir='ltr' id='par_1_16' title="bbox 364 1381 2037 1464">
     <span class='ocr_line' id='line_1_16' title="bbox 364 1381 2037 1464; baseline -0.01 -16"><span class='ocrx_word' id='word_1_88' title='bbox 364 1436 373 1441; x_wconf 78' lang='lat'><strong>-</strong></span> <span class='ocrx_word' id='word_1_89' title='bbox 456 1400 715 1464; x_wconf 81' lang='lat' dir='ltr'><strong>gruenter</strong></span> <span class='ocrx_word' id='word_1_90' title='bbox 765 1400 888 1460; x_wconf 90' lang='lat' dir='ltr'><strong>post</strong></span> <span class='ocrx_word' id='word_1_91' title='bbox 943 1387 1332 1442; x_wconf 80' lang='lat' dir='ltr'><strong>antecedentes</strong></span> <span class='ocrx_word' id='word_1_92' title='bbox 1374 1387 1616 1455; x_wconf 86' lang='lat' dir='ltr'><strong>psalmos</strong></span> <span class='ocrx_word' id='word_1_93' title='bbox 1668 1383 1884 1453; x_wconf 88' lang='lat' dir='ltr'><strong>positus</strong></span> <span class='ocrx_word' id='word_1_94' title='bbox 1943 1381 2037 1435; x_wconf 89' lang='lat' dir='ltr'><strong>sit.</strong></span> 
     </span>
    </p>
   </div>
   <div class='ocr_carea' id='block_1_17' title="bbox 462 1478 2041 1555">
    <p class='ocr_par' dir='ltr' id='par_1_17' title="bbox 462 1478 2041 1555">
     <span class='ocr_line' id='line_1_17' title="bbox 462 1478 2041 1555; baseline -0.008 -16"><span class='ocrx_word' id='word_1_95' title='bbox 462 1486 767 1555; x_wconf 84' lang='lat' dir='ltr'><strong>Inscriptus</strong></span> <span class='ocrx_word' id='word_1_96' title='bbox 813 1491 997 1536; x_wconf 90' lang='lat' dir='ltr'><strong>autem</strong></span> <span class='ocrx_word' id='word_1_97' title='bbox 1044 1482 1221 1536; x_wconf 87' lang='lat' dir='ltr'><strong>solum</strong></span> <span class='ocrx_word' id='word_1_98' title='bbox 1251 1489 1358 1541; x_wconf 89' lang='lat' dir='ltr'><strong>est,</strong></span> <span class='ocrx_word' id='word_1_99' title='bbox 1390 1478 1723 1540; x_wconf 75' lang='lat' dir='ltr'><strong>Intellectus,</strong></span> <span class='ocrx_word' id='word_1_100' title='bbox 1762 1491 1825 1529; x_wconf 91' lang='lat' dir='ltr'><strong>ac</strong></span> <span class='ocrx_word' id='word_1_101' title='bbox 1862 1488 2041 1543; x_wconf 83' lang='lat' dir='ltr'><strong>neque</strong></span> 
     </span>
    </p>
   </div>
   <div class='ocr_carea' id='block_1_18' title="bbox 460 1565 2041 1648">
    <p class='ocr_par' dir='ltr' id='par_1_18' title="bbox 460 1565 2041 1648">
     <span class='ocr_line' id='line_1_18' title="bbox 460 1565 2041 1648; baseline -0.012 -14"><span class='ocrx_word' id='word_1_102' title='bbox 460 1578 705 1648; x_wconf 83' lang='lat' dir='ltr'><strong>psalmus</strong></span> <span class='ocrx_word' id='word_1_103' title='bbox 747 1592 923 1645; x_wconf 80' lang='lat' dir='ltr'><strong>neque</strong></span> <span class='ocrx_word' id='word_1_104' title='bbox 962 1574 1199 1644; x_wconf 81' lang='lat' dir='ltr'><strong>hymnus</strong></span> <span class='ocrx_word' id='word_1_105' title='bbox 1226 1570 1450 1624; x_wconf 88' lang='lat' dir='ltr'><strong>dicitur.</strong></span> <span class='ocrx_word' id='word_1_106' title='bbox 1486 1568 1673 1623; x_wconf 80' lang='lat' dir='ltr'><strong>Fuerit</strong></span> <span class='ocrx_word' id='word_1_107' title='bbox 1706 1580 1836 1620; x_wconf 80' lang='lat' dir='ltr'><strong>vero</strong></span> <span class='ocrx_word' id='word_1_108' title='bbox 1862 1565 2041 1618; x_wconf 84' lang='lat' dir='ltr'><strong>canti-</strong></span> 
     </span>
    </p>
   </div>
   <div class='ocr_carea' id='block_1_19' title="bbox 459 1656 2043 1739">
    <p class='ocr_par' dir='ltr' id='par_1_19' title="bbox 459 1656 2043 1739">
     <span class='ocr_line' id='line_1_19' title="bbox 459 1656 2043 1739; baseline -0.01 -15"><span class='ocrx_word' id='word_1_109' title='bbox 459 1686 583 1724; x_wconf 90' lang='lat' dir='ltr'><strong>cum</strong></span> <span class='ocrx_word' id='word_1_110' title='bbox 615 1669 1014 1739; x_wconf 90' lang='lat' dir='ltr'><strong>propheticum,</strong></span> <span class='ocrx_word' id='word_1_111' title='bbox 1052 1679 1115 1717; x_wconf 85' lang='lat' dir='ltr'><strong>ea</strong></span> <span class='ocrx_word' id='word_1_112' title='bbox 1138 1677 1260 1733; x_wconf 69' lang='lat' dir='ltr'><strong>quae</strong></span> <span class='ocrx_word' id='word_1_113' title='bbox 1294 1662 1595 1715; x_wconf 71' lang='lat' dir='ltr'><strong>secundum</strong></span> <span class='ocrx_word' id='word_1_114' title='bbox 1646 1659 1815 1713; x_wconf 86' lang='lat' dir='ltr'><strong>Deum</strong></span> <span class='ocrx_word' id='word_1_115' title='bbox 1843 1664 1929 1711; x_wconf 90' lang='lat' dir='ltr'><strong>est</strong></span> <span class='ocrx_word' id='word_1_116' title='bbox 1964 1656 2043 1709; x_wconf 87' lang='lat' dir='ltr'><strong>in-</strong></span> 
     </span>
    </p>
   </div>
   <div class='ocr_carea' id='block_1_20' title="bbox 459 1752 2039 1833">
    <p class='ocr_par' dir='ltr' id='par_1_20' title="bbox 459 1752 2039 1833">
     <span class='ocr_line' id='line_1_20' title="bbox 459 1752 2039 1833; baseline -0.01 -13"><span class='ocrx_word' id='word_1_117' title='bbox 459 1764 759 1833; x_wconf 86' lang='lat' dir='ltr'><strong>telligentia</strong></span> <span class='ocrx_word' id='word_1_118' title='bbox 787 1760 1056 1830; x_wconf 83' lang='lat' dir='ltr'><strong>indigens.</strong></span> <span class='ocrx_word' id='word_1_119' title='bbox 1089 1760 1272 1822; x_wconf 88' lang='lat' dir='ltr'><strong>Quare</strong></span> <span class='ocrx_word' id='word_1_120' title='bbox 1310 1754 1516 1808; x_wconf 90' lang='lat' dir='ltr'><strong>dictum</strong></span> <span class='ocrx_word' id='word_1_121' title='bbox 1551 1760 1655 1813; x_wconf 92' lang='lat' dir='ltr'><strong>est,</strong></span> <span class='ocrx_word' id='word_1_122' title='bbox 1686 1752 1750 1805; x_wconf 86' lang='lat' dir='ltr'><strong>In</strong></span> <span class='ocrx_word' id='word_1_123' title='bbox 1786 1765 2039 1806; x_wconf 65' lang='lat' dir='ltr'><strong>aeternum</strong></span> 
     </span>
    </p>
   </div>
   <div class='ocr_carea' id='block_1_21' title="bbox 2131 537 3749 614">
    <p class='ocr_par' dir='ltr' id='par_1_21' title="bbox 2131 537 3749 614">
     <span class='ocr_line' id='line_1_21' title="bbox 2131 537 3749 614; baseline -0.01 -12"><span class='ocrx_word' id='word_1_124' title='bbox 2131 549 2231 611; x_wconf 68' lang='grc' dir='ltr'>τὰς</span> <span class='ocrx_word' id='word_1_125' title='bbox 2266 548 2363 610; x_wconf 66' lang='grc' dir='ltr'><strong>σας</strong></span> <span class='ocrx_word' id='word_1_126' title='bbox 2394 546 2744 614; x_wconf 80' lang='grc' dir='ltr'>ἐπαγγελίας.</span> <span class='ocrx_word' id='word_1_127' title='bbox 2763 545 2823 597; x_wconf 87' lang='lat'><strong>&#39;0</strong></span> <span class='ocrx_word' id='word_1_128' title='bbox 2849 544 2905 596; x_wconf 79' lang='grc' dir='ltr'>δὲ</span> <span class='ocrx_word' id='word_1_129' title='bbox 2937 545 3043 605; x_wconf 73' lang='grc' dir='ltr'>πᾶς</span> <span class='ocrx_word' id='word_1_130' title='bbox 3072 542 3227 609; x_wconf 75' lang='grc' dir='ltr'>λόγος</span> <span class='ocrx_word' id='word_1_131' title='bbox 3258 540 3357 608; x_wconf 75' lang='grc' dir='ltr'>τὴν</span> <span class='ocrx_word' id='word_1_132' title='bbox 3382 540 3446 589; x_wconf 82' lang='grc' dir='ltr'><strong>ἐκ</strong></span> <span class='ocrx_word' id='word_1_133' title='bbox 3474 537 3749 607; x_wconf 74' lang='grc' dir='ltr'>σπέρμα-</span> 
     </span>
    </p>
   </div>
   <div class='ocr_carea' id='block_1_22' title="bbox 2130 629 3751 707">
    <p class='ocr_par' dir='ltr' id='par_1_22' title="bbox 2130 629 3751 707">
     <span class='ocr_line' id='line_1_22' title="bbox 2130 629 3751 707; baseline -0.008 -13"><span class='ocrx_word' id='word_1_134' title='bbox 2130 658 2221 703; x_wconf 88' lang='grc' dir='ltr'><strong>τος</strong></span> <span class='ocrx_word' id='word_1_135' title='bbox 2252 640 2414 693; x_wconf 74' lang='grc' dir='ltr'><strong>Δαυῖδ</strong></span> <span class='ocrx_word' id='word_1_136' title='bbox 2443 640 2661 707; x_wconf 83' lang='grc' dir='ltr'>γένεσιν</span> <span class='ocrx_word' id='word_1_137' title='bbox 2685 637 2778 690; x_wconf 79' lang='grc' dir='ltr'><strong>τοῦ</strong></span> <span class='ocrx_word' id='word_1_138' title='bbox 2808 634 3043 706; x_wconf 83' lang='grc' dir='ltr'>Χριστοῦ</span> <span class='ocrx_word' id='word_1_139' title='bbox 3075 634 3169 686; x_wconf 76' lang='grc' dir='ltr'><strong>καὶ</strong></span> <span class='ocrx_word' id='word_1_140' title='bbox 3194 632 3292 702; x_wconf 71' lang='grc' dir='ltr'><strong>τὴν</strong></span> <span class='ocrx_word' id='word_1_141' title='bbox 3324 630 3612 699; x_wconf 75' lang='grc' dir='ltr'>βασιλείαν</span> <span class='ocrx_word' id='word_1_142' title='bbox 3638 629 3751 682; x_wconf 71' lang='grc' dir='ltr'><strong>αὖ-</strong></span> 
     </span>
    </p>
   </div>
   <div class='ocr_carea' id='block_1_23' title="bbox 2132 722 3749 799">
    <p class='ocr_par' dir='ltr' id='par_1_23' title="bbox 2132 722 3749 799">
     <span class='ocr_line' id='line_1_23' title="bbox 2132 722 3749 799; baseline -0.008 -15"><span class='ocrx_word' id='word_1_143' title='bbox 2132 732 2226 784; x_wconf 81' lang='grc' dir='ltr'><strong>τοῦ</strong></span> <span class='ocrx_word' id='word_1_144' title='bbox 2257 730 2524 793; x_wconf 78' lang='grc' dir='ltr'>θεσπίζει.</span> <span class='ocrx_word' id='word_1_145' title='bbox 2545 729 2762 799; x_wconf 70' lang='grc' dir='ltr'>Ἐπειδὴ</span> <span class='ocrx_word' id='word_1_146' title='bbox 2809 728 2918 798; x_wconf 72' lang='grc' dir='ltr'>γὰρ</span> <span class='ocrx_word' id='word_1_147' title='bbox 2949 725 3039 779; x_wconf 74' lang='grc' dir='ltr'>διὰ</span> <span class='ocrx_word' id='word_1_148' title='bbox 3086 724 3195 776; x_wconf 88' lang='grc' dir='ltr'><strong>τῶν</strong></span> <span class='ocrx_word' id='word_1_149' title='bbox 3230 722 3539 793; x_wconf 75' lang='grc' dir='ltr'>ἔμπροσθεν</span> <span class='ocrx_word' id='word_1_150' title='bbox 3586 723 3621 791; x_wconf 75' lang='grc' dir='ltr'><strong>ἡ</strong></span> <span class='ocrx_word' id='word_1_151' title='bbox 3656 722 3749 783; x_wconf 73' lang='grc' dir='ltr'><strong>εἰς</strong></span> 
     </span>
    </p>
   </div>
   <div class='ocr_carea' id='block_1_24' title="bbox 2134 813 3752 895">
    <p class='ocr_par' dir='ltr' id='par_1_24' title="bbox 2134 813 3752 895">
     <span class='ocr_line' id='line_1_24' title="bbox 2134 813 3752 895; baseline -0.007 -19"><span class='ocrx_word' id='word_1_152' title='bbox 2134 822 2453 895; x_wconf 76' lang='grc' dir='ltr'>ἀνθρώπους</span> <span class='ocrx_word' id='word_1_153' title='bbox 2503 822 2717 889; x_wconf 80' lang='grc' dir='ltr'>γένεσις</span> <span class='ocrx_word' id='word_1_154' title='bbox 2766 819 2931 873; x_wconf 72' lang='grc' dir='ltr'>αὑτοῦ</span> <span class='ocrx_word' id='word_1_155' title='bbox 2977 817 3379 888; x_wconf 67' lang='grc' dir='ltr'>προεφήτεύετο</span> <span class='ocrx_word' id='word_1_156' title='bbox 3407 815 3549 867; x_wconf 72' lang='grc' dir='ltr'>κατὰ</span> <span class='ocrx_word' id='word_1_157' title='bbox 3583 813 3659 867; x_wconf 74' lang='grc' dir='ltr'>τὰ</span> <span class='ocrx_word' id='word_1_158' title='bbox 3684 814 3752 865; x_wconf 79' lang='grc' dir='ltr'><strong>ἐν</strong></span> 
     </span>
    </p>
   </div>
   <div class='ocr_carea' id='block_1_25' title="bbox 2133 907 3749 985">
    <p class='ocr_par' dir='ltr' id='par_1_25' title="bbox 2133 907 3749 985">
     <span class='ocr_line' id='line_1_25' title="bbox 2133 907 3749 985; baseline -0.007 -17"><span class='ocrx_word' id='word_1_159' title='bbox 2133 916 2213 985; x_wconf 82' lang='grc' dir='ltr'><strong>τῷ</strong></span> <span class='ocrx_word' id='word_1_160' title='bbox 2244 915 2297 968; x_wconf 84' lang='grc' dir='ltr'>π’</span> <span class='ocrx_word' id='word_1_161' title='bbox 2333 916 2427 968; x_wconf 82' lang='grc' dir='ltr'><strong>καί</strong></span> <span class='ocrx_word' id='word_1_162' title='bbox 2454 914 2505 980; x_wconf 81' lang='grc' dir='ltr'>ς’</span> <span class='ocrx_word' id='word_1_163' title='bbox 2535 913 2736 984; x_wconf 62' lang='grc' dir='ltr'>ψαλμῷ</span> <span class='ocrx_word' id='word_1_164' title='bbox 2766 912 3122 982; x_wconf 68' lang='grc' dir='ltr'><strong>παραστάντα</strong></span> <span class='ocrx_word' id='word_1_165' title='bbox 3142 928 3155 938; x_wconf 93' lang='grc'><strong>·</strong></span> <span class='ocrx_word' id='word_1_166' title='bbox 3188 911 3353 979; x_wconf 73' lang='grc' dir='ltr'>ἐχρῆν</span> <span class='ocrx_word' id='word_1_167' title='bbox 3378 908 3434 960; x_wconf 76' lang='grc' dir='ltr'>δὲ</span> <span class='ocrx_word' id='word_1_168' title='bbox 3480 907 3624 977; x_wconf 65' lang='grc' dir='ltr'>πρὺς</span> <span class='ocrx_word' id='word_1_169' title='bbox 3670 908 3749 975; x_wconf 76' lang='grc' dir='ltr'>τῇ</span> 
     </span>
    </p>
   </div>
   <div class='ocr_carea' id='block_1_26' title="bbox 2135 998 3751 1075">
    <p class='ocr_par' dir='ltr' id='par_1_26' title="bbox 2135 998 3751 1075">
     <span class='ocr_line' id='line_1_26' title="bbox 2135 998 3751 1075; baseline -0.006 -18"><span class='ocrx_word' id='word_1_170' title='bbox 2135 1008 2348 1075; x_wconf 80' lang='grc' dir='ltr'>γενέσει</span> <span class='ocrx_word' id='word_1_171' title='bbox 2402 1005 2593 1075; x_wconf 90' lang='grc' dir='ltr'>μαθεῖν</span> <span class='ocrx_word' id='word_1_172' title='bbox 2653 1005 2749 1057; x_wconf 77' lang='grc' dir='ltr'><strong>καὶ</strong></span> <span class='ocrx_word' id='word_1_173' title='bbox 2803 1002 2967 1055; x_wconf 85' lang='grc' dir='ltr'>πόθεν</span> <span class='ocrx_word' id='word_1_174' title='bbox 3020 1000 3444 1071; x_wconf 77' lang='grc' dir='ltr'>προελεύσεται·</span> <span class='ocrx_word' id='word_1_175' title='bbox 3486 998 3751 1050; x_wconf 77' lang='grc' dir='ltr'>διδάσκει</span> 
     </span>
    </p>
   </div>
   <div class='ocr_carea' id='block_1_27' title="bbox 2135 1090 3753 1166">
    <p class='ocr_par' dir='ltr' id='par_1_27' title="bbox 2135 1090 3753 1166">
     <span class='ocr_line' id='line_1_27' title="bbox 2135 1090 3753 1166; baseline -0.007 -15"><span class='ocrx_word' id='word_1_176' title='bbox 2135 1099 2296 1151; x_wconf 87' lang='grc' dir='ltr'>τοῦτο</span> <span class='ocrx_word' id='word_1_177' title='bbox 2346 1099 2661 1165; x_wconf 84' lang='grc' dir='ltr'>ἀναγκαίως</span> <span class='ocrx_word' id='word_1_178' title='bbox 2708 1098 2742 1166; x_wconf 92' lang='grc' dir='ltr'><strong>ή</strong></span> <span class='ocrx_word' id='word_1_179' title='bbox 2794 1095 3045 1165; x_wconf 84' lang='grc' dir='ltr'>παροῦσα</span> <span class='ocrx_word' id='word_1_180' title='bbox 3098 1094 3309 1164; x_wconf 62' lang='grc' dir='ltr'>Γραςμὴ,</span> <span class='ocrx_word' id='word_1_181' title='bbox 3344 1092 3438 1161; x_wconf 75' lang='grc' dir='ltr'>τὴν</span> <span class='ocrx_word' id='word_1_182' title='bbox 3474 1090 3620 1161; x_wconf 68' lang='grc' dir='ltr'>πρὸς</span> <span class='ocrx_word' id='word_1_183' title='bbox 3647 1090 3753 1140; x_wconf 71' lang='grc' dir='ltr'><strong>τὸν</strong></span> 
     </span>
    </p>
   </div>
   <div class='ocr_carea' id='block_1_28' title="bbox 2137 1183 3751 1258">
    <p class='ocr_par' dir='ltr' id='par_1_28' title="bbox 2137 1183 3751 1258">
     <span class='ocr_line' id='line_1_28' title="bbox 2137 1183 3751 1258; baseline -0.006 -15"><span class='ocrx_word' id='word_1_184' title='bbox 2137 1191 2299 1243; x_wconf 74' lang='grc' dir='ltr'>Δαυῒδ</span> <span class='ocrx_word' id='word_1_185' title='bbox 2348 1190 2679 1258; x_wconf 77' lang='grc' dir='ltr'>ἐπαγγελίαν</span> <span class='ocrx_word' id='word_1_186' title='bbox 2717 1189 2812 1241; x_wconf 87' lang='grc' dir='ltr'><strong>τοῦ</strong></span> <span class='ocrx_word' id='word_1_187' title='bbox 2842 1187 2977 1239; x_wconf 89' lang='grc' dir='ltr'>Θεοῦ</span> <span class='ocrx_word' id='word_1_188' title='bbox 3026 1187 3151 1257; x_wconf 78' lang='grc' dir='ltr'>περὶ</span> <span class='ocrx_word' id='word_1_189' title='bbox 3194 1184 3289 1237; x_wconf 84' lang='grc' dir='ltr'><strong>τοῦ</strong></span> <span class='ocrx_word' id='word_1_190' title='bbox 3322 1187 3385 1237; x_wconf 86' lang='grc' dir='ltr'>ὲκ</span> <span class='ocrx_word' id='word_1_191' title='bbox 3417 1183 3751 1253; x_wconf 82' lang='grc' dir='ltr'>σπέρματος</span> 
     </span>
    </p>
   </div>
   <div class='ocr_carea' id='block_1_29' title="bbox 2138 1272 3748 1353">
    <p class='ocr_par' dir='ltr' id='par_1_29' title="bbox 2138 1272 3748 1353">
     <span class='ocr_line' id='line_1_29' title="bbox 2138 1272 3748 1353; baseline -0.007 -18"><span class='ocrx_word' id='word_1_192' title='bbox 2138 1283 2303 1335; x_wconf 71' lang='grc' dir='ltr'>αὑτοῦ</span> <span class='ocrx_word' id='word_1_193' title='bbox 2334 1284 2423 1334; x_wconf 76' lang='grc' dir='ltr'><strong>τὸν</strong></span> <span class='ocrx_word' id='word_1_194' title='bbox 2454 1282 2688 1353; x_wconf 78' lang='grc' dir='ltr'>Χριστὸν</span> <span class='ocrx_word' id='word_1_195' title='bbox 2728 1276 3156 1351; x_wconf 83' lang='grc' dir='ltr'>προελεύσεσθαι</span> <span class='ocrx_word' id='word_1_196' title='bbox 3186 1278 3516 1347; x_wconf 74' lang='grc' dir='ltr'><strong>περιέχουσα</strong></span> <span class='ocrx_word' id='word_1_197' title='bbox 3536 1290 3551 1303; x_wconf 89' lang='grc'><strong>·</strong></span> <span class='ocrx_word' id='word_1_198' title='bbox 3591 1272 3748 1324; x_wconf 77' lang='grc' dir='ltr'>ὥστε</span> 
     </span>
    </p>
   </div>
   <div class='ocr_carea' id='block_1_30' title="bbox 2139 1364 3753 1445">
    <p class='ocr_par' dir='ltr' id='par_1_30' title="bbox 2139 1364 3753 1445">
     <span class='ocr_line' id='line_1_30' title="bbox 2139 1364 3753 1445; baseline -0.006 -18"><span class='ocrx_word' id='word_1_199' title='bbox 2139 1375 2282 1445; x_wconf 76' lang='grc' dir='ltr'>ἔχειν</span> <span class='ocrx_word' id='word_1_200' title='bbox 2314 1372 2636 1427; x_wconf 56' lang='grc' dir='ltr'>ἀηλουθίαν</span> <span class='ocrx_word' id='word_1_201' title='bbox 2664 1373 2758 1424; x_wconf 72' lang='grc' dir='ltr'><strong>καὶ</strong></span> <span class='ocrx_word' id='word_1_202' title='bbox 2782 1369 2977 1423; x_wconf 85' lang='grc' dir='ltr'>τοῦτον</span> <span class='ocrx_word' id='word_1_203' title='bbox 3008 1370 3145 1439; x_wconf 81' lang='grc' dir='ltr'>πρὸς</span> <span class='ocrx_word' id='word_1_204' title='bbox 3169 1369 3294 1429; x_wconf 70' lang='grc' dir='ltr'>τοὺς</span> <span class='ocrx_word' id='word_1_205' title='bbox 3316 1366 3422 1436; x_wconf 82' lang='grc' dir='ltr'><strong>πρὸ</strong></span> <span class='ocrx_word' id='word_1_206' title='bbox 3446 1364 3621 1419; x_wconf 67' lang='grc' dir='ltr'>αὑτοῦ</span> <span class='ocrx_word' id='word_1_207' title='bbox 3646 1382 3753 1418; x_wconf 83' lang='grc' dir='ltr'>κα-</span> 
     </span>
    </p>
   </div>
   <div class='ocr_carea' id='block_1_31' title="bbox 2137 1459 3748 1535">
    <p class='ocr_par' dir='ltr' id='par_1_31' title="bbox 2137 1459 3748 1535">
     <span class='ocr_line' id='line_1_31' title="bbox 2137 1459 3748 1535; baseline -0.008 -15"><span class='ocrx_word' id='word_1_208' title='bbox 2137 1466 2571 1535; x_wconf 84' lang='grc' dir='ltr'>τατεταγμένους</span> <span class='ocrx_word' id='word_1_209' title='bbox 2598 1463 2868 1534; x_wconf 64' lang='grc' dir='ltr'>ψαλμούς.</span> <span class='ocrx_word' id='word_1_210' title='bbox 2907 1462 3215 1525; x_wconf 82' lang='grc' dir='ltr'>Συνέσεως</span> <span class='ocrx_word' id='word_1_211' title='bbox 3237 1460 3294 1512; x_wconf 82' lang='grc' dir='ltr'>δὲ</span> <span class='ocrx_word' id='word_1_212' title='bbox 3324 1459 3748 1527; x_wconf 64' lang='grc' dir='ltr'><strong>ἐπιγέγραπται</strong></span> 
     </span>
    </p>
   </div>
   <div class='ocr_carea' id='block_1_32' title="bbox 2140 1549 3748 1629">
    <p class='ocr_par' dir='ltr' id='par_1_32' title="bbox 2140 1549 3748 1629">
     <span class='ocr_line' id='line_1_32' title="bbox 2140 1549 3748 1629; baseline -0.007 -16"><span class='ocrx_word' id='word_1_213' title='bbox 2140 1561 2302 1623; x_wconf 72' lang='grc' dir='ltr'>αὐτὸς</span> <span class='ocrx_word' id='word_1_214' title='bbox 2336 1560 2517 1629; x_wconf 82' lang='grc' dir='ltr'>μόνον,</span> <span class='ocrx_word' id='word_1_215' title='bbox 2547 1557 2673 1610; x_wconf 67' lang='grc' dir='ltr'>οὔτε</span> <span class='ocrx_word' id='word_1_216' title='bbox 2716 1558 2773 1609; x_wconf 83' lang='grc' dir='ltr'><strong>δὲ</strong></span> <span class='ocrx_word' id='word_1_217' title='bbox 2812 1556 3045 1625; x_wconf 72' lang='grc' dir='ltr'>ψαλμὸς.</span> <span class='ocrx_word' id='word_1_218' title='bbox 3070 1553 3195 1607; x_wconf 68' lang='grc' dir='ltr'>οὔτε</span> <span class='ocrx_word' id='word_1_219' title='bbox 3224 1552 3411 1622; x_wconf 83' lang='grc' dir='ltr'>ῦμνος.</span> <span class='ocrx_word' id='word_1_220' title='bbox 3448 1552 3551 1619; x_wconf 78' lang='grc' dir='ltr'><strong>Εῖη</strong></span> <span class='ocrx_word' id='word_1_221' title='bbox 3599 1550 3651 1601; x_wconf 80' lang='grc' dir='ltr'>δ’</span> <span class='ocrx_word' id='word_1_222' title='bbox 3674 1549 3748 1602; x_wconf 77' lang='grc' dir='ltr'><strong>ἂν</strong></span> 
     </span>
    </p>
   </div>
   <div class='ocr_carea' id='block_1_33' title="bbox 2139 1642 3745 1721">
    <p class='ocr_par' dir='ltr' id='par_1_33' title="bbox 2139 1642 3745 1721">
     <span class='ocr_line' id='line_1_33' title="bbox 2139 1642 3745 1721; baseline -0.006 -20"><span class='ocrx_word' id='word_1_223' title='bbox 2139 1649 2251 1721; x_wconf 78' lang='grc' dir='ltr'><strong>ᾠδὴ</strong></span> <span class='ocrx_word' id='word_1_224' title='bbox 2280 1648 2595 1719; x_wconf 65' lang='grc' dir='ltr'>προφητικὴ</span> <span class='ocrx_word' id='word_1_225' title='bbox 2625 1645 2896 1710; x_wconf 85' lang='grc' dir='ltr'>συνέσεὼς</span> <span class='ocrx_word' id='word_1_226' title='bbox 2922 1647 3023 1717; x_wconf 80' lang='grc' dir='ltr'><strong>τῆς</strong></span> <span class='ocrx_word' id='word_1_227' title='bbox 3053 1645 3195 1698; x_wconf 64' lang='grc' dir='ltr'>κατὰ</span> <span class='ocrx_word' id='word_1_228' title='bbox 3224 1643 3357 1696; x_wconf 81' lang='grc' dir='ltr'>Θεὸν</span> <span class='ocrx_word' id='word_1_229' title='bbox 3383 1642 3745 1711; x_wconf 72' lang='grc' dir='ltr'>δεομένη.Δι’</span> 
     </span>
    </p>
   </div>
   <div class='ocr_carea' id='block_1_34' title="bbox 2140 1734 3745 1806">
    <p class='ocr_par' dir='ltr' id='par_1_34' title="bbox 2140 1734 3745 1806">
     <span class='ocr_line' id='line_1_34' title="bbox 2140 1734 3745 1806; baseline -0.005 -13"><span class='ocrx_word' id='word_1_230' title='bbox 2140 1742 2168 1794; x_wconf 80' lang='grc' dir='ltr'><strong>ὃ</strong></span> <span class='ocrx_word' id='word_1_231' title='bbox 2194 1742 2444 1793; x_wconf 82' lang='grc' dir='ltr'>λέλεκται</span> <span class='ocrx_word' id='word_1_232' title='bbox 2466 1756 2480 1768; x_wconf 82' lang='grc'><em>’</em></span> <span class='ocrx_word' id='word_1_233' title='bbox 2508 1743 2611 1806; x_wconf 76' lang='grc' dir='ltr'>Εἰς</span> <span class='ocrx_word' id='word_1_234' title='bbox 2639 1740 2748 1791; x_wconf 78' lang='grc' dir='ltr'>τὸν</span> <span class='ocrx_word' id='word_1_235' title='bbox 2771 1739 2957 1791; x_wconf 81' lang='grc' dir='ltr'>αἰῶνα</span> <span class='ocrx_word' id='word_1_236' title='bbox 2985 1737 3228 1806; x_wconf 78' lang='grc' dir='ltr'>ᾄσομαι,</span> <span class='ocrx_word' id='word_1_237' title='bbox 3264 1736 3382 1798; x_wconf 73' lang='grc' dir='ltr'>καὶ,</span> <span class='ocrx_word' id='word_1_238' title='bbox 3406 1738 3492 1799; x_wconf 80' lang='grc' dir='ltr'><strong>εἰς</strong></span> <span class='ocrx_word' id='word_1_239' title='bbox 3524 1734 3745 1802; x_wconf 75' lang='grc' dir='ltr'>γενεὰν</span> 
     </span>
    </p>
   </div>
   <div class='ocr_carea' id='block_1_35' title="bbox 461 1825 2045 1922">
    <p class='ocr_par' dir='ltr' id='par_1_35' title="bbox 461 1846 2039 1922">
     <span class='ocr_line' id='line_1_35' title="bbox 461 1846 2039 1922; baseline -0.008 -13"><span class='ocrx_word' id='word_1_240' title='bbox 461 1854 707 1919; x_wconf 84' lang='lat' dir='ltr'><strong>cantabo,</strong></span> <span class='ocrx_word' id='word_1_241' title='bbox 738 1861 813 1916; x_wconf 93' lang='lat' dir='ltr'><strong>et,</strong></span> <span class='ocrx_word' id='word_1_242' title='bbox 849 1853 901 1904; x_wconf 91' lang='lat' dir='ltr'><strong>in</strong></span> <span class='ocrx_word' id='word_1_243' title='bbox 929 1850 1317 1922; x_wconf 77' lang='lat' dir='ltr'><strong>generationem</strong></span> <span class='ocrx_word' id='word_1_244' title='bbox 1338 1856 1385 1900; x_wconf 88' lang='lat' dir='ltr'><strong>et</strong></span> <span class='ocrx_word' id='word_1_245' title='bbox 1414 1846 1802 1916; x_wconf 73' lang='lat' dir='ltr'><strong>generationem</strong></span> <span class='ocrx_word' id='word_1_246' title='bbox 1831 1861 2039 1897; x_wconf 81' lang='lat' dir='ltr'><strong>annun-</strong></span> 
     </span>
    </p>
   </div>
   <div class='ocr_carea' id='block_1_36' title="bbox 2151 1825 3741 1922">
    <p class='ocr_par' dir='ltr' id='par_1_36' title="bbox 2151 1825 3741 1903">
     <span class='ocr_line' id='line_1_36' title="bbox 2151 1825 3741 1903; baseline -0.006 -15"><span class='ocrx_word' id='word_1_247' title='bbox 2151 1835 2239 1888; x_wconf 72' lang='grc' dir='ltr'><strong>καὶ</strong></span> <span class='ocrx_word' id='word_1_248' title='bbox 2272 1833 2485 1903; x_wconf 75' lang='grc' dir='ltr'>γενεὰν</span> <span class='ocrx_word' id='word_1_249' title='bbox 2512 1832 2832 1901; x_wconf 71' lang='grc' dir='ltr'>ἀπαγγελῶ</span> <span class='ocrx_word' id='word_1_250' title='bbox 2858 1831 2975 1899; x_wconf 83' lang='grc' dir='ltr'><strong>τὴν</strong></span> <span class='ocrx_word' id='word_1_251' title='bbox 3000 1830 3293 1897; x_wconf 68' lang='grc' dir='ltr'>ἀλήθειάν</span> <span class='ocrx_word' id='word_1_252' title='bbox 3316 1843 3455 1883; x_wconf 85' lang='grc' dir='ltr'>σου.</span> <span class='ocrx_word' id='word_1_253' title='bbox 3473 1826 3611 1879; x_wconf 79' lang='grc' dir='ltr'><strong>Ἀπὸ</strong></span> <span class='ocrx_word' id='word_1_254' title='bbox 3640 1825 3741 1896; x_wconf 81' lang='grc' dir='ltr'><strong>μὲν</strong></span> 
     </span>
    </p>
   </div>
   <div class='ocr_carea' id='block_1_37' title="bbox 464 1934 2038 2020">
    <p class='ocr_par' dir='ltr' id='par_1_37' title="bbox 464 1934 2038 2020">
     <span class='ocr_line' id='line_1_37' title="bbox 464 1934 2038 2020; baseline -0.009 -18"><span class='ocrx_word' id='word_1_255' title='bbox 464 1948 604 2003; x_wconf 90' lang='lat' dir='ltr'><strong>tiabo</strong></span> <span class='ocrx_word' id='word_1_256' title='bbox 654 1948 923 2000; x_wconf 70' lang='lat' dir='ltr'><strong>ceritatem</strong></span> <span class='ocrx_word' id='word_1_257' title='bbox 972 1954 1139 2020; x_wconf 77' lang='lat' dir='ltr'><strong>tuam.</strong></span> <span class='ocrx_word' id='word_1_258' title='bbox 1195 1941 1279 1995; x_wconf 84' lang='lat' dir='ltr'><strong>Ab</strong></span> <span class='ocrx_word' id='word_1_259' title='bbox 1326 1940 1414 1993; x_wconf 87' lang='lat' dir='ltr'><strong>bis</strong></span> <span class='ocrx_word' id='word_1_260' title='bbox 1463 1940 1664 2007; x_wconf 86' lang='lat' dir='ltr'><strong>quippe</strong></span> <span class='ocrx_word' id='word_1_261' title='bbox 1714 1938 1920 1999; x_wconf 82' lang='lat' dir='ltr'><strong>verbis,</strong></span> <span class='ocrx_word' id='word_1_262' title='bbox 1972 1934 2038 1989; x_wconf 88' lang='lat' dir='ltr'><strong>In</strong></span> 
     </span>
    </p>
   </div>
   <div class='ocr_carea' id='block_1_38' title="bbox 463 2029 2041 2104">
    <p class='ocr_par' dir='ltr' id='par_1_38' title="bbox 463 2029 2041 2104">
     <span class='ocr_line' id='line_1_38' title="bbox 463 2029 2041 2104; baseline -0.009 -7"><span class='ocrx_word' id='word_1_263' title='bbox 463 2051 714 2097; x_wconf 65' lang='lat' dir='ltr'><strong>aeternum</strong></span> <span class='ocrx_word' id='word_1_264' title='bbox 746 2036 992 2099; x_wconf 84' lang='lat' dir='ltr'><strong>cantabo,</strong></span> <span class='ocrx_word' id='word_1_265' title='bbox 1026 2036 1151 2104; x_wconf 89' lang='lat' dir='ltr'><strong>jure</strong></span> <span class='ocrx_word' id='word_1_266' title='bbox 1188 2034 1466 2088; x_wconf 89' lang='lat' dir='ltr'><strong>canticum</strong></span> <span class='ocrx_word' id='word_1_267' title='bbox 1499 2047 1622 2087; x_wconf 85' lang='lat' dir='ltr'><strong>esse</strong></span> <span class='ocrx_word' id='word_1_268' title='bbox 1669 2030 1929 2095; x_wconf 88' lang='lat' dir='ltr'><strong>dicatur;</strong></span> <span class='ocrx_word' id='word_1_269' title='bbox 1970 2029 2041 2083; x_wconf 82' lang='lat' dir='ltr'><strong>ab</strong></span> 
     </span>
    </p>
   </div>
   <div class='ocr_carea' id='block_1_39' title="bbox 463 2124 2043 2193">
    <p class='ocr_par' dir='ltr' id='par_1_39' title="bbox 463 2124 2043 2193">
     <span class='ocr_line' id='line_1_39' title="bbox 463 2124 2043 2193; baseline -0.009 -4"><span class='ocrx_word' id='word_1_270' title='bbox 463 2134 573 2189; x_wconf 85' lang='lat' dir='ltr'><strong>illis</strong></span> <span class='ocrx_word' id='word_1_271' title='bbox 603 2140 806 2193; x_wconf 83' lang='lat' dir='ltr'><strong>autem,</strong></span> <span class='ocrx_word' id='word_1_272' title='bbox 850 2126 1188 2183; x_wconf 83' lang='lat' dir='ltr'><strong>Annuntiabo</strong></span> <span class='ocrx_word' id='word_1_273' title='bbox 1232 2127 1504 2179; x_wconf 72' lang='lat' dir='ltr'><strong>veritatem</strong></span> <span class='ocrx_word' id='word_1_274' title='bbox 1542 2133 1684 2175; x_wconf 81' lang='lat' dir='ltr'><strong>tuam</strong></span> <span class='ocrx_word' id='word_1_275' title='bbox 1722 2124 1777 2176; x_wconf 90' lang='lat' dir='ltr'><strong>in</strong></span> <span class='ocrx_word' id='word_1_276' title='bbox 1824 2138 2043 2192; x_wconf 82' lang='lat' dir='ltr'><strong>genera-</strong></span> 
     </span>
    </p>
   </div>
   <div class='ocr_carea' id='block_1_40' title="bbox 463 2214 2040 2295">
    <p class='ocr_par' dir='ltr' id='par_1_40' title="bbox 463 2214 2040 2295">
     <span class='ocr_line' id='line_1_40' title="bbox 463 2214 2040 2295; baseline -0.01 -14"><span class='ocrx_word' id='word_1_277' title='bbox 463 2230 655 2283; x_wconf 83' lang='lat' dir='ltr'><strong>tionem</strong></span> <span class='ocrx_word' id='word_1_278' title='bbox 684 2234 734 2279; x_wconf 88' lang='lat' dir='ltr'><strong>et</strong></span> <span class='ocrx_word' id='word_1_279' title='bbox 765 2226 1175 2295; x_wconf 85' lang='lat' dir='ltr'><strong>generationem,</strong></span> <span class='ocrx_word' id='word_1_280' title='bbox 1197 2228 1252 2274; x_wconf 92' lang='lat' dir='ltr'><strong>et</strong></span> <span class='ocrx_word' id='word_1_281' title='bbox 1286 2234 1315 2271; x_wconf 85' lang='lat' dir='ltr'><strong>a</strong></span> <span class='ocrx_word' id='word_1_282' title='bbox 1338 2217 1719 2287; x_wconf 83' lang='lat' dir='ltr'><strong>sequentibus,</strong></span> <span class='ocrx_word' id='word_1_283' title='bbox 1752 2214 2040 2286; x_wconf 81' lang='lat' dir='ltr'><strong>prophetia</strong></span> 
     </span>
    </p>
   </div>
   <div class='ocr_carea' id='block_1_41' title="bbox 463 2307 2044 2377">
    <p class='ocr_par' dir='ltr' id='par_1_41' title="bbox 463 2307 2044 2377">
     <span class='ocr_line' id='line_1_41' title="bbox 463 2307 2044 2377; baseline -0.009 -2"><span class='ocrx_word' id='word_1_284' title='bbox 463 2320 649 2376; x_wconf 79' lang='lat' dir='ltr'><strong>fuerit.</strong></span> <span class='ocrx_word' id='word_1_285' title='bbox 691 2317 880 2372; x_wconf 89' lang='lat' dir='ltr'><strong>Dictus</strong></span> <span class='ocrx_word' id='word_1_286' title='bbox 939 2324 1121 2368; x_wconf 87' lang='lat' dir='ltr'><strong>autem</strong></span> <span class='ocrx_word' id='word_1_287' title='bbox 1162 2319 1247 2366; x_wconf 90' lang='lat' dir='ltr'><strong>est</strong></span> <span class='ocrx_word' id='word_1_288' title='bbox 1281 2310 1483 2364; x_wconf 51' lang='lat' dir='ltr'><strong>[Ethan</strong></span> <span class='ocrx_word' id='word_1_289' title='bbox 1530 2308 1935 2377; x_wconf 69' lang='lat' dir='ltr'><strong>Ezraitae:qua</strong></span> <span class='ocrx_word' id='word_1_290' title='bbox 1975 2307 2044 2361; x_wconf 89' lang='lat' dir='ltr'><strong>de</strong></span> 
     </span>
    </p>
   </div>
   <div class='ocr_carea' id='block_1_42' title="bbox 463 2399 2044 2482">
    <p class='ocr_par' dir='ltr' id='par_1_42' title="bbox 463 2399 2044 2482">
     <span class='ocr_line' id='line_1_42' title="bbox 463 2399 2044 2482; baseline -0.012 -13"><span class='ocrx_word' id='word_1_291' title='bbox 463 2429 524 2469; x_wconf 90' lang='lat' dir='ltr'><strong>re</strong></span> <span class='ocrx_word' id='word_1_292' title='bbox 552 2414 606 2467; x_wconf 89' lang='lat' dir='ltr'><strong>in</strong></span> <span class='ocrx_word' id='word_1_293' title='bbox 633 2412 788 2482; x_wconf 88' lang='lat' dir='ltr'><strong>prius</strong></span> <span class='ocrx_word' id='word_1_294' title='bbox 816 2405 1105 2479; x_wconf 76' lang='lat' dir='ltr'><strong>esplicatis</strong></span> <span class='ocrx_word' id='word_1_295' title='bbox 1133 2402 1358 2475; x_wconf 86' lang='lat' dir='ltr'><strong>psalmis</strong></span> <span class='ocrx_word' id='word_1_296' title='bbox 1380 2416 1478 2471; x_wconf 90' lang='lat' dir='ltr'><strong>pro</strong></span> <span class='ocrx_word' id='word_1_297' title='bbox 1510 2399 1770 2455; x_wconf 80' lang='lat' dir='ltr'><strong>facultate</strong></span> <span class='ocrx_word' id='word_1_298' title='bbox 1794 2399 2044 2469; x_wconf 89' lang='lat' dir='ltr'><strong>disputa-</strong></span> 
     </span>
    </p>
   </div>
   <div class='ocr_carea' id='block_1_43' title="bbox 462 2502 956 2560">
    <p class='ocr_par' dir='ltr' id='par_1_43' title="bbox 462 2502 956 2560">
     <span class='ocr_line' id='line_1_43' title="bbox 462 2502 956 2560; baseline -0.016 0"><span class='ocrx_word' id='word_1_299' title='bbox 462 2516 579 2560; x_wconf 92' lang='lat' dir='ltr'><strong>tum</strong></span> <span class='ocrx_word' id='word_1_300' title='bbox 604 2520 632 2556; x_wconf 91' lang='lat' dir='ltr'><strong>a</strong></span> <span class='ocrx_word' id='word_1_301' title='bbox 664 2502 824 2557; x_wconf 87' lang='lat' dir='ltr'><strong>nobis</strong></span> <span class='ocrx_word' id='word_1_302' title='bbox 854 2508 956 2554; x_wconf 85' lang='lat' dir='ltr'><strong>est.</strong></span> 
     </span>
    </p>
   </div>
   <div class='ocr_carea' id='block_1_44' title="bbox 535 2579 2046 2656">
    <p class='ocr_par' dir='ltr' id='par_1_44' title="bbox 535 2579 2046 2656">
     <span class='ocr_line' id='line_1_44' title="bbox 535 2579 2046 2656; baseline -0.011 -7"><span class='ocrx_word' id='word_1_303' title='bbox 535 2593 705 2649; x_wconf 73' lang='lat' dir='ltr'><strong>Vens.</strong></span> <span class='ocrx_word' id='word_1_304' title='bbox 748 2592 802 2645; x_wconf 75' lang='grc'><strong>5.</strong></span> <span class='ocrx_word' id='word_1_305' title='bbox 856 2588 1120 2656; x_wconf 83' lang='lat' dir='ltr'><strong>Quoniam</strong></span> <span class='ocrx_word' id='word_1_306' title='bbox 1166 2585 1376 2647; x_wconf 71' lang='lat' dir='ltr'><strong>dixisti,</strong></span> <span class='ocrx_word' id='word_1_307' title='bbox 1424 2581 1489 2637; x_wconf 85' lang='lat' dir='ltr'><strong>In</strong></span> <span class='ocrx_word' id='word_1_308' title='bbox 1537 2591 1791 2637; x_wconf 75' lang='lat' dir='ltr'><strong>wternum</strong></span> <span class='ocrx_word' id='word_1_309' title='bbox 1836 2579 2046 2633; x_wconf 84' lang='lat' dir='ltr'><strong>miseri-</strong></span> 
     </span>
    </p>
   </div>
   <div class='ocr_carea' id='block_1_45' title="bbox 464 2674 2044 2751">
    <p class='ocr_par' dir='ltr' id='par_1_45' title="bbox 464 2674 2044 2751">
     <span class='ocr_line' id='line_1_45' title="bbox 464 2674 2044 2751; baseline -0.01 -10"><span class='ocrx_word' id='word_1_310' title='bbox 464 2688 647 2742; x_wconf 82' lang='lat' dir='ltr'><strong>cordia</strong></span> <span class='ocrx_word' id='word_1_311' title='bbox 696 2681 1085 2751; x_wconf 75' lang='lat' dir='ltr'><strong>trdr&#39;ﬁcabitur,</strong></span> <span class='ocrx_word' id='word_1_312' title='bbox 1130 2680 1187 2731; x_wconf 86' lang='lat' dir='ltr'><strong>in</strong></span> <span class='ocrx_word' id='word_1_313' title='bbox 1232 2677 1375 2731; x_wconf 76' lang='lat' dir='ltr'><strong>caelis</strong></span> <span class='ocrx_word' id='word_1_314' title='bbox 1412 2674 1804 2744; x_wconf 71' lang='lat' dir='ltr'><strong>prwparabitur</strong></span> <span class='ocrx_word' id='word_1_315' title='bbox 1852 2674 2044 2725; x_wconf 79' lang='lat' dir='ltr'><strong>veritas</strong></span> 
     </span>
    </p>
   </div>
   <div class='ocr_carea' id='block_1_46' title="bbox 466 2766 2047 2837">
    <p class='ocr_par' dir='ltr' id='par_1_46' title="bbox 466 2766 2047 2837">
     <span class='ocr_line' id='line_1_46' title="bbox 466 2766 2047 2837; baseline -0.011 -2"><span class='ocrx_word' id='word_1_316' title='bbox 466 2791 578 2834; x_wconf 88' lang='lat' dir='ltr'><strong>tua.</strong></span> <span class='ocrx_word' id='word_1_317' title='bbox 612 2777 719 2831; x_wconf 82' lang='lat' dir='ltr'><strong>Pro</strong></span> <span class='ocrx_word' id='word_1_318' title='bbox 742 2777 834 2829; x_wconf 87' lang='lat' dir='ltr'><strong>illo</strong></span> <span class='ocrx_word' id='word_1_319' title='bbox 866 2782 1070 2835; x_wconf 73' lang='lat' dir='ltr'><strong>autem,</strong></span> <span class='ocrx_word' id='word_1_320' title='bbox 1104 2770 1369 2837; x_wconf 82' lang='lat' dir='ltr'><strong>Quoniam</strong></span> <span class='ocrx_word' id='word_1_321' title='bbox 1402 2770 1611 2830; x_wconf 75' lang='lat' dir='ltr'><strong>dixisti,</strong></span> <span class='ocrx_word' id='word_1_322' title='bbox 1656 2766 1850 2837; x_wconf 80' lang='lat' dir='ltr'><strong>Aquila</strong></span> <span class='ocrx_word' id='word_1_323' title='bbox 1877 2766 2047 2819; x_wconf 87' lang='lat' dir='ltr'><strong>inter-</strong></span> 
     </span>
    </p>
   </div>
   <div class='ocr_carea' id='block_1_47' title="bbox 466 2858 2047 2943">
    <p class='ocr_par' dir='ltr' id='par_1_47' title="bbox 466 2858 2047 2943">
     <span class='ocr_line' id='line_1_47' title="bbox 466 2858 2047 2943; baseline -0.011 -17"><span class='ocrx_word' id='word_1_324' title='bbox 466 2877 713 2943; x_wconf 88' lang='lat' dir='ltr'><strong>pretatus</strong></span> <span class='ocrx_word' id='word_1_325' title='bbox 742 2877 846 2931; x_wconf 87' lang='lat' dir='ltr'><strong>est,</strong></span> <span class='ocrx_word' id='word_1_326' title='bbox 872 2864 1135 2930; x_wconf 85' lang='lat' dir='ltr'><strong>Quoniam</strong></span> <span class='ocrx_word' id='word_1_327' title='bbox 1164 2860 1312 2922; x_wconf 75' lang='lat' dir='ltr'><strong>dixi;</strong></span> <span class='ocrx_word' id='word_1_328' title='bbox 1348 2858 1710 2929; x_wconf 85' lang='lat' dir='ltr'><strong>Symmachus</strong></span> <span class='ocrx_word' id='word_1_329' title='bbox 1744 2872 1892 2921; x_wconf 84' lang='lat' dir='ltr'><strong>vero,</strong></span> <span class='ocrx_word' id='word_1_330' title='bbox 1923 2873 2047 2926; x_wconf 90' lang='lat' dir='ltr'><strong>quo-</strong></span> 
     </span>
    </p>
   </div>
   <div class='ocr_carea' id='block_1_48' title="bbox 466 2948 2044 3021">
    <p class='ocr_par' dir='ltr' id='par_1_48' title="bbox 466 2948 2044 3021">
     <span class='ocr_line' id='line_1_48' title="bbox 466 2948 2044 3021; baseline -0.011 -4"><span class='ocrx_word' id='word_1_331' title='bbox 466 2963 612 3017; x_wconf 88' lang='lat' dir='ltr'><strong>niam</strong></span> <span class='ocrx_word' id='word_1_332' title='bbox 670 2958 816 3021; x_wconf 73' lang='lat' dir='ltr'><strong>dixi;</strong></span> <span class='ocrx_word' id='word_1_333' title='bbox 873 2953 1179 3009; x_wconf 87' lang='lat' dir='ltr'><strong>Theodotio</strong></span> <span class='ocrx_word' id='word_1_334' title='bbox 1234 2952 1525 3015; x_wconf 86' lang='lat' dir='ltr'><strong>similiter,</strong></span> <span class='ocrx_word' id='word_1_335' title='bbox 1580 2950 1844 3015; x_wconf 84' lang='lat' dir='ltr'><strong>Quoniam</strong></span> <span class='ocrx_word' id='word_1_336' title='bbox 1896 2948 2044 3011; x_wconf 74' lang='lat' dir='ltr'><strong>dixi;</strong></span> 
     </span>
    </p>
   </div>
   <div class='ocr_carea' id='block_1_49' title="bbox 465 3040 2047 3124">
    <p class='ocr_par' dir='ltr' id='par_1_49' title="bbox 465 3040 2047 3124">
     <span class='ocr_line' id='line_1_49' title="bbox 465 3040 2047 3124; baseline -0.01 -16"><span class='ocrx_word' id='word_1_337' title='bbox 465 3054 657 3124; x_wconf 84' lang='lat' dir='ltr'><strong>quinta</strong></span> <span class='ocrx_word' id='word_1_338' title='bbox 690 3052 818 3105; x_wconf 89' lang='lat' dir='ltr'><strong>item</strong></span> <span class='ocrx_word' id='word_1_339' title='bbox 847 3046 1036 3109; x_wconf 89' lang='lat' dir='ltr'><strong>editio,</strong></span> <span class='ocrx_word' id='word_1_340' title='bbox 1074 3044 1338 3109; x_wconf 84' lang='lat' dir='ltr'><strong>Quoniam</strong></span> <span class='ocrx_word' id='word_1_341' title='bbox 1376 3042 1489 3094; x_wconf 68' lang='lat' dir='ltr'><strong>dixi</strong></span> <span class='ocrx_word' id='word_1_342' title='bbox 1507 3057 1524 3103; x_wconf 87' lang='lat'><strong>;</strong></span> <span class='ocrx_word' id='word_1_343' title='bbox 1555 3041 1712 3110; x_wconf 91' lang='lat' dir='ltr'><strong>quasi</strong></span> <span class='ocrx_word' id='word_1_344' title='bbox 1742 3040 1951 3094; x_wconf 88' lang='lat' dir='ltr'><strong>scilicet</strong></span> <span class='ocrx_word' id='word_1_345' title='bbox 1979 3054 2047 3093; x_wconf 81' lang='lat' dir='ltr'><strong>ex</strong></span> 
     </span>
    </p>
   </div>
   <div class='ocr_carea' id='block_1_50' title="bbox 467 3132 2046 3218">
    <p class='ocr_par' dir='ltr' id='par_1_50' title="bbox 467 3132 2046 3218">
     <span class='ocr_line' id='line_1_50' title="bbox 467 3132 2046 3218; baseline -0.013 -14"><span class='ocrx_word' id='word_1_346' title='bbox 467 3147 751 3218; x_wconf 79' lang='lat' dir='ltr'><strong>Propheta:</strong></span> <span class='ocrx_word' id='word_1_347' title='bbox 804 3154 1035 3212; x_wconf 84' lang='lat' dir='ltr'><strong>persona</strong></span> <span class='ocrx_word' id='word_1_348' title='bbox 1097 3152 1279 3193; x_wconf 90' lang='lat' dir='ltr'><strong>sermo</strong></span> <span class='ocrx_word' id='word_1_349' title='bbox 1326 3135 1681 3199; x_wconf 89' lang='lat' dir='ltr'><strong>enuntietur;</strong></span> <span class='ocrx_word' id='word_1_350' title='bbox 1736 3132 1825 3185; x_wconf 93' lang='lat' dir='ltr'><strong>hic</strong></span> <span class='ocrx_word' id='word_1_351' title='bbox 1880 3146 2046 3201; x_wconf 91' lang='lat' dir='ltr'><strong>porro</strong></span> 
     </span>
    </p>
   </div>
   <div class='ocr_carea' id='block_1_51' title="bbox 2146 1919 3740 1997">
    <p class='ocr_par' dir='ltr' id='par_1_51' title="bbox 2146 1919 3740 1997">
     <span class='ocr_line' id='line_1_51' title="bbox 2146 1919 3740 1997; baseline -0.004 -19"><span class='ocrx_word' id='word_1_352' title='bbox 2146 1927 2255 1997; x_wconf 85' lang='grc' dir='ltr'><strong>γάρ</strong></span> <span class='ocrx_word' id='word_1_353' title='bbox 2284 1925 2380 1977; x_wconf 87' lang='grc' dir='ltr'><strong>τοῦ</strong></span> <span class='ocrx_word' id='word_1_354' title='bbox 2400 1943 2414 1955; x_wconf 74' lang='grc'><strong>⁸</strong></span> <span class='ocrx_word' id='word_1_355' title='bbox 2451 1928 2556 1990; x_wconf 82' lang='grc' dir='ltr'>Εἰς</span> <span class='ocrx_word' id='word_1_356' title='bbox 2584 1925 2693 1977; x_wconf 80' lang='grc' dir='ltr'>τὸν</span> <span class='ocrx_word' id='word_1_357' title='bbox 2723 1924 2907 1978; x_wconf 71' lang='grc' dir='ltr'>αἰῶνα</span> <span class='ocrx_word' id='word_1_358' title='bbox 2936 1922 3177 1993; x_wconf 73' lang='grc' dir='ltr'>ᾄσομαι.</span> <span class='ocrx_word' id='word_1_359' title='bbox 3215 1923 3356 1993; x_wconf 75' lang='grc' dir='ltr'>ᾠδὴν</span> <span class='ocrx_word' id='word_1_360' title='bbox 3390 1921 3559 1990; x_wconf 66' lang='grc' dir='ltr'>αὐτὴν</span> <span class='ocrx_word' id='word_1_361' title='bbox 3588 1919 3740 1972; x_wconf 81' lang='grc' dir='ltr'>εἰκό-</span> 
     </span>
    </p>
   </div>
   <div class='ocr_carea' id='block_1_52' title="bbox 2145 2005 3738 2085">
    <p class='ocr_par' dir='ltr' id='par_1_52' title="bbox 2145 2005 3738 2085">
     <span class='ocr_line' id='line_1_52' title="bbox 2145 2005 3738 2085; baseline -0.004 -16"><span class='ocrx_word' id='word_1_362' title='bbox 2145 2035 2254 2079; x_wconf 85' lang='grc' dir='ltr'><strong>τως</strong></span> <span class='ocrx_word' id='word_1_363' title='bbox 2276 2017 2343 2070; x_wconf 80' lang='grc' dir='ltr'><strong>ἀν</strong></span> <span class='ocrx_word' id='word_1_364' title='bbox 2372 2034 2456 2080; x_wconf 81' lang='grc' dir='ltr'><strong>τις</strong></span> <span class='ocrx_word' id='word_1_365' title='bbox 2484 2017 2645 2069; x_wconf 76' lang='grc' dir='ltr'>εἴποι·</span> <span class='ocrx_word' id='word_1_366' title='bbox 2686 2016 2793 2069; x_wconf 76' lang='grc' dir='ltr'>ἀπὸ</span> <span class='ocrx_word' id='word_1_367' title='bbox 2818 2017 2875 2070; x_wconf 80' lang='grc' dir='ltr'><strong>δὲ</strong></span> <span class='ocrx_word' id='word_1_368' title='bbox 2898 2016 2993 2069; x_wconf 87' lang='grc' dir='ltr'><strong>τοῦ</strong></span> <span class='ocrx_word' id='word_1_369' title='bbox 3014 2005 3035 2046; x_wconf 64' lang='grc'><strong>’⁸</strong></span> <span class='ocrx_word' id='word_1_370' title='bbox 3072 2014 3405 2085; x_wconf 47' lang='grc' dir='ltr'>Ἀπαγγελῶ</span> <span class='ocrx_word' id='word_1_371' title='bbox 3440 2014 3555 2079; x_wconf 78' lang='grc' dir='ltr'><strong>τὴν</strong></span> <span class='ocrx_word' id='word_1_372' title='bbox 3580 2011 3738 2080; x_wconf 72' lang='grc' dir='ltr'>ἀλή-</span> 
     </span>
    </p>
   </div>
   <div class='ocr_carea' id='block_1_53' title="bbox 2148 2106 3739 2178">
    <p class='ocr_par' dir='ltr' id='par_1_53' title="bbox 2148 2106 3739 2178">
     <span class='ocr_line' id='line_1_53' title="bbox 2148 2106 3739 2178; baseline -0.003 -16"><span class='ocrx_word' id='word_1_373' title='bbox 2148 2108 2313 2162; x_wconf 82' lang='grc' dir='ltr'>θειάν</span> <span class='ocrx_word' id='word_1_374' title='bbox 2339 2125 2454 2162; x_wconf 88' lang='grc' dir='ltr'><strong>σου</strong></span> <span class='ocrx_word' id='word_1_375' title='bbox 2478 2112 2565 2174; x_wconf 83' lang='grc' dir='ltr'><strong>εἰς</strong></span> <span class='ocrx_word' id='word_1_376' title='bbox 2586 2110 2800 2178; x_wconf 73' lang='grc' dir='ltr'>γενεὰν</span> <span class='ocrx_word' id='word_1_377' title='bbox 2829 2110 2927 2161; x_wconf 78' lang='grc' dir='ltr'>καὶ</span> <span class='ocrx_word' id='word_1_378' title='bbox 2952 2109 3187 2178; x_wconf 65' lang='lat' dir='ltr'><strong>res-ear,</strong></span> <span class='ocrx_word' id='word_1_379' title='bbox 3219 2109 3313 2161; x_wconf 74' lang='grc' dir='ltr'><strong>καὶ</strong></span> <span class='ocrx_word' id='word_1_380' title='bbox 3342 2107 3451 2160; x_wconf 81' lang='grc' dir='ltr'><strong>ἀπὸ</strong></span> <span class='ocrx_word' id='word_1_381' title='bbox 3473 2107 3582 2158; x_wconf 81' lang='grc' dir='ltr'><strong>τῶν</strong></span> <span class='ocrx_word' id='word_1_382' title='bbox 3612 2106 3739 2175; x_wconf 53' lang='grc' dir='ltr'>ἑῆς</span> 
     </span>
    </p>
   </div>
   <div class='ocr_carea' id='block_1_54' title="bbox 2149 2197 3738 2273">
    <p class='ocr_par' dir='ltr' id='par_1_54' title="bbox 2149 2197 3738 2273">
     <span class='ocr_line' id='line_1_54' title="bbox 2149 2197 3738 2273; baseline -0.003 -19"><span class='ocrx_word' id='word_1_383' title='bbox 2149 2201 2569 2272; x_wconf 77' lang='grc' dir='ltr'><strong>ἐπιλεγομένων,</strong></span> <span class='ocrx_word' id='word_1_384' title='bbox 2606 2202 2963 2273; x_wconf 71' lang='grc' dir='ltr'>προφητείαν.</span> <span class='ocrx_word' id='word_1_385' title='bbox 3000 2202 3262 2254; x_wconf 79' lang='grc' dir='ltr'><strong>Λέλεκται</strong></span> <span class='ocrx_word' id='word_1_386' title='bbox 3317 2200 3375 2253; x_wconf 85' lang='grc' dir='ltr'><strong>δὲ</strong></span> <span class='ocrx_word' id='word_1_387' title='bbox 3424 2198 3591 2252; x_wconf 75' lang='grc' dir='ltr'>Αἰθὰν</span> <span class='ocrx_word' id='word_1_388' title='bbox 3641 2197 3738 2250; x_wconf 85' lang='grc' dir='ltr'><strong>τοῦ</strong></span> 
     </span>
    </p>
   </div>
   <div class='ocr_carea' id='block_1_55' title="bbox 2163 2292 3743 2367">
    <p class='ocr_par' dir='ltr' id='par_1_55' title="bbox 2163 2292 3743 2367">
     <span class='ocr_line' id='line_1_55' title="bbox 2163 2292 3743 2367; baseline -0.003 -20"><span class='ocrx_word' id='word_1_389' title='bbox 2163 2295 2473 2367; x_wconf 80' lang='grc' dir='ltr'>Ἐσδραῖτου</span> <span class='ocrx_word' id='word_1_390' title='bbox 2501 2297 2629 2365; x_wconf 79' lang='grc' dir='ltr'>περὶ</span> <span class='ocrx_word' id='word_1_391' title='bbox 2654 2292 2716 2349; x_wconf 77' lang='grc' dir='ltr'><strong>οῦ</strong></span> <span class='ocrx_word' id='word_1_392' title='bbox 2744 2294 2812 2347; x_wconf 75' lang='grc' dir='ltr'>τὰ</span> <span class='ocrx_word' id='word_1_393' title='bbox 2844 2295 3195 2367; x_wconf 73' lang='grc' dir='ltr'>παραστάντα</span> <span class='ocrx_word' id='word_1_394' title='bbox 3219 2293 3278 2345; x_wconf 84' lang='grc' dir='ltr'><strong>ἐν</strong></span> <span class='ocrx_word' id='word_1_395' title='bbox 3305 2293 3418 2356; x_wconf 88' lang='grc' dir='ltr'>τοῖς</span> <span class='ocrx_word' id='word_1_396' title='bbox 3449 2306 3743 2363; x_wconf 82' lang='grc' dir='ltr'>προτεχνο-</span> 
     </span>
    </p>
   </div>
   <div class='ocr_carea' id='block_1_56' title="bbox 2149 2386 3294 2459">
    <p class='ocr_par' dir='ltr' id='par_1_56' title="bbox 2149 2386 3294 2459">
     <span class='ocr_line' id='line_1_56' title="bbox 2149 2386 3294 2459; baseline 0 -21"><span class='ocrx_word' id='word_1_397' title='bbox 2149 2386 2498 2456; x_wconf 84' lang='grc' dir='ltr'>λογουμένοις</span> <span class='ocrx_word' id='word_1_398' title='bbox 2520 2387 2629 2440; x_wconf 87' lang='grc' dir='ltr'><strong>τῶν</strong></span> <span class='ocrx_word' id='word_1_399' title='bbox 2660 2387 2889 2459; x_wconf 72' lang='grc' dir='ltr'>ψαλμῶν</span> <span class='ocrx_word' id='word_1_400' title='bbox 2917 2387 3294 2457; x_wconf 77' lang='grc' dir='ltr'>διειλήφαμεν.</span> 
     </span>
    </p>
   </div>
   <div class='ocr_carea' id='block_1_57' title="bbox 2224 2554 3739 2630">
    <p class='ocr_par' dir='ltr' id='par_1_57' title="bbox 2224 2554 3739 2630">
     <span class='ocr_line' id='line_1_57' title="bbox 2224 2554 3739 2630; baseline 0.003 -21"><span class='ocrx_word' id='word_1_401' title='bbox 2224 2558 2343 2610; x_wconf 83' lang='grc' dir='ltr'>Ὀτι</span> <span class='ocrx_word' id='word_1_402' title='bbox 2389 2554 2564 2626; x_wconf 74' lang='grc' dir='ltr'>εἶπας</span> <span class='ocrx_word' id='word_1_403' title='bbox 2587 2577 2601 2589; x_wconf 89' lang='grc'>·</span> <span class='ocrx_word' id='word_1_404' title='bbox 2638 2562 2744 2627; x_wconf 75' lang='grc' dir='ltr'>Εἰς</span> <span class='ocrx_word' id='word_1_405' title='bbox 2768 2560 2875 2614; x_wconf 82' lang='grc' dir='ltr'>τὸν</span> <span class='ocrx_word' id='word_1_406' title='bbox 2904 2561 3091 2614; x_wconf 76' lang='grc' dir='ltr'>αἰῶνα</span> <span class='ocrx_word' id='word_1_407' title='bbox 3127 2561 3301 2627; x_wconf 75' lang='grc' dir='ltr'>ἔλεος</span> <span class='ocrx_word' id='word_1_408' title='bbox 3343 2560 3739 2630; x_wconf 79' lang='grc' dir='ltr'>οἰκοδομηθή-</span> 
     </span>
    </p>
   </div>
   <div class='ocr_carea' id='block_1_58' title="bbox 2151 2652 3741 2723">
    <p class='ocr_par' dir='ltr' id='par_1_58' title="bbox 2151 2652 3741 2723">
     <span class='ocr_line' id='line_1_58' title="bbox 2151 2652 3741 2723; baseline 0.004 -21"><span class='ocrx_word' id='word_1_409' title='bbox 2151 2664 2344 2715; x_wconf 84' lang='grc' dir='ltr'><strong>σεται,</strong></span> <span class='ocrx_word' id='word_1_410' title='bbox 2394 2653 2465 2705; x_wconf 85' lang='grc' dir='ltr'><strong>ἐν</strong></span> <span class='ocrx_word' id='word_1_411' title='bbox 2512 2652 2636 2719; x_wconf 85' lang='grc' dir='ltr'>τοῖς</span> <span class='ocrx_word' id='word_1_412' title='bbox 2666 2654 2945 2722; x_wconf 80' lang='grc' dir='ltr'>οὐρανοῖς</span> <span class='ocrx_word' id='word_1_413' title='bbox 2976 2654 3471 2723; x_wconf 79' lang='grc' dir='ltr'>ἐτοιμασθήσεται</span> <span class='ocrx_word' id='word_1_414' title='bbox 3516 2655 3557 2721; x_wconf 79' lang='grc' dir='ltr'>ἡ</span> <span class='ocrx_word' id='word_1_415' title='bbox 3590 2654 3741 2719; x_wconf 75' lang='grc' dir='ltr'>ἀλή-</span> 
     </span>
    </p>
   </div>
   <div class='ocr_carea' id='block_1_59' title="bbox 2151 2743 3743 2816">
    <p class='ocr_par' dir='ltr' id='par_1_59' title="bbox 2151 2743 3743 2816">
     <span class='ocr_line' id='line_1_59' title="bbox 2151 2743 3743 2816; baseline -0.002 -17"><span class='ocrx_word' id='word_1_416' title='bbox 2151 2744 2282 2799; x_wconf 85' lang='grc' dir='ltr'>θειά</span> <span class='ocrx_word' id='word_1_417' title='bbox 2313 2760 2449 2799; x_wconf 90' lang='grc' dir='ltr'>σου.</span> <span class='ocrx_word' id='word_1_418' title='bbox 2468 2746 2614 2799; x_wconf 76' lang='grc' dir='ltr'>’Δντὶ</span> <span class='ocrx_word' id='word_1_419' title='bbox 2644 2747 2737 2799; x_wconf 87' lang='grc' dir='ltr'><strong>τοῦ</strong></span> <span class='ocrx_word' id='word_1_420' title='bbox 2759 2764 2772 2776; x_wconf 93' lang='grc'><strong>·</strong></span> <span class='ocrx_word' id='word_1_421' title='bbox 2810 2749 2929 2799; x_wconf 81' lang='grc' dir='ltr'>Ὅτι</span> <span class='ocrx_word' id='word_1_422' title='bbox 2962 2743 3157 2813; x_wconf 76' lang='grc' dir='ltr'>εἶπας,</span> <span class='ocrx_word' id='word_1_423' title='bbox 3185 2748 3214 2798; x_wconf 98' lang='lat'><strong>6</strong></span> <span class='ocrx_word' id='word_1_424' title='bbox 3245 2747 3343 2816; x_wconf 81' lang='grc' dir='ltr'><strong>μὲν</strong></span> <span class='ocrx_word' id='word_1_425' title='bbox 3386 2745 3616 2807; x_wconf 85' lang='grc' dir='ltr'>Ἀκύλας</span> <span class='ocrx_word' id='word_1_426' title='bbox 3645 2748 3743 2815; x_wconf 79' lang='grc' dir='ltr'><strong>ἡρ-</strong></span> 
     </span>
    </p>
   </div>
   <div class='ocr_carea' id='block_1_60' title="bbox 2156 2832 3742 2909">
    <p class='ocr_par' dir='ltr' id='par_1_60' title="bbox 2156 2832 3742 2909">
     <span class='ocr_line' id='line_1_60' title="bbox 2156 2832 3742 2909; baseline 0 -20"><span class='ocrx_word' id='word_1_427' title='bbox 2156 2840 2453 2909; x_wconf 87' lang='grc' dir='ltr'>μήνευσεν·</span> <span class='ocrx_word' id='word_1_428' title='bbox 2490 2840 2610 2891; x_wconf 85' lang='grc' dir='ltr'>Ὅτι</span> <span class='ocrx_word' id='word_1_429' title='bbox 2640 2835 2811 2892; x_wconf 73' lang='grc' dir='ltr'>εἶπα*</span> <span class='ocrx_word' id='word_1_430' title='bbox 2854 2841 2883 2892; x_wconf 91' lang='lat'><strong>6</strong></span> <span class='ocrx_word' id='word_1_431' title='bbox 2912 2840 2969 2892; x_wconf 84' lang='grc' dir='ltr'>δὲ</span> <span class='ocrx_word' id='word_1_432' title='bbox 3000 2839 3295 2909; x_wconf 75' lang='grc' dir='ltr'>Σύμμαχος</span> <span class='ocrx_word' id='word_1_433' title='bbox 3315 2855 3327 2866; x_wconf 92' lang='grc'><strong>·</strong></span> <span class='ocrx_word' id='word_1_434' title='bbox 3372 2838 3493 2890; x_wconf 78' lang='grc' dir='ltr'>Ὀτι</span> <span class='ocrx_word' id='word_1_435' title='bbox 3531 2832 3742 2889; x_wconf 76' lang='grc' dir='ltr'>εἷπον·</span> 
     </span>
    </p>
   </div>
   <div class='ocr_carea' id='block_1_61' title="bbox 2154 2926 3743 2999">
    <p class='ocr_par' dir='ltr' id='par_1_61' title="bbox 2154 2926 3743 2999">
     <span class='ocr_line' id='line_1_61' title="bbox 2154 2926 3743 2999; baseline 0.001 -19"><span class='ocrx_word' id='word_1_436' title='bbox 2154 2929 2250 2981; x_wconf 78' lang='grc' dir='ltr'>καὶ</span> <span class='ocrx_word' id='word_1_437' title='bbox 2292 2930 2321 2981; x_wconf 88' lang='grc' dir='ltr'>ὁ</span> <span class='ocrx_word' id='word_1_438' title='bbox 2347 2927 2639 2981; x_wconf 81' lang='grc' dir='ltr'>Θεοδοτίων</span> <span class='ocrx_word' id='word_1_439' title='bbox 2672 2930 2873 2999; x_wconf 83' lang='grc' dir='ltr'>ὁμοίως</span> <span class='ocrx_word' id='word_1_440' title='bbox 2892 2947 2904 2958; x_wconf 89' lang='grc'><strong>·</strong></span> <span class='ocrx_word' id='word_1_441' title='bbox 2939 2930 3061 2982; x_wconf 87' lang='grc' dir='ltr'><strong>Ὅτι</strong></span> <span class='ocrx_word' id='word_1_442' title='bbox 3088 2926 3263 2982; x_wconf 84' lang='grc' dir='ltr'>εἷπον</span> <span class='ocrx_word' id='word_1_443' title='bbox 3284 2946 3299 2958; x_wconf 89' lang='grc'><strong>·</strong></span> <span class='ocrx_word' id='word_1_444' title='bbox 3333 2930 3427 2981; x_wconf 74' lang='grc' dir='ltr'><strong>καὶ</strong></span> <span class='ocrx_word' id='word_1_445' title='bbox 3453 2931 3485 2998; x_wconf 86' lang='grc' dir='ltr'><strong>ή</strong></span> <span class='ocrx_word' id='word_1_446' title='bbox 3518 2929 3743 2999; x_wconf 47' lang='lat' dir='ltr'><strong>dum</strong></span> 
     </span>
    </p>
   </div>
   <div class='ocr_carea' id='block_1_62' title="bbox 2154 3015 3745 3091">
    <p class='ocr_par' dir='ltr' id='par_1_62' title="bbox 2154 3015 3745 3091">
     <span class='ocr_line' id='line_1_62' title="bbox 2154 3015 3745 3091; baseline -0.002 -19"><span class='ocrx_word' id='word_1_447' title='bbox 2154 3019 2362 3082; x_wconf 80' lang='grc' dir='ltr'>ἐκδοσις</span> <span class='ocrx_word' id='word_1_448' title='bbox 2382 3037 2394 3047; x_wconf 91' lang='grc'><strong>·</strong></span> <span class='ocrx_word' id='word_1_449' title='bbox 2437 3020 2555 3072; x_wconf 74' lang='grc' dir='ltr'>Ὀτι</span> <span class='ocrx_word' id='word_1_450' title='bbox 2582 3015 2753 3073; x_wconf 74' lang='grc' dir='ltr'>εἶπα·</span> <span class='ocrx_word' id='word_1_451' title='bbox 2800 3021 2875 3084; x_wconf 87' lang='grc' dir='ltr'>ὡς</span> <span class='ocrx_word' id='word_1_452' title='bbox 2907 3022 2972 3073; x_wconf 85' lang='grc' dir='ltr'><strong>ἐκ</strong></span> <span class='ocrx_word' id='word_1_453' title='bbox 3011 3019 3301 3091; x_wconf 80' lang='grc' dir='ltr'>προσώπου</span> <span class='ocrx_word' id='word_1_454' title='bbox 3330 3018 3423 3071; x_wconf 86' lang='grc' dir='ltr'><strong>τοῦ</strong></span> <span class='ocrx_word' id='word_1_455' title='bbox 3456 3019 3745 3089; x_wconf 70' lang='grc' dir='ltr'>Προφήτου</span> 
     </span>
    </p>
   </div>
   <div class='ocr_carea' id='block_1_63' title="bbox 2155 3105 3744 3181">
    <p class='ocr_par' dir='ltr' id='par_1_63' title="bbox 2155 3105 3744 3181">
     <span class='ocr_line' id='line_1_63' title="bbox 2155 3105 3744 3181; baseline 0 -21"><span class='ocrx_word' id='word_1_456' title='bbox 2155 3108 2448 3178; x_wconf 81' lang='grc' dir='ltr'>λεγομένου</span> <span class='ocrx_word' id='word_1_457' title='bbox 2471 3108 2567 3161; x_wconf 86' lang='grc' dir='ltr'><strong>τοῦ</strong></span> <span class='ocrx_word' id='word_1_458' title='bbox 2594 3110 2774 3178; x_wconf 84' lang='grc' dir='ltr'>λόγου.</span> <span class='ocrx_word' id='word_1_459' title='bbox 2790 3105 2957 3174; x_wconf 70' lang='grc' dir='ltr'>Οὗτος</span> <span class='ocrx_word' id='word_1_460' title='bbox 2983 3110 3039 3162; x_wconf 81' lang='grc' dir='ltr'><strong>δὲ</strong></span> <span class='ocrx_word' id='word_1_461' title='bbox 3067 3106 3133 3181; x_wconf 77' lang='grc' dir='ltr'>ἦν</span> <span class='ocrx_word' id='word_1_462' title='bbox 3164 3108 3333 3163; x_wconf 79' lang='grc' dir='ltr'>Αἰθὰν</span> <span class='ocrx_word' id='word_1_463' title='bbox 3351 3111 3380 3161; x_wconf 89' lang='lat'><strong>6</strong></span> <span class='ocrx_word' id='word_1_464' title='bbox 3405 3109 3744 3179; x_wconf 72' lang='grc' dir='ltr'>Ἐσδραῒτης,</span> 
     </span>
    </p>
   </div>
   <div class='ocr_carea' id='block_1_64' title="bbox 467 3200 2045 3299">
    <p class='ocr_par' dir='ltr' id='par_1_64' title="bbox 467 3200 2045 3299">
     <span class='ocr_line' id='line_1_64' title="bbox 467 3200 2045 3299; baseline -0.013 0"><span class='ocrx_word' id='word_1_465' title='bbox 467 3200 821 3299; x_wconf 56' lang='lat' dir='ltr'><strong>eratrJEthan</strong></span> <span class='ocrx_word' id='word_1_466' title='bbox 868 3232 1135 3292; x_wconf 84' lang='lat' dir='ltr'><strong>Ezraites,</strong></span> <span class='ocrx_word' id='word_1_467' title='bbox 1195 3236 1255 3283; x_wconf 86' lang='lat' dir='ltr'><strong>ut</strong></span> <span class='ocrx_word' id='word_1_468' title='bbox 1288 3227 1481 3281; x_wconf 88' lang='lat' dir='ltr'><strong>titulus</strong></span> <span class='ocrx_word' id='word_1_469' title='bbox 1529 3224 1794 3279; x_wconf 87' lang='lat' dir='ltr'><strong>declarat.</strong></span> <span class='ocrx_word' id='word_1_470' title='bbox 1838 3200 2045 3293; x_wconf 80' lang='lat' dir='ltr'><strong>Hujus-</strong></span> 
     </span>
    </p>
   </div>
   <div class='ocr_carea' id='block_1_65' title="bbox 2151 3200 3747 3299">
    <p class='ocr_par' dir='ltr' id='par_1_65' title="bbox 2151 3200 3747 3273">
     <span class='ocr_line' id='line_1_65' title="bbox 2151 3200 3747 3273; baseline 0 -21"><span class='ocrx_word' id='word_1_471' title='bbox 2151 3200 2226 3264; x_wconf 85' lang='grc' dir='ltr'><strong>ὡς</strong></span> <span class='ocrx_word' id='word_1_472' title='bbox 2261 3202 2294 3271; x_wconf 90' lang='grc' dir='ltr'><strong>ή</strong></span> <span class='ocrx_word' id='word_1_473' title='bbox 2329 3201 2622 3273; x_wconf 83' lang='grc' dir='ltr'>προγραφὴ</span> <span class='ocrx_word' id='word_1_474' title='bbox 2650 3203 2968 3273; x_wconf 80' lang='grc' dir='ltr'>παρίστησι.</span> <span class='ocrx_word' id='word_1_475' title='bbox 2994 3201 3262 3272; x_wconf 86' lang='grc' dir='ltr'>Τοιαύτην</span> <span class='ocrx_word' id='word_1_476' title='bbox 3289 3201 3346 3253; x_wconf 87' lang='grc' dir='ltr'>δέ</span> <span class='ocrx_word' id='word_1_477' title='bbox 3365 3218 3486 3254; x_wconf 90' lang='grc' dir='ltr'>τινα</span> <span class='ocrx_word' id='word_1_478' title='bbox 3509 3201 3747 3254; x_wconf 84' lang='grc' dir='ltr'>διάνοιαν</span> 
     </span>
    </p>
   </div>
   <div class='ocr_carea' id='block_1_66' title="bbox 469 3315 2044 3391">
    <p class='ocr_par' dir='ltr' id='par_1_66' title="bbox 469 3315 2044 3391">
     <span class='ocr_line' id='line_1_66' title="bbox 469 3315 2044 3391; baseline -0.015 1"><span class='ocrx_word' id='word_1_479' title='bbox 469 3333 615 3391; x_wconf 90' lang='lat' dir='ltr'><strong>modi</strong></span> <span class='ocrx_word' id='word_1_480' title='bbox 659 3344 789 3384; x_wconf 90' lang='lat' dir='ltr'><strong>vero</strong></span> <span class='ocrx_word' id='word_1_481' title='bbox 841 3324 1164 3381; x_wconf 88' lang='lat' dir='ltr'><strong>sententiam</strong></span> <span class='ocrx_word' id='word_1_482' title='bbox 1212 3320 1483 3389; x_wconf 88' lang='lat' dir='ltr'><strong>Pr0pheta</strong></span> <span class='ocrx_word' id='word_1_483' title='bbox 1531 3318 1846 3373; x_wconf 89' lang='lat' dir='ltr'><strong>subindicat</strong></span> <span class='ocrx_word' id='word_1_484' title='bbox 1886 3315 2044 3370; x_wconf 82' lang='lat' dir='ltr'><strong>:Jam</strong></span> 
     </span>
    </p>
   </div>
   <div class='ocr_carea' id='block_1_67' title="bbox 470 3411 2047 3486">
    <p class='ocr_par' dir='ltr' id='par_1_67' title="bbox 470 3411 2047 3486">
     <span class='ocr_line' id='line_1_67' title="bbox 470 3411 2047 3486; baseline -0.016 -3"><span class='ocrx_word' id='word_1_485' title='bbox 470 3436 629 3483; x_wconf 85' lang='lat' dir='ltr'><strong>antea</strong></span> <span class='ocrx_word' id='word_1_486' title='bbox 663 3420 798 3486; x_wconf 76' lang='lat' dir='ltr'><strong>dixi,</strong></span> <span class='ocrx_word' id='word_1_487' title='bbox 844 3414 1245 3471; x_wconf 79' lang='lat' dir='ltr'><strong>Misericordias</strong></span> <span class='ocrx_word' id='word_1_488' title='bbox 1283 3411 1496 3465; x_wconf 85' lang='lat' dir='ltr'><strong>Domini</strong></span> <span class='ocrx_word' id='word_1_489' title='bbox 1527 3415 1581 3463; x_wconf 85' lang='lat' dir='ltr'><strong>in</strong></span> <span class='ocrx_word' id='word_1_490' title='bbox 1625 3419 1883 3463; x_wconf 73' lang='lat' dir='ltr'><strong>wternum</strong></span> <span class='ocrx_word' id='word_1_491' title='bbox 1917 3424 2047 3461; x_wconf 86' lang='lat' dir='ltr'><strong>ean-</strong></span> 
     </span>
    </p>
   </div>
   <div class='ocr_carea' id='block_1_68' title="bbox 470 3510 2047 3591">
    <p class='ocr_par' dir='ltr' id='par_1_68' title="bbox 470 3510 2047 3591">
     <span class='ocr_line' id='line_1_68' title="bbox 470 3510 2047 3591; baseline -0.012 -8"><span class='ocrx_word' id='word_1_492' title='bbox 470 3527 612 3583; x_wconf 80' lang='lat' dir='ltr'><strong>tabo.</strong></span> <span class='ocrx_word' id='word_1_493' title='bbox 653 3526 708 3581; x_wconf 92' lang='lat' dir='ltr'><strong>ld</strong></span> <span class='ocrx_word' id='word_1_494' title='bbox 743 3533 923 3579; x_wconf 91' lang='lat' dir='ltr'><strong>autem</strong></span> <span class='ocrx_word' id='word_1_495' title='bbox 960 3522 1053 3591; x_wconf 87' lang='lat' dir='ltr'><strong>qui</strong></span> <span class='ocrx_word' id='word_1_496' title='bbox 1079 3519 1196 3574; x_wconf 77' lang='lat' dir='ltr'><strong>ﬁeri</strong></span> <span class='ocrx_word' id='word_1_497' title='bbox 1237 3522 1434 3588; x_wconf 90' lang='lat' dir='ltr'><strong>possit,</strong></span> <span class='ocrx_word' id='word_1_498' title='bbox 1465 3516 1574 3569; x_wconf 91' lang='lat' dir='ltr'><strong>nisi</strong></span> <span class='ocrx_word' id='word_1_499' title='bbox 1620 3513 1795 3583; x_wconf 90' lang='lat' dir='ltr'><strong>prima</strong></span> <span class='ocrx_word' id='word_1_500' title='bbox 1826 3512 1917 3566; x_wconf 89' lang='lat' dir='ltr'><strong>illa</strong></span> <span class='ocrx_word' id='word_1_501' title='bbox 1952 3510 2047 3565; x_wconf 89' lang='lat' dir='ltr'><strong>Dei</strong></span> 
     </span>
    </p>
   </div>
   <div class='ocr_carea' id='block_1_69' title="bbox 470 3604 2049 3681">
    <p class='ocr_par' dir='ltr' id='par_1_69' title="bbox 470 3604 2049 3681">
     <span class='ocr_line' id='line_1_69' title="bbox 470 3604 2049 3681; baseline -0.013 -5"><span class='ocrx_word' id='word_1_502' title='bbox 470 3619 870 3681; x_wconf 83' lang='lat' dir='ltr'><strong>misericordia,</strong></span> <span class='ocrx_word' id='word_1_503' title='bbox 906 3616 975 3670; x_wconf 86' lang='lat' dir='ltr'><strong>ab</strong></span> <span class='ocrx_word' id='word_1_504' title='bbox 1003 3614 1160 3668; x_wconf 87' lang='lat' dir='ltr'><strong>initio</strong></span> <span class='ocrx_word' id='word_1_505' title='bbox 1182 3620 1237 3666; x_wconf 91' lang='lat' dir='ltr'><strong>et</strong></span> <span class='ocrx_word' id='word_1_506' title='bbox 1264 3625 1295 3663; x_wconf 87' lang='lat' dir='ltr'><strong>a</strong></span> <span class='ocrx_word' id='word_1_507' title='bbox 1319 3608 1545 3664; x_wconf 89' lang='lat' dir='ltr'><strong>conditu</strong></span> <span class='ocrx_word' id='word_1_508' title='bbox 1576 3605 1768 3661; x_wconf 90' lang='lat' dir='ltr'><strong>mundi</strong></span> <span class='ocrx_word' id='word_1_509' title='bbox 1794 3605 1847 3658; x_wconf 93' lang='lat' dir='ltr'><strong>in</strong></span> <span class='ocrx_word' id='word_1_510' title='bbox 1870 3604 2049 3657; x_wconf 83' lang='lat' dir='ltr'><strong>homi-</strong></span> 
     </span>
    </p>
   </div>
   <div class='ocr_carea' id='block_1_70' title="bbox 470 3694 2049 3776">
    <p class='ocr_par' dir='ltr' id='par_1_70' title="bbox 470 3694 2049 3776">
     <span class='ocr_line' id='line_1_70' title="bbox 470 3694 2049 3776; baseline -0.015 -6"><span class='ocrx_word' id='word_1_511' title='bbox 470 3715 635 3769; x_wconf 88' lang='lat' dir='ltr'><strong>nibus</strong></span> <span class='ocrx_word' id='word_1_512' title='bbox 666 3711 914 3773; x_wconf 88' lang='lat' dir='ltr'><strong>l&#39;undata,</strong></span> <span class='ocrx_word' id='word_1_513' title='bbox 957 3704 1208 3776; x_wconf 87' lang='lat' dir='ltr'><strong>sequenti</strong></span> <span class='ocrx_word' id='word_1_514' title='bbox 1240 3712 1484 3771; x_wconf 91' lang='lat' dir='ltr'><strong>tempore</strong></span> <span class='ocrx_word' id='word_1_515' title='bbox 1516 3696 1840 3758; x_wconf 85' lang='lat' dir='ltr'><strong>accreverit,</strong></span> <span class='ocrx_word' id='word_1_516' title='bbox 1878 3701 1932 3748; x_wconf 86' lang='lat' dir='ltr'><strong>et</strong></span> <span class='ocrx_word' id='word_1_517' title='bbox 1964 3694 2049 3747; x_wconf 90' lang='lat' dir='ltr'><strong>in-</strong></span> 
     </span>
    </p>
   </div>
   <div class='ocr_carea' id='block_1_71' title="bbox 472 3786 2049 3863">
    <p class='ocr_par' dir='ltr' id='par_1_71' title="bbox 472 3786 2049 3863">
     <span class='ocr_line' id='line_1_71' title="bbox 472 3786 2049 3863; baseline -0.016 0"><span class='ocrx_word' id='word_1_518' title='bbox 472 3814 588 3863; x_wconf 80' lang='lat' dir='ltr'><strong>star</strong></span> <span class='ocrx_word' id='word_1_519' title='bbox 630 3803 843 3860; x_wconf 72' lang='lat' dir='ltr'><strong>aedilicii</strong></span> <span class='ocrx_word' id='word_1_520' title='bbox 885 3799 1259 3855; x_wconf 87' lang='lat' dir='ltr'><strong>accessionem</strong></span> <span class='ocrx_word' id='word_1_521' title='bbox 1291 3790 1579 3848; x_wconf 85' lang='lat' dir='ltr'><strong>habuerit?</strong></span> <span class='ocrx_word' id='word_1_522' title='bbox 1622 3788 1759 3843; x_wconf 85' lang='lat' dir='ltr'><strong>Nam</strong></span> <span class='ocrx_word' id='word_1_523' title='bbox 1796 3786 1890 3841; x_wconf 90' lang='lat' dir='ltr'><strong>Dei</strong></span> <span class='ocrx_word' id='word_1_524' title='bbox 1920 3798 2049 3855; x_wconf 86' lang='lat' dir='ltr'><strong>erga</strong></span> 
     </span>
    </p>
   </div>
   <div class='ocr_carea' id='block_1_72' title="bbox 472 3877 2050 3957">
    <p class='ocr_par' dir='ltr' id='par_1_72' title="bbox 472 3877 2050 3957">
     <span class='ocr_line' id='line_1_72' title="bbox 472 3877 2050 3957; baseline -0.015 -4"><span class='ocrx_word' id='word_1_525' title='bbox 472 3898 722 3953; x_wconf 82' lang='lat' dir='ltr'><strong>homines</strong></span> <span class='ocrx_word' id='word_1_526' title='bbox 766 3890 1143 3949; x_wconf 89' lang='lat' dir='ltr'><strong>misericordia</strong></span> <span class='ocrx_word' id='word_1_527' title='bbox 1190 3886 1437 3957; x_wconf 88' lang='lat' dir='ltr'><strong>quotidie</strong></span> <span class='ocrx_word' id='word_1_528' title='bbox 1484 3883 1723 3948; x_wconf 89' lang='lat' dir='ltr'><strong>crescit,</strong></span> <span class='ocrx_word' id='word_1_529' title='bbox 1778 3888 1833 3937; x_wconf 90' lang='lat' dir='ltr'><strong>et</strong></span> <span class='ocrx_word' id='word_1_530' title='bbox 1891 3877 2050 3949; x_wconf 87' lang='lat' dir='ltr'><strong>quasi</strong></span> 
     </span>
    </p>
   </div>
   <div class='ocr_carea' id='block_1_73' title="bbox 474 3974 2051 4057">
    <p class='ocr_par' dir='ltr' id='par_1_73' title="bbox 474 3974 2051 4057">
     <span class='ocr_line' id='line_1_73' title="bbox 474 3974 2051 4057; baseline -0.014 -12"><span class='ocrx_word' id='word_1_531' title='bbox 474 3990 683 4047; x_wconf 80' lang='lat' dir='ltr'><strong>fabrica</strong></span> <span class='ocrx_word' id='word_1_532' title='bbox 735 3994 965 4057; x_wconf 84' lang='lat' dir='ltr'><strong>augetur</strong></span> <span class='ocrx_word' id='word_1_533' title='bbox 1015 3991 1069 4038; x_wconf 92' lang='lat' dir='ltr'><strong>et</strong></span> <span class='ocrx_word' id='word_1_534' title='bbox 1102 3978 1407 4037; x_wconf 81' lang='lat' dir='ltr'><strong>exstruitur</strong></span> <span class='ocrx_word' id='word_1_535' title='bbox 1443 3976 1498 4030; x_wconf 93' lang='lat' dir='ltr'><strong>in</strong></span> <span class='ocrx_word' id='word_1_536' title='bbox 1552 3974 1961 4046; x_wconf 87' lang='lat' dir='ltr'><strong>generationem</strong></span> <span class='ocrx_word' id='word_1_537' title='bbox 1996 3978 2051 4025; x_wconf 90' lang='lat' dir='ltr'><strong>et</strong></span> 
     </span>
    </p>
   </div>
   <div class='ocr_carea' id='block_1_74' title="bbox 474 4065 2052 4154">
    <p class='ocr_par' dir='ltr' id='par_1_74' title="bbox 474 4065 2052 4154">
     <span class='ocr_line' id='line_1_74' title="bbox 474 4065 2052 4154; baseline -0.015 -15"><span class='ocrx_word' id='word_1_538' title='bbox 474 4080 903 4154; x_wconf 83' lang='lat' dir='ltr'><strong>generationem.</strong></span> <span class='ocrx_word' id='word_1_539' title='bbox 923 4075 1059 4143; x_wconf 84' lang='lat' dir='ltr'><strong>Quia</strong></span> <span class='ocrx_word' id='word_1_540' title='bbox 1088 4074 1252 4145; x_wconf 91' lang='lat' dir='ltr'><strong>igitur</strong></span> <span class='ocrx_word' id='word_1_541' title='bbox 1274 4071 1385 4126; x_wconf 85' lang='lat' dir='ltr'><strong>dixi</strong></span> <span class='ocrx_word' id='word_1_542' title='bbox 1420 4078 1472 4125; x_wconf 91' lang='lat' dir='ltr'><strong>et</strong></span> <span class='ocrx_word' id='word_1_543' title='bbox 1502 4066 1785 4129; x_wconf 68' lang='lat' dir='ltr'><strong>aliirmavi,</strong></span> <span class='ocrx_word' id='word_1_544' title='bbox 1811 4065 1865 4118; x_wconf 93' lang='lat' dir='ltr'><strong>in</strong></span> <span class='ocrx_word' id='word_1_545' title='bbox 1894 4071 2052 4118; x_wconf 67' lang='lat' dir='ltr'><strong>aeter-</strong></span> 
     </span>
    </p>
   </div>
   <div class='ocr_carea' id='block_1_75' title="bbox 476 4158 2051 4227">
    <p class='ocr_par' dir='ltr' id='par_1_75' title="bbox 476 4158 2051 4227">
     <span class='ocr_line' id='line_1_75' title="bbox 476 4158 2051 4227; baseline -0.011 0"><span class='ocrx_word' id='word_1_546' title='bbox 476 4187 607 4227; x_wconf 89' lang='lat' dir='ltr'><strong>num</strong></span> <span class='ocrx_word' id='word_1_547' title='bbox 656 4167 1089 4225; x_wconf 85' lang='lat' dir='ltr'><strong>misericordiam</strong></span> <span class='ocrx_word' id='word_1_548' title='bbox 1133 4165 1227 4219; x_wconf 87' lang='lat' dir='ltr'><strong>Dei</strong></span> <span class='ocrx_word' id='word_1_549' title='bbox 1252 4160 1632 4218; x_wconf 63' lang='lat' dir='ltr'><strong>mdiﬁcandam</strong></span> <span class='ocrx_word' id='word_1_550' title='bbox 1662 4174 1807 4222; x_wconf 88' lang='lat' dir='ltr'><strong>esse,</strong></span> <span class='ocrx_word' id='word_1_551' title='bbox 1847 4166 1901 4213; x_wconf 87' lang='lat' dir='ltr'><strong>et</strong></span> <span class='ocrx_word' id='word_1_552' title='bbox 1928 4158 2051 4212; x_wconf 93' lang='lat' dir='ltr'><strong>ideo</strong></span> 
     </span>
    </p>
   </div>
   <div class='ocr_carea' id='block_1_76' title="bbox 476 4257 2049 4329">
    <p class='ocr_par' dir='ltr' id='par_1_76' title="bbox 476 4257 2049 4329">
     <span class='ocr_line' id='line_1_76' title="bbox 476 4257 2049 4329; baseline -0.011 -9"><span class='ocrx_word' id='word_1_553' title='bbox 476 4280 565 4320; x_wconf 89' lang='lat' dir='ltr'><strong>me</strong></span> <span class='ocrx_word' id='word_1_554' title='bbox 608 4260 1016 4317; x_wconf 84' lang='lat' dir='ltr'><strong>misericordias</strong></span> <span class='ocrx_word' id='word_1_555' title='bbox 1074 4259 1195 4329; x_wconf 89' lang='lat' dir='ltr'><strong>ejus</strong></span> <span class='ocrx_word' id='word_1_556' title='bbox 1257 4257 1312 4311; x_wconf 92' lang='lat' dir='ltr'><strong>in</strong></span> <span class='ocrx_word' id='word_1_557' title='bbox 1370 4265 1634 4311; x_wconf 64' lang='lat' dir='ltr'><strong>aeternum</strong></span> <span class='ocrx_word' id='word_1_558' title='bbox 1701 4260 2049 4308; x_wconf 87' lang='lat' dir='ltr'><strong>cantaturum</strong></span> 
     </span>
    </p>
   </div>
   <div class='ocr_carea' id='block_1_77' title="bbox 474 4344 2051 4423">
    <p class='ocr_par' dir='ltr' id='par_1_77' title="bbox 474 4344 2051 4423">
     <span class='ocr_line' id='line_1_77' title="bbox 474 4344 2051 4423; baseline -0.007 -13"><span class='ocrx_word' id='word_1_559' title='bbox 474 4370 635 4420; x_wconf 86' lang='lat' dir='ltr'><strong>esse;</strong></span> <span class='ocrx_word' id='word_1_560' title='bbox 663 4369 771 4408; x_wconf 92' lang='lat' dir='ltr'><strong>non</strong></span> <span class='ocrx_word' id='word_1_561' title='bbox 802 4351 1161 4423; x_wconf 84' lang='lat' dir='ltr'><strong>ignorandum</strong></span> <span class='ocrx_word' id='word_1_562' title='bbox 1184 4358 1288 4416; x_wconf 86' lang='lat' dir='ltr'><strong>est,</strong></span> <span class='ocrx_word' id='word_1_563' title='bbox 1319 4348 1470 4404; x_wconf 82' lang='lat' dir='ltr'><strong>verbi</strong></span> <span class='ocrx_word' id='word_1_564' title='bbox 1498 4350 1781 4401; x_wconf 84' lang='lat' dir='ltr'><strong>veritatem</strong></span> <span class='ocrx_word' id='word_1_565' title='bbox 1814 4347 1867 4399; x_wconf 92' lang='lat' dir='ltr'><strong>in</strong></span> <span class='ocrx_word' id='word_1_566' title='bbox 1895 4344 2051 4399; x_wconf 74' lang='lat' dir='ltr'><strong>cmlis</strong></span> 
     </span>
    </p>
   </div>
   <div class='ocr_carea' id='block_1_78' title="bbox 475 4436 2051 4519">
    <p class='ocr_par' dir='ltr' id='par_1_78' title="bbox 475 4436 2051 4519">
     <span class='ocr_line' id='line_1_78' title="bbox 475 4436 2051 4519; baseline -0.008 -17"><span class='ocrx_word' id='word_1_567' title='bbox 475 4444 891 4519; x_wconf 72' lang='lat' dir='ltr'><strong>praeparandam</strong></span> <span class='ocrx_word' id='word_1_568' title='bbox 915 4460 1059 4500; x_wconf 90' lang='lat' dir='ltr'><strong>esse.</strong></span> <span class='ocrx_word' id='word_1_569' title='bbox 1102 4442 1346 4497; x_wconf 88' lang='lat' dir='ltr'><strong>Terrena</strong></span> <span class='ocrx_word' id='word_1_570' title='bbox 1378 4442 1581 4512; x_wconf 89' lang='lat' dir='ltr'><strong>quippe</strong></span> <span class='ocrx_word' id='word_1_571' title='bbox 1616 4439 1833 4510; x_wconf 83' lang='lat' dir='ltr'><strong>negotia</strong></span> <span class='ocrx_word' id='word_1_572' title='bbox 1865 4446 1920 4492; x_wconf 92' lang='lat' dir='ltr'><strong>et</strong></span> <span class='ocrx_word' id='word_1_573' title='bbox 1948 4436 2051 4491; x_wconf 91' lang='lat' dir='ltr'><strong>ho-</strong></span> 
     </span>
    </p>
   </div>
   <div class='ocr_carea' id='block_1_79' title="bbox 478 4532 2045 4645">
    <p class='ocr_par' dir='ltr' id='par_1_79' title="bbox 478 4532 2045 4645">
     <span class='ocr_line' id='line_1_79' title="bbox 478 4532 2045 4596; baseline -0.008 0"><span class='ocrx_word' id='word_1_574' title='bbox 478 4542 684 4596; x_wconf 89' lang='lat' dir='ltr'><strong>minum</strong></span> <span class='ocrx_word' id='word_1_575' title='bbox 746 4539 951 4594; x_wconf 88' lang='lat' dir='ltr'><strong>malitia</strong></span> <span class='ocrx_word' id='word_1_576' title='bbox 1003 4553 1113 4592; x_wconf 91' lang='lat' dir='ltr'><strong>non</strong></span> <span class='ocrx_word' id='word_1_577' title='bbox 1159 4536 1387 4590; x_wconf 89' lang='lat' dir='ltr'><strong>multam</strong></span> <span class='ocrx_word' id='word_1_578' title='bbox 1436 4533 1588 4589; x_wconf 88' lang='lat' dir='ltr'><strong>verbi</strong></span> <span class='ocrx_word' id='word_1_579' title='bbox 1643 4532 2045 4586; x_wconf 87' lang='lat' dir='ltr'><strong>accurationem</strong></span> 
     </span>
     <span class='ocr_line' id='line_1_80' title="bbox 546 4624 2045 4645; baseline -0.004 0"><span class='ocrx_word' id='word_1_580' title='bbox 1000 4640 1011 4645; x_wconf 91' lang='lat'>_</span> <span class='ocrx_word' id='word_1_581' title='bbox 1186 4629 1221 4645; x_wconf 22' lang='grc' dir='ltr'>,ί</span> <span class='ocrx_word' id='word_1_582' title='bbox 1319 4644 1326 4645; x_wconf 22' lang='grc' dir='ltr'>ί</span> <span class='ocrx_word' id='word_1_583' title='bbox 1500 4626 1549 4645; x_wconf 70' lang='lat'><strong>,_</strong></span> <span class='ocrx_word' id='word_1_584' title='bbox 1771 4624 2045 4645; x_wconf 47' lang='grc' dir='ltr'><strong>,ωε-,ω</strong></span> 
     </span>
    </p>
   </div>
   <div class='ocr_carea' id='block_1_80' title="bbox 2151 4532 3057 4645">
    <p class='ocr_par' dir='ltr' id='par_1_80' title="bbox 2161 4532 3057 4645">
     <span class='ocr_line' id='line_1_81' title="bbox 2161 4532 3057 4645; baseline 0.004 -21"><span class='ocrx_word' id='word_1_585' title='bbox 2161 4532 2300 4625; x_wconf 67' lang='grc' dir='ltr'><strong>πάνύ</strong></span> <span class='ocrx_word' id='word_1_586' title='bbox 2318 4532 2381 4625; x_wconf 44' lang='grc' dir='ltr'>,τι</span> <span class='ocrx_word' id='word_1_587' title='bbox 2412 4532 2696 4643; x_wconf 61' lang='grc' dir='ltr'>ἐμφαίνείν</span> <span class='ocrx_word' id='word_1_588' title='bbox 2736 4532 2805 4626; x_wconf 9' lang='lat'><strong>716—</strong></span> <span class='ocrx_word' id='word_1_589' title='bbox 2814 4532 3057 4645; x_wconf 58' lang='grc' dir='ltr'>ἀκριϐὲς</span> 
     </span>
    </p>
   </div>
   <div class='ocr_carea' id='block_1_81' title="bbox 476 4624 2053 4703">
    <p class='ocr_par' dir='ltr' id='par_1_81' title="bbox 476 4624 2053 4703">
     <span class='ocr_line' id='line_1_82' title="bbox 476 4624 2053 4703; baseline -0.009 -12"><span class='ocrx_word' id='word_1_590' title='bbox 476 4634 735 4691; x_wconf 78' lang='lat' dir='ltr'><strong>exhibere</strong></span> <span class='ocrx_word' id='word_1_591' title='bbox 786 4640 1052 4703; x_wconf 86' lang='lat' dir='ltr'><strong>possunt;</strong></span> <span class='ocrx_word' id='word_1_592' title='bbox 1108 4629 1235 4701; x_wconf 88' lang='lat' dir='ltr'><strong>quia</strong></span> <span class='ocrx_word' id='word_1_593' title='bbox 1284 4628 1456 4681; x_wconf 87' lang='lat' dir='ltr'><strong>multa</strong></span> <span class='ocrx_word' id='word_1_594' title='bbox 1500 4626 1556 4679; x_wconf 92' lang='lat' dir='ltr'><strong>in</strong></span> <span class='ocrx_word' id='word_1_595' title='bbox 1601 4626 1713 4678; x_wconf 87' lang='lat' dir='ltr'><strong>vita</strong></span> <span class='ocrx_word' id='word_1_596' title='bbox 1770 4624 2053 4678; x_wconf 92' lang='lat' dir='ltr'><strong>hominum</strong></span> 
     </span>
    </p>
   </div>
   <div class='ocr_carea' id='block_1_82' title="bbox 479 4716 2056 4797">
    <p class='ocr_par' dir='ltr' id='par_1_82' title="bbox 479 4716 2056 4797">
     <span class='ocr_line' id='line_1_83' title="bbox 479 4716 2056 4797; baseline -0.007 -16"><span class='ocrx_word' id='word_1_597' title='bbox 479 4726 879 4797; x_wconf 67' lang='lat' dir='ltr'><strong>inaequabilitas</strong></span> <span class='ocrx_word' id='word_1_598' title='bbox 909 4734 1010 4779; x_wconf 87' lang='lat' dir='ltr'><strong>est.</strong></span> <span class='ocrx_word' id='word_1_599' title='bbox 1036 4722 1233 4777; x_wconf 80' lang='lat' dir='ltr'><strong>Verum</strong></span> <span class='ocrx_word' id='word_1_600' title='bbox 1262 4719 1520 4790; x_wconf 87' lang='lat' dir='ltr'><strong>quoniam</strong></span> <span class='ocrx_word' id='word_1_601' title='bbox 1550 4717 1819 4787; x_wconf 89' lang='lat' dir='ltr'><strong>promissa</strong></span> <span class='ocrx_word' id='word_1_602' title='bbox 1849 4716 1964 4780; x_wconf 89' lang='lat' dir='ltr'><strong>Dei,</strong></span> <span class='ocrx_word' id='word_1_603' title='bbox 1988 4717 2056 4771; x_wconf 92' lang='lat' dir='ltr'><strong>ad</strong></span> 
     </span>
    </p>
   </div>
   <div class='ocr_carea' id='block_1_83' title="bbox 477 4811 2057 4880">
    <p class='ocr_par' dir='ltr' id='par_1_83' title="bbox 477 4811 2057 4880">
     <span class='ocr_line' id='line_1_84' title="bbox 477 4811 2057 4880; baseline -0.006 -8"><span class='ocrx_word' id='word_1_604' title='bbox 477 4818 736 4874; x_wconf 90' lang='lat' dir='ltr'><strong>Davidem</strong></span> <span class='ocrx_word' id='word_1_605' title='bbox 774 4816 940 4880; x_wconf 83' lang='lat' dir='ltr'><strong>facta,</strong></span> <span class='ocrx_word' id='word_1_606' title='bbox 978 4816 1163 4870; x_wconf 90' lang='lat' dir='ltr'><strong>divina</strong></span> <span class='ocrx_word' id='word_1_607' title='bbox 1192 4829 1256 4868; x_wconf 92' lang='lat' dir='ltr'><strong>ac</strong></span> <span class='ocrx_word' id='word_1_608' title='bbox 1290 4811 1537 4867; x_wconf 73' lang='lat' dir='ltr'><strong>caelestia</strong></span> <span class='ocrx_word' id='word_1_609' title='bbox 1567 4817 1717 4874; x_wconf 90' lang='lat' dir='ltr'><strong>sunt,</strong></span> <span class='ocrx_word' id='word_1_610' title='bbox 1764 4825 1963 4880; x_wconf 89' lang='lat' dir='ltr'><strong>neque,</strong></span> <span class='ocrx_word' id='word_1_611' title='bbox 1996 4818 2057 4863; x_wconf 89' lang='lat' dir='ltr'><strong>ut</strong></span> 
     </span>
    </p>
   </div>
   <div class='ocr_carea' id='block_1_84' title="bbox 476 4892 2056 4980">
    <p class='ocr_par' dir='ltr' id='par_1_84' title="bbox 476 4892 2056 4980">
     <span class='ocr_line' id='line_1_85' title="bbox 476 4892 2056 4980; baseline -0.003 -15"><span class='ocrx_word' id='word_1_612' title='bbox 476 4910 647 4967; x_wconf 72' lang='lat' dir='ltr'><strong>Judaei</strong></span> <span class='ocrx_word' id='word_1_613' title='bbox 710 4910 1084 4980; x_wconf 84' lang='lat' dir='ltr'><strong>suspicantur,</strong></span> <span class='ocrx_word' id='word_1_614' title='bbox 1134 4916 1351 4963; x_wconf 90' lang='lat' dir='ltr'><strong>terrena</strong></span> <span class='ocrx_word' id='word_1_615' title='bbox 1397 4914 1453 4961; x_wconf 87' lang='lat' dir='ltr'><strong>et</strong></span> <span class='ocrx_word' id='word_1_616' title='bbox 1503 4919 1805 4974; x_wconf 89' lang='lat' dir='ltr'><strong>corporea;</strong></span> <span class='ocrx_word' id='word_1_617' title='bbox 1863 4920 1927 4960; x_wconf 86' lang='lat' dir='ltr'><strong>ea</strong></span> <span class='ocrx_word' id='word_1_618' title='bbox 1988 4892 2056 4960; x_wconf 85' lang='lat' dir='ltr'><strong>de</strong></span> 
     </span>
    </p>
   </div>
   <div class='ocr_carea' id='block_1_85' title="bbox 477 4998 2054 5073">
    <p class='ocr_par' dir='ltr' id='par_1_85' title="bbox 477 4998 2054 5073">
     <span class='ocr_line' id='line_1_86' title="bbox 477 4998 2054 5073; baseline -0.003 -16"><span class='ocrx_word' id='word_1_619' title='bbox 477 5018 645 5060; x_wconf 87' lang='lat' dir='ltr'><strong>causa</strong></span> <span class='ocrx_word' id='word_1_620' title='bbox 668 5004 793 5073; x_wconf 90' lang='lat' dir='ltr'><strong>jure</strong></span> <span class='ocrx_word' id='word_1_621' title='bbox 821 5001 1098 5072; x_wconf 89' lang='lat' dir='ltr'><strong>Propheta</strong></span> <span class='ocrx_word' id='word_1_622' title='bbox 1133 5001 1286 5071; x_wconf 90' lang='lat' dir='ltr'><strong>prius</strong></span> <span class='ocrx_word' id='word_1_623' title='bbox 1310 4998 1619 5069; x_wconf 89' lang='lat' dir='ltr'><strong>distinguit,</strong></span> <span class='ocrx_word' id='word_1_624' title='bbox 1658 5014 1766 5052; x_wconf 90' lang='lat' dir='ltr'><strong>non</strong></span> <span class='ocrx_word' id='word_1_625' title='bbox 1804 4999 1859 5051; x_wconf 95' lang='lat' dir='ltr'><strong>in</strong></span> <span class='ocrx_word' id='word_1_626' title='bbox 1886 5007 2054 5065; x_wconf 89' lang='lat' dir='ltr'><strong>terra,</strong></span> 
     </span>
    </p>
   </div>
   <div class='ocr_carea' id='block_1_86' title="bbox 478 5090 2061 5162">
    <p class='ocr_par' dir='ltr' id='par_1_86' title="bbox 478 5090 2061 5162">
     <span class='ocr_line' id='line_1_87' title="bbox 478 5090 2061 5162; baseline -0.002 -13"><span class='ocrx_word' id='word_1_627' title='bbox 478 5096 574 5149; x_wconf 87' lang='lat' dir='ltr'><strong>sed</strong></span> <span class='ocrx_word' id='word_1_628' title='bbox 613 5095 668 5148; x_wconf 86' lang='lat' dir='ltr'><strong>in</strong></span> <span class='ocrx_word' id='word_1_629' title='bbox 722 5095 881 5149; x_wconf 77' lang='lat' dir='ltr'><strong>etelis</strong></span> <span class='ocrx_word' id='word_1_630' title='bbox 924 5094 1208 5149; x_wconf 85' lang='lat' dir='ltr'><strong>veritatem</strong></span> <span class='ocrx_word' id='word_1_631' title='bbox 1253 5092 1651 5162; x_wconf 86' lang='lat' dir='ltr'><strong>promissorum</strong></span> <span class='ocrx_word' id='word_1_632' title='bbox 1702 5090 1796 5145; x_wconf 90' lang='lat' dir='ltr'><strong>Dei</strong></span> <span class='ocrx_word' id='word_1_633' title='bbox 1849 5108 2061 5162; x_wconf 84' lang='lat' dir='ltr'><strong>pracpa-</strong></span> 
     </span>
    </p>
   </div>
   <div class='ocr_carea' id='block_1_87' title="bbox 479 5184 2059 5255">
    <p class='ocr_par' dir='ltr' id='par_1_87' title="bbox 479 5184 2059 5255">
     <span class='ocr_line' id='line_1_88' title="bbox 479 5184 2059 5255; baseline 0.003 -18"><span class='ocrx_word' id='word_1_634' title='bbox 479 5185 707 5239; x_wconf 83' lang='lat' dir='ltr'><strong>randam</strong></span> <span class='ocrx_word' id='word_1_635' title='bbox 736 5201 879 5241; x_wconf 90' lang='lat' dir='ltr'><strong>esse.</strong></span> <span class='ocrx_word' id='word_1_636' title='bbox 908 5184 1276 5253; x_wconf 88' lang='lat' dir='ltr'><strong>Quamobrem</strong></span> <span class='ocrx_word' id='word_1_637' title='bbox 1313 5184 1674 5255; x_wconf 86' lang='lat' dir='ltr'><strong>Symmachus</strong></span> <span class='ocrx_word' id='word_1_638' title='bbox 1715 5185 1829 5239; x_wconf 61' lang='lat' dir='ltr'><strong>haec</strong></span> <span class='ocrx_word' id='word_1_639' title='bbox 1854 5187 2059 5242; x_wconf 90' lang='lat' dir='ltr'><strong>clarius</strong></span> 
     </span>
    </p>
   </div>
   <div class='ocr_carea' id='block_1_88' title="bbox 478 5278 1949 5349">
    <p class='ocr_par' dir='ltr' id='par_1_88' title="bbox 478 5278 1949 5349">
     <span class='ocr_line' id='line_1_89' title="bbox 478 5278 1949 5349; baseline 0.002 -18"><span class='ocrx_word' id='word_1_640' title='bbox 478 5278 709 5347; x_wconf 83' lang='lat' dir='ltr'><strong>explicat</strong></span> <span class='ocrx_word' id='word_1_641' title='bbox 734 5280 923 5336; x_wconf 89' lang='lat' dir='ltr'><strong>dicens</strong></span> <span class='ocrx_word' id='word_1_642' title='bbox 950 5299 963 5335; x_wconf 85' lang='lat'><strong>:</strong></span> <span class='ocrx_word' id='word_1_643' title='bbox 993 5279 1061 5333; x_wconf 86' lang='lat' dir='ltr'><strong>In</strong></span> <span class='ocrx_word' id='word_1_644' title='bbox 1084 5280 1227 5334; x_wconf 74' lang='lat' dir='ltr'><strong>caelis</strong></span> <span class='ocrx_word' id='word_1_645' title='bbox 1250 5278 1567 5349; x_wconf 82' lang='lat' dir='ltr'><strong>fundabitur</strong></span> <span class='ocrx_word' id='word_1_646' title='bbox 1611 5280 1804 5333; x_wconf 81' lang='lat' dir='ltr'><strong>veritas</strong></span> <span class='ocrx_word' id='word_1_647' title='bbox 1836 5290 1949 5334; x_wconf 88' lang='lat' dir='ltr'><strong>tua.</strong></span> 
     </span>
    </p>
   </div>
   <div class='ocr_carea' id='block_1_89' title="bbox 553 5473 2056 5554">
    <p class='ocr_par' dir='ltr' id='par_1_89' title="bbox 553 5473 2056 5554">
     <span class='ocr_line' id='line_1_90' title="bbox 553 5473 2056 5554; baseline 0.007 -27"><span class='ocrx_word' id='word_1_648' title='bbox 553 5473 718 5531; x_wconf 72' lang='lat' dir='ltr'><strong>Vsus.</strong></span> <span class='ocrx_word' id='word_1_649' title='bbox 743 5476 860 5533; x_wconf 68' lang='lat'><strong>4-6.</strong></span> <span class='ocrx_word' id='word_1_650' title='bbox 912 5477 1159 5548; x_wconf 77' lang='lat' dir='ltr'><strong>Disposui</strong></span> <span class='ocrx_word' id='word_1_651' title='bbox 1181 5490 1552 5535; x_wconf 85' lang='lat' dir='ltr'><strong>testamentum</strong></span> <span class='ocrx_word' id='word_1_652' title='bbox 1580 5482 1757 5537; x_wconf 81' lang='lat' dir='ltr'><strong>electis</strong></span> <span class='ocrx_word' id='word_1_653' title='bbox 1793 5485 1942 5547; x_wconf 86' lang='lat' dir='ltr'><strong>meis,</strong></span> <span class='ocrx_word' id='word_1_654' title='bbox 1959 5484 2056 5554; x_wconf 82' lang='lat' dir='ltr'><strong>ju-</strong></span> 
     </span>
    </p>
   </div>
   <div class='ocr_carea' id='block_1_90' title="bbox 485 5565 2055 5645">
    <p class='ocr_par' dir='ltr' id='par_1_90' title="bbox 485 5565 2055 5645">
     <span class='ocr_line' id='line_1_91' title="bbox 485 5565 2055 5645; baseline 0.011 -30"><span class='ocrx_word' id='word_1_655' title='bbox 485 5566 598 5618; x_wconf 80' lang='lat' dir='ltr'><strong>ravi</strong></span> <span class='ocrx_word' id='word_1_656' title='bbox 624 5565 795 5620; x_wconf 83' lang='lat' dir='ltr'><strong>David</strong></span> <span class='ocrx_word' id='word_1_657' title='bbox 824 5585 970 5624; x_wconf 82' lang='lat' dir='ltr'><strong>servo</strong></span> <span class='ocrx_word' id='word_1_658' title='bbox 1013 5588 1148 5637; x_wconf 78' lang='lat' dir='ltr'><strong>meo,</strong></span> <span class='ocrx_word' id='word_1_659' title='bbox 1172 5572 1343 5644; x_wconf 85' lang='lat' dir='ltr'><strong>Usque</strong></span> <span class='ocrx_word' id='word_1_660' title='bbox 1371 5577 1425 5629; x_wconf 84' lang='lat' dir='ltr'><strong>in</strong></span> <span class='ocrx_word' id='word_1_661' title='bbox 1462 5584 1715 5630; x_wconf 70' lang='lat' dir='ltr'><strong>wternum</strong></span> <span class='ocrx_word' id='word_1_662' title='bbox 1744 5577 2055 5645; x_wconf 67' lang='lat' dir='ltr'><strong>praeparabo</strong></span> 
     </span>
    </p>
   </div>
   <div class='ocr_carea' id='block_1_91' title="bbox 2154 3285 3748 3363">
    <p class='ocr_par' dir='ltr' id='par_1_91' title="bbox 2154 3285 3748 3363">
     <span class='ocr_line' id='line_1_92' title="bbox 2154 3285 3748 3363; baseline -0.001 -19"><span class='ocrx_word' id='word_1_663' title='bbox 2154 3291 2412 3344; x_wconf 75' lang='grc' dir='ltr'>ύποὸἀλοι</span> <span class='ocrx_word' id='word_1_664' title='bbox 2446 3292 2511 3345; x_wconf 84' lang='grc' dir='ltr'><strong>ἂν</strong></span> <span class='ocrx_word' id='word_1_665' title='bbox 2543 3294 2573 3344; x_wconf 81' lang='lat'><strong>6</strong></span> <span class='ocrx_word' id='word_1_666' title='bbox 2611 3294 2903 3363; x_wconf 79' lang='grc' dir='ltr'>Προφήτης</span> <span class='ocrx_word' id='word_1_667' title='bbox 2924 3309 2937 3321; x_wconf 91' lang='grc'><strong>·</strong></span> <span class='ocrx_word' id='word_1_668' title='bbox 2973 3292 3187 3354; x_wconf 77' lang='grc' dir='ltr'>Φθάσας</span> <span class='ocrx_word' id='word_1_669' title='bbox 3226 3291 3329 3361; x_wconf 79' lang='grc' dir='ltr'>ήδη</span> <span class='ocrx_word' id='word_1_670' title='bbox 3366 3292 3635 3362; x_wconf 86' lang='grc' dir='ltr'>πρότερον</span> <span class='ocrx_word' id='word_1_671' title='bbox 3669 3285 3748 3343; x_wconf 77' lang='grc' dir='ltr'><strong>εἶ-</strong></span> 
     </span>
    </p>
   </div>
   <div class='ocr_carea' id='block_1_92' title="bbox 2154 3383 3748 3451">
    <p class='ocr_par' dir='ltr' id='par_1_92' title="bbox 2154 3383 3748 3451">
     <span class='ocr_line' id='line_1_93' title="bbox 2154 3383 3748 3451; baseline 0.002 -17"><span class='ocrx_word' id='word_1_672' title='bbox 2154 3400 2254 3434; x_wconf 83' lang='grc' dir='ltr'><strong>πον</strong></span> <span class='ocrx_word' id='word_1_673' title='bbox 2277 3399 2290 3412; x_wconf 92' lang='grc'><strong>·</strong></span> <span class='ocrx_word' id='word_1_674' title='bbox 2339 3384 2421 3436; x_wconf 86' lang='grc' dir='ltr'>ὅτι</span> <span class='ocrx_word' id='word_1_675' title='bbox 2461 3383 2535 3435; x_wconf 81' lang='lat' dir='ltr'><strong>Tr‘t</strong></span> <span class='ocrx_word' id='word_1_676' title='bbox 2580 3383 2722 3451; x_wconf 76' lang='grc' dir='ltr'><strong>ὲλέη</strong></span> <span class='ocrx_word' id='word_1_677' title='bbox 2750 3383 2856 3436; x_wconf 88' lang='grc' dir='ltr'><strong>τοῦ</strong></span> <span class='ocrx_word' id='word_1_678' title='bbox 2884 3385 3105 3451; x_wconf 80' lang='lat' dir='ltr'><strong>Kvplov</strong></span> <span class='ocrx_word' id='word_1_679' title='bbox 3130 3386 3217 3449; x_wconf 87' lang='grc' dir='ltr'>εὶς</span> <span class='ocrx_word' id='word_1_680' title='bbox 3254 3383 3361 3437; x_wconf 79' lang='grc' dir='ltr'>τὸν</span> <span class='ocrx_word' id='word_1_681' title='bbox 3396 3384 3583 3438; x_wconf 71' lang='grc' dir='ltr'>αἰῶνα</span> <span class='ocrx_word' id='word_1_682' title='bbox 3604 3383 3748 3449; x_wconf 74' lang='grc' dir='ltr'>ᾆσο-</span> 
     </span>
    </p>
   </div>
   <div class='ocr_carea' id='block_1_93' title="bbox 2145 3474 3750 3547">
    <p class='ocr_par' dir='ltr' id='par_1_93' title="bbox 2145 3474 3750 3547">
     <span class='ocr_line' id='line_1_94' title="bbox 2145 3474 3750 3547; baseline 0.001 -20"><span class='ocrx_word' id='word_1_683' title='bbox 2145 3490 2272 3542; x_wconf 80' lang='grc' dir='ltr'>μαι.</span> <span class='ocrx_word' id='word_1_684' title='bbox 2303 3475 2460 3527; x_wconf 56' lang='grc' dir='ltr'>Τοῦτ(</span> <span class='ocrx_word' id='word_1_685' title='bbox 2526 3474 2584 3527; x_wconf 86' lang='grc' dir='ltr'><strong>δὲ</strong></span> <span class='ocrx_word' id='word_1_686' title='bbox 2638 3475 2755 3538; x_wconf 87' lang='grc' dir='ltr'><strong>πῶς</strong></span> <span class='ocrx_word' id='word_1_687' title='bbox 2811 3476 2927 3527; x_wconf 82' lang='grc' dir='ltr'>ποτ’</span> <span class='ocrx_word' id='word_1_688' title='bbox 2954 3475 3019 3528; x_wconf 86' lang='grc' dir='ltr'>ἂν</span> <span class='ocrx_word' id='word_1_689' title='bbox 3068 3476 3277 3544; x_wconf 83' lang='grc' dir='ltr'>γένοιτο</span> <span class='ocrx_word' id='word_1_690' title='bbox 3325 3475 3358 3545; x_wconf 84' lang='grc' dir='ltr'><strong>ἦ</strong></span> <span class='ocrx_word' id='word_1_691' title='bbox 3402 3475 3497 3528; x_wconf 85' lang='grc' dir='ltr'><strong>τοῦ</strong></span> <span class='ocrx_word' id='word_1_692' title='bbox 3531 3475 3750 3547; x_wconf 81' lang='grc' dir='ltr'>πρώτου</span> 
     </span>
    </p>
   </div>
   <div class='ocr_carea' id='block_1_94' title="bbox 2153 3562 3754 3637">
    <p class='ocr_par' dir='ltr' id='par_1_94' title="bbox 2153 3562 3754 3637">
     <span class='ocr_line' id='line_1_95' title="bbox 2153 3562 3754 3637; baseline 0.002 -23"><span class='ocrx_word' id='word_1_693' title='bbox 2153 3562 2339 3626; x_wconf 80' lang='grc' dir='ltr'>ἐλέους</span> <span class='ocrx_word' id='word_1_694' title='bbox 2373 3564 2467 3616; x_wconf 81' lang='grc' dir='ltr'><strong>τοῦ</strong></span> <span class='ocrx_word' id='word_1_695' title='bbox 2494 3563 2628 3616; x_wconf 89' lang='grc' dir='ltr'>Θεοῦ</span> <span class='ocrx_word' id='word_1_696' title='bbox 2658 3564 2716 3629; x_wconf 78' lang='grc' dir='ltr'>ἐξ</span> <span class='ocrx_word' id='word_1_697' title='bbox 2744 3565 2919 3635; x_wconf 82' lang='grc' dir='ltr'>ἀρχῆς</span> <span class='ocrx_word' id='word_1_698' title='bbox 2945 3566 3040 3617; x_wconf 86' lang='grc' dir='ltr'><strong>καὶ</strong></span> <span class='ocrx_word' id='word_1_699' title='bbox 3072 3565 3182 3617; x_wconf 75' lang='grc' dir='ltr'>ἀπὸ</span> <span class='ocrx_word' id='word_1_700' title='bbox 3211 3564 3433 3637; x_wconf 80' lang='grc' dir='ltr'>πρώτης</span> <span class='ocrx_word' id='word_1_701' title='bbox 3473 3583 3754 3636; x_wconf 60' lang='grc' dir='ltr'>κοσμογοτ</span> 
     </span>
    </p>
   </div>
   <div class='ocr_carea' id='block_1_95' title="bbox 2153 3653 3753 3727">
    <p class='ocr_par' dir='ltr' id='par_1_95' title="bbox 2153 3653 3753 3727">
     <span class='ocr_line' id='line_1_96' title="bbox 2153 3653 3753 3727; baseline 0.003 -21"><span class='ocrx_word' id='word_1_702' title='bbox 2153 3653 2273 3717; x_wconf 86' lang='grc' dir='ltr'>νίας</span> <span class='ocrx_word' id='word_1_703' title='bbox 2320 3654 2750 3725; x_wconf 78' lang='grc' dir='ltr'>καταϐληθέντος</span> <span class='ocrx_word' id='word_1_704' title='bbox 2801 3658 2881 3718; x_wconf 85' lang='grc' dir='ltr'><strong>εἰς</strong></span> <span class='ocrx_word' id='word_1_705' title='bbox 2930 3656 3273 3727; x_wconf 83' lang='grc' dir='ltr'>ἀνθρώπους,</span> <span class='ocrx_word' id='word_1_706' title='bbox 3325 3657 3565 3710; x_wconf 77' lang='grc' dir='ltr'>ἐπίδοσιν</span> <span class='ocrx_word' id='word_1_707' title='bbox 3608 3658 3753 3710; x_wconf 82' lang='grc' dir='ltr'><strong>κατά</strong></span> 
     </span>
    </p>
   </div>
   <div class='ocr_carea' id='block_1_96' title="bbox 2154 3746 3750 3820">
    <p class='ocr_par' dir='ltr' id='par_1_96' title="bbox 2154 3746 3750 3820">
     <span class='ocr_line' id='line_1_97' title="bbox 2154 3746 3750 3820; baseline 0.001 -20"><span class='ocrx_word' id='word_1_708' title='bbox 2154 3747 2378 3816; x_wconf 88' lang='grc' dir='ltr'>χρόνους</span> <span class='ocrx_word' id='word_1_709' title='bbox 2405 3746 2793 3817; x_wconf 74' lang='grc' dir='ltr'>λαμϐάνοντος,</span> <span class='ocrx_word' id='word_1_710' title='bbox 2823 3748 2917 3799; x_wconf 75' lang='grc' dir='ltr'><strong>καὶ</strong></span> <span class='ocrx_word' id='word_1_711' title='bbox 2943 3748 3099 3818; x_wconf 85' lang='grc' dir='ltr'>δίκην</span> <span class='ocrx_word' id='word_1_712' title='bbox 3129 3750 3423 3820; x_wconf 74' lang='grc' dir='ltr'>οἰκοδομῆς</span> <span class='ocrx_word' id='word_1_713' title='bbox 3452 3748 3750 3814; x_wconf 79' lang='grc' dir='ltr'>αῦξοντος;</span> 
     </span>
    </p>
   </div>
   <div class='ocr_carea' id='block_1_97' title="bbox 2154 3837 3747 3912">
    <p class='ocr_par' dir='ltr' id='par_1_97' title="bbox 2154 3837 3747 3912">
     <span class='ocr_line' id='line_1_98' title="bbox 2154 3837 3747 3912; baseline 0.004 -23"><span class='ocrx_word' id='word_1_714' title='bbox 2154 3837 2317 3902; x_wconf 72' lang='grc' dir='ltr'>Αὔξει</span> <span class='ocrx_word' id='word_1_715' title='bbox 2336 3838 2444 3908; x_wconf 84' lang='grc' dir='ltr'>γὰρ</span> <span class='ocrx_word' id='word_1_716' title='bbox 2480 3839 2751 3909; x_wconf 80' lang='grc' dir='ltr'>ὁσημέραι</span> <span class='ocrx_word' id='word_1_717' title='bbox 2771 3840 2831 3892; x_wconf 83' lang='grc' dir='ltr'><strong>τὸ</strong></span> <span class='ocrx_word' id='word_1_718' title='bbox 2855 3839 3003 3903; x_wconf 77' lang='grc' dir='ltr'>ἕλεος</span> <span class='ocrx_word' id='word_1_719' title='bbox 3024 3839 3118 3893; x_wconf 89' lang='grc' dir='ltr'><strong>τοῦ</strong></span> <span class='ocrx_word' id='word_1_720' title='bbox 3141 3840 3277 3894; x_wconf 86' lang='grc' dir='ltr'>Θεοῦ</span> <span class='ocrx_word' id='word_1_721' title='bbox 3299 3844 3377 3904; x_wconf 86' lang='grc' dir='ltr'><strong>εἰς</strong></span> <span class='ocrx_word' id='word_1_722' title='bbox 3401 3840 3747 3912; x_wconf 81' lang='grc' dir='ltr'>ἀνθρώπους,</span> 
     </span>
    </p>
   </div>
   <div class='ocr_carea' id='block_1_98' title="bbox 2157 3930 3747 4003">
    <p class='ocr_par' dir='ltr' id='par_1_98' title="bbox 2157 3930 3747 4003">
     <span class='ocr_line' id='line_1_99' title="bbox 2157 3930 3747 4003; baseline 0.002 -20"><span class='ocrx_word' id='word_1_723' title='bbox 2157 3932 2250 3983; x_wconf 79' lang='grc' dir='ltr'>καὶ</span> <span class='ocrx_word' id='word_1_724' title='bbox 2269 3930 2426 4001; x_wconf 83' lang='grc' dir='ltr'>δίκην</span> <span class='ocrx_word' id='word_1_725' title='bbox 2453 3932 2741 4003; x_wconf 81' lang='grc' dir='ltr'>οἰκοδομῆς</span> <span class='ocrx_word' id='word_1_726' title='bbox 2764 3934 3065 4003; x_wconf 90' lang='grc' dir='ltr'>προκόπτει</span> <span class='ocrx_word' id='word_1_727' title='bbox 3092 3933 3187 3987; x_wconf 77' lang='grc' dir='ltr'>καὶ</span> <span class='ocrx_word' id='word_1_728' title='bbox 3209 3933 3569 4003; x_wconf 83' lang='grc' dir='ltr'>οἰκοδομεῖται</span> <span class='ocrx_word' id='word_1_729' title='bbox 3602 3934 3747 3987; x_wconf 81' lang='grc' dir='ltr'><strong>κατά</strong></span> 
     </span>
    </p>
   </div>
   <div class='ocr_carea' id='block_1_99' title="bbox 2156 4021 3747 4096">
    <p class='ocr_par' dir='ltr' id='par_1_99' title="bbox 2156 4021 3747 4096">
     <span class='ocr_line' id='line_1_100' title="bbox 2156 4021 3747 4096; baseline 0.003 -22"><span class='ocrx_word' id='word_1_730' title='bbox 2156 4022 2348 4091; x_wconf 84' lang='grc' dir='ltr'>γενεὰν</span> <span class='ocrx_word' id='word_1_731' title='bbox 2368 4023 2461 4075; x_wconf 77' lang='grc' dir='ltr'><strong>καὶ</strong></span> <span class='ocrx_word' id='word_1_732' title='bbox 2484 4023 2696 4091; x_wconf 79' lang='grc' dir='ltr'>γενεάν.</span> <span class='ocrx_word' id='word_1_733' title='bbox 2718 4024 2933 4096; x_wconf 83' lang='grc' dir='ltr'>Ἐπειδὴ</span> <span class='ocrx_word' id='word_1_734' title='bbox 2954 4025 3131 4078; x_wconf 86' lang='grc' dir='ltr'>τοίνυν</span> <span class='ocrx_word' id='word_1_735' title='bbox 3152 4021 3305 4078; x_wconf 83' lang='grc' dir='ltr'>εἷπον</span> <span class='ocrx_word' id='word_1_736' title='bbox 3325 4026 3417 4078; x_wconf 76' lang='grc' dir='ltr'><strong>καὶ</strong></span> <span class='ocrx_word' id='word_1_737' title='bbox 3433 4025 3747 4079; x_wconf 75' lang='grc' dir='ltr'>διεϐεϐαιω-</span> 
     </span>
    </p>
   </div>
   <div class='ocr_carea' id='block_1_100' title="bbox 2159 4113 3749 4186">
    <p class='ocr_par' dir='ltr' id='par_1_100' title="bbox 2159 4113 3749 4186">
     <span class='ocr_line' id='line_1_101' title="bbox 2159 4113 3749 4186; baseline 0.003 -21"><span class='ocrx_word' id='word_1_738' title='bbox 2159 4113 2359 4183; x_wconf 83' lang='grc' dir='ltr'>σάμην,</span> <span class='ocrx_word' id='word_1_739' title='bbox 2386 4115 2465 4166; x_wconf 69' lang='grc' dir='ltr'><strong>ὅτι</strong></span> <span class='ocrx_word' id='word_1_740' title='bbox 2498 4115 2578 4177; x_wconf 86' lang='grc' dir='ltr'><strong>εἰς</strong></span> <span class='ocrx_word' id='word_1_741' title='bbox 2611 4114 2703 4167; x_wconf 86' lang='grc' dir='ltr'><strong>τὸν</strong></span> <span class='ocrx_word' id='word_1_742' title='bbox 2731 4114 2904 4168; x_wconf 88' lang='grc' dir='ltr'>αἰῶνα</span> <span class='ocrx_word' id='word_1_743' title='bbox 2932 4114 2994 4166; x_wconf 76' lang='grc' dir='ltr'>τὸ</span> <span class='ocrx_word' id='word_1_744' title='bbox 3015 4115 3159 4179; x_wconf 81' lang='grc' dir='ltr'>ἕλεος</span> <span class='ocrx_word' id='word_1_745' title='bbox 3189 4115 3283 4168; x_wconf 85' lang='grc' dir='ltr'><strong>τοῦ</strong></span> <span class='ocrx_word' id='word_1_746' title='bbox 3304 4115 3438 4169; x_wconf 89' lang='grc' dir='ltr'>Θεοῦ</span> <span class='ocrx_word' id='word_1_747' title='bbox 3459 4117 3749 4186; x_wconf 84' lang='grc' dir='ltr'>οἰκοδομη-</span> 
     </span>
    </p>
   </div>
   <div class='ocr_carea' id='block_1_101' title="bbox 2158 4203 3752 4278">
    <p class='ocr_par' dir='ltr' id='par_1_101' title="bbox 2158 4203 3752 4278">
     <span class='ocr_line' id='line_1_102' title="bbox 2158 4203 3752 4278; baseline 0.004 -23"><span class='ocrx_word' id='word_1_748' title='bbox 2158 4203 2402 4274; x_wconf 84' lang='grc' dir='ltr'>θήσεται,</span> <span class='ocrx_word' id='word_1_749' title='bbox 2430 4205 2521 4258; x_wconf 77' lang='grc' dir='ltr'><strong>καὶ</strong></span> <span class='ocrx_word' id='word_1_750' title='bbox 2570 4204 2659 4257; x_wconf 82' lang='grc' dir='ltr'>διὰ</span> <span class='ocrx_word' id='word_1_751' title='bbox 2703 4205 2862 4259; x_wconf 89' lang='grc' dir='ltr'>τοῦτο</span> <span class='ocrx_word' id='word_1_752' title='bbox 2894 4206 2964 4260; x_wconf 83' lang='grc' dir='ltr'>τὰ</span> <span class='ocrx_word' id='word_1_753' title='bbox 2989 4206 3113 4278; x_wconf 84' lang='grc' dir='ltr'>ἐλέη</span> <span class='ocrx_word' id='word_1_754' title='bbox 3144 4206 3307 4260; x_wconf 77' lang='grc' dir='ltr'>αὑτοῦ</span> <span class='ocrx_word' id='word_1_755' title='bbox 3340 4209 3419 4269; x_wconf 86' lang='grc' dir='ltr'><strong>εἰς</strong></span> <span class='ocrx_word' id='word_1_756' title='bbox 3445 4206 3539 4261; x_wconf 83' lang='grc' dir='ltr'><strong>τὸν</strong></span> <span class='ocrx_word' id='word_1_757' title='bbox 3576 4208 3752 4261; x_wconf 85' lang='grc' dir='ltr'>αἰῶνα</span> 
     </span>
    </p>
   </div>
   <div class='ocr_carea' id='block_1_102' title="bbox 2158 4297 3751 4371">
    <p class='ocr_par' dir='ltr' id='par_1_102' title="bbox 2158 4297 3751 4371">
     <span class='ocr_line' id='line_1_103' title="bbox 2158 4297 3751 4371; baseline 0.001 -21"><span class='ocrx_word' id='word_1_758' title='bbox 2158 4297 2382 4368; x_wconf 81' lang='grc' dir='ltr'>ᾄσομαι,</span> <span class='ocrx_word' id='word_1_759' title='bbox 2415 4300 2476 4352; x_wconf 80' lang='grc' dir='ltr'>οὐ</span> <span class='ocrx_word' id='word_1_760' title='bbox 2503 4301 2769 4371; x_wconf 85' lang='grc' dir='ltr'>προσήκει</span> <span class='ocrx_word' id='word_1_761' title='bbox 2792 4300 3027 4369; x_wconf 84' lang='grc' dir='ltr'>ἀγνοεῖν,</span> <span class='ocrx_word' id='word_1_762' title='bbox 3051 4301 3132 4353; x_wconf 80' lang='grc' dir='ltr'>ὅτι</span> <span class='ocrx_word' id='word_1_763' title='bbox 3159 4299 3254 4353; x_wconf 88' lang='grc' dir='ltr'><strong>τοῦ</strong></span> <span class='ocrx_word' id='word_1_764' title='bbox 3282 4301 3439 4369; x_wconf 88' lang='grc' dir='ltr'>λόγου</span> <span class='ocrx_word' id='word_1_765' title='bbox 3463 4303 3494 4371; x_wconf 91' lang='grc' dir='ltr'><strong>ή</strong></span> <span class='ocrx_word' id='word_1_766' title='bbox 3522 4300 3751 4369; x_wconf 82' lang='grc' dir='ltr'>ἀλήθεια</span> 
     </span>
    </p>
   </div>
   <div class='ocr_carea' id='block_1_103' title="bbox 2160 4388 3751 4464">
    <p class='ocr_par' dir='ltr' id='par_1_103' title="bbox 2160 4388 3751 4464">
     <span class='ocr_line' id='line_1_104' title="bbox 2160 4388 3751 4464; baseline 0.003 -25"><span class='ocrx_word' id='word_1_767' title='bbox 2160 4389 2216 4440; x_wconf 90' lang='grc' dir='ltr'><strong>ἐν</strong></span> <span class='ocrx_word' id='word_1_768' title='bbox 2266 4391 2378 4451; x_wconf 89' lang='grc' dir='ltr'>τοῖς</span> <span class='ocrx_word' id='word_1_769' title='bbox 2426 4388 2675 4459; x_wconf 79' lang='grc' dir='ltr'>οὐρανοῖς</span> <span class='ocrx_word' id='word_1_770' title='bbox 2720 4390 3195 4462; x_wconf 78' lang='grc' dir='ltr'>ἑτοιμασθήσεται.</span> <span class='ocrx_word' id='word_1_771' title='bbox 3230 4393 3309 4445; x_wconf 83' lang='grc' dir='ltr'><strong>Τά</strong></span> <span class='ocrx_word' id='word_1_772' title='bbox 3339 4392 3450 4464; x_wconf 78' lang='grc' dir='ltr'>γὰρ</span> <span class='ocrx_word' id='word_1_773' title='bbox 3496 4392 3751 4463; x_wconf 76' lang='grc' dir='ltr'>περίγεια</span> 
     </span>
    </p>
   </div>
   <div class='ocr_carea' id='block_1_104' title="bbox 2161 4478 3749 4554">
    <p class='ocr_par' dir='ltr' id='par_1_104' title="bbox 2161 4478 3749 4554">
     <span class='ocr_line' id='line_1_105' title="bbox 2161 4478 3749 4554; baseline 0.005 -25"><span class='ocrx_word' id='word_1_774' title='bbox 2161 4478 2461 4548; x_wconf 80' lang='grc' dir='ltr'>πράγματα</span> <span class='ocrx_word' id='word_1_775' title='bbox 2492 4480 2587 4533; x_wconf 79' lang='grc' dir='ltr'>καὶ</span> <span class='ocrx_word' id='word_1_776' title='bbox 2626 4481 2659 4550; x_wconf 87' lang='grc' dir='ltr'><strong>ή</strong></span> <span class='ocrx_word' id='word_1_777' title='bbox 2694 4482 2752 4533; x_wconf 83' lang='grc' dir='ltr'><strong>ἐν</strong></span> <span class='ocrx_word' id='word_1_778' title='bbox 2788 4480 3096 4553; x_wconf 85' lang='grc' dir='ltr'>ἀνθρώποις</span> <span class='ocrx_word' id='word_1_779' title='bbox 3135 4482 3301 4535; x_wconf 88' lang='grc' dir='ltr'>κακία</span> <span class='ocrx_word' id='word_1_780' title='bbox 3336 4482 3536 4546; x_wconf 77' lang='grc' dir='ltr'>δόξειεν</span> <span class='ocrx_word' id='word_1_781' title='bbox 3567 4483 3635 4537; x_wconf 81' lang='grc' dir='ltr'>ἂν</span> <span class='ocrx_word' id='word_1_782' title='bbox 3673 4482 3749 4554; x_wconf 80' lang='grc' dir='ltr'><strong>μή</strong></span> 
     </span>
    </p>
   </div>
   <div class='ocr_carea' id='block_1_105' title="bbox 3093 4574 3748 4646">
    <p class='ocr_par' dir='ltr' id='par_1_105' title="bbox 3093 4574 3748 4646">
     <span class='ocr_line' id='line_1_106' title="bbox 3093 4574 3748 4646; baseline 0 -19"><span class='ocrx_word' id='word_1_783' title='bbox 3093 4575 3188 4627; x_wconf 88' lang='grc' dir='ltr'><strong>τοῦ</strong></span> <span class='ocrx_word' id='word_1_784' title='bbox 3222 4575 3403 4643; x_wconf 87' lang='grc' dir='ltr'>λόγου,</span> <span class='ocrx_word' id='word_1_785' title='bbox 3437 4574 3516 4645; x_wconf 82' lang='grc' dir='ltr'>τῷ</span> <span class='ocrx_word' id='word_1_786' title='bbox 3550 4574 3748 4646; x_wconf 78' lang='grc' dir='ltr'>πολλὴν</span> 
     </span>
    </p>
   </div>
   <div class='ocr_carea' id='block_1_106' title="bbox 2160 4662 3746 4740">
    <p class='ocr_par' dir='ltr' id='par_1_106' title="bbox 2160 4662 3746 4740">
     <span class='ocr_line' id='line_1_107' title="bbox 2160 4662 3746 4740; baseline 0.003 -22"><span class='ocrx_word' id='word_1_787' title='bbox 2160 4666 2475 4736; x_wconf 86' lang='grc' dir='ltr'>ἀνωμαλίαν</span> <span class='ocrx_word' id='word_1_788' title='bbox 2526 4662 2663 4720; x_wconf 87' lang='grc' dir='ltr'>εἶναι</span> <span class='ocrx_word' id='word_1_789' title='bbox 2713 4667 2891 4721; x_wconf 85' lang='grc' dir='ltr'>δοκεῖν</span> <span class='ocrx_word' id='word_1_790' title='bbox 2941 4669 3082 4722; x_wconf 82' lang='grc' dir='ltr'>κατὰ</span> <span class='ocrx_word' id='word_1_791' title='bbox 3124 4670 3214 4722; x_wconf 86' lang='grc' dir='ltr'><strong>τὸν</strong></span> <span class='ocrx_word' id='word_1_792' title='bbox 3240 4667 3579 4740; x_wconf 85' lang='grc' dir='ltr'>ἀνθρώπινον</span> <span class='ocrx_word' id='word_1_793' title='bbox 3614 4670 3746 4739; x_wconf 87' lang='grc' dir='ltr'>βίον.</span> 
     </span>
    </p>
   </div>
   <div class='ocr_carea' id='block_1_107' title="bbox 2173 4757 3750 4833">
    <p class='ocr_par' dir='ltr' id='par_1_107' title="bbox 2173 4757 3750 4833">
     <span class='ocr_line' id='line_1_108' title="bbox 2173 4757 3750 4833; baseline 0.003 -24"><span class='ocrx_word' id='word_1_794' title='bbox 2173 4757 2311 4809; x_wconf 80' lang='grc' dir='ltr'>Ἀλλ’</span> <span class='ocrx_word' id='word_1_795' title='bbox 2336 4758 2634 4830; x_wconf 83' lang='grc' dir='ltr'>ἐπειδήπερ</span> <span class='ocrx_word' id='word_1_796' title='bbox 2667 4761 2723 4813; x_wconf 88' lang='grc' dir='ltr'>αἱ</span> <span class='ocrx_word' id='word_1_797' title='bbox 2750 4760 3075 4829; x_wconf 84' lang='grc' dir='ltr'>ἐπαγγελίαι</span> <span class='ocrx_word' id='word_1_798' title='bbox 3102 4760 3195 4813; x_wconf 88' lang='grc' dir='ltr'><strong>τοῦ</strong></span> <span class='ocrx_word' id='word_1_799' title='bbox 3226 4760 3384 4826; x_wconf 87' lang='grc' dir='ltr'>Θεοῦ,</span> <span class='ocrx_word' id='word_1_800' title='bbox 3416 4762 3471 4815; x_wconf 85' lang='grc' dir='ltr'>αἱ</span> <span class='ocrx_word' id='word_1_801' title='bbox 3501 4761 3639 4833; x_wconf 82' lang='grc' dir='ltr'>πρὸς</span> <span class='ocrx_word' id='word_1_802' title='bbox 3658 4761 3750 4813; x_wconf 75' lang='grc' dir='ltr'>τὸν</span> 
     </span>
    </p>
   </div>
   <div class='ocr_carea' id='block_1_108' title="bbox 2160 4849 3750 4925">
    <p class='ocr_par' dir='ltr' id='par_1_108' title="bbox 2160 4849 3750 4925">
     <span class='ocr_line' id='line_1_109' title="bbox 2160 4849 3750 4925; baseline 0.004 -24"><span class='ocrx_word' id='word_1_803' title='bbox 2160 4849 2325 4904; x_wconf 82' lang='grc' dir='ltr'>Δαυῖδ</span> <span class='ocrx_word' id='word_1_804' title='bbox 2347 4852 2728 4922; x_wconf 84' lang='grc' dir='ltr'>γεγενημέναι,</span> <span class='ocrx_word' id='word_1_805' title='bbox 2749 4852 2888 4906; x_wconf 86' lang='grc' dir='ltr'>θεῖαι</span> <span class='ocrx_word' id='word_1_806' title='bbox 2911 4854 3004 4906; x_wconf 83' lang='grc' dir='ltr'>καὶ</span> <span class='ocrx_word' id='word_1_807' title='bbox 3027 4854 3267 4925; x_wconf 83' lang='grc' dir='ltr'>οὐράνιοι</span> <span class='ocrx_word' id='word_1_808' title='bbox 3289 4856 3636 4925; x_wconf 86' lang='grc' dir='ltr'>τυγχάνουσι,</span> <span class='ocrx_word' id='word_1_809' title='bbox 3660 4856 3750 4908; x_wconf 77' lang='grc' dir='ltr'><strong>καὶ</strong></span> 
     </span>
    </p>
   </div>
   <div class='ocr_carea' id='block_1_109' title="bbox 2160 4941 3750 5015">
    <p class='ocr_par' dir='ltr' id='par_1_109' title="bbox 2160 4941 3750 5015">
     <span class='ocr_line' id='line_1_110' title="bbox 2160 4941 3750 5015; baseline 0.004 -22"><span class='ocrx_word' id='word_1_810' title='bbox 2160 4941 2277 5011; x_wconf 77' lang='grc' dir='ltr'>οὐχ,</span> <span class='ocrx_word' id='word_1_811' title='bbox 2300 4942 2374 5004; x_wconf 84' lang='grc' dir='ltr'>ὡς</span> <span class='ocrx_word' id='word_1_812' title='bbox 2406 4941 2471 4995; x_wconf 84' lang='grc' dir='ltr'>ἂν</span> <span class='ocrx_word' id='word_1_813' title='bbox 2497 4944 2816 4997; x_wconf 75' lang='grc' dir='ltr'>ὑπολάϐοιεν</span> <span class='ocrx_word' id='word_1_814' title='bbox 2852 4946 3121 4999; x_wconf 83' lang='grc' dir='ltr'>Ἰουδαίων</span> <span class='ocrx_word' id='word_1_815' title='bbox 3157 4948 3362 5009; x_wconf 88' lang='grc' dir='ltr'>παῖδες,</span> <span class='ocrx_word' id='word_1_816' title='bbox 3399 4947 3624 5015; x_wconf 74' lang='grc' dir='ltr'>γεώδεις</span> <span class='ocrx_word' id='word_1_817' title='bbox 3658 4950 3750 5001; x_wconf 85' lang='grc' dir='ltr'>καὶ</span> 
     </span>
    </p>
   </div>
   <div class='ocr_carea' id='block_1_110' title="bbox 2162 5038 3753 5114">
    <p class='ocr_par' dir='ltr' id='par_1_110' title="bbox 2162 5038 3753 5114">
     <span class='ocr_line' id='line_1_111' title="bbox 2162 5038 3753 5114; baseline 0.007 -27"><span class='ocrx_word' id='word_1_818' title='bbox 2162 5038 2489 5105; x_wconf 86' lang='grc' dir='ltr'>σωματικαί·</span> <span class='ocrx_word' id='word_1_819' title='bbox 2515 5041 2739 5102; x_wconf 79' lang='grc' dir='ltr'>εἰκότως</span> <span class='ocrx_word' id='word_1_820' title='bbox 2766 5042 2853 5094; x_wconf 79' lang='grc' dir='ltr'>διὰ</span> <span class='ocrx_word' id='word_1_821' title='bbox 2879 5041 3039 5095; x_wconf 85' lang='grc' dir='ltr'>τοῦτο</span> <span class='ocrx_word' id='word_1_822' title='bbox 3064 5042 3537 5114; x_wconf 84' lang='grc' dir='ltr'>προδιαστέλλεται</span> <span class='ocrx_word' id='word_1_823' title='bbox 3562 5045 3589 5095; x_wconf 90' lang='lat'><strong>6</strong></span> <span class='ocrx_word' id='word_1_824' title='bbox 3614 5046 3753 5113; x_wconf 82' lang='grc' dir='ltr'>Προ-</span> 
     </span>
    </p>
   </div>
   <div class='ocr_carea' id='block_1_111' title="bbox 2161 5127 3748 5206">
    <p class='ocr_par' dir='ltr' id='par_1_111' title="bbox 2161 5127 3748 5206">
     <span class='ocr_line' id='line_1_112' title="bbox 2161 5127 3748 5206; baseline -0.006 -11"><span class='ocrx_word' id='word_1_825' title='bbox 2161 5127 2358 5197; x_wconf 77' lang='grc' dir='ltr'><strong>φήτης,</strong></span> <span class='ocrx_word' id='word_1_826' title='bbox 2390 5131 2473 5183; x_wconf 80' lang='grc' dir='ltr'>ὅτι</span> <span class='ocrx_word' id='word_1_827' title='bbox 2508 5132 2581 5203; x_wconf 81' lang='grc' dir='ltr'>μὴ</span> <span class='ocrx_word' id='word_1_828' title='bbox 2616 5134 2707 5186; x_wconf 78' lang='grc' dir='ltr'><strong>ἐπὶ</strong></span> <span class='ocrx_word' id='word_1_829' title='bbox 2738 5134 2838 5204; x_wconf 81' lang='grc' dir='ltr'>τῆς</span> <span class='ocrx_word' id='word_1_830' title='bbox 2879 5135 3001 5205; x_wconf 83' lang='grc' dir='ltr'>γῆς,</span> <span class='ocrx_word' id='word_1_831' title='bbox 3038 5134 3152 5187; x_wconf 80' lang='grc' dir='ltr'>ἀλλ’</span> <span class='ocrx_word' id='word_1_832' title='bbox 3180 5136 3237 5187; x_wconf 83' lang='grc' dir='ltr'>ὲν</span> <span class='ocrx_word' id='word_1_833' title='bbox 3269 5139 3381 5198; x_wconf 84' lang='grc' dir='ltr'>τοῖς</span> <span class='ocrx_word' id='word_1_834' title='bbox 3433 5136 3685 5206; x_wconf 80' lang='grc' dir='ltr'>οὐρανοῖς</span> <span class='ocrx_word' id='word_1_835' title='bbox 3717 5136 3748 5204; x_wconf 82' lang='grc' dir='ltr'><strong>ἡ</strong></span> 
     </span>
    </p>
   </div>
   <div class='ocr_carea' id='block_1_112' title="bbox 2159 5219 3749 5295">
    <p class='ocr_par' dir='ltr' id='par_1_112' title="bbox 2159 5219 3749 5295">
     <span class='ocr_line' id='line_1_113' title="bbox 2159 5219 3749 5295; baseline 0.004 -23"><span class='ocrx_word' id='word_1_836' title='bbox 2159 5219 2389 5289; x_wconf 88' lang='grc' dir='ltr'>ἀλήθεια</span> <span class='ocrx_word' id='word_1_837' title='bbox 2438 5223 2544 5275; x_wconf 83' lang='grc' dir='ltr'><strong>τῶν</strong></span> <span class='ocrx_word' id='word_1_838' title='bbox 2590 5224 2929 5293; x_wconf 81' lang='grc' dir='ltr'>ἐπαγγελιῶν</span> <span class='ocrx_word' id='word_1_839' title='bbox 2961 5224 3057 5278; x_wconf 83' lang='grc' dir='ltr'><strong>τοῦ</strong></span> <span class='ocrx_word' id='word_1_840' title='bbox 3105 5224 3239 5278; x_wconf 89' lang='grc' dir='ltr'>Θεοῦ</span> <span class='ocrx_word' id='word_1_841' title='bbox 3275 5224 3749 5295; x_wconf 83' lang='grc' dir='ltr'>ὲτοιμασθήσεται.</span> 
     </span>
    </p>
   </div>
   <div class='ocr_carea' id='block_1_113' title="bbox 2170 5310 3749 5389">
    <p class='ocr_par' dir='ltr' id='par_1_113' title="bbox 2170 5310 3749 5389">
     <span class='ocr_line' id='line_1_114' title="bbox 2170 5310 3749 5389; baseline 0.004 -28"><span class='ocrx_word' id='word_1_842' title='bbox 2170 5310 2368 5381; x_wconf 87' lang='grc' dir='ltr'>Διόπερ</span> <span class='ocrx_word' id='word_1_843' title='bbox 2400 5314 2428 5365; x_wconf 91' lang='grc' dir='ltr'>ὁ</span> <span class='ocrx_word' id='word_1_844' title='bbox 2460 5314 2753 5386; x_wconf 82' lang='grc' dir='ltr'>Σύμμαχος</span> <span class='ocrx_word' id='word_1_845' title='bbox 2786 5317 3117 5388; x_wconf 79' lang='grc' dir='ltr'>σαφέστερον</span> <span class='ocrx_word' id='word_1_846' title='bbox 3159 5318 3503 5389; x_wconf 81' lang='grc' dir='ltr'>ήρμήνευσεν</span> <span class='ocrx_word' id='word_1_847' title='bbox 3539 5317 3709 5370; x_wconf 85' lang='grc' dir='ltr'>εἰπών</span> <span class='ocrx_word' id='word_1_848' title='bbox 3730 5332 3749 5347; x_wconf 59' lang='grc' dir='ltr'><strong><em>η</em></strong></span> 
     </span>
    </p>
   </div>
   <div class='ocr_carea' id='block_1_114' title="bbox 2186 5396 3746 5476">
    <p class='ocr_par' dir='ltr' id='par_1_114' title="bbox 2186 5396 3746 5476">
     <span class='ocr_line' id='line_1_115' title="bbox 2186 5396 3746 5476; baseline 0.008 -25"><span class='ocrx_word' id='word_1_849' title='bbox 2186 5396 2280 5454; x_wconf 87' lang='grc' dir='ltr'>Ἐν</span> <span class='ocrx_word' id='word_1_850' title='bbox 2304 5402 2427 5469; x_wconf 83' lang='grc' dir='ltr'>τοῖς</span> <span class='ocrx_word' id='word_1_851' title='bbox 2461 5407 2739 5474; x_wconf 83' lang='grc' dir='ltr'>οὐρανοῖς</span> <span class='ocrx_word' id='word_1_852' title='bbox 2766 5407 3202 5476; x_wconf 75' lang='grc' dir='ltr'>ἐδρασθήσεται</span> <span class='ocrx_word' id='word_1_853' title='bbox 3244 5410 3278 5476; x_wconf 77' lang='grc' dir='ltr'><em>ἡ</em></span> <span class='ocrx_word' id='word_1_854' title='bbox 3313 5408 3564 5476; x_wconf 77' lang='grc' dir='ltr'>ἀλήθειά</span> <span class='ocrx_word' id='word_1_855' title='bbox 3609 5424 3746 5463; x_wconf 81' lang='grc' dir='ltr'>σου.</span> 
     </span>
    </p>
   </div>
   <div class='ocr_carea' id='block_1_115' title="bbox 2229 5495 3748 5571">
    <p class='ocr_par' dir='ltr' id='par_1_115' title="bbox 2229 5495 3748 5571">
     <span class='ocr_line' id='line_1_116' title="bbox 2229 5495 3748 5571; baseline 0.005 -24"><span class='ocrx_word' id='word_1_856' title='bbox 2229 5495 2510 5565; x_wconf 84' lang='grc' dir='ltr'>Διεθέμην</span> <span class='ocrx_word' id='word_1_857' title='bbox 2537 5497 2829 5569; x_wconf 78' lang='grc' dir='ltr'>διαθήκην</span> <span class='ocrx_word' id='word_1_858' title='bbox 2860 5501 2985 5567; x_wconf 83' lang='grc' dir='ltr'>τοῖς</span> <span class='ocrx_word' id='word_1_859' title='bbox 3022 5502 3326 5569; x_wconf 78' lang='grc' dir='ltr'>ἐκλεκτοῖς</span> <span class='ocrx_word' id='word_1_860' title='bbox 3353 5520 3475 5571; x_wconf 82' lang='grc' dir='ltr'><strong>μου</strong></span> <span class='ocrx_word' id='word_1_861' title='bbox 3498 5518 3512 5531; x_wconf 87' lang='grc'><strong>·</strong></span> <span class='ocrx_word' id='word_1_862' title='bbox 3540 5500 3748 5569; x_wconf 81' lang='grc' dir='ltr'>ὤμοσα</span> 
     </span>
    </p>
   </div>
   <div class='ocr_carea' id='block_1_116' title="bbox 2159 5588 3744 5663">
    <p class='ocr_par' dir='ltr' id='par_1_116' title="bbox 2159 5588 3744 5663">
     <span class='ocr_line' id='line_1_117' title="bbox 2159 5588 3744 5663; baseline 0.006 -25"><span class='ocrx_word' id='word_1_863' title='bbox 2159 5588 2340 5640; x_wconf 85' lang='grc' dir='ltr'>Δαυῒδ</span> <span class='ocrx_word' id='word_1_864' title='bbox 2377 5590 2457 5655; x_wconf 85' lang='grc' dir='ltr'>τῷ</span> <span class='ocrx_word' id='word_1_865' title='bbox 2482 5590 2679 5659; x_wconf 81' lang='grc' dir='ltr'>δούλῳ</span> <span class='ocrx_word' id='word_1_866' title='bbox 2708 5610 2829 5661; x_wconf 81' lang='grc' dir='ltr'><strong>μου</strong></span> <span class='ocrx_word' id='word_1_867' title='bbox 2848 5611 2861 5624; x_wconf 81' lang='lat'>&#39;</span> <span class='ocrx_word' id='word_1_868' title='bbox 2902 5596 3048 5660; x_wconf 85' lang='grc' dir='ltr'>Ἕως</span> <span class='ocrx_word' id='word_1_869' title='bbox 3075 5597 3181 5650; x_wconf 81' lang='grc' dir='ltr'><strong>τοῦ</strong></span> <span class='ocrx_word' id='word_1_870' title='bbox 3208 5596 3422 5662; x_wconf 75' lang='grc' dir='ltr'>αἰῶνος</span> <span class='ocrx_word' id='word_1_871' title='bbox 3448 5593 3744 5663; x_wconf 78' lang='grc' dir='ltr'>ἑτοιμάσω</span> 
     </span>
    </p>
   </div>
   <div class='ocr_carea' id='block_1_117' title="bbox 486 5664 2045 5759">
    <p class='ocr_par' dir='ltr' id='par_1_117' title="bbox 486 5664 2045 5757">
     <span class='ocr_line' id='line_1_118' title="bbox 486 5664 2045 5757; baseline 0.011 -49"><span class='ocrx_word' id='word_1_872' title='bbox 486 5672 657 5757; x_wconf 77' lang='lat' dir='ltr'><strong>semen</strong></span> <span class='ocrx_word' id='word_1_873' title='bbox 690 5668 858 5726; x_wconf 76' lang='lat' dir='ltr'><strong>tuum,</strong></span> <span class='ocrx_word' id='word_1_874' title='bbox 889 5672 939 5717; x_wconf 87' lang='lat' dir='ltr'><strong>et</strong></span> <span class='ocrx_word' id='word_1_875' title='bbox 968 5664 1244 5733; x_wconf 70' lang='lat' dir='ltr'><strong>azdiﬁcabo</strong></span> <span class='ocrx_word' id='word_1_876' title='bbox 1272 5668 1325 5720; x_wconf 89' lang='lat' dir='ltr'><strong>in</strong></span> <span class='ocrx_word' id='word_1_877' title='bbox 1352 5670 1739 5737; x_wconf 88' lang='lat' dir='ltr'><strong>generationem</strong></span> <span class='ocrx_word' id='word_1_878' title='bbox 1771 5680 1819 5724; x_wconf 86' lang='lat' dir='ltr'><strong>et</strong></span> <span class='ocrx_word' id='word_1_879' title='bbox 1847 5688 2045 5741; x_wconf 71' lang='lat' dir='ltr'><strong>genera</strong></span> 
     </span>
    </p>
   </div>
   <div class='ocr_carea' id='block_1_118' title="bbox 2151 5664 3745 5759">
    <p class='ocr_par' dir='ltr' id='par_1_118' title="bbox 2151 5679 3745 5759">
     <span class='ocr_line' id='line_1_119' title="bbox 2151 5679 3745 5759; baseline 0.004 -25"><span class='ocrx_word' id='word_1_880' title='bbox 2151 5679 2221 5734; x_wconf 87' lang='grc' dir='ltr'>τὸ</span> <span class='ocrx_word' id='word_1_881' title='bbox 2255 5681 2495 5751; x_wconf 79' lang='grc' dir='ltr'>σπέρμα</span> <span class='ocrx_word' id='word_1_882' title='bbox 2535 5702 2670 5749; x_wconf 83' lang='grc' dir='ltr'>σου,</span> <span class='ocrx_word' id='word_1_883' title='bbox 2701 5687 2798 5741; x_wconf 78' lang='grc' dir='ltr'>καὶ</span> <span class='ocrx_word' id='word_1_884' title='bbox 2848 5688 3224 5757; x_wconf 74' lang='grc' dir='ltr'>οἰκοδομήσω</span> <span class='ocrx_word' id='word_1_885' title='bbox 3262 5693 3347 5756; x_wconf 85' lang='grc' dir='ltr'><strong>εἰς</strong></span> <span class='ocrx_word' id='word_1_886' title='bbox 3398 5689 3612 5759; x_wconf 83' lang='grc' dir='ltr'>γενεὰν</span> <span class='ocrx_word' id='word_1_887' title='bbox 3644 5688 3745 5743; x_wconf 74' lang='grc' dir='ltr'><strong>καὶ</strong></span> 
     </span>
    </p>
   </div>
   <div class='ocr_carea' id='block_1_119' title="bbox 480 5748 2058 5829">
    <p class='ocr_par' dir='ltr' id='par_1_119' title="bbox 480 5748 2058 5829">
     <span class='ocr_line' id='line_1_120' title="bbox 480 5748 2058 5829; baseline 0.013 -31"><span class='ocrx_word' id='word_1_888' title='bbox 480 5748 679 5801; x_wconf 81' lang='lat' dir='ltr'><strong>tionem</strong></span> <span class='ocrx_word' id='word_1_889' title='bbox 696 5750 939 5806; x_wconf 84' lang='lat' dir='ltr'><strong>thronum</strong></span> <span class='ocrx_word' id='word_1_890' title='bbox 963 5764 1130 5808; x_wconf 90' lang='lat' dir='ltr'><strong>tuum.</strong></span> <span class='ocrx_word' id='word_1_891' title='bbox 1159 5756 1490 5826; x_wconf 85' lang='lat' dir='ltr'><strong>Diapsalma.</strong></span> <span class='ocrx_word' id='word_1_892' title='bbox 1518 5760 1920 5829; x_wconf 87' lang='lat' dir='ltr'><strong>Conﬁtebuntur</strong></span> <span class='ocrx_word' id='word_1_893' title='bbox 1941 5766 2058 5818; x_wconf 74' lang='lat' dir='ltr'><strong>caeli</strong></span> 
     </span>
    </p>
   </div>
   <div class='ocr_carea' id='block_1_120' title="bbox 489 5839 2055 5914">
    <p class='ocr_par' dir='ltr' id='par_1_120' title="bbox 489 5839 2055 5914">
     <span class='ocr_line' id='line_1_121' title="bbox 489 5839 2055 5914; baseline 0.014 -23"><span class='ocrx_word' id='word_1_894' title='bbox 489 5839 760 5894; x_wconf 85' lang='lat' dir='ltr'><strong>mirabilia</strong></span> <span class='ocrx_word' id='word_1_895' title='bbox 795 5851 908 5911; x_wconf 86' lang='lat' dir='ltr'><strong>tua,</strong></span> <span class='ocrx_word' id='word_1_896' title='bbox 953 5845 1195 5914; x_wconf 87' lang='lat' dir='ltr'><strong>Domine,</strong></span> <span class='ocrx_word' id='word_1_897' title='bbox 1240 5852 1429 5905; x_wconf 87' lang='lat' dir='ltr'><strong>etenim</strong></span> <span class='ocrx_word' id='word_1_898' title='bbox 1485 5854 1756 5908; x_wconf 83' lang='lat' dir='ltr'><strong>veritatem</strong></span> <span class='ocrx_word' id='word_1_899' title='bbox 1809 5866 1953 5911; x_wconf 88' lang='lat' dir='ltr'><strong>tuam</strong></span> <span class='ocrx_word' id='word_1_900' title='bbox 2004 5860 2055 5913; x_wconf 89' lang='lat' dir='ltr'><strong>in</strong></span> 
     </span>
    </p>
   </div>
   <div class='ocr_carea' id='block_1_121' title="bbox 2166 5773 3751 5850">
    <p class='ocr_par' dir='ltr' id='par_1_121' title="bbox 2166 5773 3751 5850">
     <span class='ocr_line' id='line_1_122' title="bbox 2166 5773 3751 5850; baseline 0.006 -27"><span class='ocrx_word' id='word_1_901' title='bbox 2166 5773 2379 5839; x_wconf 80' lang='grc' dir='ltr'>γενεὰν</span> <span class='ocrx_word' id='word_1_902' title='bbox 2422 5773 2529 5826; x_wconf 81' lang='grc' dir='ltr'>τὸν</span> <span class='ocrx_word' id='word_1_903' title='bbox 2566 5778 2784 5843; x_wconf 80' lang='grc' dir='ltr'>θρόνον</span> <span class='ocrx_word' id='word_1_904' title='bbox 2820 5792 2958 5834; x_wconf 86' lang='grc' dir='ltr'>σου.</span> <span class='ocrx_word' id='word_1_905' title='bbox 3000 5776 3751 5850; x_wconf 52' lang='grc' dir='ltr'>ΔιάψαὶμαΠΕξομολογή-</span> 
     </span>
    </p>
   </div>
   <div class='ocr_carea' id='block_1_122' title="bbox 2166 5869 3748 5941">
    <p class='ocr_par' dir='ltr' id='par_1_122' title="bbox 2166 5869 3748 5941">
     <span class='ocr_line' id='line_1_123' title="bbox 2166 5869 3748 5941; baseline 0.015 -25"><span class='ocrx_word' id='word_1_906' title='bbox 2166 5881 2377 5920; x_wconf 82' lang='grc' dir='ltr'>σονται</span> <span class='ocrx_word' id='word_1_907' title='bbox 2408 5871 2459 5921; x_wconf 80' lang='grc' dir='ltr'>οἱ</span> <span class='ocrx_word' id='word_1_908' title='bbox 2490 5869 2731 5936; x_wconf 67' lang='grc' dir='ltr'>οίιρανοὶ</span> <span class='ocrx_word' id='word_1_909' title='bbox 2780 5870 2851 5927; x_wconf 86' lang='grc' dir='ltr'>τὰ</span> <span class='ocrx_word' id='word_1_910' title='bbox 2896 5872 3196 5941; x_wconf 81' lang='grc' dir='ltr'>θαυμάσιά</span> <span class='ocrx_word' id='word_1_911' title='bbox 3231 5890 3365 5941; x_wconf 88' lang='grc' dir='ltr'>σου,</span> <span class='ocrx_word' id='word_1_912' title='bbox 3407 5874 3604 5941; x_wconf 74' lang='grc' dir='ltr'>Κύριε»</span> <span class='ocrx_word' id='word_1_913' title='bbox 3645 5870 3748 5924; x_wconf 61' lang='grc' dir='ltr'><strong>καὶ</strong></span> 
     </span>
    </p>
   </div>
  </div>
