4068 6394
332 402 473 457 1073

1542 397 2052 455 COMMENTARIA
2091 399 2158 454 IN
2198 398 2540 457 PSALMOS.

3458 405 3597 449 IU'M

328 519 443 586 γὰρ
464 516 578 583 τὴν
608 517 893 584 ἀλήθειάν
918 532 1034 571 σου
1057 517 1117 570 ἐν
1160 516 1485 585 Ἐκκλησία
1503 516 1707 587 ἁγίων.
1729 516 1906 587 Σαφῶς

2029 516 2271 571 Ecclesia
2296 525 2625 571 sanctorum.
2663 512 2788 567 Haec
2818 527 2885 567 es
2916 524 3147 583 persona
3174 508 3271 565 Dei
3311 506 3600 564 manifeste

325 604 504 658 ταῦτα
543 606 607 658 ἐκ
644 605 936 677 προσώπου
974 606 1069 659 τοῦ
1102 604 1239 658 Οεοῦ
1271 605 1515 677 εἴρηται·
1556 606 1748 677 διόπερ
1771 606 1920 659 δοκεῖ

330 712 424 765 μοι
472 696 622 766 παρὰ
661 698 775 759 τοῖς
815 695 1220 766 Ἐϐδομήκοντα
1260 694 1516 767 ἀνωτέρω
1542 694 1794 766 εἰρῆσθαι
1822 694 1914 748 τό·

328 788 461 839 Ὅτι
489 783 693 852 εἷπας·
728 790 832 852 Εἰς
878 786 986 840 τὸν
1024 785 1209 840 αἰῶνα
1238 786 1410 853 ἕλεος
1454 786 1919 856 οἰκοδομηθήσε-

325 895 442 942 ται,
477 879 547 931 ἐν
582 878 709 944 τοῖς
740 878 1022 947 οὐρανοῖς
1059 878 1559 947 ἐτοιμασθήσεται
1591 880 1630 947 ἡ
1666 878 1920 947 ἀλήθειά

324 986 477 1024 σου*
514 966 595 1033 οἷς
629 970 963 1041 ἐπισυνῆπτε
1008 969 1101 1022 τόο
1154 969 1438 1038 Διεθέμην
1471 966 1764 1037 διαθήκην
1794 967 1919 1034 τοῖς

322 1061 630 1127 ἐκλεκτοῖς
661 1079 781 1131 μου
800 1078 813 1092 ·
852 1062 940 1114 ἵνα
982 1061 1104 1115 καθ’
1136 1059 1446 1132 ὑπερϐατὸν
1469 1060 1553 1131 εἴη
1585 1060 1759 1124 οὕτως
1780 1060 1917 1131 ἔχων

323 1153 354 1203 ὀ
381 1150 505 1215 νοῦς
534 1150 641 1203 τῶν
678 1151 1089 1223 προκειμένων·
1133 1149 1353 1221 Ἐπειδὴ
1400 1151 1465 1204 σὺ
1506 1150 1690 1213 αὐτὸς,
1725 1143 1773 1203 ὦ
1799 1149 1916 1203 Κύ-

327 1259 434 1313 ριε,
462 1245 519 1295 ἐν
554 1246 673 1307 ταῖς
718 1245 847 1314 περὶ
886 1244 981 1297 τοῦ
1018 1242 1179 1296 Δαυῒδ
1207 1243 1566 1311 ἐπαγγελίαις
1595 1239 1783 1307 εἶπας⁸
1822 1244 1916 1306 Εἰς

322 1337 418 1390 τὸν
446 1335 617 1389 αἰῶνα
647 1336 711 1389 τὸ
738 1336 885 1399 ἔλεός
914 1353 1015 1407 μου
1043 1335 1105 1388 τὸ
1133 1336 1271 1407 πρὸς
1310 1335 1401 1389 τὸν
1433 1336 1617 1399 Δαυῒδ,
1644 1337 1677 1408 ἢ
1720 1336 1815 1389 καί⁵
1856 1336 1916 1388 τό

324 1430 407 1492 εἰς
440 1429 649 1492 πάντας
684 1426 1005 1499 ἀνθρώπους
1037 1426 1558 1499 οίκοδομηθήσεταν
1605 1429 1711 1482 καὶ
1742 1446 1914 1501 προσ-

325 1519 530 1591 έθηκας
574 1520 779 1588 λέγων·
811 1518 1093 1589 Δωθέμην
1117 1517 1414 1586 διαθήκην
1454 1518 1581 1586 τοῖς
1610 1520 1915 1587 ἐκλεκτοῖς

317 1626 462 1677 μου,
507 1610 627 1680 ἦτοι
674 1608 945 1679 ἐπιλέκτῳ
990 1626 1115 1680 μου,
1159 1610 1286 1664 καί’
1337 1612 1567 1679 ’ῼμοσα
1609 1609 1791 1664 Δαυῒδ
1834 1609 1915 1676 τῷ

323 1701 523 1765 δούλῳ
562 1719 705 1770 μου,
753 1702 846 1754 καὶ
892 1701 962 1755 τὰ
1011 1701 1219 1766 τούτοις
1249 1700 1548 1756 ἀκόλουθαο
1587 1700 1911 1770 πέπεισμαι,

323 1794 411 1847 ὅτι
439 1791 638 1846 οὔποτε
668 1789 1154 1864 διαψευσθήσονταί
1181 1810 1276 1846 σου
1318 1794 1375 1847 αἱ
1411 1792 1756 1861 ἐπαγγελίαι,
1820 1792 1916 1864 μέ-

2025 609 2175 664 dicta
2227 618 2359 664 sunt
2392 626 2404 661 :
2442 622 2506 662 ac
2536 605 2757 660 videtur
2802 605 2935 658 niilii
2988 604 3113 657 ideo
3146 602 3290 673 apud
3322 600 3464 655 LXX
3507 618 3596 656 su-

2025 701 2211 770 perius
2257 700 2466 755 dictum
2521 697 2693 754 fuisse
2717 739 2732 764 ,
2774 696 3039 763 Quoniam
3071 694 3255 748 dixisti
3286 710 3304 747 :
3335 692 3402 747 In
3447 704 3601 748 teter-

2024 809 2151 847 num
2179 790 2545 846 misericordia
2573 788 2946 859 ludiﬁcabitur,
2966 789 3019 841 in
3045 788 3188 841 cwlis
3212 785 3602 855 praparabitur

2022 885 2215 938 veritas
2242 883 2582 953 tua;quibus
2612 881 2726 935 haec
2748 880 3131 942 subdiderunt,
3151 877 3402 945 Disposui
3434 885 3599 931 testa-

2024 985 2258 1029 mentum
2292 975 2470 1030 electis
2512 974 2677 1035 meis;
2714 980 2773 1026 ut
2803 986 2901 1041 per
2932 970 3270 1041 hyperbaton
3302 968 3432 1023 dicti
3478 981 3603 1022 sen-

2021 1067 2194 1121 tentia
2248 1068 2329 1123 sic
2374 1066 2752 1137 exprimatur:
2783 1062 3051 1129 Quoniam
3083 1068 3140 1115 tu
3185 1061 3322 1130 ipse,
3352 1058 3601 1124 Domine,

2022 1159 2078 1211 in
2108 1157 2571 1227 promissionibus
2596 1154 2816 1209 Davidis
2842 1153 3031 1209 dixisti
3066 1172 3078 1207 :
3112 1153 3172 1206 In
3204 1148 3469 1205 :éternum
3502 1150 3604 1203 mi-

2022 1248 2324 1306 sericordia
2356 1264 2476 1303 mea
2509 1262 2641 1318 erga
2673 1246 2954 1309 Davidem,
2984 1245 3100 1300 sive
3129 1258 3257 1313 erga
3283 1257 3474 1298 omnes
3506 1245 3603 1296 ho-

2020 1342 2200 1396 mines
2266 1339 2665 1406 aediﬁcabitur;
2726 1346 2779 1393 et
2829 1338 2946 1392 haec
3001 1335 3286 1406 adjecisti,
3349 1334 3603 1403 Disposui

2022 1441 2394 1488 testamentum
2440 1432 2617 1486 electis
2660 1432 2814 1495 meis,
2847 1430 3078 1496 scilicet,
3112 1430 3287 1484 electo
3328 1443 3473 1492 meo,
3525 1434 3599 1491 et,

2018 1525 2211 1580 luravi
2244 1524 2415 1579 David
2444 1541 2590 1579 servo
2618 1540 2751 1588 meo,
2783 1531 2838 1577 et
2870 1532 3065 1577 caetera
3087 1541 3100 1576 :
3124 1534 3449 1591 persuasum
3472 1519 3601 1573 mihi

2019 1625 2107 1674 est
2144 1617 2416 1688 prrmissa
2476 1624 2571 1669 tua
2615 1629 2896 1685 nunquam
2958 1613 3119 1667 irrita
3151 1612 3290 1677 fore,
3322 1611 3419 1666 sed
3474 1625 3600 1666 vera

2020 1710 2290 1779 ﬁrmaque
2321 1722 2585 1763 mansura
2620 1722 2787 1771 esse;
2821 1704 2915 1761 sed
2970 1720 3082 1758 non
3129 1702 3229 1768 ita,
3266 1710 3324 1757 ut
3353 1704 3409 1757 in
3458 1712 3599 1757 terra

2020 1800 2327 1855 consistant
2360 1818 2373 1853 :
2405 1813 2583 1869 neque
2627 1798 2773 1853 enim
2808 1804 3026 1851 terrena
3072 1803 3127 1849 et
3181 1795 3406 1850 sensilia
3451 1801 3599 1860 sunt,

325 1899 477 1936 νουσι
497 1884 555 1937 δὲ
598 1883 819 1955 ἀληθείς
850 1883 945 1936 καί⁹
976 1884 1337 1938 ἀδιάπτωτοι·
1369 1884 1485 1937 ἀλλ’
1518 1885 1618 1954 οὐχ
1651 1883 1792 1937 ὥστε
1824 1884 1906 1938 ἐπί

2019 1903 2197 1961 neque
2226 1888 2440 1944 venalia
2496 1898 2551 1943 et
2597 1888 2751 1943 brevi
2807 1894 3056 1956 tempore
3100 1884 3388 1948 duratura,
3420 1886 3599 1956 qualis

322 1975 421 2046 τῆς
463 1976 566 2045 γῆς
610 1975 957 2029 συνίστασθαι
996 1976 1198 2040 αὐτάςο
1247 1977 1369 2031 ούδέ
1397 1976 1507 2049 γὰρ
1551 1978 1785 2045 ἐπίγειοι
1824 1978 1919 2032 καὶ

322 2066 603 2137 αἰσθηταὶ,
636 2066 756 2120 οὐδὲ
796 2066 1003 2137 ὠνηταὶ
1037 2068 1131 2121 καὶ
1156 2067 1508 2139 ὀλιγοχρόνιοι
1538 2070 1915 2139 τυγχάνουσιν,

320 2153 434 2222 οἷός
471 2161 620 2212 ἐστιν
652 2161 681 2212 6
712 2158 821 2212 τῶν
852 2158 1158 2232 ἀνθρώπων
1193 2160 1326 2231 βίος,
1372 2160 1487 2215 ἀλλ’
1520 2163 1778 2216 ἀθάνατοι
1825 2162 1918 2215 καί⁵

320 2250 529 2305 αἰώνιοι
556 2252 650 2304 καὶ
681 2254 746 2322 τῇ
778 2254 843 2323 σῇ
874 2251 1090 2324 θεότητι
1124 2254 1671 2327 πρέπουσαι.Διόπερ
1695 2255 1797 2308 οὐκ
1823 2255 1916 2307 ἐπὶ

318 2342 421 2413 τῆς
448 2343 571 2414 γῆς,
602 2344 718 2397 ἀλλ’
747 2347 805 2397 ἐν
836 2347 948 2408 τοῖς
977 2346 1227 2417 οὐρανοῖς
1252 2348 1710 2418 ἐτοιμασθήσεται
1730 2349 1763 2419 ἡ
1786 2346 1918 2417 ἀλή-

322 2433 444 2487 θεια
496 2434 603 2488 τῶν
654 2435 764 2488 σῶν
812 2436 950 2507 πρὸς
981 2438 1074 2490 τὸν
1104 2437 1265 2491 Δαυῒδ
1299 2437 1660 2506 ἐπαγγελιῶν.
1680 2440 1825 2491 Ἀντὶ
1857 2437 1915 2491 δὲ

318 2522 448 2575 τοῦ·
490 2523 779 2592 Διεθέμην
820 2523 1112 2593 διαθήκην
1156 2526 1280 2592 τοῖς
1330 2528 1635 2595 ἐκλεκτοῖς
1674 2546 1815 2597 μου,
1864 2531 1913 2582 οἱ

320 2614 497 2667 λοιποὶ
535 2616 735 2679 πάντες
772 2617 1135 2687 ἐρμηνευταίο
1168 2618 1254 2684 Τῷ
1281 2620 1576 2687 ἐπιλέκτῳ
1594 2638 1735 2689 μου,
1762 2621 1913 2692 εἰρή-

320 2724 470 2761 κασι.
501 2708 611 2761 Καὶ
655 2707 858 2777 μᾶλλον
892 2709 1122 2779 ἁρμόζει
1156 2712 1222 2780 τῇ
1254 2710 1463 2787 διανοίᾳ
1495 2713 1528 2782 ἡ
1555 2712 1780 2782 τοιαύτη
1824 2712 1914 2765 ἐκ·

318 2794 466 2863 δοσις
487 2814 501 2827 ο
529 2797 651 2850 οὐδὲ
673 2797 782 2870 γᾴρ
802 2800 932 2869 περὶ
962 2798 1170 2853 πολλῶν
1197 2802 1345 2858 ἐστιν
1373 2803 1401 2854 ὀ
1426 2801 1599 2869 λόγος,
1625 2802 1759 2856 ἀλλὰ
1784 2802 1913 2873 περὶ

323 2889 485 2960 μόνου
529 2891 622 2943 τοῦ
663 2892 859 2945 Δαυῖδο
904 2891 1052 2963 αὐτῷ
1090 2893 1220 2965 γὰρ,
1255 2895 1408 2964 φησὶ,
1441 2896 1535 2948 καὶ
1567 2894 1779 2966 ὤμοσα,
1814 2896 1910 2949 ἆτε

318 2978 491 3051 δούλῳ
514 2998 613 3053 μου
637 2982 751 3035 ὀντι
772 2983 867 3036 καὶ
885 2984 1155 3056 ὲπιλέκτῳ
1178 3003 1299 3056 μου.
1320 2987 1394 3039 Οὐ
1415 2988 1521 3059 γὰρ
1542 2988 1701 3059 ἤρκει
1723 2988 1912 3057 ἁπλῶς

318 3077 598 3132 διαθέσθαι
627 3080 776 3150 αύτῷ
800 3080 1087 3153 διαθήκην,
1123 3081 1312 3154 ὥσπερ
1349 3083 1605 3156 διεθέμην
1641 3084 1720 3155 τῷ
1760 3083 1906 3149 Νῶε,

2018 1979 2303 2035 hominum
2334 1980 2446 2034 vita
2479 1986 2603 2045 est;
2648 1979 2749 2033 sed
2780 1976 3131 2041 immortalia,
3168 1986 3371 2031 mterna
3400 1984 3454 2031 et
3486 1976 3584 2031 dei-

2017 2073 2118 2125 tati
2143 2080 2249 2126 tuae
2274 2071 2656 2144 congruentia.
2691 2069 3039 2139 Quapropter
3071 2084 3180 2122 non
3215 2069 3462 2133 interra,
3504 2067 3597 2123 sed

2018 2165 2075 2218 in
2125 2165 2286 2219 oculis
2326 2164 2727 2235 praeparabitur
2754 2162 2961 2217 veritas
3012 2175 3203 2215 eorum
3254 2176 3376 2232 qua
3404 2158 3595 2214 Davidi

2016 2256 2297 2325 pollicitus
2328 2271 2409 2311 es.
2442 2255 2550 2310 Pro
2579 2255 2675 2309 illo
2704 2262 2908 2319 autem,
2944 2253 3195 2322 Disposui
3227 2259 3595 2309 testamentum

2013 2348 2190 2402 electis
2224 2349 2376 2412 meis,
2409 2347 2609 2418 reliqui
2642 2362 2836 2401 omnes
2878 2347 3229 2416 interpretes,
3254 2343 3435 2398 Electa
3460 2359 3595 2407 meo,

2015 2437 2291 2492 dixerunt.
2331 2436 2464 2504 Quae
2515 2454 2649 2494 sane
2708 2437 3086 2507 interpretatio
3116 2450 3259 2491 vera:
3308 2434 3594 2489 sententiae

2016 2528 2195 2600 magis
2215 2530 2506 2600 congruit:
2537 2545 2647 2583 non
2680 2529 2825 2584 enim
2859 2528 2925 2584 de
2949 2528 3136 2583 multis
3168 2542 3350 2582 sermo
3379 2525 3593 2589 est,sed

2014 2618 2083 2673 de
2110 2634 2219 2673 uno
2258 2616 2497 2685 Davide;
2530 2619 2636 2689 ipsi
2686 2619 2888 2689 quippe
2936 2617 3138 2688 juravi,
3173 2617 3371 2687 inquit,
3411 2624 3594 2686 utpote

2016 2727 2176 2767 servo
2218 2726 2341 2765 meo
2390 2721 2445 2765 et
2473 2710 2649 2766 electo
2698 2726 2841 2764 meo.
2890 2709 3080 2781 Neque
3123 2710 3271 2764 enim
3311 2711 3446 2765 satis
3476 2716 3589 2764 erat

2014 2801 2117 2872 ipsi
2153 2810 2539 2859 testamentum
2568 2803 2882 2873 disponere,
2909 2803 3051 2858 sicut
3077 2801 3212 2868 Noe,
3247 2810 3437 2871 postea
3464 2816 3593 2857 vero

2012 2893 2349 2958 Abrahamo,
2379 2895 2683 2964 deindeque
2733 2895 2860 2950 ﬁliis
2914 2894 3081 2949 Israel
3132 2894 3189 2947 in
3233 2893 3456 2948 deserto
3498 2909 3591 2963 per

2011 2985 2251 3057 Moysem
2284 2985 2531 3055 disposui
2560 3005 2572 3040 :
2602 3002 2728 3040 nam
2763 3001 2889 3040 cum
2916 2987 2984 3042 iis
3015 2986 3134 3042 sine
3159 2987 3504 3057 juramento;
3540 2992 3595 3039 at

2012 3093 2139 3133 cum
2185 3078 2381 3141 electo,
2421 3094 2578 3133 servo
2610 3087 2663 3133 et
2697 3077 2899 3133 famulo
2934 3094 3058 3135 meo
3096 3077 3319 3141 Davide,
3348 3077 3595 3132 adhibito

319 3171 413 3225 καὶ
445 3173 584 3243 μετὰ
613 3172 786 3226 ταῦτα
817 3173 894 3245 τῷ
931 3175 1200 3247 Ἀϐραὰμ,
1233 3176 1326 3229 καὶ
1369 3176 1529 3230 πάλιν
1558 3178 1674 3249 μετ’
1704 3180 1906 3232 ἐκεῖνον

2010 3169 2389 3240 jurejurando,
2412 3168 2591 3225 ftedus
2613 3178 2667 3225 et
2692 3176 3077 3225 testamentum
3113 3168 3426 3224 inii..luravi
3446 3169 3593 3224 enim

316 3265 429 3327 τοῖς
446 3237 588 3327 ὐἱοῖς
625 3265 843 3337 Ἰσραὴλ
865 3237 966 3320 ἐπὶ
997 3237 1098 3336 si];
1124 3237 1332 3338 ἐρήμου
1354 3267 1441 3320 διὰ
1466 3237 1731 3333 Μωσέως·
1766 3269 1906 3322 ἐκεί-

2013 3261 2118 3331 ipsi
2173 3259 2415 3315 futurum
2449 3277 2572 3316 esse
2610 3271 2670 3315 ut
2698 3276 2881 3315 semen
2923 3262 3043 3331 ejus
3068 3262 3123 3315 in
3145 3270 3409 3316 aeternum
3450 3275 3592 3331 prae-

318 3371 428 3418 νοις
475 3354 584 3427 γὰρ
624 3356 748 3426 δίχα
779 3358 1154 3429 ὁρκωμοσίας·
1184 3358 1261 3429 τῷ
1292 3359 1335 3412 δ’
1370 3360 1642 3431 ἐπιλέκτῳ
1679 3378 1779 3431 μου
1813 3362 1908 3414 καὶ

315 3446 394 3517 τῷ
443 3446 564 3517 ἐμῷ
609 3447 902 3521 θεράποντι
950 3451 1045 3504 καὶ
1096 3450 1267 3521 δούλῳ
1292 3451 1457 3505 Δαυῒδ
1483 3452 1738 3524 διεθέμην
1771 3453 1908 3523 μετὰ

315 3540 479 3611 ὅρκου
514 3541 913 3613 παραλήψεωςο
952 3542 1143 3613 ὤμοσα
1185 3544 1295 3614 γὰρ
1338 3543 1485 3615 αὑτῷ
1515 3546 1643 3618 περὶ
1672 3544 1766 3598 τοῦ
1798 3546 1907 3599 δεῖν

313 3629 373 3683 τὸ
426 3630 647 3701 σπέρμα
693 3632 858 3685 αὐτοῦ
910 3636 989 3697 εἰς
1018 3635 1107 3687 τὸν
1150 3635 1325 3689 αἰῶνα
1356 3636 1667 3707 ἑτοιμάσειν
1698 3637 1905 3691 καὶτὸν

314 3722 501 3794 θρόνον
532 3724 698 3778 αὑτοῦ
725 3726 1124 3797 οἰκοδομήσειν,
1161 3730 1256 3782 καὶ
1285 3731 1385 3784 οὐκ
1423 3734 1503 3794 εἰς
1532 3730 1659 3801 μίαν
1690 3732 1903 3800 γενεὰν,

314 3811 425 3863 ἀλλ’
459 3815 539 3875 εἰς
584 3813 778 3881 γενεὰν
826 3816 919 3868 καὶ
942 3818 1154 3885 γενεάν.
1184 3819 1319 3890 Περὶ
1345 3820 1401 3872 δὲ
1426 3820 1520 3873 τοῦ
1554 3820 1784 3891 ὀμνύναι
1812 3822 1904 3875 τὸν

312 3903 464 3967 Θεὸν,
492 3906 521 3957 6
549 3906 1033 3975 ἰερὸςἈπόστολος
1061 3910 1118 3960 ἐν
1147 3912 1210 3981 τῇ
1230 3910 1369 3982 πρὸς
1402 3911 1684 3983 Ἐϐραίους
1706 3914 1899 3984 φησίν·

316 3992 438 4048 Ἰνα
461 3994 559 4049 διὰ
589 3995 699 4050 δύο
737 3999 1095 4069 πραγμάτων
1122 4002 1514 4070 ἀμεταθέτων,
1553 4005 1623 4057 ἐν
1654 4000 1746 4069 οἷς
1766 4004 1905 4059 ἁδύς

312 4103 495 4141 νατον
517 4090 866 4156 ψεύσασθαι
895 4092 1002 4145 τὸν
1038 4093 1206 4158 Θεὸν,
1234 4096 1491 4163 ἰσχυρὰν
1516 4096 1905 4166 παράκλησιν

313 4179 561 4249 ἔχωμεν.
594 4182 733 4234 Κατ’
766 4184 1018 4237 ἐπίτασιν
1052 4185 1163 4257 γὰρ
1195 4187 1442 4256 μείζονος
1467 4188 1902 4253 διαϐεϐαιώσεως

311 4270 403 4323 καὶ
434 4271 596 4342 ὅρκος
631 4273 1002 4344 παρείληπται
1036 4276 1115 4345 τῷ
1144 4276 1284 4347 Θεῷ.
1323 4278 1482 4331 Κατὰ
1509 4281 1655 4343 τίνος
1686 4280 1741 4333 δὲ
1762 4281 1789 4333 ὀ
1813 4281 1903 4352 ὅρ-

310 4378 404 4426 κος
437 4363 565 4433 ἑξῆς
606 4364 811 4437 προῖὼν
844 4366 1084 4419 διδάσκει
1114 4367 1319 4436 λέγων’
1365 4369 1552 4435 Ἅπαξ
1588 4369 1794 4440 ὤμοσα
1832 4372 1903 4424 ἐν

310 4454 387 4521 τῷ
405 4455 550 4525 ἁγίῳ
568 4456 893 4523 μου.¹Ένθα
924 4458 1016 4510 καὶ
1045 4460 1382 4530 ἐπιστήσεις,
1411 4462 1495 4524 τίς
1520 4479 1650 4515 ποτε
1674 4463 1780 4533 ἄρα
1807 4456 1899 4516 οὗ·

308 4562 397 4609 τος
432 4542 500 4618 ἦν
534 4549 561 4599 6
604 4546 760 4615 ἅγιος
807 4547 900 4601 τοῦ
946 4549 1102 4614 Θεοῦ,
1140 4551 1260 4604 καθ’
1285 4546 1346 4604 οὗ
1382 4552 1607 4623 ὄμνυσιν
1652 4555 1727 4618 ὡς
1758 4556 1899 4609 κατὰ

1930 4592 1979 4651 ι)

2012 3358 2259 3420 paretur,
2285 3359 2338 3404 et
2357 3353 2588 3406 thronus
2621 3351 2741 3421 ejus
2758 3352 3077 3418 aediﬁcetur,
3099 3369 3207 3407 non
3230 3353 3287 3406 in
3304 3368 3468 3407 unam
3502 3366 3595 3422 ge-

2011 3440 2377 3507 nerationem,
2420 3438 2515 3495 scd
2541 3441 2593 3493 in
2628 3441 3035 3510 generationem
3069 3449 3121 3495 et
3156 3441 3591 3510 generationem.

2008 3528 2120 3585 Cur
2153 3539 2335 3586 autem
2372 3530 2515 3586 Deus
2539 3531 2828 3601 juravcrit,
2862 3530 2919 3585 S.
2946 3532 3240 3602 Apostolus
3264 3533 3321 3586 in
3349 3531 3591 3601 Epistula

2009 3622 2078 3678 ad
2112 3621 2369 3677 Hebraeos
2394 3624 2719 3678 testiﬁcatur
2748 3643 2761 3679 :
2791 3623 2858 3677 Ut
2886 3640 2977 3693 per
2998 3623 3134 3678 duas
3168 3640 3250 3677 res
3275 3624 3589 3689 immobiles,

2006 3716 2194 3788 quibus
2234 3716 2559 3786 impossibile
2611 3725 2689 3771 est
2732 3718 2946 3771 mentiri
2986 3715 3189 3780 Deum,
3236 3716 3590 3785 fortissimum

2007 3810 2261 3863 solatium
2302 3808 2588 3862 habeamus
2614 3810 2677 3864 ’⁵.
2704 3808 2839 3863 Nam
2870 3810 2939 3864 ad
2969 3810 3343 3865 accessionem
3366 3809 3591 3879 majoris

2007 3900 2351 3955 certitudinis
2368 3898 2892 3969 Deusjuramentum
2909 3901 3174 3955 adhibuit.
3197 3900 3298 3956 Per
3315 3916 3474 3971 quem
3492 3916 3562 3954 au

2006 3999 2112 4045 tem
2132 3994 2487 4062 juraverit,in
2507 3995 2866 4064 sequentibus
2884 3995 3046 4049 docet
3067 3995 3152 4050 his
3172 3995 3388 4050 verbis:
3415 3994 3589 4049 Semel

1996 4086 2181 4155 juravi
2233 4090 2288 4141 in
2341 4099 2524 4142 sancto
2582 4106 2717 4143 meo.
2767 4087 2869 4143 Ubi
2924 4089 3231 4159 perpendes
3266 4090 3359 4159 qui
3400 4091 3471 4144 sit
3502 4090 3588 4145 ille

2006 4192 2233 4236 sanctus
2264 4180 2382 4244 Dei,
2408 4196 2505 4251 per
2537 4197 2700 4251 quem
2722 4182 2881 4253 quasi
2902 4198 2998 4252 per
3018 4182 3217 4237 Filium
3244 4184 3587 4253 unigenitum

2001 4270 2187 4339 jurat,
2230 4272 2297 4324 ad
2357 4272 2783 4340 promissionem
2848 4274 3072 4326 omnino
3128 4271 3584 4327 conﬁrmandam.

2008 4364 2152 4419 Sane
2186 4381 2314 4419 vero
2358 4372 2611 4419 sanctum
2649 4366 2799 4419 illum
2830 4368 2913 4421 vel
2945 4366 3221 4421 (ltemones
3250 4366 3304 4419 in
3342 4365 3585 4435 Evange-

2005 4458 2093 4513 li'rs
2111 4458 2350 4512 confessi
2377 4465 2527 4518 sunt,
2554 4474 2679 4511 cum
2710 4458 3091 4527 divinani'ejus
3120 4466 3463 4527 potestatem,
3481 4473 3584 4527 qua

2005 4566 2064 4605 se
2110 4550 2374 4619 puniebat
2419 4558 2472 4603 et
2512 4550 2767 4619 cjicicbat
2798 4567 2906 4605 non
2936 4550 3195 4616 ferentes,
3235 4552 3349 4604 haec
3382 4550 3586 4603 clama-

312 4636 436 4689 Υίοῦ
458 4638 802 4707 μονογενοῦς,
828 4641 907 4703 εἰς
933 4641 995 4693 τὸ
1018 4642 1077 4707 ἐξ
1096 4642 1334 4708 ἅπαντος
1353 4644 1420 4697 τὰ
1444 4644 1541 4715 τῆς
1562 4647 1894 4715 ἐπαγγελίας

2010 4641 2137 4695 bant
2170 4661 2180 4694 :
2222 4640 2367 4704 Sine,
2388 4641 2514 4711 quid
2542 4642 2690 4697 nobis
2724 4652 2772 4696 et
2797 4642 2913 4705 tibi,
2945 4642 3075 4696 Jesu
3118 4641 3439 4698 Nazarene?
3469 4638 3587 4695 Νο-

308 4729 692 4801 κρατυνθῆναι.
728 4730 832 4783 Τὸν
886 4732 984 4803 μὲν
1034 4729 1126 4787 οὖν
1174 4734 1327 4802 ἆγιον
1365 4736 1675 4806 ὡμολόγουν
1722 4738 1815 4791 καὶ
1845 4740 1894 4790 οί

308 4821 555 4893 δαίμονες
580 4824 637 4875 ἐν
669 4825 782 4887 τοῖς
812 4824 1187 4893 Εὐαγγελίοις,
1210 4825 1298 4878 ὅτε
1332 4828 1405 4896 μὴ
1437 4827 1693 4897 φέροντες
1726 4828 1891 4881 αὐτοῦ

310 4915 401 4984 τὴν
430 4915 612 4969 ἔνθεον
641 4916 871 4988 δύναμιν
896 4918 1223 4989 κολαστικὴν
1245 4914 1409 4972 οὖσαν
1431 4919 1610 4972 αὐτῶν
1658 4921 1751 4973 καὶ
1790 4922 1893 4975 ἀπ-

308 5005 613 5077 ελαστικὴν,
646 5007 817 5060 ἐϐόων
863 5008 1144 5077 λέγοντεςο
1203 5011 1343 5073 Ἔα,
1384 5010 1441 5063 τί
1467 5010 1609 5079 ἡμῖν
1631 5011 1729 5065 καὶ
1769 5013 1890 5074 σοὶ,

286 5088 287 5095 “
318 5098 507 5164 Ἰησοῦ
551 5098 891 5168 Ναζαρῆνε;
924 5100 1184 5171 Οἴδαμεν
1210 5117 1284 5156 σε
1306 5104 1397 5168 τίς
1430 5100 1502 5166 εἷ,
1530 5106 1563 5157 ὁ
1589 5103 1756 5173 ἅγιος
1786 5105 1892 5158 τοῦ

310 5190 473 5247 Θεοῦ.
504 5192 661 5245 Κατὰ
699 5193 890 5246 τούτου
928 5195 1110 5247 τοίνυν
1143 5196 1311 5265 ὀμνὺς
1342 5198 1370 5248 ὀ
1402 5196 1553 5261 Θεὸς,
1589 5194 1677 5249 οἶα
1709 5196 1893 5267 πατὴρ

307 5278 443 5332 κατὰ
479 5282 801 5349 μονογενοῦς
843 5283 936 5335 καὶ
975 5284 1261 5353 ἀγαπητοῦ
1312 5285 1450 5348 υίοῦ,
1486 5284 1566 5355 τῷ
1592 5286 1753 5339 Δαυῒδ
1795 5286 1893 5356 τὴν

304 5370 632 5441 ἐπαγγελίαν
690 5376 949 5429 ἐποιεῖτο·
978 5379 1044 5429 Ὃ
1106 5376 1171 5446 δὴ
1232 5378 1327 5429 καὶ
1378 5377 1617 5431 διδάσκει
1677 5377 1849 5446 λέγων
1875 5396 1887 5407 ·

309 5463 490 5528 "Adae,"
517 5464 723 5537 ὤμοσα
746 5467 811 5519 ἐν
846 5466 927 5533 τῷ
954 5468 1101 5537 ἁγίῳ
1130 5486 1271 5537 μου,
1302 5472 1356 5522 εἰ
1403 5468 1483 5534 τῷ
1527 5468 1709 5525 Δαυῒδ
1740 5471 1889 5538 ψεύ-

306 5569 503 5635 σομαι.
531 5557 717 5625 Ζητῶν
754 5558 811 5610 δὲ
854 5559 980 5629 παρ’
1006 5558 1229 5629 ἐμαυτῷ
1255 5559 1353 5628 τὴν
1386 5561 1583 5624 αἰτίαν,
1613 5562 1680 5614 δι’
1704 5562 1770 5633 ἣν
1801 5564 1891 5616 οὑ-

306 5644 409 5697 δενὶ
435 5645 533 5713 μὲν
556 5644 701 5715 ἄλλῳ
732 5647 837 5699 τῶν
871 5649 1064 5717 ἁγίων,
1094 5651 1242 5720 μόνῳ
1269 5649 1325 5702 δὲ
1353 5650 1431 5720 τῷ
1451 5650 1611 5705 Δαυῒδ
1634 5651 1701 5705 δι’
1722 5654 1886 5725 ὅρκου

375 5803 419 5833 ¹⁹
460 5802 619 5858 Πρω-ν
657 5822 729 5868 vl,
773 5805 857 5859 l8.
934 5807 975 5837 ⁸⁸
1014 5805 1146 5861 Luc.
1186 5821 1259 5871 Iv,
1295 5806 1382 5861 ει.

1999 4736 2165 4790 vimus
2203 4746 2249 4789 te
2274 4739 2389 4807 quis
2419 4738 2514 4803 sis,
2537 4747 2751 4791 sanctus
2774 4737 2871 4791 Dei
2897 4738 2957 4789 ιδ.
2978 4736 3083 4791 Per
3112 4736 3256 4789 hunc
3290 4736 3473 4805 itaque
3492 4734 3583 4804 ju-

2001 4844 2136 4885 rans
2166 4828 2330 4894 Deus,
2366 4839 2425 4883 ut
2459 4841 2612 4901 pater
2635 4846 2731 4900 per
2753 4830 3096 4900 unigenitum
3126 4836 3183 4882 et
3219 4829 3478 4882 dilectum
3522 4825 3584 4879 ﬁ-

2001 4920 2157 4985 lium,
2204 4918 2393 4973 Davidi
2453 4921 2874 4989 promissionem
2913 4919 3097 4973 dabat.
3151 4917 3306 4983 Quod
3356 4918 3473 4987 ipse
3508 4916 3582 4970 ita

2000 5011 2159 5065 docet
2184 5031 2196 5065 :
2226 5010 2399 5065 Semel
2412 5012 2595 5080 juravi
2622 5013 2674 5064 in
2694 5022 2879 5066 sancto
2902 5028 3035 5076 meo,
3065 5013 3109 5065 si
3136 5010 3307 5064 David
3330 5011 3577 5064 mentiar.

1993 5104 2131 5159 Cum
2179 5112 2360 5159 autem
2396 5121 2607 5160 mecum
2648 5120 2968 5174 quaererem,
2993 5120 3092 5157 cur
3124 5103 3330 5159 nemini
3365 5111 3583 5157 sancto-

1995 5213 2138 5261 rum,
2166 5198 2275 5252 nisi
2312 5197 2527 5262 Davidi,
2562 5199 2984 5267 promissionem
3016 5198 3086 5251 de
3144 5198 3353 5251 semine
3405 5196 3580 5266 ipsius
3642 5196 3645 5199 ’

1994 5303 2120 5342 cum
2152 5288 2470 5358 juramento
2511 5288 2657 5342 Deus
2694 5287 2962 5354 ediderit;
2997 5288 3140 5341 hanc
3166 5303 3252 5341 me
3275 5286 3579 5355 deprehen-

1996 5380 2144 5436 disse
2186 5397 2411 5436 causam
2452 5382 2662 5435 aestimo
2701 5402 2713 5435 :
2749 5381 2991 5451 comperi
3049 5396 3287 5449 namque
3318 5379 3577 5434 Davidem

1998 5478 2123 5527 ante
2153 5472 2299 5526 illam
2342 5487 2371 5525 a
2405 5470 2517 5526 Deo
2566 5472 2667 5525 sibi
2719 5472 2902 5525 datam
2958 5471 3383 5541 promissionem
3424 5470 3577 5539 jura-

1998 5573 2184 5619 mento
2236 5580 2398 5619 usum
2453 5564 2643 5619 fuisse.
2693 5562 2920 5619 Jurasse
2975 5574 3155 5618 autem
3195 5563 3371 5635 ipsum
3414 5562 3575 5617 docet

1999 5653 2240 5726 Spiritus
2287 5656 2507 5711 divinus
2544 5655 2598 5710 in
2642 5671 2827 5723 cxxxr,
2862 5655 3051 5711 dicens
3089 5674 3099 5709 :
3146 5653 3429 5722 Memento,
3472 5652 3578 5707 Do-
