4068 6394
424 323 561 381 1075
1066 322 1337 383 EUSEBII
1383 323 1869 381 CJESABIENSIS
1903 323 2054 379 OPP.
2100 322 2283 378 PARS
2318 323 2403 379 Ill.
2447 352 2516 363 —
2556 320 2961 384 EXEGETICA.
3576 324 3746 379 5076

420 444 580 507 mine,
611 442 810 508 David,
862 453 911 497 et
960 446 1131 498 omnis
1186 445 1609 500 mansuetudinis
1665 446 1779 515 ejus
1817 446 1999 499 :sicut

2140 444 2396 515 εεποίηται
2422 444 2521 516 τὴν
2551 444 2678 515 περὶ
2702 441 2797 496 τοῦ
2826 442 3137 514 σπέρματος
3166 441 3329 495 αὑτοῦ
3357 443 3746 511 ἐπαγγελίαν

416 534 617 604 iuravit
668 534 917 597 Domino,
954 537 1089 590 vovit
1147 536 1257 591 Deo
1293 535 1461 591 Iacob
1490 553 1507 589 :
1541 537 1602 592 Si
1636 537 1895 591 introiero
1946 537 2000 588 in

2160 535 2311 598 Θεὸς,
2347 532 2489 587 δοκῶ
2537 550 2626 603 μοι
2659 530 2861 602 ταύτην
2900 530 3214 601 εὑρηκέναι,
3246 530 3593 583 καταλαϐὼν
3631 528 3749 581 καὶ

421 628 821 683 tabernaculum
870 630 1058 684 domus
1113 647 1262 695 meat,
1295 632 1342 685 si
1385 631 1668 685 ascendero
1722 631 1777 683 in
1809 630 2001 683 lectum

2140 627 2265 680 ῦτὺν
2299 626 2390 680 τὸν
2428 624 2591 681 Δαυῒδ
2622 626 2770 696 ὅρκῳ
2796 626 3133 696 κεχρημένον
3158 622 3264 693 πρὸ
3296 624 3394 692 τῆς
3426 622 3586 693 πρὸς
3620 621 3745 675 αὐ-

420 723 579 775 strati
623 724 726 775 mei
752 738 769 774 :
798 724 845 776 si
877 722 1068 777 dedero
1102 740 1345 777 somnum
1372 724 1541 779 oculis
1573 726 1725 788 meis,
1755 734 1805 779 et
1824 724 2003 794 palpe-

2141 719 2191 772 δν
2216 717 2548 786 ἐπαγγελίας
2576 715 2670 770 τοῦ
2701 715 2855 768 Θεοῦ.
2875 714 3253 785 Ὀμωμοκέναι
3276 713 3333 765 δὲ
3360 712 3525 766 αὑτὸν
3566 712 3747 765 διδά-

422 814 529 868 bris
584 817 715 871 meis
767 816 1235 881 dormitationem,
1284 815 1448 871 donec
1504 818 1767 871 inveniam
1831 817 2002 871 locum

2142 829 2224 866 κει
2251 811 2310 863 τὸ
2344 810 2483 865 θεῖον
2512 810 2741 880 Πνεῦμα
2776 809 2834 861 ὲν
2858 806 2971 879 ρλα⁹
2996 806 3151 875 λέγον
3171 822 3183 833 ·
3210 805 3563 872 dimicanti,
3601 806 3748 858 Κύσ

418 906 670 975 Domino,
708 909 1107 963 tabernaculum
1154 908 1265 963 Deo
1305 908 1495 964 Iacob.
1528 909 1716 963 Davidi
1754 910 1868 965 haec
1903 926 2001 965 vo-

2140 922 2209 969 ιε,
2237 903 2345 957 τοῦ
2378 902 2579 968 Δαυῒδ,
2608 901 2708 957 καὶ
2731 901 2934 966 πάσης
2957 899 3070 967 τῆς
3093 899 3429 966 πραΰτητος
3463 897 3699 951 αὐτοῦ
3726 913 3742 925 ·

418 993 568 1047 venti
596 1002 654 1049 et
676 996 978 1064 pollicenti,
1005 1012 1068 1051 ac
1121 997 1209 1052 his
1256 996 1323 1052 de
1355 998 1521 1054 rebus
1556 999 1785 1069 juranti,
1814 1014 2002 1069 parem

2138 1016 2183 1062 ις
2221 995 2419 1065 ὤμοσε
2461 993 2542 1060 τῷ
2581 995 2796 1062 Κυρίῳ,
2822 991 3047 1061 ηὔξατο
3074 988 3156 1055 τῷ
3188 988 3311 1055 Θεῷ
3348 990 3560 1044 Ἰακώϐ
3586 1006 3604 1019 ·
3660 992 3744 1043 Ei

420 1080 563 1140 Deus
588 1085 1053 1153 vicem-reddens,
1072 1089 1282 1158 juravit
1315 1096 1369 1143 et
1407 1090 1546 1159 ipse,
1579 1100 1635 1144 et
1680 1105 1779 1160 pro
1812 1091 2001 1160 singu-

2141 1088 2526 1155 ὶσελεύσομαι
2554 1087 2641 1151 εὶς
2668 1083 2962 1153 σκήνωμα
2992 1082 3162 1137 οἴκου
3200 1100 3344 1151 μου,
3374 1084 3427 1135 et
3474 1080 3747 1146 ἀναϐή-

419 1175 487 1229 lis
534 1178 1029 1246 pollicitationibus
1071 1181 1321 1249 singulas
1379 1183 1586 1246 retulit,
1625 1181 2001 1249 juramentum

2139 1196 2285 1249 ὀμαι
2311 1178 2411 1231 ἐπὶ
2442 1178 2660 1243 κλίνης
2688 1174 3007 1245 στρωμνῆς
3034 1192 3153 1244 μου
3178 1188 3193 1203 ⁸
3218 1177 3272 1228 εὶ
3297 1173 3469 1229 δώσω
3500 1174 3745 1227 ὕπνον

414 1264 729 1335 iuramento
777 1270 1049 1338 pensavit.
1088 1270 1434 1341 Quapropter
1483 1271 1539 1325 in
1591 1258 1781 1328 eodem
1815 1287 2001 1338 cum,

2132 1273 2226 1338 οἷς
2267 1269 2596 1341 ὀφθαλμοῖς
2620 1286 2761 1339 μου,
2791 1269 2890 1322 καὶ
2918 1267 3041 1334 τοῖς
3078 1265 3414 1335 βλεφάροις
3435 1284 3564 1336 μου
3603 1284 3738 1321 νυ-

417 1359 477 1414 in
524 1377 634 1431 quo
676 1361 880 1417 dicitur
914 1364 1131 1432 jurasse
1179 1364 1462 1429 Davidem,
1502 1363 1699 1421 deinde
1749 1365 2004 1435 adjicitur

2136 1363 2393 1435 ’ταγμύν,
2420 1363 2533 1429 ἕως
2565 1358 2636 1417 οὗ
2663 1361 2814 1429 εὕρω
2843 1361 3031 1414 τόπον
3055 1360 3135 1426 τῷ
3159 1360 3380 1428 Κυρίῳ,
3407 1360 3742 1428 σκήνωμα

419 1445 659 1519 Spiritus
680 1453 854 1507 sancti
884 1454 1284 1518 testimonium,
1316 1454 1459 1524 quod
1486 1454 1566 1509 sic
1601 1454 1799 1509 habet:
1837 1452 2003 1507 Iura-

2133 1456 2184 1522 ’ᾧ
2227 1454 2349 1520 Θεῷ
2390 1452 2607 1509 Ἰακώϐ.
2642 1451 2879 1505 Τοιαῦτα
2912 1451 3196 1523 εὐξαμένῳ
3228 1453 3323 1506 καὶ
3365 1451 3739 1519 ἐπαγγειλα-

417 1540 491 1593 vit
532 1540 795 1598 Dominus
844 1544 1018 1599 David
1055 1548 1350 1611 veritatem,
1395 1555 1443 1600 et
1497 1563 1601 1601 non
1652 1546 2003 1615 frustrabitur

2128 1548 2251 1619 ιὲνῳ
2295 1547 2373 1619 τῷ
2416 1545 2599 1611 Δαυῖδ,
2640 1544 2736 1597 καὶ¹
2782 1545 2876 1597 ἐπὶ
2916 1544 3180 1609 τοιούτοις
3232 1544 3580 1615 ὀμωμοκότι,
3614 1542 3734 1613 τὴν

417 1648 537 1685 eum
573 1649 590 1686 :
620 1633 699 1688 De
737 1635 916 1704 [ructu
968 1640 1163 1693 ventris
1201 1641 1279 1693 tui
1326 1656 1522 1709 ponam
1570 1655 1726 1709 super
1757 1639 2002 1693 thronum

2130 1657 2227 1711 σην
2254 1638 2488 1710 ἀμοιϐὴν
2519 1636 2817 1699 ἀντιδιδοὺς
2850 1639 2879 1690 6
2913 1637 3046 1700 Θεὸς
3079 1635 3249 1706 αὐτῷ,
3288 1636 3585 1706 ἀντομνύει
3620 1638 3736 1688 καὶ

419 1732 586 1775 tuum.
620 1723 778 1779 Prior
805 1726 988 1797 itaque
1020 1727 1190 1784 David
1214 1730 1454 1799 juravit;
1483 1730 1681 1785 deinde
1709 1730 1882 1785 vicem
1911 1745 2001 1785 re~

2130 1734 2283 1799 ιύτὸς,
2308 1734 2403 1785 καὶ
2444 1728 2945 1797 ἀντεπαγγέλλεται
2984 1728 3043 1781 ἓν
3082 1728 3197 1781 ἀνθ’
3228 1728 3346 1791 ἑνὸς
3376 1727 3576 1791 διδοὺς,
3617 1726 3736 1780 καὶ

417 1814 665 1884 pendens
695 1816 862 1884 Deus,
896 1796 1091 1875 mutuo
1139 1832 1193 1877 et
1217 1796 1346 1892 ipse
1375 1821 1583 1891 juravit
1620 1840 1634 1877 :
1673 1821 1822 1891 prior
1872 1821 1999 1875 item

2122 1828 2252 1896 ερκῳ
2270 1796 2360 1875 λεὺν
2383 1822 2542 1891 ὅρκον
2569 1796 2954 1891 ἀμέιδόμενος.
2974 1820 3174 1890 Διόπερ
3202 1818 3261 1871 ὲν
3284 1817 3435 1888 αὐτῷ
3454 1816 3532 1887 τῷ
3561 1818 3728 1888 ρλαι,

418 1908 614 1975 David,
647 1911 737 1980 pia
774 1919 957 1967 motus
994 1914 1343 1984 cogitatione,
1377 1913 1659 1983 quidpiam
1702 1913 1813 1971 Deo
1844 1914 2004 1984 polli-

2121 1935 2160 1970 ιν
2188 1909 2232 1983 ᾧ
2259 1914 2477 1982 λέγεται
2522 1913 2875 1982 ὀμωμοκέναι
2904 1912 2934 1965 6
2971 1909 3155 1974 Δαυῖδ,
3202 1910 3471 1980 συνῆπται
3509 1909 3659 1981 ἑξῆς
3691 1911 3727 1979 ἡ

416 2000 561 2057 citus
592 2010 706 2070 est;
741 2002 870 2058 hinc
904 2003 1049 2060 Deus
1089 2022 1188 2061 ceu
1232 2007 1460 2077 gratiam
1517 2008 1694 2079 gratia
1738 2023 1997 2078 pensans,

2116 2008 2195 2061 τοῦ
2248 2007 2403 2075 ἁγίου
2448 2005 2767 2076 Πνεῦματος
2809 2003 3105 2076 μαρτυρία,
3150 1998 3254 2057 ὧδέ
3297 2019 3374 2072 πη
3421 2002 3680 2071 λέγουσα
3707 2018 3722 2030 ·

416 2091 522 2161 ipsi
565 2094 685 2149 vice
715 2110 875 2151 versa
908 2098 1182 2165 promisit,
1228 2099 1531 2154 secundum
1578 2098 1878 2155 Salvatoris
1902 2116 2001 2154 no-

2121 2104 2324 2170 Ώμοσε
2354 2101 2569 2167 Κύριος
2592 2098 2671 2164 τῷ
2698 2096 2881 2152 Δαυῒδ
2900 2095 3215 2163 ἀλήθειαν,
3239 2095 3337 2149 καὶ
3364 2097 3436 2149 οὐ
3453 2096 3541 2163 μὴ
3575 2097 3727 2149 ἀθε-

418 2184 519 2240 stri
573 2201 737 2242 voces
788 2204 912 2258 qua:
948 2189 1030 2244 sic
1055 2189 1280 2251 habent.
1321 2190 1387 2244 In
1417 2209 1523 2262 qua
1557 2208 1811 2245 mensura
1833 2193 2002 2245 mensi

2120 2193 2277 2261 τήσει
2301 2192 2508 2245 αὐτόν.
2528 2191 2623 2243 Ἐκ
2643 2188 2874 2258 καρποῦ
2902 2186 3013 2256 τῆς
3044 2187 3280 2253 κοιλίας
3298 2200 3416 2241 σου
3440 2187 3726 2257 θήσομαι

417 2275 647 2345 fueritis,
680 2280 981 2333 remetietur
1016 2280 1178 2335 vobis.
1234 2281 1546 2338 Mensuram
1585 2284 1797 2349 bonam,
1822 2284 1998 2353 agita-

2112 2285 2201 2337 ἐπὶ
2224 2283 2331 2337 τοῦ
2349 2284 2564 2351 θρόνου
2586 2297 2723 2335 σου.
2750 2278 2961 2334 Οὐκοῦν
2987 2278 3202 2349 πρῶτος
3224 2277 3438 2349 ὤμοσεν
3464 2281 3492 2332 ὁ
3511 2279 3718 2343 Δαυῒδ,

417 2376 547 2432 tam,
580 2385 955 2438 compressam,
991 2375 1456 2445 supereﬂluentem,
1489 2375 1690 2430 dabunt
1732 2377 1787 2429 in
1820 2378 1994 2431 sinum

2116 2374 2227 2430 εἷτα
2255 2374 2617 2447 ἀμειϐόμενος
2649 2373 2809 2426 αὑτὸν
2831 2374 2859 2424 6
2883 2371 3037 2434 Θεὸς,
3067 2370 3408 2441 ἀντωμοσίαν
3435 2370 3574 2442 πρὸς
3606 2371 3722 2423 αὐ-

416 2468 644 2514 vestrum
669 2463 735 2517 ¹⁷.
770 2461 889 2529 Qua
919 2480 1179 2520 mensura
1211 2467 1379 2537 igitur
1418 2466 1589 2522 David
1632 2483 1857 2525 mensus
1890 2477 1995 2532 est,

2113 2469 2196 2522 τὸν
2221 2468 2544 2538 ἐποιήσατο·
2573 2466 2667 2519 καὶ
2702 2462 2917 2536 πρῶτος
2947 2465 2975 2515 ὁ
2998 2462 3183 2525 Δαυῒδ,
3218 2462 3434 2515 εὐσεϐεῖ
3454 2462 3719 2534 λογισμῷ

416 2564 539 2604 cum
572 2567 639 2606 ex
669 2553 813 2608 bona
844 2562 898 2609 et
930 2556 1186 2626 religiosa
1230 2558 1564 2628 Cogitatione
1605 2570 1995 2630 congruentem

2108 2561 2371 2632 κινηθεὶς,
2400 2557 2767 2629 ἐπηγγείλατο
2794 2575 2848 2609 τι
2876 2554 2953 2626 τῷ
2978 2554 3098 2625 Θεῷ
3116 2571 3129 2585 ’
3157 2549 3276 2608 εἶτα
3303 2556 3465 2609 πάλιν
3491 2558 3519 2609 6
3543 2554 3714 2621 Θεὸς,

416 2644 833 2710 promissionem
876 2647 1096 2716 juratus
1140 2650 1311 2712 dedit,
1347 2650 1536 2705 eadem
1596 2668 1852 2707 mensura
1913 2668 2000 2707 rel-

2112 2653 2297 2724 ὥσπερ
2332 2651 2628 2715 ἀντιδιδοὺς
2662 2648 2808 2719 αὺτῷ
2835 2648 2992 2719 χάριν
3034 2646 3155 2701 ἀντὶ
3196 2647 3440 2718 χάριτος,
3478 2647 3575 2700 καὶ
3612 2645 3718 2699 αὐ·-

415 2750 644 2804 pensum
677 2738 763 2791 illi»
784 2748 891 2805 est,
920 2755 984 2794 ac
1022 2741 1161 2796 data:
1182 2752 1311 2797 sunt
1344 2743 1421 2796 illi
1454 2744 1846 2801 retributiones
1873 2762 2000 2816 pro-

2107 2748 2195 2810 τὸς
2230 2742 2695 2814 ἁντεπηγγείλατο
2723 2744 2843 2804 ταῖς
2871 2739 2964 2792 τοῦ
2994 2739 3250 2810 Σωτῆρος
3280 2740 3313 2810 ἡ
3324 2738 3438 2809 μῶν
3471 2738 3713 2792 ἀκολού-

418 2826 818 2900 missionesque
840 2846 964 2884 cum
1000 2832 1317 2901 juramento
1350 2832 1467 2887 Dei.

2108 2838 2215 2901 θως
2244 2839 2469 2905 φωναῖς,
2497 2836 2564 2888 δι’
2591 2827 2665 2888 ὧν
2693 2849 2856 2903 φησιν
2876 2850 2890 2862 ·
2928 2826 3002 2900 ⁷ῼ
3034 2831 3232 2901 μέτρῳ
3277 2830 3571 2899 μετρεῖτε,
3596 2831 3714 2884 dra

413 2921 900 2991 τιμετρηθήσεται
930 2923 1093 2992 ὑμῖν.
1128 2923 1361 2992 Μέτρον
1392 2926 1603 2987 καλὸν,
1634 2928 2110 2994 σεσαλευμένον,
2161 2926 2587 2997 πεπιεσμένον,
2629 2923 3212 2993 ὐπερεκχυνόμενον,
3262 2920 3571 2976 δώσουσιν
3618 2927 3715 2990 εὶς

414 3015 520 3068 τὸν
546 3016 776 3069 κόλπον
799 3014 984 3085 ὑμῶν.
1018 3010 1089 3068 ⁷0
1118 3018 1304 3087 μέτρῳ
1348 3016 1525 3070 τοίνυν
1574 3019 1668 3071 καὶ
1697 3020 1727 3070 6
1758 3020 1923 3073 Δαυῒδ
1976 3022 2280 3094 ἐμέτρησεν
2297 3061 2325 3086 ,.
2343 3022 2428 3074 ἐπ’
2476 3018 2666 3089 ἀγαθῷ
2720 3018 2814 3071 καὶ
2843 3016 3084 3069 θεοσεϐεῖ
3111 3015 3355 3086 λογισμῷ
3382 3016 3711 3087 πρέπουσαν

412 3109 748 3178 ἐπαγγελίαν
785 3109 901 3181 μεθ’
958 3111 1122 3181 ὅρκου
1157 3110 1545 3181 ποιησάμενος,
1574 3113 1949 3185 ἀντεμετρήθη
2016 3116 2184 3188 αὐτῷ,
2256 3118 2351 3171 καὶ
2382 3116 2612 3169 δίδονται
2648 3114 2796 3185 αὐτῷ
2828 3112 3076 3184 ἀμοιϐαὶ,
3112 3113 3169 3167 αἱ
3214 3112 3541 3181 ἐπαγγελίαι
3579 3113 3709 3184 μεθ’

413 3204 771 3277 ὁρκωμοσίας.
792 3204 948 3258 Θεοῦ.

444 3342 449 3345 ·
484 3324 625 3391 Quid
655 3325 760 3381 sibi
789 3325 923 3380 velit
950 3332 1130 3381 autem
1157 3326 1249 3380 illa
1285 3326 1503 3382 Davidis
1534 3343 1659 3383 cum
1685 3328 2002 3399 juramento
2030 3340 2050 3394 (

2181 3330 2246 3381 Τί
2275 3329 2331 3382 δὲ
2363 3327 2610 3398 βούλεται
2639 3328 2671 3396 ἡ
2705 3322 2798 3377 τοῦ
2830 3322 2994 3376 Δαυῒδ
3031 3320 3149 3391 μεθ’
3182 3321 3346 3393 ὅρκου
3375 3319 3705 3389 ἐπαγγελία,

414 3416 760 3487 pollicitatio,
788 3415 903 3484 jam
941 3417 1281 3487 perpendere
1316 3426 1687 3488 Opportunum
1712 3420 1836 3474 erit.
1867 3418 2004 3473 Cum

2110 3421 2385 3490 θεωρῆσαι
2417 3419 2625 3490 καιρός.
2645 3416 2820 3488 Ὁρῶν
2849 3414 2919 3467 τὰ
2953 3412 3074 3468 καθ’
3098 3413 3225 3493 ὅλης
3251 3414 3349 3485 τῆς
3377 3412 3710 3484 οἰκουμένης

414 3508 627 3563 videret
658 3514 849 3578 gentes
904 3523 1000 3578 per
1036 3514 1212 3562 totum
1269 3510 1458 3565 orbem
1494 3510 1769 3565 diabolico
1808 3513 2011 3565 multo-

2109 3513 2234 3584 ἔθνη
2265 3514 2331 3583 τῇ
2365 3512 2653 3582 δαιμονικῇ
2695 3510 2791 3563 καὶ
2821 3507 3069 3578 πολυθέῳ
3097 3506 3275 3576 πλάνῃ
3303 3504 3703 3574 δεδουλωμένα,

414 3616 540 3655 rum
573 3601 862 3654 numinum
900 3602 1075 3654 errori
1120 3601 1422 3670 subjectas,
1456 3617 1521 3656 ac
1574 3604 1777 3673 ultique
1833 3610 2009 3658 terra-

2110 3604 2203 3657 καὶ
2249 3602 2524 3672 πανταχοῦ
2569 3602 2675 3671 γῆς
2726 3600 2887 3663 ναοὺς
2928 3599 3023 3652 καὶ
3065 3597 3268 3668 τεμένη
3314 3597 3406 3649 καὶ
3438 3596 3558 3665 ἱερά
3591 3599 3708 3659 τοῖς

416 3707 538 3746 rum
594 3692 817 3761 templa,
850 3692 1106 3757 delubra,
1141 3708 1301 3748 sacra
1360 3694 1617 3765 malignis
1665 3696 2009 3755 dazmonibus

2109 3698 2368 3766 πονηροῖς
2408 3693 2657 3762 δαίμοσιν
2692 3690 3127 3763 ἀνεγηγερμένα,
3170 3689 3227 3741 ἐν
3269 3706 3328 3741 τε
3373 3689 3562 3742 πόλεσι
3606 3690 3706 3742 καὶ

417 3798 513 3854 per
557 3783 743 3847 urbes,
776 3784 1031 3853 regiones
1073 3793 1129 3838 et
1150 3785 1302 3841 vicos
1330 3787 1592 3851 excitata,
1635 3803 1700 3841 ac
1725 3788 1781 3842 in
1806 3788 2008 3842 monti-

2109 3784 2315 3856 χώραις
2339 3785 2433 3837 καὶ
2458 3783 2692 3854 κώμαις,
2726 3785 2785 3835 ὲν
2815 3782 2966 3853 ὅρεσί
3012 3798 3071 3834 τε
3118 3781 3211 3833 καὶ
3243 3780 3451 3849 βουνοῖς
3483 3778 3582 3848 τὴν
3613 3798 3708 3832 πο-

414 3874 518 3929 bus
578 3881 636 3928 et
687 3874 923 3929 collibus
980 3874 1284 3945 improbam
1343 3877 1491 3930 illam
1539 3885 1607 3941 etj
1637 3878 2008 3933 adversariam

2110 3877 2283 3947 νηράν
2311 3876 2405 3929 καὶ
2438 3874 2823 3946 ἀντικειμένην
2855 3873 3082 3943 δύναμιν
3120 3871 3271 3943 ποιρά
3302 3873 3465 3924 πᾶσιν
3492 3870 3705 3940 ἀνθρώ-

416 3973 739 4035 potestatem
796 3965 940 4035 apud
1003 3982 1196 4022 omnes
1252 3967 1504 4023 homines
1574 3970 1856 4033 honorari,
1912 3970 2009 4025 Dei

2112 3986 2235 4032 ποις
2260 3970 2576 4038 τιμωμένην
2595 3985 2608 3997 ο
2646 3966 2781 4019 Θεοῦ
2806 3966 2866 4018 δὲ
2888 3964 2982 4018 τοῦ
3014 3966 3232 4018 πάντων
3268 3963 3492 4034 ποιητοῦ
3523 3981 3582 4016 τε
3606 3966 3704 4017 καὶ

416 4065 601 4110 autem
632 4058 877 4110 omnium
915 4058 1128 4126 Opilicis
1160 4067 1217 4114 et
1247 4061 1556 4115 conditoris
1603 4076 1673 4115 ne
1724 4061 2007 4115 minimam

2109 4058 2443 4130 δημιουργοῦ
2481 4058 2732 4130 μηδαμοῦ
2766 4059 2991 4129 μνήμην
3014 4056 3167 4127 παρὰ
3192 4073 3303 4108 τισι
3332 4056 3659 4127 γιγνομένην
3688 4074 3700 4087 ·

416 4164 647 4218 nsquam
693 4151 1014 4203 memoriam
1058 4152 1298 4218 servari;
1331 4153 1399 4207 de
1449 4170 1508 4208 re
1552 4154 1646 4207 tali
1688 4155 2007 4209 vulneratus

2110 4153 2329 4223 δηχθεὶς
2359 4153 2458 4223 τὴν
2491 4151 2671 4222 ψυχὴν
2701 4153 2792 4204 ἐπὶ
2826 4151 2905 4222 τῷ
2928 4152 3236 4223 πράγματι,
3264 4153 3359 4204 καὶ
3387 4149 3551 4221 ζῆλον
3566 4153 3704 4218 ἀγα-

417 4242 623 4303 animo,
643 4242 898 4311 bonoque
919 4242 1103 4297 studio
1125 4244 1406 4309 incensus,
1432 4246 1735 4301 secundum
1772 4262 1895 4301 eum
1914 4247 2006 4316 qui

2112 4244 2202 4297 θδν
2236 4243 2507 4315 ζηλώσας,
2548 4232 2690 4296 κατά
2732 4243 2823 4295 τὸν
2873 4243 3133 4296 εἰπόντα’
3186 4242 3389 4311 Ζῆλον
3432 4243 3704 4312 ἐζήλωσα

416 4328 717 4396 dixit,Zelo
735 4332 938 4385 zelatus
967 4349 1086 4385 sum
1107 4333 1413 4399 Domino",
1434 4344 1620 4390 votum
1646 4339 1792 4391 vovit
1818 4346 1871 4392 et
1891 4352 2012 4407 pro-

2110 4337 2192 4403 τῷ
2232 4338 2445 4405 Κυρίῳ,
2480 4334 2642 4405 εὐχὴν
2680 4334 2904 4405 ηὔξατο,
2932 4338 3028 4389 καὶ
3060 4336 3395 4405 ἐπαγγελίαν
3438 4335 3702 4404 ἐπηγγεί-

417 4421 735 4476 missionem
754 4420 946 4489 edidit,
969 4439 1132 4493 quam
1149 4424 1513 4493 jurejurando
1539 4427 1828 4493 astrinxit;
1866 4428 2011 4482 vide—

2110 4434 2258 4497 λατο,
2288 4432 2381 4484 καὶ
2410 4428 2614 4499 ταύτην
2643 4429 2790 4500 ὅρκῳ
2818 4428 3153 4499 κατεδήσατο
3182 4425 3217 4501 ἦ
3248 4430 3353 4500 μὴν
3374 4428 3452 4499 τῷ
3479 4428 3702 4498 παμϐα-

421 4512 545 4567 licet
568 4528 627 4567 se
640 4513 1159 4582 primum,omnium
1180 4516 1292 4585 regi
1314 4515 1424 4571 Deo
1444 4519 1706 4587 templum
1722 4526 1776 4573 et
1789 4534 2006 4573 sacrum

2114 4525 2251 4577 σιλεῖ
2284 4522 2401 4593 Θεῷ
2438 4521 2654 4592 πρῶτος
2680 4519 2814 4573 νεὼν
2839 4521 2933 4574 ἐπὶ
2961 4520 3065 4591 γῆς
3089 4520 3181 4573 καὶ
3211 4521 3354 4591 ἱερὸν
3378 4521 3532 4588 ἅγιον
3556 4522 3700 4573 οἰκο-

418 4606 631 4659 interra
648 4605 1100 4670 excitaturum,in
1123 4621 1232 4675 quo
1252 4608 1665 4663 tabernaculum
1683 4612 2004 4678 testimonii,

2110 4618 2388 4688 δομήσειν,
2425 4615 2552 4668 ἔνθα
2592 4614 2688 4685 τὴν
2730 4612 2936 4684 σκηνὴν
2988 4613 3081 4666 τοῦ
3138 4613 3437 4686 μαρτυρίου
3480 4612 3574 4666 καὶ
3603 4611 3703 4682 τὴν

415 4704 471 4750 et
518 4697 1085 4753 arcam'Testamenti
1138 4715 1169 4753 a
1229 4698 1416 4771 Moyse
1468 4702 1524 4755 in
1582 4704 1805 4759 deserto
1840 4706 2000 4776 jussu

2112 4708 2341 4764 κιϐωτὸν
2394 4707 2491 4777 τῆς
2542 4706 2819 4777 Διαθήκης
2861 4707 2960 4776 τὴν
2995 4706 3100 4758 ὑπὸ
3130 4706 3409 4770 Μωῦσέως
3442 4707 3582 4759 κατά
3604 4706 3702 4777 τὴν

415 4787 513 4844 Dei
553 4798 954 4854 constructam,
991 4790 1312 4862 deponeret.
1359 4792 1496 4847 Nam
1546 4794 1639 4847 illa
1671 4797 1740 4851 ad
1789 4809 2003 4868 tempus

2113 4802 2317 4874 ἔρημον
2377 4800 2443 4852 ἐκ
2500 4797 2920 4871 προστάγματος
2982 4796 3118 4849 Θεοῦ
3166 4797 3702 4850 κατασκευασθεῖσαν

414 4896 591 4951 usque
633 4880 867 4939 Davidis
898 4884 1334 4955 circumquaque
1380 4884 1680 4951 ferebatur,
1729 4897 1790 4942 et
1824 4904 1855 4941 a
1884 4890 2005 4944 loco

2112 4893 2447 4963 ἀποθέμενος
2473 4888 2827 4945 ἀναπαύσειν.
2863 4890 3166 4961 Περιήγετο
3192 4887 3323 4956 γοῦν
3352 4881 3451 4941 ὧδε
3481 4888 3701 4940 κάκεῖσε

414 4975 470 5028 in
510 4975 713 5037 locum,
764 4990 829 5029 ac
872 4976 1035 5031 modo
1076 4978 1133 5031 in
1174 4976 1420 5047 Galgala,
1458 4979 1621 5033 modo
1652 4980 1706 5033 in
1756 4979 2005 5037 Manase-

2116 4987 2277 5057 μέχρι
2311 4984 2419 5039 τῶν
2451 4984 2544 5037 τοῦ
2573 4982 2972 5052 Δαυῖδχρόνων
3000 4982 3169 5035 τόπου
3197 4981 3698 5052 μετακομιζομένη,

414 5065 546 5135 pha,
578 5066 788 5120 moxvin
819 5065 955 5130 Silo,
1009 5069 1307 5139 aliquando
1337 5069 1482 5139 apud
1517 5071 1846 5143 allophylos,
1878 5074 2004 5130 inde

2113 5075 2243 5128 ποτὲ
2280 5075 2377 5144 μὲν
2411 5077 2467 5127 ὲν
2497 5074 2815 5141 Γαλγάλοις,
2852 5072 2991 5125 ποτε
3014 5072 3072 5125 δὲ
3107 5074 3163 5124 ὲν
3199 5073 3533 5143 Μανασῆφα,
3572 5073 3701 5124 ποτὲ

414 5157 472 5211 in
524 5155 803 5228 Besamys,
839 5160 967 5214 hinc
1008 5162 1066 5214 in
1105 5160 1490 5227 Cariathirim,
1540 5173 1731 5232 postea
1780 5166 1838 5218 in
1897 5167 1999 5220 do—

2110 5167 2168 5220 δὲ
2193 5170 2249 5219 ὲν
2275 5166 2451 5237 Σηλὼ,
2481 5167 2575 5220 καὶ
2600 5166 2787 5220 ἄλλοτε
2822 5165 2951 5235 παρ’
2975 5164 3313 5233 ἀλλοφύλοις,
3340 5163 3593 5217 κάκεῖθεν
3625 5165 3700 5225 εἰς

413 5265 564 5304 mum
590 5251 918 5319 Aminadab,
942 5253 1068 5308 inde
1100 5254 1154 5308 in
1184 5255 1407 5310 domum
1442 5256 1754 5324 Abeddara,
1774 5260 2001 5315 advecta

2111 5259 2382 5327 Βεσαμὺς,
2415 5259 2566 5313 ἔνθεν
2624 5261 2702 5322 είς
2754 5257 3186 5330 Καρειαθιρείμ·
3239 5253 3359 5311 εἶτα
3416 5259 3497 5320 εἰς
3555 5252 3700 5308 οἶκον

414 5340 553 5405 fuit,
588 5342 733 5397 unde
773 5359 893 5397 eam
945 5345 1001 5398 in
1044 5348 1235 5399 urbem
1286 5344 1419 5401 Sion
1478 5346 1650 5403 David
1694 5350 1995 5404 transtulit.

2124 5352 2419 5422 Ἀμιναδάϐ
2440 5369 2453 5382 ·
2480 5352 2735 5405 κάκεῖθεν
2767 5353 2845 5414 εἰς
2881 5347 3030 5404 οἷκον
3075 5350 3371 5420 Ἀϐεδὸαρά
3392 5367 3403 5378 ·
3435 5348 3590 5403 ἔνθεν
3623 5350 3698 5410 είς

414 5433 572 5499 Quod
601 5436 691 5491 ille
722 5439 1093 5507 conspicatus,
1133 5439 1357 5493 domum
1400 5456 1614 5496 sacram
1647 5450 1701 5497 et
1736 5443 1997 5513 templum

2111 5442 2249 5496 Σιὼν
2281 5444 2381 5514 τὴν
2429 5444 2583 5497 πόλιν
2608 5445 2636 5495 6
2670 5442 2831 5497 Δαυῒδ
2867 5443 3257 5513 μετεστήσατο.
3272 5442 3337 5493 Ὃ
3368 5441 3433 5512 δὴ
3472 5437 3697 5493 συνιδὼν

334 5570 343 5577 .
416 5526 658 5583 excitare
689 5529 968 5598 cogitavit,
1006 5530 1098 5584 ubi
1123 5546 1305 5586 arcam
1331 5531 1426 5587 Dei
1472 5534 1771 5605 deponeret
1804 5543 1940 5591 et'st

2110 5534 2412 5605 γινόμενον,
2445 5536 2691 5609 διενοήθη
2720 5531 2869 5589 οἶκον
2910 5533 3055 5603 ἱερὸν
3103 5535 3316 5602 ἐγεῖραι
3352 5533 3446 5587 καὶ
3465 5532 3597 5587 ναὸν
3620 5530 3709 5587 oio.

495 5768 534 5801 π’
578 5770 765 5825 Matth.
802 5788 909 5829 vn.
946 5773 1022 5833 ‘2;
1068 5774 1199 5830 Luc.
1238 5792 1327 5837 vr,
1361 5778 1450 5832 38.
1533 5779 1574 5811 ³⁸
1612 5777 1676 5831 Ill
1710 5776 1837 5840 Reg.
1882 5794 2002 5842 χιχ,
2054 5778 2139 5841 l0,
2183 5778 2263 5831 Mr.
