4068 6394
307 406 455 463 10³17

1322 434 1323 437 η
1370 401 1876 460 COMMENTABIA
1902 400 1978 456 ,ΙΝ
2004 399 2375 479 πΡΒΑΙλΜοὸ..

3424 402 3561 459 1ὓ78

304 522 634 593 κοδομῆσαῑ,
667 520 905 576 ἐνταῦθά
921 534 980 574 τε
1000 519 1101 590 τὴν
1125 518 1357 573 κιϐωτὸν
1385 520 1598 592 ἱδρῦσαι
1613 520 1706 573 τοῦ
1729 518 1886 573 Θεοῦ.

1992 518 2192 573 biliret.
2227 518 2344 584 Qua
2377 516 2442 573 de
2475 532 2534 573 re
2553 516 2732 571 Βονίὰ·
2750 514 2983 571 Domino
3006 514 3257 586 juravit,.
3283 522 3338 571 et
3376 523 3563 595 votum

305 614 422 664 Καὶ
454 612 580 683 περί
611 611 800 665 τούτου
826 610 1005 682 ὤμοσε
1042 610 1204 665 Δαυῖδ
1224 610 1304 682 τῷ
1334 612 1542 683 Κυρίῳ,
1572 614 1666 665 καὶ
1690 611 1891 684 ηὔξατο

303 698 389 769 τῷ
420 698 539 769 Θεῷ
580 699 774 753 Ἰακὼὸ
806 700 1010 767 λέγων’
1047 703 1119 754 El
1147 701 1568 771 εἰσελεύσομαι
1605 704 1693 768 εἰς
1735 703 1888 771 σκή-

301 808 475 861 νωμα
503 793 672 846 οἴκου
690 811 832 861 μου,
856 796 909 847 εἰ
937 792 1312 863 ἀναϐήσομαι
1334 794 1432 847 ἐπὶ
1458 796 1671 862 κλίνης
1702 811 1890 863 στρωοι

296 880 469 951 μνῆς
485 899 627 951 μου,
657 884 709 936 εἰ
734 881 1132 936 δώσωῦπνον
1154 883 1278 949 τοῖς
1306 884 1635 955 ὀφθαλμοῖς
1645 903 1763 953 μου
1791 886 1890 939 καὶ

303 974 436 1042 τοῖς
457 974 791 1045 βλεφάροις
827 976 1343 1046 μουονυσταγμὸν,
1375 978 1486 1045 ἕως
1519 975 1591 1035 οὗ
1616 980 1767 1047 εὕρω
1797 981 1891 1032 τό-

305 1080 429 1121 πον
456 1066 536 1133 τῷ
560 1068 773 1135 Κυρίῳ,
800 1067 1089 1138 σκήνωμα
1114 1069 1194 1135 τῷ
1225 1068 1346 1135 Θεῷ
1385 1069 1596 1123 Ἰακώϐ.
1627 1070 1811 1141 Ταῦτα
1835 1071 1893 1125 δὲ

304 1160 476 1214 αὑτοῦ
521 1161 911 1232 διανοηθέντος,
955 1162 1054 1234 τὴν
1101 1162 1198 1233 μὲν
1240 1164 1560 1234 προαίρεσιν
1599 1164 1698 1233 τῆς
1740 1165 1892 1218 εὐσε-

306 1252 461 1316 ϐείας
494 1252 812 1323 ἀποδέχεται
837 1256 864 1306 ὁ
894 1254 1024 1317 Θεός
1044 1270 1059 1286 ο
1084 1256 1146 1307 οὐ
1182 1255 1285 1326 μὴν
1314 1257 1597 1329 ἐπιτρέπει
1631 1258 1723 1310 τὸν
1746 1253 1891 1311 οἷκον

304 1344 589 1412 γενέσθαιο
625 1345 699 1416 μὴ
730 1346 838 1418 γὰρ
867 1346 1071 1400 δεῖσθαι
1116 1346 1249 1400 Θεὸν
1277 1347 1403 1401 ὄντα
1431 1350 1578 1402 οἴκου
1610 1350 1888 1419 αἰσθητοῦ,

310 1437 439 1506 μηδ’
462 1438 521 1502 ἐξ
539 1438 761 1507 ἀψύχων
789 1438 950 1492 λίθων
984 1439 1271 1510 οἰκοδομῆς
1306 1442 1705 1513 συστησομένου
1730 1460 1742 1473 ⁸
1775 1443 1890 1496 ἀλλ’

304 1531 358 1582 εἰ
384 1530 490 1599 ἄρα
526 1531 692 1601 ἐχρῆν
728 1530 858 1585 Θεὸν
891 1533 1059 1587 οἰκεῖν
1087 1534 1179 1586 ἐπὶ
1204 1533 1327 1605 γῆς,
1363 1534 1429 1587 ὲκ
1458 1535 1770 1606 σπέρματος
1797 1536 1893 1588 ab-

302 1619 422 1684 τοῦ,
449 1621 542 1673 τοῦ
569 1621 728 1675 Δαυῒδ
756 1623 1178 1694 προελεύσεσθαι
1198 1626 1291 1679 τὸν
1310 1626 1703 1697 ὑποδεξάμενον
1718 1626 1891 1681 αὐτοῦ

304 1712 407 1782 τὴν
442 1713 690 1784 θεότητα,
728 1715 787 1778 ὃς
824 1717 917 1769 καὶ
949 1717 1292 1788 οἰκοδομήσει
1323 1717 1403 1788 τῷ
1427 1718 1546 1789 Θεῷ
1576 1720 1795 1784 ἐπάξιον
1819 1722 1892 1773 ἰε-

305 1804 404 1874 ρὸν
436 1800 584 1858 οἷκον
622 1808 715 1859 καὶ
748 1808 875 1860 ναὸν
896 1808 1070 1877 ἅγιον,
1095 1802 1156 1862 οὗ
1184 1810 1274 1864 τὸν
1305 1809 1494 1882 θρόνον
1523 1813 1603 1875 εἰς
1633 1812 1723 1865 τὸν
1754 1812 1892 1882 σύμ-

305 1914 490 1950 παντα
517 1898 826 1969 διαρκέσειν
853 1900 1046 1954 αἰῶνα.
1065 1901 1284 1972 Ἐδήλου
1315 1902 1371 1955 δὲ
1400 1902 1508 1974 ἄρα
1540 1904 1630 1957 τὸν
1658 1905 1892 1977 Χριστὸν

303 1987 473 2042 αὐτοῦ
513 1990 604 2043 τὸν
647 1992 711 2043 ἐκ
742 1991 1057 2062 σπέρματος
1094 1992 1257 2046 Δαυῖδ
1294 1994 1436 2048 κατὰ
1466 1994 1643 2066 σάρκα
1670 1998 1892 2067 γενησό-

307 2097 491 2150 μενον,
532 2080 627 2135 καὶ
673 2082 770 2153 τὴν
814 2082 881 2135 δι’
911 2082 1076 2137 αὐτοῦ
1114 2084 1236 2137 καθ’
1265 2084 1395 2157 ὃΧης
1427 2086 1528 2157 τῆς
1568 2088 1892 2160 οἰκουμένης

306 2176 735 2248 συστησομένην·
751 2176 1224 2250 Ἐκκλησίαν.”οτι
1247 2180 1302 2234 δὲ
1327 2182 1480 2237 ταῦθ’
1507 2183 1678 2248 οὕτως
1700 2184 1831 2255 ἔχει,
1853 2189 1886 2258 ἡ

301 2266 414 2321 τῶν
463 2268 757 2323 Βασιλειῶν
804 2271 987 2343 γραφὴ
1035 2272 1223 2328 τοῦτον
1268 2274 1508 2330 διδάσκει
1540 2277 1630 2332 τὸν
1653 2279 1886 2349 τρόπον·

302 2357 413 2410 Kal
445 2358 681 2427 ἐγένετο
710 2358 809 2413 ὅτε
830 2359 1073 2416 ἐκάθισε
1102 2363 1285 2417 Δαυῒδ
1311 2365 1381 2418 ἑν
1401 2364 1480 2429 τῷ
1511 2367 1653 2434 οἴκῳ
1678 2368 1886 2433 αὐτοῦ,

304 2449 405 2501 καὶ
435 2450 646 2518 Κύριος
680 2457 1284 2525 κατεκληρονόμησεν
1314 2458 1501 2512 αὐτὸν
1543 2461 1745 2525 κύκλῳ
1771 2461 1890 2516 ἀπὸ

306 2537 549 2594 πάντων
574 2540 692 2596 τῶν
722 2544 949 2613 ἐχθρῶν
979 2546 1139 2613 αὐτῷ
1158 2566 1172 2579 ·
1202 2550 1301 2603 καὶ
1328 2547 1498 2604 εἷπεν
1526 2554 1560 2605 d
1590 2552 1890 2619 ,ϐασιλεὺς

306 2629 461 2697 πρὸς
490 2634 697 2689 Ναϐὰν
724 2636 831 2690 τὸν
855 2638 1200 2708 προφήτην
1242 2641 1388 2696 Ἰδοὺ
1428 2642 1506 2712 δὴ
1539 2642 1654 2714 ἐγὼ
1694 2660 1889 2698 κατοι-

306 2719 392 2772 κῶ
416 2721 487 2774 ἐν
510 2722 654 2791 οἴκῳ
679 2725 945 2794 κεδρίνῳ,
979 2729 1079 2782 καὶ
1112 2731 1151 2799 ή
1181 2732 1424 2799 κιϐωτὸς
1449 2734 1556 2787 τοῦ
1597 2735 1744 2789 Θεοῦ
1788 2735 1891 2790 κά-

306 2814 477 2878 θηται
510 2813 579 2867 ἐν
599 2815 770 2884 μέσῳ
813 2816 923 2885 τῆς
938 2821 1175 2889 σκηνῆς
1198 2838 1212 2853 ο
1243 2822 1301 2892 ἦ,
1330 2824 1400 2876 ἐν
1421 2824 1590 2892 μέσῳ
1610 2825 1886 2894 δέρῤεως,

305 2900 385 2964 ὼς
432 2904 465 2975 ὴ
512 2903 771 2978 Ἐὅραῖκὴ
829 2907 973 2972 λέξις
1025 2912 1302 2981 σημαίνει.
1352 2913 1462 2966 Kal
1515 2910 1646 2967 εἶπε
1684 2917 1890 2971 Ναθὰν

308 3002 459 3063 προς
500 2996 607 3049 τὸν
641 2999 937 3061 βασιλέα·
974 3001 1179 3057 Πάντα
1207 3004 1324 3056 ὅσα
1349 3003 1425 3057 ἂν
1460 3005 1530 3058 ὲν
1567 3006 1645 3075 τῇ
1675 3006 1889 3076 καρδίᾳ

304 3100 425 3138 σου
460 3085 663 3148 ,ϐάδιζε
708 3088 807 3142 καὶ
847 3091 1020 3155 ποίει,
1068 3091 1155 3145 ὅτι
1193 3095 1407 3161 Κύριος
1427 3095 1577 3163 μετὰ
1607 3096 1743 3150 σοῦ.
1774 3099 1885 3153 Καὶ

305 3176 542 3271 ἐξένετο
568 3178 663 3271 τῇ
703 3181 875 3234 νυκτί
911 3183 1137 3255 ἐκείνῃ,
1175 3186 1273 3239 καὶ
1307 3187 1543 3255 ἐγένετο
1570 3188 1739 3259 ῥῆμα
1768 3194 1888 3244 Κυ-
1914 3212 1960 3271 C

300 3266 437 3336 ρίου
470 3268 620 3335 πρὸς
644 3271 848 3325 Ναθὰν
872 3272 1092 3341 λέγων·
1136 3278 1400 3342 Πορεύου
1434 3278 1583 3347 πρὸς
1608 3280 1718 3333 τὸν
1747 3280 1888 3335 δοῦ-

305 3361 421 3411 λον
444 3377 563 3427 μου
590 3361 789 3427 Δαυῒδ,
818 3364 916 3435 καὶ
944 3365 1075 3419 εἰπέ
1101 3384 1115 3396 ’
1162 3367 1304 3421 Τάδε
1335 3369 1496 3439 λέγει
1527 3373 1769 3440 Κύριοςο
1808 3377 1891 3429 Οὐ

307 3451 389 3503 σὺ
437 3453 853 3523 οὶκοδομήσεις
892 3475 995 3527 μοι
1043 3456 1213 3515 οἷκον
1260 3463 1365 3516 τοῦ
1406 3465 1762 3535 κατοικῆσαι
1781 3485 1886 3537 με’

309 3540 397 3595 ὅττι
435 3545 507 3597 οὐ
546 3544 867 3615 κατῴκησα
893 3548 963 3602 ἐν
994 3550 1138 3619 οἴκῳ
1177 3554 1276 3623 ἀφ’
1309 3550 1385 3624 ἧς
1416 3555 1640 3624 ἡμέρας
1667 3558 1891 3629 ἀνήγα-

304 3654 415 3705 γον
464 3638 607 3705 τοὺς
653 3639 823 3705 υἱοὺς
865 3640 1103 3711 Ἰσραὴλ
1154 3645 1224 3708 ἐξ
1273 3647 1576 3715 Αἰγύπτου
1623 3648 1749 3715 ἕως¹
1784 3648 1891 3718 τῆς

307 3728 533 3797 ἡμέρας
560 3732 781 3799 ταύτης
798 3750 811 3763 ο
842 3734 941 3786 καὶ
984 3733 1148 3802 ἤμην
1173 3736 1586 3805 ἐμπεριπατῶν
1613 3740 1683 3794 ἐν
1713 3759 1907 3796 κατα-η

307 3821 525 3889 λύματι
568 3822 668 3875 καὶ
708 3824 778 3876 ἐν
820 3823 1025 3893 σκηνῇ
1070 3827 1138 3880 ἑν
1175 3826 1366 3882 πᾶσιν
1399 3825 1490 3897 οἷς
1527 3830 1778 3901 διῆλθον
1820 3835 1892 3887 ἐν

309 3912 486 3965 παντὶ
528 3914 765 3982 Ἰσραήλ
783 3933 794 3944 ·
828 3919 880 3969 εἰ
905 3918 1111 3971 λαλῶν
1138 3919 1417 3988 ἐλάλησα
1443 3921 1594 3990 πρὸς
1611 3924 1759 3992 μίαν
1779 3943 1893 3994 φυ-

308 4002 429 4072 λὴν
452 4005 560 4059 τοῦ
604 4006 871 4075 Ἰσραὴλ,
899 4001 947 4074 ᾧ
972 4009 1361 4079 ἐνετειλάμην
1406 4015 1745 4082 ποιμαίνειν
1783 4016 1892 4070 τὸν

309 4097 460 4150 λαόν
500 4114 622 4166 μου
660 4099 903 4167 Ἰσραὴλ
931 4100 1152 4170 λέγων’
1207 4104 1267 4156 Τί
1312 4104 1423 4157 οὐκ
1471 4105 1893 4175 ᾡκοδομήκατέ

306 4204 405 4255 μοι
434 4184 605 4241 οἷκον
632 4188 939 4257 κέδρινον;
962 4190 1074 4244 Καὶ
1094 4192 1211 4245 νῦν
1235 4192 1376 4246 τάδε
1407 4194 1562 4263 ἐρεῖς
1587 4194 1667 4259 τῷ
1692 4196 1890 4261 δούλῳ

305 4297 423 4348 μου
476 4280 689 4334 Δαυΐδ·
752 4281 897 4335 Τάδε
950 4282 1111 4352 λέγει
1156 4285 1372 4353 Κύριος
1420 4288 1843 4358 παντοκράτωρ
1873 4310 1885 4321 -

314 4372 568 4424 Ἕλαϐόν
610 4388 685 4425 σε
733 4373 801 4426 ἐκ
846 4370 954 4439 τῆς
1000 4373 1272 4443 μάνδρας
1318 4377 1437 4431 ἀπὸ
1480 4377 1730 4435 ὄπισθεν
1772 4380 1893 4435 τῶν

309 4462 633 4531 προϐάτων,
668 4464 774 4517 τοῦ
817 4461 973 4518 εἷναί
1013 4482 1087 4519 σε
1132 4469 1219 4533 εἰς
1262 4468 1599 4538 ἡγούμενον
1638 4471 1737 4525 ἐπὶ
1786 4474 1892 4528 τὸν

1993 610 2141 665 vovit
2180 608 2291 665 Deo
2311 608 2484 664 Iacob
2523 609 2751 666 dicens:
2785 608 2847 664 Si
2875 609 3127 663 introiere
3166 610 3222 662 in
3253 608 3567 663 tabernacu-

1994 703 2102 755 lum
2129 702 2315 755 domus
2354 717 2503 766 mete,
2537 702 2584 756 si
2612 700 2895 756 escendero
2927 704 2981 755 in
3023 701 3210 755 lectum
3243 702 3400 754 strati
3430 702 3565 755 mei:

1992 794 2039 847 si
2065 792 2254 847 dedero
2284 808 2525 847 somnum
2551 792 2718 846 oculis
2754 792 2903 856 meis,
2930 800 2978 845 et
3003 790 3264 862 palpebris
3292 792 3419 845 meis
3441 790 3567 858 dor-

1992 886 2341 949 mitationem,
2368 884 2530 939 donec
2558 884 2817 938 inveniam
2844 884 3014 937 locum
3046 883 3293 947 Domino,
3324 882 3568 937 taberna-

1992 976 2169 1030 culum
2199 976 2308 1031 Deo
2348 976 2516 1031 Jacob
2543 977 2607 1029 η.
2642 976 2768 1032 Haec
2806 975 2897 1029 illo
2942 975 3238 1046 cogitante,
3262 974 3412 1044 pium
3445 973 3568 1045 qui-

1992 1069 2114 1124 dem
2144 1069 2486 1140 propositum
2516 1068 2660 1125 Deus
2684 1068 2951 1141 approbat
2983 1086 2996 1122 :
3027 1083 3203 1138 neque
3235 1075 3416 1122 tamen
3443 1081 3567 1137 per-

1992 1161 2159 1215 mittit
2198 1162 2420 1216 domum
2466 1160 2701 1227 exstrui,
2737 1176 2847 1216 non
2879 1175 3018 1230 opus
3066 1174 3189 1214 esse
3239 1158 3352 1214 Deo
3380 1157 3569 1213 dicens

1992 1251 2156 1307 domo
2197 1251 2470 1317 sensibili,
2508 1252 2594 1306 vel
2636 1266 2705 1306 ex
2758 1248 3077 1304 inanimatis
3126 1246 3403 1318 lapidibus
3445 1261 3568 1302 con-

1992 1343 2286 1409 struenda;
2316 1341 2411 1397 sed
2437 1342 2484 1397 si
2511 1356 2651 1412 opus
2676 1349 2822 1396 esset
2840 1340 3016 1395 Deum
3045 1339 3102 1394 in
3129 1350 3274 1394 terra
3296 1338 3567 1405 habitare,

1991 1448 2058 1489 ex
2086 1433 2259 1504 ipsius
2293 1433 2462 1488 David
2494 1433 2702 1489 semine
2745 1432 3092 1504 proditurum
3120 1445 3264 1493 esse,
3289 1430 3384 1499 qui
3414 1444 3568 1485 suam

1992 1526 2250 1583 deitatem
2284 1527 2581 1596 exciperet,
2614 1525 2819 1596 quique
2854 1538 3068 1581 sacram
3096 1523 3319 1578 domum
3350 1529 3405 1577 et
3428 1530 3568 1578 tem-

1990 1619 2137 1689 plum
2167 1626 2417 1675 sanctum
2448 1617 2559 1673 Deo
2600 1619 2825 1688 dignum
2856 1623 3185 1679 exstrueret,
3221 1615 3383 1685 cujus
3410 1615 3567 1685 thro-

1991 1728 2096 1769 nus
2125 1728 2222 1783 per
2261 1727 2424 1766 omne
2454 1714 2715 1768 saeculum
2744 1713 3047 1767 duraturus
3073 1718 3238 1767 esset.
3276 1709 3567 1780 Signiﬁca-

1992 1802 2089 1857 bat
2130 1808 2313 1857 autem
2350 1802 2632 1857 Christum
2664 1817 2824 1857 suum
2856 1817 2923 1858 ex
2957 1801 3167 1858 semine
3216 1798 3436 1855 Davidis
3485 1814 3569 1854 se-

1993 1893 2232 1948 cundum
2267 1907 2488 1948 carnem
2525 1894 2817 1960 oriturum,
2858 1900 2913 1947 et
2951 1890 3251 1946 Ecclesiam
3284 1892 3351 1945 ab
3379 1904 3445 1945 eo
3476 1905 3569 1961 per

1993 1993 2169 2040 totum
2208 1983 2395 2040 orbem
2428 1984 2893 2040 constituendam.
2928 1982 3087 2050 Quod
3127 1990 3309 2038 autem
3354 1982 3470 2037 haec
3497 1983 3569 2036 ita

1994 2090 2055 2131 se
2106 2075 2389 2139 haberent,
2437 2074 2750 2145 Regnorum
2799 2076 3070 2145 scrip-tura
3119 2075 3279 2130 docet
3325 2073 3431 2128 hoc
3474 2088 3568 2143 pa-

1992 2174 2082 2223 cto
2106 2187 2118 2222 :
2146 2166 2375 2222 Factum
2401 2176 2480 2222 est
2517 2176 2691 2222 autem
2734 2184 2853 2221 cum
2883 2164 3081 2222 sederet
3123 2166 3295 2221 David
3333 2168 3389 2227 in
3414 2165 3569 2220 domo

1993 2278 2112 2327 sua,
2147 2270 2198 2315 et
2230 2261 2489 2315 Dominus
2518 2262 2900 2330 possessionem
2925 2262 2973 2314 ei
3007 2259 3236 2314 dedisset
3259 2259 3313 2313 in
3343 2259 3569 2312 circuitu

1994 2353 2058 2407 ab
2088 2352 2327 2407 omnibus
2360 2354 2590 2407 inimicis
2625 2353 2768 2413 suis;
2811 2351 2947 2406 dixit
2980 2369 3073 2407 rex
3099 2354 3166 2406 ad
3190 2351 3413 2406 Nat/tan
3440 2366 3569 2417 pro-

1991 2444 2201 2515 phetam
2232 2462 2250 2499 :
2280 2444 2413 2499 Ecce
2453 2462 2545 2515 ego
2588 2444 2766 2499 habito
2798 2446 2854 2499 in
2880 2444 3036 2499 domo
3072 2443 3308 2511 cedrina,
3344 2453 3394 2498 et
3443 2460 3569 2497 arca

1991 2536 2092 2591 Dei
2123 2536 2265 2591 sedet
2291 2538 2348 2590 in
2374 2538 2545 2591 medio
2576 2536 2937 2599 tabernaculi;
2961 2543 3074 2598 aut,
3110 2538 3166 2590 in
3201 2535 3371 2589 medio
3395 2535 3569 2603 pellis.

1992 2635 2054 2681 ut
2095 2627 2362 2683 Hebraica
2399 2629 2560 2683 lectio
2602 2626 2894 2699 signiﬁcat.
2946 2626 3013 2680 Et
3065 2628 3203 2681 dixit
3238 2626 3459 2680 Nathan
3502 2625 3569 2679 ad

1991 2735 2183 2790 regem,
2228 2719 2425 2773 Omnia
2461 2735 2578 2789 quae
2625 2727 2747 2773 sunt
2774 2723 2827 2771 in
2876 2718 3032 2772 corde
3072 2728 3160 2773 tuo
3204 2718 3332 2773 vade
3374 2728 3423 2772 et
3460 2719 3569 2787 fac,

1990 2812 2115 2881 quia
2134 2812 2390 2866 Dominus
2431 2821 2598 2866 tecum
2626 2821 2725 2867 est.
2771 2810 2835 2863 Et
2858 2810 3057 2879 factum
3086 2821 3163 2865 est
3195 2812 3250 2865 in
3278 2821 3427 2866 nocte
3451 2811 3569 2873 illa,

1990 2916 2039 2959 et
2091 2905 2290 2974 factum
2325 2916 2401 2960 est
2443 2905 2652 2960 uerbum
2697 2904 2914 2959 Dommi
2966 2905 3034 2958 ad
3084 2904 3306 2959 Nathan
3351 2904 3527 2959 dicens
3556 2946 3567 2958 .

2000 2997 2145 3052 Vade
2172 2998 2241 3051 ad
2273 3015 2474 3053 servum
2506 3013 2676 3051 meum
2702 2996 2896 3061 David,
2926 3006 2975 3051 et
2997 2997 3082 3051 dic
3111 3013 3129 3050 :
3162 2996 3287 3052 Haec
3318 2999 3446 3051 dicit
3472 2997 3568 3052 Do-

1990 3091 2185 3157 minus,
2225 3089 2345 3144 Non
2378 3099 2433 3143 tu
2461 3088 2750 3158 a'di/icabis
2793 3090 2922 3143 mihi
2960 3094 3174 3144 domum
3224 3088 3293 3143 ad
3322 3089 3567 3144 habitam

1991 3181 2116 3236 dum
2142 3200 2159 3236 .'
2186 3184 2310 3253 quia
2339 3200 2441 3237 non
2472 3183 2706 3237 habitavi
2731 3183 2785 3236 in
2816 3181 2970 3236 domo
2992 3200 3023 3235 a
3052 3183 3137 3237 die
3159 3182 3256 3235 illa
3277 3199 3383 3252 qua
3413 3182 3569 3237 edux'

1993 3277 2131 3345 filios
2186 3274 2359 3329 Israel
2408 3292 2473 3329 ea:
2525 3274 2774 3345 Egypto,
2816 3291 2979 3344 usque
3024 3276 3080 3327 in
3126 3274 3265 3329 diem
3316 3276 3491 3328 hanc:
3525 3286 3570 3329 et

1993 3363 2333 3419 ambulabam
2363 3365 2417 3418 in
2446 3364 2732 3419 diversorio
2760 3374 2808 3418 et
2831 3365 2885 3417 in
2914 3365 3249 3420 tabernaculo
3278 3367 3333 3419 in
3372 3368 3571 3421 cunctis

1996 3459 2124 3513 locis
2152 3473 2241 3526 per
2278 3473 2396 3526 qua:
2426 3458 2644 3512 transivi
2676 3474 2793 3510 cum
2838 3458 2981 3511 omni
3023 3456 3235 3523 Israel;
3285 3459 3331 3511 si
3358 3457 3570 3528 loquens

1994 3551 2197 3620 locutus
2223 3566 2338 3603 sum
2362 3549 2430 3602 ad
2464 3566 2626 3603 unam
2652 3550 2845 3604 tribum
2888 3550 3080 3614 Israel,
3117 3550 3204 3602 cui
3228 3551 3449 3618 pra'cepi
3475 3566 3565 3618 pa-

1992 3660 2131 3698 scere
2149 3643 2400 3712 populum
2427 3658 2597 3696 meum
2631 3641 2806 3696 Israel
2826 3642 3002 3696 dicens
3025 3658 3043 3695 .'
3074 3640 3251 3706 Quare
3274 3657 3377 3693 non
3400 3640 3565 3709 cedi/i-

1991 3733 2154 3787 castis
2205 3732 2335 3785 mihi
2381 3731 2595 3785 domum
2640 3732 2953 3788 cedrinam?
3004 3731 3075 3785 Et
3124 3748 3260 3785 nunc
3282 3732 3392 3786 [nec
3429 3730 3569 3785 dices

1992 3840 2139 3877 servo
2187 3805 2501 3877 meoDavid
2534 3839 2552 3876 :
2584 3823 2714 3878 IIwc
2760 3823 2888 3877 dicit
2923 3824 3180 3879 Dominus
3218 3825 3569 3894 omnipotens,
3598 3870 3603 3873 .

1993 3915 2109 3987 Ego
2132 3917 2231 3969 tuli
2269 3926 2317 3971 te
2345 3932 2411 3970 ea:
2450 3916 2574 3971 ovili
2602 3927 2899 3987 sequentem
2923 3934 3061 3981 oves,
3120 3925 3178 3970 ut
3217 3934 3354 3972 esses
3386 3918 3441 3971 in
3469 3917 3569 3971 du-

1992 4025 2102 4062 cem
2137 4007 2334 4074 Israel,
2375 4018 2425 4062 et
2464 4025 2611 4062 erant
2666 4019 2835 4062 tecum
2888 4012 2945 4062 in
2992 4010 3236 4063 omnibus
3279 4008 3571 4079 ubicunque

1991 4101 2348 4155 ambulabas:
2391 4112 2440 4155 et
2489 4100 2695 4170 perdidi
2730 4118 2910 4156 onmes
2956 4103 3193 4155 inimicos
3236 4110 3404 4156 tuosa
3438 4101 3570 4171 facit

1994 4200 2109 4259 tua,
2142 4203 2192 4248 et
2225 4193 2327 4262 feci
2354 4203 2401 4247 te
2433 4196 2765 4248 nominatum
2802 4192 3090 4248 secundum
3126 4211 3313 4249 nomen
3353 4211 3564 4265 magno-

1994 4301 2109 4338 rum
2138 4286 2230 4355 qui
2265 4295 2385 4339 sunt
2415 4287 2470 4339 in
2511 4295 2674 4340 terra.
2704 4284 2770 4338 Et
2795 4301 2988 4353 ponam
3017 4285 3192 4339 locum
3230 4286 3421 4354 populo
3460 4303 3572 4340 meo

1996 4376 2189 4443 Israel,
2234 4387 2283 4431 et
2315 4377 2566 4447 plantabo
2608 4394 2727 4431 eum
2775 4387 2824 4431 et
2861 4377 3119 4431 habitabit
3148 4394 3239 4446 per
3281 4394 3355 4441 se,
3387 4386 3438 4431 et
3468 4395 3571 4432 non

1992 4470 2255 4525 sollicitus
2284 4470 2385 4524 erit
2416 4469 2646 4539 amplius
2671 4484 2688 4521 :
2713 4478 2762 4523 et
2791 4486 2894 4523 non
2927 4469 3083 4524 addet
3114 4469 3258 4539 ﬁlius
3276 4471 3571 4540 iniquitatis

320 4553 589 4622 Ἰσραὴλ,
622 4555 719 4608 καὶ
749 4554 911 4624 ἤμην
937 4555 1088 4625 μετὰ
1115 4558 1230 4611 σοῦ
1268 4559 1337 4611 ὲν
1378 4559 1568 4615 πᾶσιν
1614 4561 1704 4629 οἶς
1748 4564 1880 4618 ἐπο-

1992 4560 2270 4614 humiliore
2304 4561 2474 4628 ipsum
2522 4561 2659 4614 sicut
2701 4577 2733 4612 a
2773 4560 3053 4627 principio,
3100 4577 3131 4612 a
3168 4559 3352 4614 diebus
3385 4562 3571 4631 quibus

303 4646 484 4712 ρεύου
509 4662 522 4675 ·
577 4647 673 4699 καὶ
711 4646 1130 4715 ἐξωλόθρευσα
1173 4648 1405 4716 πάντας
1452 4652 1593 4719 τοὺς
1640 4655 1894 4724 ἐχθρούς

310 4754 422 4791 σου
455 4738 574 4791 ἀπὸ
604 4738 926 4807 προσώπου
953 4756 1068 4794 σου
1089 4758 1103 4770 ο
1149 4741 1248 4794 καὶ
1280 4743 1643 4813 ἐποίησάσε
1675 4748 1890 4817 ὀνομα-

311 4830 459 4885 στὸν
505 4830 653 4884 κατὰ
706 4831 774 4884 τὸ
819 4831 1007 4901 ὄνομα
1041 4831 1159 4888 τῶν
1188 4834 1474 4905 μεγάλων
1508 4838 1625 4893 τῶν
1655 4840 1754 4894 ἐπὶ
1783 4840 1892 4910 τῆς

311 4922 438 4993 m’q.
485 4922 593 4976 Kal
637 4922 897 4992 θήσομαι
934 4926 1123 4977 τόπον
1165 4925 1246 4992 τῷ
1287 4927 1415 4993 λαῷ
1456 4946 1573 4998 μου
1621 4932 1887 5001 Ἰσραὴλ,

311 5014 408 5067 καὶ
457 5015 887 5083 καταφυτεύσω
919 5015 1106 5070 αὑτὸν
1141 5018 1241 5073 καὶ
1269 5024 1725 5090 κατασκηνώσει
1758 5029 1889 5082 καθ’

311 5105 553 5160 ἑαυτόνο
586 5105 682 5159 καὶ
706 5108 777 5160 οὐ
801 5107 1155 5177 μεριμνήσει
1169 5111 1389 5177 οὐκέτι,
1405 5114 1504 5167 καὶ
1533 5117 1605 5169 οὐ
1632 5118 1890 5188 προσθήο

310 5213 402 5251 σει
445 5197 576 5263 υἱὸς
618 5197 853 5263 ἀδικίας
896 5199 1002 5253 τοῦ
1045 5204 1406 5258 ταπεινῶσαι
1460 5208 1648 5261 αὐτὸν
1694 5209 1890 5276 καθὼς

310 5288 407 5342 ἀπ’
441 5287 631 5357 ἀρχῆς
656 5289 777 5344 άπὸ
814 5289 932 5343 τῶν
962 5291 1218 5362 ἡμερῶν,
1238 5289 1325 5349 ὧν
1351 5297 1535 5363 ἔταξα
1564 5302 1767 5369 κριτὰς
1788 5303 1889 5356 ἐπὶ

310 5378 413 5431 τὸν
462 5380 617 5433 λαόν
654 5398 774 5449 μου
812 5381 1088 5449 Ἰσραήλο
1130 5386 1228 5438 καὶ
1270 5387 1601 5443 ἀναπαύσω
1649 5408 1722 5446 σε
1771 5394 1890 5448 άπὸ

312 5468 550 5523 πάντων
580 5471 699 5524 τῶν
724 5470 953 5541 ἐχθρῶν
985 5490 1120 5527 σου.
1153 5477 1260 5529 Καὶ
1281 5479 1610 5550 ἀπαγαγελεῖ
1652 5500 1749 5537 σοι
1783 5486 1890 5538 Κύ-

306 5578 455 5630 ριος,
485 5561 572 5616 ὅτι
598 5559 766 5616 οἷκον
788 5562 1204 5633 οἱκοδομήσεις
1229 5569 1409 5635 αὐτῷ.
1428 5574 1535 5627 Καὶ
1563 5573 1754 5639 ἔσται,
1779 5575 1889 5629 ἐὰν

245 5730 251 5739 ,
314 5652 706 5720 πληρωθῶσιν
736 5658 795 5709 αἱ
827 5655 1035 5726 ἡμέραι
1079 5672 1215 5725 σου,
1250 5660 1348 5713 καὶ
1380 5665 1718 5734 κοιμηθήσῃ
1739 5668 1887 5735 μετὰ

390 5834 431 5865 ¹⁹
469 5835 610 5890 Psal.
648 5856 839 5895 cxxxt.
878 5842 993 5897 5-5.

1994 4654 2243 4707 constitui
2285 4652 2492 4721 judices
2551 4668 2709 4720 super
2763 4654 3013 4720 populum
3062 4668 3232 4706 meum
3282 4651 3571 4708 Israel:et

1994 4746 2224 4817 requiem
2258 4745 2395 4798 dabo
2437 4746 2531 4798 tibi
2563 4744 2626 4797 ab
2670 4744 2913 4798 omnibus
2950 4745 3177 4798 inimicis
3213 4746 3339 4800 tuis.
3384 4744 3453 4798 Et
3485 4763 3563 4800 an-

1992 4839 2255 4893 nuntiabit
2299 4837 2393 4891 tibi
2438 4837 2719 4901 Dominus,
2756 4846 2813 4888 ut
2836 4836 3051 4889 domum
3085 4837 3314 4905 wdiﬁces
3343 4839 3467 4906 ipsi.
3504 4837 3573 4892 Et

1991 4931 2114 4996 erit,
2144 4947 2262 4983 cum
2307 4928 2507 4997 impleti
2535 4929 2732 4997 fuerint
2769 4926 2880 4981 dies
2911 4929 3010 4992 tui,
3054 4937 3103 4981 et
3133 4929 3414 4983 dormieris
3456 4946 3576 4983 cum

1992 5022 2235 5091 patribus
2270 5024 2398 5085 tuis,
2426 5031 2475 5076 et
2498 5020 2763 5075 suscitabo
2802 5036 2977 5074 semen
3019 5029 3165 5073 tuum
3189 5031 3305 5089 post
3338 5030 3407 5085 te,
3435 5022 3576 5091 quod

1992 5117 2091 5169 erit
2124 5116 2178 5167 in
2221 5123 2394 5168 uentre
2426 5123 2535 5178 tuo,
2561 5124 2609 5167 et
2645 5111 2955 5181 prteparabo
3000 5129 3213 5182 regnum
3247 5122 3417 5167 tuum.
3456 5112 3579 5181 Ipse

1995 5206 2279 5275 ludiﬁcabit
2310 5205 2439 5259 mihi
2463 5204 2698 5268 domum,
2722 5212 2771 5257 et
2797 5204 2995 5273 erigam
3020 5218 3234 5273 regnum
3265 5203 3380 5272 ejus
3415 5220 3577 5274 usque

1997 5299 2053 5351 in
2100 5297 2376 5352 swculum.
2426 5295 2538 5365 Ego
2589 5312 2679 5349 ero
2728 5294 2811 5347 illi
2862 5294 2917 5347 in
2954 5303 3180 5363 patrem,
3235 5307 3283 5348 et
3324 5295 3432 5363 ipse
3473 5298 3576 5350 erit

1998 5391 2129 5444 mihi
2162 5391 2217 5443 in
2255 5390 2448 5458 ﬁlium.
2500 5387 2567 5441 Et
2605 5389 2651 5442 si
2694 5387 2892 5441 venerit
2931 5387 3183 5457 iniquitas
3216 5388 3354 5457 ejus,
3384 5399 3435 5442 et
3486 5407 3577 5443 ar-

1996 5498 2155 5552 guam
2192 5497 2310 5534 eum
2340 5480 2585 5549 inuirga
2630 5481 2885 5547 uirorum,
2936 5488 2988 5534 et
3039 5480 3092 5533 in
3123 5480 3294 5550 plagis
3337 5481 3576 5551 filiorum

1997 5575 2286 5628 hominum.
2334 5570 2758 5625 Misericordiam
2791 5581 2967 5625 autem
3003 5587 3174 5625 meam
3197 5588 3299 5625 non
3331 5573 3575 5642 auferam

1997 5668 2060 5719 ab
2094 5684 2173 5733 eo,
2210 5669 2344 5721 sicut
2379 5666 2573 5719 abstuli
2615 5665 2679 5719 ab
2712 5667 2777 5718 iis
2816 5682 2945 5734 quos
2979 5665 3181 5719 abstuli
3215 5684 3245 5719 a
3274 5667 3410 5735 facie
3434 5684 3569 5723 mea.
