4068 6394
470 416 613 474 1079

1174 412 1442 469 EUSEBII
1479 413 1956 475 CESABIE‘NSIS
1993 417 2145 476 OPP.
2190 416 2373 473 PARS
2405 414 2491 470 Ill.
2534 446 2603 455 —
2640 413 3051 470 EXEGETICA.

3595 416 3747 473 {080

474 531 546 587 Et
586 532 759 603 ﬁdelis
788 533 888 587 erit
915 536 1102 587 domus
1133 534 1250 603 ejus
1291 543 1339 587 et
1372 552 1587 606 regnum
1629 538 1746 600 eius
1789 554 1953 608 usque
1994 541 2050 593 in

2156 539 2563 609 τῶνξπατέρωγ
2592 553 2731 602 σου,
2764 538 2861 592 καὶ
2897 538 3225 606 ἀναστήσω
3247 542 3311 595 τὸ
3339 542 3583 611 σπέρμα
3620 557 3744 595 σου

473 625 725 679 malum
760 626 813 677 in
841 634 1117 692 conspectu
1145 641 1260 679 meo
1286 643 1302 677 :
1326 635 1375 679 et
1409 626 1628 682 thronus
1656 629 1773 698 ejus
1803 633 1906 684 erit
1935 646 2049 684 ere-

474 724 589 770 ctus
621 717 677 768 in
704 716 958 769 amulum
998 715 1287 770 secundum
1336 715 1515 773 omnes
1551 736 1814 775 sermones
1846 722 1963 787 hos,
1996 731 2047 775 et

472 808 759 864 secundum
798 810 1099 863 universam
1147 811 1401 865 visionem
1432 812 1568 867 hanc
1590 816 1657 869 ³⁸.
1708 814 1803 871 Sic
1833 818 2049 872 locutus

471 906 557 953 est
600 897 813 952 Nathan
846 896 1059 953 Davidi.
1112 896 1239 953 Haec
1271 915 1438 969 porro
1477 902 1663 956 omnia
1705 903 1760 956 in
1808 903 2049 958 medium

472 987 650 1050 attuli,
681 995 740 1040 ut
770 986 1132 1053 declararem,
1179 1004 1304 1043 cum
1350 988 1520 1044 David
1562 992 1956 1046 aediﬁcaturum
1988 1006 2052 1045 se

471 1076 695 1133 domum
723 1093 866 1133 arca
896 1077 987 1133 Dei
1010 1079 1220 1149 primus
1250 1081 1823 1150 promisisset,Deum,
1850 1097 2051 1153 appro-

472 1169 602 1225 bata
643 1172 793 1227 illius
826 1171 1050 1241 pietate,
1082 1172 1322 1228 vicissim
1349 1174 1650 1243 pollicitum
1695 1174 1745 1230 ei
1772 1190 1917 1237 esse,
1952 1190 2045 1229 ex-

471 1260 769 1314 citaturum
813 1276 873 1316 se
917 1276 1105 1315 semen
1160 1261 1281 1331 ejus
1333 1277 1476 1325 esse.
1515 1264 1677 1333 cujus
1728 1278 1893 1334 opera
1942 1262 2048 1317 sibi

470 1352 693 1409 domum
738 1354 1003 1410 excitaret
1028 1374 1043 1409 :
1067 1361 1123 1408 et
1150 1369 1275 1409 cum
1304 1353 1472 1411 David
1506 1358 1656 1426 prior
1685 1358 1954 1427 iurasset,
1989 1371 2050 1411 se

470 1444 607 1498 nihil
636 1446 785 1499 aliud
816 1455 942 1501 ante
971 1444 1270 1510 iacturum,
1300 1461 1467 1517 quam
1501 1448 1804 1505 invenisset
1832 1448 1942 1504 Deo
1968 1450 2045 1504 lo-

470 1550 620 1601 cum,
648 1535 815 1592 Deum
844 1539 1093 1594 vicissim
1119 1539 1342 1608 jurasse
1364 1540 1693 1610 pollicendo,
1722 1550 1775 1597 et
1811 1543 2052 1598 humano

470 1644 591 1685 sese
629 1633 767 1684 mori
807 1641 1200 1702 attemperasse
1237 1633 1294 1686 in
1332 1632 1606 1702 loquendo
1640 1650 1809 1689 :nam
1837 1634 2053 1689 inﬁnita

471 1736 640 1791 prope
668 1722 774 1776 alia
809 1722 864 1777 in
907 1723 1091 1777 divina
1125 1721 1410 1793 Scriptura
1444 1740 1511 1780 ex
1538 1724 1776 1780 humana
1815 1740 2050 1781 consue-

470 1812 660 1867 tudine
687 1821 741 1868 et
781 1815 1016 1885 quadam
1053 1815 1329 1885 cogitandi
1357 1816 1570 1873 ratione
1601 1818 1671 1873 de
1714 1817 1824 1873 Deo
1850 1819 2045 1873 dicun-

2151 633 2301 701 μετὰ
2331 631 2427 693 σὲ,
2459 630 2491 683 ὃ
2533 629 2706 683 ἔσται
2726 629 2797 682 ἐν
2822 627 2897 696 τῇ
2925 632 3121 696 κοιλίᾳ
3149 648 3287 697 σου,
3318 632 3413 685 καὶ
3437 630 3746 701 ἑτοιμάσω

2153 723 2270 791 τὴν
2290 723 2619 788 ,ϐασιλείαν
2644 736 2781 774 σου.
2805 721 2999 787 Αὐτὸς
3034 722 3411 792 οἰκοδομήσει
3436 743 3539 793 μοι
3567 721 3746 776 οἶκον

2154 814 2237 880 τῷ
2263 813 2509 883 ὀνόματί
2541 830 2681 881 μου,
2705 812 2803 865 καὶ
2832 813 3153 881 ἀνορθώσω
3174 814 3281 867 τὸν
3302 816 3519 881 θρόνον
3544 812 3746 866 αὑτοῦ

2153 905 2265 972 ἕως
2300 908 2388 971 είς
2421 904 2528 958 τὸν
2548 902 2754 956 αιῶγα.
2774 902 2922 972 Ἐγὼ
2949 905 3161 974 ἔσομαι
3193 904 3354 969 αὐτῷ
3377 908 3464 970 εὶς
3488 903 3742 972 πατέρα,

2154 1000 2253 1052 καὶ
2285 999 2469 1064 αὐτὸς
2498 998 2671 1051 ἔσται
2698 1015 2797 1067 μοι
2824 1000 2913 1065 εις
2960 1000 3113 1051 υἱόν.
3149 998 3258 1052 Kal
3293 999 3402 1051 ἐὰν
3430 1000 3585 1065 ἔλθῃ
3616 997 3747 1051 ἁδι-

2155 1090 2258 1142 κία
2296 1089 2504 1152 αὐτοῦ,
2533 1090 2630 1143 καὶ
2671 1088 2897 1158 ἐλέγξω
2932 1091 3120 1143 αὐτὸν
3157 1091 3227 1143 ἐν
3250 1090 3449 1159 ῥάϐδῳ
3476 1089 3743 1155 ἀνδρῶν.

2154 1181 2251 1234 καὶ
2300 1182 2372 1233 ἐν
2411 1180 2592 1250 ἁφαῖς
2628 1179 2776 1234 υἱῶν
2816 1182 3159 1249 ἀνθρώπων.
3196 1182 3269 1236 Τὸ
3306 1182 3374 1235 δὲ
3417 1183 3593 1247 ἔλεός
3618 1200 3747 1251 μου

2156 1276 2267 1327 οὐκ
2296 1274 2644 1342 ,ἀποστήσω
2677 1274 2777 1328 ἀπ’
2802 1274 3009 1339 αὐτοῦ,
3052 1273 3247 1339 καθὼς
3274 1274 3595 1339 ἀπέστησα
3639 1274 3746 1341 ἀφ’

2154 1361 2242 1421 ὧν
2269 1368 2590 1434 ἀπέστησα
2618 1368 2687 1421 ἐκ
2718 1366 3043 1437 προσώπου
3065 1385 3205 1435 μου.
3233 1368 3343 1420 Kal
3368 1366 3746 1433 πιστωθήσε-

2155 1476 2249 1513 ται
2288 1461 2322 1511 ό
2342 1459 2507 1525 οἶκος
2532 1459 2721 1513 αὐτοῦ
2750 1459 2847 1512 καί
2872 1459 2911 1525 ἠ
2937 1460 3225 1523 βασιλεία
3257 1459 3443 1512 αὐτοῦ
3474 1458 3587 1523 ἕως
3606 1457 3748 1511 alt?)-

2155 1565 2263 1613 νος
2290 1546 2550 1602 ἐνώπιόν
2563 1562 2717 1617 pou“
2755 1548 2855 1602 καὶ
2895 1552 2928 1601 ό
2954 1550 3167 1616 θρόνος
3192 1548 3380 1601 αὑτοῦ
3412 1547 3583 1600 ἔσται
3635 1547 3747 1601 ἀν-

2156 1637 2501 1707 ωρθωμένος
2529 1641 2617 1704 εὶς
2662 1639 2770 1693 τὸν
2801 1638 2985 1693 αἰῶνα
3023 1639 3171 1692 κατά
3198 1638 3429 1703 πάντας
3458 1638 3602 1703 τοὺς
3638 1639 3747 1691 λόν

2156 1746 2301 1799 τους
2326 1735 2596 1796 τούτους,
2629 1732 2728 1785 καὶ
2766 1731 2917 1785 κατὰ
2951 1730 3162 1786 πᾶσαν
3195 1730 3309 1799 τὴν
3348 1730 3565 1798 ὅρασιν
3598 1732 3744 1783 ταύ-

2158 1838 2288 1888 την.
2316 1821 2503 1885 Οὕτως
2546 1822 2775 1893 ἐλάλησε
2808 1822 2999 1875 Ναθάν
3027 1823 3166 1893 πρὸς
3209 1823 3300 1875 τὸν
3344 1822 3521 1875 Δαυῖδ.
3552 1822 3747 1876 Ταῦτα

470 1912 579 1957 tur.
607 1904 818 1971 Quibus
842 1908 917 1961 ita
940 1909 1414 1972 commonstratis,
1434 1909 1545 1980 jam
1575 1918 1746 1965 restat
1767 1918 1826 1965 ut
1850 1910 2045 1981 psalmi

2156 1914 2212 1985 δὴ
2259 1913 2440 1968 πάντα
2482 1915 2821 1986 παρεθέμην,
2865 1916 3214 1987 παραστῆσαι
3265 1916 3609 1986 βουλόμενος,
3644 1915 3739 1977 ὡς,

468 1995 677 2051 dictum
708 1999 1149 2057 consideremus.

2158 2003 2375 2076 πρώτου
2406 2006 2891 2076 ἐπηγγειλαμένου
2908 2006 3002 2059 τοῦ
3032 2006 3193 2059 Δαυῖδ
3216 2003 3364 2059 οἷκον
3397 2006 3744 2059 κατασκευά-

470 2088 582 2153 ζειν
614 2091 681 2160 τῇ
732 2090 951 2162 κιϐωτῷ
1000 2091 1095 2145 τοῦ
1134 2092 1291 2158 Θεοῦ,
1329 2092 1732 2165 ἀποδεξάμενος
1756 2093 1921 2149 αὐτὸν
1952 2095 2051 2165 τῆς
2089 2096 2368 2160 εὐσεϐείας
2395 2098 2426 2150 ὁ
2464 2097 2617 2161 Θεὸς,
2668 2097 3166 2165 ἀντεπαγγέλλεται
3203 2098 3265 2151 τὸ
3313 2097 3535 2168 σπέρμα
3570 2096 3737 2149 αὐτοῦ

468 2181 814 2253 ἀναστήσειν,
851 2184 945 2237 καὶ
976 2184 1063 2237 διὰ
1093 2185 1282 2239 τούτου
1312 2186 1743 2251 κατασκευάζειν
1776 2185 1956 2257 ἐάυτῷ
1979 2182 2127 2240 οἷκον
2149 2203 2163 2217 ·
2195 2189 2291 2241 καὶ
2328 2189 2404 2253 ὡς
2429 2189 2524 2242 τοῦ
2559 2188 2724 2242 Δαυῒδ
2770 2188 2990 2260 πρώτου
3046 2187 3400 2260 ὀμωμοκότος
3461 2189 3535 2258 μὴ
3604 2189 3740 2258 πρό-

468 2293 623 2348 τερον
649 2278 828 2333 ἀλλοτι
854 2282 1104 2351 ποιήσειν
1122 2283 1217 2336 τοῦ
1241 2284 1407 2337 τόπον
1434 2285 1615 2355 εὑρεῖν
1633 2284 1711 2355 τῷ
1731 2285 1873 2355 Θεῷ,
1894 2284 2200 2355 ἀμοιϐαίως
2225 2287 2319 2339 καὶ
2351 2289 2381 2339 ὁ
2409 2286 2541 2350 Θεὸς
2570 2288 2864 2356 ἀντομνυσι
2932 2286 3020 2340 διὰ
3079 2287 3182 2355 τῆς
3244 2285 3596 2353 ἐπαγγελίας,
3647 2285 3742 2337 ἀν-

469 2372 886 2445 θρωπινώτερον
935 2375 1388 2443 συγκαταϐαίνων
1421 2376 1500 2447 τῷ
1532 2376 1703 2447 λόγῳ·
1744 2378 1932 2449 ἐπειδὴ
1966 2380 2061 2432 καὶ
2096 2378 2233 2433 ἀλλα
2263 2380 2434 2450 μυρία
2479 2381 2538 2432 ἐν
2582 2383 2648 2450 τῇ
2697 2380 2817 2450 θείᾳ
2851 2379 3039 2451 Γραφῇ
3107 2376 3553 2449 ἀνθρωποπαθῶς
3614 2358 3742 2446 περὶ

466 2463 559 2517 ⁸ἑοῦ
586 2466 722 2519 Θεοῦ
752 2467 999 2520 λέλεκται
1039 2469 1181 2521 κατά
1209 2485 1331 2522 τινα
1384 2470 1679 2540 νοουμένην
1714 2471 1964 2541 θεωρίαν.
2019 2465 2117 2524 Ὧν
2154 2470 2327 2535 οὕτως
2372 2472 2858 2543 ἀποδεδειγμένων,
2923 2471 3115 2541 καιρὸς
3167 2469 3269 2541 ἥδη
3301 2471 3395 2523 καὶ
3423 2469 3522 2539 τὴν
3563 2470 3622 2520 ἐν
3663 2467 3740 2537 τῷ

466 2557 665 2629 ψαλμῷ
698 2560 843 2625 λέξιν
873 2561 1268 2634 ἐπιθεωρῆσαι.

536 2669 679 2737 Quid
706 2673 811 2727 sibi
836 2674 953 2727 vult
984 2688 1115 2745 ergo
1142 2676 1442 2745 promissio
1469 2674 1602 2732 Dei?
1633 2678 1761 2732 Haec
1783 2677 1893 2732 duo
1916 2691 2054 2749 praa-
2116 2670 2123 2673 ’

468 2765 703 2828 nuntiat,
730 2766 908 2835 primo
940 2781 1001 2822 se
1049 2765 1274 2823 Davidis
1314 2784 1503 2824 semen
1544 2769 1601 2823 in
1633 2771 1894 2825 saeculum
1928 2784 2044 2825 ser-

471 2865 763 2925 vaturum;
801 2858 1071 2925 secrmdo,
1120 2860 1379 2915 thronum
1412 2862 1535 2931 ejus
1561 2862 1957 2917 aediﬁcaturum
1996 2861 2052 2914 in

467 2951 871 3023 generationem
922 2960 978 3008 et
1017 2954 1447 3024 generationem.
1496 2953 1703 3012 Deinde
1754 2956 1883 3025 quia
1936 2953 2051 3009 haec

466 3057 578 3097 non
626 3042 879 3098 sensibili
912 3058 1065 3100 more
1114 3045 1170 3099 in
1195 3052 1365 3109 terra,
1405 3060 1585 3116 neque
1638 3046 1693 3099 in
1736 3059 1906 3116 regno
1948 3044 2052 3097 liu-

468 3148 629 3188 mana
672 3134 891 3189 ratione
917 3135 1271 3190 considerato
1310 3139 1497 3192 futura
1532 3146 1710 3202 erant,
1745 3140 2049 3207 promisso-

2226 2677 2293 2729 Τί
2334 2676 2515 2729 τοίνυν
2561 2674 2807 2745 βούλεται
2854 2676 2888 2747 ἡ
2933 2674 3232 2744 ἐπαγγελία
3284 2674 3379 2727 τοῦ
3425 2673 3598 2739 Θεού;
3638 2673 3739 2727 Δύο

2153 2764 2324 2819 ταῦτα
2347 2765 2710 2838 προαγορεύει
2727 2782 2739 2795 ·
2771 2765 2985 2837 πρῶτον
3011 2765 3108 2835 μὲν
3128 2766 3189 2818 τὸ
3213 2765 3433 2836 σπέρμα
3458 2763 3553 2815 τοῦ
3580 2763 3741 2815 Δαυΰ

2153 2856 2259 2920 ἕως
2288 2855 2383 2910 τοῦ
2412 2858 2605 2920 αἰῶνος
2634 2856 2889 2927 φυλάξειν
2910 2872 2923 2885 ⁶
2954 2856 3207 2928 δεύτερον
3234 2855 3289 2908 δὲ
3315 2856 3405 2908 τὸν
3438 2854 3625 2924 θρόνον
3647 2856 3743 2910 ab-

2152 2950 2247 3003 τοῦ
2281 2950 2655 3021 οἰκοδομήσειν
2686 2952 2766 3013 είς
2802 2948 2995 3019 γενεὰν
3020 2950 3115 3001 καὶ
3148 2948 3359 3018 γενεάν.
3386 2945 3497 2999 Εἶτ’
3522 2948 3744 3017 ἐπειδη-

2156 3060 2263 3115 περ
2284 3042 2481 3113 ἤμελλε
2509 3041 2680 3096 ταῦτα
2712 3044 2787 3113 μὴ
2813 3043 2909 3094 ἐπὶ
2930 3043 3035 3112 γῆς
3065 3040 3339 3112 αἰσθητῶς
3368 3039 3745 3104 συνίστασθαι,

2160 3136 2295 3207 μηδὲ
2341 3136 2398 3188 ἐν
2442 3136 2507 3205 τῇ
2554 3134 2693 3187 κατὰ
2738 3133 3023 3204 ἄνθρωπον
3073 3132 3341 3202 βασιλείᾳ,
3372 3132 3449 3194 εἰς
3481 3131 3747 3202 οὐρανοὺς

466 3242 589 3281 rum
623 3227 1079 3298 complementum
1111 3229 1166 3282 in
1203 3231 1375 3285 crelos
1421 3230 1673 3285 remittit.
1704 3228 2052 3300 QuaprOpter

2156 3200 2284 3297 ἐξῖγς
2310 3200 2621 3298 ἀναπέμπει
2658 3225 2764 3279 τῶν
2797 3200 3142 3294 ἐπαγγελιῶν
3186 3223 3255 3277 τὰ
3296 3200 3747 3292 ἀποτελέσματα.

467 3320 611 3375 sicut
649 3321 904 3389 superius
936 3320 1096 3386 dixit,
1135 3320 1202 3375 In
1252 3322 1380 3377 caelo
1412 3322 1808 3393 pmparabitur
1854 3324 2051 3375 veritas

470 3423 602 3477 tua;
637 3413 719 3468 sic
756 3421 880 3484 post
933 3411 1030 3469 Dei
1062 3415 1485 3484 promissionem
1510 3415 1622 3484 jam
1657 3414 1843 3478 infert,
1871 3412 2053 3483 Conﬁ-

468 3504 717 3559 tebuntur
757 3505 873 3559 cwli
908 3505 1182 3560 mirabilia
1236 3516 1351 3571 tua,
1385 3506 1625 3560 Domine.
1681 3504 1869 3577 Neque
1907 3506 2052 3559 enim

466 3594 720 3650 homines
752 3596 845 3665 qui
877 3595 933 3649 in
970 3605 1115 3650 terra
1148 3603 1297 3661 sunt,
1331 3597 1528 3668 inquit,
1574 3597 1879 3667 intelligere
1901 3604 2053 3665 pote-

466 3693 597 3739 runt
653 3700 818 3755 quam
853 3692 1091 3740 mentem
1137 3686 1395 3750 habeant,
1431 3702 1464 3739 ο
1497 3684 1746 3751 Domine,
1780 3686 2051 3755 promissa

466 3786 582 3844 tua,
628 3793 730 3832 nec
774 3793 1027 3849 quaenam
1076 3779 1187 3831 sint
1239 3778 1688 3849 proplieticorum
1738 3794 2051 3833 sermonum

466 3870 899 3939 complementa;
933 3871 1028 3925 sed
1062 3870 1163 3939 ipsi
1216 3872 1342 3923 cwli
1390 3870 1667 3934 videlicet,
1720 3878 1775 3924 et
1821 3886 1942 3941 quae
1997 3871 2051 3924 in

467 3961 610 4015 caelo
649 3968 778 4015 sunt
807 3959 1006 4014 divina:
1038 3961 1271 4015 virtutes
1299 3981 1311 4014 :
1344 3962 1605 4031 quoniam
1646 3961 1799 4017 cmlis
1843 3976 2055 4032 compe-

471 4055 538 4107 tit
586 4054 859 4108 mirabilia
893 4061 1007 4117 tua,
1039 4069 1160 4123 quae
1200 4054 1254 4107 in
1284 4055 1749 4124 promissionihus
1780 4055 2051 4119 feruntur,

469 4156 729 4196 enarrare
771 4149 828 4196 et
883 4142 1253 4212 interpretari.
1304 4142 1773 4209 Quemadmodum
1809 4145 2052 4199 vicissim

469 4237 754 4291 veritatem
808 4244 996 4300 tuam,
1071 4251 1195 4307 quae
1248 4236 1305 4289 in
1370 4236 1663 4306 promissis
1716 4235 1905 4289 Davidi
1956 4237 2055 4290 da-

471 4328 545 4383 tis
589 4326 943 4390 celebratur,
998 4327 1243 4396 cogitare
1299 4336 1353 4380 et
1404 4326 1697 4381 enuntiare
1745 4342 1855 4380 non
1917 4326 2055 4380 alio-

470 4434 592 4474 rum
646 4424 786 4482 erat,
832 4433 996 4488 quam
1032 4417 1297 4471 caelorum
1354 4425 1587 4481 tantum,
1638 4425 1693 4471 et
1736 4418 2051 4488 angelorum

2153 3322 2231 3372 Δι’
2261 3320 2289 3372 ὃ
2313 3318 2502 3391 ὥσπερ
2527 3318 2785 3390 ἀνωτέρω
2817 3318 3018 3388 ἔφησεν
3040 3336 3051 3348 ·
3099 3318 3194 3370 Ἐν
3221 3315 3301 3381 τῷ
3331 3315 3566 3383 οἰφανῷ
3598 3316 3748 3369 ἐτοι-

2148 3412 2535 3481 μασθήσεται
2577 3412 2616 3478 ἡ
2664 3410 2915 3478 ἀλήθειά
2953 3426 3091 3474 σου,
3154 3409 3298 3463 οὕτω
3330 3410 3423 3463 καὶ
3460 3410 3555 3463 νῦν
3608 3409 3750 3481 μετά

2152 3503 2252 3574 τὴν
2278 3503 2609 3571 ἐπαγγελίαν
2634 3502 2727 3555 τοῦ
2760 3501 2897 3555 Θεοῦ
2929 3502 3181 3574 ἐπιφέρει
3206 3504 3267 3555 τό
3287 3522 3298 3531 ·
3345 3501 3717 3571 Ἐξομολογή

2153 3609 2363 3648 vortat
2411 3597 2465 3648 οἱ
2520 3595 2760 3664 οὐρανοὶ
2805 3593 2879 3647 τὰ
2920 3592 3224 3665 θαύμὰσιά
3256 3609 3397 3658 σου,
3425 3594 3624 3661 Κύριε.
3666 3591 3749 3647 Οὐ

2153 3688 2263 3759 γὰρ
2310 3690 2358 3741 οί
2407 3688 2499 3740 ἐτιί
2542 3687 2644 3757 γῆς
2685 3687 2982 3760 ἄνθρωποι,
3040 3686 3195 3756 φησὶ,
3248 3686 3567 3757 δυνήσονται
3618 3702 3748 3737 συν-

2156 3779 2313 3844 ιέναι,
2348 3781 2529 3832 ὁποῖον
2560 3777 2687 3834 νοῦν
2728 3778 2962 3849 ἔχουσιν,
2988 3772 3032 3831 ὧ
3062 3778 3252 3849 Κύριε,
3290 3780 3347 3831 αἱ
3395 3776 3739 3844 ἐπαγγελίαι,

2153 3873 2260 3926 οὐδ’
2296 3875 2457 3927 ὁποῖα
2481 3873 2550 3925 τὰ
2576 3870 2993 3942 ἀποτελέσματα
3016 3871 3123 3924 τῶν
3158 3869 3511 3943 προφητικῶν
3534 3869 3743 3938 τυγχά-

2158 3982 2236 4017 νει
2266 3962 2474 4035 λόγωνσ·
2506 3961 2624 4014 ἀλλ’
2652 3963 2701 4014 οἱ
2724 3961 2942 4031 οὐρανοὶ
2977 3960 3131 4013 αὐτοὶ
3158 3959 3381 4030 δηλαδὴ,
3406 3958 3500 4011 καὶ
3531 3959 3586 4010 αἱ
3620 3960 3745 4010 κατ’

2156 4055 2382 4126 οὐρανὸν
2417 4054 2556 4107 θεῖαι
2584 4054 2862 4123 δυνάμεις·
2888 4053 3077 4124 διόπερ
3104 4055 3216 4114 τοῖς
3234 4052 3482 4122 οὐρανοῖς
3511 4048 3744 4120 ἁρμόζει

2153 4150 2222 4202 τὰ
2268 4147 2547 4217 θαυμάσιὰ
2594 4161 2688 4197 σου
2730 4146 2797 4198 τὰ
2841 4146 3195 4216 ἐμφερόμενα
3234 4147 3354 4206 ταῖς
3387 4142 3745 4211 ἐπαγγελίαις

2153 4236 2453 4309 διηγεῖσθαι
2498 4235 2593 4289 καὶ
2633 4233 3252 4305 διερμηνεύειν.Ὠσπερ
3289 4232 3451 4285 πάλιν
3476 4232 3574 4301 τὴν
3606 4230 3744 4301 ἁλή-

2155 4330 2303 4383 θειάν
2332 4347 2446 4393 σου,
2475 4330 2574 4401 τὴν
2600 4332 2656 4383 ἐν
2680 4331 2799 4392 ταῖς
2817 4328 2953 4399 πρὸς
2977 4328 3066 4381 τὸν
3098 4325 3259 4379 Δαυῒδ
3288 4323 3635 4393 ἐπαγγελίαις
3659 4322 3744 4374 δε-

2153 4418 2508 4492 δοξασμένην,
2538 4423 2639 4475 οὐκ
2667 4421 2839 4475 ἄλλων
2866 4416 3093 4490 ἧνμοεῖν
3110 4419 3205 4471 καὶ
3228 4415 3530 4488 διηγεῖσθαι
3562 4414 3673 4467 ἀλλ’
3705 4413 3741 4484 ἢ

469 4511 564 4581 qui
605 4511 658 4564 in
682 4510 840 4565 caelis
868 4518 1043 4564 sunt:
1093 4509 1147 4562 hi
1192 4524 1431 4579 namque
1473 4510 1759 4563 veritatem
1806 4520 1955 4563 tuam
1997 4518 2051 4563 et

2164 4514 2339 4583 μόνων
2383 4514 2490 4568 τῶν
2534 4514 2780 4585 οὐρανῶν
2828 4513 2923 4565 καὶ
2956 4512 3063 4565 τῶν
3093 4512 3149 4563 ἐν
3178 4510 3426 4581 οὐρανοῖς
3459 4505 3704 4574 ἀγγέλων
3724 4522 3738 4536 ·

470 4602 743 4655 mirabilia
791 4610 884 4655 tua
921 4601 975 4653 in
1010 4600 1255 4655 Ecclesia
1278 4610 1594 4655 sanctorum
1619 4600 2048 4655 conﬁtebuntur.

472 4692 685 4749 Etenim
718 4695 763 4749 si
795 4695 1091 4765 aliquando
1131 4694 1260 4749 talis
1288 4692 1530 4747 Ecclesia
1558 4695 1612 4746 in
1658 4703 1803 4747 terra
1833 4702 2049 4758 exstet,

471 4803 594 4858 qum
641 4786 882 4843 Ecclesia
917 4795 1235 4843 sanctorum
1266 4794 1532 4843 vocetur:
1565 4795 1764 4855 praeter
1794 4787 1895 4841 bos
1923 4802 2053 4840 san-

471 4889 593 4934 ctos
615 4918 630 4943 ,
662 4879 765 4948 ipsi
796 4879 918 4932 coeli
942 4919 957 4943 ,
993 4880 1109 4933 sive
1139 4878 1339 4931 divinae
1363 4878 1627 4940 virtutes,
1656 4877 1771 4932 sive
1800 4879 2053 4931 ccelestes

472 4970 723 5024 homines
747 5009 763 5034 ,
804 4970 1077 5024 mirabilia
1110 4976 1202 5023 tua
1232 4977 1287 5023 et
1318 4970 1600 5023 veritatem
1632 4977 1779 5021 tuam
1799 5009 1813 5033 ,
1844 4983 1965 5038 quae
1995 4969 2050 5023 in

472 5066 835 5136 praesentibus
877 5065 1166 5135 promissis
1207 5063 1400 5123 fertur,
1433 5064 1860 5117 conﬁtebuntur.
1894 5062 2051 5129 Quod

472 5158 518 5210 si
568 5158 625 5209 in
665 5156 799 5225 ipsis
842 5156 1001 5211 cmlis
1050 5154 1297 5209 Ecclesia
1334 5153 1587 5225 quaedam
1632 5158 1703 5207 sit
1746 5154 2053 5223 primitivo-

475 5262 594 5300 rum
615 5286 632 5310 ,
668 5248 1074 5316 descriptorum
1110 5248 1165 5300 in
1200 5248 1357 5301 caelis
1379 5286 1393 5309 ,
1425 5260 1489 5300 ea
1521 5244 1706 5299 verius
1740 5252 1793 5298 et
1827 5258 2055 5297 accura-

473 5340 584 5392 tius
612 5337 853 5392 Ecclesia
884 5348 1202 5394 sanctorum
1232 5354 1355 5394 esse
1382 5339 1603 5393 dicatur
1630 5355 1641 5390 :
1710 5336 1764 5389 in
1793 5351 1901 5406 qua
1929 5336 2050 5389 cmli

479 5430 756 5484 veritatem
805 5433 1207 5501 promissorum
1254 5430 1385 5494 Dei,
1430 5441 1484 5484 et
1533 5428 1809 5483 mirabilia
1838 5430 1893 5481 in
1927 5443 2055 5497 pro—

477 5521 663 5575 missis
720 5523 898 5591 posita
929 5562 945 5588 ,
994 5524 1349 5577 enarrabunt.
1415 5520 1686 5575 Mirabilia
1732 5529 1913 5574 autem
1966 5520 2056 5573 illa

478 5627 599 5679 qua:
648 5612 887 5679 fuerint,
944 5615 1052 5668 nisi
1108 5614 1365 5668 Davidem
1412 5615 1646 5668 electum
1700 5611 1793 5665 Dei
1836 5611 2054 5675 vocari,

480 5718 691 5756 necnon
719 5719 903 5759 semen
933 5706 1001 5760 ab
1031 5707 1151 5775 ipso
1181 5707 1522 5775 proditurum
1551 5719 1704 5772 esse,
1735 5703 1879 5775 quod
1911 5704 2059 5759 thro-

561 5859 604 5885 ιο
638 5858 676 5913 ιι
709 5860 840 5929 ιιυε.
878 5877 984 5928 νη,
1020 5861 1169 5916 l-l7.

2157 4599 2303 4659 οὗτοι
2330 4608 2438 4678 γὰρ
2473 4606 2566 4659 καὶ
2593 4605 2691 4675 τὴν
2720 4604 2979 4675 ἀλήθειάν
3006 4620 3097 4655 σου
3130 4601 3225 4654 καὶ
3248 4600 3316 4652 τὰ
3344 4598 3621 4669 θαυμάσιὰ
3648 4613 3741 4648 σου

2157 4699 2213 4750 ἐν
2246 4699 2540 4770 Ἐκκλησία
2568 4699 2735 4767 ἁγίων
2754 4696 3259 4767 ὲξομολογήσονται.
3279 4694 3342 4745 El
3368 4691 3477 4762 γὰρ
3502 4707 3631 4742 ποτε
3658 4687 3745 4758 γέ-

2156 4807 2298 4844 νοιτο
2338 4789 2632 4857 Ἐκκλησία
2658 4808 2742 4853 τις
2772 4787 2992 4859 τοιαύτη
3048 4785 3138 4838 ἐπὶ
3163 4785 3286 4855 γῆς,
3315 4783 3390 4846 ὡς
3415 4783 3585 4851 ἁγίων
3622 4781 3745 4833 Ἐκ·-

2156 4881 2384 4952 κλησίαν
2412 4880 2581 4951 αὐτὴν
2611 4878 2992 4950 χρηματίζειν,
3017 4876 3165 4946 παρὰ
3196 4873 3405 4936 τούτοις
3434 4875 3483 4925 οἱ
3503 4872 3741 4943 οὐρανοὶ,

2154 4975 2267 5027 εἴτε
2298 4972 2553 5043 δυνάμεις
2588 4972 2748 5035 θεῖαι,
2773 4972 2881 5023 εἴτε
2911 4971 3003 5023 καὶ
3029 4968 3269 5040 οὐράνιοι
3287 4965 3499 5036 ἄνδρες,
3523 4967 3592 5015 τὰ
3613 4964 3745 5015 θαυ-

2163 5065 2333 5137 μάσιὰ
2361 5081 2453 5117 σου
2476 5066 2569 5117 καὶ
2592 5064 2689 5135 τὴν
2722 5062 2977 5136 ἀλήθειάν
3010 5079 3124 5125 σου,
3156 5059 3253 5131 τὴν
3273 5056 3654 5129 ἐμφερομένην
3687 5055 3743 5105 ἐν

2158 5158 2277 5218 ταῖς
2318 5155 2706 5224 προκειμέναις
2752 5152 3125 5223 ἐπαγγελίαις,
3151 5150 3652 5220 ὲξομολογήσονται.
3681 5144 3743 5197 El

2160 5247 2219 5299 δέ
2254 5250 2368 5299 ἐστι
2422 5248 2515 5300 καὶ
2568 5247 2625 5300 ἐν
2673 5246 2854 5309 αὐτοῖς
2899 5247 3011 5307 τοῖς
3043 5245 3291 5314 οὐρανοῖς
3329 5239 3625 5310 Ἐκκλησία
3661 5253 3743 5299 τις

2164 5339 2521 5409 πρωτοτόκων
2559 5338 3066 5409 ἀπογεγραμμένων
3092 5336 3148 5388 ἐν
3182 5335 3449 5405 οὐρανοῖς,
3484 5328 3742 5402 κυριώτε-

2166 5448 2258 5501 ρον
2305 5431 2398 5482 καὶ
2443 5429 2799 5499 ἀληθέστερον
2846 5427 3058 5497 λεχθείη
3111 5425 3176 5478 ἂν
3224 5424 3406 5493 ἐκείνη
3449 5419 3739 5490 Ἐκκλησία

2167 5523 2335 5589 ἁγίων
2360 5520 2497 5576 εἶναι
2540 5522 2853 5589 Ἐκκλησία,
2886 5523 2943 5573 ἐν
3033 5520 3079 5571 οἱ
3113 5517 3332 5589 οὐρανοὶ
3367 5514 3462 5577 τὴν
3484 5512 3739 5584 ἀληθειαν

2166 5613 2273 5668 τῶν
2302 5615 2639 5683 ἐπαγγελιῶν
2670 5613 2761 5667 τοῦ
2793 5611 2927 5665 Θεοῦ
2954 5612 3046 5665 καὶ
3070 5610 3137 5663 τὰ
3164 5608 3439 5679 θαυμάσια
3472 5605 3547 5658 τᾶ
3566 5606 3623 5655 ἐν
3645 5602 3740 5655 αὐ-

2166 5708 2286 5769 ταῖς
2323 5706 2660 5776 ἀποκείμενα
2702 5705 3067 5776 διηγήσονται.
3101 5700 3387 5772 Θαυμάσια
3420 5696 3476 5750 δὲ
3510 5696 3630 5750 τίνα
3669 5687 3753 5763 ἦν
