4068 6394
296 444 431 500 i081

1385 446 1887 505 COMMENTARIA
1922 446 1989 502 IN
2040 446 2380 503 PSALMOS.

3407 449 3429 502 1
3441 447 3551 503 08%

292 560 464 631 ἀλλ’ἢ
493 558 553 613 τὸ
579 559 834 617 ἐκλεκτὸν
861 561 957 615 τοῦ
998 562 1133 616 Θεοῦ
1163 565 1498 637 χρηματίσαι
1547 567 1638 621 τὸν
1689 566 1868 632 Δαυῒδ,

1974 582 2105 621 num
2153 574 2417 621 attentum
2462 573 2755 621 nacturum
2796 567 2905 635 Sil;
2953 573 3115 636 atque
3160 573 3551 621 testamentum

292 651 472 707 καὶτὸ
502 650 560 717 ἐξ
587 650 751 705 αὐτοῦ
780 652 1033 721 γενέσθαι
1069 656 1289 727 σπέρμα
1312 656 1499 729 θρόνον
1527 657 1744 713 αἰώνιον
1772 678 1871 714 κα-

295 742 469 809 θέξον,
499 744 592 795 καὶ
621 742 693 795 ’τὸ⁸
708 742 974 815 διαθήκην
1003 744 1219 799 αἰώνιον
1242 746 1571 803 διατίθεσθαι
1604 751 1739 821 πρὸς
1770 752 1870 805 αύ-

292 833 385 887 τὸν
412 833 501 886 τὸν
525 833 676 898 Θεὸν,
703 834 735 904 ἢ
770 834 1039 906 συνθήκην
1061 836 1198 907 πρὸς
1220 838 1382 891 αὑτὸν
1408 839 1696 907 γενέσθαι;
1729 840 1872 895 οὕτω

293 926 405 998 γὰρ
440 928 472 979 δ
502 927 731 990 ’Δκύλας
770 928 866 981 καὶ
905 928 1199 1000 Σύμμαχος
1238 933 1610 1003 ήρμήνευσαν,
1652 930 1875 1003 συνθή-

295 1037 417 1088 κην
453 1021 575 1073 ἀντὶ
614 1019 873 1091 διαθήκης
902 1024 1204 1093 εἰρηκότες.
1233 1024 1543 1097 Θαυμάσιον
1584 1023 1652 1099 ἦν
1691 1028 1782 1081 καὶ
1812 1028 1874 1082 τὸ

294 1108 524 1179 ὀμνύναι
562 1110 651 1163 τὸν
679 1110 812 1164 Θεὸν
851 1112 1122 1183 ἀνθρώπῳ
1157 1116 1249 1169 καὶ
1280 1116 1341 1168 τὸ
1367 1117 1595 1186 φάσκειν
1621 1120 1759 1191 πρὸς
1781 1120 1872 1173 τὸν

296 1200 456 1253 αὐτόν
474 1218 488 1231 ο
518 1203 665 1267 Ἕως
694 1202 803 1257 τοῦ
829 1202 1042 1270 αἰῶνος
1064 1206 1357 1277 ἑτοιμάσω
1386 1210 1452 1263 τὸ
1476 1209 1711 1280 σπέρμα
1730 1226 1869 1275 σου,

296 1292 438 1346 κατά
461 1293 552 1346 τὸν
582 1294 909 1366 Σύμμαχονο
932 1297 1042 1352 Kal
1085 1300 1457 1371 οἰκοδομήσω
1488 1305 1575 1368 είς
1606 1302 1873 1371 ἑκάστην

294 1383 508 1451 γενεὰν
528 1382 637 1438 τὸν
662 1386 878 1453 θρόνον
909 1402 1045 1453 σου,
1085 1389 1223 1442 κατὰ
1248 1389 1339 1444 τὸν
1372 1392 1554 1446 αὐτόν.
1579 1393 1651 1445 Τὸ
1675 1392 1731 1445 δέ
1756 1396 1871 1464 μεῖ-

296 1474 387 1539 ζον
418 1476 670 1531 ἁπάντων
704 1477 885 1548 θαῦμα
908 1478 1065 1533 τοῦτο
1096 1476 1185 1552 ἦν,
1211 1482 1273 1536 τὸ
1298 1483 1525 1537 τοιαῦτα
1546 1485 1872 1553 ἐπαγγελλό-

296 1585 457 1639 μενον
487 1569 578 1622 τὸν
601 1570 731 1623 Θεὸν
754 1570 902 1642 ὅρκῳ
931 1571 1100 1626 ταῦτα
1123 1574 1621 1646 ἐπισφραγίσασθαι
1645 1592 1658 1607 ·
1694 1576 1787 1629 καὶ
1810 1576 1871 1630 τὸ

297 1658 515 1713 πάντων
560 1659 999 1734 θαυμασιώτερον
1027 1662 1088 1716 τὸ
1127 1664 1265 1735 μετά
1302 1665 1393 1718 τὸν
1421 1665 1562 1718 θεῖον
1596 1666 1756 1738 ὅρκον
1787 1666 1877 1720 δο-

292 1754 411 1806 κεῖν
438 1753 511 1823 μὴ
533 1753 689 1817 τέλος
706 1755 983 1827 εἰληφέναι
1001 1756 1126 1819 τοὺς
1150 1757 1244 1810 τοῦ
1267 1757 1400 1811 Θεοῦ
1434 1758 1644 1827 λόγους,
1673 1760 1869 1814 τάναν-

292 1844 383 1896 τία
414 1844 470 1896 δέ
503 1849 568 1916 τῇ
599 1848 913 1918 ὁρκωμοσίᾳ
950 1848 1239 1919 συμϐῆναι.
1259 1848 1537 1920 Ἐπιφέρει
1562 1849 1692 1918 γοῦν
1720 1848 1866 1919 ἐξῆς,

208 2012 212 2023 Ι
294 1937 510 1990 ἐναντία
535 1940 655 2001 ταῖς
678 1938 773 1992 τοῦ
799 1917 933 1992 Θεοῦ
962 1917 1315 2009 ἐπαγγελίαις
1338 1917 1513 2012 δηλῶν
1538 1917 1870 2012 συμϐεϐηκέ·
1901 1917 1942 1971 Β

293 2045 413 2082 ναι·
443 2028 508 2081 δι’
542 2028 577 2082 ἃ
606 2030 698 2083 καὶ
732 2032 963 2101 μάλιστα
996 2032 1358 2103 ἐκπλήττεται
1395 2034 1489 2086 καὶ
1536 2032 1803 2104 θαυμάζει
1841 2036 1869 2087 ὁ

294 2122 585 2193 Προφήτης
605 2138 629 2177 ⁸,
651 2124 1013 2177 ἁποδυσπετεῖ
1044 2124 1173 2194 γοῦν
1203 2124 1329 2195 ἑξῆς
1357 2125 1529 2194 λέγων
1548 2143 1562 2156 ο
1586 2125 1712 2179 Ποῦ
1739 2126 1870 2179 ἐστι

293 2215 368 2267 τὰ
392 2216 533 2283 ἐλέη
558 2230 674 2270 σου
701 2216 773 2270 τὰ
795 2216 1031 2285 ἀρχαῖα,
1054 2218 1250 2284 Κύριε,
1271 2216 1310 2270 ἂ
1331 2216 1571 2286 ὤμοσας
1595 2215 1675 2282 τῷ
1691 2216 1870 2270 Δαυῒὸ

293 2305 367 2359 ὲν
391 2304 464 2375 τῇ
489 2307 740 2375 ἀληθείᾳ
771 2324 921 2373 σου;
960 2308 1098 2361 Ἀλλ’
1117 2307 1518 2376 ἀποθεραπεύει
1547 2307 1645 2378 τὴν
1673 2305 1868 2360 ἑαυτοῦ

293 2398 626 2471 ἀμηχανίαν,
659 2399 918 2470 ἀνωτέρω
951 2399 1048 2469 μὲν
1082 2397 1350 2469 εἰρηκώς·
1400 2399 1502 2452 Ἐν
1536 2397 1660 2463 τοῖς
1701 2400 1870 2465 οὐραν-

292 2489 420 2555 νοῖς
446 2488 938 2559 ἑτοιμασθήσεται
960 2492 999 2558 ’ἡ
1025 2489 1276 2557 ἀλήθειά
1301 2506 1438 2553 σου,
1469 2492 1526 2543 ἐν
1554 2489 1609 2542 δὲ
1636 2491 1748 2553 τοῖς
1776 2506 1870 2558 με·

292 2578 363 2634 τὰ
394 2583 610 2651 χεῖρας’
660 2580 1235 2652 Ἑξομολογηῆσονται
1273 2586 1326 2637 οἱ
1358 2582 1601 2651 οὐρανοὶ
1629 2582 1703 2636 τὰ
1736 2586 1871 2636 θαυ-

287 2671 479 2741 μάσιά
513 2686 651 2738 σου,
679 2673 777 2725 καὶ
802 2671 914 2741 γὰρ
941 2673 1055 2741 τὴν
1074 2673 1366 2740 ἀλήθειάν
1389 2689 1505 2728 σου
1540 2675 1611 2728 ἐν
1635 2674 1873 2741 Ἐκκλη-

293 2762 402 2832 ἁίᾳ
436 2765 635 2833 ἁγίων.
652 2766 772 2818 Ὅτι
813 2767 904 2832 τίς
945 2767 1014 2820 ἐν
1057 2767 1341 2836 νεφέλαις
1387 2767 1744 2836 ἰσωθήσεται
1790 2765 1870 2831 τῷ

291 2856 507 2922 Κυρίῳ,
531 2857 959 2926 ὁμοιωθήσεται
1004 2856 1084 2923 τῷ
1130 2859 1325 2926 Κυρίῳ
1369 2859 1437 2911 ὲν
1485 2859 1637 2925 υἱοῖς
1686 2858 1870 2924 Θεοῦ;

306 2947 451 3000 Ἀντὶ
492 2948 615 3001 τοῦ’
664 2950 734 3003 ἐν
772 2952 1072 3019 νεφέλαις,
1134 2952 1163 3004 ὁ
1214 2951 1508 3022 Σύμμαχος
1558 2968 1713 3021 φησιο
1774 2950 1870 3016 Τίς

292 3038 402 3107 γὰρ
450 3039 519 3092 ἐν
569 3041 789 3108 αὶθέρι;
818 3039 1031 3111 Σφόδρα
1082 3040 1138 3093 δέ
1184 3040 1490 3103 ἀκολούθως
1527 3041 1774 3112 ἐπήγαγε
1802 3040 1869 3093 τὰ

294 3135 630 3206 προκείμενα
655 3139 767 3199 τοῖς
788 3134 1131 3207 προλεχθεῖσι
1156 3152 1170 3166 ο
1209 3135 1305 3205 τὴν
1335 3135 1443 3206 γὰρ
1469 3134 1726 3205 ἀλήθειάν
1753 3151 1866 3197 σου,

1971 667 2235 713 attentum
2259 698 2274 723 ,
2309 659 2425 714 sive
2454 667 2674 729 pactum
2708 659 2775 712 ah
2805 659 2897 712 illo
2928 674 3051 713 cum
3086 656 3196 712 Deo
3224 674 3544 729 percussum

1972 750 2184 805 fuisse?
2211 750 2291 804 sic
2315 750 2460 804 enim
2492 749 2685 819 Aquila
2716 763 2767 805 et
2801 747 3160 821 Symmachus
3204 749 3549 819 interpretati

1972 852 2136 905 sunt,
2168 842 2261 911 qui
2295 853 2507 910 pactum
2547 856 2646 911 pro
2675 848 3008 896 testamento
3055 839 3329 895 dixerunt.
3380 840 3545 894 Mira-

1972 936 2080 991 bile
2107 950 2325 1005 quoqne
2353 937 2679 1005 eratjurare
2711 932 2878 986 Deum
2924 932 3171 994 homini,
3207 933 3418 1002 ipsique
3456 932 3542 986 di-

1971 1042 2095 1082 cere
2113 1068 2126 1090 ,
2158 1026 2329 1097 Usque
2354 1028 2407 1080 in
2430 1038 2684 1082 ceternum
2707 1024 3021 1095 pra'parabo
3045 1041 3217 1079 semen
3246 1035 3393 1077 tuum
3411 1065 3425 1087 ,
3457 1041 3544 1080 se-

1971 1120 2208 1175 cundum
2242 1118 2625 1190 Symmachum
2653 1137 2665 1173 :
2702 1117 2769 1170 Et
2802 1118 3073 1186 a’diﬁcabo
3116 1118 3168 1171 in
3198 1134 3547 1187 unamquam-

1970 1227 2068 1282 que
2085 1212 2471 1281 generationem
2490 1211 2732 1264 thronum
2756 1219 2899 1262 tuum
2917 1251 2930 1275 ,
2953 1214 3249 1263 secundum
3267 1208 3539 1263 eumdem.

1970 1303 2037 1356 At
2055 1302 2351 1357 maximum
2372 1302 2617 1357 omnium
2641 1301 2960 1356 miraculum
2981 1300 3110 1354 illud
3129 1308 3266 1365 erat,
3291 1300 3543 1355 videlicet

1972 1395 2087 1449 haec
2104 1395 2401 1465 pollicitum
2426 1393 2593 1451 Deum
2614 1435 2627 1459 ,
2644 1394 2957 1464 juramento
2971 1392 3159 1447 eadem
3178 1393 3499 1463 obsignasse
3524 1412 3537 1447 :

1970 1503 2160 1542 verum
2204 1487 2350 1558 quod
2380 1488 2626 1542 omnium
2658 1486 2882 1541 omnino
2918 1484 3389 1540 mirabilissimum
3422 1493 3540 1551 est,

1968 1578 2067 1635 Dei
2095 1595 2409 1642 sermones,
2441 1594 2580 1650 quos
2607 1578 2825 1648 iuratus
2860 1576 3194 1647 protulerat,
3228 1591 3337 1629 non
3369 1573 3435 1628 ad
3464 1574 3543 1629 ef-

1970 1670 2171 1727 fectum
2219 1671 2487 1727 deductos
2535 1687 2700 1737 esse;
2751 1669 2845 1725 sed
2893 1668 3225 1738 juramentis
3267 1667 3542 1722 contraria

1970 1766 2217 1820 evenisse
2261 1764 2455 1820 videri.
2500 1763 2635 1817 Nam
2681 1761 2874 1817 deinde
2918 1762 3125 1832 pergit,
3174 1761 3374 1816 divinis
3418 1776 3547 1832 pro-

1972 1856 2160 1911 missis
2194 1858 2441 1926 opposita
2467 1855 2763 1924 contigisse
2793 1868 3026 1908 narrans
3055 1873 3066 1907 :
3099 1868 3333 1923 quorum
3365 1853 3541 1906 maxi-

1970 1963 2055 2001 me
2078 1961 2244 2001 causa
2269 1945 2602 2014 obstupescit
2626 1947 2959 2013 miraturque
2982 1942 3252 2014 Propheta
3269 1983 3283 2007 ,
3308 1950 3360 1997 et
3385 1942 3543 2012 quasi

1970 2054 2083 2093 rem
2112 2055 2255 2109 aegre
2288 2038 2465 2093 ferens
2494 2040 2567 2091 ait
2596 2056 2608 2091 :
2640 2036 2738 2090 Ubi
2770 2047 2891 2090 sunt
2920 2037 3297 2091 misericordia:
3327 2045 3429 2090 tua:
3458 2052 3545 2087 an—

1970 2129 2161 2198 liqua},
2194 2128 2447 2193 Domine,
2480 2144 2613 2197 quas
2636 2126 2839 2196 jurasti
2864 2125 3038 2180 David
3082 2128 3135 2180 in
3166 2127 3383 2180 veritate
3412 2127 3549 2180 tua?

1969 2218 2038 2274 At
2068 2220 2332 2290 angustia?
2362 2235 2475 2275 suae
2502 2219 2764 2274 medelam
2802 2218 3078 2281 adhibuit,
3124 2227 3237 2272 tum
3286 2217 3552 2287 superius

1969 2328 2095 2367 cum
2136 2313 2378 2377 diceret,
2435 2311 2501 2365 In
2552 2310 2695 2365 caelis
2738 2311 3128 2381 pra’parabitur
3169 2311 3362 2365 veritas
3406 2320 3542 2372 tua;

1970 2409 2085 2456 tum
2132 2403 2186 2456 in
2227 2402 2313 2457 bis
2357 2417 2478 2471 qua?
2523 2411 2826 2459 tractamus
2868 2403 3090 2466 dicens,
3142 2401 3546 2469 Conﬁtebuntur

1970 2491 2086 2545 caeli
2116 2490 2385 2544 mirabilia
2418 2500 2509 2545 tua
2529 2531 2542 2554 ,
2572 2494 2764 2546 etenim
2794 2493 3066 2546 veritatem
3100 2499 3244 2544 tuam
3271 2493 3324 2544 in
3354 2491 3542 2545 Eccle-

1970 2584 2053 2637 sia
2106 2593 2432 2637 sanctorum.
2455 2613 2526 2622 —
2549 2582 2712 2638 Vens.
2769 2584 2820 2638 7.
2872 2583 3134 2649 Quoniam
3168 2584 3282 2653 quis
3316 2584 3370 2635 in
3392 2583 3547 2635 nubi-

1971 2673 2066 2728 bus
2100 2673 2394 2738 aequabitur
2419 2674 2645 2729 Domino
2673 2714 2687 2738 ,
2720 2676 2910 2730 similis
2938 2678 3037 2730 erit
3070 2675 3296 2729 Domino
3328 2675 3382 2727 in
3415 2674 3546 2743 [iliis

1976 2765 2068 2819 Dei
2097 2768 2122 2822 ε)
2149 2765 2255 2820 Pro
2286 2766 2410 2831 illo,
2442 2767 2497 2819 in
2545 2766 2803 2829 nubibus,
2850 2766 3212 2839 Symmachus
3259 2765 3371 2829 ait,
3410 2766 3543 2831 Quis

1970 2860 2109 2914 enim
2150 2859 2207 2912 in
2254 2859 2495 2915 wthere?
2536 2860 2841 2913 Admodum
2885 2870 3252 2930 congruenter
3285 2858 3398 2912 haec
3428 2858 3542 2928 jam

1971 2949 2269 3020 praemissis
2304 2948 2543 3019 adiecit:
2581 2951 2865 3005 veritatem
2905 2951 3049 3004 enim
3094 2958 3278 3013 tuam,
3324 2950 3539 3018 inquit,

1971 3051 2025 3098 et
2069 3042 2342 3097 mirabilia
2390 3050 2483 3095 tua
2532 3043 2745 3097 etiamsi
2789 3042 3038 3097 homines
3086 3042 3389 3112 intelligere
3432 3057 3545 3095 non

1970 3135 2226 3200 valeant;
2262 3148 2367 3204 qua
2417 3134 2485 3188 de
2513 3148 2682 3188 causa
2709 3133 2934 3203 jamjam
2970 3134 3222 3189 dicturus
3248 3150 3369 3189 sum
3393 3176 3407 3199 ,
3446 3131 3547 3186 Ubi

293 3227 448 3297 φησὶ,
474 3226 568 3280 καὶ
594 3226 662 3280 τὰ
686 3226 965 3298 θαυμάσιά
995 3242 1111 3289 σου,
1140 3225 1186 3277 εί
1216 3226 1308 3277 καὶ
1339 3224 1717 3295 μὴίἀνθρωποι
1747 3241 1867 3278 συν-

1972 3236 2093 3283 sunt
2133 3225 2513 3280 misericordia:
2556 3235 2660 3280 ture
2700 3228 2934 3295 antiqua:
2955 3268 2970 3291 ,
3003 3225 3263 3288 Domine,
3296 3242 3427 3295 quas
3451 3226 3547 3295 ju-

294 3322 433 3373 εἶναι
460 3319 746 3373 δύνανται·
778 3318 844 3371 δι’
876 3318 904 3370 ὃ
950 3317 1127 3389 μέλλω
1167 3316 1345 3385 λέγειν
1378 3316 1573 3387 μικρὸν
1604 3316 1829 3387 ὕστερον
1851 3334 1865 3347 ·

295 3410 416 3463 Ποῦ
439 3408 570 3462 ἐστι
596 3409 669 3462 τὰ
688 3406 828 3476 ἐλέη
859 3422 976 3461 σου
1003 3408 1074 3460 τὰ
1094 3406 1332 3476 ἀρχαῖαι
1353 3406 1550 3473 Κύριε,
1569 3403 1608 3458 ἂ
1628 3405 1869 3473 ὤμοσας

292 3501 372 3566 τῷ
396 3500 613 3562 Δαυΐδς.
647 3501 784 3553 Ἀλλ’
810 3501 1027 3572 οὐρανοὶ
1058 3500 1405 3571 διηγήσονται
1447 3500 1542 3552 καὶ
1575 3498 1870 3569 Ἐκκλησία

295 3594 465 3661 ἁγίων
510 3592 871 3663 μαρτυρήσει,
903 3592 982 3644 ὅτι
1035 3591 1199 3662 μηδὲν
1230 3582 1305 3643 ὧν
1331 3589 1555 3659 ὤμοσας
1581 3586 1659 3659 τῷ
1686 3587 1866 3652 Δαυῖδ,

292 3686 647 3747 διαπεσεῖται,
680 3684 802 3737 ούδέ
830 3683 1243 3753 ψεύσονταίσου
1277 3682 1332 3734 αἱ
1365 3680 1721 3750 ἐπαγγελίαν
1752 3681 1870 3734 ἀδύ-

294 3794 450 3831 νατον
477 3778 586 3848 γάρ
623 3778 734 3829 ἐστι
767 3777 829 3829 τὸ
858 3776 917 3828 σέ
946 3776 1275 3846 ψεύσασθαι.
1307 3775 1402 3838 Τίς
1432 3774 1540 3845 γάρ
1566 3791 1646 3826 σοι
1674 3773 1866 3839 ἐξισω-

296 3869 515 3942 θήσεται
549 3872 605 3923 ὲν
628 3870 872 3941 ἀληθείᾳ,
903 3868 936 3939 ἢ
963 3869 1047 3931 τίς
1075 3868 1470 3938 ὁμοιωθήσεται
1503 3867 1559 3920 ἐν
1583 3864 1661 3937 τῷ
1690 3865 1868 3933 λέγειν

294 3962 386 4013 καὶ
409 3960 730 4013 πιστοῦσθαί
766 3977 857 4011 σου
891 3959 990 4021 τάς
1021 3957 1382 4025 ἐπαγγελίας;
1422 3956 1557 4009 Οὐδὲ
1589 3955 1698 4026 γὰρ
1721 3956 1868 4009 ἀντι-

295 4053 482 4122 στῆναί
518 4069 609 4104 σου
638 4054 704 4122 τῇ
736 4050 896 4121 βουλῇ
937 4048 1156 4102 δύναταί
1201 4065 1306 4111 τις,
1340 4047 1413 4110 ὡς
1444 4046 1770 4118 ἀνατρέπειν
1798 4044 1867 4098 τά

293 4140 437 4207 ἅπαξ
468 4141 569 4195 ὑπὸ
600 4140 692 4194 σοῦ
720 4140 1017 4211 ὡρισμένα,
1043 4141 1236 4209 μήτιγε
1256 4138 1326 4192 τὰ
1360 4136 1477 4209 μεθ’
1503 4138 1666 4209 ὅρκου
1694 4139 1871 4209 ἐπηγ-

292 4234 557 4303 γελμένα’
603 4232 741 4286 ὥστε
784 4235 833 4285 εί
872 4230 945 4302 μὴ
976 4232 1070 4284 καὶ
1114 4232 1246 4301 ἡμῖν
1283 4229 1546 4299 ἔγνωσταί
1579 4246 1667 4282 πω
1699 4231 1733 4301 ή
1757 4229 1865 4283 τῶν

292 4323 630 4393 ἐπαγγελιῶν
657 4340 749 4375 σου
774 4321 1019 4393 ἀλήθεια,
1052 4320 1166 4373 ἀλλ’
1192 4322 1368 4372 ἐκεῖνο
1393 4318 1636 4392 ἀκριϐῶς
1673 4320 1829 4389 ῐσμεν
1848 4357 1863 4382 ,

292 4416 380 4470 ὅτι
417 4415 673 4481 δυνατὸς
702 4410 773 4477 εἷ,
801 4414 994 4483 Κύριε,
1025 4412 1122 4466 καί
1158 4413 1196 4482 ἡ
1234 4412 1485 4480 ἀλήθειά
1515 4426 1630 4465 σου
1662 4412 1866 4473 κύκλῳ

291 4521 427 4562 σου.
460 4506 620 4560 Πάντ¹
648 4502 739 4559 οὖν
771 4506 869 4558 ὅσα
900 4503 994 4557 καὶ
1018 4502 1339 4573 βεϐούλησαι
1369 4503 1612 4568 δύνασαι,
1638 4502 1731 4555 καὶ
1756 4501 1864 4554 τῶν

1971 3318 2106 3372 rasti
2140 3315 2312 3371 David
2340 3319 2363 3372 ?
2391 3324 2447 3369 at
2475 3316 2600 3369 (ξαειί
2627 3316 2994 3379 enarrabunt,
3027 3322 3081 3369 et
3128 3314 3373 3369 Ecclesia
3417 3332 3545 3371 san-

1969 3418 2180 3465 clerum
2203 3408 2608 3471 testiticabitur,
2630 3408 2764 3462 nihil
2787 3422 2975 3462 eorum
2998 3423 3117 3475 quae
3136 3405 3324 3461 Davidi
3347 3406 3546 3476 jurasti

1969 3502 2250 3571 lapsurum
2296 3515 2459 3565 esse,
2512 3516 2693 3569 neque
2742 3499 2926 3553 irritas
2978 3498 3097 3552 fore
3148 3500 3545 3568 promissiones

1968 3602 2094 3649 tuas
2123 3612 2136 3648 :
2168 3592 2284 3649 ﬁeri
2311 3592 2459 3647 enim
2482 3594 2669 3661 nequit
2695 3600 2745 3645 te
2773 3590 3012 3643 mentiri.
3044 3589 3176 3655 Quis
3197 3590 3341 3644 enim
3369 3604 3548 3659 acqua-

1968 3686 2038 3741 lis
2071 3684 2170 3739 tibi
2197 3684 2304 3739 erit
2336 3684 2392 3737 in
2424 3684 2686 3745 veritate,
2719 3687 2812 3734 aut
2842 3680 2966 3750 quis
2996 3681 3194 3735 similis
3223 3680 3329 3735 erit
3357 3681 3455 3734 tibi
3488 3680 3545 3734 in

1967 3790 2062 3840 eo,
2089 3776 2233 3845 quod
2261 3774 2505 3844 loquaris
2528 3780 2583 3828 et
2607 3771 2997 3842 promissiones
3026 3779 3129 3824 tua:
3154 3768 3322 3825 ﬁrmae
3350 3776 3404 3824 et
3431 3770 3544 3839 ple-

1967 3882 2050 3922 nae
2083 3866 2210 3922 ﬁdei
2254 3864 2536 3920 evadant?
2564 3862 2694 3917 Tua:
2724 3862 2924 3932 quippe
2952 3862 3221 3915 voluntati
3252 3876 3414 3916 nemo
3442 3876 3542 3930 po-

1967 3967 2075 4014 test
2104 3958 2410 4022 obsistere,
2460 3957 2536 4010 ita
2576 3963 2637 4009 ut
2682 3969 2779 4019 ea,
2826 3968 2945 4023 qua:
2975 3967 3005 4004 a
3036 3961 3087 4006 te
3118 3953 3285 4007 semel
3319 3951 3541 4007 deﬁnita

1969 4059 2127 4117 sunt,
2158 4057 2402 4114 evertat,
2439 4047 2640 4104 nedum
2673 4063 2735 4102 ea
2766 4063 2887 4118 qua:
2917 4060 3041 4100 cum
3070 4045 3384 4115 juramento
3412 4060 3540 4114 pro-

1966 4141 2139 4197 missa
2182 4146 2352 4206 sunt;
2400 4139 2475 4192 ita
2520 4145 2580 4192 ut
2618 4136 2835 4191 etiamsi
2881 4135 3043 4190 nobis
3085 4141 3212 4187 nota
3251 4150 3361 4188 non
3399 4140 3547 4189 esset

1968 4233 2366 4306 promissorum
2399 4238 2619 4284 tuorum
2650 4229 2853 4284 veritas
2874 4269 2889 4293 ,
2923 4235 2979 4280 at
3014 4226 3147 4280 illud
3192 4226 3358 4293 probe
3400 4227 3544 4279 scia-

1968 4340 2124 4387 mus,
2154 4323 2403 4393 quoniam
2435 4330 2616 4388 potens
2644 4337 2729 4383 es,
2766 4319 2988 4373 Domine
3009 4357 3021 4378 ,
3055 4326 3104 4370 et
3138 4318 3330 4370 veritas
3365 4326 3454 4369 tua
3489 4318 3545 4369 in

1967 4417 2192 4470 circuitu
2225 4423 2334 4469 tuo.
2375 4412 2570 4469 Omnia
2615 4412 2780 4482 igitur
2808 4426 3149 4481 qumounque
3179 4408 3418 4463 volueris
3449 4425 3545 4478 po-

1966 4520 2087 4573 tes,
2131 4516 2185 4563 et
2212 4504 2601 4577 praedictorum
2641 4503 2708 4558 de
2755 4502 2959 4557 Davide
3009 4502 3299 4556 verborum
3341 4510 3544 4555 veritas

290 4600 462 4668 λόγων
494 4615 587 4651 σου
617 4598 723 4651 τῶν
749 4598 879 4667 περὶ
906 4594 999 4648 τοῦ
1020 4594 1180 4647 Δαυῖδ
1206 4594 1624 4667 προρρηθέντων
1666 4595 1699 4661 ἡ
1729 4593 1861 4664 ἀλή-

1968 4601 2114 4656 circa
2145 4608 2197 4655 te
2225 4600 2505 4664 volvitur;
2538 4596 2613 4649 ita
2646 4604 2705 4649 ut
2733 4595 2989 4649 omnibus
3011 4634 3025 4657 ,
3063 4593 3156 4664 qui
3186 4594 3330 4647 circa
3363 4603 3413 4646 te
3446 4606 3543 4661 po-

293 4690 412 4745 θεια
439 4691 581 4762 ἀμφὶ
615 4692 674 4744 σὲ
695 4689 948 4743 εἰλεῖται·
984 4686 1059 4749 ὡς
1082 4688 1216 4739 πᾶσι
1247 4686 1345 4757 μὲν
1367 4689 1479 4750 τοῖς
1504 4687 1628 4759 περὶ
1659 4686 1719 4738 σέ
1747 4681 1865 4739 οὖσι

292 4783 382 4836 καὶ
414 4781 513 4852 τὴν
538 4779 633 4851 σὴν
665 4778 891 4849 θεότητα
915 4774 1275 4847 δορυφυροῦσι
1308 4774 1691 4843 γινώσκεσθαι,
1708 4776 1867 4843 ἀγνο-

290 4874 465 4928 εἰσθαι
490 4872 545 4925 δὲ
565 4875 677 4935 τοῖς
711 4869 927 4942 μακρὰν
958 4867 1321 4937 ἀφεστηκόσιν
1347 4867 1455 4920 ἀπὸ
1486 4866 1600 4919 σοῦ.

358 4967 514 5018 Δοκεῖ
556 4964 612 5017 δέ
666 4940 755 5034 μοι
802 4960 888 5014 διὰ
918 4962 1121 5012 τούτων
1142 4960 1170 5011 ὁ
1203 4959 1514 5030 Προφήτης,
1542 4957 1679 5028 ἁγίῳ
1708 4940 1871 5009 Πνεξς-

295 5076 423 5131 ματι
455 5055 825 5128 θεοφορηθεὶς,
854 5052 1094 5115 καὶτοὺς
1112 5051 1211 5122 τῆς
1228 5049 1407 5121 ψυχῆς
1430 5049 1745 5120 ὀφθαλμοὺς
1762 5066 1868 5118 φω-

288 5153 341 5205 τὶ
364 5149 541 5221 νοερῷ
558 5145 977 5216 καταυγασθεὶς,
1000 5144 1102 5214 τὴν
1130 5142 1286 5208 δόξαν
1320 5142 1620 5214 ἑωρακέναι
1645 5140 1735 5194 τοῦ
1760 5143 1870 5195 Μο-

290 5240 538 5309 νογενοῦς
585 5238 678 5292 τοῦ
723 5236 865 5289 Θεοῦ
934 5237 991 5289 ἐν
1041 5233 1192 5305 μέσῳ
1242 5234 1341 5304 τῆς
1386 5230 1709 5309 Ἐκκλησίας
1754 5231 1865 5289 τῶν

290 5334 456 5402 ἁγίων
487 5332 745 5393 ἑστῶτος,⁴
767 5330 860 5382 καὶ
891 5324 1357 5399 δορυφορουμένω
1400 5324 1504 5378 ὑπὸ
1544 5324 1652 5376 τῶν
1695 5322 1865 5391 ἀγίων

287 5426 392 5479 τῶν
427 5428 483 5478 ἐν
524 5423 771 5494 βασιλείᾳ
809 5419 994 5473 αὐτοῦ.
1032 5417 1426 5488 Μνημονεύσας
1457 5416 1589 5485 γοῦν
1629 5415 1738 5469 τῶν
1769 5415 1862 5468 οὑ-

292 5516 488 5588 ρανῶν,
518 5514 609 5568 καὶ
659 5512 735 5584 τῷ
787 5510 916 5577 θείῳ
966 5507 1243 5579 Πνεύματι
1282 5507 1593 5570 ἐνατενίσας
1639 5509 1705 5577 τῇ
1754 5504 1862 5559 τῶν

289 5607 458 5676 ἁγίων
507 5603 821 5674 Ἐκκλησίᾳ,
852 5602 1025 5655 ἔοικεν
1073 5600 1375 5671 ἑωρακέναι
1417 5599 1582 5669 μέσον
1617 5597 1707 5650 τὸν
1732 5597 1860 5650 Υίὸν

287 5698 379 5751 τοῦ
412 5695 545 5750 Θεοῦ
564 5713 579 5728 ο
604 5692 720 5749 εἶτα
746 5693 883 5765 μετά
911 5694 1008 5764 τὴν
1030 5692 1237 5746 ἐκείνου
1264 5691 1589 5761 κατανόησιν
1616 5688 1862 5760 ἐπιστρέ-

289 5808 408 5861 φειν
441 5788 569 5852 τοὺς
610 5786 917 5857 ὀφθαλμοὺς
951 5785 1044 5838 ἐπὶ
1085 5784 1195 5838 τῶν
1225 5783 1383 5853 πέριξ
1409 5783 1578 5851 ἁγίων
1610 5781 1857 5850 ἀγγέλων

291 5883 381 5939 καὶ
408 5878 784 5952 ἀρχαγγέλων,
833 5876 1156 5948 πνευμάτων
1174 5893 1232 5930 τε
1259 5874 1421 5930 θείων
1452 5875 1545 5929 καὶ
1577 5872 1856 5943 δυνάμεων

1968 4692 2061 4748 siti
2090 4699 2219 4746 sunt
2246 4699 2301 4745 et
2330 4690 2587 4744 deitatem
2617 4687 2821 4756 stipant
2852 4693 3001 4739 tuam
3025 4726 3040 4751 ,
3074 4694 3205 4739 nota
3235 4685 3335 4751 sit,
3371 4683 3439 4737 ab
3472 4684 3543 4738 iis

1968 4799 2101 4839 vero
2130 4784 2223 4853 qui
2254 4781 2447 4853 procul
2478 4791 2529 4836 te
2557 4786 2720 4845 sunt,
2748 4780 3048 4849 ignoretur.

2038 4956 2117 5011 Ex
2146 4955 2235 5010 his
2268 4970 2432 5026 porro
2458 4953 2678 5009 videtur
2706 4951 2839 5005 mihi
2862 4950 3143 5020 Propheta
3177 4948 3385 5020 Spiritu
3416 4965 3547 5004 san-

1966 5057 2057 5106 cto
2084 5049 2267 5104 divine
2299 5050 2543 5118 repletus
2563 5089 2578 5113 ,
2620 5060 2685 5100 ac
2714 5044 2913 5099 mentis
2941 5044 3122 5098 oculis
3155 5044 3425 5113 spirituali
3458 5045 3547 5097 lu-

1968 5143 2116 5197 mine
2143 5143 2452 5197 illustratus
2473 5180 2487 5203 ,
2518 5138 2751 5209 gloriam
2780 5136 2986 5191 vidisse
3018 5134 3291 5205 Unigeniti
3322 5135 3448 5202 Dei,
3486 5135 3545 5189 in

1966 5234 2145 5289 medio
2167 5232 2422 5288 Ecclesiae
2446 5239 2765 5285 sanctorum
2788 5229 3009 5292 stantis,
3033 5236 3088 5283 et
3112 5236 3425 5281 sanctorum
3447 5229 3544 5299 qui

1966 5325 2022 5379 in
2064 5340 2232 5395 regno
2257 5324 2376 5393 ejus
2405 5330 2534 5378 sunt
2562 5320 2911 5374 multitudine
2940 5320 3149 5390 Stipati.
3191 5318 3327 5374 Cum
3371 5320 3543 5375 cretes

1964 5428 2200 5482 namque
2230 5421 2627 5476 memorasset,
2661 5418 2715 5463 et
2748 5408 2954 5478 Spiritu
2984 5410 3173 5464 divino
3224 5420 3541 5465 sanctorum

1964 5502 2264 5558 Ecclesiam
2300 5503 2628 5568 intueretur,
2659 5501 2878 5557 videtur
2911 5502 2965 5556 in
2998 5504 3179 5559 medio
3222 5520 3411 5559 eorum
3450 5504 3546 5560 Fi-

1962 5594 2093 5648 lium
2108 5592 2201 5648 Dei
2227 5593 2601 5663 conspexisse,
2617 5592 2811 5648 deinde
2830 5602 3009 5649 autem
3028 5596 3149 5665 ipso
3169 5598 3540 5664 considerato,

1962 5687 2153 5742 oculos
2183 5694 2396 5742 vertere
2438 5687 2507 5741 ad
2545 5696 2864 5743 sanctorum
2910 5691 3262 5760 angelorum,
3309 5692 3543 5748 archan-

1961 5779 2205 5850 gelorum
2225 5819 2240 5844 ,
2270 5778 2560 5848 spirituum
2584 5778 2895 5835 divinorum
2928 5789 2981 5835 et
3011 5784 3272 5837 virtutum
3308 5786 3539 5840 circum-

1960 5870 2196 5940 positum
2223 5870 2489 5927 chorum:
2533 5871 2727 5928 borum
2772 5872 3112 5930 divinitatem
3145 5876 3329 5932 mirari
3357 5894 3371 5944 ;
3405 5893 3542 5933 eum,
