4068 6394
543 395 685 450 1085

548 526 674 566 vero
703 511 793 579 qui
822 524 1011 565 omnes
1053 510 1293 575 excedit,
1323 527 1514 567 omnes
1552 522 1808 584 superat,
1845 514 2102 587 Unigeni-
2130 522 2178 579 Α

546 612 656 656 tum
686 602 813 666 Dei,
845 616 968 655 cum
1000 610 1222 671 stupore
1255 603 1605 660 considerare
1632 625 1644 659 :
1677 606 1873 662 deinde
1902 624 1968 663 ex
2013 609 2109 663 ad—

546 695 826 749 miratione
849 694 963 749 haec
985 694 1135 749 eﬂari
1154 735 1167 758 ,
1193 694 1455 759 Quoniam
1476 698 1593 761 quis
1611 698 1663 750 in
1689 699 1910 753 nubibus
1931 718 2110 771 (equa-

545 787 682 840 bitur
710 787 976 843 Domino?
1010 788 1127 843 sive
1173 790 1475 844 secundum
1508 791 1893 862 Symmachum
1914 836 1931 861 ,
1975 795 2109 861 Quis

541 880 675 932 enim
706 880 759 932 in
787 880 971 933 tet/iere
995 881 1221 948 conferet
1247 898 1301 934 se
1316 881 1539 936 Domino
1568 884 1621 937 in
1647 882 1774 953 ﬁliis
1789 886 1934 942 Dei?
1963 886 2107 954 Huic,

541 971 608 1026 de
640 970 928 1041 Unigcnito
952 971 1045 1026 Dei
1079 974 1222 1027 dicta
1245 1014 1259 1038 ,
1297 975 1439 1043 piam
1472 984 1690 1030 servant
1732 979 2055 1033 sententiam
2091 996 2106 1044 ;

541 1062 607 1116 de
638 1062 797 1118 Patre
828 1080 957 1119 vero
988 1080 1052 1118 ac
1087 1065 1197 1120 Deo
1238 1068 1619 1122 universorum
1660 1085 1819 1125 secus
1848 1090 1861 1125 :
1908 1071 2110 1140 impro-

540 1154 658 1223 pria
688 1155 831 1208 enim
860 1163 913 1209 et
944 1157 1107 1225 impia
1136 1159 1471 1227 comparatio
1500 1169 1664 1215 esset.
1695 1160 1831 1215 Nam
1862 1162 1987 1219 ﬁliis
2014 1162 2109 1217 Dei

540 1246 781 1300 omnium
811 1261 1032 1301 causam
1061 1248 1311 1305 conferre
1331 1290 1346 1316 ,
1376 1259 1430 1306 et
1457 1266 1579 1305 eum
1608 1252 1702 1321 qui
1731 1269 1896 1323 supra
1926 1257 2109 1309 omnia

540 1343 624 1389 est
657 1334 799 1391 Deus
831 1337 954 1391 aliis
987 1336 1341 1408 cumparare,
1386 1340 1830 1410 improbissimus
1863 1326 2107 1401 omnium

540 1443 709 1485 ausus
735 1439 899 1485 esset.
930 1432 998 1485 At
1029 1434 1148 1488 sine
1176 1435 1422 1504 periculo
1452 1436 1625 1495 Filius
1663 1439 1757 1495 Dei
1793 1443 2110 1512 unigenitus

541 1518 669 1574 ﬁliis
708 1520 803 1576 Dei
842 1532 1214 1591 comparatur,
1256 1541 1318 1579 ac
1357 1527 1562 1583 dicitur
1598 1546 1727 1584 cum
1764 1531 2107 1604 incompara-

540 1610 701 1664 bilem
733 1627 881 1678 esse,
911 1629 1031 1667 cum
1064 1616 1214 1670 nullo
1244 1617 1635 1674 conferendum
1657 1662 1673 1687 ,
1716 1629 1879 1691 atque
1921 1626 2109 1680 admo-

536 1701 666 1756 dum
688 1706 1014 1760 antecellere
1034 1709 1298 1763 asseritur
1320 1711 1404 1766 his
1428 1712 1632 1776 verbis,
1655 1714 1786 1780 Quis
1810 1716 1863 1769 in
1884 1717 2107 1773 nubibus

536 1796 834 1864 wquabitur
868 1796 1138 1854 Domino?
1180 1816 1243 1855 ac
1286 1803 1332 1855 si
1372 1804 1607 1870 dicatur,
1650 1822 1830 1863 nemo.
1878 1807 2105 1866 Etiamsi

534 1887 676 1940 enim
705 1889 861 1942 multi
890 1892 1101 1955 sancti,
1128 1900 1180 1946 et
1207 1894 1376 1947 millia
1407 1894 1723 1967 angelorum
1742 1940 1757 1965 ,
1782 1909 1836 1955 et
1863 1900 2105 1959 Ecclesia

532 1975 963 2045 primitivorum,
994 1980 1354 2051 principatus,
1386 1994 1683 2053 potestates
1705 2028 1719 2051 ,
1753 1991 1971 2056 throni,
2003 1992 2104 2048 d0-

530 2066 862 2123 minationes
889 2108 904 2130 ,
948 2070 1176 2138 spiritus
1216 2075 1445 2139 ,sancti,
1496 2078 1730 2134 virtutes
1772 2081 2001 2148 divinae,
2047 2084 2104 2140 in

531 2157 852 2214 caelestibus
874 2161 1207 2217 exercitibus
1229 2175 1537 2231 versentur,
1562 2170 1840 2225 caelestem
1868 2175 2101 2244 implen-

531 2256 613 2302 tes
645 2247 943 2304 Ecclesiam
973 2271 987 2315 ;
1015 2263 1069 2306 at
1094 2257 1250 2325 quis,
1283 2258 1390 2321 ait,
1415 2260 1469 2313 in
1500 2262 1700 2317 aethere
1729 2280 1893 2333 supra
1922 2266 2103 2322 ﬁrma-

529 2344 771 2392 mentum
804 2340 985 2409 posito
1014 2347 1323 2414 aequabitur
1359 2348 1634 2405 Domino?
1670 2353 1826 2419 Quod
1865 2358 1909 2410 si
1943 2358 2099 2413 multi

529 2428 623 2481 lilii
652 2428 744 2484 Dei
778 2439 904 2486 sunt
933 2435 1198 2506 multique
1239 2438 1348 2502 dii,
1400 2443 1703 2497 secundum
1744 2446 1911 2511 illud,
1954 2449 2099 2504 Deus

525 2522 672 2573 stetit
709 2523 764 2575 in
790 2540 1057 2596 synagoga
1087 2529 1306 2584 deorum
1338 2536 1380 2564 ¹¹
1403 2550 1417 2598 ;
1443 2542 1533 2599 et,
1575 2535 1715 2591 Deus
1745 2538 1965 2594 deorum
1990 2541 2099 2597 Do-

526 2614 699 2667 minus
742 2615 947 2672 locutus
986 2629 1064 2673 est
1093 2624 1137 2653 "
1165 2663 1177 2681 .
1228 2632 1316 2688 et,
1366 2624 1479 2695 Ego
1515 2626 1667 2694 dixi,
1710 2628 1802 2683 Dii
1853 2634 2011 2697 estis,
2047 2642 2095 2688 et

524 2706 625 2774 [iiii
652 2706 918 2763 Altissimi
947 2729 1122 2767 omnes
1146 2715 1223 2769 '3:
1256 2716 1350 2771 sed
1373 2719 1487 2787 quis
1513 2720 1707 2775 similis
1735 2724 1836 2776 erit
1870 2723 2095 2780 Domino

523 2797 578 2848 in
609 2797 740 2866 ﬁliis
783 2800 930 2857 Dei?
971 2802 1105 2857 Nam
1154 2821 1279 2859 cum
1332 2810 1607 2879 innumeri
1659 2813 1780 2882 ejus
1828 2814 1923 2870 ﬁlii
1952 2820 2090 2882 sint,

521 2902 722 2955 nemo,
772 2893 983 2963 inquit.
1035 2897 1164 2952 huic
1212 2900 1408 2957 similis
1456 2905 1598 2968 erit,
1631 2915 1727 2960 aut
1765 2911 2090 2979 mquabitur,

524 2986 712 3046 utpote
751 2983 843 3050 qui
884 2986 1093 3041 electus
1120 2988 1224 3052 sit,
1254 2991 1568 3062 unigenitus
1596 3003 1651 3050 et
1694 2999 2092 3071 primogenitus

523 3070 704 3123 omnis
733 3080 1017 3142 creaturae,
1056 3075 1293 3132 Verbum
1326 3080 1455 3135 item
1486 3091 1541 3137 et
1586 3070 1893 3154 sapientia,
1915 3089 2090 3147 virtus

519 3167 575 3213 et
606 3162 867 3231 sapientia
898 3165 1009 3223 Dei.
1059 3168 1296 3240 Mihique
1326 3173 1541 3229 videtur
1594 3177 1791 3233 horum
1840 3182 2086 3237 notitiam
2115 3184 2159 3242 C

521 3251 574 3305 in
605 3254 1039 3321 prmcedentibus
1071 3262 1316 3327 tradere,
1364 3281 1488 3320 cum
1538 3268 1613 3321 ait
1642 3288 1654 3323 :
1689 3271 2092 3340 Conﬁtebuntur

518 3344 634 3397 coeli
668 3346 937 3400 mirabilia
971 3358 1082 3403 tua.
1132 3350 1412 3423 Siquidem
1446 3373 1512 3411 ex
1544 3359 1892 3418 mirabilibus
1921 3380 2090 3420 unum

519 3434 624 3489 hoc
647 3445 796 3502 erat,
826 3443 969 3508 quod
997 3443 1252 3516 deinceps
1280 3448 1346 3502 de
1361 3447 1652 3519 Unigenito
1678 3451 1773 3509 Dei
1801 3455 2089 3514 additurus

513 3531 665 3589 erat,
698 3533 751 3580 et
776 3530 991 3596 quidem
1021 3536 1351 3591 necessario.
1383 3536 1520 3603 Quia
1550 3540 1694 3593 enim
1725 3542 1876 3596 illum
1908 3560 1975 3599 ex
2005 3562 2089 3601 se-

518 3616 664 3670 mine
693 3616 863 3673 David
892 3624 1232 3679 nasciturum
1261 3643 1385 3683 esse
1404 3671 1418 3695 ,
1452 3631 1505 3683 in
1535 3633 1819 3702 prophetia
1847 3636 2089 3691 indican-

514 3706 645 3761 dum
690 3720 841 3779 erat,
885 3712 1140 3770 deitatem
1184 3718 1305 3787 ejus
1346 3722 1439 3790 qui
1482 3723 1536 3776 in
1582 3724 1703 3793 ipso
1744 3726 2086 3787 habitaturus

513 3806 633 3851 erat
684 3809 844 3855 antea
898 3808 1409 3878 contemplabatur;
1454 3822 1512 3867 ut
1555 3831 1663 3869 una
1714 3817 2087 3878 edisceremus

512 3905 635 3959 qua:
666 3891 841 3948 virtus
887 3896 939 3949 in
994 3897 1116 3966 ipso
1163 3900 1474 3957 habitatura
1519 3915 1699 3973 esset,
1733 3917 1785 3965 et
1816 3911 2085 3968 sciremus

514 3980 689 4047 ipsum
735 3986 953 4052 quidem
1006 3988 1176 4044 ﬁlium
1218 4008 1340 4049 esse
1385 3994 1650 4063 Davidis,
1676 4017 1799 4057 eum
1830 4021 1960 4061 vero
1991 4007 2082 4077 qui

513 4067 569 4121 in
600 4070 721 4140 ipso
748 4072 1096 4134 habitaturus
1126 4090 1307 4148 esset,
1342 4083 1539 4141 Filium
1573 4088 1693 4146 Dei.

589 4250 756 4308 VERS.
800 4255 852 4311 8.
893 4256 1033 4319 Deus
1062 4262 1152 4330 qui
1179 4262 1510 4332 gloriﬁcatur
1540 4270 1594 4322 in
1620 4273 1842 4327 consilio
1870 4284 2081 4329 sancto-

509 4360 625 4397 rum
646 4388 661 4412 ,
692 4363 910 4415 magnus
934 4358 982 4401 et
1006 4352 1254 4405 terribilis
1281 4371 1437 4423 super
1462 4374 1636 4413 omnes
1663 4364 1752 4432 qui
1775 4364 1827 4416 in
1854 4365 2078 4419 circuitu

505 4436 620 4504 ejus
650 4445 793 4495 sunt.
821 4437 1052 4505 Quinam
1088 4442 1157 4495 sit
1184 4443 1230 4498 is
1256 4446 1349 4514 qui
1378 4463 1501 4503 cum
1531 4454 1748 4508 nemine
1771 4458 2077 4525 comparari

506 4529 590 4583 vel
620 4529 857 4584 conferri
890 4533 1100 4601 possit,
1132 4536 1402 4591 neminem
1450 4540 1684 4597 similem
1728 4545 1983 4602 admittat
2023 4550 2077 4604 in
2112 4526 2155 4581 D

505 4621 574 4675 iis
607 4621 699 4690 qui
734 4622 830 4676 lilii
862 4622 957 4677 Dei
987 4634 1276 4691 vocantur,
1312 4628 1401 4683 hic
1430 4632 1675 4689 declarat
1702 4636 1894 4693 dicens
1925 4660 1937 4694 :
1975 4643 2078 4696 Hic

501 4722 580 4765 est
631 4713 808 4781 Deus,
854 4718 944 4787 qui
985 4717 1323 4789 gloriﬁcatur
1366 4725 1421 4776 in
1471 4727 1697 4781 consilio
1745 4741 2074 4789 sanctorum.

501 4804 805 4861 Consilium
839 4817 1019 4864 autem
1048 4822 1361 4869 sanctorum
1390 4817 1503 4885 jam
1529 4834 1693 4887 supra
1724 4821 1862 4877 dixit
1893 4823 2082 4881 Eccle-

497 4896 638 4950 siam
668 4906 984 4955 sanctorum
1010 4918 1135 4960 esse
1152 4945 1168 4970 ,
1194 4907 1516 4977 videturque
1543 4909 1845 4970 Ecclesiam
1872 4919 2078 4986 primo-

499 4989 807 5058 genitorum
828 5031 844 5057 ,
882 4994 975 5063 qui
1006 4995 1271 5068 descripti
1304 5008 1435 5053 sunt
1466 5002 1519 5056 in
1551 5004 1741 5070 cmlis,
1777 5009 2069 5065 consilium

499 5082 819 5151 nominare,
855 5088 1091 5157 quadam
1136 5091 1322 5147 habita
1364 5096 1576 5152 ratione
1619 5099 1687 5152 ad
1722 5110 1949 5157 senatus
1977 5104 2071 5173 qui

497 5174 665 5229 variis
714 5175 770 5228 in
820 5176 957 5233 locis
1003 5181 1294 5239 exsistunt.
1347 5184 1405 5238 In
1462 5185 1567 5241 hoc
1609 5195 1792 5244 autem
1838 5195 2072 5249 consilio

497 5274 816 5320 sanctorum
882 5270 1055 5340 gloria
1119 5274 1241 5343 ejus
1306 5278 1657 5344 celebratur,
1712 5282 1807 5352 qui
1860 5286 2069 5340 nullam

495 5363 961 5426 comparationem
1003 5366 1087 5420 vel
1124 5368 1537 5427 similitudinem
1569 5373 1808 5430 admittit
1839 5391 1967 5431 cum
2002 5379 2069 5435 iis

494 5447 589 5515 qui
629 5448 719 5502 lilii
755 5450 850 5506 Dei
884 5463 1187 5513 vocantur:
1220 5476 1399 5531 neque
1431 5463 1606 5518 solum
1640 5467 1979 5535 gloriﬁcatur
2012 5470 2068 5523 in

497 5537 732 5591 consilio
766 5550 1114 5610 sanctorum,
1149 5547 1245 5602 sed
1284 5551 1446 5605 etiam
1484 5556 1744 5611 terribilis
1773 5565 1858 5613 est
1900 5575 2067 5629 super

494 5636 689 5681 omnes
720 5628 811 5696 qui
841 5629 896 5684 in
932 5631 1163 5689 circuitu
1194 5637 1314 5706 ejus
1347 5648 1493 5695 sunt.
1532 5642 1765 5709 Quinam
1798 5628 1983 5704 autem,
2012 5650 2066 5703 in

569 5801 612 5832 Ii
654 5802 693 5856 Ρ

698 5806 795 5859 sal.
835 5824 1033 5879 Lxxxr,
1076 5816 1120 5869 l.
1202 5819 1244 5849 “
1288 5820 1429 5878 Psal.
1468 5840 1628 5891 xux,
1676 5830 1719 5883 Ι.

1245 392 1514 449 EUSEBII
1553 395 2025 455 CASSARIENSIS
2063 400 2213 457 OPP.
2250 399 2433 456 PARS
2466 400 2553 457 ΙΙΙ.
2595 432 2666 443 -
2695 400 3103 457 EXEGETICA.

3656 406 3821 466 1634

2205 520 2361 589 χορόν
2380 537 2391 549 ·
2421 519 2514 572 καὶ
2543 518 2840 589 θαυμάζειν
2864 519 2963 589 τὴν
2991 519 3193 571 τούτων
3229 518 3479 589 θειότητα
3500 537 3512 549 ³
3544 521 3818 594 ὑπερεκ-

2210 611 2538 682 πλήττεσθαι
2561 612 2618 665 δὲ
2641 613 2732 665 τὸν
2757 612 3013 664 ἐπέκεινα
3039 612 3273 672 πάντων,
3301 613 3394 665 καὶ
3420 613 3558 683 ὑπὲρ
3582 616 3820 677 πάντας

2206 702 2299 756 τὸν
2320 704 2596 773 Μονογενῆ
2623 703 2715 756 τοῦ
2742 702 2877 756 Θεοῦ
2898 719 2911 733 °
2947 699 3045 756 εἶτ’
3074 705 3138 756 ἐκ
3170 702 3263 756 τοῦ
3292 704 3568 775 θαύματος
3596 707 3824 758 ἀναπε-

2210 795 2515 865 φωνηκέναι
2543 795 2632 847 τό·
2662 796 2779 847 ’Ότι
2809 795 2901 858 τίς
2924 794 2994 847 ἐν
3022 794 3301 863 νεφέλαις
3325 795 3701 862 ὶσωθὴσεται
3733 794 3826 859 τῷ

2208 887 2405 952 Κυρίῳ
2418 902 2437 949 ;
2485 886 2518 956 ἢ
2567 885 2709 939 κατά
2752 885 2841 937 τὸν
2868 884 3157 955 Σύμμαχον
3184 904 3197 916 ·
3238 887 3331 952 Τίς
3361 887 3469 955 γὰρ
3505 888 3579 940 ὲν
3605 887 3825 954 αἰθέρι-

2210 980 2674 1048 ἀντιπαραθήσει
2704 979 2783 1045 τῷ
2814 982 3007 1048 Κ-ιφίῳ
3035 982 3103 1033 ἐν
3129 978 3278 1044 υἱοῖς
3301 980 3485 1043 Θεοῦ;
3519 978 3724 1031 Ταῦτα
3752 980 3815 1031 δὲ

2210 1075 2337 1144 περὶ
2383 1075 2480 1144 μὲν
2532 1072 2627 1127 τοῦ
2674 1074 3010 1141 Μονογενοῦς
3045 1072 3139 1126 τοῦ
3171 1070 3306 1124 Θεοῦ
3333 1071 3601 1142 λεγόμενα
3631 1071 3815 1135 σώζοι

2210 1164 2276 1217 ἂν
2314 1164 2511 1234 εὐσεϐῆ
2541 1165 2639 1235 τὴν
2663 1164 2919 1227 διάνοιαν,
2952 1164 3011 1215 οὐ
3043 1163 3140 1234 μὲν
3173 1162 3412 1232 περὶτοῦ
3452 1163 3674 1233 [ἰατρὸς
3711 1162 3821 1214 καὶ

2209 1255 2344 1309 Θεοῦ
2374 1255 2481 1309 τῶν
2506 1256 2640 1309 ὅλων
2659 1273 2673 1286 ⁸
2696 1256 2963 1318 ἀνοίκειος
2995 1254 3103 1325 γὰρ
3132 1255 3227 1307 καὶ
3254 1254 3454 1325 ἀσεϐὴς
3484 1255 3517 1324 ἡ
3549 1254 3819 1323 παράθε-

2212 1365 2313 1411 σις.
2348 1347 2420 1401 Τὸ
2470 1348 2579 1419 γὰρ
2626 1349 2762 1411 υἱοῖς
2791 1346 2926 1400 Θεοῦ
2964 1346 3333 1417 παραϐάλλειν
3366 1347 3426 1399 τὸ
3456 1348 3685 1400 πάντων
3720 1348 3813 1400 αῖ-

2206 1458 2340 1505 τιον,
2372 1442 2464 1494 καὶ
2493 1441 2554 1493 τὸ
2592 1442 2903 1512 συγκρίνειν
2947 1441 3152 1512 ἑτέροις
3184 1440 3386 1513 τολμᾷν
3410 1441 3500 1494 τὸν
3533 1442 3821 1495 ἐπέκεινα.

2208 1533 2319 1585 τῶν
2338 1534 2472 1586 ὅλων
2494 1532 2645 1597 Θεὸν,
2671 1533 2885 1586 πάντων
2908 1533 2972 1587 ἂν
2987 1534 3197 1601 γένοιτο
3220 1531 3597 1587 ἀνοσιώτατον.
3616 1535 3813 1586 Ἀχίν-

2207 1624 2363 1687 δυνος
2406 1624 2451 1677 δ’
2474 1624 2539 1678 ἂν
2590 1624 2674 1695 εἴη
2724 1626 2753 1677 6
2796 1624 2950 1692 λόγος
2984 1627 3122 1687 υἱοῖς
3152 1623 3285 1677 Θεοῦ
3320 1625 3620 1695 συγκρίνων
3661 1626 3809 1679 Υἱὸν

2208 1708 2343 1762 Θεοῦ
2379 1710 2659 1779 μονογενῆ,
2679 1711 2773 1764 καὶ
2797 1710 2859 1763 τὺ
2880 1712 3013 1784 πρὸς
3037 1712 3243 1776 πάντας
3266 1713 3593 1782 ἀσύγκριτον
3619 1716 3805 1768 αὐτοῦ

2208 1801 2301 1853 καὶ
2328 1801 2687 1873 ἁπαράθετον,
2720 1802 2838 1855 καθ’
2870 1804 3172 1875 ὑπερϐολήν
3198 1822 3257 1857 τε
3284 1805 3545 1876 ὑπερέχον
3590 1808 3808 1877 σημαί-

2208 1909 2316 1946 νειν
2348 1892 2435 1945 διὰ
2468 1892 2592 1945 τοῦ·
2629 1895 2819 1959 Τίς-ἑν
2851 1896 3132 1964 νεφέλαις
3176 1896 3529 1962 ίσωθήσεται
3565 1896 3646 1962 τῷ
3668 1902 3805 1952 Κυ-

2197 1985 2336 2050 ρίῳ;
2366 1984 2485 2037 ἀντὶ
2532 1985 2647 2048 τοῦ,
2690 1986 2885 2050 οὐδείς.
2921 1989 2982 2040 Ei
3006 1988 3115 2059 γὰρ
3157 1990 3252 2042 καὶ
3292 1989 3477 2043 πολλοὶ
3516 1990 3664 2058 ἆγιοι
3700 1992 3801 2045 καὶ

2207 2076 2463 2147 μυριάδες
2498 2077 2764 2145 ἀγγέλων,
2790 2079 2886 2131 καὶ
2922 2080 3216 2151 Ἐκκλησία
3250 2082 3631 2153 πρωτοτόκων,
3684 2087 3797 2155 ἀρ-

2202 2169 2295 2238 χαί
2328 2186 2384 2221 τε
2418 2169 2512 2223 καὶ
2540 2169 2780 2234 ἐξουσίαι
2811 2173 2905 2225 καὶ
2935 2172 3112 2244 θρόνοι
3148 2176 3240 2227 καὶ
3260 2176 3599 2247 κυριότητες,
3622 2179 3798 2230 πνεύο

2206 2261 2351 2331 ματά
2376 2278 2436 2313 τε
2469 2260 2621 2328 ἅγια,
2658 2264 2753 2317 καὶ
2778 2263 3034 2334 δυνάμεις
3067 2266 3207 2320 θεῖαι
3233 2269 3289 2320 ἐν
3318 2270 3438 2330 ταῖς
3467 2270 3588 2320 κατ’
3620 2268 3785 2339 ούραρ

2201 2353 2289 2406 νὺν
2325 2358 2599 2425 στρατιαῖς
2624 2356 3015 2421 πολιτεύονται,
3046 2358 3146 2429 τὴν
3180 2360 3497 2431 ἐπουράνιον
3528 2362 3792 2431 συμπλη-

2204 2445 2420 2517 ροῦντες
2464 2448 2816 2519 Ἐκκλησίαν·
2846 2448 2981 2503 ἀλλά
3020 2451 3124 2515 τίς,
3160 2453 3344 2521 φησὶν,
3376 2454 3433 2505 ἐν
3474 2453 3553 2522 τῷ
3602 2454 3791 2527 αίθέρι

2198 2538 2275 2607 τῷ
2300 2538 2557 2592 ἐπέκεινα
2581 2539 2673 2592 τοῦ
2700 2540 3075 2611 στερεὼματος
3107 2543 3429 2614 ίσωθήσεται
3453 2544 3530 2609 τῷ
3555 2546 3787 2615 Κυρίω;

2197 2631 2260 2683 Εἰ
2283 2631 2338 2684 δὲ
2357 2631 2536 2683 πολλοὶ
2560 2633 2666 2683 υἱοὶ
2690 2632 2825 2685 Θεοῦ
2849 2635 2941 2686 καὶ
2965 2633 3077 2686 θεοὶ
3098 2634 3238 2688 κατὰ
3256 2636 3318 2687 τό
3338 2652 3353 2665 ⁸
3382 2637 3436 2688 Ὁ
3462 2636 3609 2702 Θεὸς
3629 2638 3787 2705 ἔστη

2195 2720 2266 2774 ἐν
2300 2721 2621 2791 συναγωγῇ
2659 2724 2831 2786 θεῶν,
2864 2724 2991 2777 καί·
3030 2725 3173 2790 Θεὸς
3204 2725 3356 2781 θεῶν
3383 2727 3598 2794 Κύριος
3642 2728 3781 2782 ἐλά-

2194 2814 2369 2877 λησε,
2410 2812 2503 2865 καί
2525 2830 2539 2844 ο
2581 2812 2721 2882 Ἐγὼ
2750 2809 2953 2867 εἷπονο
2991 2815 3123 2869 Θεοί
3149 2815 3310 2881 ἐστε,
3338 2817 3435 2869 καὶ
3461 2817 3580 2871 υἱοὶ
3615 2818 3779 2887 ’Υψίο

2194 2915 2346 2955 στου
2374 2901 2593 2968 πάντες
2614 2921 2627 2933 '
2654 2903 2788 2956 ἀλλὰ
2820 2904 2909 2970 Τίς
2935 2904 3359 2974 ὁμοιωθήσεται
3387 2905 3466 2971 τῷ
3490 2909 3687 2974 Κιιοίφ
3712 2910 3781 2961 ἐν

2193 2992 2343 3057 υἱοῖς
2376 2993 2557 3055 Θερῦ;
2600 2996 2824 3067 Μυρίων
2868 2996 2977 3065 γὰρ
3022 2996 3190 3050 ὅντων
3220 2997 3372 3064 υἱῶν,
3400 2998 3593 3062 οὐδεὶς,
3624 3002 3779 3072 φησι.

2192 3083 2365 3154 τούτῳ
2396 3086 2813 3157 ὁμοιωθήσεται,
2844 3087 2963 3140 οὐδὲ
2990 3087 3399 3159 ἐξισωθήσεται,
3428 3091 3671 3162 ἐκλεκτῷ
3695 3094 3776 3146 ὅτι

2192 3176 2286 3228 καὶ
2317 3180 2593 3246 μονογενεῖ
2629 3179 2722 3231 καὶ
2756 3179 3085 3250 πρωτοτόκῳ
3112 3182 3291 3250 πάσης
3336 3183 3588 3248 κτίσεως,
3618 3184 3777 3255 Λόγῳ

2191 3283 2251 3319 τε
2281 3269 2441 3338 σοφίᾳ
2475 3269 2569 3322 καὶ
2594 3268 2820 3340 δυνάμει
2861 3270 2954 3323 καὶ
2993 3270 3156 3341 σοφίᾳ.
3184 3272 3339 3326 Θεοῦ.
3371 3275 3482 3325 Καί
3514 3292 3604 3350 μοι
3634 3275 3775 3328 δοκεῖ

2189 3357 2287 3429 τὴν
2316 3357 2518 3411 τούτων
2546 3358 2745 3426 γνῶσιν
2769 3358 2856 3413 διὰ
2879 3361 2987 3413 τῶν
3012 3361 3266 3433 ἀνωτέρω
3290 3362 3593 3433 σημαίνειν,
3613 3366 3671 3418 ἐν
3696 3362 3774 3428 οἷς

2190 3446 2292 3517 ἔφη
2315 3463 2326 3475 ⁸
2378 3448 2958 3520 Ἐξομολογνήσονται
2987 3456 3041 3505 οἱ
3074 3455 3318 3521 οὐρανοὶ
3353 3454 3426 3507 τὰ
3472 3456 3774 3525 θαυμάσιά

2188 3541 2432 3593 σου.’⁹Εν
2481 3540 2589 3613 γὰρ
2640 3541 2749 3595 τῶν
2806 3543 3123 3614 θαυμασίων
3172 3547 3265 3600 καὶ
3316 3547 3471 3600 τοῦτο
3518 3543 3607 3619 ἦν,
3637 3550 3773 3620 ὅπερ

2190 3633 2422 3703 ήμελλεν
2470 3633 2598 3705 ἑξῆς
2647 3637 2919 3706 ἐπιλέγειν
2973 3639 3102 3711 περὶ
3150 3639 3245 3692 τοῦ
3295 3642 3632 3709 Μονογενοῦς
3682 3644 3771 3697 toi

2187 3724 2321 3779 Θεοῦ
2346 3742 2357 3755 ·
2391 3728 2706 3793 ἀναγκαίως
2734 3730 2822 3782 δέ’
2854 3730 3039 3801 ἐπειδὴ
3075 3731 3275 3802 ἤμελλε
3304 3733 3394 3786 τὸν
3426 3736 3489 3787 ἐκ
3523 3736 3771 3807 σπέρμα-

2186 3837 2277 3882 τος
2300 3820 2461 3872 Δαυῒδ
2485 3822 2843 3892 γενησόμενον
2866 3823 2953 3876 διὰ
2973 3824 3072 3893 τῆς
3097 3826 3431 3895 προφητείας
3464 3828 3770 3898 σημαίνειν,

2185 3912 2282 3983 τὴν
2315 3913 2545 3984 θεότητα
2576 3914 2667 3966 τοῦ
2706 3918 3124 3986 κατοικήσοντος
3155 3920 3212 3971 ἐν
3249 3918 3397 3989 αύτῷ
3429 3920 3735 3993 προθεωρεῖ
3756 3939 3768 3953 ·

2185 4001 2260 4063 ὡς
2292 3998 2357 4053 ἂν
2389 4002 2523 4071 ὁμοῦ
2560 4003 2845 4073 μάθοιμεν,
2874 4005 2956 4068 τίς
3004 4007 3036 4076 ή
3091 4006 3361 4076 μέλλουσα.
3400 4013 3673 4063 κατοικεῖν
3714 4012 3791 4064 ἐν

2184 4091 2331 4145 αὐτῶ
2352 4092 2599 4164 δύναμις,
2646 4095 2739 4147 καὶ
2770 4095 2845 4157 ὡς
2871 4097 2898 4147 6
2934 4097 3031 4167 μὲν
3066 4098 3180 4161 υίὸς
3210 4094 3278 4169 ἦν
3310 4098 3487 4165 Δαυῒδ,
3530 4104 3559 4153 6
3598 4102 3655 4154 δὲ
3711 4104 3789 4157 ἐν.

2184 4185 2332 4255 αὑτῷ
2366 4189 2706 4257 κατοικήσων
2738 4187 2865 4252 Υἱὸς
2896 4189 2987 4241 τοῦ
3021 4189 3177 4243 Θεοῦ.

2266 4280 2319 4331 Ὁ
2358 4279 2502 4345 Θεὸς
2527 4278 2995 4349 ἐτι-δοξαζόμενος
3032 4282 3103 4335 ἐν·
3127 4281 3332 4351 βουλῇ
3357 4282 3559 4352 ἁγίων,
3582 4285 3764 4356 μέγα(

2185 4369 2284 4423 καί
2320 4369 2571 4438 φοϐερὸς
2610 4370 2708 4423 ἐπὶ
2758 4371 2989 4438 πάντας
3020 4372 3161 4439 τοὺς
3192 4376 3531 4442 περικύκλῳ
3555 4377 3763 4455 αὐτοῦ.

2185 4460 2288 4513 Τὸν
2311 4460 2385 4531 μὴ
2431 4460 2623 4530 ἔχοντα
2672 4460 2999 4531 σύγκρισιν,
3058 4465 3193 4536 μηδὲ
3244 4466 3588 4537 παράθεσιν,
3631 4471 3762 4541 μηδὲ

2182 4553 2440 4623 ὁμοίωσιν
2481 4554 2617 4624 πρός
2656 4571 2781 4608 τινα
2825 4556 2935 4608 τῶν
2981 4556 3389 4628 ὠνομασμένων
3418 4559 3550 4615 υἱῶν
3596 4562 3764 4629 Θεοῦ,

2181 4643 2359 4706 ὁποῖός
2404 4643 2486 4706 τίς
2536 4647 2650 4697 ἐστι
2686 4646 2982 4718 παρίστησι
3035 4648 3239 4717 λέγων·
3285 4647 3477 4718 Οὗτός
3522 4653 3695 4707 ἐστιν
3732 4660 3765 4709 ὀ

2182 4734 2325 4800 Θεὸς
2365 4739 2397 4791 ό
2443 4736 2907 4807 ἐνδοξαζόμενος
2947 4741 3017 4794 ἐν
3050 4740 3124 4811 τῇ
3161 4743 3366 4812 βουλῇ
3406 4743 3527 4799 τῶν
3555 4746 3760 4815 ἁγίων.

2180 4825 2386 4897 Βουλὴν
2418 4827 2475 4880 δὲ
2525 4829 2696 4897 ἁγίων
2730 4834 2991 4901 προσεῖπε
3031 4833 3130 4904 τὴν
3180 4835 3440 4906 ἀνωτέρω
3479 4836 3765 4907 λεχθεῖσαν

2191 4918 2515 4989 Ἐκκλησίαν
2557 4923 2760 4990 ἀγίων’
2801 4927 2895 4978 καὶ
2932 4926 3096 4996 ἐῴκει
3125 4929 3224 4999 τὴν
3275 4930 3602 5002 Ἐκκλησίαν
3652 4936 3761 4988 τῶν

2178 5013 2538 5080 πρωτοτόκων
2577 5015 2684 5067 τῶν
2725 5017 3235 5090 ἀπογεγραμμένων
3260 5024 3315 5074 ἐν
3354 5025 3605 5096 οὐρανοῖς
3640 5027 3762 5097 βου-

2177 5101 2274 5172 λὴν
2300 5102 2665 5173 ὠνομακέναι,
2694 5108 2972 5176 ἀναλόγως
3009 5114 3122 5175 τοῖς
3161 5115 3303 5167 κατὰ
3348 5116 3510 5169 τόπον
3539 5117 3761 5186 βουλευ-

2177 5196 2404 5265 τηρίοις.
2449 5198 2534 5249 Ἐν
2564 5198 2734 5271 ταύτῃ
2763 5200 2819 5252 δὲ
2851 5205 2916 5272 τῇ
2954 5201 3113 5274 βουλῇ
3137 5205 3247 5258 τῶν
3279 5208 3449 5275 ἁγίων
3482 5210 3759 5277 ἐνδοξαζό-

2179 5284 2338 5351 μενός
2362 5286 2506 5338 ἐστιν
2528 5287 2555 5338 6
2582 5288 2656 5357 μὴ
2689 5287 2826 5358 ἔχων
2852 5290 3155 5362 σύγκρισιν,
3182 5295 3317 5365 μηδὲ
3342 5298 3599 5367 ὁμοίωσιν
3622 5301 3756 5371 πρὸς

2172 5374 2296 5436 τοὺς
2329 5376 2760 5447 ὀνομαζομένους
2796 5381 2945 5443 υἱοὺς
2984 5382 3119 5435 Θεοῦ
3142 5402 3155 5413 ·
3192 5386 3286 5437 καὶ
3322 5388 3382 5438 ού
3422 5390 3580 5458 μόνον
3609 5391 3756 5446 ἐνδο-

2173 5466 2466 5537 ξαζόμενός
2496 5472 2643 5522 ἐστιν
2686 5474 2743 5525 ἐν
2789 5476 2854 5543 τῇ
2910 5474 3069 5547 βουλῇ
3104 5476 3212 5530 τῶν
3253 5479 3443 5547 ἁγίων,
3472 5481 3609 5535 ἀλλὰ
3656 5483 3752 5536 καὶ

2172 5558 2403 5629 φοϐερὸς
2428 5561 2661 5632 ὑπάρχει
2689 5566 2780 5617 ἐπὶ
2826 5568 3033 5631 πάντας
3063 5571 3186 5632 τοὺς
3221 5572 3537 5643 περικύκλῳ
3559 5573 3747 5628 αὑτοῦ.

2171 5650 2327 5715 Τίνες
2351 5653 2394 5705 δ’
2420 5654 2485 5708 ἂν
2536 5652 2644 5708 εἷεν
2689 5660 2735 5710 οἱ
2786 5661 3099 5733 περικύκλῳ
3135 5664 3299 5717 αὑτοῦ
3344 5665 3458 5718 ἀλλ’
3487 5667 3521 5737 ἢ
3555 5668 3605 5720 οἱ
3641 5666 3749 5719 υἱοὶ

1806 5832 1849 5861 ’³
1892 5830 2036 5886 Psal.
2082 5848 2283 5897 LXXXI,
2325 5834 2376 5888 6.
