  <div class='ocr_page' id='page_1' title='image "/cluster/home/n/w/nwhite01/storage/ocr_20150623/23/nnc1.0046978313/568.png"; bbox 0 0 4068 6394; ppageno 0'>
   <div class='ocr_carea' id='block_1_1' title="bbox 236 392 444 451">
    <p class='ocr_par' dir='ltr' id='par_1_1' title="bbox 236 392 444 451">
     <span class='ocr_line' id='line_1_1' title="bbox 236 392 444 451; baseline 0.019 -6"><span class='ocrx_word' id='word_1_1' title='bbox 236 416 245 423; x_wconf 59' lang='grc' dir='ltr'>-λ</span> <span class='ocrx_word' id='word_1_2' title='bbox 300 392 444 451; x_wconf 74' lang='lat' dir='ltr'><strong>i085</strong></span> 
     </span>
    </p>
   </div>
   <div class='ocr_carea' id='block_1_2' title="bbox 1360 391 2359 449">
    <p class='ocr_par' dir='ltr' id='par_1_2' title="bbox 1360 391 2359 449">
     <span class='ocr_line' id='line_1_2' title="bbox 1360 391 2359 449; baseline 0.002 -2"><span class='ocrx_word' id='word_1_3' title='bbox 1360 392 1875 447; x_wconf 76' lang='lat' dir='ltr'><strong>COMMENTABIA</strong></span> <span class='ocrx_word' id='word_1_4' title='bbox 1915 393 1980 447; x_wconf 86' lang='lat' dir='ltr'><strong>IN</strong></span> <span class='ocrx_word' id='word_1_5' title='bbox 2022 391 2359 449; x_wconf 79' lang='lat' dir='ltr'><strong>PSALMOS-</strong></span> 
     </span>
    </p>
   </div>
   <div class='ocr_carea' id='block_1_3' title="bbox 3362 394 3559 455">
    <p class='ocr_par' dir='ltr' id='par_1_3' title="bbox 3362 394 3559 455">
     <span class='ocr_line' id='line_1_3' title="bbox 3362 394 3559 455; baseline 0.01 -4"><span class='ocrx_word' id='word_1_6' title='bbox 3362 424 3365 427; x_wconf 54' lang='grc' dir='ltr'><strong>ι</strong></span> <span class='ocrx_word' id='word_1_7' title='bbox 3422 394 3559 455; x_wconf 77' lang='grc'><strong>1086</strong></span> 
     </span>
    </p>
   </div>
   <div class='ocr_carea' id='block_1_4' title="bbox 292 504 1880 582">
    <p class='ocr_par' dir='ltr' id='par_1_4' title="bbox 292 504 1878 577">
     <span class='ocr_line' id='line_1_4' title="bbox 292 504 1878 577; baseline -0.003 -14"><span class='ocrx_word' id='word_1_8' title='bbox 292 506 390 563; x_wconf 81' lang='grc' dir='ltr'><strong>τοῦ</strong></span> <span class='ocrx_word' id='word_1_9' title='bbox 433 506 603 573; x_wconf 84' lang='grc' dir='ltr'><strong>Θεοῦ,</strong></span> <span class='ocrx_word' id='word_1_10' title='bbox 654 505 947 561; x_wconf 75' lang='grc' dir='ltr'>καίαύτοὶ</span> <span class='ocrx_word' id='word_1_11' title='bbox 993 506 1104 560; x_wconf 72' lang='grc' dir='ltr'>θεοὶ</span> <span class='ocrx_word' id='word_1_12' title='bbox 1148 504 1619 577; x_wconf 78' lang='grc' dir='ltr'><strong>χρηματίζοντες,</strong></span> <span class='ocrx_word' id='word_1_13' title='bbox 1666 507 1731 559; x_wconf 87' lang='grc' dir='ltr'>δι’</span> <span class='ocrx_word' id='word_1_14' title='bbox 1785 505 1878 571; x_wconf 84' lang='grc' dir='ltr'><strong>οὒς</strong></span> 
     </span>
    </p>
   </div>
   <div class='ocr_carea' id='block_1_5' title="bbox 1983 504 3544 582">
    <p class='ocr_par' dir='ltr' id='par_1_5' title="bbox 1983 506 3544 582">
     <span class='ocr_line' id='line_1_5' title="bbox 1983 506 3544 582; baseline 0.002 -19"><span class='ocrx_word' id='word_1_15' title='bbox 1983 509 2214 563; x_wconf 81' lang='lat' dir='ltr'><strong>circuitu</strong></span> <span class='ocrx_word' id='word_1_16' title='bbox 2244 509 2365 577; x_wconf 88' lang='lat' dir='ltr'><strong>ejus</strong></span> <span class='ocrx_word' id='word_1_17' title='bbox 2393 506 2626 573; x_wconf 79' lang='lat' dir='ltr'><strong>fuerint,</strong></span> <span class='ocrx_word' id='word_1_18' title='bbox 2670 509 2777 564; x_wconf 88' lang='lat' dir='ltr'><strong>nisi</strong></span> <span class='ocrx_word' id='word_1_19' title='bbox 2809 508 2901 563; x_wconf 90' lang='lat' dir='ltr'><strong>ﬁlii</strong></span> <span class='ocrx_word' id='word_1_20' title='bbox 2934 507 3063 572; x_wconf 91' lang='lat' dir='ltr'><strong>Dei,</strong></span> <span class='ocrx_word' id='word_1_21' title='bbox 3092 509 3184 578; x_wconf 90' lang='lat' dir='ltr'><strong>qui</strong></span> <span class='ocrx_word' id='word_1_22' title='bbox 3210 516 3263 564; x_wconf 90' lang='lat' dir='ltr'><strong>et</strong></span> <span class='ocrx_word' id='word_1_23' title='bbox 3290 510 3392 580; x_wconf 86' lang='lat' dir='ltr'><strong>ipsi</strong></span> <span class='ocrx_word' id='word_1_24' title='bbox 3419 528 3544 582; x_wconf 85' lang='lat' dir='ltr'><strong>quo-</strong></span> 
     </span>
    </p>
   </div>
   <div class='ocr_carea' id='block_1_6' title="bbox 292 597 1877 672">
    <p class='ocr_par' dir='ltr' id='par_1_6' title="bbox 292 597 1877 672">
     <span class='ocr_line' id='line_1_6' title="bbox 292 597 1877 672; baseline -0.001 -18"><span class='ocrx_word' id='word_1_25' title='bbox 292 602 528 672; x_wconf 73' lang='grc' dir='ltr'>εἴρηται,</span> <span class='ocrx_word' id='word_1_26' title='bbox 560 599 614 651; x_wconf 85' lang='lat'><strong>&#39;0</strong></span> <span class='ocrx_word' id='word_1_27' title='bbox 644 599 789 664; x_wconf 83' lang='grc' dir='ltr'><strong>Θεὸς</strong></span> <span class='ocrx_word' id='word_1_28' title='bbox 811 598 959 664; x_wconf 75' lang='grc' dir='ltr'>ἔστη</span> <span class='ocrx_word' id='word_1_29' title='bbox 985 598 1054 651; x_wconf 85' lang='grc' dir='ltr'>ἐν</span> <span class='ocrx_word' id='word_1_30' title='bbox 1080 597 1400 667; x_wconf 74' lang='grc' dir='ltr'><strong>συναγωγῇ</strong></span> <span class='ocrx_word' id='word_1_31' title='bbox 1422 598 1605 663; x_wconf 85' lang='grc' dir='ltr'>θεῶν;</span> <span class='ocrx_word' id='word_1_32' title='bbox 1630 601 1739 653; x_wconf 54' lang='grc' dir='ltr'><strong>Καὶ¹</strong></span> <span class='ocrx_word' id='word_1_33' title='bbox 1767 600 1877 672; x_wconf 81' lang='grc' dir='ltr'><strong>γὰρ</strong></span> 
     </span>
    </p>
   </div>
   <div class='ocr_carea' id='block_1_7' title="bbox 289 689 1869 759">
    <p class='ocr_par' dir='ltr' id='par_1_7' title="bbox 289 689 1869 759">
     <span class='ocr_line' id='line_1_7' title="bbox 289 689 1869 759; baseline 0 -14"><span class='ocrx_word' id='word_1_34' title='bbox 289 692 371 757; x_wconf 87' lang='grc' dir='ltr'><strong>τὸ,</strong></span> <span class='ocrx_word' id='word_1_35' title='bbox 411 692 514 745; x_wconf 86' lang='grc' dir='ltr'>Ἐν</span> <span class='ocrx_word' id='word_1_36' title='bbox 535 689 743 759; x_wconf 78' lang='grc' dir='ltr'>βουλῇ</span> <span class='ocrx_word' id='word_1_37' title='bbox 766 690 968 758; x_wconf 78' lang='grc' dir='ltr'>ἁγίων,</span> <span class='ocrx_word' id='word_1_38' title='bbox 1000 690 1195 753; x_wconf 81' lang='grc' dir='ltr'>καὶτὸ,</span> <span class='ocrx_word' id='word_1_39' title='bbox 1236 690 1338 743; x_wconf 84' lang='grc' dir='ltr'>Ἐν</span> <span class='ocrx_word' id='word_1_40' title='bbox 1371 691 1672 759; x_wconf 77' lang='grc' dir='ltr'><strong>ἐκκλησίᾳ</strong></span> <span class='ocrx_word' id='word_1_41' title='bbox 1722 705 1869 759; x_wconf 62' lang='lat' dir='ltr'><strong>upw-</strong></span> 
     </span>
    </p>
   </div>
   <div class='ocr_carea' id='block_1_8' title="bbox 250 772 1877 849">
    <p class='ocr_par' dir='ltr' id='par_1_8' title="bbox 250 772 1877 849">
     <span class='ocr_line' id='line_1_8' title="bbox 250 772 1877 849; baseline -0.002 -12"><span class='ocrx_word' id='word_1_42' title='bbox 250 772 255 779; x_wconf 66' lang='grc'><strong>’</strong></span> <span class='ocrx_word' id='word_1_43' title='bbox 287 784 572 843; x_wconf 81' lang='grc' dir='ltr'>τοτόκων,</span> <span class='ocrx_word' id='word_1_44' title='bbox 603 782 696 835; x_wconf 80' lang='grc' dir='ltr'><strong>καὶ</strong></span> <span class='ocrx_word' id='word_1_45' title='bbox 725 782 805 844; x_wconf 87' lang='grc' dir='ltr'><strong>τὸ,</strong></span> <span class='ocrx_word' id='word_1_46' title='bbox 845 781 939 834; x_wconf 84' lang='grc' dir='ltr'>Ἐν</span> <span class='ocrx_word' id='word_1_47' title='bbox 969 778 1292 849; x_wconf 77' lang='grc' dir='ltr'>συναγωγῇ</span> <span class='ocrx_word' id='word_1_48' title='bbox 1324 780 1496 846; x_wconf 82' lang='grc' dir='ltr'>θεῶν,</span> <span class='ocrx_word' id='word_1_49' title='bbox 1537 779 1594 833; x_wconf 79' lang='grc' dir='ltr'>ἓν</span> <span class='ocrx_word' id='word_1_50' title='bbox 1622 781 1716 835; x_wconf 77' lang='grc' dir='ltr'><strong>καὶ</strong></span> <span class='ocrx_word' id='word_1_51' title='bbox 1750 799 1877 834; x_wconf 86' lang='grc' dir='ltr'>ταυ-</span> 
     </span>
    </p>
   </div>
   <div class='ocr_carea' id='block_1_9' title="bbox 286 868 1877 944">
    <p class='ocr_par' dir='ltr' id='par_1_9' title="bbox 286 868 1877 944">
     <span class='ocr_line' id='line_1_9' title="bbox 286 868 1877 944; baseline -0.001 -17"><span class='ocrx_word' id='word_1_52' title='bbox 286 876 378 928; x_wconf 84' lang='grc' dir='ltr'><strong>τὸν</strong></span> <span class='ocrx_word' id='word_1_53' title='bbox 412 868 551 925; x_wconf 74' lang='grc' dir='ltr'>εἶναί</span> <span class='ocrx_word' id='word_1_54' title='bbox 587 890 675 943; x_wconf 89' lang='grc' dir='ltr'><strong>μοι</strong></span> <span class='ocrx_word' id='word_1_55' title='bbox 696 873 858 925; x_wconf 88' lang='grc' dir='ltr'>δοκεῖ.</span> <span class='ocrx_word' id='word_1_56' title='bbox 878 870 1095 923; x_wconf 83' lang='grc' dir='ltr'>Τούτων</span> <span class='ocrx_word' id='word_1_57' title='bbox 1120 870 1407 942; x_wconf 73' lang='grc' dir='ltr'>τοιγαροῦν</span> <span class='ocrx_word' id='word_1_58' title='bbox 1433 872 1491 924; x_wconf 83' lang='grc' dir='ltr'><strong>ὲν</strong></span> <span class='ocrx_word' id='word_1_59' title='bbox 1526 872 1675 944; x_wconf 85' lang='grc' dir='ltr'><strong>μέσῳ</strong></span> <span class='ocrx_word' id='word_1_60' title='bbox 1704 873 1877 937; x_wconf 71' lang='grc' dir='ltr'>ἑστὼς</span> 
     </span>
    </p>
   </div>
   <div class='ocr_carea' id='block_1_10' title="bbox 290 962 1872 1034">
    <p class='ocr_par' dir='ltr' id='par_1_10' title="bbox 290 962 1872 1034">
     <span class='ocr_line' id='line_1_10' title="bbox 290 962 1872 1034; baseline 0.001 -17"><span class='ocrx_word' id='word_1_61' title='bbox 290 965 379 1019; x_wconf 75' lang='grc' dir='ltr'>καὶ</span> <span class='ocrx_word' id='word_1_62' title='bbox 429 964 534 1017; x_wconf 78' lang='grc' dir='ltr'>ὑπὸ</span> <span class='ocrx_word' id='word_1_63' title='bbox 581 963 786 1017; x_wconf 87' lang='grc' dir='ltr'>τούτων</span> <span class='ocrx_word' id='word_1_64' title='bbox 827 962 1294 1034; x_wconf 79' lang='grc' dir='ltr'>δορυφορούμενος</span> <span class='ocrx_word' id='word_1_65' title='bbox 1349 965 1377 1016; x_wconf 85' lang='grc' dir='ltr'>ὁ</span> <span class='ocrx_word' id='word_1_66' title='bbox 1410 963 1537 1027; x_wconf 85' lang='grc' dir='ltr'>Υἱὸς</span> <span class='ocrx_word' id='word_1_67' title='bbox 1576 964 1670 1017; x_wconf 90' lang='grc' dir='ltr'><strong>τοῦ</strong></span> <span class='ocrx_word' id='word_1_68' title='bbox 1716 965 1872 1032; x_wconf 90' lang='grc' dir='ltr'>Θεοῦ,</span> 
     </span>
    </p>
   </div>
   <div class='ocr_carea' id='block_1_11' title="bbox 288 1054 1874 1128">
    <p class='ocr_par' dir='ltr' id='par_1_11' title="bbox 288 1054 1874 1128">
     <span class='ocr_line' id='line_1_11' title="bbox 288 1054 1874 1128; baseline 0.001 -19"><span class='ocrx_word' id='word_1_69' title='bbox 288 1054 705 1126; x_wconf 68' lang='grc' dir='ltr'>ἔνδοξαζόμενος</span> <span class='ocrx_word' id='word_1_70' title='bbox 734 1056 949 1127; x_wconf 81' lang='grc' dir='ltr'>εἴρηται</span> <span class='ocrx_word' id='word_1_71' title='bbox 984 1055 1079 1109; x_wconf 71' lang='grc' dir='ltr'>καὶ</span> <span class='ocrx_word' id='word_1_72' title='bbox 1110 1055 1283 1126; x_wconf 76' lang='grc' dir='ltr'>μέγας</span> <span class='ocrx_word' id='word_1_73' title='bbox 1318 1056 1410 1109; x_wconf 74' lang='grc' dir='ltr'>καὶ</span> <span class='ocrx_word' id='word_1_74' title='bbox 1438 1056 1688 1128; x_wconf 79' lang='grc' dir='ltr'>φοϐερός.</span> <span class='ocrx_word' id='word_1_75' title='bbox 1715 1058 1782 1114; x_wconf 84' lang='lat'><strong>&#39;0</strong></span> <span class='ocrx_word' id='word_1_76' title='bbox 1812 1075 1874 1125; x_wconf 91' lang='grc' dir='ltr'><strong>γε</strong></span> 
     </span>
    </p>
   </div>
   <div class='ocr_carea' id='block_1_12' title="bbox 294 1146 1876 1221">
    <p class='ocr_par' dir='ltr' id='par_1_12' title="bbox 294 1146 1876 1221">
     <span class='ocr_line' id='line_1_12' title="bbox 294 1146 1876 1221; baseline 0 -19"><span class='ocrx_word' id='word_1_77' title='bbox 294 1149 400 1221; x_wconf 82' lang='grc' dir='ltr'><strong>μὴν</strong></span> <span class='ocrx_word' id='word_1_78' title='bbox 441 1148 737 1219; x_wconf 84' lang='grc' dir='ltr'>Σύμμαχος</span> <span class='ocrx_word' id='word_1_79' title='bbox 786 1147 853 1200; x_wconf 84' lang='grc' dir='ltr'>τὰ</span> <span class='ocrx_word' id='word_1_80' title='bbox 906 1147 1245 1218; x_wconf 82' lang='grc' dir='ltr'>προκείμενα</span> <span class='ocrx_word' id='word_1_81' title='bbox 1286 1146 1473 1200; x_wconf 89' lang='grc' dir='ltr'>τοῦτον</span> <span class='ocrx_word' id='word_1_82' title='bbox 1524 1147 1752 1214; x_wconf 81' lang='grc' dir='ltr'>ἐξέδωκε</span> <span class='ocrx_word' id='word_1_83' title='bbox 1784 1150 1876 1202; x_wconf 83' lang='grc' dir='ltr'><strong>τὸν</strong></span> 
     </span>
    </p>
   </div>
   <div class='ocr_carea' id='block_1_13' title="bbox 288 1240 1874 1314">
    <p class='ocr_par' dir='ltr' id='par_1_13' title="bbox 288 1240 1874 1314">
     <span class='ocr_line' id='line_1_13' title="bbox 288 1240 1874 1314; baseline 0 -19"><span class='ocrx_word' id='word_1_84' title='bbox 288 1242 491 1314; x_wconf 82' lang='grc' dir='ltr'>τρόπον</span> <span class='ocrx_word' id='word_1_85' title='bbox 511 1260 524 1273; x_wconf 88' lang='grc'><strong>·</strong></span> <span class='ocrx_word' id='word_1_86' title='bbox 568 1241 675 1295; x_wconf 85' lang='grc' dir='ltr'>Θεὲ</span> <span class='ocrx_word' id='word_1_87' title='bbox 703 1240 959 1308; x_wconf 77' lang='grc' dir='ltr'>ἀήττητε</span> <span class='ocrx_word' id='word_1_88' title='bbox 989 1241 1059 1294; x_wconf 88' lang='grc' dir='ltr'>ἐν</span> <span class='ocrx_word' id='word_1_89' title='bbox 1087 1240 1290 1309; x_wconf 80' lang='grc' dir='ltr'><strong>ὁμιλίᾳ</strong></span> <span class='ocrx_word' id='word_1_90' title='bbox 1322 1240 1506 1309; x_wconf 76' lang='grc' dir='ltr'>ἁγίων</span> <span class='ocrx_word' id='word_1_91' title='bbox 1525 1240 1748 1309; x_wconf 75' lang='grc' dir='ltr'><strong>πολλῇ,</strong></span> <span class='ocrx_word' id='word_1_92' title='bbox 1776 1243 1874 1296; x_wconf 81' lang='grc' dir='ltr'><strong>καί</strong></span> 
     </span>
    </p>
   </div>
   <div class='ocr_carea' id='block_1_14' title="bbox 290 1331 1875 1405">
    <p class='ocr_par' dir='ltr' id='par_1_14' title="bbox 290 1331 1875 1405">
     <span class='ocr_line' id='line_1_14' title="bbox 290 1331 1875 1405; baseline -0.003 -16"><span class='ocrx_word' id='word_1_93' title='bbox 290 1336 574 1405; x_wconf 60' lang='grc' dir='ltr'><strong>ἐπιθροὸος</strong></span> <span class='ocrx_word' id='word_1_94' title='bbox 598 1334 668 1388; x_wconf 86' lang='grc' dir='ltr'>ἐν</span> <span class='ocrx_word' id='word_1_95' title='bbox 696 1331 844 1388; x_wconf 87' lang='grc' dir='ltr'>πᾶσι</span> <span class='ocrx_word' id='word_1_96' title='bbox 868 1332 992 1398; x_wconf 87' lang='grc' dir='ltr'>τοῖς</span> <span class='ocrx_word' id='word_1_97' title='bbox 1021 1332 1154 1400; x_wconf 81' lang='grc' dir='ltr'>περὶ</span> <span class='ocrx_word' id='word_1_98' title='bbox 1188 1331 1477 1386; x_wconf 87' lang='grc' dir='ltr'>σεαυτόν·</span> <span class='ocrx_word' id='word_1_99' title='bbox 1507 1334 1536 1385; x_wconf 86' lang='grc' dir='ltr'>ὁ</span> <span class='ocrx_word' id='word_1_100' title='bbox 1561 1332 1620 1385; x_wconf 84' lang='grc' dir='ltr'><strong>δὲ</strong></span> <span class='ocrx_word' id='word_1_101' title='bbox 1648 1331 1875 1397; x_wconf 80' lang='grc' dir='ltr'>Ἀκύλας</span> 
     </span>
    </p>
   </div>
   <div class='ocr_carea' id='block_1_15' title="bbox 292 1423 1877 1501">
    <p class='ocr_par' dir='ltr' id='par_1_15' title="bbox 292 1423 1877 1501">
     <span class='ocr_line' id='line_1_15' title="bbox 292 1423 1877 1501; baseline -0.003 -20"><span class='ocrx_word' id='word_1_102' title='bbox 292 1428 455 1501; x_wconf 86' lang='grc' dir='ltr'>φησί·</span> <span class='ocrx_word' id='word_1_103' title='bbox 523 1426 791 1494; x_wconf 79' lang='grc' dir='ltr'>Ἰσχυρὸς</span> <span class='ocrx_word' id='word_1_104' title='bbox 841 1425 1425 1494; x_wconf 81' lang='grc' dir='ltr'>κατισχυρευόμενος</span> <span class='ocrx_word' id='word_1_105' title='bbox 1459 1424 1529 1477; x_wconf 85' lang='grc' dir='ltr'>ἐν</span> <span class='ocrx_word' id='word_1_106' title='bbox 1561 1423 1877 1492; x_wconf 77' lang='grc' dir='ltr'>ἀπορρήτῳ</span> 
     </span>
    </p>
   </div>
   <div class='ocr_carea' id='block_1_16' title="bbox 291 1515 1877 1588">
    <p class='ocr_par' dir='ltr' id='par_1_16' title="bbox 291 1515 1877 1588">
     <span class='ocr_line' id='line_1_16' title="bbox 291 1515 1877 1588; baseline -0.002 -16"><span class='ocrx_word' id='word_1_107' title='bbox 291 1519 495 1588; x_wconf 74' lang='grc' dir='ltr'>ἁγίων,</span> <span class='ocrx_word' id='word_1_108' title='bbox 524 1515 773 1584; x_wconf 81' lang='grc' dir='ltr'>πλῆθος,</span> <span class='ocrx_word' id='word_1_109' title='bbox 803 1515 1057 1584; x_wconf 77' lang='grc' dir='ltr'>πλῆθος,</span> <span class='ocrx_word' id='word_1_110' title='bbox 1091 1515 1191 1569; x_wconf 83' lang='grc' dir='ltr'>καὶ</span> <span class='ocrx_word' id='word_1_111' title='bbox 1220 1516 1505 1585; x_wconf 75' lang='grc' dir='ltr'>ἐπίφοϐος</span> <span class='ocrx_word' id='word_1_112' title='bbox 1524 1515 1623 1568; x_wconf 80' lang='grc' dir='ltr'><strong>ἐπὶ</strong></span> <span class='ocrx_word' id='word_1_113' title='bbox 1645 1515 1877 1584; x_wconf 81' lang='grc' dir='ltr'><strong>πάντας</strong></span> 
     </span>
    </p>
   </div>
   <div class='ocr_carea' id='block_1_17' title="bbox 290 1607 1875 1680">
    <p class='ocr_par' dir='ltr' id='par_1_17' title="bbox 290 1607 1875 1680">
     <span class='ocr_line' id='line_1_17' title="bbox 290 1607 1875 1680; baseline -0.003 -15"><span class='ocrx_word' id='word_1_114' title='bbox 290 1610 494 1677; x_wconf 71' lang='grc' dir='ltr'>κύκλῳ</span> <span class='ocrx_word' id='word_1_115' title='bbox 529 1609 738 1663; x_wconf 86' lang='grc' dir='ltr'>αὑτοῦ.</span> <span class='ocrx_word' id='word_1_116' title='bbox 788 1610 853 1662; x_wconf 86' lang='grc' dir='ltr'><strong><em>Ἦ</em></strong></span> <span class='ocrx_word' id='word_1_117' title='bbox 881 1609 939 1662; x_wconf 86' lang='grc' dir='ltr'><strong>δὲ</strong></span> <span class='ocrx_word' id='word_1_118' title='bbox 972 1608 1067 1663; x_wconf 90' lang='grc' dir='ltr'><strong>τοῦ</strong></span> <span class='ocrx_word' id='word_1_119' title='bbox 1096 1608 1255 1679; x_wconf 83' lang='grc' dir='ltr'>λόγου</span> <span class='ocrx_word' id='word_1_120' title='bbox 1285 1610 1492 1663; x_wconf 77' lang='grc' dir='ltr'><strong>διάνοια</strong></span> <span class='ocrx_word' id='word_1_121' title='bbox 1522 1607 1621 1680; x_wconf 80' lang='grc' dir='ltr'>τὴν</span> <span class='ocrx_word' id='word_1_122' title='bbox 1650 1608 1875 1662; x_wconf 86' lang='grc' dir='ltr'>ἀκολου-</span> 
     </span>
    </p>
   </div>
   <div class='ocr_carea' id='block_1_18' title="bbox 291 1697 1874 1775">
    <p class='ocr_par' dir='ltr' id='par_1_18' title="bbox 291 1697 1874 1775">
     <span class='ocr_line' id='line_1_18' title="bbox 291 1697 1874 1775; baseline -0.003 -17"><span class='ocrx_word' id='word_1_123' title='bbox 291 1705 413 1758; x_wconf 89' lang='grc' dir='ltr'>θίαν</span> <span class='ocrx_word' id='word_1_124' title='bbox 458 1703 809 1775; x_wconf 83' lang='grc' dir='ltr'>παρίστησιν.</span> <span class='ocrx_word' id='word_1_125' title='bbox 862 1702 1080 1773; x_wconf 83' lang='grc' dir='ltr'>Ἐπειδὴ</span> <span class='ocrx_word' id='word_1_126' title='bbox 1138 1703 1245 1773; x_wconf 87' lang='grc' dir='ltr'>γὰρ</span> <span class='ocrx_word' id='word_1_127' title='bbox 1275 1702 1502 1765; x_wconf 84' lang='grc' dir='ltr'>δυνατὸς</span> <span class='ocrx_word' id='word_1_128' title='bbox 1544 1697 1627 1768; x_wconf 77' lang='grc' dir='ltr'><strong>εἴ,</strong></span> <span class='ocrx_word' id='word_1_129' title='bbox 1664 1701 1874 1773; x_wconf 86' lang='grc' dir='ltr'>Κύριε,</span> 
     </span>
    </p>
   </div>
   <div class='ocr_carea' id='block_1_19' title="bbox 291 1793 1876 1870">
    <p class='ocr_par' dir='ltr' id='par_1_19' title="bbox 291 1793 1876 1870">
     <span class='ocr_line' id='line_1_19' title="bbox 291 1793 1876 1870; baseline -0.003 -19"><span class='ocrx_word' id='word_1_130' title='bbox 291 1799 478 1870; x_wconf 68' lang='grc' dir='ltr'>φησὶν,</span> <span class='ocrx_word' id='word_1_131' title='bbox 507 1797 603 1850; x_wconf 75' lang='grc' dir='ltr'><strong>καὶ</strong></span> <span class='ocrx_word' id='word_1_132' title='bbox 637 1797 670 1867; x_wconf 80' lang='grc' dir='ltr'>ὴ</span> <span class='ocrx_word' id='word_1_133' title='bbox 710 1795 939 1866; x_wconf 77' lang='grc' dir='ltr'>ἀλήθειά</span> <span class='ocrx_word' id='word_1_134' title='bbox 972 1813 1066 1848; x_wconf 91' lang='grc' dir='ltr'><strong>σου</strong></span> <span class='ocrx_word' id='word_1_135' title='bbox 1090 1795 1274 1865; x_wconf 82' lang='grc' dir='ltr'>κύκλῳ</span> <span class='ocrx_word' id='word_1_136' title='bbox 1309 1812 1427 1858; x_wconf 85' lang='grc' dir='ltr'>σου,</span> <span class='ocrx_word' id='word_1_137' title='bbox 1451 1793 1678 1858; x_wconf 85' lang='grc' dir='ltr'>εἰκότως</span> <span class='ocrx_word' id='word_1_138' title='bbox 1704 1795 1876 1866; x_wconf 83' lang='grc' dir='ltr'>μέγας</span> 
     </span>
    </p>
   </div>
   <div class='ocr_carea' id='block_1_20' title="bbox 1983 598 3557 668">
    <p class='ocr_par' dir='ltr' id='par_1_20' title="bbox 1983 598 3557 668">
     <span class='ocr_line' id='line_1_20' title="bbox 1983 598 3557 668; baseline 0.002 -16"><span class='ocrx_word' id='word_1_139' title='bbox 1983 613 2091 668; x_wconf 92' lang='lat' dir='ltr'><strong>que</strong></span> <span class='ocrx_word' id='word_1_140' title='bbox 2135 598 2209 651; x_wconf 90' lang='lat' dir='ltr'><strong>dii</strong></span> <span class='ocrx_word' id='word_1_141' title='bbox 2248 606 2636 668; x_wconf 90' lang='lat' dir='ltr'><strong>nuncupantur</strong></span> <span class='ocrx_word' id='word_1_142' title='bbox 2667 618 2680 652; x_wconf 90' lang='lat'><strong><em>:</em></strong></span> <span class='ocrx_word' id='word_1_143' title='bbox 2717 614 2951 668; x_wconf 85' lang='lat' dir='ltr'><strong>quorum</strong></span> <span class='ocrx_word' id='word_1_144' title='bbox 2997 613 3163 653; x_wconf 88' lang='lat' dir='ltr'><strong>causa</strong></span> <span class='ocrx_word' id='word_1_145' title='bbox 3196 599 3401 655; x_wconf 90' lang='lat' dir='ltr'><strong>dictum</strong></span> <span class='ocrx_word' id='word_1_146' title='bbox 3435 611 3557 665; x_wconf 83' lang='lat' dir='ltr'><strong>est-,</strong></span> 
     </span>
    </p>
   </div>
   <div class='ocr_carea' id='block_1_21' title="bbox 1982 689 3559 761">
    <p class='ocr_par' dir='ltr' id='par_1_21' title="bbox 1982 689 3559 761">
     <span class='ocr_line' id='line_1_21' title="bbox 1982 689 3559 761; baseline 0.003 -18"><span class='ocrx_word' id='word_1_147' title='bbox 1982 690 2125 744; x_wconf 91' lang='lat' dir='ltr'><strong>Deus</strong></span> <span class='ocrx_word' id='word_1_148' title='bbox 2152 692 2294 745; x_wconf 87' lang='lat' dir='ltr'><strong>stetit</strong></span> <span class='ocrx_word' id='word_1_149' title='bbox 2327 693 2381 744; x_wconf 90' lang='lat' dir='ltr'><strong>in</strong></span> <span class='ocrx_word' id='word_1_150' title='bbox 2409 708 2677 761; x_wconf 81' lang='lat' dir='ltr'><strong>synagoga</strong></span> <span class='ocrx_word' id='word_1_151' title='bbox 2704 689 2925 744; x_wconf 86' lang='lat' dir='ltr'><strong>deorum</strong></span> <span class='ocrx_word' id='word_1_152' title='bbox 2951 691 3035 744; x_wconf 73' lang='lat' dir='ltr'><strong>“&#39;l</strong></span> <span class='ocrx_word' id='word_1_153' title='bbox 3066 690 3274 746; x_wconf 85' lang='lat' dir='ltr'><strong>Etenim</strong></span> <span class='ocrx_word' id='word_1_154' title='bbox 3298 694 3429 747; x_wconf 90' lang='lat' dir='ltr'><strong>illud</strong></span> <span class='ocrx_word' id='word_1_155' title='bbox 3450 735 3465 759; x_wconf 95' lang='lat'><strong>,</strong></span> <span class='ocrx_word' id='word_1_156' title='bbox 3495 693 3559 747; x_wconf 84' lang='lat' dir='ltr'><strong>In</strong></span> 
     </span>
    </p>
   </div>
   <div class='ocr_carea' id='block_1_22' title="bbox 1982 780 3543 854">
    <p class='ocr_par' dir='ltr' id='par_1_22' title="bbox 1982 780 3543 854">
     <span class='ocr_line' id='line_1_22' title="bbox 1982 780 3543 854; baseline 0.003 -21"><span class='ocrx_word' id='word_1_157' title='bbox 1982 781 2202 836; x_wconf 88' lang='lat' dir='ltr'><strong>consilio</strong></span> <span class='ocrx_word' id='word_1_158' title='bbox 2234 791 2538 835; x_wconf 81' lang='lat' dir='ltr'><strong>sanctorum</strong></span> <span class='ocrx_word' id='word_1_159' title='bbox 2565 798 2585 845; x_wconf 90' lang='lat'><strong><em>;</em></strong></span> <span class='ocrx_word' id='word_1_160' title='bbox 2616 788 2669 836; x_wconf 87' lang='lat' dir='ltr'><strong>et</strong></span> <span class='ocrx_word' id='word_1_161' title='bbox 2705 781 2837 836; x_wconf 89' lang='lat' dir='ltr'><strong>illud</strong></span> <span class='ocrx_word' id='word_1_162' title='bbox 2866 822 2881 843; x_wconf 89' lang='lat'><strong>,</strong></span> <span class='ocrx_word' id='word_1_163' title='bbox 2937 780 3002 834; x_wconf 84' lang='lat' dir='ltr'><strong>In</strong></span> <span class='ocrx_word' id='word_1_164' title='bbox 3048 783 3271 836; x_wconf 81' lang='lat' dir='ltr'><strong>ecclesia</strong></span> <span class='ocrx_word' id='word_1_165' title='bbox 3301 786 3543 854; x_wconf 87' lang='lat' dir='ltr'><strong>primoge-</strong></span> 
     </span>
    </p>
   </div>
   <div class='ocr_carea' id='block_1_23' title="bbox 1983 873 3559 945">
    <p class='ocr_par' dir='ltr' id='par_1_23' title="bbox 1983 873 3559 945">
     <span class='ocr_line' id='line_1_23' title="bbox 1983 873 3559 945; baseline 0.003 -18"><span class='ocrx_word' id='word_1_166' title='bbox 1983 874 2252 939; x_wconf 88' lang='lat' dir='ltr'><strong>nitorum;</strong></span> <span class='ocrx_word' id='word_1_167' title='bbox 2301 885 2387 938; x_wconf 91' lang='lat' dir='ltr'><strong>et,</strong></span> <span class='ocrx_word' id='word_1_168' title='bbox 2425 873 2492 927; x_wconf 87' lang='lat' dir='ltr'><strong>In</strong></span> <span class='ocrx_word' id='word_1_169' title='bbox 2536 891 2805 945; x_wconf 76' lang='lat' dir='ltr'><strong>synagoga</strong></span> <span class='ocrx_word' id='word_1_170' title='bbox 2837 874 3096 939; x_wconf 84' lang='lat' dir='ltr'><strong>deorum;</strong></span> <span class='ocrx_word' id='word_1_171' title='bbox 3130 892 3295 929; x_wconf 92' lang='lat' dir='ltr'><strong>unum</strong></span> <span class='ocrx_word' id='word_1_172' title='bbox 3332 884 3386 930; x_wconf 86' lang='lat' dir='ltr'><strong>et</strong></span> <span class='ocrx_word' id='word_1_173' title='bbox 3420 876 3559 932; x_wconf 91' lang='lat' dir='ltr'><strong>idem</strong></span> 
     </span>
    </p>
   </div>
   <div class='ocr_carea' id='block_1_24' title="bbox 1980 966 3559 1037">
    <p class='ocr_par' dir='ltr' id='par_1_24' title="bbox 1980 966 3559 1037">
     <span class='ocr_line' id='line_1_24' title="bbox 1980 966 3559 1037; baseline 0.001 -16"><span class='ocrx_word' id='word_1_174' title='bbox 1980 981 2103 1022; x_wconf 89' lang='lat' dir='ltr'><strong>esse</strong></span> <span class='ocrx_word' id='word_1_175' title='bbox 2133 966 2349 1021; x_wconf 89' lang='lat' dir='ltr'><strong>videtur</strong></span> <span class='ocrx_word' id='word_1_176' title='bbox 2390 966 2546 1021; x_wconf 89' lang='lat' dir='ltr'><strong>mihi.</strong></span> <span class='ocrx_word' id='word_1_177' title='bbox 2594 966 2800 1021; x_wconf 87' lang='lat' dir='ltr'><strong>Horum</strong></span> <span class='ocrx_word' id='word_1_178' title='bbox 2840 967 3025 1037; x_wconf 87' lang='lat' dir='ltr'><strong>itaque</strong></span> <span class='ocrx_word' id='word_1_179' title='bbox 3072 968 3128 1021; x_wconf 90' lang='lat' dir='ltr'><strong>in</strong></span> <span class='ocrx_word' id='word_1_180' title='bbox 3161 968 3343 1023; x_wconf 89' lang='lat' dir='ltr'><strong>medio</strong></span> <span class='ocrx_word' id='word_1_181' title='bbox 3371 978 3559 1033; x_wconf 85' lang='lat' dir='ltr'><strong>stans,</strong></span> 
     </span>
    </p>
   </div>
   <div class='ocr_carea' id='block_1_25' title="bbox 1982 1056 3539 1129">
    <p class='ocr_par' dir='ltr' id='par_1_25' title="bbox 1982 1056 3539 1129">
     <span class='ocr_line' id='line_1_25' title="bbox 1982 1056 3539 1129; baseline -0.001 -18"><span class='ocrx_word' id='word_1_182' title='bbox 1982 1057 2069 1113; x_wconf 90' lang='lat' dir='ltr'><strong>his</strong></span> <span class='ocrx_word' id='word_1_183' title='bbox 2098 1057 2332 1127; x_wconf 88' lang='lat' dir='ltr'><strong>stipatus</strong></span> <span class='ocrx_word' id='word_1_184' title='bbox 2350 1057 2521 1112; x_wconf 90' lang='lat' dir='ltr'><strong>Filius</strong></span> <span class='ocrx_word' id='word_1_185' title='bbox 2546 1056 2640 1112; x_wconf 89' lang='lat' dir='ltr'><strong>Dei</strong></span> <span class='ocrx_word' id='word_1_186' title='bbox 2665 1098 2681 1122; x_wconf 96' lang='lat'><strong>,</strong></span> <span class='ocrx_word' id='word_1_187' title='bbox 2711 1057 3049 1128; x_wconf 78' lang='lat' dir='ltr'><strong>gloriﬁcatus</strong></span> <span class='ocrx_word' id='word_1_188' title='bbox 3068 1098 3083 1122; x_wconf 94' lang='lat'><strong>,</strong></span> <span class='ocrx_word' id='word_1_189' title='bbox 3117 1074 3348 1129; x_wconf 80' lang='lat' dir='ltr'><strong>magnus</strong></span> <span class='ocrx_word' id='word_1_190' title='bbox 3377 1067 3430 1113; x_wconf 91' lang='lat' dir='ltr'><strong>et</strong></span> <span class='ocrx_word' id='word_1_191' title='bbox 3450 1065 3539 1112; x_wconf 85' lang='lat' dir='ltr'><strong>ter</strong></span> 
     </span>
    </p>
   </div>
   <div class='ocr_carea' id='block_1_26' title="bbox 1982 1148 3559 1221">
    <p class='ocr_par' dir='ltr' id='par_1_26' title="bbox 1982 1148 3559 1221">
     <span class='ocr_line' id='line_1_26' title="bbox 1982 1148 3559 1221; baseline -0.001 -17"><span class='ocrx_word' id='word_1_192' title='bbox 1982 1150 2163 1205; x_wconf 89' lang='lat' dir='ltr'><strong>ribilis</strong></span> <span class='ocrx_word' id='word_1_193' title='bbox 2197 1150 2421 1205; x_wconf 90' lang='lat' dir='ltr'><strong>dicitur.</strong></span> <span class='ocrx_word' id='word_1_194' title='bbox 2470 1148 2599 1203; x_wconf 56' lang='lat' dir='ltr'><strong>Haec</strong></span> <span class='ocrx_word' id='word_1_195' title='bbox 2642 1165 2775 1204; x_wconf 89' lang='lat' dir='ltr'><strong>vero</strong></span> <span class='ocrx_word' id='word_1_196' title='bbox 2809 1148 3174 1221; x_wconf 83' lang='lat' dir='ltr'><strong>Symmachus</strong></span> <span class='ocrx_word' id='word_1_197' title='bbox 3224 1152 3305 1206; x_wconf 90' lang='lat' dir='ltr'><strong>sic</strong></span> <span class='ocrx_word' id='word_1_198' title='bbox 3350 1150 3559 1205; x_wconf 86' lang='lat' dir='ltr'><strong>edidit:</strong></span> 
     </span>
    </p>
   </div>
   <div class='ocr_carea' id='block_1_27' title="bbox 1980 1243 3560 1303">
    <p class='ocr_par' dir='ltr' id='par_1_27' title="bbox 1980 1243 3560 1303">
     <span class='ocr_line' id='line_1_27' title="bbox 1980 1243 3560 1303; baseline -0.001 -6"><span class='ocrx_word' id='word_1_199' title='bbox 1980 1243 2121 1297; x_wconf 84' lang='lat' dir='ltr'><strong>Deus</strong></span> <span class='ocrx_word' id='word_1_200' title='bbox 2169 1243 2356 1296; x_wconf 86' lang='lat' dir='ltr'><strong>invicte</strong></span> <span class='ocrx_word' id='word_1_201' title='bbox 2400 1243 2455 1296; x_wconf 87' lang='lat' dir='ltr'><strong>in</strong></span> <span class='ocrx_word' id='word_1_202' title='bbox 2500 1243 2895 1297; x_wconf 85' lang='lat' dir='ltr'><strong>conversatione</strong></span> <span class='ocrx_word' id='word_1_203' title='bbox 2940 1251 3246 1297; x_wconf 87' lang='lat' dir='ltr'><strong>sanctorum</strong></span> <span class='ocrx_word' id='word_1_204' title='bbox 3276 1245 3475 1303; x_wconf 88' lang='lat' dir='ltr'><strong>multa,</strong></span> <span class='ocrx_word' id='word_1_205' title='bbox 3511 1249 3560 1296; x_wconf 77' lang='lat' dir='ltr'><strong>et</strong></span> 
     </span>
    </p>
   </div>
   <div class='ocr_carea' id='block_1_28' title="bbox 1984 1332 3559 1404">
    <p class='ocr_par' dir='ltr' id='par_1_28' title="bbox 1984 1332 3559 1404">
     <span class='ocr_line' id='line_1_28' title="bbox 1984 1332 3559 1404; baseline -0.001 -16"><span class='ocrx_word' id='word_1_206' title='bbox 1984 1333 2244 1388; x_wconf 79' lang='lat' dir='ltr'><strong>tremendo</strong></span> <span class='ocrx_word' id='word_1_207' title='bbox 2269 1334 2323 1387; x_wconf 92' lang='lat' dir='ltr'><strong>in</strong></span> <span class='ocrx_word' id='word_1_208' title='bbox 2353 1332 2593 1387; x_wconf 86' lang='lat' dir='ltr'><strong>omnibus</strong></span> <span class='ocrx_word' id='word_1_209' title='bbox 2624 1334 2716 1403; x_wconf 97' lang='lat' dir='ltr'><strong>qui</strong></span> <span class='ocrx_word' id='word_1_210' title='bbox 2745 1335 2943 1387; x_wconf 84' lang='lat' dir='ltr'><strong>circum</strong></span> <span class='ocrx_word' id='word_1_211' title='bbox 2975 1342 3021 1387; x_wconf 91' lang='lat' dir='ltr'><strong>te</strong></span> <span class='ocrx_word' id='word_1_212' title='bbox 3044 1344 3167 1387; x_wconf 88' lang='lat' dir='ltr'><strong>sunt</strong></span> <span class='ocrx_word' id='word_1_213' title='bbox 3192 1349 3209 1396; x_wconf 87' lang='lat'><em>;</em></span> <span class='ocrx_word' id='word_1_214' title='bbox 3236 1333 3431 1404; x_wconf 84' lang='lat' dir='ltr'><strong>Aquila</strong></span> <span class='ocrx_word' id='word_1_215' title='bbox 3459 1349 3559 1387; x_wconf 62' lang='lat' dir='ltr'><strong>auo</strong></span> 
     </span>
    </p>
   </div>
   <div class='ocr_carea' id='block_1_29' title="bbox 1981 1425 3536 1492">
    <p class='ocr_par' dir='ltr' id='par_1_29' title="bbox 1981 1425 3536 1492">
     <span class='ocr_line' id='line_1_29' title="bbox 1981 1425 3536 1492; baseline -0.003 -9"><span class='ocrx_word' id='word_1_216' title='bbox 1981 1435 2089 1483; x_wconf 79' lang='lat' dir='ltr'><strong>tem</strong></span> <span class='ocrx_word' id='word_1_217' title='bbox 2114 1429 2190 1481; x_wconf 88' lang='lat' dir='ltr'><strong>ait</strong></span> <span class='ocrx_word' id='word_1_218' title='bbox 2214 1446 2226 1481; x_wconf 88' lang='lat'>:</span> <span class='ocrx_word' id='word_1_219' title='bbox 2252 1425 2433 1479; x_wconf 78' lang='lat' dir='ltr'><strong>Fortis</strong></span> <span class='ocrx_word' id='word_1_220' title='bbox 2459 1426 2741 1480; x_wconf 83' lang='lat' dir='ltr'><strong>roboratus</strong></span> <span class='ocrx_word' id='word_1_221' title='bbox 2766 1430 2819 1480; x_wconf 88' lang='lat' dir='ltr'><strong>in</strong></span> <span class='ocrx_word' id='word_1_222' title='bbox 2843 1436 3039 1480; x_wconf 88' lang='lat' dir='ltr'><strong>secreto</strong></span> <span class='ocrx_word' id='word_1_223' title='bbox 3058 1435 3361 1479; x_wconf 89' lang='lat' dir='ltr'><strong>sanctorum</strong></span> <span class='ocrx_word' id='word_1_224' title='bbox 3381 1465 3401 1492; x_wconf 95' lang='lat'><strong>,</strong></span> <span class='ocrx_word' id='word_1_225' title='bbox 3425 1426 3536 1479; x_wconf 90' lang='lat' dir='ltr'><strong>mul</strong></span> 
     </span>
    </p>
   </div>
   <div class='ocr_carea' id='block_1_30' title="bbox 1983 1518 3559 1587">
    <p class='ocr_par' dir='ltr' id='par_1_30' title="bbox 1983 1518 3559 1587">
     <span class='ocr_line' id='line_1_30' title="bbox 1983 1518 3559 1587; baseline -0.002 -13"><span class='ocrx_word' id='word_1_226' title='bbox 1983 1519 2153 1574; x_wconf 86' lang='lat' dir='ltr'><strong>titudo</strong></span> <span class='ocrx_word' id='word_1_227' title='bbox 2172 1559 2188 1585; x_wconf 91' lang='lat'><strong>,</strong></span> <span class='ocrx_word' id='word_1_228' title='bbox 2225 1518 2510 1573; x_wconf 82' lang='lat' dir='ltr'><strong>multitudo</strong></span> <span class='ocrx_word' id='word_1_229' title='bbox 2533 1558 2548 1577; x_wconf 89' lang='lat'><strong>,</strong></span> <span class='ocrx_word' id='word_1_230' title='bbox 2578 1527 2627 1572; x_wconf 89' lang='lat' dir='ltr'><strong>et</strong></span> <span class='ocrx_word' id='word_1_231' title='bbox 2664 1518 2963 1573; x_wconf 78' lang='lat' dir='ltr'><strong>tremendus</strong></span> <span class='ocrx_word' id='word_1_232' title='bbox 2994 1534 3152 1587; x_wconf 84' lang='lat' dir='ltr'><strong>super</strong></span> <span class='ocrx_word' id='word_1_233' title='bbox 3180 1534 3359 1572; x_wconf 86' lang='lat' dir='ltr'><strong>omnes</strong></span> <span class='ocrx_word' id='word_1_234' title='bbox 3388 1518 3477 1587; x_wconf 89' lang='lat' dir='ltr'><strong>qui</strong></span> <span class='ocrx_word' id='word_1_235' title='bbox 3506 1518 3559 1571; x_wconf 86' lang='lat' dir='ltr'><strong>in</strong></span> 
     </span>
    </p>
   </div>
   <div class='ocr_carea' id='block_1_31' title="bbox 1982 1608 3558 1679">
    <p class='ocr_par' dir='ltr' id='par_1_31' title="bbox 1982 1608 3558 1679">
     <span class='ocr_line' id='line_1_31' title="bbox 1982 1608 3558 1679; baseline -0.001 -15"><span class='ocrx_word' id='word_1_236' title='bbox 1982 1609 2211 1664; x_wconf 86' lang='lat' dir='ltr'><strong>circuitu</strong></span> <span class='ocrx_word' id='word_1_237' title='bbox 2256 1609 2370 1679; x_wconf 88' lang='lat' dir='ltr'><strong>ejus</strong></span> <span class='ocrx_word' id='word_1_238' title='bbox 2418 1616 2563 1664; x_wconf 87' lang='lat' dir='ltr'><strong>sunt.</strong></span> <span class='ocrx_word' id='word_1_239' title='bbox 2615 1608 2735 1679; x_wconf 88' lang='lat' dir='ltr'><strong>Ipsa</strong></span> <span class='ocrx_word' id='word_1_240' title='bbox 2772 1623 2939 1679; x_wconf 89' lang='lat' dir='ltr'><strong>porro</strong></span> <span class='ocrx_word' id='word_1_241' title='bbox 2971 1608 3105 1662; x_wconf 88' lang='lat' dir='ltr'><strong>dicti</strong></span> <span class='ocrx_word' id='word_1_242' title='bbox 3152 1608 3421 1663; x_wconf 85' lang='lat' dir='ltr'><strong>sententia</strong></span> <span class='ocrx_word' id='word_1_243' title='bbox 3469 1622 3558 1662; x_wconf 80' lang='lat' dir='ltr'><strong>se-</strong></span> 
     </span>
    </p>
   </div>
   <div class='ocr_carea' id='block_1_32' title="bbox 1984 1700 3559 1771">
    <p class='ocr_par' dir='ltr' id='par_1_32' title="bbox 1984 1700 3559 1771">
     <span class='ocr_line' id='line_1_32' title="bbox 1984 1700 3559 1771; baseline -0.003 -16"><span class='ocrx_word' id='word_1_244' title='bbox 1984 1704 2121 1757; x_wconf 90' lang='lat' dir='ltr'><strong>riem</strong></span> <span class='ocrx_word' id='word_1_245' title='bbox 2154 1702 2350 1771; x_wconf 89' lang='lat' dir='ltr'><strong>aperit.</strong></span> <span class='ocrx_word' id='word_1_246' title='bbox 2383 1700 2519 1755; x_wconf 88' lang='lat' dir='ltr'><strong>Nam</strong></span> <span class='ocrx_word' id='word_1_247' title='bbox 2546 1701 2675 1771; x_wconf 82' lang='lat' dir='ltr'><strong>quia</strong></span> <span class='ocrx_word' id='word_1_248' title='bbox 2710 1710 2904 1770; x_wconf 85' lang='lat' dir='ltr'><strong>potens</strong></span> <span class='ocrx_word' id='word_1_249' title='bbox 2930 1714 3025 1765; x_wconf 90' lang='lat' dir='ltr'><strong>es,</strong></span> <span class='ocrx_word' id='word_1_250' title='bbox 3060 1701 3320 1767; x_wconf 89' lang='lat' dir='ltr'><strong>Domine,</strong></span> <span class='ocrx_word' id='word_1_251' title='bbox 3348 1700 3559 1771; x_wconf 86' lang='lat' dir='ltr'><strong>inquit,</strong></span> 
     </span>
    </p>
   </div>
   <div class='ocr_carea' id='block_1_33' title="bbox 1981 1789 3560 1861">
    <p class='ocr_par' dir='ltr' id='par_1_33' title="bbox 1981 1789 3560 1861">
     <span class='ocr_line' id='line_1_33' title="bbox 1981 1789 3560 1861; baseline -0.003 -15"><span class='ocrx_word' id='word_1_252' title='bbox 1981 1798 2037 1847; x_wconf 83' lang='lat' dir='ltr'><strong>et</strong></span> <span class='ocrx_word' id='word_1_253' title='bbox 2068 1791 2272 1845; x_wconf 89' lang='lat' dir='ltr'><strong>veritas</strong></span> <span class='ocrx_word' id='word_1_254' title='bbox 2301 1798 2396 1845; x_wconf 88' lang='lat' dir='ltr'><strong>tua</strong></span> <span class='ocrx_word' id='word_1_255' title='bbox 2427 1791 2487 1861; x_wconf 72' lang='lat' dir='ltr'><strong>in</strong></span> <span class='ocrx_word' id='word_1_256' title='bbox 2518 1791 2753 1844; x_wconf 89' lang='lat' dir='ltr'><strong>circuitu</strong></span> <span class='ocrx_word' id='word_1_257' title='bbox 2790 1801 2917 1854; x_wconf 91' lang='lat' dir='ltr'><strong>tuo,</strong></span> <span class='ocrx_word' id='word_1_258' title='bbox 2959 1789 3086 1859; x_wconf 88' lang='lat' dir='ltr'><strong>jure</strong></span> <span class='ocrx_word' id='word_1_259' title='bbox 3130 1804 3361 1858; x_wconf 76' lang='lat' dir='ltr'><strong>magnus</strong></span> <span class='ocrx_word' id='word_1_260' title='bbox 3406 1804 3467 1844; x_wconf 88' lang='lat' dir='ltr'><strong>es</strong></span> <span class='ocrx_word' id='word_1_261' title='bbox 3507 1796 3560 1843; x_wconf 89' lang='lat' dir='ltr'><strong>et</strong></span> 
     </span>
    </p>
   </div>
   <div class='ocr_carea' id='block_1_34' title="bbox 290 1880 1880 1960">
    <p class='ocr_par' dir='ltr' id='par_1_34' title="bbox 290 1883 1876 1960">
     <span class='ocr_line' id='line_1_34' title="bbox 290 1883 1876 1960; baseline -0.001 -18"><span class='ocrx_word' id='word_1_262' title='bbox 290 1885 361 1955; x_wconf 74' lang='grc' dir='ltr'>εἴ,</span> <span class='ocrx_word' id='word_1_263' title='bbox 395 1889 488 1941; x_wconf 73' lang='grc' dir='ltr'><strong>καὶ</strong></span> <span class='ocrx_word' id='word_1_264' title='bbox 526 1887 757 1958; x_wconf 75' lang='grc' dir='ltr'>φοϐερὸς</span> <span class='ocrx_word' id='word_1_265' title='bbox 804 1883 883 1952; x_wconf 78' lang='grc' dir='ltr'>εἶ,</span> <span class='ocrx_word' id='word_1_266' title='bbox 932 1887 1027 1940; x_wconf 75' lang='grc' dir='ltr'><strong>καὶ</strong></span> <span class='ocrx_word' id='word_1_267' title='bbox 1070 1885 1486 1957; x_wconf 77' lang='grc' dir='ltr'>ἐνδοξαζόμενος</span> <span class='ocrx_word' id='word_1_268' title='bbox 1528 1886 1579 1939; x_wconf 80' lang='grc' dir='ltr'><strong>εἰ</strong></span> <span class='ocrx_word' id='word_1_269' title='bbox 1620 1888 1679 1939; x_wconf 85' lang='grc' dir='ltr'>ὲν</span> <span class='ocrx_word' id='word_1_270' title='bbox 1714 1886 1876 1960; x_wconf 81' lang='grc' dir='ltr'>βουλῇ</span> 
     </span>
    </p>
   </div>
   <div class='ocr_carea' id='block_1_35' title="bbox 1983 1880 3557 1960">
    <p class='ocr_par' dir='ltr' id='par_1_35' title="bbox 1983 1880 3557 1950">
     <span class='ocr_line' id='line_1_35' title="bbox 1983 1880 3557 1950; baseline -0.003 -16"><span class='ocrx_word' id='word_1_271' title='bbox 1983 1881 2246 1936; x_wconf 87' lang='lat' dir='ltr'><strong>terribilis</strong></span> <span class='ocrx_word' id='word_1_272' title='bbox 2290 1887 2344 1935; x_wconf 89' lang='lat' dir='ltr'><strong>et</strong></span> <span class='ocrx_word' id='word_1_273' title='bbox 2382 1880 2725 1950; x_wconf 79' lang='lat' dir='ltr'><strong>glorilicatus</strong></span> <span class='ocrx_word' id='word_1_274' title='bbox 2758 1880 2813 1933; x_wconf 92' lang='lat' dir='ltr'><strong>in</strong></span> <span class='ocrx_word' id='word_1_275' title='bbox 2848 1880 3083 1934; x_wconf 89' lang='lat' dir='ltr'><strong>consilio</strong></span> <span class='ocrx_word' id='word_1_276' title='bbox 3128 1888 3476 1943; x_wconf 87' lang='lat' dir='ltr'><strong>sanctorum,</strong></span> <span class='ocrx_word' id='word_1_277' title='bbox 3508 1887 3557 1933; x_wconf 88' lang='lat' dir='ltr'><strong>et</strong></span> 
     </span>
    </p>
   </div>
   <div class='ocr_carea' id='block_1_36' title="bbox 291 1978 1873 2052">
    <p class='ocr_par' dir='ltr' id='par_1_36' title="bbox 291 1978 1873 2052">
     <span class='ocr_line' id='line_1_36' title="bbox 291 1978 1873 2052; baseline -0.002 -15"><span class='ocrx_word' id='word_1_278' title='bbox 291 1983 484 2052; x_wconf 80' lang='grc' dir='ltr'>ἁγίων,</span> <span class='ocrx_word' id='word_1_279' title='bbox 516 1983 612 2034; x_wconf 80' lang='grc' dir='ltr'><strong>καὶ</strong></span> <span class='ocrx_word' id='word_1_280' title='bbox 638 1982 695 2033; x_wconf 83' lang='grc' dir='ltr'>ὲν</span> <span class='ocrx_word' id='word_1_281' title='bbox 716 1983 828 2043; x_wconf 89' lang='grc' dir='ltr'>τοῖς</span> <span class='ocrx_word' id='word_1_282' title='bbox 856 1979 954 2051; x_wconf 80' lang='grc' dir='ltr'>τὴν</span> <span class='ocrx_word' id='word_1_283' title='bbox 984 1980 1081 2051; x_wconf 82' lang='grc' dir='ltr'>σὴν</span> <span class='ocrx_word' id='word_1_284' title='bbox 1116 1980 1346 2049; x_wconf 84' lang='grc' dir='ltr'>θεότητα</span> <span class='ocrx_word' id='word_1_285' title='bbox 1376 1978 1784 2051; x_wconf 80' lang='grc' dir='ltr'>περιπολοῦσιν,</span> <span class='ocrx_word' id='word_1_286' title='bbox 1802 1981 1873 2045; x_wconf 81' lang='grc' dir='ltr'>οἳ,</span> 
     </span>
    </p>
   </div>
   <div class='ocr_carea' id='block_1_37' title="bbox 292 2072 1877 2144">
    <p class='ocr_par' dir='ltr' id='par_1_37' title="bbox 292 2072 1877 2144">
     <span class='ocr_line' id='line_1_37' title="bbox 292 2072 1877 2144; baseline -0.003 -15"><span class='ocrx_word' id='word_1_287' title='bbox 292 2076 400 2129; x_wconf 83' lang='grc' dir='ltr'><strong>τῶν</strong></span> <span class='ocrx_word' id='word_1_288' title='bbox 440 2074 546 2128; x_wconf 94' lang='grc' dir='ltr'><strong>σῶν</strong></span> <span class='ocrx_word' id='word_1_289' title='bbox 568 2072 912 2141; x_wconf 79' lang='grc' dir='ltr'>ἐπαγγελιῶν</span> <span class='ocrx_word' id='word_1_290' title='bbox 944 2074 1043 2143; x_wconf 84' lang='grc' dir='ltr'><strong>τὴν</strong></span> <span class='ocrx_word' id='word_1_291' title='bbox 1092 2072 1352 2144; x_wconf 83' lang='grc' dir='ltr'>ἀλήθειαν</span> <span class='ocrx_word' id='word_1_292' title='bbox 1381 2072 1734 2144; x_wconf 84' lang='grc' dir='ltr'>συνορῶντες,</span> <span class='ocrx_word' id='word_1_293' title='bbox 1776 2073 1877 2138; x_wconf 81' lang='grc' dir='ltr'><strong>τὰς</strong></span> 
     </span>
    </p>
   </div>
   <div class='ocr_carea' id='block_1_38' title="bbox 292 2163 1877 2240">
    <p class='ocr_par' dir='ltr' id='par_1_38' title="bbox 292 2163 1877 2240">
     <span class='ocr_line' id='line_1_38' title="bbox 292 2163 1877 2240; baseline -0.004 -18"><span class='ocrx_word' id='word_1_294' title='bbox 292 2169 609 2240; x_wconf 85' lang='grc' dir='ltr'>πρεπούσας</span> <span class='ocrx_word' id='word_1_295' title='bbox 666 2166 1020 2237; x_wconf 82' lang='grc' dir='ltr'>εὐχαριστίας</span> <span class='ocrx_word' id='word_1_296' title='bbox 1071 2164 1211 2236; x_wconf 83' lang='grc' dir='ltr'>μετὰ</span> <span class='ocrx_word' id='word_1_297' title='bbox 1260 2163 1587 2235; x_wconf 82' lang='grc' dir='ltr'>θαυμασμοῦ</span> <span class='ocrx_word' id='word_1_298' title='bbox 1634 2164 1733 2234; x_wconf 86' lang='grc' dir='ltr'><strong>τῆς</strong></span> <span class='ocrx_word' id='word_1_299' title='bbox 1779 2165 1877 2236; x_wconf 86' lang='grc' dir='ltr'>σῆς</span> 
     </span>
    </p>
   </div>
   <div class='ocr_carea' id='block_1_39' title="bbox 292 2255 1872 2331">
    <p class='ocr_par' dir='ltr' id='par_1_39' title="bbox 292 2255 1872 2331">
     <span class='ocr_line' id='line_1_39' title="bbox 292 2255 1872 2331; baseline -0.003 -17"><span class='ocrx_word' id='word_1_300' title='bbox 292 2261 545 2331; x_wconf 82' lang='grc' dir='ltr'>θεότητος</span> <span class='ocrx_word' id='word_1_301' title='bbox 578 2259 984 2330; x_wconf 75' lang='grc' dir='ltr'>άναπέμποῠσι.</span> <span class='ocrx_word' id='word_1_302' title='bbox 1032 2258 1124 2311; x_wconf 83' lang='grc' dir='ltr'><strong>Διὸ</strong></span> <span class='ocrx_word' id='word_1_303' title='bbox 1166 2255 1348 2327; x_wconf 81' lang='grc' dir='ltr'>μικρῷ</span> <span class='ocrx_word' id='word_1_304' title='bbox 1383 2256 1617 2327; x_wconf 83' lang='grc' dir='ltr'>πρόσθεν</span> <span class='ocrx_word' id='word_1_305' title='bbox 1655 2255 1872 2323; x_wconf 75' lang='grc' dir='ltr'>ἔλεγον·</span> 
     </span>
    </p>
   </div>
   <div class='ocr_carea' id='block_1_40' title="bbox 303 2346 1874 2422">
    <p class='ocr_par' dir='ltr' id='par_1_40' title="bbox 303 2346 1874 2422">
     <span class='ocr_line' id='line_1_40' title="bbox 303 2346 1874 2422; baseline -0.001 -18"><span class='ocrx_word' id='word_1_306' title='bbox 303 2351 879 2422; x_wconf 76' lang='grc' dir='ltr'>Ἐξομολογήσονται</span> <span class='ocrx_word' id='word_1_307' title='bbox 904 2353 959 2404; x_wconf 90' lang='lat' dir='ltr'><strong>ol</strong></span> <span class='ocrx_word' id='word_1_308' title='bbox 1005 2348 1247 2418; x_wconf 86' lang='grc' dir='ltr'>οὐρανοί</span> <span class='ocrx_word' id='word_1_309' title='bbox 1294 2348 1366 2402; x_wconf 81' lang='grc' dir='ltr'>τὰ</span> <span class='ocrx_word' id='word_1_310' title='bbox 1400 2346 1708 2417; x_wconf 83' lang='grc' dir='ltr'>θαυμάσιά</span> <span class='ocrx_word' id='word_1_311' title='bbox 1735 2364 1874 2414; x_wconf 86' lang='grc' dir='ltr'>σου,</span> 
     </span>
    </p>
   </div>
   <div class='ocr_carea' id='block_1_41' title="bbox 291 2436 1696 2514">
    <p class='ocr_par' dir='ltr' id='par_1_41' title="bbox 291 2436 1696 2514">
     <span class='ocr_line' id='line_1_41' title="bbox 291 2436 1696 2514; baseline -0.004 -13"><span class='ocrx_word' id='word_1_312' title='bbox 291 2447 390 2502; x_wconf 77' lang='grc' dir='ltr'>καὶ</span> <span class='ocrx_word' id='word_1_313' title='bbox 424 2446 540 2514; x_wconf 81' lang='grc' dir='ltr'>τὴν</span> <span class='ocrx_word' id='word_1_314' title='bbox 570 2444 861 2513; x_wconf 75' lang='grc' dir='ltr'>ἀλήθειάν</span> <span class='ocrx_word' id='word_1_315' title='bbox 890 2459 1006 2497; x_wconf 90' lang='grc' dir='ltr'><strong>σου</strong></span> <span class='ocrx_word' id='word_1_316' title='bbox 1039 2443 1109 2496; x_wconf 84' lang='grc' dir='ltr'>ὲν</span> <span class='ocrx_word' id='word_1_317' title='bbox 1143 2442 1470 2509; x_wconf 72' lang='grc' dir='ltr'>Ἐκκλησία</span> <span class='ocrx_word' id='word_1_318' title='bbox 1492 2436 1696 2511; x_wconf 79' lang='grc' dir='ltr'>άγίῶν.</span> 
     </span>
    </p>
   </div>
   <div class='ocr_carea' id='block_1_42' title="bbox 361 2532 1869 2605">
    <p class='ocr_par' dir='ltr' id='par_1_42' title="bbox 361 2532 1869 2605">
     <span class='ocr_line' id='line_1_42' title="bbox 361 2532 1869 2605; baseline -0.004 -13"><span class='ocrx_word' id='word_1_319' title='bbox 361 2538 538 2605; x_wconf 83' lang='grc' dir='ltr'>Κύριε</span> <span class='ocrx_word' id='word_1_320' title='bbox 569 2539 603 2590; x_wconf 83' lang='grc' dir='ltr'><strong>ό</strong></span> <span class='ocrx_word' id='word_1_321' title='bbox 642 2536 787 2602; x_wconf 85' lang='grc' dir='ltr'>Θεὸς</span> <span class='ocrx_word' id='word_1_322' title='bbox 815 2535 937 2589; x_wconf 85' lang='grc' dir='ltr'><strong>τῶν</strong></span> <span class='ocrx_word' id='word_1_323' title='bbox 966 2533 1312 2604; x_wconf 80' lang='grc' dir='ltr'>δυνάμεων,</span> <span class='ocrx_word' id='word_1_324' title='bbox 1357 2534 1451 2599; x_wconf 87' lang='grc' dir='ltr'><strong>τίς</strong></span> <span class='ocrx_word' id='word_1_325' title='bbox 1487 2532 1689 2601; x_wconf 87' lang='grc' dir='ltr'>ὅμοιός</span> <span class='ocrx_word' id='word_1_326' title='bbox 1731 2549 1869 2597; x_wconf 72' lang='grc' dir='ltr'>σοις</span> 
     </span>
    </p>
   </div>
   <div class='ocr_carea' id='block_1_43' title="bbox 292 2626 1873 2698">
    <p class='ocr_par' dir='ltr' id='par_1_43' title="bbox 292 2626 1873 2698">
     <span class='ocr_line' id='line_1_43' title="bbox 292 2626 1873 2698; baseline -0.003 -14"><span class='ocrx_word' id='word_1_327' title='bbox 292 2631 556 2696; x_wconf 80' lang='grc' dir='ltr'>Δυνατὸς</span> <span class='ocrx_word' id='word_1_328' title='bbox 582 2626 655 2694; x_wconf 76' lang='grc' dir='ltr'>εἴ,</span> <span class='ocrx_word' id='word_1_329' title='bbox 684 2630 884 2698; x_wconf 86' lang='grc' dir='ltr'>Κύριε,</span> <span class='ocrx_word' id='word_1_330' title='bbox 906 2628 1003 2682; x_wconf 80' lang='grc' dir='ltr'>καὶ</span> <span class='ocrx_word' id='word_1_331' title='bbox 1025 2630 1063 2697; x_wconf 81' lang='grc' dir='ltr'><strong><em>ἠ</em></strong></span> <span class='ocrx_word' id='word_1_332' title='bbox 1094 2626 1347 2696; x_wconf 77' lang='grc' dir='ltr'>ἀλήθειά</span> <span class='ocrx_word' id='word_1_333' title='bbox 1370 2641 1487 2680; x_wconf 91' lang='grc' dir='ltr'><strong>σου</strong></span> <span class='ocrx_word' id='word_1_334' title='bbox 1508 2626 1712 2691; x_wconf 77' lang='grc' dir='ltr'>κύκλῳ</span> <span class='ocrx_word' id='word_1_335' title='bbox 1737 2641 1873 2680; x_wconf 83' lang='grc' dir='ltr'>σου.</span> 
     </span>
    </p>
   </div>
   <div class='ocr_carea' id='block_1_44' title="bbox 293 2716 1878 2789">
    <p class='ocr_par' dir='ltr' id='par_1_44' title="bbox 293 2716 1878 2789">
     <span class='ocr_line' id='line_1_44' title="bbox 293 2716 1878 2789; baseline -0.003 -14"><span class='ocrx_word' id='word_1_336' title='bbox 293 2723 378 2775; x_wconf 89' lang='grc' dir='ltr'><strong>Σὺ</strong></span> <span class='ocrx_word' id='word_1_337' title='bbox 408 2720 716 2787; x_wconf 79' lang='grc' dir='ltr'>δεσπόζεις</span> <span class='ocrx_word' id='word_1_338' title='bbox 743 2721 850 2776; x_wconf 90' lang='grc' dir='ltr'><strong>τοῦ</strong></span> <span class='ocrx_word' id='word_1_339' title='bbox 886 2720 1144 2789; x_wconf 82' lang='grc' dir='ltr'>κράτους</span> <span class='ocrx_word' id='word_1_340' title='bbox 1168 2718 1279 2787; x_wconf 83' lang='grc' dir='ltr'>τῆς</span> <span class='ocrx_word' id='word_1_341' title='bbox 1303 2717 1641 2785; x_wconf 78' lang='grc' dir='ltr'>θαλάσσης,</span> <span class='ocrx_word' id='word_1_342' title='bbox 1671 2717 1780 2771; x_wconf 88' lang='grc' dir='ltr'>τὸν</span> <span class='ocrx_word' id='word_1_343' title='bbox 1810 2716 1878 2771; x_wconf 80' lang='grc' dir='ltr'>δὲ</span> 
     </span>
    </p>
   </div>
   <div class='ocr_carea' id='block_1_45' title="bbox 295 2808 1878 2883">
    <p class='ocr_par' dir='ltr' id='par_1_45' title="bbox 295 2808 1878 2883">
     <span class='ocr_line' id='line_1_45' title="bbox 295 2808 1878 2883; baseline -0.003 -15"><span class='ocrx_word' id='word_1_344' title='bbox 295 2814 492 2869; x_wconf 76' lang='grc' dir='ltr'>σάλον</span> <span class='ocrx_word' id='word_1_345' title='bbox 512 2813 633 2868; x_wconf 87' lang='grc' dir='ltr'><strong>τῶν</strong></span> <span class='ocrx_word' id='word_1_346' title='bbox 666 2812 948 2883; x_wconf 83' lang='grc' dir='ltr'>κυμάτων</span> <span class='ocrx_word' id='word_1_347' title='bbox 973 2809 1166 2879; x_wconf 83' lang='grc' dir='ltr'>αὐτῆς</span> <span class='ocrx_word' id='word_1_348' title='bbox 1190 2810 1272 2865; x_wconf 88' lang='grc' dir='ltr'>σὺ</span> <span class='ocrx_word' id='word_1_349' title='bbox 1304 2810 1761 2878; x_wconf 80' lang='grc' dir='ltr'>καταπραΰνεις.</span> <span class='ocrx_word' id='word_1_350' title='bbox 1792 2808 1878 2863; x_wconf 89' lang='grc' dir='ltr'><strong>Σὺ</strong></span> 
     </span>
    </p>
   </div>
   <div class='ocr_carea' id='block_1_46' title="bbox 294 2899 1878 2972">
    <p class='ocr_par' dir='ltr' id='par_1_46' title="bbox 294 2899 1878 2972">
     <span class='ocr_line' id='line_1_46' title="bbox 294 2899 1878 2972; baseline -0.003 -15"><span class='ocrx_word' id='word_1_351' title='bbox 294 2904 702 2970; x_wconf 80' lang='grc' dir='ltr'>ὲταπείνωσας</span> <span class='ocrx_word' id='word_1_352' title='bbox 733 2905 814 2970; x_wconf 88' lang='grc' dir='ltr'><strong>ὡς</strong></span> <span class='ocrx_word' id='word_1_353' title='bbox 853 2903 1219 2972; x_wconf 79' lang='grc' dir='ltr'>τραυματίαν</span> <span class='ocrx_word' id='word_1_354' title='bbox 1245 2899 1639 2971; x_wconf 70' lang='grc' dir='ltr'>ὑπερήφανον</span> <span class='ocrx_word' id='word_1_355' title='bbox 1679 2902 1750 2955; x_wconf 77' lang='grc' dir='ltr'>ἐν</span> <span class='ocrx_word' id='word_1_356' title='bbox 1796 2901 1878 2967; x_wconf 86' lang='grc' dir='ltr'>τῷ</span> 
     </span>
    </p>
   </div>
   <div class='ocr_carea' id='block_1_47' title="bbox 298 2992 1879 3065">
    <p class='ocr_par' dir='ltr' id='par_1_47' title="bbox 298 2992 1879 3065">
     <span class='ocr_line' id='line_1_47' title="bbox 298 2992 1879 3065; baseline -0.001 -18"><span class='ocrx_word' id='word_1_357' title='bbox 298 2996 575 3065; x_wconf 80' lang='grc' dir='ltr'>ϐραχίονι</span> <span class='ocrx_word' id='word_1_358' title='bbox 617 2994 729 3063; x_wconf 82' lang='grc' dir='ltr'>τῆς</span> <span class='ocrx_word' id='word_1_359' title='bbox 759 2994 1067 3064; x_wconf 83' lang='grc' dir='ltr'>δυνάμεώς</span> <span class='ocrx_word' id='word_1_360' title='bbox 1105 3009 1221 3049; x_wconf 83' lang='grc' dir='ltr'><strong>σου</strong></span> <span class='ocrx_word' id='word_1_361' title='bbox 1260 2993 1691 3062; x_wconf 81' lang='grc' dir='ltr'>διεσκόρπισας</span> <span class='ocrx_word' id='word_1_362' title='bbox 1737 2992 1879 3059; x_wconf 90' lang='grc' dir='ltr'>τοὺς</span> 
     </span>
    </p>
   </div>
   <div class='ocr_carea' id='block_1_48' title="bbox 292 3085 1876 3157">
    <p class='ocr_par' dir='ltr' id='par_1_48' title="bbox 292 3085 1876 3157">
     <span class='ocr_line' id='line_1_48' title="bbox 292 3085 1876 3157; baseline -0.001 -17"><span class='ocrx_word' id='word_1_363' title='bbox 292 3087 545 3156; x_wconf 76' lang='grc' dir='ltr'>ἐχθρούς</span> <span class='ocrx_word' id='word_1_364' title='bbox 583 3102 723 3141; x_wconf 89' lang='grc' dir='ltr'>σου.</span> <span class='ocrx_word' id='word_1_365' title='bbox 755 3086 863 3140; x_wconf 76' lang='grc' dir='ltr'><strong>Καὶ</strong></span> <span class='ocrx_word' id='word_1_366' title='bbox 899 3088 957 3140; x_wconf 82' lang='grc' dir='ltr'>ὲν</span> <span class='ocrx_word' id='word_1_367' title='bbox 994 3086 1203 3149; x_wconf 88' lang='grc' dir='ltr'>τούτοις</span> <span class='ocrx_word' id='word_1_368' title='bbox 1232 3086 1385 3139; x_wconf 83' lang='grc' dir='ltr'>οὐδὲν</span> <span class='ocrx_word' id='word_1_369' title='bbox 1420 3085 1611 3157; x_wconf 85' lang='grc' dir='ltr'>ἀφίησι</span> <span class='ocrx_word' id='word_1_370' title='bbox 1648 3086 1756 3139; x_wconf 87' lang='grc' dir='ltr'><strong>τῶν</strong></span> <span class='ocrx_word' id='word_1_371' title='bbox 1781 3102 1876 3153; x_wconf 90' lang='grc' dir='ltr'>γε-</span> 
     </span>
    </p>
   </div>
   <div class='ocr_carea' id='block_1_49' title="bbox 295 3175 1873 3249">
    <p class='ocr_par' dir='ltr' id='par_1_49' title="bbox 295 3175 1873 3249">
     <span class='ocr_line' id='line_1_49' title="bbox 295 3175 1873 3249; baseline -0.002 -16"><span class='ocrx_word' id='word_1_372' title='bbox 295 3180 473 3249; x_wconf 91' lang='grc' dir='ltr'>νητῶν</span> <span class='ocrx_word' id='word_1_373' title='bbox 505 3175 645 3232; x_wconf 78' lang='grc' dir='ltr'>εἶναι</span> <span class='ocrx_word' id='word_1_374' title='bbox 672 3180 856 3249; x_wconf 85' lang='grc' dir='ltr'>ὅμοιον</span> <span class='ocrx_word' id='word_1_375' title='bbox 883 3178 963 3248; x_wconf 87' lang='grc' dir='ltr'><strong>τῷ</strong></span> <span class='ocrx_word' id='word_1_376' title='bbox 994 3177 1398 3249; x_wconf 80' lang='grc' dir='ltr'>θεολογουμένῳ</span> <span class='ocrx_word' id='word_1_377' title='bbox 1436 3177 1551 3247; x_wconf 87' lang='grc' dir='ltr'><strong>Υἰῷ</strong></span> <span class='ocrx_word' id='word_1_378' title='bbox 1575 3176 1669 3230; x_wconf 91' lang='grc' dir='ltr'><strong>τοῦ</strong></span> <span class='ocrx_word' id='word_1_379' title='bbox 1708 3176 1873 3230; x_wconf 85' lang='grc' dir='ltr'>Θεοῦ·</span> 
     </span>
    </p>
   </div>
   <div class='ocr_carea' id='block_1_50' title="bbox 294 3268 1878 3346">
    <p class='ocr_par' dir='ltr' id='par_1_50' title="bbox 294 3268 1878 3346">
     <span class='ocr_line' id='line_1_50' title="bbox 294 3268 1878 3346; baseline -0.002 -19"><span class='ocrx_word' id='word_1_380' title='bbox 294 3274 458 3328; x_wconf 85' lang='grc' dir='ltr'>αὐτὸν</span> <span class='ocrx_word' id='word_1_381' title='bbox 487 3274 597 3346; x_wconf 86' lang='grc' dir='ltr'>γὰρ</span> <span class='ocrx_word' id='word_1_382' title='bbox 644 3268 784 3327; x_wconf 74' lang='grc' dir='ltr'>εἶναι</span> <span class='ocrx_word' id='word_1_383' title='bbox 818 3273 909 3327; x_wconf 84' lang='grc' dir='ltr'>τὸν</span> <span class='ocrx_word' id='word_1_384' title='bbox 937 3272 1162 3326; x_wconf 83' lang='grc' dir='ltr'>δυνατὸν</span> <span class='ocrx_word' id='word_1_385' title='bbox 1181 3312 1196 3336; x_wconf 94' lang='grc'><strong>,</strong></span> <span class='ocrx_word' id='word_1_386' title='bbox 1240 3272 1449 3325; x_wconf 74' lang='grc' dir='ltr'>καὶτὸν</span> <span class='ocrx_word' id='word_1_387' title='bbox 1480 3270 1591 3325; x_wconf 92' lang='grc' dir='ltr'><strong>τῶν</strong></span> <span class='ocrx_word' id='word_1_388' title='bbox 1637 3268 1878 3324; x_wconf 85' lang='grc' dir='ltr'>δυνατῶν</span> 
     </span>
    </p>
   </div>
   <div class='ocr_carea' id='block_1_51' title="bbox 294 3364 1880 3438">
    <p class='ocr_par' dir='ltr' id='par_1_51' title="bbox 294 3364 1880 3438">
     <span class='ocr_line' id='line_1_51' title="bbox 294 3364 1880 3438; baseline -0.003 -17"><span class='ocrx_word' id='word_1_389' title='bbox 294 3367 449 3433; x_wconf 81' lang='grc' dir='ltr'>Θεὸν,</span> <span class='ocrx_word' id='word_1_390' title='bbox 508 3369 601 3422; x_wconf 77' lang='grc' dir='ltr'><strong>καὶ</strong></span> <span class='ocrx_word' id='word_1_391' title='bbox 630 3367 808 3421; x_wconf 81' lang='grc' dir='ltr'>αὐτῶν</span> <span class='ocrx_word' id='word_1_392' title='bbox 833 3367 942 3419; x_wconf 88' lang='grc' dir='ltr'><strong>τῶν</strong></span> <span class='ocrx_word' id='word_1_393' title='bbox 979 3366 1262 3438; x_wconf 84' lang='grc' dir='ltr'>δυνάμεων</span> <span class='ocrx_word' id='word_1_394' title='bbox 1307 3367 1532 3437; x_wconf 84' lang='grc' dir='ltr'>Κύριον,</span> <span class='ocrx_word' id='word_1_395' title='bbox 1564 3366 1640 3428; x_wconf 82' lang='grc' dir='ltr'>ὡς</span> <span class='ocrx_word' id='word_1_396' title='bbox 1675 3364 1880 3436; x_wconf 80' lang='grc' dir='ltr'>μηδένα</span> 
     </span>
    </p>
   </div>
   <div class='ocr_carea' id='block_1_52' title="bbox 295 3457 1883 3531">
    <p class='ocr_par' dir='ltr' id='par_1_52' title="bbox 295 3457 1883 3531">
     <span class='ocr_line' id='line_1_52' title="bbox 295 3457 1883 3531; baseline -0.003 -18"><span class='ocrx_word' id='word_1_397' title='bbox 295 3460 445 3531; x_wconf 83' lang='grc' dir='ltr'>αὐτῷ</span> <span class='ocrx_word' id='word_1_398' title='bbox 469 3460 768 3527; x_wconf 84' lang='grc' dir='ltr'>ἀντιλέγειν</span> <span class='ocrx_word' id='word_1_399' title='bbox 794 3458 1073 3522; x_wconf 90' lang='grc' dir='ltr'>δύνασθαι,</span> <span class='ocrx_word' id='word_1_400' title='bbox 1108 3459 1242 3530; x_wconf 82' lang='grc' dir='ltr'>μηδὲ</span> <span class='ocrx_word' id='word_1_401' title='bbox 1279 3461 1346 3529; x_wconf 81' lang='grc' dir='ltr'>τῇ</span> <span class='ocrx_word' id='word_1_402' title='bbox 1387 3458 1551 3512; x_wconf 82' lang='grc' dir='ltr'>αὑτοῦ</span> <span class='ocrx_word' id='word_1_403' title='bbox 1594 3457 1756 3529; x_wconf 85' lang='grc' dir='ltr'>βουλῇ</span> <span class='ocrx_word' id='word_1_404' title='bbox 1790 3458 1883 3510; x_wconf 85' lang='grc' dir='ltr'><strong>ἀν-</strong></span> 
     </span>
    </p>
   </div>
   <div class='ocr_carea' id='block_1_53' title="bbox 298 3550 1881 3621">
    <p class='ocr_par' dir='ltr' id='par_1_53' title="bbox 298 3550 1881 3621">
     <span class='ocr_line' id='line_1_53' title="bbox 298 3550 1881 3621; baseline -0.001 -16"><span class='ocrx_word' id='word_1_405' title='bbox 298 3552 612 3606; x_wconf 76' lang='grc' dir='ltr'>θίστασθαιο</span> <span class='ocrx_word' id='word_1_406' title='bbox 653 3552 719 3605; x_wconf 87' lang='grc' dir='ltr'>δι’</span> <span class='ocrx_word' id='word_1_407' title='bbox 754 3552 783 3605; x_wconf 83' lang='grc' dir='ltr'><strong>ὃ</strong></span> <span class='ocrx_word' id='word_1_408' title='bbox 827 3552 1007 3620; x_wconf 81' lang='grc' dir='ltr'>λέγειν</span> <span class='ocrx_word' id='word_1_409' title='bbox 1036 3552 1199 3605; x_wconf 82' lang='grc' dir='ltr'>αὐτὸν</span> <span class='ocrx_word' id='word_1_410' title='bbox 1234 3552 1327 3605; x_wconf 76' lang='grc' dir='ltr'>καὶ</span> <span class='ocrx_word' id='word_1_411' title='bbox 1369 3554 1561 3617; x_wconf 83' lang='grc' dir='ltr'>ποιεῖν,</span> <span class='ocrx_word' id='word_1_412' title='bbox 1586 3551 1680 3604; x_wconf 80' lang='grc' dir='ltr'>ἅτε</span> <span class='ocrx_word' id='word_1_413' title='bbox 1723 3550 1881 3621; x_wconf 89' lang='grc' dir='ltr'>μόνον</span> 
     </span>
    </p>
   </div>
   <div class='ocr_carea' id='block_1_54' title="bbox 294 3642 1883 3714">
    <p class='ocr_par' dir='ltr' id='par_1_54' title="bbox 294 3642 1883 3714">
     <span class='ocr_line' id='line_1_54' title="bbox 294 3642 1883 3714; baseline -0.001 -18"><span class='ocrx_word' id='word_1_414' title='bbox 294 3644 549 3709; x_wconf 81' lang='grc' dir='ltr'>δυνατὸν,</span> <span class='ocrx_word' id='word_1_415' title='bbox 600 3645 669 3697; x_wconf 83' lang='grc' dir='ltr'>τὰ</span> <span class='ocrx_word' id='word_1_416' title='bbox 712 3644 919 3697; x_wconf 89' lang='grc' dir='ltr'>πάντα·</span> <span class='ocrx_word' id='word_1_417' title='bbox 955 3643 1017 3696; x_wconf 84' lang='grc' dir='ltr'><strong>τὸ</strong></span> <span class='ocrx_word' id='word_1_418' title='bbox 1044 3642 1185 3714; x_wconf 85' lang='grc' dir='ltr'>γὰρ,</span> <span class='ocrx_word' id='word_1_419' title='bbox 1245 3644 1340 3709; x_wconf 86' lang='grc' dir='ltr'>Τίς</span> <span class='ocrx_word' id='word_1_420' title='bbox 1371 3643 1571 3712; x_wconf 85' lang='grc' dir='ltr'>ὅμοιός</span> <span class='ocrx_word' id='word_1_421' title='bbox 1618 3658 1754 3706; x_wconf 86' lang='grc' dir='ltr'>σοι;</span> <span class='ocrx_word' id='word_1_422' title='bbox 1788 3644 1883 3695; x_wconf 78' lang='grc' dir='ltr'><strong>καὶ</strong></span> 
     </span>
    </p>
   </div>
   <div class='ocr_carea' id='block_1_55' title="bbox 295 3734 1883 3807">
    <p class='ocr_par' dir='ltr' id='par_1_55' title="bbox 295 3734 1883 3807">
     <span class='ocr_line' id='line_1_55' title="bbox 295 3734 1883 3807; baseline 0.001 -22"><span class='ocrx_word' id='word_1_423' title='bbox 295 3734 530 3787; x_wconf 78' lang='grc' dir='ltr'>ἐνταῦθα</span> <span class='ocrx_word' id='word_1_424' title='bbox 560 3735 662 3789; x_wconf 80' lang='grc' dir='ltr'><strong>οὐκ</strong></span> <span class='ocrx_word' id='word_1_425' title='bbox 700 3736 791 3789; x_wconf 71' lang='grc' dir='ltr'>ἐπὶ</span> <span class='ocrx_word' id='word_1_426' title='bbox 824 3734 919 3787; x_wconf 90' lang='grc' dir='ltr'><strong>τοῦ</strong></span> <span class='ocrx_word' id='word_1_427' title='bbox 952 3735 1201 3801; x_wconf 87' lang='grc' dir='ltr'>σπανίου,</span> <span class='ocrx_word' id='word_1_428' title='bbox 1246 3735 1358 3788; x_wconf 84' lang='grc' dir='ltr'>ἀλλ’</span> <span class='ocrx_word' id='word_1_429' title='bbox 1402 3735 1495 3787; x_wconf 75' lang='grc' dir='ltr'>ἐπὶ</span> <span class='ocrx_word' id='word_1_430' title='bbox 1532 3736 1624 3789; x_wconf 89' lang='grc' dir='ltr'><strong>τοῦ</strong></span> <span class='ocrx_word' id='word_1_431' title='bbox 1658 3735 1883 3807; x_wconf 78' lang='grc' dir='ltr'>μηδενὸς</span> 
     </span>
    </p>
   </div>
   <div class='ocr_carea' id='block_1_56' title="bbox 296 3823 1882 3899">
    <p class='ocr_par' dir='ltr' id='par_1_56' title="bbox 296 3823 1882 3899">
     <span class='ocr_line' id='line_1_56' title="bbox 296 3823 1882 3899; baseline 0.001 -22"><span class='ocrx_word' id='word_1_432' title='bbox 296 3826 683 3896; x_wconf 86' lang='grc' dir='ltr'>παρείληπται.</span> <span class='ocrx_word' id='word_1_433' title='bbox 720 3827 923 3881; x_wconf 83' lang='grc' dir='ltr'>Οὐδένα</span> <span class='ocrx_word' id='word_1_434' title='bbox 947 3826 1079 3895; x_wconf 90' lang='grc' dir='ltr'>γοῦν</span> <span class='ocrx_word' id='word_1_435' title='bbox 1109 3828 1292 3898; x_wconf 82' lang='grc' dir='ltr'>ὅμοιον</span> <span class='ocrx_word' id='word_1_436' title='bbox 1328 3823 1468 3881; x_wconf 83' lang='grc' dir='ltr'>εἷναί</span> <span class='ocrx_word' id='word_1_437' title='bbox 1504 3844 1636 3898; x_wconf 83' lang='grc' dir='ltr'>φησι</span> <span class='ocrx_word' id='word_1_438' title='bbox 1668 3827 1745 3899; x_wconf 84' lang='grc' dir='ltr'>τῷ</span> <span class='ocrx_word' id='word_1_439' title='bbox 1784 3846 1882 3880; x_wconf 90' lang='grc' dir='ltr'>κυ-</span> 
     </span>
    </p>
   </div>
   <div class='ocr_carea' id='block_1_57' title="bbox 300 3917 1883 3992">
    <p class='ocr_par' dir='ltr' id='par_1_57' title="bbox 300 3917 1883 3992">
     <span class='ocr_line' id='line_1_57' title="bbox 300 3917 1883 3992; baseline 0.002 -23"><span class='ocrx_word' id='word_1_440' title='bbox 300 3917 725 3989; x_wconf 88' lang='grc' dir='ltr'>ριολογουμένῳ,</span> <span class='ocrx_word' id='word_1_441' title='bbox 748 3920 1237 3992; x_wconf 76' lang='grc' dir='ltr'>ἀντιπαραϐάλλων</span> <span class='ocrx_word' id='word_1_442' title='bbox 1269 3920 1418 3990; x_wconf 84' lang='grc' dir='ltr'>αὑτῷ</span> <span class='ocrx_word' id='word_1_443' title='bbox 1462 3921 1588 3983; x_wconf 82' lang='grc' dir='ltr'>τοὺς</span> <span class='ocrx_word' id='word_1_444' title='bbox 1626 3920 1883 3991; x_wconf 86' lang='grc' dir='ltr'>ἀνωτέρω</span> 
     </span>
    </p>
   </div>
   <div class='ocr_carea' id='block_1_58' title="bbox 299 4009 1886 4083">
    <p class='ocr_par' dir='ltr' id='par_1_58' title="bbox 299 4009 1886 4083">
     <span class='ocr_line' id='line_1_58' title="bbox 299 4009 1886 4083; baseline 0.003 -23"><span class='ocrx_word' id='word_1_445' title='bbox 299 4009 617 4080; x_wconf 79' lang='grc' dir='ltr'>εἰρημένους</span> <span class='ocrx_word' id='word_1_446' title='bbox 657 4011 805 4074; x_wconf 82' lang='grc' dir='ltr'>υἱοὺς</span> <span class='ocrx_word' id='word_1_447' title='bbox 847 4011 1004 4064; x_wconf 90' lang='grc' dir='ltr'>Θεοῦ.</span> <span class='ocrx_word' id='word_1_448' title='bbox 1037 4012 1150 4081; x_wconf 85' lang='grc' dir='ltr'><strong>Τῆς</strong></span> <span class='ocrx_word' id='word_1_449' title='bbox 1187 4011 1297 4083; x_wconf 85' lang='grc' dir='ltr'><strong>γὰρ</strong></span> <span class='ocrx_word' id='word_1_450' title='bbox 1337 4012 1509 4082; x_wconf 79' lang='grc' dir='ltr'>αὐτῆς</span> <span class='ocrx_word' id='word_1_451' title='bbox 1548 4012 1729 4082; x_wconf 79' lang='grc' dir='ltr'>ἔχεται</span> <span class='ocrx_word' id='word_1_452' title='bbox 1771 4013 1886 4065; x_wconf 88' lang='grc' dir='ltr'>δια-</span> 
     </span>
    </p>
   </div>
   <div class='ocr_carea' id='block_1_59' title="bbox 300 4098 1887 4175">
    <p class='ocr_par' dir='ltr' id='par_1_59' title="bbox 300 4098 1887 4175">
     <span class='ocr_line' id='line_1_59' title="bbox 300 4098 1887 4175; baseline 0.001 -21"><span class='ocrx_word' id='word_1_453' title='bbox 300 4101 443 4165; x_wconf 76' lang='grc' dir='ltr'>νοίας</span> <span class='ocrx_word' id='word_1_454' title='bbox 472 4102 539 4155; x_wconf 84' lang='grc' dir='ltr'><strong>τά</strong></span> <span class='ocrx_word' id='word_1_455' title='bbox 570 4102 813 4173; x_wconf 86' lang='grc' dir='ltr'>παρόντα</span> <span class='ocrx_word' id='word_1_456' title='bbox 841 4102 1024 4156; x_wconf 76' lang='grc' dir='ltr'>καὶτὰ</span> <span class='ocrx_word' id='word_1_457' title='bbox 1051 4104 1315 4175; x_wconf 87' lang='grc' dir='ltr'>πρότερα,</span> <span class='ocrx_word' id='word_1_458' title='bbox 1340 4104 1397 4156; x_wconf 83' lang='grc' dir='ltr'><strong>ὲν</strong></span> <span class='ocrx_word' id='word_1_459' title='bbox 1419 4098 1500 4166; x_wconf 76' lang='grc' dir='ltr'>οἷς</span> <span class='ocrx_word' id='word_1_460' title='bbox 1531 4104 1740 4175; x_wconf 78' lang='grc' dir='ltr'>είρητο’</span> <span class='ocrx_word' id='word_1_461' title='bbox 1766 4105 1887 4156; x_wconf 89' lang='grc' dir='ltr'>Ὅτι</span> 
     </span>
    </p>
   </div>
   <div class='ocr_carea' id='block_1_60' title="bbox 300 4191 1887 4262">
    <p class='ocr_par' dir='ltr' id='par_1_60' title="bbox 300 4191 1887 4262">
     <span class='ocr_line' id='line_1_60' title="bbox 300 4191 1887 4262; baseline 0.001 -18"><span class='ocrx_word' id='word_1_462' title='bbox 300 4191 464 4257; x_wconf 84' lang='grc' dir='ltr'>τίςέν</span> <span class='ocrx_word' id='word_1_463' title='bbox 478 4192 761 4260; x_wconf 68' lang='grc' dir='ltr'>νεφέλαις</span> <span class='ocrx_word' id='word_1_464' title='bbox 774 4192 1131 4259; x_wconf 80' lang='grc' dir='ltr'>ὶσωθήσεται</span> <span class='ocrx_word' id='word_1_465' title='bbox 1143 4192 1222 4258; x_wconf 87' lang='grc' dir='ltr'>τῷ</span> <span class='ocrx_word' id='word_1_466' title='bbox 1235 4194 1449 4261; x_wconf 59' lang='grc' dir='ltr'>Κυρίῳ,</span> <span class='ocrx_word' id='word_1_467' title='bbox 1465 4193 1887 4262; x_wconf 75' lang='grc' dir='ltr'>ὁμοιωθήσεται</span> 
     </span>
    </p>
   </div>
   <div class='ocr_carea' id='block_1_61' title="bbox 299 4281 1887 4353">
    <p class='ocr_par' dir='ltr' id='par_1_61' title="bbox 299 4281 1887 4353">
     <span class='ocr_line' id='line_1_61' title="bbox 299 4281 1887 4353; baseline 0.001 -16"><span class='ocrx_word' id='word_1_468' title='bbox 299 4282 378 4349; x_wconf 81' lang='grc' dir='ltr'>τῷ</span> <span class='ocrx_word' id='word_1_469' title='bbox 407 4286 600 4353; x_wconf 85' lang='grc' dir='ltr'>Κυρίῳ</span> <span class='ocrx_word' id='word_1_470' title='bbox 624 4285 694 4336; x_wconf 86' lang='grc' dir='ltr'>ἐν</span> <span class='ocrx_word' id='word_1_471' title='bbox 717 4283 869 4350; x_wconf 82' lang='grc' dir='ltr'>υἱοῖς</span> <span class='ocrx_word' id='word_1_472' title='bbox 899 4283 1079 4348; x_wconf 88' lang='grc' dir='ltr'>Θεοῦ;</span> <span class='ocrx_word' id='word_1_473' title='bbox 1114 4286 1209 4337; x_wconf 74' lang='grc' dir='ltr'>καὶ</span> <span class='ocrx_word' id='word_1_474' title='bbox 1233 4286 1327 4338; x_wconf 88' lang='grc' dir='ltr'><strong>νῦν</strong></span> <span class='ocrx_word' id='word_1_475' title='bbox 1360 4285 1405 4338; x_wconf 88' lang='grc' dir='ltr'>δ’</span> <span class='ocrx_word' id='word_1_476' title='bbox 1436 4281 1549 4349; x_wconf 79' lang='grc' dir='ltr'>οὖν,</span> <span class='ocrx_word' id='word_1_477' title='bbox 1580 4288 1670 4351; x_wconf 88' lang='grc' dir='ltr'>Τις</span> <span class='ocrx_word' id='word_1_478' title='bbox 1688 4284 1887 4351; x_wconf 83' lang='grc' dir='ltr'>ὅμοιός</span> 
     </span>
    </p>
   </div>
   <div class='ocr_carea' id='block_1_62' title="bbox 296 4373 1885 4447">
    <p class='ocr_par' dir='ltr' id='par_1_62' title="bbox 296 4373 1885 4447">
     <span class='ocr_line' id='line_1_62' title="bbox 296 4373 1885 4447; baseline 0 -18"><span class='ocrx_word' id='word_1_479' title='bbox 296 4388 425 4440; x_wconf 87' lang='grc' dir='ltr'>σοι;</span> <span class='ocrx_word' id='word_1_480' title='bbox 442 4376 721 4447; x_wconf 79' lang='grc' dir='ltr'>φησ“ιν,ὃτι</span> <span class='ocrx_word' id='word_1_481' title='bbox 735 4375 957 4439; x_wconf 79' lang='grc' dir='ltr'>δυνατὸς</span> <span class='ocrx_word' id='word_1_482' title='bbox 974 4373 1043 4439; x_wconf 79' lang='grc' dir='ltr'>εἷ,</span> <span class='ocrx_word' id='word_1_483' title='bbox 1064 4378 1155 4429; x_wconf 83' lang='grc' dir='ltr'><strong>καὶ</strong></span> <span class='ocrx_word' id='word_1_484' title='bbox 1171 4379 1203 4436; x_wconf 82' lang='grc' dir='ltr'>ὴ</span> <span class='ocrx_word' id='word_1_485' title='bbox 1221 4377 1447 4447; x_wconf 84' lang='grc' dir='ltr'>ἀλήθεια</span> <span class='ocrx_word' id='word_1_486' title='bbox 1456 4377 1563 4431; x_wconf 90' lang='grc' dir='ltr'><strong>τῶν</strong></span> <span class='ocrx_word' id='word_1_487' title='bbox 1578 4377 1748 4447; x_wconf 90' lang='grc' dir='ltr'>λόγων</span> <span class='ocrx_word' id='word_1_488' title='bbox 1771 4395 1885 4443; x_wconf 94' lang='grc' dir='ltr'>σου,</span> 
     </span>
    </p>
   </div>
   <div class='ocr_carea' id='block_1_63' title="bbox 297 4467 1884 4541">
    <p class='ocr_par' dir='ltr' id='par_1_63' title="bbox 297 4467 1884 4541">
     <span class='ocr_line' id='line_1_63' title="bbox 297 4467 1884 4541; baseline 0.001 -21"><span class='ocrx_word' id='word_1_489' title='bbox 297 4467 357 4520; x_wconf 88' lang='grc' dir='ltr'><strong>αῖ</strong></span> <span class='ocrx_word' id='word_1_490' title='bbox 380 4484 439 4521; x_wconf 90' lang='grc' dir='ltr'><strong>τε</strong></span> <span class='ocrx_word' id='word_1_491' title='bbox 459 4467 780 4537; x_wconf 77' lang='grc' dir='ltr'>ἐπαγγελίαι</span> <span class='ocrx_word' id='word_1_492' title='bbox 803 4484 895 4520; x_wconf 91' lang='grc' dir='ltr'><strong>σου</strong></span> <span class='ocrx_word' id='word_1_493' title='bbox 922 4469 1049 4539; x_wconf 75' lang='grc' dir='ltr'>περὶ</span> <span class='ocrx_word' id='word_1_494' title='bbox 1068 4468 1127 4521; x_wconf 82' lang='grc' dir='ltr'>σὲ</span> <span class='ocrx_word' id='word_1_495' title='bbox 1153 4470 1246 4522; x_wconf 78' lang='grc' dir='ltr'><strong>καὶ</strong></span> <span class='ocrx_word' id='word_1_496' title='bbox 1267 4470 1416 4540; x_wconf 82' lang='grc' dir='ltr'>παρὰ</span> <span class='ocrx_word' id='word_1_497' title='bbox 1440 4470 1521 4523; x_wconf 59' lang='grc' dir='ltr'><strong>σοὶ¹</strong></span> <span class='ocrx_word' id='word_1_498' title='bbox 1540 4470 1884 4541; x_wconf 88' lang='grc' dir='ltr'>τυγχάνουσι.</span> 
     </span>
    </p>
   </div>
   <div class='ocr_carea' id='block_1_64' title="bbox 299 4560 1889 4633">
    <p class='ocr_par' dir='ltr' id='par_1_64' title="bbox 299 4560 1889 4633">
     <span class='ocr_line' id='line_1_64' title="bbox 299 4560 1889 4633; baseline 0.002 -22"><span class='ocrx_word' id='word_1_499' title='bbox 299 4560 455 4630; x_wconf 75' lang='grc' dir='ltr'>Παρὰ</span> <span class='ocrx_word' id='word_1_500' title='bbox 471 4561 554 4615; x_wconf 80' lang='grc' dir='ltr'><strong>σοὶ</strong></span> <span class='ocrx_word' id='word_1_501' title='bbox 578 4560 686 4630; x_wconf 90' lang='grc' dir='ltr'><strong>γάρ</strong></span> <span class='ocrx_word' id='word_1_502' title='bbox 711 4562 847 4627; x_wconf 80' lang='grc' dir='ltr'>ἐστι,</span> <span class='ocrx_word' id='word_1_503' title='bbox 874 4560 1136 4633; x_wconf 62' lang='lat' dir='ltr'><strong>mth</strong></span> <span class='ocrx_word' id='word_1_504' title='bbox 1163 4564 1275 4625; x_wconf 90' lang='grc' dir='ltr'>τοῖς</span> <span class='ocrx_word' id='word_1_505' title='bbox 1294 4561 1551 4615; x_wconf 86' lang='grc' dir='ltr'>κυκλοῦσί</span> <span class='ocrx_word' id='word_1_506' title='bbox 1576 4580 1654 4627; x_wconf 88' lang='grc' dir='ltr'><strong>σε,</strong></span> <span class='ocrx_word' id='word_1_507' title='bbox 1690 4564 1723 4633; x_wconf 79' lang='grc' dir='ltr'><strong>ἡ</strong></span> <span class='ocrx_word' id='word_1_508' title='bbox 1755 4561 1889 4633; x_wconf 84' lang='grc' dir='ltr'>ἀλή-</span> 
     </span>
    </p>
   </div>
   <div class='ocr_carea' id='block_1_65' title="bbox 297 4650 1888 4725">
    <p class='ocr_par' dir='ltr' id='par_1_65' title="bbox 297 4650 1888 4725">
     <span class='ocr_line' id='line_1_65' title="bbox 297 4650 1888 4725; baseline 0.003 -22"><span class='ocrx_word' id='word_1_509' title='bbox 297 4650 420 4704; x_wconf 87' lang='grc' dir='ltr'>θειά</span> <span class='ocrx_word' id='word_1_510' title='bbox 441 4668 535 4705; x_wconf 92' lang='grc' dir='ltr'><strong>σου</strong></span> <span class='ocrx_word' id='word_1_511' title='bbox 556 4669 571 4683; x_wconf 74' lang='grc' dir='ltr'><strong>ο</strong></span> <span class='ocrx_word' id='word_1_512' title='bbox 597 4653 646 4704; x_wconf 85' lang='grc' dir='ltr'><strong>εἰ</strong></span> <span class='ocrx_word' id='word_1_513' title='bbox 691 4652 799 4722; x_wconf 91' lang='grc' dir='ltr'><strong>γάρ</strong></span> <span class='ocrx_word' id='word_1_514' title='bbox 830 4652 975 4716; x_wconf 89' lang='grc' dir='ltr'>τινές</span> <span class='ocrx_word' id='word_1_515' title='bbox 1012 4671 1105 4706; x_wconf 90' lang='grc' dir='ltr'><strong>σου</strong></span> <span class='ocrx_word' id='word_1_516' title='bbox 1135 4654 1363 4724; x_wconf 89' lang='grc' dir='ltr'>πλησίον</span> <span class='ocrx_word' id='word_1_517' title='bbox 1387 4656 1481 4707; x_wconf 78' lang='grc' dir='ltr'><strong>καὶ</strong></span> <span class='ocrx_word' id='word_1_518' title='bbox 1500 4654 1682 4725; x_wconf 83' lang='grc' dir='ltr'>κύκλῳ</span> <span class='ocrx_word' id='word_1_519' title='bbox 1707 4671 1888 4725; x_wconf 84' lang='grc' dir='ltr'>περιε-</span> 
     </span>
    </p>
   </div>
   <div class='ocr_carea' id='block_1_66' title="bbox 298 4738 1887 4818">
    <p class='ocr_par' dir='ltr' id='par_1_66' title="bbox 298 4738 1887 4818">
     <span class='ocr_line' id='line_1_66' title="bbox 298 4738 1887 4818; baseline 0.003 -23"><span class='ocrx_word' id='word_1_520' title='bbox 298 4741 499 4807; x_wconf 87' lang='grc' dir='ltr'>στῶτες</span> <span class='ocrx_word' id='word_1_521' title='bbox 531 4740 662 4807; x_wconf 77' lang='grc' dir='ltr'>εἷεν,</span> <span class='ocrx_word' id='word_1_522' title='bbox 685 4738 831 4798; x_wconf 80' lang='grc' dir='ltr'>οῦτοι</span> <span class='ocrx_word' id='word_1_523' title='bbox 864 4746 1017 4798; x_wconf 76' lang='grc' dir='ltr'>αὐτοὶ</span> <span class='ocrx_word' id='word_1_524' title='bbox 1040 4746 1139 4817; x_wconf 85' lang='grc' dir='ltr'><strong>τὴν</strong></span> <span class='ocrx_word' id='word_1_525' title='bbox 1162 4745 1420 4818; x_wconf 86' lang='grc' dir='ltr'>ἀλήθειάν</span> <span class='ocrx_word' id='word_1_526' title='bbox 1442 4764 1535 4799; x_wconf 88' lang='grc' dir='ltr'><strong>σου</strong></span> <span class='ocrx_word' id='word_1_527' title='bbox 1585 4746 1853 4815; x_wconf 85' lang='grc' dir='ltr'>γινώσκου</span> <span class='ocrx_word' id='word_1_528' title='bbox 1868 4779 1887 4788; x_wconf 75' lang='grc' dir='ltr'><strong><em>ο</em></strong></span> 
     </span>
    </p>
   </div>
   <div class='ocr_carea' id='block_1_67' title="bbox 297 4835 1882 4911">
    <p class='ocr_par' dir='ltr' id='par_1_67' title="bbox 297 4835 1882 4911">
     <span class='ocr_line' id='line_1_67' title="bbox 297 4835 1882 4911; baseline 0.004 -25"><span class='ocrx_word' id='word_1_529' title='bbox 297 4850 400 4887; x_wconf 89' lang='grc' dir='ltr'>σιν.</span> <span class='ocrx_word' id='word_1_530' title='bbox 417 4835 608 4907; x_wconf 84' lang='grc' dir='ltr'>Ἡμεῖς</span> <span class='ocrx_word' id='word_1_531' title='bbox 627 4836 683 4889; x_wconf 82' lang='grc' dir='ltr'><strong>δὲ</strong></span> <span class='ocrx_word' id='word_1_532' title='bbox 701 4837 750 4888; x_wconf 89' lang='grc' dir='ltr'>οἱ</span> <span class='ocrx_word' id='word_1_533' title='bbox 782 4837 875 4889; x_wconf 71' lang='grc' dir='ltr'><strong>ἐπὶ</strong></span> <span class='ocrx_word' id='word_1_534' title='bbox 896 4838 1019 4908; x_wconf 85' lang='grc' dir='ltr'>γῆς,</span> <span class='ocrx_word' id='word_1_535' title='bbox 1038 4838 1118 4893; x_wconf 77' lang='grc' dir='ltr'>ἔτι</span> <span class='ocrx_word' id='word_1_536' title='bbox 1147 4840 1364 4911; x_wconf 87' lang='grc' dir='ltr'>μακράν</span> <span class='ocrx_word' id='word_1_537' title='bbox 1388 4857 1481 4893; x_wconf 91' lang='grc' dir='ltr'><strong>σου</strong></span> <span class='ocrx_word' id='word_1_538' title='bbox 1507 4842 1882 4910; x_wconf 85' lang='grc' dir='ltr'>τυγχάνοντες,</span> 
     </span>
    </p>
   </div>
   <div class='ocr_carea' id='block_1_68' title="bbox 303 4926 1885 5000">
    <p class='ocr_par' dir='ltr' id='par_1_68' title="bbox 303 4926 1885 5000">
     <span class='ocr_line' id='line_1_68' title="bbox 303 4926 1885 5000; baseline 0.006 -21"><span class='ocrx_word' id='word_1_539' title='bbox 303 4926 394 4992; x_wconf 76' lang='grc' dir='ltr'>τὰς</span> <span class='ocrx_word' id='word_1_540' title='bbox 453 4928 854 5000; x_wconf 87' lang='grc' dir='ltr'>μεγαλουργίας</span> <span class='ocrx_word' id='word_1_541' title='bbox 913 4947 1007 4983; x_wconf 87' lang='grc' dir='ltr'><strong>σου</strong></span> <span class='ocrx_word' id='word_1_542' title='bbox 1070 4932 1179 4985; x_wconf 82' lang='grc' dir='ltr'>ἀπὸ</span> <span class='ocrx_word' id='word_1_543' title='bbox 1240 4931 1351 4986; x_wconf 89' lang='grc' dir='ltr'><strong>τῶν</strong></span> <span class='ocrx_word' id='word_1_544' title='bbox 1402 4932 1544 4987; x_wconf 82' lang='grc' dir='ltr'>κατὰ</span> <span class='ocrx_word' id='word_1_545' title='bbox 1609 4932 1885 4988; x_wconf 89' lang='grc' dir='ltr'>θάλασσαν</span> 
     </span>
    </p>
   </div>
   <div class='ocr_carea' id='block_1_69' title="bbox 298 5020 1886 5097">
    <p class='ocr_par' dir='ltr' id='par_1_69' title="bbox 298 5020 1886 5097">
     <span class='ocr_line' id='line_1_69' title="bbox 298 5020 1886 5097; baseline 0.004 -25"><span class='ocrx_word' id='word_1_546' title='bbox 298 5020 708 5093; x_wconf 73' lang='grc' dir='ltr'>ἐνεργουμένων</span> <span class='ocrx_word' id='word_1_547' title='bbox 761 5020 866 5074; x_wconf 87' lang='grc' dir='ltr'>ὑπὸ</span> <span class='ocrx_word' id='word_1_548' title='bbox 909 5024 1008 5094; x_wconf 88' lang='grc' dir='ltr'><strong>τῆς</strong></span> <span class='ocrx_word' id='word_1_549' title='bbox 1057 5025 1158 5095; x_wconf 83' lang='grc' dir='ltr'>σῆς</span> <span class='ocrx_word' id='word_1_550' title='bbox 1220 5026 1477 5097; x_wconf 86' lang='grc' dir='ltr'>προνοίας</span> <span class='ocrx_word' id='word_1_551' title='bbox 1533 5024 1886 5097; x_wconf 88' lang='grc' dir='ltr'>θεωροῦντες,</span> 
     </span>
    </p>
   </div>
   <div class='ocr_carea' id='block_1_70' title="bbox 298 5114 1886 5191">
    <p class='ocr_par' dir='ltr' id='par_1_70' title="bbox 298 5114 1886 5191">
     <span class='ocr_line' id='line_1_70' title="bbox 298 5114 1886 5191; baseline 0.003 -23"><span class='ocrx_word' id='word_1_552' title='bbox 298 5116 688 5187; x_wconf 85' lang='grc' dir='ltr'>ὁμολογοῦμεν,</span> <span class='ocrx_word' id='word_1_553' title='bbox 720 5117 801 5170; x_wconf 84' lang='grc' dir='ltr'>ὅτι</span> <span class='ocrx_word' id='word_1_554' title='bbox 849 5117 1072 5181; x_wconf 79' lang='grc' dir='ltr'>δυνατὸς</span> <span class='ocrx_word' id='word_1_555' title='bbox 1092 5114 1161 5184; x_wconf 74' lang='grc' dir='ltr'><strong>εἰ,</strong></span> <span class='ocrx_word' id='word_1_556' title='bbox 1199 5120 1294 5173; x_wconf 74' lang='grc' dir='ltr'><strong>καὶ</strong></span> <span class='ocrx_word' id='word_1_557' title='bbox 1329 5122 1362 5191; x_wconf 78' lang='grc' dir='ltr'>ἡ</span> <span class='ocrx_word' id='word_1_558' title='bbox 1392 5118 1622 5191; x_wconf 85' lang='grc' dir='ltr'>ἀλήθειά</span> <span class='ocrx_word' id='word_1_559' title='bbox 1654 5138 1746 5173; x_wconf 86' lang='grc' dir='ltr'><strong>σου</strong></span> <span class='ocrx_word' id='word_1_560' title='bbox 1788 5120 1886 5173; x_wconf 80' lang='grc' dir='ltr'>κύ-</span> 
     </span>
    </p>
   </div>
   <div class='ocr_carea' id='block_1_71' title="bbox 300 5209 1886 5283">
    <p class='ocr_par' dir='ltr' id='par_1_71' title="bbox 300 5209 1886 5283">
     <span class='ocr_line' id='line_1_71' title="bbox 300 5209 1886 5283; baseline 0.002 -22"><span class='ocrx_word' id='word_1_561' title='bbox 300 5209 410 5279; x_wconf 86' lang='grc' dir='ltr'><strong>κλῳ</strong></span> <span class='ocrx_word' id='word_1_562' title='bbox 439 5226 553 5263; x_wconf 92' lang='grc' dir='ltr'>σου.</span> <span class='ocrx_word' id='word_1_563' title='bbox 578 5211 689 5280; x_wconf 83' lang='grc' dir='ltr'>Τῆς</span> <span class='ocrx_word' id='word_1_564' title='bbox 708 5227 767 5263; x_wconf 90' lang='grc' dir='ltr'><strong>τε</strong></span> <span class='ocrx_word' id='word_1_565' title='bbox 800 5209 909 5281; x_wconf 83' lang='grc' dir='ltr'>γὰρ</span> <span class='ocrx_word' id='word_1_566' title='bbox 940 5209 1217 5283; x_wconf 87' lang='grc' dir='ltr'>θαλάσσης</span> <span class='ocrx_word' id='word_1_567' title='bbox 1247 5212 1343 5264; x_wconf 73' lang='grc' dir='ltr'>καὶ</span> <span class='ocrx_word' id='word_1_568' title='bbox 1372 5211 1466 5264; x_wconf 89' lang='grc' dir='ltr'><strong>τοῦ</strong></span> <span class='ocrx_word' id='word_1_569' title='bbox 1493 5211 1750 5265; x_wconf 90' lang='grc' dir='ltr'>τοσούτου</span> <span class='ocrx_word' id='word_1_570' title='bbox 1776 5212 1886 5264; x_wconf 87' lang='grc' dir='ltr'><strong>τῶν</strong></span> 
     </span>
    </p>
   </div>
   <div class='ocr_carea' id='block_1_72' title="bbox 300 5302 1885 5372">
    <p class='ocr_par' dir='ltr' id='par_1_72' title="bbox 300 5302 1885 5372">
     <span class='ocr_line' id='line_1_72' title="bbox 300 5302 1885 5372; baseline 0.002 -18"><span class='ocrx_word' id='word_1_571' title='bbox 300 5302 507 5356; x_wconf 81' lang='grc' dir='ltr'>ὑδάτων</span> <span class='ocrx_word' id='word_1_572' title='bbox 542 5302 737 5366; x_wconf 79' lang='grc' dir='ltr'>κύτους</span> <span class='ocrx_word' id='word_1_573' title='bbox 772 5303 836 5355; x_wconf 76' lang='grc' dir='ltr'><strong>σὺ</strong></span> <span class='ocrx_word' id='word_1_574' title='bbox 894 5303 1054 5372; x_wconf 87' lang='grc' dir='ltr'>μόνος</span> <span class='ocrx_word' id='word_1_575' title='bbox 1087 5302 1388 5369; x_wconf 79' lang='grc' dir='ltr'>δεσπόζεις,</span> <span class='ocrx_word' id='word_1_576' title='bbox 1434 5303 1529 5357; x_wconf 78' lang='grc' dir='ltr'><strong>καὶ</strong></span> <span class='ocrx_word' id='word_1_577' title='bbox 1584 5305 1678 5357; x_wconf 70' lang='grc' dir='ltr'><strong>τὸν</strong></span> <span class='ocrx_word' id='word_1_578' title='bbox 1726 5303 1885 5357; x_wconf 86' lang='grc' dir='ltr'>σάλον</span> 
     </span>
    </p>
   </div>
   <div class='ocr_carea' id='block_1_73' title="bbox 307 5393 1885 5468">
    <p class='ocr_par' dir='ltr' id='par_1_73' title="bbox 307 5393 1885 5468">
     <span class='ocr_line' id='line_1_73' title="bbox 307 5393 1885 5468; baseline 0.002 -22"><span class='ocrx_word' id='word_1_579' title='bbox 307 5393 407 5447; x_wconf 77' lang='grc' dir='ltr'><strong>τῶν</strong></span> <span class='ocrx_word' id='word_1_580' title='bbox 436 5394 699 5465; x_wconf 90' lang='grc' dir='ltr'>κυμάτων</span> <span class='ocrx_word' id='word_1_581' title='bbox 726 5394 896 5465; x_wconf 80' lang='grc' dir='ltr'>αὐτῆς</span> <span class='ocrx_word' id='word_1_582' title='bbox 939 5395 1003 5448; x_wconf 84' lang='grc' dir='ltr'><strong>σὺ</strong></span> <span class='ocrx_word' id='word_1_583' title='bbox 1048 5396 1207 5466; x_wconf 87' lang='grc' dir='ltr'>μόνος</span> <span class='ocrx_word' id='word_1_584' title='bbox 1253 5397 1690 5468; x_wconf 84' lang='grc' dir='ltr'>καταπραΰνεις,</span> <span class='ocrx_word' id='word_1_585' title='bbox 1727 5414 1885 5466; x_wconf 87' lang='grc' dir='ltr'>περι-</span> 
     </span>
    </p>
   </div>
   <div class='ocr_carea' id='block_1_74' title="bbox 302 5486 1888 5561">
    <p class='ocr_par' dir='ltr' id='par_1_74' title="bbox 302 5486 1888 5561">
     <span class='ocr_line' id='line_1_74' title="bbox 302 5486 1888 5561; baseline 0.002 -22"><span class='ocrx_word' id='word_1_586' title='bbox 302 5486 415 5550; x_wconf 70' lang='grc' dir='ltr'>θεὶς</span> <span class='ocrx_word' id='word_1_587' title='bbox 441 5488 577 5560; x_wconf 80' lang='grc' dir='ltr'>αὐτῇ</span> <span class='ocrx_word' id='word_1_588' title='bbox 612 5487 836 5557; x_wconf 83' lang='grc' dir='ltr'>κλεῖθρα</span> <span class='ocrx_word' id='word_1_589' title='bbox 876 5488 971 5540; x_wconf 75' lang='grc' dir='ltr'><strong>καὶ</strong></span> <span class='ocrx_word' id='word_1_590' title='bbox 1002 5488 1194 5551; x_wconf 80' lang='grc' dir='ltr'>πύλας,</span> <span class='ocrx_word' id='word_1_591' title='bbox 1238 5491 1332 5542; x_wconf 72' lang='grc' dir='ltr'><strong>καὶ</strong></span> <span class='ocrx_word' id='word_1_592' title='bbox 1374 5490 1497 5561; x_wconf 78' lang='grc' dir='ltr'>ὅρια</span> <span class='ocrx_word' id='word_1_593' title='bbox 1545 5490 1683 5560; x_wconf 78' lang='grc' dir='ltr'>αὐτῇ</span> <span class='ocrx_word' id='word_1_594' title='bbox 1717 5488 1888 5559; x_wconf 82' lang='grc' dir='ltr'>πηξά-</span> 
     </span>
    </p>
   </div>
   <div class='ocr_carea' id='block_1_75' title="bbox 303 5569 1890 5652">
    <p class='ocr_par' dir='ltr' id='par_1_75' title="bbox 303 5569 1890 5652">
     <span class='ocr_line' id='line_1_75' title="bbox 303 5569 1890 5652; baseline 0.001 -19"><span class='ocrx_word' id='word_1_595' title='bbox 303 5598 483 5649; x_wconf 88' lang='grc' dir='ltr'>μενος,</span> <span class='ocrx_word' id='word_1_596' title='bbox 523 5581 599 5644; x_wconf 86' lang='grc' dir='ltr'><strong>ῶς</strong></span> <span class='ocrx_word' id='word_1_597' title='bbox 643 5569 709 5633; x_wconf 67' lang='grc' dir='ltr'>ἂξν</span> <span class='ocrx_word' id='word_1_598' title='bbox 759 5581 833 5649; x_wconf 85' lang='grc' dir='ltr'><strong>μὴ</strong></span> <span class='ocrx_word' id='word_1_599' title='bbox 882 5581 1173 5652; x_wconf 77' lang='grc' dir='ltr'>ὑπερϐᾶσα</span> <span class='ocrx_word' id='word_1_600' title='bbox 1224 5582 1581 5635; x_wconf 82' lang='grc' dir='ltr'>κατακλύσειε</span> <span class='ocrx_word' id='word_1_601' title='bbox 1635 5580 1733 5652; x_wconf 79' lang='grc' dir='ltr'><strong>τὴν</strong></span> <span class='ocrx_word' id='word_1_602' title='bbox 1782 5580 1890 5635; x_wconf 90' lang='grc' dir='ltr'><strong>τῶν</strong></span> 
     </span>
    </p>
   </div>
   <div class='ocr_carea' id='block_1_76' title="bbox 304 5663 1892 5745">
    <p class='ocr_par' dir='ltr' id='par_1_76' title="bbox 304 5663 1892 5745">
     <span class='ocr_line' id='line_1_76' title="bbox 304 5663 1892 5745; baseline 0 -19"><span class='ocrx_word' id='word_1_603' title='bbox 304 5672 601 5745; x_wconf 83' lang='grc' dir='ltr'>ἀνθρώπων</span> <span class='ocrx_word' id='word_1_604' title='bbox 630 5672 973 5743; x_wconf 83' lang='grc' dir='ltr'>οἰκουμένην.</span> <span class='ocrx_word' id='word_1_605' title='bbox 1011 5674 1075 5727; x_wconf 77' lang='grc'><strong>’⁷0</strong></span> <span class='ocrx_word' id='word_1_606' title='bbox 1091 5671 1153 5743; x_wconf 83' lang='grc' dir='ltr'>δὴ</span> <span class='ocrx_word' id='word_1_607' title='bbox 1187 5674 1277 5727; x_wconf 81' lang='grc' dir='ltr'><strong>καὶ</strong></span> <span class='ocrx_word' id='word_1_608' title='bbox 1318 5674 1451 5728; x_wconf 78' lang='grc' dir='ltr'>αὐτὸ</span> <span class='ocrx_word' id='word_1_609' title='bbox 1474 5663 1531 5729; x_wconf 79' lang='grc' dir='ltr'>ἓν</span> <span class='ocrx_word' id='word_1_610' title='bbox 1556 5691 1609 5727; x_wconf 87' lang='grc' dir='ltr'><strong>τι</strong></span> <span class='ocrx_word' id='word_1_611' title='bbox 1633 5671 1892 5742; x_wconf 84' lang='grc' dir='ltr'>τυγχάνει</span> 
     </span>
    </p>
   </div>
   <div class='ocr_carea' id='block_1_77' title="bbox 375 5827 921 5893">
    <p class='ocr_par' dir='ltr' id='par_1_77' title="bbox 375 5827 921 5893">
     <span class='ocr_line' id='line_1_77' title="bbox 375 5827 921 5893; baseline 0.004 -12"><span class='ocrx_word' id='word_1_612' title='bbox 375 5830 419 5854; x_wconf 55' lang='grc' dir='ltr'><strong>’θ’</strong></span> <span class='ocrx_word' id='word_1_613' title='bbox 461 5827 605 5883; x_wconf 78' lang='lat' dir='ltr'><strong>Psal.</strong></span> <span class='ocrx_word' id='word_1_614' title='bbox 642 5843 838 5893; x_wconf 73' lang='lat' dir='ltr'><strong>um,</strong></span> <span class='ocrx_word' id='word_1_615' title='bbox 872 5830 921 5883; x_wconf 75' lang='grc'><strong>1.</strong></span> 
     </span>
    </p>
   </div>
   <div class='ocr_carea' id='block_1_78' title="bbox 1979 1971 3559 2043">
    <p class='ocr_par' dir='ltr' id='par_1_78' title="bbox 1979 1971 3559 2043">
     <span class='ocr_line' id='line_1_78' title="bbox 1979 1971 3559 2043; baseline -0.003 -14"><span class='ocrx_word' id='word_1_616' title='bbox 1979 1975 2036 2029; x_wconf 89' lang='lat' dir='ltr'><strong>in</strong></span> <span class='ocrx_word' id='word_1_617' title='bbox 2066 1973 2133 2029; x_wconf 90' lang='lat' dir='ltr'><strong>iis</strong></span> <span class='ocrx_word' id='word_1_618' title='bbox 2161 1972 2255 2043; x_wconf 87' lang='lat' dir='ltr'><strong>qui</strong></span> <span class='ocrx_word' id='word_1_619' title='bbox 2296 1972 2559 2027; x_wconf 81' lang='lat' dir='ltr'><strong>deitatem</strong></span> <span class='ocrx_word' id='word_1_620' title='bbox 2610 1972 2817 2042; x_wconf 87' lang='lat' dir='ltr'><strong>stipant</strong></span> <span class='ocrx_word' id='word_1_621' title='bbox 2864 1981 3049 2033; x_wconf 84' lang='lat' dir='ltr'><strong>tuam,</strong></span> <span class='ocrx_word' id='word_1_622' title='bbox 3104 1971 3236 2040; x_wconf 93' lang='lat' dir='ltr'><strong>qui,</strong></span> <span class='ocrx_word' id='word_1_623' title='bbox 3264 1980 3559 2040; x_wconf 81' lang='lat' dir='ltr'><strong>conspecta</strong></span> 
     </span>
    </p>
   </div>
   <div class='ocr_carea' id='block_1_79' title="bbox 1978 2060 3544 2137">
    <p class='ocr_par' dir='ltr' id='par_1_79' title="bbox 1978 2060 3544 2137">
     <span class='ocr_line' id='line_1_79' title="bbox 1978 2060 3544 2137; baseline -0.003 -17"><span class='ocrx_word' id='word_1_624' title='bbox 1978 2067 2372 2137; x_wconf 86' lang='lat' dir='ltr'><strong>promissorum</strong></span> <span class='ocrx_word' id='word_1_625' title='bbox 2394 2074 2613 2118; x_wconf 89' lang='lat' dir='ltr'><strong>tuorum</strong></span> <span class='ocrx_word' id='word_1_626' title='bbox 2643 2062 2897 2125; x_wconf 88' lang='lat' dir='ltr'><strong>veritate,</strong></span> <span class='ocrx_word' id='word_1_627' title='bbox 2923 2060 3135 2116; x_wconf 89' lang='lat' dir='ltr'><strong>debitas</strong></span> <span class='ocrx_word' id='word_1_628' title='bbox 3164 2077 3287 2115; x_wconf 81' lang='lat' dir='ltr'><strong>cum</strong></span> <span class='ocrx_word' id='word_1_629' title='bbox 3320 2062 3544 2116; x_wconf 85' lang='lat' dir='ltr'><strong>admira-</strong></span> 
     </span>
    </p>
   </div>
   <div class='ocr_carea' id='block_1_80' title="bbox 1978 2152 3541 2225">
    <p class='ocr_par' dir='ltr' id='par_1_80' title="bbox 1978 2152 3541 2225">
     <span class='ocr_line' id='line_1_80' title="bbox 1978 2152 3541 2225; baseline -0.004 -12"><span class='ocrx_word' id='word_1_630' title='bbox 1978 2159 2129 2213; x_wconf 85' lang='lat' dir='ltr'><strong>tione</strong></span> <span class='ocrx_word' id='word_1_631' title='bbox 2182 2156 2407 2211; x_wconf 88' lang='lat' dir='ltr'><strong>deitatis</strong></span> <span class='ocrx_word' id='word_1_632' title='bbox 2465 2164 2573 2210; x_wconf 67' lang='lat' dir='ltr'><strong>tuae</strong></span> <span class='ocrx_word' id='word_1_633' title='bbox 2624 2154 2927 2225; x_wconf 81' lang='lat' dir='ltr'><strong>gratiarum</strong></span> <span class='ocrx_word' id='word_1_634' title='bbox 2978 2152 3227 2209; x_wconf 84' lang='lat' dir='ltr'><strong>actiones</strong></span> <span class='ocrx_word' id='word_1_635' title='bbox 3283 2153 3541 2207; x_wconf 87' lang='lat' dir='ltr'><strong>emittunt</strong></span> 
     </span>
    </p>
   </div>
   <div class='ocr_carea' id='block_1_81' title="bbox 1978 2243 3537 2319">
    <p class='ocr_par' dir='ltr' id='par_1_81' title="bbox 1978 2243 3537 2319">
     <span class='ocr_line' id='line_1_81' title="bbox 1978 2243 3537 2319; baseline -0.005 -15"><span class='ocrx_word' id='word_1_636' title='bbox 1978 2249 2159 2317; x_wconf 85' lang='lat' dir='ltr'><strong>Quare</strong></span> <span class='ocrx_word' id='word_1_637' title='bbox 2186 2250 2352 2319; x_wconf 89' lang='lat' dir='ltr'><strong>paulo</strong></span> <span class='ocrx_word' id='word_1_638' title='bbox 2379 2256 2539 2303; x_wconf 86' lang='lat' dir='ltr'><strong>antea</strong></span> <span class='ocrx_word' id='word_1_639' title='bbox 2567 2247 2815 2302; x_wconf 89' lang='lat' dir='ltr'><strong>dicebam</strong></span> <span class='ocrx_word' id='word_1_640' title='bbox 2844 2263 2857 2301; x_wconf 88' lang='lat'><strong>:</strong></span> <span class='ocrx_word' id='word_1_641' title='bbox 2890 2243 3294 2314; x_wconf 80' lang='lat' dir='ltr'><strong>Conﬁtebuntur</strong></span> <span class='ocrx_word' id='word_1_642' title='bbox 3320 2243 3435 2297; x_wconf 65' lang='lat' dir='ltr'><strong>caeli</strong></span> <span class='ocrx_word' id='word_1_643' title='bbox 3465 2245 3537 2296; x_wconf 88' lang='lat' dir='ltr'><strong>mi</strong></span> 
     </span>
    </p>
   </div>
   <div class='ocr_carea' id='block_1_82' title="bbox 1978 2337 3558 2407">
    <p class='ocr_par' dir='ltr' id='par_1_82' title="bbox 1978 2337 3558 2407">
     <span class='ocr_line' id='line_1_82' title="bbox 1978 2337 3558 2407; baseline -0.003 -11"><span class='ocrx_word' id='word_1_644' title='bbox 1978 2342 2174 2396; x_wconf 87' lang='lat' dir='ltr'><strong>rabilia</strong></span> <span class='ocrx_word' id='word_1_645' title='bbox 2202 2350 2293 2395; x_wconf 87' lang='lat' dir='ltr'><strong>tua</strong></span> <span class='ocrx_word' id='word_1_646' title='bbox 2310 2381 2324 2407; x_wconf 95' lang='lat'><strong>,</strong></span> <span class='ocrx_word' id='word_1_647' title='bbox 2347 2350 2395 2395; x_wconf 89' lang='lat' dir='ltr'><strong>et</strong></span> <span class='ocrx_word' id='word_1_648' title='bbox 2423 2341 2693 2394; x_wconf 84' lang='lat' dir='ltr'><strong>veritatem</strong></span> <span class='ocrx_word' id='word_1_649' title='bbox 2720 2349 2864 2391; x_wconf 88' lang='lat' dir='ltr'><strong>tuam</strong></span> <span class='ocrx_word' id='word_1_650' title='bbox 2890 2339 2945 2391; x_wconf 90' lang='lat' dir='ltr'><strong>in</strong></span> <span class='ocrx_word' id='word_1_651' title='bbox 2970 2337 3208 2391; x_wconf 78' lang='lat' dir='ltr'><strong>Ecclesia</strong></span> <span class='ocrx_word' id='word_1_652' title='bbox 3235 2346 3558 2391; x_wconf 79' lang='lat' dir='ltr'><strong>sanctorum.</strong></span> 
     </span>
    </p>
   </div>
   <div class='ocr_carea' id='block_1_83' title="bbox 2048 2511 3562 2609">
    <p class='ocr_par' dir='ltr' id='par_1_83' title="bbox 2048 2511 3562 2609">
     <span class='ocr_line' id='line_1_83' title="bbox 2048 2511 3562 2609; baseline -0.007 -8"><span class='ocrx_word' id='word_1_653' title='bbox 2048 2546 2216 2603; x_wconf 71' lang='lat' dir='ltr'><strong>Vens.</strong></span> <span class='ocrx_word' id='word_1_654' title='bbox 2258 2546 2423 2601; x_wconf 73' lang='lat'><strong>9-1].</strong></span> <span class='ocrx_word' id='word_1_655' title='bbox 2462 2543 2687 2598; x_wconf 86' lang='lat' dir='ltr'><strong>Domine</strong></span> <span class='ocrx_word' id='word_1_656' title='bbox 2717 2541 2857 2596; x_wconf 81' lang='lat' dir='ltr'><strong>Deus</strong></span> <span class='ocrx_word' id='word_1_657' title='bbox 2888 2511 3163 2604; x_wconf 73' lang='lat' dir='ltr'><strong>virtutum,</strong></span> <span class='ocrx_word' id='word_1_658' title='bbox 3210 2540 3328 2609; x_wconf 86' lang='lat' dir='ltr'><strong>quis</strong></span> <span class='ocrx_word' id='word_1_659' title='bbox 3369 2538 3562 2592; x_wconf 86' lang='lat' dir='ltr'><strong>similis</strong></span> 
     </span>
    </p>
   </div>
   <div class='ocr_carea' id='block_1_84' title="bbox 1980 2629 3561 2699">
    <p class='ocr_par' dir='ltr' id='par_1_84' title="bbox 1980 2629 3561 2699">
     <span class='ocr_line' id='line_1_84' title="bbox 1980 2629 3561 2699; baseline -0.008 -7"><span class='ocrx_word' id='word_1_660' title='bbox 1980 2637 2125 2692; x_wconf 85' lang='lat' dir='ltr'><strong>tibi?</strong></span> <span class='ocrx_word' id='word_1_661' title='bbox 2153 2637 2348 2693; x_wconf 80' lang='lat' dir='ltr'><strong>Potens</strong></span> <span class='ocrx_word' id='word_1_662' title='bbox 2385 2652 2462 2699; x_wconf 89' lang='lat' dir='ltr'><strong>es,</strong></span> <span class='ocrx_word' id='word_1_663' title='bbox 2495 2634 2750 2697; x_wconf 88' lang='lat' dir='ltr'><strong>Domine,</strong></span> <span class='ocrx_word' id='word_1_664' title='bbox 2782 2640 2831 2687; x_wconf 88' lang='lat' dir='ltr'><strong>et</strong></span> <span class='ocrx_word' id='word_1_665' title='bbox 2875 2632 3067 2686; x_wconf 84' lang='lat' dir='ltr'><strong>veritas</strong></span> <span class='ocrx_word' id='word_1_666' title='bbox 3115 2640 3205 2683; x_wconf 89' lang='lat' dir='ltr'><strong>tua</strong></span> <span class='ocrx_word' id='word_1_667' title='bbox 3240 2630 3297 2683; x_wconf 88' lang='lat' dir='ltr'><strong>in</strong></span> <span class='ocrx_word' id='word_1_668' title='bbox 3339 2629 3561 2682; x_wconf 80' lang='lat' dir='ltr'><strong>circuitu</strong></span> 
     </span>
    </p>
   </div>
   <div class='ocr_carea' id='block_1_85' title="bbox 1982 2724 3560 2795">
    <p class='ocr_par' dir='ltr' id='par_1_85' title="bbox 1982 2724 3560 2795">
     <span class='ocr_line' id='line_1_85' title="bbox 1982 2724 3560 2795; baseline -0.006 -14"><span class='ocrx_word' id='word_1_669' title='bbox 1982 2739 2093 2784; x_wconf 80' lang='lat' dir='ltr'><strong>tuo.</strong></span> <span class='ocrx_word' id='word_1_670' title='bbox 2151 2729 2231 2783; x_wconf 89' lang='lat' dir='ltr'><strong>Tu</strong></span> <span class='ocrx_word' id='word_1_671' title='bbox 2279 2727 2575 2783; x_wconf 87' lang='lat' dir='ltr'><strong>dominaris</strong></span> <span class='ocrx_word' id='word_1_672' title='bbox 2606 2725 2858 2795; x_wconf 79' lang='lat' dir='ltr'><strong>potestati</strong></span> <span class='ocrx_word' id='word_1_673' title='bbox 2891 2724 3091 2787; x_wconf 88' lang='lat' dir='ltr'><strong>maris,</strong></span> <span class='ocrx_word' id='word_1_674' title='bbox 3138 2731 3338 2776; x_wconf 85' lang='lat' dir='ltr'><strong>motum</strong></span> <span class='ocrx_word' id='word_1_675' title='bbox 3386 2730 3560 2774; x_wconf 70' lang='lat' dir='ltr'><strong>autem</strong></span> 
     </span>
    </p>
   </div>
   <div class='ocr_carea' id='block_1_86' title="bbox 1977 2812 3555 2891">
    <p class='ocr_par' dir='ltr' id='par_1_86' title="bbox 1977 2812 3555 2891">
     <span class='ocr_line' id='line_1_86' title="bbox 1977 2812 3555 2891; baseline -0.008 -15"><span class='ocrx_word' id='word_1_676' title='bbox 1977 2822 2236 2891; x_wconf 81' lang='lat' dir='ltr'><strong>ﬂuctuum</strong></span> <span class='ocrx_word' id='word_1_677' title='bbox 2261 2821 2376 2890; x_wconf 90' lang='lat' dir='ltr'><strong>ejus</strong></span> <span class='ocrx_word' id='word_1_678' title='bbox 2394 2829 2450 2874; x_wconf 89' lang='lat' dir='ltr'><strong>tu</strong></span> <span class='ocrx_word' id='word_1_679' title='bbox 2474 2819 2707 2889; x_wconf 71' lang='lat' dir='ltr'><strong>mitigas.</strong></span> <span class='ocrx_word' id='word_1_680' title='bbox 2734 2816 2812 2870; x_wconf 90' lang='lat' dir='ltr'><strong>Tu</strong></span> <span class='ocrx_word' id='word_1_681' title='bbox 2843 2816 3137 2869; x_wconf 84' lang='lat' dir='ltr'><strong>humiliasti</strong></span> <span class='ocrx_word' id='word_1_682' title='bbox 3164 2815 3299 2868; x_wconf 87' lang='lat' dir='ltr'><strong>sicut</strong></span> <span class='ocrx_word' id='word_1_683' title='bbox 3319 2812 3555 2866; x_wconf 81' lang='lat' dir='ltr'><strong>vulnera-</strong></span> 
     </span>
    </p>
   </div>
   <div class='ocr_carea' id='block_1_87' title="bbox 1982 2900 3559 2981">
    <p class='ocr_par' dir='ltr' id='par_1_87' title="bbox 1982 2900 3559 2981">
     <span class='ocr_line' id='line_1_87' title="bbox 1982 2900 3559 2981; baseline -0.01 -13"><span class='ocrx_word' id='word_1_684' title='bbox 1982 2923 2093 2968; x_wconf 90' lang='lat' dir='ltr'><strong>tum</strong></span> <span class='ocrx_word' id='word_1_685' title='bbox 2129 2911 2448 2981; x_wconf 87' lang='lat' dir='ltr'><strong>superbum,</strong></span> <span class='ocrx_word' id='word_1_686' title='bbox 2495 2911 2549 2963; x_wconf 89' lang='lat' dir='ltr'><strong>in</strong></span> <span class='ocrx_word' id='word_1_687' title='bbox 2593 2908 2809 2962; x_wconf 88' lang='lat' dir='ltr'><strong>brachio</strong></span> <span class='ocrx_word' id='word_1_688' title='bbox 2858 2907 3068 2961; x_wconf 79' lang='lat' dir='ltr'><strong>virtutis</strong></span> <span class='ocrx_word' id='word_1_689' title='bbox 3116 2915 3220 2959; x_wconf 71' lang='lat' dir='ltr'><strong>tua:</strong></span> <span class='ocrx_word' id='word_1_690' title='bbox 3262 2900 3559 2970; x_wconf 84' lang='lat' dir='ltr'><strong>dispersisti</strong></span> 
     </span>
    </p>
   </div>
   <div class='ocr_carea' id='block_1_88' title="bbox 1980 2994 3563 3070">
    <p class='ocr_par' dir='ltr' id='par_1_88' title="bbox 1980 2994 3563 3070">
     <span class='ocr_line' id='line_1_88' title="bbox 1980 2994 3563 3070; baseline -0.007 -11"><span class='ocrx_word' id='word_1_691' title='bbox 1980 3005 2222 3059; x_wconf 88' lang='lat' dir='ltr'><strong>inimicos</strong></span> <span class='ocrx_word' id='word_1_692' title='bbox 2257 3012 2397 3057; x_wconf 86' lang='lat' dir='ltr'><strong>tuos.</strong></span> <span class='ocrx_word' id='word_1_693' title='bbox 2448 3001 2506 3055; x_wconf 90' lang='lat' dir='ltr'><strong>In</strong></span> <span class='ocrx_word' id='word_1_694' title='bbox 2550 3001 2638 3055; x_wconf 89' lang='lat' dir='ltr'><strong>bis</strong></span> <span class='ocrx_word' id='word_1_695' title='bbox 2678 3014 2898 3070; x_wconf 79' lang='lat' dir='ltr'><strong>qunque</strong></span> <span class='ocrx_word' id='word_1_696' title='bbox 2929 2997 3133 3051; x_wconf 87' lang='lat' dir='ltr'><strong>nullam</strong></span> <span class='ocrx_word' id='word_1_697' title='bbox 3168 2994 3435 3049; x_wconf 84' lang='lat' dir='ltr'><strong>factarum</strong></span> <span class='ocrx_word' id='word_1_698' title='bbox 3471 3006 3563 3048; x_wconf 82' lang='lat' dir='ltr'><strong>re-</strong></span> 
     </span>
    </p>
   </div>
   <div class='ocr_carea' id='block_1_89' title="bbox 1980 3086 3564 3162">
    <p class='ocr_par' dir='ltr' id='par_1_89' title="bbox 1980 3086 3564 3162">
     <span class='ocr_line' id='line_1_89' title="bbox 1980 3086 3564 3162; baseline -0.008 -11"><span class='ocrx_word' id='word_1_699' title='bbox 1980 3113 2101 3152; x_wconf 88' lang='lat' dir='ltr'><strong>rum</strong></span> <span class='ocrx_word' id='word_1_700' title='bbox 2134 3097 2367 3151; x_wconf 89' lang='lat' dir='ltr'><strong>similem</strong></span> <span class='ocrx_word' id='word_1_701' title='bbox 2414 3093 2557 3147; x_wconf 89' lang='lat' dir='ltr'><strong>Filio</strong></span> <span class='ocrx_word' id='word_1_702' title='bbox 2594 3092 2725 3156; x_wconf 93' lang='lat' dir='ltr'><strong>Dei,</strong></span> <span class='ocrx_word' id='word_1_703' title='bbox 2757 3092 2850 3162; x_wconf 92' lang='lat' dir='ltr'><strong>qui</strong></span> <span class='ocrx_word' id='word_1_704' title='bbox 2894 3090 3039 3145; x_wconf 91' lang='lat' dir='ltr'><strong>Deus</strong></span> <span class='ocrx_word' id='word_1_705' title='bbox 3084 3089 3434 3160; x_wconf 63' lang='lat' dir='ltr'><strong>praedicatur,</strong></span> <span class='ocrx_word' id='word_1_706' title='bbox 3468 3086 3564 3139; x_wconf 92' lang='lat' dir='ltr'><strong>ad-</strong></span> 
     </span>
    </p>
   </div>
   <div class='ocr_carea' id='block_1_90' title="bbox 1984 3179 3563 3257">
    <p class='ocr_par' dir='ltr' id='par_1_90' title="bbox 1984 3179 3563 3257">
     <span class='ocr_line' id='line_1_90' title="bbox 1984 3179 3563 3257; baseline -0.008 -15"><span class='ocrx_word' id='word_1_707' title='bbox 1984 3188 2195 3255; x_wconf 86' lang='lat' dir='ltr'><strong>mittit;</strong></span> <span class='ocrx_word' id='word_1_708' title='bbox 2230 3188 2412 3257; x_wconf 92' lang='lat' dir='ltr'><strong>ipsum</strong></span> <span class='ocrx_word' id='word_1_709' title='bbox 2460 3201 2697 3255; x_wconf 89' lang='lat' dir='ltr'><strong>namque</strong></span> <span class='ocrx_word' id='word_1_710' title='bbox 2742 3194 2796 3239; x_wconf 90' lang='lat' dir='ltr'><strong>et</strong></span> <span class='ocrx_word' id='word_1_711' title='bbox 2843 3190 3116 3255; x_wconf 91' lang='lat' dir='ltr'><strong>potentem</strong></span> <span class='ocrx_word' id='word_1_712' title='bbox 3164 3188 3217 3236; x_wconf 87' lang='lat' dir='ltr'><strong>et</strong></span> <span class='ocrx_word' id='word_1_713' title='bbox 3262 3179 3563 3251; x_wconf 89' lang='lat' dir='ltr'><strong>potentium</strong></span> 
     </span>
    </p>
   </div>
   <div class='ocr_carea' id='block_1_91' title="bbox 1982 3269 3563 3340">
    <p class='ocr_par' dir='ltr' id='par_1_91' title="bbox 1982 3269 3563 3340">
     <span class='ocr_line' id='line_1_91' title="bbox 1982 3269 3563 3340; baseline -0.006 -8"><span class='ocrx_word' id='word_1_714' title='bbox 1982 3278 2151 3334; x_wconf 88' lang='lat' dir='ltr'><strong>Deum</strong></span> <span class='ocrx_word' id='word_1_715' title='bbox 2180 3293 2245 3332; x_wconf 92' lang='lat' dir='ltr'><strong>ac</strong></span> <span class='ocrx_word' id='word_1_716' title='bbox 2270 3279 2529 3333; x_wconf 88' lang='lat' dir='ltr'><strong>virtutum</strong></span> <span class='ocrx_word' id='word_1_717' title='bbox 2564 3277 2846 3330; x_wconf 89' lang='lat' dir='ltr'><strong>dominum</strong></span> <span class='ocrx_word' id='word_1_718' title='bbox 2879 3274 3047 3339; x_wconf 92' lang='lat' dir='ltr'><strong>dicit,</strong></span> <span class='ocrx_word' id='word_1_719' title='bbox 3077 3274 3149 3328; x_wconf 88' lang='lat' dir='ltr'><strong>ita</strong></span> <span class='ocrx_word' id='word_1_720' title='bbox 3186 3280 3245 3325; x_wconf 87' lang='lat' dir='ltr'><strong>ut</strong></span> <span class='ocrx_word' id='word_1_721' title='bbox 3273 3286 3434 3325; x_wconf 88' lang='lat' dir='ltr'><strong>nemo</strong></span> <span class='ocrx_word' id='word_1_722' title='bbox 3460 3269 3563 3340; x_wconf 85' lang='lat' dir='ltr'><strong>ipsi</strong></span> 
     </span>
    </p>
   </div>
   <div class='ocr_carea' id='block_1_92' title="bbox 1982 3363 3563 3441">
    <p class='ocr_par' dir='ltr' id='par_1_92' title="bbox 1982 3363 3563 3441">
     <span class='ocr_line' id='line_1_92' title="bbox 1982 3363 3563 3441; baseline -0.006 -16"><span class='ocrx_word' id='word_1_723' title='bbox 1982 3384 2289 3441; x_wconf 79' lang='lat' dir='ltr'><strong>repugnare</strong></span> <span class='ocrx_word' id='word_1_724' title='bbox 2311 3408 2325 3433; x_wconf 92' lang='lat'><strong>,</strong></span> <span class='ocrx_word' id='word_1_725' title='bbox 2361 3384 2538 3437; x_wconf 89' lang='lat' dir='ltr'><strong>neque</strong></span> <span class='ocrx_word' id='word_1_726' title='bbox 2568 3367 2689 3437; x_wconf 89' lang='lat' dir='ltr'><strong>ejus</strong></span> <span class='ocrx_word' id='word_1_727' title='bbox 2720 3367 2992 3421; x_wconf 84' lang='lat' dir='ltr'><strong>voluntati</strong></span> <span class='ocrx_word' id='word_1_728' title='bbox 3026 3363 3403 3419; x_wconf 86' lang='lat' dir='ltr'><strong>contradicere</strong></span> <span class='ocrx_word' id='word_1_729' title='bbox 3433 3376 3563 3430; x_wconf 87' lang='lat' dir='ltr'><strong>pos-</strong></span> 
     </span>
    </p>
   </div>
   <div class='ocr_carea' id='block_1_93' title="bbox 1984 3451 3565 3531">
    <p class='ocr_par' dir='ltr' id='par_1_93' title="bbox 1984 3451 3565 3531">
     <span class='ocr_line' id='line_1_93' title="bbox 1984 3451 3565 3531; baseline -0.009 -14"><span class='ocrx_word' id='word_1_730' title='bbox 1984 3463 2055 3518; x_wconf 90' lang='lat' dir='ltr'><strong>sit</strong></span> <span class='ocrx_word' id='word_1_731' title='bbox 2081 3481 2094 3515; x_wconf 92' lang='lat'>:</span> <span class='ocrx_word' id='word_1_732' title='bbox 2130 3475 2332 3531; x_wconf 88' lang='lat' dir='ltr'><strong>quare,</strong></span> <span class='ocrx_word' id='word_1_733' title='bbox 2364 3468 2552 3530; x_wconf 89' lang='lat' dir='ltr'><strong>utpote</strong></span> <span class='ocrx_word' id='word_1_734' title='bbox 2579 3459 2732 3513; x_wconf 89' lang='lat' dir='ltr'><strong>solus</strong></span> <span class='ocrx_word' id='word_1_735' title='bbox 2758 3465 2987 3527; x_wconf 88' lang='lat' dir='ltr'><strong>potens,</strong></span> <span class='ocrx_word' id='word_1_736' title='bbox 3018 3456 3201 3509; x_wconf 89' lang='lat' dir='ltr'><strong>omnia</strong></span> <span class='ocrx_word' id='word_1_737' title='bbox 3234 3453 3370 3507; x_wconf 87' lang='lat' dir='ltr'><strong>dicit</strong></span> <span class='ocrx_word' id='word_1_738' title='bbox 3400 3459 3453 3505; x_wconf 87' lang='lat' dir='ltr'><strong>et</strong></span> <span class='ocrx_word' id='word_1_739' title='bbox 3485 3451 3565 3504; x_wconf 83' lang='lat' dir='ltr'><strong>fa-</strong></span> 
     </span>
    </p>
   </div>
   <div class='ocr_carea' id='block_1_94' title="bbox 1983 3544 3561 3621">
    <p class='ocr_par' dir='ltr' id='par_1_94' title="bbox 1983 3544 3561 3621">
     <span class='ocr_line' id='line_1_94' title="bbox 1983 3544 3561 3621; baseline -0.007 -14"><span class='ocrx_word' id='word_1_740' title='bbox 1983 3554 2059 3608; x_wconf 88' lang='lat' dir='ltr'><strong>cit</strong></span> <span class='ocrx_word' id='word_1_741' title='bbox 2089 3572 2102 3621; x_wconf 91' lang='lat'>;</span> <span class='ocrx_word' id='word_1_742' title='bbox 2137 3553 2271 3607; x_wconf 91' lang='lat' dir='ltr'><strong>illud</strong></span> <span class='ocrx_word' id='word_1_743' title='bbox 2307 3553 2453 3607; x_wconf 89' lang='lat' dir='ltr'><strong>enim</strong></span> <span class='ocrx_word' id='word_1_744' title='bbox 2476 3591 2491 3616; x_wconf 95' lang='lat'><strong>,</strong></span> <span class='ocrx_word' id='word_1_745' title='bbox 2528 3550 2662 3616; x_wconf 86' lang='lat' dir='ltr'><strong>Quis</strong></span> <span class='ocrx_word' id='word_1_746' title='bbox 2691 3549 2883 3603; x_wconf 82' lang='lat' dir='ltr'><strong>similis</strong></span> <span class='ocrx_word' id='word_1_747' title='bbox 2915 3544 3009 3601; x_wconf 84' lang='lat' dir='ltr'><strong>tibi</strong></span> <span class='ocrx_word' id='word_1_748' title='bbox 3034 3550 3058 3601; x_wconf 74' lang='grc' dir='ltr'><strong>Σ)</strong></span> <span class='ocrx_word' id='word_1_749' title='bbox 3088 3554 3195 3599; x_wconf 72' lang='lat' dir='ltr'><strong>nun</strong></span> <span class='ocrx_word' id='word_1_750' title='bbox 3226 3559 3381 3597; x_wconf 88' lang='lat' dir='ltr'><strong>raros</strong></span> <span class='ocrx_word' id='word_1_751' title='bbox 3410 3558 3561 3605; x_wconf 92' lang='lat' dir='ltr'><strong>esse,</strong></span> 
     </span>
    </p>
   </div>
   <div class='ocr_carea' id='block_1_95' title="bbox 1983 3634 3562 3707">
    <p class='ocr_par' dir='ltr' id='par_1_95' title="bbox 1983 3634 3562 3707">
     <span class='ocr_line' id='line_1_95' title="bbox 1983 3634 3562 3707; baseline -0.01 -6"><span class='ocrx_word' id='word_1_752' title='bbox 1983 3645 2078 3701; x_wconf 85' lang='lat' dir='ltr'><strong>sed</strong></span> <span class='ocrx_word' id='word_1_753' title='bbox 2108 3645 2319 3699; x_wconf 89' lang='lat' dir='ltr'><strong>nullum</strong></span> <span class='ocrx_word' id='word_1_754' title='bbox 2348 3658 2471 3699; x_wconf 91' lang='lat' dir='ltr'><strong>esse</strong></span> <span class='ocrx_word' id='word_1_755' title='bbox 2498 3642 2763 3696; x_wconf 79' lang='lat' dir='ltr'><strong>declarat.</strong></span> <span class='ocrx_word' id='word_1_756' title='bbox 2798 3639 3079 3694; x_wconf 88' lang='lat' dir='ltr'><strong>Neminem</strong></span> <span class='ocrx_word' id='word_1_757' title='bbox 3113 3638 3298 3707; x_wconf 87' lang='lat' dir='ltr'><strong>itaque</strong></span> <span class='ocrx_word' id='word_1_758' title='bbox 3328 3634 3562 3689; x_wconf 89' lang='lat' dir='ltr'><strong>similem</strong></span> 
     </span>
    </p>
   </div>
   <div class='ocr_carea' id='block_1_96' title="bbox 1985 3725 3563 3806">
    <p class='ocr_par' dir='ltr' id='par_1_96' title="bbox 1985 3725 3563 3806">
     <span class='ocr_line' id='line_1_96' title="bbox 1985 3725 3563 3806; baseline -0.01 -13"><span class='ocrx_word' id='word_1_759' title='bbox 1985 3754 2109 3793; x_wconf 88' lang='lat' dir='ltr'><strong>esse</strong></span> <span class='ocrx_word' id='word_1_760' title='bbox 2141 3739 2216 3791; x_wconf 89' lang='lat' dir='ltr'><strong>ait</strong></span> <span class='ocrx_word' id='word_1_761' title='bbox 2247 3737 2362 3805; x_wconf 89' lang='lat' dir='ltr'><strong>illi,</strong></span> <span class='ocrx_word' id='word_1_762' title='bbox 2394 3736 2489 3806; x_wconf 87' lang='lat' dir='ltr'><strong>qui</strong></span> <span class='ocrx_word' id='word_1_763' title='bbox 2515 3734 2784 3788; x_wconf 88' lang='lat' dir='ltr'><strong>Dominus</strong></span> <span class='ocrx_word' id='word_1_764' title='bbox 2829 3730 3180 3802; x_wconf 64' lang='lat' dir='ltr'><strong>praedicatur,</strong></span> <span class='ocrx_word' id='word_1_765' title='bbox 3225 3744 3349 3782; x_wconf 90' lang='lat' dir='ltr'><strong>cum</strong></span> <span class='ocrx_word' id='word_1_766' title='bbox 3387 3725 3563 3780; x_wconf 89' lang='lat' dir='ltr'><strong>eidem</strong></span> 
     </span>
    </p>
   </div>
   <div class='ocr_carea' id='block_1_97' title="bbox 1986 3816 3560 3896">
    <p class='ocr_par' dir='ltr' id='par_1_97' title="bbox 1986 3816 3560 3896">
     <span class='ocr_line' id='line_1_97' title="bbox 1986 3816 3560 3896; baseline -0.011 -14"><span class='ocrx_word' id='word_1_767' title='bbox 1986 3828 2110 3883; x_wconf 84' lang='lat' dir='ltr'><strong>illos</strong></span> <span class='ocrx_word' id='word_1_768' title='bbox 2155 3832 2472 3896; x_wconf 91' lang='lat' dir='ltr'><strong>comparat,</strong></span> <span class='ocrx_word' id='word_1_769' title='bbox 2514 3823 2606 3893; x_wconf 91' lang='lat' dir='ltr'><strong>qui</strong></span> <span class='ocrx_word' id='word_1_770' title='bbox 2653 3823 2907 3892; x_wconf 87' lang='lat' dir='ltr'><strong>superius</strong></span> <span class='ocrx_word' id='word_1_771' title='bbox 2952 3820 3046 3873; x_wconf 89' lang='lat' dir='ltr'><strong>ﬁlii</strong></span> <span class='ocrx_word' id='word_1_772' title='bbox 3094 3817 3192 3873; x_wconf 89' lang='lat' dir='ltr'><strong>Dei</strong></span> <span class='ocrx_word' id='word_1_773' title='bbox 3237 3816 3369 3870; x_wconf 90' lang='lat' dir='ltr'><strong>dicti</strong></span> <span class='ocrx_word' id='word_1_774' title='bbox 3411 3819 3560 3870; x_wconf 88' lang='lat' dir='ltr'><strong>sunt.</strong></span> 
     </span>
    </p>
   </div>
   <div class='ocr_carea' id='block_1_98' title="bbox 1985 3911 3564 3976">
    <p class='ocr_par' dir='ltr' id='par_1_98' title="bbox 1985 3911 3564 3976">
     <span class='ocr_line' id='line_1_98' title="bbox 1985 3911 3564 3976; baseline -0.01 0"><span class='ocrx_word' id='word_1_775' title='bbox 1985 3920 2110 3976; x_wconf 57' lang='lat' dir='ltr'><strong>Haec</strong></span> <span class='ocrx_word' id='word_1_776' title='bbox 2140 3920 2284 3975; x_wconf 90' lang='lat' dir='ltr'><strong>enim</strong></span> <span class='ocrx_word' id='word_1_777' title='bbox 2318 3918 2494 3973; x_wconf 87' lang='lat' dir='ltr'><strong>eidem</strong></span> <span class='ocrx_word' id='word_1_778' title='bbox 2525 3917 2735 3971; x_wconf 63' lang='lat' dir='ltr'><strong>haerent</strong></span> <span class='ocrx_word' id='word_1_779' title='bbox 2764 3913 3051 3968; x_wconf 68' lang='lat' dir='ltr'><strong>sententiae</strong></span> <span class='ocrx_word' id='word_1_780' title='bbox 3071 3952 3086 3976; x_wconf 95' lang='lat'><strong>,</strong></span> <span class='ocrx_word' id='word_1_781' title='bbox 3121 3911 3209 3965; x_wconf 91' lang='lat' dir='ltr'><strong>cui</strong></span> <span class='ocrx_word' id='word_1_782' title='bbox 3244 3911 3432 3965; x_wconf 64' lang='lat' dir='ltr'><strong>isthac</strong></span> <span class='ocrx_word' id='word_1_783' title='bbox 3466 3923 3564 3962; x_wconf 76' lang='lat' dir='ltr'><strong>su-</strong></span> 
     </span>
    </p>
   </div>
   <div class='ocr_carea' id='block_1_99' title="bbox 1986 3996 3566 4084">
    <p class='ocr_par' dir='ltr' id='par_1_99' title="bbox 1986 3996 3566 4084">
     <span class='ocr_line' id='line_1_99' title="bbox 1986 3996 3566 4084; baseline -0.013 -15"><span class='ocrx_word' id='word_1_784' title='bbox 1986 4013 2173 4084; x_wconf 89' lang='lat' dir='ltr'><strong>perius</strong></span> <span class='ocrx_word' id='word_1_785' title='bbox 2202 4012 2389 4065; x_wconf 89' lang='lat' dir='ltr'><strong>dicta:</strong></span> <span class='ocrx_word' id='word_1_786' title='bbox 2440 4008 2707 4074; x_wconf 84' lang='lat' dir='ltr'><strong>Quoniam</strong></span> <span class='ocrx_word' id='word_1_787' title='bbox 2746 4006 2863 4076; x_wconf 78' lang='lat' dir='ltr'><strong>quis</strong></span> <span class='ocrx_word' id='word_1_788' title='bbox 2911 4006 2965 4057; x_wconf 88' lang='lat' dir='ltr'><strong>in</strong></span> <span class='ocrx_word' id='word_1_789' title='bbox 3007 4001 3232 4055; x_wconf 88' lang='lat' dir='ltr'><strong>nubibus</strong></span> <span class='ocrx_word' id='word_1_790' title='bbox 3271 3996 3566 4070; x_wconf 75' lang='lat' dir='ltr'><strong>wquabitur</strong></span> 
     </span>
    </p>
   </div>
   <div class='ocr_carea' id='block_1_100' title="bbox 1987 4087 3565 4162">
    <p class='ocr_par' dir='ltr' id='par_1_100' title="bbox 1987 4087 3565 4162">
     <span class='ocr_line' id='line_1_100' title="bbox 1987 4087 3565 4162; baseline -0.011 -5"><span class='ocrx_word' id='word_1_791' title='bbox 1987 4104 2266 4158; x_wconf 84' lang='lat' dir='ltr'><strong>Domino?</strong></span> <span class='ocrx_word' id='word_1_792' title='bbox 2314 4100 2507 4155; x_wconf 85' lang='lat' dir='ltr'><strong>similis</strong></span> <span class='ocrx_word' id='word_1_793' title='bbox 2556 4099 2656 4151; x_wconf 81' lang='lat' dir='ltr'><strong>erit</strong></span> <span class='ocrx_word' id='word_1_794' title='bbox 2703 4096 2930 4150; x_wconf 86' lang='lat' dir='ltr'><strong>Domino</strong></span> <span class='ocrx_word' id='word_1_795' title='bbox 2977 4095 3031 4147; x_wconf 90' lang='lat' dir='ltr'><strong>in</strong></span> <span class='ocrx_word' id='word_1_796' title='bbox 3080 4093 3209 4162; x_wconf 81' lang='lat' dir='ltr'><strong>ﬁliis</strong></span> <span class='ocrx_word' id='word_1_797' title='bbox 3238 4091 3380 4145; x_wconf 82' lang='lat' dir='ltr'><strong>Dei?</strong></span> <span class='ocrx_word' id='word_1_798' title='bbox 3408 4087 3565 4143; x_wconf 84' lang='lat' dir='ltr'><strong>Nunc</strong></span> 
     </span>
    </p>
   </div>
   <div class='ocr_carea' id='block_1_101' title="bbox 1988 4186 3566 4260">
    <p class='ocr_par' dir='ltr' id='par_1_101' title="bbox 1988 4186 3566 4260">
     <span class='ocr_line' id='line_1_101' title="bbox 1988 4186 3566 4260; baseline -0.01 -9"><span class='ocrx_word' id='word_1_799' title='bbox 1988 4196 2151 4260; x_wconf 85' lang='lat' dir='ltr'><strong>item,</strong></span> <span class='ocrx_word' id='word_1_800' title='bbox 2186 4194 2317 4260; x_wconf 84' lang='lat' dir='ltr'><strong>Quis</strong></span> <span class='ocrx_word' id='word_1_801' title='bbox 2352 4192 2542 4247; x_wconf 86' lang='lat' dir='ltr'><strong>similis</strong></span> <span class='ocrx_word' id='word_1_802' title='bbox 2570 4189 2701 4244; x_wconf 80' lang='lat' dir='ltr'><strong>tibi?</strong></span> <span class='ocrx_word' id='word_1_803' title='bbox 2735 4189 2832 4253; x_wconf 90' lang='lat' dir='ltr'><strong>ait,</strong></span> <span class='ocrx_word' id='word_1_804' title='bbox 2874 4186 3002 4256; x_wconf 85' lang='lat' dir='ltr'><strong>quia</strong></span> <span class='ocrx_word' id='word_1_805' title='bbox 3046 4195 3238 4253; x_wconf 88' lang='lat' dir='ltr'><strong>potens</strong></span> <span class='ocrx_word' id='word_1_806' title='bbox 3261 4199 3321 4237; x_wconf 91' lang='lat' dir='ltr'><strong>es</strong></span> <span class='ocrx_word' id='word_1_807' title='bbox 3342 4222 3356 4246; x_wconf 97' lang='lat'><strong>,</strong></span> <span class='ocrx_word' id='word_1_808' title='bbox 3392 4190 3444 4236; x_wconf 88' lang='lat' dir='ltr'><strong>et</strong></span> <span class='ocrx_word' id='word_1_809' title='bbox 3472 4194 3566 4235; x_wconf 82' lang='lat' dir='ltr'><strong>ve-</strong></span> 
     </span>
    </p>
   </div>
   <div class='ocr_carea' id='block_1_102' title="bbox 1994 4278 3566 4348">
    <p class='ocr_par' dir='ltr' id='par_1_102' title="bbox 1994 4278 3566 4348">
     <span class='ocr_line' id='line_1_102' title="bbox 1994 4278 3566 4348; baseline -0.012 -3"><span class='ocrx_word' id='word_1_810' title='bbox 1994 4290 2132 4345; x_wconf 79' lang='lat' dir='ltr'><strong>ritas</strong></span> <span class='ocrx_word' id='word_1_811' title='bbox 2193 4301 2507 4342; x_wconf 87' lang='lat' dir='ltr'><strong>sermonum</strong></span> <span class='ocrx_word' id='word_1_812' title='bbox 2559 4290 2820 4345; x_wconf 86' lang='lat' dir='ltr'><strong>tuorum,</strong></span> <span class='ocrx_word' id='word_1_813' title='bbox 2883 4278 3170 4348; x_wconf 87' lang='lat' dir='ltr'><strong>promissa.</strong></span> <span class='ocrx_word' id='word_1_814' title='bbox 3202 4290 3419 4346; x_wconf 86' lang='lat' dir='ltr'><strong>quoque</strong></span> <span class='ocrx_word' id='word_1_815' title='bbox 3472 4282 3566 4327; x_wconf 87' lang='lat' dir='ltr'><strong>tua</strong></span> 
     </span>
    </p>
   </div>
   <div class='ocr_carea' id='block_1_103' title="bbox 1990 4370 3568 4449">
    <p class='ocr_par' dir='ltr' id='par_1_103' title="bbox 1990 4370 3568 4449">
     <span class='ocr_line' id='line_1_103' title="bbox 1990 4370 3568 4449; baseline -0.012 -10"><span class='ocrx_word' id='word_1_816' title='bbox 1990 4383 2137 4439; x_wconf 85' lang='lat' dir='ltr'><strong>circa</strong></span> <span class='ocrx_word' id='word_1_817' title='bbox 2188 4389 2242 4435; x_wconf 90' lang='lat' dir='ltr'><strong>te</strong></span> <span class='ocrx_word' id='word_1_818' title='bbox 2288 4388 2343 4435; x_wconf 93' lang='lat' dir='ltr'><strong>et</strong></span> <span class='ocrx_word' id='word_1_819' title='bbox 2389 4391 2559 4449; x_wconf 90' lang='lat' dir='ltr'><strong>penes</strong></span> <span class='ocrx_word' id='word_1_820' title='bbox 2589 4382 2642 4430; x_wconf 87' lang='lat' dir='ltr'><strong>te</strong></span> <span class='ocrx_word' id='word_1_821' title='bbox 2667 4384 2817 4430; x_wconf 86' lang='lat' dir='ltr'><strong>sunt.</strong></span> <span class='ocrx_word' id='word_1_822' title='bbox 2850 4372 3027 4427; x_wconf 84' lang='lat' dir='ltr'><strong>Penes</strong></span> <span class='ocrx_word' id='word_1_823' title='bbox 3060 4380 3111 4425; x_wconf 90' lang='lat' dir='ltr'><strong>te</strong></span> <span class='ocrx_word' id='word_1_824' title='bbox 3137 4370 3336 4439; x_wconf 88' lang='lat' dir='ltr'><strong>quippe</strong></span> <span class='ocrx_word' id='word_1_825' title='bbox 3365 4376 3481 4431; x_wconf 82' lang='lat' dir='ltr'><strong>est,</strong></span> <span class='ocrx_word' id='word_1_826' title='bbox 3511 4374 3568 4421; x_wconf 87' lang='lat' dir='ltr'><strong>et</strong></span> 
     </span>
    </p>
   </div>
   <div class='ocr_carea' id='block_1_104' title="bbox 1991 4460 3565 4547">
    <p class='ocr_par' dir='ltr' id='par_1_104' title="bbox 1991 4460 3565 4547">
     <span class='ocr_line' id='line_1_104' title="bbox 1991 4460 3565 4547; baseline -0.01 -18"><span class='ocrx_word' id='word_1_827' title='bbox 1991 4491 2158 4547; x_wconf 86' lang='lat' dir='ltr'><strong>penes</strong></span> <span class='ocrx_word' id='word_1_828' title='bbox 2182 4490 2277 4529; x_wconf 93' lang='lat' dir='ltr'><strong>eos</strong></span> <span class='ocrx_word' id='word_1_829' title='bbox 2308 4473 2401 4542; x_wconf 92' lang='lat' dir='ltr'><strong>qui</strong></span> <span class='ocrx_word' id='word_1_830' title='bbox 2445 4481 2499 4527; x_wconf 90' lang='lat' dir='ltr'><strong>te</strong></span> <span class='ocrx_word' id='word_1_831' title='bbox 2540 4469 2902 4532; x_wconf 89' lang='lat' dir='ltr'><strong>circumdant,</strong></span> <span class='ocrx_word' id='word_1_832' title='bbox 2944 4466 3146 4521; x_wconf 85' lang='lat' dir='ltr'><strong>veritas</strong></span> <span class='ocrx_word' id='word_1_833' title='bbox 3194 4474 3324 4519; x_wconf 91' lang='lat' dir='ltr'><strong>tua:</strong></span> <span class='ocrx_word' id='word_1_834' title='bbox 3358 4476 3483 4515; x_wconf 87' lang='lat' dir='ltr'><strong>nam</strong></span> <span class='ocrx_word' id='word_1_835' title='bbox 3517 4460 3565 4515; x_wconf 92' lang='lat' dir='ltr'><strong>si</strong></span> 
     </span>
    </p>
   </div>
   <div class='ocr_carea' id='block_1_105' title="bbox 1921 4552 3568 4640">
    <p class='ocr_par' dir='ltr' id='par_1_105' title="bbox 1921 4552 3568 4640">
     <span class='ocr_line' id='line_1_105' title="bbox 1921 4552 3568 4640; baseline -0.011 -17"><span class='ocrx_word' id='word_1_836' title='bbox 1921 4581 1968 4640; x_wconf 73' lang='grc' dir='ltr'><strong>ι)</strong></span> <span class='ocrx_word' id='word_1_837' title='bbox 1993 4569 2087 4639; x_wconf 93' lang='lat' dir='ltr'><strong>qui</strong></span> <span class='ocrx_word' id='word_1_838' title='bbox 2131 4568 2379 4639; x_wconf 80' lang='lat' dir='ltr'><strong>proxime</strong></span> <span class='ocrx_word' id='word_1_839' title='bbox 2419 4575 2474 4619; x_wconf 82' lang='lat' dir='ltr'><strong>te</strong></span> <span class='ocrx_word' id='word_1_840' title='bbox 2534 4571 2589 4619; x_wconf 81' lang='lat' dir='ltr'><strong>et</strong></span> <span class='ocrx_word' id='word_1_841' title='bbox 2635 4564 2691 4616; x_wconf 90' lang='lat' dir='ltr'><strong>in</strong></span> <span class='ocrx_word' id='word_1_842' title='bbox 2734 4559 2967 4615; x_wconf 88' lang='lat' dir='ltr'><strong>circuitu</strong></span> <span class='ocrx_word' id='word_1_843' title='bbox 3006 4568 3097 4612; x_wconf 92' lang='lat' dir='ltr'><strong>tuo</strong></span> <span class='ocrx_word' id='word_1_844' title='bbox 3132 4562 3293 4618; x_wconf 90' lang='lat' dir='ltr'><strong>sunt,</strong></span> <span class='ocrx_word' id='word_1_845' title='bbox 3326 4552 3403 4606; x_wconf 91' lang='lat' dir='ltr'><strong>illi</strong></span> <span class='ocrx_word' id='word_1_846' title='bbox 3435 4565 3568 4605; x_wconf 87' lang='lat' dir='ltr'><strong>sane</strong></span> 
     </span>
    </p>
   </div>
   <div class='ocr_carea' id='block_1_106' title="bbox 1992 4646 3567 4717">
    <p class='ocr_par' dir='ltr' id='par_1_106' title="bbox 1992 4646 3567 4717">
     <span class='ocr_line' id='line_1_106' title="bbox 1992 4646 3567 4717; baseline -0.013 -3"><span class='ocrx_word' id='word_1_847' title='bbox 1992 4660 2281 4714; x_wconf 88' lang='lat' dir='ltr'><strong>veritatem</strong></span> <span class='ocrx_word' id='word_1_848' title='bbox 2331 4662 2536 4711; x_wconf 87' lang='lat' dir='ltr'><strong>norunt</strong></span> <span class='ocrx_word' id='word_1_849' title='bbox 2580 4662 2751 4707; x_wconf 88' lang='lat' dir='ltr'><strong>tuam.</strong></span> <span class='ocrx_word' id='word_1_850' title='bbox 2786 4650 2895 4705; x_wconf 84' lang='lat' dir='ltr'><strong>Nos</strong></span> <span class='ocrx_word' id='word_1_851' title='bbox 2926 4658 3103 4703; x_wconf 89' lang='lat' dir='ltr'><strong>autem</strong></span> <span class='ocrx_word' id='word_1_852' title='bbox 3133 4646 3224 4717; x_wconf 89' lang='lat' dir='ltr'><strong>qui</strong></span> <span class='ocrx_word' id='word_1_853' title='bbox 3254 4646 3306 4699; x_wconf 93' lang='lat' dir='ltr'><strong>in</strong></span> <span class='ocrx_word' id='word_1_854' title='bbox 3335 4651 3483 4697; x_wconf 89' lang='lat' dir='ltr'><strong>terra</strong></span> <span class='ocrx_word' id='word_1_855' title='bbox 3514 4647 3567 4695; x_wconf 92' lang='lat' dir='ltr'><strong>et</strong></span> 
     </span>
    </p>
   </div>
   <div class='ocr_carea' id='block_1_107' title="bbox 1993 4735 3567 4820">
    <p class='ocr_par' dir='ltr' id='par_1_107' title="bbox 1993 4735 3567 4820">
     <span class='ocr_line' id='line_1_107' title="bbox 1993 4735 3567 4820; baseline -0.014 -14"><span class='ocrx_word' id='word_1_856' title='bbox 1993 4750 2174 4806; x_wconf 85' lang='lat' dir='ltr'><strong>adhuc</strong></span> <span class='ocrx_word' id='word_1_857' title='bbox 2205 4749 2395 4820; x_wconf 90' lang='lat' dir='ltr'><strong>procul</strong></span> <span class='ocrx_word' id='word_1_858' title='bbox 2428 4756 2481 4802; x_wconf 88' lang='lat' dir='ltr'><strong>te</strong></span> <span class='ocrx_word' id='word_1_859' title='bbox 2511 4758 2817 4805; x_wconf 82' lang='lat' dir='ltr'><strong>versamur,</strong></span> <span class='ocrx_word' id='word_1_860' title='bbox 2850 4756 2916 4795; x_wconf 79' lang='lat' dir='ltr'><strong>ex</strong></span> <span class='ocrx_word' id='word_1_861' title='bbox 2946 4740 3015 4795; x_wconf 89' lang='lat' dir='ltr'><strong>iis</strong></span> <span class='ocrx_word' id='word_1_862' title='bbox 3047 4752 3168 4807; x_wconf 62' lang='lat' dir='ltr'><strong>quae</strong></span> <span class='ocrx_word' id='word_1_863' title='bbox 3199 4736 3313 4791; x_wconf 88' lang='lat' dir='ltr'><strong>sive</strong></span> <span class='ocrx_word' id='word_1_864' title='bbox 3340 4735 3396 4788; x_wconf 91' lang='lat' dir='ltr'><strong>in</strong></span> <span class='ocrx_word' id='word_1_865' title='bbox 3420 4740 3567 4786; x_wconf 85' lang='lat' dir='ltr'><strong>terra</strong></span> 
     </span>
    </p>
   </div>
   <div class='ocr_carea' id='block_1_108' title="bbox 1994 4832 3566 4909">
    <p class='ocr_par' dir='ltr' id='par_1_108' title="bbox 1994 4832 3566 4909">
     <span class='ocr_line' id='line_1_108' title="bbox 1994 4832 3566 4909; baseline -0.015 -10"><span class='ocrx_word' id='word_1_866' title='bbox 1994 4844 2109 4900; x_wconf 81' lang='lat' dir='ltr'><strong>sive</strong></span> <span class='ocrx_word' id='word_1_867' title='bbox 2137 4843 2191 4896; x_wconf 90' lang='lat' dir='ltr'><strong>in</strong></span> <span class='ocrx_word' id='word_1_868' title='bbox 2223 4840 2359 4894; x_wconf 88' lang='lat' dir='ltr'><strong>mari</strong></span> <span class='ocrx_word' id='word_1_869' title='bbox 2387 4855 2417 4893; x_wconf 87' lang='lat' dir='ltr'><strong>a</strong></span> <span class='ocrx_word' id='word_1_870' title='bbox 2444 4836 2791 4909; x_wconf 86' lang='lat' dir='ltr'><strong>providentia</strong></span> <span class='ocrx_word' id='word_1_871' title='bbox 2817 4840 2910 4887; x_wconf 85' lang='lat' dir='ltr'><strong>tua</strong></span> <span class='ocrx_word' id='word_1_872' title='bbox 2936 4840 3222 4903; x_wconf 85' lang='lat' dir='ltr'><strong>geruntur,</strong></span> <span class='ocrx_word' id='word_1_873' title='bbox 3252 4840 3444 4897; x_wconf 82' lang='lat' dir='ltr'><strong>magna</strong></span> <span class='ocrx_word' id='word_1_874' title='bbox 3474 4832 3566 4877; x_wconf 88' lang='lat' dir='ltr'><strong>tua</strong></span> 
     </span>
    </p>
   </div>
   <div class='ocr_carea' id='block_1_109' title="bbox 1992 4925 3570 5006">
    <p class='ocr_par' dir='ltr' id='par_1_109' title="bbox 1992 4925 3570 5006">
     <span class='ocr_line' id='line_1_109' title="bbox 1992 4925 3570 5006; baseline -0.013 -15"><span class='ocrx_word' id='word_1_875' title='bbox 1992 4934 2208 5006; x_wconf 85' lang='lat' dir='ltr'><strong>opiﬁcia</strong></span> <span class='ocrx_word' id='word_1_876' title='bbox 2239 4932 2701 5001; x_wconf 87' lang='lat' dir='ltr'><strong>contemplantes,</strong></span> <span class='ocrx_word' id='word_1_877' title='bbox 2746 4925 3069 4981; x_wconf 87' lang='lat' dir='ltr'><strong>conﬁtemur</strong></span> <span class='ocrx_word' id='word_1_878' title='bbox 3097 4931 3148 4976; x_wconf 91' lang='lat' dir='ltr'><strong>te</strong></span> <span class='ocrx_word' id='word_1_879' title='bbox 3178 4927 3479 4989; x_wconf 82' lang='lat' dir='ltr'><strong>potentem,</strong></span> <span class='ocrx_word' id='word_1_880' title='bbox 3515 4925 3570 4971; x_wconf 91' lang='lat' dir='ltr'><strong>et</strong></span> 
     </span>
    </p>
   </div>
   <div class='ocr_carea' id='block_1_110' title="bbox 1987 5008 3571 5083">
    <p class='ocr_par' dir='ltr' id='par_1_110' title="bbox 1987 5008 3571 5083">
     <span class='ocr_line' id='line_1_110' title="bbox 1987 5008 3571 5083; baseline -0.014 -1"><span class='ocrx_word' id='word_1_881' title='bbox 1987 5027 2272 5083; x_wconf 87' lang='lat' dir='ltr'><strong>veritatem</strong></span> <span class='ocrx_word' id='word_1_882' title='bbox 2305 5032 2456 5077; x_wconf 85' lang='lat' dir='ltr'><strong>tuam</strong></span> <span class='ocrx_word' id='word_1_883' title='bbox 2488 5022 2543 5076; x_wconf 92' lang='lat' dir='ltr'><strong>in</strong></span> <span class='ocrx_word' id='word_1_884' title='bbox 2576 5019 2813 5074; x_wconf 91' lang='lat' dir='ltr'><strong>circuitu</strong></span> <span class='ocrx_word' id='word_1_885' title='bbox 2839 5027 2932 5071; x_wconf 93' lang='lat' dir='ltr'><strong>tuo</strong></span> <span class='ocrx_word' id='word_1_886' title='bbox 2962 5030 3103 5070; x_wconf 89' lang='lat' dir='ltr'><strong>esse.</strong></span> <span class='ocrx_word' id='word_1_887' title='bbox 3136 5011 3270 5066; x_wconf 84' lang='lat' dir='ltr'><strong>Nam</strong></span> <span class='ocrx_word' id='word_1_888' title='bbox 3321 5020 3379 5063; x_wconf 94' lang='lat' dir='ltr'><strong>tu</strong></span> <span class='ocrx_word' id='word_1_889' title='bbox 3421 5008 3571 5063; x_wconf 82' lang='lat' dir='ltr'><strong>solus</strong></span> 
     </span>
    </p>
   </div>
   <div class='ocr_carea' id='block_1_111' title="bbox 1990 5101 3571 5182">
    <p class='ocr_par' dir='ltr' id='par_1_111' title="bbox 1990 5101 3571 5182">
     <span class='ocr_line' id='line_1_111' title="bbox 1990 5101 3571 5182; baseline -0.013 -9"><span class='ocrx_word' id='word_1_890' title='bbox 1990 5118 2130 5172; x_wconf 88' lang='lat' dir='ltr'><strong>mari</strong></span> <span class='ocrx_word' id='word_1_891' title='bbox 2159 5123 2215 5171; x_wconf 91' lang='lat' dir='ltr'><strong>et</strong></span> <span class='ocrx_word' id='word_1_892' title='bbox 2240 5122 2407 5168; x_wconf 72' lang='lat' dir='ltr'><strong>tantae</strong></span> <span class='ocrx_word' id='word_1_893' title='bbox 2439 5125 2705 5182; x_wconf 85' lang='lat' dir='ltr'><strong>aquarum</strong></span> <span class='ocrx_word' id='word_1_894' title='bbox 2732 5105 3058 5180; x_wconf 88' lang='lat' dir='ltr'><strong>plenitudini</strong></span> <span class='ocrx_word' id='word_1_895' title='bbox 3084 5101 3386 5157; x_wconf 89' lang='lat' dir='ltr'><strong>dominaris</strong></span> <span class='ocrx_word' id='word_1_896' title='bbox 3410 5139 3424 5164; x_wconf 97' lang='lat'><strong>,</strong></span> <span class='ocrx_word' id='word_1_897' title='bbox 3449 5115 3571 5152; x_wconf 87' lang='lat' dir='ltr'><strong>mo-</strong></span> 
     </span>
    </p>
   </div>
   <div class='ocr_carea' id='block_1_112' title="bbox 1988 5192 3571 5274">
    <p class='ocr_par' dir='ltr' id='par_1_112' title="bbox 1988 5192 3571 5274">
     <span class='ocr_line' id='line_1_112' title="bbox 1988 5192 3571 5274; baseline -0.014 -11"><span class='ocrx_word' id='word_1_898' title='bbox 1988 5218 2103 5263; x_wconf 90' lang='lat' dir='ltr'><strong>tum</strong></span> <span class='ocrx_word' id='word_1_899' title='bbox 2135 5209 2399 5261; x_wconf 83' lang='lat' dir='ltr'><strong>ﬂuctuum</strong></span> <span class='ocrx_word' id='word_1_900' title='bbox 2429 5205 2549 5274; x_wconf 85' lang='lat' dir='ltr'><strong>ejus</strong></span> <span class='ocrx_word' id='word_1_901' title='bbox 2571 5216 2715 5256; x_wconf 86' lang='lat' dir='ltr'><strong>unus</strong></span> <span class='ocrx_word' id='word_1_902' title='bbox 2746 5200 2965 5268; x_wconf 83' lang='lat' dir='ltr'><strong>mitigas</strong></span> <span class='ocrx_word' id='word_1_903' title='bbox 2988 5236 3002 5261; x_wconf 98' lang='lat'><strong>,</strong></span> <span class='ocrx_word' id='word_1_904' title='bbox 3042 5192 3528 5265; x_wconf 83' lang='lat' dir='ltr'><strong>ipsiqueclaustra</strong></span> <span class='ocrx_word' id='word_1_905' title='bbox 3554 5228 3571 5254; x_wconf 90' lang='lat'><strong>,</strong></span> 
     </span>
    </p>
   </div>
   <div class='ocr_carea' id='block_1_113' title="bbox 1992 5281 3553 5372">
    <p class='ocr_par' dir='ltr' id='par_1_113' title="bbox 1992 5281 3553 5372">
     <span class='ocr_line' id='line_1_113' title="bbox 1992 5281 3553 5372; baseline -0.015 -16"><span class='ocrx_word' id='word_1_906' title='bbox 1992 5307 2182 5372; x_wconf 81' lang='lat' dir='ltr'><strong>portas</strong></span> <span class='ocrx_word' id='word_1_907' title='bbox 2210 5307 2265 5354; x_wconf 89' lang='lat' dir='ltr'><strong>et</strong></span> <span class='ocrx_word' id='word_1_908' title='bbox 2289 5296 2557 5351; x_wconf 88' lang='lat' dir='ltr'><strong>terminos</strong></span> <span class='ocrx_word' id='word_1_909' title='bbox 2593 5291 2761 5346; x_wconf 75' lang='lat' dir='ltr'><strong>ﬁxisti</strong></span> <span class='ocrx_word' id='word_1_910' title='bbox 2787 5331 2801 5353; x_wconf 91' lang='lat'><strong>,</strong></span> <span class='ocrx_word' id='word_1_911' title='bbox 2838 5306 2905 5343; x_wconf 87' lang='lat' dir='ltr'><strong>ne</strong></span> <span class='ocrx_word' id='word_1_912' title='bbox 2940 5295 3391 5357; x_wconf 63' lang='lat' dir='ltr'><strong>praetergressum</strong></span> <span class='ocrx_word' id='word_1_913' title='bbox 3425 5281 3553 5350; x_wconf 86' lang='lat' dir='ltr'><strong>pela-</strong></span> 
     </span>
    </p>
   </div>
   <div class='ocr_carea' id='block_1_114' title="bbox 1988 5374 3571 5465">
    <p class='ocr_par' dir='ltr' id='par_1_114' title="bbox 1988 5374 3571 5465">
     <span class='ocr_line' id='line_1_114' title="bbox 1988 5374 3571 5465; baseline -0.015 -17"><span class='ocrx_word' id='word_1_914' title='bbox 1988 5409 2090 5465; x_wconf 84' lang='lat' dir='ltr'><strong>gus</strong></span> <span class='ocrx_word' id='word_1_915' title='bbox 2120 5390 2349 5446; x_wconf 91' lang='lat' dir='ltr'><strong>inundet</strong></span> <span class='ocrx_word' id='word_1_916' title='bbox 2374 5387 2583 5442; x_wconf 90' lang='lat' dir='ltr'><strong>orbem.</strong></span> <span class='ocrx_word' id='word_1_917' title='bbox 2610 5384 2767 5451; x_wconf 86' lang='lat' dir='ltr'><strong>Quod</strong></span> <span class='ocrx_word' id='word_1_918' title='bbox 2796 5396 2931 5437; x_wconf 84' lang='lat' dir='ltr'><strong>sane</strong></span> <span class='ocrx_word' id='word_1_919' title='bbox 2961 5380 3046 5434; x_wconf 87' lang='lat' dir='ltr'><strong>vel</strong></span> <span class='ocrx_word' id='word_1_920' title='bbox 3072 5392 3242 5431; x_wconf 90' lang='lat' dir='ltr'><strong>unum</strong></span> <span class='ocrx_word' id='word_1_921' title='bbox 3273 5374 3571 5429; x_wconf 82' lang='lat' dir='ltr'><strong>maximum</strong></span> 
     </span>
    </p>
   </div>
   <div class='ocr_carea' id='block_1_115' title="bbox 1992 5468 3571 5555">
    <p class='ocr_par' dir='ltr' id='par_1_115' title="bbox 1992 5468 3571 5555">
     <span class='ocr_line' id='line_1_115' title="bbox 1992 5468 3571 5555; baseline -0.016 -13"><span class='ocrx_word' id='word_1_922' title='bbox 1992 5488 2156 5544; x_wconf 83' lang='lat' dir='ltr'><strong>fuerit</strong></span> <span class='ocrx_word' id='word_1_923' title='bbox 2200 5482 2485 5555; x_wconf 88' lang='lat' dir='ltr'><strong>potestatis</strong></span> <span class='ocrx_word' id='word_1_924' title='bbox 2533 5488 2639 5532; x_wconf 62' lang='lat' dir='ltr'><strong>tua:</strong></span> <span class='ocrx_word' id='word_1_925' title='bbox 2690 5482 3091 5546; x_wconf 84' lang='lat' dir='ltr'><strong>argumentum.</strong></span> <span class='ocrx_word' id='word_1_926' title='bbox 3128 5471 3196 5522; x_wconf 82' lang='lat' dir='ltr'><strong>At</strong></span> <span class='ocrx_word' id='word_1_927' title='bbox 3226 5468 3371 5523; x_wconf 84' lang='lat' dir='ltr'><strong>enim</strong></span> <span class='ocrx_word' id='word_1_928' title='bbox 3420 5472 3571 5518; x_wconf 87' lang='lat' dir='ltr'><strong>tanta</strong></span> 
     </span>
    </p>
   </div>
   <div class='ocr_carea' id='block_1_116' title="bbox 1993 5561 3570 5651">
    <p class='ocr_par' dir='ltr' id='par_1_116' title="bbox 1993 5561 3570 5651">
     <span class='ocr_line' id='line_1_116' title="bbox 1993 5561 3570 5651; baseline -0.015 -15"><span class='ocrx_word' id='word_1_929' title='bbox 1993 5594 2263 5651; x_wconf 87' lang='lat' dir='ltr'><strong>aquarum</strong></span> <span class='ocrx_word' id='word_1_930' title='bbox 2316 5573 2642 5635; x_wconf 89' lang='lat' dir='ltr'><strong>commotio,</strong></span> <span class='ocrx_word' id='word_1_931' title='bbox 2696 5569 2795 5623; x_wconf 88' lang='lat' dir='ltr'><strong>tibi</strong></span> <span class='ocrx_word' id='word_1_932' title='bbox 2857 5575 2917 5620; x_wconf 87' lang='lat' dir='ltr'><strong>ut</strong></span> <span class='ocrx_word' id='word_1_933' title='bbox 2964 5564 3185 5619; x_wconf 78' lang='lat' dir='ltr'><strong>domino</strong></span> <span class='ocrx_word' id='word_1_934' title='bbox 3228 5561 3570 5630; x_wconf 87' lang='lat' dir='ltr'><strong>obsequens.</strong></span> 
     </span>
    </p>
   </div>
   <div class='ocr_carea' id='block_1_117' title="bbox 1994 5653 3568 5728">
    <p class='ocr_par' dir='ltr' id='par_1_117' title="bbox 1994 5653 3568 5728">
     <span class='ocr_line' id='line_1_117' title="bbox 1994 5653 3568 5728; baseline -0.015 -1"><span class='ocrx_word' id='word_1_935' title='bbox 1994 5671 2125 5727; x_wconf 87' lang='lat' dir='ltr'><strong>dum</strong></span> <span class='ocrx_word' id='word_1_936' title='bbox 2159 5680 2376 5726; x_wconf 87' lang='lat' dir='ltr'><strong>tumens</strong></span> <span class='ocrx_word' id='word_1_937' title='bbox 2410 5668 2472 5723; x_wconf 85' lang='lat' dir='ltr'><strong>in.</strong></span> <span class='ocrx_word' id='word_1_938' title='bbox 2496 5666 2663 5721; x_wconf 87' lang='lat' dir='ltr'><strong>altum</strong></span> <span class='ocrx_word' id='word_1_939' title='bbox 2696 5659 2967 5728; x_wconf 87' lang='lat' dir='ltr'><strong>evehitur,</strong></span> <span class='ocrx_word' id='word_1_940' title='bbox 2996 5653 3322 5712; x_wconf 80' lang='lat' dir='ltr'><strong>reformidat</strong></span> <span class='ocrx_word' id='word_1_941' title='bbox 3353 5662 3531 5709; x_wconf 77' lang='lat' dir='ltr'><strong>tamen</strong></span> <span class='ocrx_word' id='word_1_942' title='bbox 3551 5690 3568 5718; x_wconf 93' lang='lat'><strong>,</strong></span> 
     </span>
    </p>
   </div>
  </div>
