4068 6394
502 406 526 454 1
537 403 640 458 081

1176 401 1446 460 EUSEBII
1483 402 1964 461 CESARIENSIS
2001 402 2154 460 ore.
2195 400 2382 458 rans
2421 399 2511 458 ιιι.
2551 429 2622 441 -
2661 366 3071 457 EXEGETICA.

3620 392 3769 453 1088

499 529 554 576 et
577 519 630 574 in
658 517 836 588 seipsa
853 517 1102 573 terminis
1133 519 1396 574 conclusa
1412 518 1549 584 suis,
1567 521 1864 578 colliditur.
1883 521 2072 589 Qui-ml

2191 518 2447 589 μέγιστον
2472 518 2570 590 τῆς
2602 518 2703 590 σῆς
2728 517 3014 589 δυνάμεως
3039 515 3258 585 δεῖγμα.
3295 513 3383 576 Ὠς
3404 511 3513 583 γὰρ
3535 511 3784 588 δεσπότῃ

499 609 793 666 admodum
827 617 1008 663 autem
1063 608 1263 664 [luctus
1315 610 1594 681 marisque
1625 614 2081 671 comminationes

493 703 654 772 jussu
668 709 764 755 tuo
792 700 1106 764 refrenasti,
1126 709 1180 756 et
1209 702 1500 770 elationes,
1537 704 1778 774 impetus
1798 746 1812 768 ,
1835 705 2082 776 iramque

497 794 618 862 ejus
651 792 856 848 sedasti
886 811 900 860 ;
940 793 1014 845 ita
1044 808 1263 863 quoque
1292 792 1340 849 si
1371 809 1439 848 ex
1485 794 1861 852 invisibilibus
1904 797 2080 852 virtu-

499 886 648 940 tibus
677 885 926 955 quaedam
963 885 1320 956 providentiae
1353 894 1461 941 tuae
1490 889 1729 944 consilio
1763 889 2000 944 inimicae
2025 897 2082 947 et

500 978 827 1033 adversaria:
871 978 1110 1042 fuerint,
1137 993 1234 1033 eas
1282 994 1525 1050 quoque.
1557 989 1746 1052 utpote
1787 983 1882 1052 qui
1929 984 2080 1040 solus

499 1070 918 1139 potentissimus
965 1071 1208 1124 omnium
1257 1072 1371 1135 sis,
1421 1072 1740 1144 dissipasti,
1781 1090 2082 1147 earumque

497 1163 799 1233 principem
833 1173 886 1218 et
914 1172 1250 1234 tyrannum,
1295 1175 1644 1236 arrogantem
1689 1169 1843 1223 illum
1891 1177 1946 1226 et
1985 1186 2074 1226 su-

494 1257 722 1324 perbum
754 1255 1058 1325 principem
1091 1255 1255 1327 hujus
1296 1259 1482 1312 saaculi
1529 1261 1731 1316 virtute
1768 1270 1860 1316 tua
1899 1262 2080 1316 humi-

492 1347 642 1402 liasti
695 1356 752 1402 et
803 1348 1108 1403 vulnerasti
1137 1366 1151 1414 ;
1187 1364 1512 1418 percussum
1546 1368 1743 1424 nempe
1772 1353 1956 1424 gladio
1987 1355 2080 1409 illo

494 1447 592 1495 tuo
621 1456 821 1510 magno
849 1449 904 1496 et
930 1443 1192 1507 terribili,
1222 1452 1283 1497 nt
1314 1444 1367 1498 in
1403 1445 1690 1515 prophetia
1723 1445 1900 1500 fertur
1930 1466 1943 1501 :
1979 1446 2078 1502 1η-

495 1530 646 1584 ducet
668 1529 924 1585 Dominus
943 1531 1182 1602 gladium
1206 1532 1462 1603 grandem
1485 1542 1534 1588 et
1558 1533 1749 1602 fortem
1771 1549 1927 1602 super
1949 1533 2080 1588 dra-

493 1639 701 1686 conem,
733 1634 1024 1691 serpentem
1056 1633 1352 1678 tortuosum
1375 1664 1389 1685 ,
1424 1624 1711 1695 fugientem
1737 1641 1756 1688 ,°
1795 1635 1845 1679 et
1875 1625 2077 1680 occidet

491 1713 774 1768 draconem
804 1715 892 1782 qui
923 1723 1000 1768 est
1029 1716 1082 1768 in
1113 1717 1252 1768 mari
1279 1717 1345 1768 ’⁵.
1381 1715 1445 1768 Et
1475 1716 1605 1785 quia
1637 1715 1778 1770 alius
1809 1716 2076 1785 propheta

491 1804 786 1859 draconem
825 1805 970 1859 hunc
1000 1806 1348 1860 vulneratum
1377 1807 1432 1860 in
1471 1808 1611 1861 mari
1654 1809 1851 1878 degere
1890 1809 2078 1864 docuit

2181 609 2507 666 δουλεύουσα
2541 613 2574 682 ή
2607 610 2844 682 τοσαύτη
2881 610 2990 663 τῶν
3029 608 3238 662 ὑδάτων
3270 606 3504 678 κίνησις,
3537 624 3780 680 κυρτου-

2186 704 2325 776 μένη
2365 708 2445 770 είς
2501 705 2635 776 ὕψος
2693 705 2788 759 καὶ
2839 703 3182 776 ὲπαιρομένη
3229 702 3484 772 πτήσσει,
3545 702 3641 754 καὶ
3698 703 3780 766 εις

2183 797 2384 870 ἑαυτὴν
2409 799 2845 871 καταράσσεται,
2877 797 3011 850 εἵσω
3047 796 3156 850 τῶν
3204 793 3421 848 οἰκείων
3449 794 3593 865 ὅρων
3637 794 3777 847 ἁπο-

2183 891 2565 963 κεκλεισμένη.
2601 892 2812 963 Ὥσπερ
2831 890 2889 944 δὲ
2914 889 2987 943 τά
3017 889 3240 960 κύματα
3272 887 3367 940 καὶ
3409 887 3510 950 τὰς
3537 884 3805 953 ἀπειλὰς,

2181 983 2282 1054 τῆς
2313 983 2588 1056 Θαλάσσης
2632 984 2972 1054 ὲχαλίνωσας
3009 981 3086 1052 τῷ
3133 979 3212 1051 σῷ
3243 980 3648 1052 προστάγματι,
3679 976 3776 1031 καὶ

2182 1076 2250 1131 τὰ
2282 1076 2553 1149 ὑψώματα
2586 1078 2783 1148 αὐτῆς,
2820 1077 2919 1140 τάς
2947 1092 3008 1128 τε
3053 1073 3230 1146 ὁρμὰς
3272 1071 3365 1125 καὶ
3397 1071 3523 1134 τοὺς
3563 1068 3774 1138 θυμοὺς

2181 1170 2566 1242 κατεπράῦνας
2586 1186 2601 1200 ·
2642 1167 2786 1222 οὕτω
2825 1168 2884 1222 δὲ
2915 1168 3008 1222 καὶ
3049 1167 3144 1220 ἐπὶ
3180 1164 3292 1218 τῶν
3328 1163 3574 1236 ἀοράτων
3613 1159 3776 1215 δυνά-

2185 1279 2352 1333 μεων,
2375 1263 2428 1316 ετ
2448 1262 2593 1326 τινές
2620 1278 2751 1316 ποτε
2779 1255 2889 1314 εἶεν
2905 1259 3097 1331 ἐχθραὶ
3121 1257 3215 1312 καὶ
3242 1255 3485 1310 ἐναντίαι
3508 1257 3578 1326 τῇ
3609 1252 3773 1325 βουλῇ

2178 1354 2281 1424 τῆς
2310 1355 2412 1425 σῆς
2438 1354 2696 1425 προνοίας
2718 1393 2731 1418 ,
2768 1353 2862 1408 καὶ
2886 1351 3113 1416 ταύτας,
3145 1350 3240 1404 ἆτε
3276 1349 3438 1420 μόνος
3485 1349 3581 1402 καὶ
3631 1347 3783 1417 ὑπὲρ

2180 1447 2391 1511 πάντας
2417 1445 2493 1500 ὢν
2519 1444 2915 1509 δυνατώτατος,
2932 1443 3344 1515 διεσκόρπισας,
3359 1439 3452 1493 τόν
3477 1456 3536 1492 τε
3566 1437 3776 1492 τούτων

2179 1536 2420 1609 ἄρχοντα
2475 1537 2568 1592 καὶ
2601 1537 2864 1609 τύραννον
2899 1537 2996 1590 καὶ
3047 1534 3285 1598 ἀλαζόνα
3333 1531 3457 1586 τινὰ
3500 1530 3632 1587 ὅντα
3677 1531 3776 1583 καὶ

2179 1631 2527 1704 ὑπερήφανον
2555 1670 2570 1696 ,
2623 1613 2860 1705 ἄρχοντα
2916 1628 3009 1684 τοῦ
3057 1628 3255 1692 αἰῶνος
3306 1625 3498 1680 τούτου
3523 1665 3538 1689 ,
3582 1624 3648 1676 σὺ
3703 1625 3771 1694 τῇ

2177 1724 2376 1778 σαυτοῦ
2407 1723 2634 1796 δυνάμει
2666 1724 3062 1787 ὲταπείνωσας,
3087 1721 3184 1774 καὶ
3214 1718 3563 1790 τραυματίαν
3584 1715 3776 1787 εἰργάς

2177 1833 2274 1880 σω,
2306 1817 2552 1882 πατάξας
2584 1817 2744 1870 αὐτὸν
2771 1819 2838 1887 τῇ
2859 1813 3104 1887 ῥομφαίᾳ
3129 1816 3195 1884 τῇ
3221 1812 3429 1884 μεγάλῃ
3454 1810 3551 1864 καὶ
3577 1810 3646 1878 τῇ
3677 1825 3776 1876 φο-

491 1895 578 1951 his
608 1899 789 1952 verbis
813 1939 828 1962 ,
867 1898 982 1952 Hoc
1011 1914 1158 1952 mare
1193 1915 1440 1969 magnum
1483 1908 1533 1952 et
1580 1901 1876 1968 spatiosum
1901 1941 1916 1965 ,
1963 1901 2072 1956 illic

2175 1909 2336 1980 σερᾷ,
2371 1907 2683 1972 ἀκολούθως
2714 1910 2780 1979 τῇ
2818 1907 3105 1978 φασκούσῃ
3132 1904 3442 1978 προφητείᾳ
3465 1919 3480 1932 θ
3527 1899 3774 1965 Ἐπάξει

490 1989 704 2056 reptilia
732 2006 955 2060 quorum
989 2007 1093 2043 non
1122 1998 1200 2044 est
1228 2007 1500 2045 numerus.
1553 1989 1730 2044 Draco
1779 1993 1880 2046 iste
1925 2009 2077 2062 quem

491 2081 739 2150 formasti
783 2081 853 2134 ad
886 2080 1216 2136 illudendum
1255 2084 1306 2136 ei
1345 2083 1456 2146 "';
1505 2083 1826 2139 consideres
1873 2084 2032 2139 velim
2057 2123 2074 2150 ,

490 2190 626 2228 num
696 2174 829 2228 illud
871 2175 1074 2244 .ipsum
1138 2188 1290 2228 mare
1347 2189 1590 2244 praesens
1645 2190 1828 2230 sermo
1886 2175 2079 2233 subin-

489 2266 636 2320 dicet
696 2263 826 2318 dum
890 2266 1012 2319 ait:
1070 2265 1150 2319 Tu
1212 2266 1508 2320 dominaris
1561 2268 1814 2335 potestati
1865 2269 2074 2333 maris,

493 2366 692 2410 motum
743 2367 919 2411 autem
964 2358 1222 2427 ﬂuctuant
1280 2359 1394 2428 ejus
1424 2371 1478 2412 tu
1516 2362 1774 2431 mitigas:
1805 2361 1891 2418 his
1930 2361 2075 2416 enim

490 2443 766 2497 subnectit
801 2443 957 2507 illud,
1001 2445 1080 2498 Tu
1111 2445 1411 2501 humiliasti
1446 2449 1582 2502 sicut
1614 2450 1948 2504 vulneratum
1981 2467 2076 2504 su-

2179 2002 2394 2069 Κύριος
2417 1999 2532 2069 τὴν
2546 2000 2856 2070 ῥομφαίαν
2881 1998 2996 2068 τὴν
3023 1996 3298 2069 μεγάλην
3325 1996 3424 2050 καί
3454 1993 3569 2063 τὴν
3597 1996 3773 2063 ισχυ-

2169 2094 2291 2163 ρὰν
2315 2094 2415 2148 ἐπὶ
2447 2093 2556 2147 τὸν
2586 2092 2906 2162 δράκοντα,
2951 2091 3093 2160 ὅφιν
3139 2089 3248 2144 τὸν
3288 2088 3546 2144 σκολιὸν
3571 2127 3586 2151 ,
3623 2085 3770 2155 φεύ-

2177 2201 2393 2256 γοντα·
2435 2185 2536 2238 καὶ
2584 2183 2798 2239 ἀνελεῖ
2827 2182 2935 2237 τὸν
2969 2181 3280 2250 δράκοντα
3309 2179 3416 2233 τὸν
3452 2179 3524 2232 ἐν
3553 2176 3628 2245 τῇ
3663 2180 3772 2232 θα-

2175 2277 2407 2345 λάσσῃ.
2457 2277 2566 2330 Καὶ
2617 2276 2916 2348 ἐπειδήπερ
2949 2274 3107 2338 ἄλλος
3151 2273 3436 2344 προφήτης
3479 2271 3572 2324 τὸν
3601 2286 3774 2340 τραυ-

2180 2370 2380 2440 ματίαν
2408 2369 2596 2422 τοῦτον
2627 2369 2898 2441 δράκοντα
2935 2367 3030 2420 ἐπὶ
3059 2367 3160 2436 τῆς
3187 2364 3464 2436 θαλάσσης
3496 2361 3770 2416 ποιεῖσθαι

2175 2463 2279 2526 τὰς
2323 2461 2606 2535 διατριϐὰς
2637 2460 2864 2528 ἐδίδαξε,
2899 2461 3080 2531 φήσας
3099 2477 3110 2490 ·
3145 2458 3308 2526 Αὕτη
3335 2458 3373 2524 ἡ
3406 2455 3697 2513 θάλασσα
3728 2460 3771 2527 ἠ

485 2534 700 2601 perbum
725 2551 743 2589 :
776 2537 831 2590 in
860 2537 1072 2592 brachio
1116 2541 1326 2594 virtutis
1377 2550 1482 2594 tua:
1509 2541 1808 2612 dispersisti
1833 2545 2072 2600 inimicos

2174 2552 2407 2623 μεγάλη
2431 2554 2529 2607 καὶ
2553 2554 2912 2623 εὐρύχωρος.
2943 2551 3097 2607 Ἐκεῖ
3110 2552 3331 2621 ἑρπετὰ
3351 2544 3440 2605 ὧν
3460 2552 3573 2604 οὐκ
3598 2551 3773 2605 ἐστιν

491 2637 629 2683 tuos.
660 2627 796 2682 Nam
821 2629 1266 2686 adversariarum
1300 2641 1655 2704 potestatum,
1678 2637 1986 2692 daemonum
2021 2647 2078 2696 et

489 2717 783 2786 spirituum
814 2720 1180 2791 malignorum
1208 2722 1412 2788 locum,
1441 2740 1591 2780 mare
1625 2725 1842 2782 videtur
1861 2743 2078 2782 nuncu-

489 2828 640 2882 pare.
676 2813 858 2880 Quare
887 2817 956 2873 iis
1008 2835 1132 2889 quae
1180 2819 1248 2874 de
1283 2821 1427 2892 mari
1456 2822 1700 2886 dixerat,
1733 2823 1976 2879 subdidit
2009 2839 2075 2880 ea

489 2920 610 2974 (ιιιει⁵
643 2906 708 2961 ad
739 2909 1084 2964 vulneratum
1133 2919 1402 2980 spectant,
1434 2921 1489 2967 et
1543 2915 1612 2968 ad
1675 2915 1927 2972 inimicos
1958 2915 2070 2981 Dei,

491 2998 653 3066 queis
683 2999 1033 3058 adversarias
1086 3011 1389 3072 potestates
1447 3012 1501 3060 et
1549 3022 1739 3061 earum
1772 3008 2072 3078 principem

489 3089 636 3143 clare
671 3089 900 3145 indicat.
940 3091 996 3145 In
1030 3093 1137 3146 alio
1169 3108 1390 3163 quoque
1440 3096 1652 3165 psalmo
1695 3097 1902 3152 dictum
1937 3104 2022 3151 est
2056 3117 2070 3151 :

490 3179 570 3234 Tu
609 3181 916 3252 confregisti
941 3186 1118 3253 capita
1151 3185 1442 3240 draconum
1472 3187 1526 3241 in
1548 3188 1722 3256 aquis.
1758 3189 1837 3244 Tu
1867 3190 2074 3258 confre—

2175 2647 2439 2717 ἀριθμός.
2483 2644 2726 2714 Δράκων
2776 2640 2956 2712 οὗτος
2994 2645 3068 2699 ὃν
3117 2644 3398 2710 ἔπλασας
3465 2641 3772 2714 ἐμπαίζειν

2173 2736 2366 2804 αὐτῷ·
2390 2737 2686 2809 ἐπίστησον
2718 2739 2931 2810 μήποτε
2957 2737 3166 2810 ταύτην
3203 2736 3374 2808 αὐτὴν
3404 2737 3629 2809 ⁴ᾐνίξατο
3669 2736 3771 2807 τὴν

2175 2828 2453 2883 θάλασσαν
2484 2829 2579 2883 καὶ
2601 2832 2630 2884 ὁ
2663 2829 2854 2901 παρὼν
2887 2829 3044 2899 λόγος
3079 2831 3291 2902 φήσας
3324 2829 3410 2884 Σὺ
3455 2827 3772 2896 δεσπόζεις

2174 2921 2282 2975 τοῦ
2313 2920 2573 2990 κράτους
2615 2919 2724 2990 τῆς
2756 2921 3101 2990 θαλάσσης,
3154 2921 3264 2976 τὸν
3304 2921 3374 2975 δὲ
3419 2921 3620 2976 σάλον
3648 2921 3772 2975 τῶν

2173 3011 2455 3082 κυμάτων
2500 3012 2693 3082 αὐτῆς
2729 3012 2811 3067 σὺ
2863 3015 3331 3083 καταπραΰνεις·
3382 3012 3602 3076 τούτοις
3633 3012 3770 3081 γοῦν

2177 3108 2378 3179 συνῆψε
2407 3109 2491 3174 τὸ,
2525 3108 2610 3163 Σὺ
2628 3108 3040 3176 ἐταπείνωσας
3071 3110 3152 3176 ὠς
3181 3109 3553 3178 τραυματίαν
3582 3111 3770 3176 ὑπερ-

2173 3198 2413 3269 ήφανον
2431 3218 2444 3230 '
2470 3201 2542 3256 ἐν
2571 3201 2653 3268 τῷ
2679 3201 2964 3271 βραχίονι
3015 3201 3124 3269 τῆς
3167 3198 3480 3270 δυνάμεώς
3522 3214 3642 3253 σου
3681 3198 3771 3252 δι-

484 3274 610 3340 gisti
669 3275 844 3342 capita
893 3275 1170 3345 draconis,
1215 3279 1409 3334 dedisti
1457 3296 1575 3332 eum
1633 3297 1807 3334 escam
1862 3284 2070 3352 populis

2174 3296 2550 3362 εσκόρπισας
2581 3293 2727 3361 τοὺς
2747 3294 3001 3363 ἐχθρούς
3029 3309 3165 3348 σου.
3191 3293 3264 3346 Τὸ
3291 3292 3401 3362 γὰρ
3431 3295 3630 3363 χωρίον
3656 3290 3769 3344 τῶν

487 3361 829 3429 ΑΞιΙιὶορὶὺιιι
850 3365 914 3419 ⁸⁸.
946 3363 1002 3417 In
1033 3364 1136 3420 Job
1174 3366 1305 3422 item
1342 3387 1354 3422 :
1394 3367 1560 3422 Duces
1591 3379 1767 3424 autem
1785 3370 2070 3426 draconem

486 3453 664 3521 hamo,
693 3473 854 3525 pones
898 3457 1156 3511 circulum
1199 3460 1345 3512 circa
1400 3476 1554 3514 nares
1607 3461 1746 3530 ejus,
1771 3471 1821 3516 et
1851 3463 2070 3518 armilla

483 3545 778 3614 perforabis
831 3546 1028 3601 [obium
1083 3548 1217 3617 ejus.
1279 3549 1546 3619 Loquetur
1603 3563 1778 3606 autem
1817 3553 1909 3608 tibi
1950 3571 2068 3608 cum

484 3636 870 3704 supplicatione
926 3655 988 3691 ac
1049 3638 1411 3708 deprecatione
1461 3643 1715 3709 molliter,
1747 3644 2068 3718 accipiesque

486 3727 660 3795 ipsum
720 3730 772 3782 in
826 3729 1031 3784 servum
1081 3733 1526 3801 sempiternum".
1558 3733 1698 3792 Hinc
1731 3754 1860 3792 vero
1881 3739 2065 3805 infert,

486 3819 606 3888 Ipse
641 3831 816 3875 autem
860 3834 938 3877 est
997 3841 1089 3878 rex
1122 3829 1355 3880 omnium
1399 3844 1516 3897 quae
1559 3829 1613 3882 in
1646 3832 1798 3899 aquis
1847 3843 1968 3886 sunt
1997 3835 2063 3889 ³⁸.

484 3904 689 3961 ibidem
741 3919 921 3963 autem
972 3912 1041 3966 de
1093 3912 1214 3981 ipso
1258 3913 1500 3970 dracone
1531 3917 1734 3974 dicitur
1763 3921 1830 3976 ad
1867 3921 1972 3977 Job
2000 3940 2066 3978 ex

483 4013 718 4068 persona
764 4001 977 4056 Domini
1015 4022 1028 4058 :
1065 4003 1188 4058 Non
1233 4008 1387 4062 times
1419 4011 1547 4079 quia
1575 4023 1910 4080 prwparatus
1937 4016 2068 4069 mihi

485 4090 666 4144 est”?
709 4093 765 4145 In
818 4097 1076 4163 praesenti
1126 4098 1292 4152 etiam
1353 4100 1541 4155 eadem
1581 4105 1829 4172 apposite
1882 4108 2070 4162 memi-

482 4181 563 4236 nit
597 4181 834 4251 Spiritus
854 4184 1092 4253 divinus,
1127 4187 1398 4260 Unigeniti
1435 4191 1530 4248 Dei
1566 4210 1738 4264 usque
1765 4196 1831 4249 ad
1857 4197 2065 4251 dictum

482 4288 634 4327 mare
663 4275 990 4331 descensum
1027 4278 1336 4337 declarans.
1375 4282 1671 4356 Postquam
1701 4288 1868 4358 igitur
1894 4289 2064 4347 Deum

482 4361 637 4416 illum
667 4379 789 4419 esse
813 4365 1188 4436 praedicasset,
1218 4386 1282 4425 ac
1312 4375 1551 4442 priorem
1593 4376 1741 4431 illius
1764 4379 1818 4432 in
1855 4383 2065 4437 sanctis

480 4459 965 4521 conversationem
1004 4463 1323 4530 indicasset,
1358 4482 1421 4520 ac
1443 4468 1678 4525 dixisset
1720 4474 1939 4541 quinam
1974 4477 2066 4533 ille

482 4549 577 4614 sit,
612 4566 676 4604 ac
704 4567 828 4606 cum
857 4555 1113 4624 qualibus
1141 4565 1195 4610 et
1221 4559 1366 4614 inter
1399 4561 1590 4630 quales
1609 4564 1858 4633 prodeat,
1879 4567 2064 4624 decla-

2177 3386 2573 3457 άντικειμένων
2612 3386 2918 3457 δυνάμεων,
2949 3386 3060 3440 τῶν
3081 3403 3143 3438 τε
3189 3384 3457 3456 δαιμόνων
3503 3384 3598 3437 καὶ
3655 3383 3768 3438 τῶν

2177 3481 2505 3551 πνευμάτων
2535 3480 2810 3552 πονηρῶν,
2839 3480 3116 3534 θάλασσαν
3140 3479 3315 3532 ἔοικεν
3335 3478 3654 3532 ἀποκαλεῖν.
3673 3477 3768 3530 Διὸ

2175 3574 2271 3625 καὶ
2311 3574 2558 3644 ἐπήγαγε
2593 3573 2670 3644 τῷ
2704 3573 2835 3644 περὶ
2875 3572 2975 3643 τῆς
3011 3572 3290 3643 θαλάσσης
3328 3570 3475 3641 λόγῳ
3517 3569 3586 3623 τὰ
3635 3569 3768 3646 περὶ

2174 3666 2268 3720 τοῦ
2298 3667 2637 3738 τραυματίου
2672 3668 2766 3721 καὶ
2795 3667 2865 3720 τὰ
2905 3667 3034 3738 περὶ
3061 3665 3168 3719 τῶν
3219 3663 3432 3736 ἐχθρῶν
3477 3661 3573 3716 τοῦ
3601 3661 3763 3726 Θεοῦ,

2175 3759 2434 3832 ἄντικρυς
2458 3759 2558 3823 τὰς
2584 3759 2970 3829 ἀντικειμένας
3001 3757 3261 3829 δονάμεις
3295 3757 3392 3810 καὶ
3431 3755 3524 3808 τὸν
3555 3753 3766 3807 τούτων

2173 3852 2409 3923 ἄρχοντα
2448 3853 2716 3923 σημήνας.
2749 3853 2860 3906 Καὶ
2903 3853 2961 3905 ὲν
2985 3851 3158 3922 ἑτέρῳ
3189 3850 3247 3903 δὲ
3276 3847 3491 3920 εἴρηται
3525 3846 3761 3918 ψαλμῷ·

2171 3944 2258 3998 Σὺ
2283 3943 2671 4010 συνέθλασας
2705 3944 2813 4010 τὰς
2841 3944 3109 4012 κεφαλὰς
3133 3940 3254 3996 τῶν
3278 3939 3625 4009 δρακόντων
3659 3939 3764 3992 ἐπὶ

2172 4035 2278 4090 τοῦ
2310 4034 2548 4102 ὕδατος.
2593 4035 2678 4088 Σὺ
2720 4034 3111 4099 συνέθλασας
3158 4032 3275 4101 τὴν
3323 4029 3602 4101 κεφαλὴν
3650 4028 3763 4083 τοῦ

2171 4125 2520 4194 δράκοντος,
2549 4125 2779 4192 ἔδωκας
2803 4125 2991 4180 αὑτὸν
3027 4124 3243 4194 ,ϐρῶμα
3276 4121 3450 4188 λαοῖς
3492 4120 3618 4186 τοῖς
3659 4121 3763 4172 Αι-

2171 4218 2372 4286 θίοψι·
2425 4220 2518 4272 καὶ
2565 4220 2623 4272 ὲν
2677 4218 2755 4289 τῷ
2794 4217 2944 4271 Ἰώὸ·
2995 4217 3188 4283 Ἀξεις
3228 4215 3296 4268 δὲ
3345 4213 3642 4283 δράκοντα
3690 4212 3763 4265 ἐν

2170 4309 2488 4377 ἀγκίστρῳ,
2520 4309 2868 4380 περιθήσεις
2907 4308 2975 4362 δὲ
3001 4309 3295 4378 φορϐαίαν
3322 4306 3457 4375 περὶ
3487 4306 3603 4374 τὴν
3617 4305 3762 4373 ῥῖνα

2169 4401 2387 4464 αὐτοῦ,
2416 4403 2653 4469 ψελλίῳ
2705 4401 2774 4454 δὲ
2815 4400 3143 4470 τρυπήσεις
3181 4399 3249 4453 τὸ
3290 4399 3494 4468 χεῖλος
3545 4398 3758 4452 αὐτοῦ.

2171 4492 2440 4561 Λαλήσει
2492 4492 2559 4546 δέ
2597 4511 2697 4547 σοι
2734 4493 2941 4560 δεήσει
2991 4493 3091 4547 καὶ
3141 4491 3404 4559 ἱκετηρία
3446 4488 3755 4560 μαλακῶς,

2169 4584 2342 4654 λήψῃ
2386 4584 2455 4638 δὲ
2504 4585 2694 4640 αὐτὸν
2744 4586 2973 4640 δοῦλον
3018 4585 3278 4639 αἰώνιον.
3337 4583 3448 4638 Καὶ
3491 4582 3622 4652 ἑξῆς
3659 4585 3763 4636 ἐπ-

481 4651 568 4696 rat
599 4653 785 4713 postea
819 4646 1070 4701 eumdem
1115 4650 1292 4719 ipsum
1333 4663 1635 4709 memorato
1667 4659 1802 4711 mari
1831 4660 2064 4730 impera-

2174 4646 2337 4743 άγέιῗ
2374 4675 2561 4742 Αὐτὸς
2615 4675 2683 4729 δέ
2714 4677 2846 4730 ἐστι
2884 4677 3185 4741 ,βασιλεὺς
3220 4675 3462 4728 πάντων
3523 4646 3644 4728 τών
3686 4673 3760 4726 ἐν

481 4741 690 4801 turum,
729 4739 1074 4793 vulneratum
1103 4741 1252 4796 illum
1295 4744 1352 4798 in
1393 4746 1530 4799 mari
1560 4747 1849 4819 degentem
1883 4753 2066 4810 humi-

479 4824 762 4891 liaturnm,
794 4846 1094 4900 omnesque
1131 4833 1385 4890 inimicos
1415 4853 1546 4893 suos
1596 4839 1651 4894 in
1703 4841 1926 4900 brachio
1951 4849 2065 4903 vir-

479 4919 615 4972 tutis
646 4936 758 4975 suae
781 4921 1176 4995 dissipaturum
1208 4941 1352 4982 esse.
1391 4927 1516 4983 Haec
1551 4946 1716 5000 porro
1748 4942 2062 4996 necessario

480 5009 617 5065 dicit
652 5031 663 5066 :
703 5027 828 5066 nam
878 5015 957 5069 sic
1006 5024 1165 5069 antea
1196 5017 1433 5086 locutus,
1469 5020 1665 5078 Potens
1711 5043 1787 5089 es,
1819 5027 2065 5099 Domine,

481 5112 532 5157 et
566 5105 760 5158 veritas
794 5113 885 5157 tua
916 5106 970 5158 in
1013 5106 1240 5159 circuitu
1281 5118 1371 5162 tuo
1393 5153 1407 5176 ,
1435 5110 1546 5180 jam
1585 5114 1650 5167 ad
1685 5115 1818 5171 dicti
1863 5123 2068 5176 verita-

487 5203 593 5249 tem
649 5197 1134 5267 comprobandam,
1174 5199 1292 5269 ipsa
1347 5217 1405 5256 re
1453 5203 1679 5261 denotat
1713 5226 1818 5279 qua
1852 5215 2066 5273 ratione

487 5286 749 5362 Dominus
784 5298 978 5359 potens
1007 5292 1112 5358 sit,
1147 5302 1204 5346 ut
1232 5293 1360 5348 hinc
1395 5299 1667 5365 promissa
1700 5301 1890 5360 Davidi
1921 5307 2064 5364 facta

481 5395 609 5433 vera
649 5397 771 5436 esse
801 5382 1063 5438 declaret.

2172 4763 2295 4831 τοῖς
2338 4765 2538 4820 ὕδασι.
2566 4766 2725 4820 Κατὰ
2748 4766 2808 4820 τὸ
2835 4767 2966 4820 αὐτὸ
2999 4767 3214 4839 εἴρηται
3265 4767 3394 4838 περὶ
3443 4765 3538 4820 τοῦ
3587 4763 3758 4818 αὐτοῦ

2168 4854 2460 4926 δράκοντος
2490 4859 2555 4910 ὲκ
2583 4858 2876 4929 προσώπου
2921 4858 3017 4912 τοῦ
3052 4860 3254 4932 Κυρίου
3285 4860 3421 4931 πρὸς
3461 4859 3553 4912 τὸν
3598 4857 3763 4911 Ἰὼϐ*

2171 4951 2253 5002 Οὐ
2283 4949 2587 5017 δέδοικας.
2641 4952 2729 5004 ὅτι
2770 4953 3129 5020 ἡτοίμασται
3166 4970 3268 5022 μοι
3308 4952 3380 5006 τὰ
3423 4951 3615 5021 χοῦν;
3659 4949 3765 5005 καὶ·

2164 5040 2253 5094 διὰ
2273 5041 2383 5096 τῶν
2408 5044 2785 5114 προκειμένοιν
2809 5045 3123 5112 ἀναγκαίως
3149 5045 3353 5098 τούτων
3378 5045 3755 5116 ἐμνημόνευσε

2165 5133 2226 5186 τὸ
2252 5133 2396 5186 θεῖον
2428 5135 2676 5206 Πνεῦμα,
2709 5135 2959 5189 διδάσκον
2999 5134 3093 5188 τοῦ
3128 5136 3465 5204 Μονογενοῦς
3491 5135 3586 5190 τοῦ
3613 5136 3750 5190 Θεοῦ

2164 5224 2261 5296 τὴν
2288 5225 2448 5298 μέχρι
2479 5227 2577 5298 τῆς
2599 5215 2933 5297 δηλωθείσης
2960 5228 3236 5297 θαλάσσης
3252 5228 3757 5297 κάθοδον.Προθεο-

2162 5313 2399 5387 λογήσας
2414 5315 2544 5384 γοῦν
2578 5317 2872 5382 αὑτὸν,καὶ
2900 5317 2998 5389 τὴν
3025 5317 3247 5390 πρώτην
3282 5316 3448 5370 αὑτοῦ
3466 5317 3762 5388 διατριϐὴν.

2160 5405 2262 5476 τὴν
2283 5406 2340 5458 ἐν
2364 5409 2476 5470 τοῖς
2503 5408 2678 5476 ἁγίοις
2705 5408 2898 5472 εἰπὼν,
2917 5409 3002 5473 τίς
3029 5409 3090 5462 τέ
3128 5412 3265 5472 ὲστι,
3292 5412 3386 5463 καὶ
3416 5409 3756 5480 μεθ’ὁποίων

481 5472 575 5525 καὶ
594 5474 653 5572 ἐν
670 5474 843 5572 ποίοις
866 5478 1109 5572 πρόεισιν
1129 5482 1169 5545 ⁶,
1193 5477 1318 5551 ἑξῆς
1340 5483 1434 5535 καὶ
1457 5484 1808 5557 παρίστησιν,
1827 5490 1908 5545 ὅτι
1929 5492 1993 5565 δὴ
2012 5495 2172 5559 αὐτὸς
2195 5472 2400 5563 ἐκεῖνος
2423 5472 2629 5572 καὶτῆς
2650 5501 2983 5572 δηλωθείσης
3013 5503 3143 5572 ἡμῖν
3170 5472 3446 5572 θαλάσσηξ
3468 5501 3753 5572 κρατήσειν

479 5576 574 5615 και
605 5568 697 5618 τὸν
738 5567 795 5619 ὲν
828 5569 961 5640 αὐτῇ
988 5571 1330 5642 τραυματίαν
1362 5576 1724 5647 ταπεινώσει,
1755 5583 1851 5637 καὶ
1893 5586 1950 5639 ὲν
2018 5587 2095 5658 τῷ
2137 5588 2382 5662 βραχίονι
2445 5591 2540 5646 τοῦ
2591 5595 2826 5664 κράτους
2880 5593 3048 5648 αὐτοῦ
3096 5593 3304 5657 πάντας
3343 5593 3471 5656 τοὺς
3524 5590 3750 5663 ἐχθροὺς

590 5657 898 5726 πρόσεστιν.

617 5749 745 5833 ⁸19³..
775 5767 955 5833 “Eun,
993 5755 1044 5807 Ι,
1119 5756 1186 5788 ³⁸·
1227 5756 1372 5833 Psal.
1408 5776 1542 5833 CIII,
1579 5767 1685 5833 25,
1718 5769 1810 5830 26.

475 5817 521 5850 ³⁸
559 5817 690 5874 ibid.
724 5821 745 5875 1
775 5862 789 5889 ,
833 5821 1056 5892 Vulgata
1088 5842 1233 5882 secus
1261 5829 1435 5885 habet.

1919 5775 1964 5807 “
2002 5773 2148 5833 Psal.
2186 5793 2380 5848 Lxxni,
2422 5781 2504 5836 14.

2633 5785 2674 5815 ν
2721 5781 2816 5839 iob
2853 5797 2919 5835 ιιι.
2941 5821 2954 5847 ,
2990 5775 3178 5834 20-25.
3283 5774 3330 5806 ’⁸
3363 5772 3466 5830 Job
3499 5792 3584 5829 xu
3608 5817 3621 5841 ,
3654 5776 3747 5832 ‘25.
