4068 6394
318 330 341 387 1
353 333 457 390 089

1491 332 2000 392 COMMENTARIA
2039 334 2106 390 [Ν
2147 334 2487 393 PSALMOS.

3456 344 3477 397 1
3489 343 3595 399 090

313 450 479 505 αὐτοῦ
525 451 924 524 διασκορπίοει.
975 451 1139 520 Λέγει
1199 452 1257 505 δὲ
1319 451 1493 506 ταῦτα
1551 452 1895 522 ἀναγκαίωςσ
1937 454 2214 527 προειπὼν
2245 456 2374 527 γὰρ,
2422 455 2687 523 Δυνατὸς
2731 458 2807 523 εἷ,
2840 459 3038 527 Κύριε,
3109 459 3209 514 καί
3252 460 3291 529 ἠ
3344 459 3595 527 ἀλήθειά

218 536 219 539 “
311 557 429 597 σου
474 543 677 610 κύκλῳ
734 558 885 608 σου,
932 542 1261 615 παρίστησιν
1309 544 1495 608 αὐτοῖς
1548 542 1730 614 ἔργοις
1781 544 1900 608 πῶς
1939 545 2175 617 ὑπάρχει
2201 547 2480 610 δυνατὸςὸ
2515 546 2720 619 Κύριος
2742 548 2824 610 εἰς
2852 548 3115 602 πίστωσιν
3186 549 3283 620 τῆς
3338 549 3595 620 ἀληθείας

312 635 478 692 αὐτοῦ
503 676 516 699 ,
566 635 706 707 ὑπὲρ
753 635 848 688 τοῦ
888 635 989 700 τὰς
1036 635 1371 705 ἐπαγγελίας
1415 636 1553 707 πρὸς
1600 638 1692 691 τὸν
1738 637 1900 691 Δαυῒδ
1936 639 2311 711 γεγενημένας
2336 639 2558 710 ἀληθεῖς
2584 640 2881 707 ἀποδεῖξαι.

384 731 487 785 Σοί
533 732 694 784 εἰσιν
721 730 998 797 οὐρανοὶ,
1049 732 1147 785 καὶ
1181 729 1264 798 σή
1316 732 1489 785 ἐστιν
1542 734 1580 801 ἡ
1634 734 1737 803 γῆ.
1784 734 1900 803 τὴν

2081 734 2244 791 Vens.
2282 736 2369 802 12,
2396 738 2482 790 15.
2506 737 2607 792 Tui
2630 746 2755 791 sunt
2785 737 2902 791 caeli
2921 746 2975 791 et
2995 748 3087 790 tua
3116 747 3197 792 est
3230 748 3393 803 terra,
3415 739 3592 794 orbem

310 822 675 891 οἰκουμένην
714 822 812 875 καὶ
860 821 924 875 τὸ
982 821 1276 891 πλήρωμα
1322 821 1514 891 αὐτῆς
1559 823 1641 878 σὺ
1698 826 1898 897 ἐθεμε-

309 917 542 982 λίωσας
567 957 581 978 ,
640 915 746 970 τὸν
807 914 1042 984 βορῤᾶν
1113 917 1211 970 καί
1269 915 1385 984 τὴν
1435 916 1762 973 θάλασσαν
1816 920 1899 975 σὺ

315 1007 585 1074 ἔκτισας.
616 1007 817 1076 Θαϐὼρ
854 1008 955 1062 καὶ
998 1009 1219 1078 Ἑρμῶν
1263 1009 1334 1062 ἐν
1361 1009 1441 1075 τῷ
1488 1011 1735 1081 ὀνόματί
1782 1031 1901 1069 σου

315 1101 809 1171 ἀταλλιάσονται.
837 1100 901 1153 Ἢ
921 1100 1124 1154 διάνοια
1145 1101 1255 1154 τῶν
1278 1102 1652 1174 προκειμένων
1674 1106 1899 1177 τοιαύτη

313 1196 397 1258 τίς
430 1196 566 1247 ὲστι·
606 1193 910 1263 Πεποίησαι
948 1194 1065 1264 μὲν,
1102 1187 1147 1247 ὦ
1186 1193 1359 1265 Κύριε
1383 1234 1398 1258 ,
1432 1194 1569 1265 πρὸς
1602 1197 1693 1251 τὸν
1740 1197 1901 1251 Δαυῖδ

315 1288 652 1357 ἐπαγγελίας
675 1288 804 1359 περί
845 1286 940 1340 τοῦ
975 1288 1291 1359 σπέρματος
1332 1289 1499 1342 αὐτοῦ
1550 1290 1645 1342 καὶ
1689 1290 1785 1343 τοῦ
1819 1293 1901 1354 εἰς

313 1378 485 1432 αἰῶνα
513 1377 891 1449 διαρκέσοντος
927 1378 1118 1450 θρόνου
1163 1379 1360 1433 αὐτοῦ·
1394 1382 1488 1434 καὶ
1528 1382 1729 1445 ταύτας
1753 1381 1901 1453 ὤμο-

317 1487 417 1533 σας
445 1469 522 1540 τῴ
550 1469 713 1523 Δαυῖδ
733 1469 1089 1524 ἐπιτελέσειν.
1132 1471 1380 1542 Ὁρῶμεν
1415 1472 1472 1524 δὲ
1505 1474 1667 1543 ἡμεῖς
1700 1475 1749 1525 οἰ
1803 1474 1898 1528 ἄν-

316 1561 523 1632 θρωποι
555 1561 629 1632 μὴ
664 1561 1050 1632 πληρουμένας
1074 1561 1263 1626 αὐτὰς,
1298 1563 1421 1616 ὅσον
1445 1564 1537 1616 ἐπὶ
1563 1566 1677 1628 τοῖς
1710 1563 1903 1637 αἰσθη-

313 1656 425 1717 τοῖς
452 1654 547 1707 καὶ
589 1653 921 1724 ὁρωμένοις·
957 1653 1036 1706 διό
1082 1670 1286 1724 φαμεν,
1315 1655 1442 1708 Ποῦ
1478 1657 1597 1709 εἱσι
1641 1656 1715 1709 τὰ
1756 1656 1898 1724 ἑλέ-η

313 1748 430 1800 σου
458 1745 531 1799 τὰ
571 1744 812 1813 ἀρχαῖα,
846 1746 1055 1815 Κύριε;
1104 1746 1243 1818 πλὴν
1278 1747 1415 1801 ἀλλά
1444 1748 1790 1820 πεπείσμεθά
1840 1765 1900 1802 σε

314 1838 372 1905 eg
405 1839 645 1901 ἅπαντος
684 1839 970 1910 ἀληθεύειν
990 1881 1004 1904 ,
1033 1842 1114 1894 ὅτι
1153 1839 1412 1907 δυνατὸς
1438 1837 1511 1905 εἷ,
1553 1842 1648 1896 καί
1680 1842 1720 1909 ἡ
1752 1841 1902 1909 ἁλή-

314 1933 442 1987 θειά
467 1946 585 1987 σου
607 1934 810 1998 κύκλῳ
832 1948 969 1986 σου.
992 1932 1102 1985 Καὶ
1132 1934 1411 2006 μάρτυρές
1430 1951 1493 2001 γε
1519 1934 1619 2005 τῆς
1641 1935 1901 2007 ἀληθείας

313 2042 410 2080 σου
446 2026 647 2090 πάντες
676 2026 726 2078 οἰ
762 2026 890 2097 περὶ
931 2025 1019 2078 σέο
1064 2028 1120 2079 αἱ
1168 2026 1299 2094 γοῦν
1347 2028 1587 2097 οὐράνιοι
1640 2028 1901 2099 δυνάμεις

2004 841 2161 886 terra:
2190 841 2241 886 et
2272 832 2651 900 plenitudinem
2682 833 2795 901 ejus
2831 842 2887 885 tu
2919 833 3182 901 fundasti,
3218 836 3516 904 aquilonem
3542 846 3593 890 et

2001 940 2146 978 mare
2161 933 2218 977 tu
2233 927 2443 979 creasti.
2455 924 2663 979 Thabor
2678 935 2725 978 et
2746 924 2981 979 Hermon
2998 926 3051 979 in
3070 927 3276 980 nomine
3309 936 3397 980 tuo
3413 929 3593 981 exsul-

2002 1016 2209 1072 tabant.
2233 1015 2437 1071 Horum
2467 1018 2593 1072 talis
2627 1017 2897 1072 sententia
2943 1025 3065 1073 est:
3099 1017 3314 1084 Davidi,
3338 1019 3590 1088 Domine,

2001 1109 2273 1180 promissa
2304 1109 2506 1163 dedisti
2531 1108 2598 1164 de
2628 1110 2838 1163 semine
2872 1109 3017 1178 ejus,
3041 1124 3105 1162 ac
3134 1110 3201 1164 de
3243 1110 3441 1165 throno
3471 1112 3590 1180 ejus

2001 1217 2177 1272 usque
2218 1201 2273 1255 in
2304 1210 2572 1255 aztermnm
2600 1200 2869 1255 duraturo
2903 1219 2914 1253 :
2946 1209 3111 1269 atque
3146 1201 3249 1269 ipsi
3278 1199 3469 1253 Davidi
3499 1201 3591 1269 ju-

2002 1294 2141 1349 rasti
2172 1301 2225 1349 te
2251 1309 2316 1348 ea
2356 1292 2731 1363 perfecturum
2772 1308 2915 1348 esse.
2966 1291 3078 1348 Nos
3120 1300 3302 1347 autem
3337 1293 3590 1347 homines

1999 1386 2250 1442 videmus
2278 1386 2394 1440 haec
2436 1400 2543 1439 non
2578 1392 2845 1458 quantum
2892 1384 2960 1439 ad
2984 1398 3048 1437 ea
3079 1398 3201 1453 quae
3233 1383 3336 1438 sub
3366 1398 3589 1439 sensum

2001 1487 2054 1534 et
2104 1487 2385 1547 aspectum
2420 1477 2629 1532 cadunt
2689 1475 2904 1546 impleri
2938 1495 2950 1530 :
2979 1491 3150 1546 quare
3196 1475 3452 1539 dicimus,
3490 1473 3589 1529 Ubi

2000 1580 2126 1624 sunt
2149 1570 2532 1625 misericordia:
2563 1579 2666 1624 tuae
2700 1569 2954 1635 antiquae,
2976 1569 3234 1623 Domine?
3265 1582 3590 1638 persuasum

2005 1670 2186 1718 tamen
2242 1663 2511 1719 habemus
2565 1670 2621 1717 te
2678 1677 2907 1733 prorsus
2964 1678 3213 1717 veracem
3273 1677 3415 1727 esse,
3462 1663 3591 1730 quia

2001 1764 2183 1825 potens
2212 1771 2266 1808 es
2301 1764 2352 1809 et
2378 1755 2572 1809 ueritas
2598 1762 2689 1807 tua
2717 1755 2772 1807 in
2800 1754 3025 1807 circuitu
3057 1763 3166 1807 tuo.
3203 1752 3394 1809 Testes
3425 1769 3593 1824 porro

2001 1844 2253 1900 veritatis
2294 1852 2402 1899 tua:
2438 1852 2569 1900 sunt
2617 1852 2889 1915 quotquot
2936 1846 3085 1899 circa
3122 1852 3177 1899 te
3227 1844 3589 1899 consistunt:

2002 1953 2131 1993 nam
2185 1937 2440 1993 caelestes
2489 1937 2724 1992 virtutes
2756 1936 3144 2006 conﬁtebuntur
3173 1935 3443 1989 mirabilia
3476 1946 3591 2003 tua,

2002 2042 2053 2085 et
2081 2032 2353 2086 veritatem
2405 2039 2552 2083 tuam
2591 2030 2649 2083 in
2698 2028 2941 2085 Ecclesia
2988 2039 3315 2083 sanctorum.
3348 2028 3414 2082 Et
3459 2044 3593 2084 sane

313 2116 867 2187 ἐξομολογήσονται
887 2118 960 2171 τὰ
984 2118 1287 2187 θαυμάσιά
1308 2134 1446 2185 σου,
1476 2122 1575 2175 καὶ
1610 2120 1726 2189 τὴν
1753 2122 1902 2191 ἀλή-

2003 2126 2125 2195 jure
2159 2124 2413 2181 cmlestes
2454 2124 2560 2178 illa:
2586 2123 2818 2178 virtutes
2856 2123 3140 2178 veritatem
3174 2130 3321 2176 tuam
3361 2121 3591 2176 conﬁte-

315 2209 483 2263 θειάν
526 2226 645 2263 σου
690 2210 761 2263 ἐν
812 2210 1137 2278 Ἐκκλησία
1187 2212 1388 2265 ὁσίων.
1427 2213 1537 2266 Καὶ
1568 2214 1793 2277 εἰκότως
1844 2213 1899 2266 αἰ

313 2301 555 2373 οὐράνιοι
577 2301 838 2373 δυνάμεις
860 2301 957 2373 τὴν
985 2301 1239 2373 ἀλήθειάν
1263 2320 1355 2356 σου
1393 2303 1899 2376 ὲξομολογὴσονται,

313 2394 502 2466 ἐπειδὴ
527 2396 586 2449 ὲν
612 2394 690 2464 τῷ
724 2393 940 2466 οὐρανῷ
969 2393 1422 2465 ἐτοιμασθήσεται
1444 2399 1477 2467 ἡ
1516 2396 1745 2467 ἀλήθειά
1771 2416 1864 2451 σου
1883 2415 1898 2429 ⁸

312 2490 389 2552 ὡς
426 2489 623 2561 μηκέτι
674 2488 783 2542 δεῖν
814 2488 914 2551 τὰς
959 2486 1292 2555 ἐπαγγελίας
1326 2505 1441 2551 σου,
1476 2486 1574 2551 τὰς
1618 2489 1754 2559 πρὸς
1809 2490 1902 2543 τὸν

313 2580 497 2643 Δαυῒδ,
529 2580 805 2649 ἐπιγείους
837 2575 976 2634 εἶναι
1020 2580 1114 2633 καὶ
1157 2579 1476 2650 σωματικὰς
1522 2582 1789 2651 νομίζειν·
1843 2584 1903 2636 ὲν

312 2674 422 2746 γὰρ
449 2674 529 2747 τῷ
560 2673 776 2746 οὐρανῷ
804 2672 1306 2744 ὲτοιμασθήσεταιὴ
1335 2672 1563 2745 ἀλήθειά
1585 2692 1699 2728 σου.
1719 2674 1905 2730 Ταῦτα

311 2767 367 2820 δὲ
395 2768 489 2821 καὶ
532 2766 695 2829 αὐτὸς
755 2767 820 2817 ὲκ
863 2764 958 2819 τοῦ
1002 2766 1159 2834 ἁγίου
1209 2766 1527 2836 Πνεύματος
1565 2766 1902 2838 μεμαθηκώς

314 2877 485 2931 φημιο
530 2859 607 2914 Τὰ
660 2858 802 2927 ἐλέη
852 2874 969 2912 σου
1017 2860 1104 2924 εἰς
1149 2857 1258 2911 τὸν
1287 2857 1474 2912 αἰῶνα
1520 2858 1758 2928 ᾄσομαι.
1798 2863 1904 2927 Εἰς

313 2951 529 3022 γενεὰν
574 2951 675 3005 καί.
705 2950 920 3021 γενεὰ-ν
968 2947 1288 3019 ἀπαγγελῶ
1313 2949 1429 3019 τὴν
1467 2949 1757 3018 ἀλήθειάν
1786 2967 1902 3007 σου

312 3046 384 3098 ἐν
410 3043 491 3110 τῷ
520 3043 774 3112 στόματί
790 3059 930 3111 μου.
973 3040 1282 3112 Ἀληθεύειν
1311 3040 1368 3094 δέ
1402 3059 1462 3094 σε
1487 3041 1620 3095 Θεὸν
1657 3042 1786 3095 ὅντα
1808 3043 1903 3097 καὶ

314 3139 519 3211 Κύριον
546 3136 657 3191 τῶν
691 3136 829 3189 ὅλων
864 3133 1155 3187 πεπεῖσθαι
1182 3134 1309 3203 χρὴ,
1331 3133 1418 3187 διὰ
1444 3132 1506 3185 τὸ
1535 3132 1736 3203 μηδένα
1766 3129 1903 3187 εἶναι

313 3234 497 3305 ὅμοιον
540 3235 607 3303 τῇ
640 3234 707 3303 σῇ
741 3230 970 3299 δυνάμει
992 3247 1004 3259 ·
1042 3230 1136 3282 καὶ
1166 3228 1275 3300 γὰρ
1312 3229 1407 3281 καὶ
1446 3226 1556 3281 τῶν
1596 3216 1904 3299 ἀσωμάτων

314 3327 410 3380 καὶ
439 3324 599 3379 θείων
628 3322 912 3393 δυνάμεων
944 3321 1150 3394 Κύριος
1188 3316 1259 3385 εἰ,
1288 3321 1381 3374 καί⁵
1412 3319 1635 3384 δυνατὸς
1665 3317 1717 3374 εἴ
1744 3322 1904 3392 μόνος

316 3419 407 3471 καὶ
435 3417 575 3488 ὑπὲρ
606 3415 834 3479 πάντας,
870 3413 946 3478 ὡς
980 3415 1079 3485 τὴν
1127 3413 1386 3485 ἀλήθειάν
1418 3431 1513 3467 σου
1557 3415 1899 3470 πιστοῦσθαι.

314 3511 379 3563 Et
403 3509 460 3563 δὲ
491 3508 587 3562 καὶ
617 3506 733 3560 ἐστι
759 3524 843 3571 τις
864 3508 922 3559 ὲν
947 3509 1061 3570 τοῖς
1084 3502 1236 3560 οὖσιν
1264 3508 1630 3579 ὑπερήφανος,
1656 3511 1684 3561 ὁ
1708 3508 1904 3562 καλού-

320 3619 480 3674 μενος
505 3600 751 3664 διάϐολος
788 3600 1167 3671 ἀντικείμενος
1187 3601 1296 3663 ἀεὶ,
1330 3602 1425 3655 καὶ
1455 3600 1707 3671 πολεμῶν
1736 3604 1802 3672 τῇ
1837 3605 1903 3674 σῇ

317 3694 567 3767 ἀληθείᾳ,
621 3692 759 3748 ἀλλὰ
806 3693 871 3747 σὺ
917 3692 1105 3747 τοῦτον
1163 3692 1563 3757 ὲταπείνωσας’
1605 3692 1715 3747 εἴτε
1760 3696 1906 3759 τινές

316 3788 452 3841 εἰσιν
483 3787 624 3859 ὑπὲρ
656 3785 845 3841 τοῦτον
879 3784 1072 3856 ἐχθραὶ
1106 3785 1201 3839 καὶ
1225 3784 1601 3856 ἀντικείμεναι
1626 3784 1902 3856 δυνάμεις,

317 3880 455 3934 ἀλλὰ
489 3880 583 3933 καὶ
612 3879 815 3942 ταύτας
843 3878 1253 3951 διεσκόρπισας.
1288 3877 1529 3931 Πάντοτε
1572 3878 1637 3931 σὺ
1663 3881 1903 3949 κρατεῖς,

316 3975 540 4047 καὶτῆς
592 3975 701 4029 τῶν
727 3974 865 4029 ὅλων
914 3974 1103 4039 οὐσίας
1150 3975 1214 4029 σὺ
1270 3973 1592 4040 δεσπόζεις,
1630 3973 1767 4026 ἐπεὶ
1810 3974 1906 4028 καὶ

317 4066 546 4139 ποιητὴς
586 4066 697 4120 τῶν
735 4066 872 4121 ὅλων
905 4067 1217 4137 τυγχάνεις.
1254 4065 1403 4139 Αὕτη
1450 4066 1561 4139 γὰρ
1596 4067 1630 4138 ἡ
1660 4065 1905 4121 θάλασσα

317 4159 412 4213 καὶ
441 4160 502 4214 τὸ
542 4159 797 4213 τοσοῦτον
826 4159 928 4230 τῆς
979 4160 1154 4230 ὑγρᾶς
1198 4159 1386 4224 οὐσίας
1434 4162 1696 4230 στοιχεῖον
1746 4157 1905 4229 ἔργον

318 4252 556 4324 ὑπάρχει
587 4252 698 4317 σὺν,
732 4252 826 4305 καὶ
859 4251 919 4304 σὲ
960 4250 1149 4323 κύριον
1190 4251 1577 4322 ἐπιγράφεται.
1626 4251 1689 4304 Εἰ
1718 4249 1773 4303 δὲ
1811 4249 1905 4303 καὶ

315 4344 536 4417 οὐρανοί
586 4363 731 4409 τινες
761 4344 1023 4417 ἀνώτεροι
1063 4344 1159 4398 τοῦ
1207 4343 1586 4417 στερεὼματος
1636 4341 1902 4406 νοοῦνται,

314 4438 479 4493 θείων
506 4438 833 4511 πνευμάτων
868 4437 963 4492 καὶ
1002 4435 1288 4507 δυνάμεων
1330 4436 1531 4505 ἁγίων,
1572 4433 1681 4489 τῶν
1712 4451 1770 4486 τε
1805 4434 1905 4504 τὴν

320 4531 417 4604 σὴν
453 4531 683 4602 θεότητα
729 4529 1170 4603 περιπολούντων
1205 4527 1452 4598 ἀγγέλων
1488 4527 1581 4581 καὶ
1626 4525 1904 4597 ἀρχαγγέ-

316 4624 425 4677 λων
456 4625 775 4695 οἰκητήρια,
823 4622 917 4677 καὶ
960 4615 1109 4675 οὗτοι
1143 4622 1225 4674 σοί
1265 4623 1403 4674 εἰσιν
1455 4619 1573 4691 ἅμα
1614 4621 1748 4672 πᾶσι
1792 4621 1906 4683 τοῖς

317 4716 558 4769 οἰκοῦσιν
591 4716 793 4780 αὐτοῖς.
831 4711 940 4769 Καὶ
982 4714 1109 4770 ἄλλο
1152 4715 1208 4768 δὲ
1243 4716 1502 4784 στοιχεῖον
1546 4713 1606 4765 οὐ
1647 4711 1839 4784 μικρὸν
1871 4713 1903 4783 ὴ

2004 2218 2230 2282 buntur,
2265 2216 2395 2287 quia
2425 2217 2481 2269 in
2519 2215 2660 2270 creto
2694 2214 3094 2286 praeparabitur
3117 2214 3322 2269 veritas
3353 2222 3480 2277 tua;
3515 2213 3592 2266 ita

2003 2318 2065 2363 ut
2102 2309 2373 2380 promissa
2408 2316 2501 2363 tua
2528 2308 2595 2362 ad
2626 2307 2887 2363 Davidem
2921 2304 3086 2370 facta,
3119 2320 3229 2359 non
3268 2304 3454 2373 utique
3478 2313 3592 2357 ter-

2005 2415 2134 2456 rena
2163 2408 2216 2455 et
2249 2414 2515 2470 corporea
2549 2398 2802 2453 habenda
2840 2397 2950 2453 sint
2977 2415 2990 2452 :
3021 2412 3148 2451 nam
3194 2396 3247 2450 in
3284 2395 3427 2450 cmlo
3451 2409 3592 2464 pra:-

2002 2492 2289 2563 parabilur
2326 2493 2531 2547 veritas
2562 2499 2676 2547 tua.
2712 2489 2840 2545 Haec
2876 2505 3007 2545 vero
3046 2505 3075 2543 a
3124 2487 3337 2559 Spiritu
3398 2494 3591 2543 sancto

2004 2588 2233 2641 edoctus
2264 2585 2391 2639 dico
2422 2605 2433 2638 :
2462 2582 2862 2637 Misericordiae
2891 2590 3010 2636 tuas
3040 2583 3094 2635 in
3121 2590 3373 2636 teternum
3404 2588 3592 2633 canta-

2007 2675 2089 2731 bo.
2124 2674 2189 2728 In
2220 2675 2612 2746 generationem
2640 2683 2689 2728 et
2721 2672 3113 2745 generationem
3146 2668 3473 2724 annuntiabo
3502 2684 3591 2721 ue-

2005 2768 2220 2821 ritatem
2260 2775 2407 2820 tuam
2441 2767 2494 2819 in
2528 2783 2617 2821 ore
2648 2782 2783 2820 meo.
2815 2764 2893 2820 Te
2925 2778 3111 2835 porro,
3136 2772 3323 2833 utpote
3342 2761 3512 2817 Deum
3538 2769 3593 2816 et

2005 2858 2301 2914 Dominum
2337 2861 2751 2923 universorum,
2774 2872 3027 2912 veracem
3049 2856 3275 2911 credere
3310 2855 3589 2922 convenit,

2007 2952 2136 3022 quia
2172 2951 2359 3007 nullus
2388 2960 2474 3006 est
2521 2951 2619 3005 tibi
2655 2949 2860 3005 virtute
2911 2948 3110 3005 similis
3139 2970 3151 3003 :
3187 2948 3456 3018 siquidem
3506 2948 3594 3003 in—

2006 3059 2399 3116 corporearum
2445 3053 2499 3101 et
2538 3045 2848 3099 divinarum
2902 3044 3166 3097 virtutum
3210 3042 3475 3100 Dominus
3506 3059 3589 3109 es,

2007 3137 2270 3207 solusque
2297 3150 2361 3190 ac
2408 3151 2574 3207 super
2615 3150 2808 3190 omnes
2839 3143 3038 3206 potens
3073 3150 3155 3198 es,
3182 3135 3258 3189 ita
3295 3145 3353 3189 ut
3386 3136 3592 3189 verita-

2007 3238 2113 3283 tem
2144 3236 2297 3283 tuam
2332 3229 2651 3284 credibilem
2708 3228 2890 3284 facere
2939 3229 3140 3298 possis.
3178 3226 3335 3293 Quod
3375 3228 3419 3283 si
3469 3227 3594 3298 quis

2005 3320 2061 3376 in
2094 3335 2276 3376 rerum
2312 3328 2509 3376 natura
2547 3322 2819 3391 superbus
2841 3321 3093 3384 exsistat,
3118 3334 3313 3391 nempe
3339 3318 3595 3374 diabolus

2006 3411 2103 3466 tibi
2151 3425 2367 3479 semper
2419 3409 2791 3474 adversarius,
2825 3425 2889 3464 ac
2936 3411 3221 3464 veritatem
3272 3423 3597 3478 oppugnatis

1940 3485 1973 3507 ³
2008 3511 2193 3557 tuam:
2228 3508 2287 3556 tu
2330 3517 2463 3557 sane
2507 3502 2655 3557 hunc
2691 3503 2992 3557 humiliasti
3028 3519 3042 3556 :
3074 3502 3117 3557 si
3154 3514 3286 3555 vero
3330 3500 3456 3553 huic
3495 3514 3587 3555 su-

2008 3596 2251 3665 perieres
2287 3595 2538 3665 quaedam
2583 3597 2820 3649 inimicae
2862 3604 2915 3651 et
2954 3594 3200 3649 adversae
3235 3593 3334 3648 tibi
3358 3594 3595 3647 virtutes

2008 3688 2137 3750 sint,
2173 3702 2267 3743 eas
2309 3702 2529 3758 quoque
2560 3686 2864 3758 dissipasti.
2898 3685 2980 3741 Tu
3014 3686 3215 3757 ubique
3238 3685 3497 3755 imperas,
3539 3690 3595 3738 et

2008 3780 2394 3834 universorum
2432 3779 2757 3834 substantia:
2786 3778 3111 3841 dominaris,
3149 3775 3278 3846 quia
3311 3775 3594 3829 universo-

2005 3885 2128 3923 rum
2162 3868 2344 3940 0pii‘ex
2373 3885 2455 3925 es.
2496 3869 2680 3941 ipsum
2710 3871 2912 3941 quippe
2936 3884 3106 3933 mare,
3134 3876 3457 3936 tantumque
3486 3865 3591 3919 bu-

2007 3963 2167 4017 midaa
2206 3962 2531 4018 substantiae
2585 3962 2937 4026 elementum,
2976 3970 3130 4016 tuum
3162 3968 3247 4017 est
3285 3958 3588 4029 opilicium,

2007 4063 2169 4126 teque
2200 4056 2482 4112 dominum
2511 4056 2737 4111 ascribit
2760 4071 2942 4111 suum.
2966 4054 3106 4122 Quid
3129 4055 3177 4111 si
3209 4054 3335 4109 cmli
3366 4050 3592 4125 quidam

2006 4148 2128 4219 ipso
2160 4147 2505 4203 ﬁrmamento
2528 4149 2843 4217 superiores
2887 4149 3219 4217 cogitentur,
3259 4146 3351 4217 qui
3383 4143 3592 4200 scilicet

2005 4240 2318 4296 divinorum
2351 4240 2667 4311 spirituum,
2694 4248 3011 4297 sanctarum
3046 4241 3333 4303 virtutum,
3368 4237 3592 4309 angelo-

2004 4349 2128 4389 rum
2160 4339 2215 4388 et
2234 4332 2689 4404 archangelorum
2728 4331 2989 4387 deitatem
3039 4338 3191 4384 tuam
3245 4328 3590 4399 stipantium,

2006 4422 2281 4479 domicilia
2299 4425 2443 4491 sint;
2476 4423 2532 4477 bi
2559 4438 2781 4495 quoque
2806 4437 2931 4477 cum
2962 4422 3220 4477 omnibus
3251 4420 3448 4475 incolis
3475 4418 3592 4474 suis

2006 4518 2088 4571 tui
2146 4525 2297 4573 sunt.
2350 4518 2512 4573 Aliud
2543 4517 2710 4573 etiam
2774 4516 3106 4572 elementum
3159 4530 3269 4569 non
3309 4513 3588 4583 exiguum,

2007 4611 2161 4667 arida
2199 4626 2396 4681 nempe
2429 4610 2739 4667 substantia
2761 4616 2815 4664 et
2837 4617 2982 4663 terra
3016 4606 3171 4662 caelis
3206 4605 3472 4675 subjecta,
3498 4609 3593 4655 tua

2006 4706 2135 4762 item
2170 4712 2276 4762 est.
2302 4704 2439 4760 Cum
2470 4706 2654 4774 itaque
2692 4702 2877 4758 omnia
2919 4710 3012 4755 tuo
3048 4700 3209 4754 nutui
3250 4701 3511 4762 serviant,
3540 4703 3595 4750 et

323 4808 461 4877 ξηρά
483 4810 660 4873 οὐσία,
694 4810 787 4863 καὶ
812 4812 846 4880 ἡ
889 4811 1003 4873 τοῖς
1044 4809 1296 4881 οὐρανοῖς
1330 4804 1668 4875 ὑποκειμένη
1709 4805 1800 4875 γῆ,
1838 4806 1902 4876 σή

2012 4808 2070 4855 ιιι
2092 4800 2350 4855 omnibus
2375 4800 2632 4870 imperes,
2674 4803 2866 4867 utpote
2896 4794 3142 4849 omnium
3182 4792 3459 4856 dominus,
3495 4805 3595 4845 rex

323 4901 434 4954 ἐστι
468 4903 562 4955 καὶ
599 4902 762 4975 αὐτη.
785 4902 911 4955 Ὅτε
943 4901 1124 4955 τοίνυν
1168 4901 1237 4955 τὰ
1283 4899 1573 4971 σύμπαντα
1622 4901 1736 4962 τοῖς
1790 4900 1902 4961 σοῖς

320 4993 550 5065 νεύμασι
575 4994 836 5059 δουλεύει,
870 4996 963 5049 καὶ
997 4996 1062 5049 σὺ
1091 4994 1311 5048 πάντων
1347 4995 1587 5066 κρατεῖς,
1610 4990 1796 5062 κύριος
1826 4990 1902 5045 ὢν

320 5086 572 5141 ἁπάντων
609 5089 702 5142 καὶ
751 5088 1005 5159 βασιλεὺς
1048 5089 1144 5142 καὶ
1177 5087 1340 5152 Θεὸς,
1388 5086 1473 5149 τίς
1520 5082 1903 5155 ἀντιστήσεται

2008 4901 2063 4949 et
2092 4892 2260 4958 Deus,
2289 4892 2417 4964 quis
2455 4891 2679 4946 resistet
2714 4888 2849 4943 tibi?
2901 4885 2970 4939 Et
3017 4884 3149 4956 quid
3203 4883 3596 4954 impedimento

2010 4985 2194 5051 fuerit,
2219 4984 2514 5057 quominus
2552 4992 2644 5038 tua
2671 4983 2848 5037 electo
2870 4988 2966 5034 tuo
2994 4977 3186 5033 Davidi
3212 4977 3339 5031 data
3361 4974 3596 5046 promis-

2013 5095 2095 5144 sa,
2128 5094 2250 5150 quae
2278 5079 2497 5149 juratus
2526 5075 2765 5139 edidisti,
2798 5072 3083 5129 credibilia
3118 5068 3456 5125 reddantur?

320 5195 433 5244 σοις
466 5180 538 5232 ’Ἱὶ
563 5181 613 5234 τί
635 5181 695 5234 τὸ
722 5156 971 5252 ἐμποδὼν
997 5180 1150 5236 ἔσται
1170 5180 1262 5235 τοῦ
1300 5181 1374 5253 μὴ
1432 5177 1811 5234 πιστώσασθαι
1874 5174 1972 5239 τὰς
2013 5173 2112 5238 σὰς
2163 5173 2299 5246 πρὸς
2329 5171 2421 5225 τὸν
2468 5169 2723 5225 ἐκλεκτόν
2776 5185 2869 5221 σου
2913 5164 3077 5219 Δαυῖδ
3121 5159 3454 5233 ἐπαγγελίας
3477 5199 3493 5224 9
3531 5156 3596 5221 ἃς

324 5273 441 5346 μεθ’
474 5275 637 5346 ὅρκου
670 5275 807 5347 πρὸς
829 5276 991 5330 αὐτὸν
1029 5278 1304 5348 ὲποιήσω;

368 5436 369 5441 η
391 5368 604 5439 Σφόδρα
626 5370 805 5423 τοίνυν
828 5372 922 5424 καὶ
951 5370 1262 5435 ἀκολούθως
1284 5373 1396 5436 τοῖς
1420 5371 1732 5444 ἔμπροσθεν
1757 5371 1910 5442 εἰρη-

325 5460 505 5532 μένοις
536 5462 623 5516 διά
650 5464 758 5518 τῶν
790 5464 1168 5535 προκειμένων
1216 5466 1465 5537 ἐπήγαγε
1505 5466 1587 5532 τὸ,
1618 5466 1723 5518 Σοί
1753 5465 1910 5517 εἰσιν

321 5557 376 5609 οἱ
407 5555 673 5624 οὐρανοὶ,
707 5557 807 5611 καὶ
842 5557 926 5626 σή
961 5557 1135 5611 ἐστιν
1161 5559 1200 5627 ή
1230 5556 1308 5628 γῆ
1330 5575 1345 5590 ο
1391 5557 1508 5626 τὴν
1549 5554 1910 5626 οἰκουμένην

323 5648 420 5705 καί
455 5648 747 5718 πλήρωμα
782 5648 973 5717 αὐτῆς
1004 5648 1085 5703 σὺ
1110 5649 1533 5718 ἐθεμελίωσας.
1562 5647 1638 5701 Οὐ
1668 5646 1778 5717 γὰρ
1815 5646 1911 5717 μό-

322 5758 412 5794 νον
442 5741 533 5794 rev
580 5741 828 5813 οὐρανὸν,
856 5744 1011 5814 φησί,
1067 5742 1164 5795 καὶ
1192 5740 1289 5804 τὰς
1342 5741 1403 5794 ὲν
1445 5739 1594 5810 αὐτῷ
1623 5739 1902 5809 δυνάμεις,

321 5831 456 5887 ἀλλά
486 5832 577 5886 καὶ
597 5832 694 5900 τὴν
729 5832 834 5901 γῆν
868 5833 932 5887 σὺ
975 5831 1370 5902 ἐθεμελίωσαςο
1405 5829 1711 5903 συμφώνως
1747 5830 1815 5900 τῇ
1848 5828 1907 5885 ὲν

2078 5360 2388 5418 Admodum
2420 5364 2792 5432 congruenter
2816 5370 2981 5427 supra
3016 5352 3179 5409 dictis
3207 5353 3321 5423 jam
3369 5349 3595 5419 subjicit

2008 5454 2144 5511 illud
2171 5472 2183 5509 :
2217 5452 2318 5507 Tui
2351 5459 2474 5507 sunt
2528 5448 2647 5503 coeli
2690 5457 2739 5503 et
2770 5456 2865 5500 tua
2906 5454 2982 5499 est
3016 5453 3157 5497 terra
3182 5457 3201 5496 :
3233 5440 3410 5497 orbem
3441 5450 3596 5493 terra:

2007 5562 2054 5604 et
2083 5545 2465 5617 plenitudinem
2510 5544 2625 5614 ejus
2660 5551 2714 5595 tu
2767 5540 3029 5611 fundasti.
3079 5536 3201 5592 Non
3247 5534 3411 5590 modo
3448 5534 3594 5591 enim

2008 5643 2231 5705 coelum,
2281 5640 2380 5703 ait,
2412 5646 2467 5693 et
2522 5638 2758 5692 virtutes
2801 5634 2877 5689 ibi
2912 5640 3240 5697 versantes,
3281 5628 3377 5686 sed
3429 5627 3594 5684 etiam

2011 5742 2214 5791 terram
2242 5730 2485 5787 fundasti
2510 5749 2523 5786 :
2546 5731 2633 5785 cui
2659 5726 2864 5782 accinit
2892 5726 2984 5780 illa
3015 5724 3438 5779 Proverbiorum
3469 5735 3593 5775 sen-

2015 5825 2231 5884 tentia:
2266 5823 2409 5880 Deus
2445 5821 2708 5894 sapientia
2757 5819 3001 5890 [undavit
3039 5827 3233 5873 terram
3262 5831 3281 5870 :
3319 5827 3593 5886 praepara-
