4068 6394
415 320 543 377 1ὓ91

1089 319 1359 376 EUSEBII
1399 318 1879 377 CASSARIENSIS
1906 319 2057 375 OPP.
2097 318 2278 375 PARS
2312 321 2397 377 ΙΙΙ.
2439 353 2510 365 -
2548 320 2960 380 EXEGETICA.

3544 330 3567 383 l
3579 330 3685 386 092

410 441 483 493 vit
513 448 688 494 autem
712 440 869 495 caelos
900 440 955 493 in
983 440 1270 510 prudentia
1300 443 1368 497 ³ο.
1404 441 1505 497 Hic
1534 458 1668 498 vero
1692 443 1993 499 habitatam

2099 445 2217 505 ταῖς
2257 433 2591 515 Παροιμίαις
2630 444 2865 517 λεγούσῃ
2907 446 3081 518 φωνῇ.
3138 446 3193 500 Ὁ
3216 440 3369 516 Θεὸς
3390 438 3471 519 τῇ
3498 452 3686 521 σοφίᾳ

414 547 573 587 terrae
624 541 868 602 partem,
929 533 1090 603 quasi
1156 536 1594 605 praestantiorem
1626 574 1642 600 ,
1670 535 1994 606 οἰκουμένην

412 626 735 691 nominavit,
772 626 839 680 ad
869 625 1168 682 discrimen
1201 628 1345 682 inter
1370 627 1643 682 desertam
1673 639 1728 684 et.
1765 629 1991 683 cultam.

413 717 530 770 lmo
557 718 718 771 etiam
749 716 1146 787 plenitudinem
1171 719 1322 772 orbis
1348 726 1509 773 teme
1546 718 1769 789 adiecit,
1806 719 1890 775 his
1921 719 1997 775 si-

412 808 678 878 gniﬁcans
729 808 1027 864 humanum
1060 825 1256 881 genus,
1290 810 1437 881 quod
1477 810 1669 865 orbem
1699 818 1861 865 terra:
1888 811 1994 865 im-

414 901 543 970 plet.
574 898 759 969 Neque
782 909 966 957 tamen
990 903 1237 969 aberres,
1269 903 1316 956 si
1345 902 1453 958 alio
1482 903 1795 973 explicandi
1845 918 1998 967 more

413 991 606 1057 dicas,
674 993 1072 1062 plenitudinem
1123 1010 1248 1051 esse
1309 993 1613 1051 Salvatoris
1668 995 1992 1059 Ecclesiam.

413 1099 578 1153 quam
627 1086 807 1154 ipsum
859 1085 957 1141 Dei
999 1086 1239 1142 Verbum
1281 1088 1533 1145 fundavit
1566 1104 1733 1161 supra
1760 1097 1990 1160 petram.

413 1174 759 1245 Quapmpter
824 1178 953 1233 alibi
1024 1178 1231 1233 dictum
1282 1189 1368 1235 est
1421 1200 1433 1236 :
1496 1182 1753 1237 Dominus
1808 1199 1997 1253 regna-

412 1269 483 1321 vit
506 1309 521 1332 ,
551 1268 787 1324 decorem
821 1271 1036 1325 indutus
1066 1281 1164 1328 est.
1192 1272 1402 1328 Etenim
1425 1277 1656 1330 correxit
1693 1277 1867 1330 orbem
1890 1286 1994 1330 ter-

413 1376 509 1429 ra},
527 1363 617 1431 qui
645 1380 748 1416 non
773 1364 1181 1418 commovebitur
1201 1365 1263 1417 ³¹.
1286 1366 1572 1431 Quomodo
1593 1379 1775 1422 autem
1799 1369 1995 1424 funda-

414 1454 553 1508 verit
576 1456 761 1509 orbem
798 1464 957 1512 teme
984 1456 1179 1513 deinde
1210 1459 1421 1528 adjicit,
1445 1460 1755 1530 Aquilonem
1779 1472 1827 1515 et
1850 1480 1994 1517 mare

414 1554 471 1598 tu
494 1548 721 1600 creasti:
744 1548 936 1617 quinta
964 1564 1095 1604 vero
1123 1551 1314 1616 editio,
1341 1552 1652 1623 Aquilonem
1667 1564 1715 1607 et
1738 1566 1917 1608 notum
1937 1566 1993 1609 tu

413 1637 626 1689 creasti.
660 1634 996 1708 Videturque
1032 1640 1161 1693 mihi
1192 1657 1288 1710 per
1320 1642 1431 1696 duo
1469 1643 1637 1697 latera
1667 1653 1721 1699 et
1750 1655 1991 1700 extrema

413 1726 592 1791 orbis,
645 1735 819 1781 totum
878 1730 1142 1784 mundum
1212 1733 1547 1803 signiﬁcare,
1604 1750 1767 1805 quem
1815 1723 1992 1807 reple—

411 1817 489 1870 vit
539 1816 836 1875 Salvatoris
890 1823 1066 1877 nostri
1114 1822 1317 1879 virtus.
1358 1824 1782 1881 Animadvertas
1829 1842 1995 1897 porro
2023 1850 2069 1907 Β

413 1910 595 1975 velim,
623 1926 730 1979 quo
754 1922 912 1981 pacto
941 1913 1028 1966 hic
1057 1929 1154 1982 pro
1180 1913 1319 1969 facie
1352 1915 1522 1971 totius
1571 1917 1782 1981 mundi,
1812 1920 1999 1973 orien-

411 2004 519 2052 tem
550 2007 754 2068 ponat;
796 2015 894 2068 pro
938 2001 1163 2055 sinistra
1192 2041 1208 2067 ,
1272 2002 1546 2058 borealem
1604 2006 1854 2075 plagam;
1898 2021 1999 2076 pro

412 2088 635 2144 dextera
663 2090 1073 2146 meridionalem
1115 2100 1169 2147 et
1200 2094 1520 2148 australem.
1560 2093 1694 2149 Nam
1732 2111 1855 2150 cum
1890 2098 1995 2163 ait,

412 2181 724 2252 Aquilonem
765 2192 815 2236 et
861 2182 1049 2236 dextra
1096 2194 1152 2238 tu
1203 2187 1431 2250 creasti,
1478 2187 1749 2243 borealem
1781 2190 1997 2261 plagam

411 2273 694 2328 sinistrum
717 2290 838 2330 esse
862 2276 1009 2330 latus
1034 2277 1305 2343 declarat;
1337 2278 1607 2348 siquidem
1633 2281 1884 2335 dextrum
1912 2288 1999 2336 est

410 2368 669 2422 australe.
709 2365 767 2422 Si
809 2368 993 2438 itaque
1044 2378 1252 2425 stantes
1287 2378 1477 2425 notum
1508 2375 1563 2426 in
1586 2373 2000 2443 dextera,aqui-

411 2460 590 2515 [onem
625 2461 677 2514 in
709 2462 934 2516 sinistra
986 2461 1309 2529 habeamus,
1349 2465 1638 2520 adversum
1676 2466 1998 2523 habebimus

410 2550 697 2614 orientem,
741 2566 772 2605 a
802 2560 958 2623 tergo
986 2561 1167 2609 autem
1196 2556 1537 2611 occidentem
1568 2577 1581 2613 :
1610 2559 1683 2612 ita
1713 2568 1773 2612 ut
1804 2574 1999 2614 secun-

409 2640 541 2696 dum
568 2643 850 2714 physicam
878 2646 1376 2703 considerationem
1412 2650 1527 2704 heec
1566 2652 1710 2705 dicta
1742 2653 1887 2715 sint,
1929 2653 1998 2707 ad

410 2734 580 2789 totius
610 2736 799 2791 mundi
836 2739 1167 2806 positionem
1212 2740 1623 2797 declarandam.
1682 2742 1813 2809 Quae
1864 2744 2000 2798 indi-

409 2838 537 2881 care
566 2828 936 2882 necessarium
972 2828 1072 2883 fuit
1112 2832 1177 2885 ad
1207 2831 1653 2902 signiﬁcandum,
1684 2834 1997 2890 divinarum

412 2915 821 2987 Scripturarum
857 2920 1167 2975 doctrinam
1199 2939 1379 2993 neque
1410 2926 1608 2982 horum
1642 2928 1861 2997 quidem
1899 2944 1999 2984 no-

412 3010 585 3065 titiam
617 3012 1054 3081 praetermisisse.
1074 3013 1209 3068 Nam
1234 3017 1439 3080 omnia,
1470 3019 1663 3088 inquit,
1691 3026 1748 3073 tu
1771 3022 1994 3087 creasti,

408 3103 527 3157 sive
574 3102 797 3159 dextras
844 3105 1034 3159 mundi
1080 3114 1285 3175 partes,
1318 3109 1434 3164 sive
1488 3111 1761 3166 sinistras.
1795 3112 1997 3168 Verum

2092 533 2450 601 ἐθεμελίωσε
2494 534 2609 603 τὴν
2651 534 2771 604 rﬁr
2795 554 2807 565 ο
2848 538 3143 608 ἡτοίμασε
3176 538 3245 592 δὲ
3281 543 3580 610 οὐρανοὺς
3617 544 3685 596 ἐν

2094 623 2406 693 φρονήσει.
2440 626 2581 679 Κατ’
2608 625 2886 698 ἐξαίρετον
2914 626 2972 683 δὲ
3004 630 3247 686 ἐνταῦθα
3282 634 3343 687 τὸ
3368 624 3687 707 οἰκούμενον

2098 717 2264 788 μέρος
2290 718 2391 788 τῆς
2423 719 2527 791 γῆς
2573 722 2897 793 οἰκουμένην
2938 724 3243 795 ὠνόμασεν,
3271 728 3687 795 ἀποδιαστείλας

2095 808 2195 878 τῆς
2255 810 2463 881 ἐρήμου
2520 812 2618 864 ’καὶ
2649 814 2749 883 τῆς
2801 814 3045 885 οἰκητοῦ.
3116 817 3277 871 Ἀλλα
3321 819 3415 872 καὶ
3445 820 3506 873 τὸ
3549 824 3689 892 πλή-

2099 916 2256 971 ρωμα
2317 902 2416 971 τῆς
2455 903 2780 976 οἰκουμένης
2827 907 3166 977 προσέθηκεν
3195 950 3211 975 ,
3258 910 3401 965 οὕτω
3435 916 3689 985 σημήνας

2096 992 2158 1044 τὸ
2195 992 2302 1046 τῶν
2345 993 2648 1066 ἀνθρώπων
2677 996 2853 1064 γένος,
2886 998 2994 1052 τῶν
3039 1001 3137 1073 τὴν
3182 1003 3509 1076 οἰκουμένην
3548 1006 3687 1077 πλη-

2097 1084 2353 1155 ρούντων.
2407 1086 2689 1160 Πλήρωμα
2738 1090 2793 1143 δὲ
2845 1092 2939 1144 καὶ
2993 1093 3169 1157 ἄλλως
3216 1096 3316 1167 τῆς
3362 1099 3690 1170 οἰκουμένης

2093 1176 2195 1228 οὐκ
2240 1176 2307 1230 ἂν
2354 1178 2618 1249 ἁμάρτοις
2651 1181 2825 1250 λέγων
2867 1182 2965 1254 τὴν
3016 1186 3109 1238 τοῦ
3145 1188 3404 1261 Σωτῆρος
3458 1191 3690 1262 Ἐκκλη-

2099 1269 2252 1335 σίαν,
2309 1271 2376 1340 ἢν
2409 1272 2570 1335 αὐτὸς
2611 1275 2641 1326 ὁ
2677 1274 2771 1327 τοῦ
2816 1275 2951 1328 Θεοῦ
2997 1279 3167 1346 Λόγος
3201 1280 3559 1352 ἐθεμελίωσεν
3594 1285 3690 1337 ἐπὶ

2095 1360 2193 1431 τὴν
2230 1361 2457 1433 πέτραν.
2516 1364 2607 1417 Διὸ
2656 1366 2753 1419 καὶ
2793 1367 2852 1419 ἐν
2902 1368 3114 1439 ἑτέροις
3155 1371 3407 1445 εἴρηται·
3464 1372 3691 1442 Κύριος

2095 1449 2526 1518 ἐϐασίλευσεν,
2580 1455 2943 1522 εὐπρέπειαν
3010 1459 3357 1515 ἐνεδύσατο.
3414 1465 3525 1517 Καὶ
3578 1468 3693 1535 γὰρ

2098 1541 2451 1610 κατώρθωσε
2497 1543 2611 1613 τὴν
2652 1548 3048 1617 οἰκουμένην,
3094 1550 3224 1618 ἣτις
3266 1555 3339 1606 οὐ
3389 1554 3691 1624 σαλευθή-

2096 1645 2292 1686 σεται.
2321 1634 2446 1699 Πῶς
2475 1635 2531 1688 δέ
2574 1634 2905 1707 ἐθεμελίωσε
2935 1640 3033 1710 τὴν
3076 1644 3421 1714 οἰκουμένην,
3446 1646 3692 1716 ἐπιλέγει

2094 1720 2242 1793 ἑξῆς,
2267 1724 2380 1778 Τὸν
2388 1726 2621 1794 βορῤᾶν
2632 1729 2727 1781 καί
2765 1729 2879 1797 τὴν
2894 1730 3217 1787 θάλασσαν
3229 1735 3310 1788 σὺ
3322 1736 3566 1803 ἔκτισας
3590 1742 3675 1795 αὑ

2096 1813 2188 1866 τά⁵
2209 1817 2241 1886 ἡ
2260 1815 2315 1867 δὲ
2342 1817 2569 1889 πέμπτη
2590 1818 2817 1885 ἕκδοσις,
2840 1822 3073 1891 Βορῤᾶν
3096 1826 3194 1881 καί
3217 1829 3396 1882 νότον
3423 1830 3504 1883 σὺ
3539 1829 3693 1887 ἔκτι-

2098 1921 2234 1972 σας.
2268 1909 2427 1961 Δοκεῖ
2458 1910 2514 1962 δέ
2545 1927 2634 1980 μοι
2657 1911 2746 1964 διὰ
2770 1913 2877 1966 τῶν
2903 1913 2996 1966 δύο
3016 1916 3268 1989 πλευρῶν
3293 1937 3353 1972 τε
3378 1924 3472 1975 καὶ
3502 1924 3693 1995 ἄκρων

2095 1999 2197 2070 τῆς
2236 2002 2561 2074 οἰκουμένης
2611 2005 2704 2059 τὸν
2757 2007 3048 2078 σύμπαντα
3092 2011 3297 2082 κόσμον
3354 2013 3580 2085 δηλοῦν,
3632 2016 3693 2072 ὃν

2054 2126 2059 2131 η
2098 2090 2412 2161 ἐπλήρωσεν
2442 2096 2474 2165 ὴ
2503 2096 2595 2147 τοῦ
2619 2098 2871 2169 Σωτῆρος
2897 2101 3053 2171 ὴμῶν
3083 2101 3330 2173 δύναμις.
3350 2104 3458 2159 Θὲα
3487 2108 3543 2160 δὲ
3574 2109 3693 2165 τίνα

2096 2183 2298 2253 τρόπον
2338 2185 2427 2238 διὰ
2459 2187 2664 2243 τούτων
2704 2191 3037 2261 παρίσταται
3083 2196 3373 2265 πρόσωπον
3412 2198 3506 2251 τοῦ
3550 2200 3694 2272 σύμ-

2100 2292 2302 2340 παντος
2330 2279 2539 2351 κόσμου
2579 2282 2640 2334 τὸ
2665 2284 2981 2338 ἀνατολικὸν
3021 2287 3204 2357 μέρος·
3234 2290 3519 2363 ἀριστερὸν
3547 2293 3604 2346 δὲ
3631 2295 3695 2347 τὸ

2060 2392 2063 2395 ·
2100 2365 2330 2439 βόρειον,
2364 2371 2536 2438 δεξιὸν
2560 2374 2615 2427 δὲ
2647 2376 2705 2429 τὸ
2743 2378 3115 2449 μεσημϐρινὸν
3139 2381 3234 2434 καὶ
3263 2383 3456 2440 νότιον.
3494 2386 3580 2438 Ἐν
3614 2386 3695 2457 τῷ

2097 2465 2204 2537 γὰρ
2239 2467 2425 2536 φάναι,
2461 2469 2569 2524 Τὸν
2594 2471 2829 2540 βοῤῥὰν
2856 2472 2957 2525 καὶ
2993 2473 3064 2526 τὰ
3097 2473 3266 2538 δεξιὰ
3301 2476 3382 2529 σὺ
3424 2477 3692 2544 ἔκτισας,

2097 2558 2158 2610 τὸ
2182 2559 2391 2632 βόρειον
2415 2562 2648 2635 πλευρὸν
2673 2565 2959 2637 ἀριστερὸν
2986 2562 3125 2619 εῖναι
3150 2567 3405 2634 ἐδίδαξεν·
3444 2570 3497 2622 εἴ
3519 2588 3580 2639 γε
3604 2570 3694 2623 δε-

2100 2648 2208 2714 ξιὸν
2237 2652 2298 2705 τὸ
2327 2654 2520 2709 νότιον.
2564 2656 2627 2708 Εἰ
2660 2656 2724 2727 δὴ
2764 2653 2858 2710 οῦν
2902 2659 3136 2723 ἑστῶτες
3184 2661 3402 2732 ἔχοιμεν
3445 2664 3503 2716 ἐν
3545 2664 3696 2737 δεξιᾷ

2101 2743 2201 2815 μὲν
2229 2746 2439 2799 ἑαυτῶν
2476 2748 2565 2801 τὸν
2601 2748 2775 2816 νότον,
2805 2752 2862 2803 ἐν
2893 2750 2949 2804 δὲ
2975 2755 3085 2816 τοῖς
3109 2754 3419 2826 ἀριστεροῖς
3443 2756 3534 2810 τὸν
3568 2757 3696 2831 βορο

2101 2838 2222 2907 ρᾶν,
2265 2838 2684 2909 ἀντιπρόσωπον
2740 2845 3015 2914 σχήσομεν
3065 2846 3163 2917 τὴν
3211 2847 3500 2919 ἀνατολὴν,
3553 2849 3697 2903 κατὰ

2098 2929 2267 2984 νώτου
2296 2931 2353 2985 δέ
2381 2933 2480 3006 τὴν
2505 2934 2677 2988 δύσιν·
2711 2936 2852 2989 ὥστε
2880 2938 3024 2991 κατά
3047 2956 3168 2991 τινα
3199 2940 3435 3013 φυσικὴν
3461 2941 3696 3015 θεωρίαν

2099 3023 2350 3095 εἰρῆσθαι
2383 3021 2577 3092 ταῦτα,
2615 3027 2713 3098 τὴν
2743 3027 2891 3082 θέσιν
2919 3029 3013 3083 τοῦ
3052 3032 3255 3096 παντὸς
3299 3033 3506 3104 κόσμου
3553 3052 3698 3106 παρη

2102 3117 2353 3172 ιστῶντα.
2393 3121 2460 3172 *Α
2500 3121 2596 3173 καὶ
2639 3122 2781 3176 αὐτὰ
2825 3125 3121 3193 ἀναγκαῖον
3145 3127 3587 3200 ἐπισημήνασθαι
3617 3132 3698 3194 εἰς

408 3193 635 3249 dextras
669 3194 848 3249 solum
883 3196 1211 3257 nominatim
1238 3202 1581 3265 memoravit,
1616 3209 1780 3274 atque
1804 3220 1833 3258 a
1864 3206 1998 3259 sini-

2102 3212 2444 3284 παράστασιν
2473 3214 2569 3267 τοῦ
2606 3216 2740 3287 μηδὲ
2769 3217 2867 3288 τὴν
2896 3219 3098 3272 τούτων
3139 3193 3339 3289 γνῶσιν
3370 3193 3695 3293 παραλελοι-

411 3287 514 3341 stri
544 3287 765 3344 nomine
803 3290 1058 3344 consulto
1111 3291 1395 3348 abstinuit.
1446 3294 1628 3361 Quare
1693 3298 1995 3353 secundum

413 3376 802 3449 Symmachum
833 3380 1054 3447 dicitur,
1090 3380 1155 3434 In
1185 3383 1499 3453 Aquilonem
1544 3394 1594 3440 et
1635 3386 1908 3441 dexteram
1937 3398 1996 3441 tu

408 3468 645 3531 creasti;
708 3470 1011 3526 secundum
1073 3473 1328 3544 Aquilam
1374 3490 1544 3539 vero,
1588 3475 1899 3545 Aquilonem
1946 3488 1995 3531 et

409 3558 683 3615 dexteram
721 3570 779 3615 tu
801 3565 1013 3621 creasti.
1044 3564 1246 3633 Quinta
1280 3574 1461 3622 autem
1491 3567 1660 3623 editio
1689 3569 1997 3626 accuratius

410 3654 700 3722 explicavit
735 3671 987 3726 quamam
1028 3658 1255 3714 dextera
1278 3668 1465 3715 essent
1495 3658 1687 3716 dicens
1709 3700 1723 3727 ,
1774 3661 1998 3730 Aquilo-

411 3760 528 3800 nem
570 3754 621 3799 et
653 3741 835 3800 n’btum
876 3757 931 3801 tu
962 3750 1178 3804 creasti.
1215 3749 1451 3807 Sinistra
1495 3766 1663 3821 porro
1706 3752 1848 3823 apud
1880 3768 1997 3808 om-

411 3851 510 3892 nes
541 3837 870 3910 interpretes
908 3841 1131 3897 silentio
1156 3843 1412 3908 mittitur,
1442 3844 1571 3914 quia
1616 3852 1841 3914 putatur
1867 3848 1996 3916 quid

413 3927 713 3984 infaustum
744 3947 888 3996 esse,
919 3940 974 3988 et
1004 3933 1198 3989 dextro
1230 3937 1542 4007 oppositum
1568 3954 1580 3991 :
1632 3937 1771 3991 nihil
1813 3947 1994 3994 autem

412 4020 468 4075 in
492 4021 749 4078 universo
794 4023 1093 4080 infaustum
1124 4036 1178 4081 et
1219 4026 1365 4082 bono
1400 4030 1712 4098 oppositum
1738 4038 1840 4088 est.
1875 4029 1998 4086 0m-

413 4113 506 4167 nia
534 4114 702 4178 enim,
731 4115 940 4185 inquit,
997 4127 1054 4171 tu
1091 4121 1313 4175 creasti.
1350 4119 1468 4176 Duo
1516 4132 1697 4178 autem
1741 4132 1956 4180 montes
1979 4169 1993 4193 ,

423 4199 631 4257 l‘habor
659 4212 713 4258 et
735 4202 995 4269 Hermon,
1035 4222 1131 4276 per
1164 4210 1546 4265 excellentiam
1577 4222 1775 4282 praeter
1803 4230 1997 4272 omnes

413 4290 550 4345 alios
583 4293 871 4347 memorati
905 4303 1069 4349 sunt:
1105 4299 1306 4352 etenim
1340 4300 1396 4354 hi
1444 4301 1499 4354 in
1527 4304 1747 4358 nomine
1778 4314 1871 4359 tuo
1898 4322 1996 4361 ex-

416 4381 716 4437 sultabunt.
785 4380 1096 4439 Secundum
1154 4387 1408 4457 Aquilam
1452 4405 1623 4455 vero,
1689 4393 1898 4448 Thabor
1947 4406 1998 4451 et

417 4471 651 4527 Harmon
685 4476 737 4527 in
766 4477 975 4530 nomine
1005 4486 1095 4530 tuo
1128 4477 1459 4546 laudabunt;
1505 4485 1807 4540 secundum
1836 4486 1996 4559 Sym-

2103 3303 2260 3357 πέναι
2288 3306 2389 3377 τὴν
2418 3306 2525 3360 τῶν
2549 3308 2709 3361 θείων
2744 3310 2978 3381 Γραφῶν
3014 3313 3382 3368 διδασκαλίαν.
3414 3314 3495 3367 Τὰ
3519 3315 3698 3368 πάντα

2101 3397 2231 3469 γὰρ,
2260 3400 2412 3470 φησὶ,
2448 3402 2510 3454 σὺ
2535 3401 2776 3465 ἔκτισας,
2804 3404 2875 3457 τά
2903 3422 2961 3457 τε
2993 3404 3143 3470 δεξιὰ
3166 3406 3262 3460 τοῦ
3287 3406 3495 3477 κόσμου
3529 3407 3695 3478 μέρη,

2103 3488 2197 3541 καὶ
2229 3488 2298 3541 τὰ
2326 3490 2611 3561 ἀριστερά.
2659 3493 2819 3546 Ἀλλά
2846 3495 2915 3548 τὰ
2940 3496 3039 3566 μὲν
3061 3495 3211 3563 δεξιὰ
3238 3496 3498 3567 ὀνομαστὶ
3524 3513 3697 3568 προσ-

2104 3581 2275 3645 εῖπεν,
2301 3580 2605 3649 ἐφυλάξατο
2623 3584 2679 3636 δὲ
2702 3587 3007 3658 χρήσασθαι
3037 3588 3114 3658 τῷ
3143 3587 3235 3641 τοῦ
3264 3587 3554 3660 ἀριστεροῦ
3581 3588 3697 3640 όνόο

2106 3689 2255 3742 ματι.
2288 3673 2379 3725 Διὸ
2411 3673 2660 3730 λέλεκται
2694 3679 2837 3732 κατὰ
2864 3679 2954 3732 τὸν
2983 3680 3300 3750 Σύμμαχον,
3338 3682 3444 3746 Εἰς
3461 3678 3699 3747 ,βοῤῥᾶν

2104 3764 2201 3818 καὶ
2252 3764 2459 3830 δεξιὰν
2500 3768 2582 3821 σὺ
2630 3769 2909 3838 ἔκτισας-⁸
2961 3774 3055 3825 καὶ
3096 3772 3237 3826 κατὰ
3287 3772 3380 3824 τὸν
3443 3772 3695 3834 Ἀκύλαν,

2104 3856 2338 3925 Βορῤᾶν
2373 3859 2471 3913 καὶ
2499 3859 2706 3925 δεξιὰν
2734 3862 2816 3916 σὺ
2844 3864 3113 3929 ἔκτισας.
3157 3865 3222 3916 Ἠ
3248 3863 3306 3916 δὲ
3345 3862 3571 3934 πέμπτη
3607 3863 3699 3915 ἐκ·

2101 3950 2247 4015 δοσις
2292 3953 2626 4025 σαφέστερον
2667 3958 2982 4029 ἡρμήνευσε
3013 3958 3136 4012 τίνα
3174 3956 3243 4010 τὰ
3275 3956 3423 4020 δεξιὰ
3453 3958 3696 4027 φήσασα-ν

2102 4043 2335 4112 Βορῤᾶν
2378 4046 2478 4099 καί
2526 4048 2708 4101 νότον
2752 4048 2835 4102 σὺ
2886 4048 3156 4115 ἔκτισας.
3210 4048 3284 4101 Τὸ
3325 4049 3368 4101 δ’
3411 4048 3699 4121 ἀριστερὸν

2103 4135 2282 4205 πάντη
2314 4136 2651 4209 σεσιώπηται
2679 4141 2829 4213 παρὰ
2857 4143 2973 4205 τοῖς
3004 4144 3157 4204 πᾶσι,
3183 4142 3271 4195 διὰ
3295 4141 3355 4193 τὸ
3383 4140 3698 4211 νομίζεσθαι

2105 4227 2295 4281 σκαιὸν
2326 4225 2464 4282 εἶναι
2504 4232 2598 4284 καὶ
2633 4233 2874 4285 ἐναντίον
2904 4233 2981 4304 τῷ
3022 4232 3199 4304 δεξιῷθ
3246 4232 3397 4285 οὐδὲν
3428 4232 3484 4284 δὲ
3526 4234 3584 4284 ἐν
3620 4231 3698 4301 τῷ

2104 4320 2266 4372 παντὶ
2301 4322 2508 4384 σκαιὸν,
2559 4323 2681 4376 οὐδὲ
2728 4323 2805 4394 τῷ
2852 4324 3004 4395 καλῷ
3049 4325 3311 4379 ἐναντίον.
3365 4325 3550 4378 Πάντα
3599 4325 3700 4395 μὲν

2103 4405 2216 4474 οῦν,
2248 4414 2402 4483 φησὶ,
2431 4415 2494 4466 σὺ
2522 4415 2762 4479 ἔκτισας.
2804 4418 2943 4487 Ὄρη
2975 4417 3030 4469 δὲ
3060 4417 3172 4480 δύο,
3207 4417 3268 4469 τὸ
3294 4416 3492 4489 Θαϐὼρ
3519 4417 3612 4469 καὶ
3638 4416 3721 4469 τὸ

2114 4500 2331 4572 Ἐρμὼν
2362 4504 2640 4576 ἐξαίρετόν
2668 4524 2719 4559 τι
2760 4508 3024 4578 κέκληται
3069 4508 3221 4579 παρὰ
3258 4508 3454 4561 πάντα·
3486 4508 3562 4579 τῷ
3589 4509 3699 4581 γὰρ

416 4565 671 4619 machum
704 4575 916 4634 autem,
969 4570 1182 4625 Tltabor
1232 4582 1279 4626 et
1331 4572 1568 4628 Hermon
1626 4594 1814 4632 nomen
1850 4589 1998 4635 tuum

2102 4565 2325 4663 ὀνόματί
2352 4565 2446 4648 σου
2474 4565 2645 4651 ταῦτα
2672 4565 3113 4667 ἀγαλλιάσονται.
3142 4565 3301 4653 Rath
3328 4601 3385 4653 δὲ
3405 4602 3497 4653 τὸν
3534 4565 3699 4654 ;Ακύ;

414 4654 770 4711 celebrabunt.
806 4656 1015 4712 Horum
1063 4676 1226 4729 porro
1261 4663 1527 4717 montium
1574 4668 1742 4722 variis
1773 4669 1827 4722 in
1861 4669 1998 4725 locis

416 4747 665 4802 meminit
694 4747 905 4805 Veteris
953 4750 1287 4809 Testamenti
1336 4755 1571 4811 historia
1598 4798 1612 4823 ,
1650 4760 2001 4832 arbitrorque

414 4840 501 4897 bis
536 4841 595 4896 in
643 4843 923 4898 montibus
971 4844 1253 4901 mirabiles
1304 4847 1427 4902 illas
1478 4847 1779 4907 Salvatoris
1822 4858 2002 4912 nostri

415 4933 948 5005 transﬁgurationes,
987 4936 1412 5010 frequentesque
1458 4958 1642 4999 moras
1682 4947 1998 5015 exstitisse,

416 5025 631 5093 quando
662 5041 788 5081 cum
838 5027 1157 5085 hominibus
1202 5033 1549 5089 versabatur.
1583 5035 1667 5089 An
1713 5053 1845 5093 vero
1879 5038 1999 5109 ipsa

415 5120 699 5174 nominum
733 5120 1063 5191 signiﬁcatio
1113 5123 1321 5194 aliquid
1354 5128 1513 5183 nobis
1556 5128 1625 5182 ad
1670 5130 1867 5186 horum
1915 5136 1999 5188 in-

414 5212 767 5282 telligentiam
806 5214 1074 5283 conferat,
1114 5228 1171 5271 tu
1206 5219 1322 5288 ipse
1353 5221 1672 5279 consideres
1702 5226 1883 5280 velim.

2102 4682 2221 4751 λοιν,
2269 4687 2471 4755 Θαϐὼρ
2514 4688 2613 4741 καὶ
2658 4690 2879 4758 Ἑρμὼν
2907 4692 2977 4744 ἐν
3004 4691 3085 4757 τῷ
3121 4693 3369 4761 ὀνόματί
3400 4706 3516 4745 σου
3542 4693 3701 4746 αἰνέ-

2104 4790 2313 4831 σουσιο
2348 4780 2489 4833 κατὰ
2523 4780 2579 4834 δὲ
2610 4782 2700 4834 τὸν
2737 4782 3052 4853 Σύμμαχον,
3088 4782 3292 4853 Θαϐὼρ
3326 4784 3425 4836 καί
3460 4783 3527 4837 τὸ
3578 4785 3700 4851 Ἑρ.

2054 4884 2057 4887 ·
2098 4868 2232 4937 μὼν
2259 4870 2326 4922 τὸ
2358 4870 2547 4940 ὄνομά
2582 4887 2700 4925 σου
2745 4873 3193 4943 εὐφημήσουσι.
3244 4874 3461 4929 Τούτων
3498 4870 3700 4927 δὲτῶν

2104 4960 2276 5030 ὀρέων
2310 4961 2584 5033 μέμνηται
2614 4964 2889 5037 διαφόρως
2930 4968 2962 5036 ἡ
3005 4966 3106 5036 τῆς
3139 4966 3384 5029 Παλαιᾶς
3424 4966 3701 5036 Διαθήκης

2110 5052 2339 5124 ἰστορίω
2369 5056 2460 5108 καὶ
2492 5051 2646 5126 οἶμαί
2673 5076 2735 5126 γε
2767 5061 2824 5110 ἐν
2853 5057 3062 5121 τούτοις
3094 5062 3207 5122 τοῖς
3232 5058 3381 5131 ὄρεσι
3402 5059 3499 5121 τὰς
3523 5075 3702 5130 παρα-

2108 5142 2293 5207 δόξους
2320 5145 2411 5198 τοῦ
2445 5147 2696 5219 Σωτῆρος
2728 5150 2884 5219 ἡμῶν
2912 5151 3193 5219 γεγονέναι
3222 5150 3697 5222 μεταμορφώσεις,

2108 5237 2203 5288 καὶ
2234 5237 2334 5301 τὰς
2376 5240 2593 5303 πλείους
2631 5241 2930 5313 διατριϐὰς,
2976 5245 3065 5296 ὅτε
3106 5244 3203 5296 σὺν
3235 5242 3544 5315 ἀνθρώποις
3574 5244 3700 5293 ἐπο-

415 5308 674 5363 λιτεύετο.
704 5312 767 5363 Εἰ
803 5310 860 5365 δὲ
902 5314 995 5366 καὶ
1040 5313 1147 5368 τῶν
1194 5314 1473 5386 ὀνομάτων
1519 5319 1554 5388 ἡ
1590 5320 1858 5392 ἑρμηνεία
1894 5325 2262 5396 συμϐάλλεταί
2309 5351 2364 5386 τι
2403 5337 2535 5407 ἡμῖν
2569 5337 2648 5399 εἰς
2826 5337 2934 5390 τῶν
2997 5308 3374 5409 προκειμένων
3437 5336 3696 5399 διάνοιαν,

416 5409 509 5462 καὶ
544 5408 706 5471 αὐτὸς
734 5410 1069 5483 ἐπιστήσεις.

486 5499 655 5555 Vens.
691 5501 891 5568 14,15.
935 5506 1098 5559 Tuum
1125 5501 1399 5557 brachium
1432 5521 1550 5559 cum
1603 5510 1839 5577 potentia
1865 5526 1883 5564 :
1914 5512 2002 5581 ﬁr-

418 5601 586 5650 metur
613 5608 797 5646 manus
828 5603 939 5661 tua,
965 5596 1230 5650 exaltetur
1263 5597 1482 5652 dextera
1515 5607 1607 5652 tua
1638 5616 1657 5654 :
1701 5601 1918 5670 justitia
1952 5613 2001 5658 et
2044 5636 2049 5641 -

394 5840 405 5847 _
487 5770 532 5805 ³⁰
572 5767 734 5825 Prov.
773 5785 867 5834 ιιι.
909 5773 993 5828 l9.
1072 5776 1112 5809 ³¹
1155 5776 1303 5836 Psal.
1342 5792 1492 5839 xcu.
1530 5777 1582 5833 1.

2179 5512 2295 5579 Σὸς
2324 5517 2357 5568 ό
2385 5516 2659 5585 βραχίων
2683 5519 2832 5588 μετὰ
2869 5519 3250 5586 δυναστείας·
3284 5518 3699 5590 κραταιωθήτω
3754 5534 3760 5543 ·

2109 5605 2147 5674 ἡ
2182 5605 2313 5675 χείρ
2345 5620 2484 5675 σου,
2518 5610 2814 5681 ὑψωθήτω
2857 5612 2896 5679 ἠ
2939 5611 3108 5678 δεξιά
3148 5626 3284 5668 σου.
3336 5611 3698 5683 Δικαιοσύνη
