4092 6404
358 342 497 396 1095

1487 345 1987 401 COMMENTARIA
2026 348 2095 402 IN
2133 348 2468 416 PSALMOS,

3463 359 3599 417 1094

356 457 454 509 καὶ
480 456 657 526 rapina
688 458 998 529 ἐτοιμασία
1040 462 1145 516 τοῦ
1179 463 1393 532 θρόνου
1423 479 1561 521 σου.
1605 468 1811 533 Ἔλεος
1838 486 1913 522 κα

2026 469 2291 538 judicium
2321 471 2639 539 prwparatio
2669 470 2843 526 throni
2874 472 2969 527 tui.
3003 471 3374 529 Misericordia
3418 486 3468 531 et
3510 495 3600 533 ve-

352 548 605 613 ἀλήθεια
624 555 1099 621 -προπορεύσεται
1132 556 1245 625 πρὸ
1284 559 1611 625 προσώπου
1654 576 1789 614 σου.
1818 563 1928 614 Καὶ

352 638 523 692 ταῦτα
561 642 640 703 είς
683 641 779 712 τὴν
813 644 904 697 τοῦ
953 646 1289 715 Μονογενοῦς
1329 648 1425 702 τοῦ
1463 650 1596 703 Θεοῦ
1626 651 1928 719 δοξολογίαν

352 731 737 802 παρείληπται,
765 735 910 806 ειπερ
936 738 1263 810 σαφέστερον
1285 742 1312 793 ὀ
1345 739 1574 807 Ἀκύλας
1593 744 1925 815 ἡρμήνευσε,

349 824 538 878 τοῦτον
583 827 815 891 ἀποδοὺς
858 830 950 884 τὸν
990 832 1212 903 τρόπον’
1247 834 1362 900 Σὸς
1403 838 1435 889 ό
1469 836 1741 904 ,ϐραχίων
1783 838 1929 907 μετὰ

349 914 726 984 δυναστείας·
762 920 1053 990 ἀήττητος
1090 925 1130 992 ἡ
1166 926 1293 992 χείρ
1322 940 1458 990 σου,
1500 927 1711 995 ὑψηλὴ
1749 929 1789 996 ἡ
1814 927 1927 997 368-

351 1006 449 1069 ξιά
481 1023 616 1063 σου’
642 1011 1003 1081 δικαιοσύνη
1032 1015 1133 1069 καὶ
1170 1016 1348 1087 κρῖμα
1369 1017 1557 1085 ,ϐάσις
1581 1020 1687 1074 τοῦ
1711 1022 1927 1088 θρόνου

327 1112 485 1151 σου.
526 1100 637 1152 Καὶ
664 1102 866 1166 ταύτας
897 1103 952 1156 δὲ
979 1106 1293 1173 ἀναγκαίως
1323 1108 1419 1170 τὰς
1454 1108 1774 1179 θεοπρεπεῖς
1802 1114 1927 1180 ἀρε-

349 1188 447 1252 τὰς
476 1192 532 1243 ἐν
572 1195 637 1263 τῇ
666 1192 910 1266 θεολογίᾳ
941 1198 1242 1269 παρείληφε
1273 1200 1360 1253 διὰ
1387 1200 1485 1263 τὰς
1509 1202 1602 1254 τοῦ
1636 1203 1767 1255 Θεοῦ
1791 1205 1928 1275 πρὸς

346 1279 438 1332 τὸν
454 1281 614 1334 Δαυῖδ
641 1283 992 1353 ἐπαγγελίας.
1017 1287 1178 1341 Οὐδὲν
1196 1288 1324 1359 γὰρ,
1346 1292 1529 1360 φησὶν,
1549 1292 1926 1362 ἀντιστήσεται

350 1373 445 1426 σοῦ
474 1377 539 1445 τῇ
573 1374 758 1447 βουλῇ·
809 1378 946 1448 μετά
972 1380 1082 1451 γὰρ
1110 1380 1205 1433 τοῦ
1245 1381 1418 1437 θέλειν
1450 1385 1545 1437 καὶ
1580 1384 1639 1436 τὸ
1670 1384 1926 1439 δύνασθαί

350 1481 431 1518 σοι
461 1461 548 1519 οἷα
576 1466 694 1537 Θεῷ
724 1470 816 1522 καὶ
846 1469 1078 1545 δεσπότῃ
1106 1472 1215 1525 τῶν
1242 1474 1377 1528 ὅλων
1400 1474 1656 1547 πάρεστι.
1686 1477 1796 1530 Καὶ
1817 1478 1926 1548 γὰρ

348 1556 585 1628 βραχίων
615 1559 698 1613 σοί
727 1562 842 1613 ἐστι
878 1562 1051 1632 μέγας
1090 1564 1185 1618 καὶ
1211 1565 1498 1619 δυναστεία
1529 1568 1622 1620 καὶ
1651 1568 1793 1639 ἀρχὴ
1818 1569 1926 1621 τῶν

340 1650 583 1713 πάντων,
607 1654 1059 1726 κεκραταιωμένη
1081 1673 1139 1708 τε
1161 1658 1281 1727 χεὶρ
1304 1659 1398 1710 καὶ⁸
1420 1658 1728 1730 ὑψηλοτάτη
1752 1659 1923 1726 δεξιὰ,

349 1740 451 1793 ὅτε
485 1740 673 1813 θρόνος
699 1744 800 1813 τῆς
835 1746 934 1817 σῆς
965 1746 1260 1816 βασιλείας,
1278 1748 1465 1820 ὥσπερ
1495 1752 1542 1802 oi
1567 1750 1675 1803 τῶν
1708 1752 1799 1804 ἐπὶ⁵
1824 1753 1925 1823 γῆς

2029 561 2163 613 ritas
2182 561 2473 628 praecedent
2496 561 2684 629 faciem
2704 571 2871 618 tuam.
2899 561 3023 616 Haec
3054 563 3181 619 item
3218 564 3285 619 ad
3323 565 3594 637 Unigeniti

2030 648 2124 704 Dei
2151 650 2378 719 gloriam
2400 652 2784 706 celebrandam
2831 661 3207 722 usurpantur:
3244 671 3365 725 quae
3400 659 3595 727 Aquila

2028 741 2233 796 clarius
2287 741 2673 812 interpretatur
2714 744 2819 799 hoc
2864 753 3024 814 pacto
3061 763 3074 799 :
3107 745 3276 799 Tuum
3324 746 3596 803 brachium

2028 846 2146 883 cum
2189 833 2470 898 potentia:
2511 833 2704 887 invicta
2745 851 2933 888 manus
2987 844 3099 899 tua,
3131 835 3335 889 excelsa
3377 836 3596 894 dextera

2030 926 2157 973 tua:
2183 920 2396 988 justitia
2423 930 2473 974 et
2498 921 2759 990 judicium
2784 922 2923 977 basis
2952 924 3126 978 throni
3158 928 3254 978 tui.
3279 924 3595 998 Opportune

2028 1018 2206 1065 autem
2236 1010 2448 1066 divinas
2478 1013 2642 1067 hasce
2676 1014 2927 1079 virtutes,
2957 1016 3024 1070 de
3059 1015 3167 1070 Deo
3208 1018 3454 1086 loquens,
3482 1035 3596 1075 me-

2028 1103 2279 1170 moravit,
2310 1105 2382 1159 ob
2408 1105 2676 1173 promissa
2706 1104 2799 1161 Dei
2831 1105 3021 1160 Davidi
3048 1107 3209 1162 facta.
3242 1108 3475 1174 Etenim,
3513 1112 3596 1165 in-

2026 1194 2164 1263 quit,
2194 1195 2331 1249 nihil
2372 1197 2641 1251 voluntati
2684 1198 2914 1253 obsistet
2954 1205 3059 1252 tuae
3093 1218 3105 1253 :
3141 1216 3263 1254 cum
3318 1202 3598 1258 voluntate

2028 1290 2225 1359 quippe
2266 1290 2387 1354 tibi,
2428 1299 2609 1360 utpote
2644 1289 2755 1345 Deo
2806 1300 2862 1345 et
2901 1290 3123 1345 domino
3178 1293 3552 1349 universorum
3576 1336 3594 1360 ,

2027 1382 2180 1437 adest
2213 1390 2476 1451 potestas.
2511 1381 2647 1437 Nam
2688 1398 2942 1453 magnum
2968 1384 3065 1438 tibi
3091 1385 3373 1440 brachium
3406 1395 3510 1453 est,
3540 1396 3598 1442 et

2026 1480 2270 1544 potestas
2299 1481 2353 1528 et
2380 1474 2669 1544 imperium
2695 1476 2746 1527 in
2777 1475 2979 1541 omnia,
3015 1490 3210 1530 manus
3248 1477 3481 1542 ﬁrmata,
3506 1494 3597 1533 ex-

2027 1563 2419 1619 cellentissima
2474 1565 2736 1620 dextera:
2776 1566 3115 1637 thronusque
3169 1568 3320 1638 regni
3369 1570 3489 1634 tui,
3536 1578 3596 1623 ut

2029 1654 2209 1707 throni
2262 1655 2609 1723 regnantium
2656 1654 2711 1708 in
2764 1662 2913 1710 terra
2966 1671 3029 1711 ex
3078 1657 3315 1724 pretiosa
3366 1659 3595 1713 materia

2027 1744 2264 1799 confecti
2294 1754 2444 1813 sunt,
2470 1748 2544 1800 ita
2569 1754 2623 1801 et
2653 1748 2767 1817 ipse
2789 1763 2854 1802 ex
2878 1749 2946 1803 iis
2969 1764 3089 1818 qua)
3119 1756 3170 1803 te
3205 1748 3374 1803 Deum
3402 1750 3596 1804 decent

355 1830 747 1899 βασιλευόντων
773 1836 950 1907 θρόνοι
984 1839 1044 1903 ἐξ
1072 1838 1204 1909 ὕλης
1235 1840 1423 1911 τιμίας
1452 1842 1797 1914 πεποίηνται,
1832 1846 1918 1897 καὶ

2025 1838 2389 1891 concinnatus
2420 1845 2522 1892 est.
2558 1837 2762 1892 Divina
2813 1840 2994 1909 itaque
3031 1839 3277 1904 virtutes,
3297 1839 3509 1909 iustitia
3542 1849 3596 1896 et

342 1925 505 1988 αὐτὸς
530 1920 681 1989 οὗτος
712 1927 774 1979 ἐκ
802 1928 908 1981 τῶν
940 1920 1255 2001 πρεπόντων
1288 1950 1368 1984 σοι
1390 1932 1468 2003 τῷ
1489 1932 1608 2003 Θεῷ
1630 1935 1923 1988 κατεσκεύ-

342 2029 527 2068 ασται.
571 2017 783 2087 Ἀρεταὶ
811 2019 939 2087 γοῦν
966 2020 1309 2092 θεοπρεπεῖς,
1338 2023 1649 2095 δικαιοσύνη
1687 2025 1779 2078 xa‘t
1802 2028 1923 2096 κρῖ-

340 2122 443 2175 μα,
485 2106 576 2160 τὸν
616 2108 704 2162 σὸν
744 2112 1149 2181 κατακοσμοῦσι
1187 2113 1391 2185 θρόνον.
1428 2114 1624 2185 Διόπερ
1654 2114 1920 2169 τοσούτων

340 2197 516 2251 οὐσῶν
548 2201 698 2271 παρὰ
730 2202 811 2254 σοὶ
837 2202 915 2274 τῷ
947 2202 1065 2274 Θεῷ
1084 2204 1383 2275 δυνάμεων,
1407 2206 1626 2275 ὁμαλῶς
1654 2208 1747 2259 καὶ
1773 2208 1921 2259 ἀκω-

341 2288 514 2353 λύτως
552 2292 584 2361 ἡ
634 2292 861 2363 ἀλήθεια
909 2294 1018 2347 τῶν
1070 2296 1177 2348 σῶν
1220 2297 1559 2365 ἐπαγγελιῶν
1606 2298 1917 2369 προτρέχει,

345 2380 570 2452 μηδενὸς
604 2383 993 2454 παραποδίζειν
1019 2385 1316 2457 δυναμένου
1341 2388 1439 2452 τὰς
1467 2388 1564 2452 σάς
1594 2390 1916 2458 ἀποφάσεις,

342 2473 411 2537 ἃς
439 2474 659 2545 ὤμοσας
684 2476 761 2546 τῷ
786 2477 948 2529 Δαυῒδ
973 2478 1108 2549 ὲλέῳ
1141 2481 1235 2532 καὶ
1266 2480 1446 2551 χάριτι
1479 2481 1577 2544 τὰς
1607 2480 1919 2546 ἐκτεθείσας

340 2563 670 2633 ἐπαγγελίας
720 2566 858 2637 πρὸς
891 2567 1052 2620 αὑτὸν
1086 2570 1469 2641 πεποιημένος.
1525 2572 1669 2624 Ἀντὶ
1711 2571 1768 2623 δὲ
1800 2570 1917 2635 τοῦ,

338 2654 695 2723 Δικαιοσύνη
725 2656 822 2708 καὶ
857 2656 1033 2726 κρῖμα
1063 2657 1375 2728 ἑτοιμασία
1404 2660 1508 2715 τοῦ
1536 2663 1751 2728 θρόνου
1779 2678 1916 2725 σου.

337 2745 480 2798 κατά
514 2745 604 2800 τὸν
651 2746 900 2811 Ἀκύλαν,
925 2751 1283 2819 Δικαιοσύνη
1309 2752 1408 2805 καὶ
1441 2752 1618 2821 κρῖμα
1650 2753 1716 2806 τὸ
1746 2746 1917 2821 ἕδρα-

335 2836 463 2903 σμα
484 2836 589 2890 τοῦ
617 2839 833 2905 θρόνου
859 2840 1065 2905 αὐτοῦ,
1092 2842 1328 2913 εἴρηται·
1357 2846 1384 2897 ό
1408 2844 1464 2896 δὲ
1488 2844 1778 2915 Σύμμαχος
1804 2845 1919 2914 τὴν

328 2926 523 2990 ,βάσιν
552 2929 720 3001 αὐτὴν
752 2927 892 2985 εἶναί
920 2950 1051 3004 φησι
1082 2934 1180 3005 τὴν
1210 2935 1555 3008 δικαιοσύνην
1590 2938 1682 2990 καὶ
1708 2938 1769 2990 τὸ
1801 2939 1919 3009 κρῖ-

338 3033 432 3085 μα.
476 3017 589 3087 Τῆς
612 3037 674 3087 γε
712 3022 817 3091 μὴν
848 3022 1192 3095 δικαιοσύνης
1224 3027 1318 3079 καὶ
1354 3026 1447 3079 τοῦ
1487 3027 1753 3098 κρίματος
1782 3027 1917 3097 μετὰ

334 3106 677 3180 δικαιοσύνης
701 3113 1087 3185 ἐκφερομένου,
1125 3116 1415 3188 προτρέχει
1439 3117 1586 3180 ἕλεος
1612 3117 1705 3170 καὶ
1727 3120 1759 3187 ἡ
1788 3116 1917 3187 ἀλή-

2018 1926 2291 1995 judicium
2318 1965 2334 1991 ,
2365 1926 2620 1980 thronum
2654 1936 2921 1981 exornant
2955 1937 3127 1981 tuum.
3154 1926 3494 1997 Quapropter
3516 1968 3530 1989 ,
3561 1942 3595 1981 ο

2024 2016 2191 2080 Deus,
2227 2032 2350 2071 cum
2383 2024 2463 2070 tot
2494 2026 2768 2087 tantaeque
2816 2032 2983 2087 penes
3028 2024 3080 2070 te
3118 2024 3413 2085 potestates
3447 2017 3591 2080 sint,

2020 2108 2222 2162 veritas
2244 2108 2403 2176 plana
2429 2108 2515 2160 via
2560 2115 2614 2160 et
2663 2106 2781 2161 sine
2816 2107 2970 2161 obice
3000 2107 3454 2176 promissionibus
3485 2106 3595 2161 tuis

2020 2197 2352 2265 praecurrit:
2407 2211 2529 2251 cum
2590 2212 2749 2250 nemo
2811 2198 2984 2266 possit
3049 2197 3314 2253 obsistere
3359 2197 3594 2251 decretis

2019 2287 2150 2352 tuis,
2181 2287 2381 2356 quibus
2410 2287 2609 2357 jurasti
2638 2286 2853 2352 Davidi,
2877 2302 2944 2341 ex
2982 2287 3357 2341 misericordia
3384 2296 3438 2341 et
3460 2302 3586 2357 gra-

2020 2379 2096 2433 tia
2138 2387 2228 2432 tua
2276 2379 2389 2448 jam
2420 2387 2751 2434 memoratas
2782 2377 2950 2435 edens
2996 2378 3438 2450 pollicitationes.
3485 2375 3593 2431 Pro

2021 2473 2114 2527 illo
2142 2481 2348 2537 autem,
2379 2471 2608 2525 Justitia
2653 2482 2703 2526 et
2726 2472 2995 2541 judicium
3049 2473 3368 2541 prazparatio
3420 2470 3594 2524 throni

2022 2565 2129 2628 tui;
2160 2562 2460 2618 secundum
2507 2562 2758 2633 Aquilam
2786 2604 2801 2622 ,
2834 2561 3056 2616 Iustitia
3092 2572 3141 2616 et
3170 2562 3435 2632 judicium
3468 2562 3592 2630 fau-

2019 2654 2320 2707 damentum
2354 2653 2530 2707 throni
2579 2655 2691 2723 ejus
2717 2694 2731 2719 ,
2779 2654 3015 2722 dicitur;
3073 2654 3429 2726 Symmachus
3460 2668 3591 2709 vero

2022 2746 2172 2800 basin
2200 2747 2336 2802 dixit
2361 2747 2766 2817 essejustitiam
2811 2755 2865 2801 et
2905 2747 3197 2815 judicium.
3232 2745 3467 2801 Justitiae
3497 2760 3592 2798 au-

2017 2847 2128 2894 tem
2159 2848 2212 2895 et
2234 2839 2467 2909 judicio,
2500 2838 2644 2909 quod
2673 2854 2797 2894 cum
2828 2839 3039 2909 justitia
3064 2838 3287 2894 effertur
3308 2878 3322 2902 ,
3359 2851 3592 2907 praecur-

2018 2932 2091 2986 rit
2138 2932 2513 2987 misericordia
2540 2940 2594 2987 et
2638 2932 2860 2986 veritas.
2892 2930 3166 2985 Justitiam
3198 2931 3340 2985 enim
3377 2929 3593 2983 miseri-

2018 3023 2205 3079 cordia
2238 3031 2570 3093 temperans,
2601 3023 2847 3077 mitiores
2874 3029 3067 3077 contra
3088 3037 3182 3077 eos
3206 3021 3297 3091 qui
3333 3035 3591 3090 peccave-

2019 3125 2147 3169 runt
2174 3115 2380 3185 profert
2409 3115 2864 3169 comminationes
2894 3133 2908 3170 :
2958 3129 3083 3168 nam
3134 3115 3274 3168 alias
3316 3112 3606 3182 justitiam,

336 3199 476 3255 θεια.
508 3200 597 3272 Τῷ
630 3203 760 3271 γοῦν
783 3205 917 3275 ἐλέῳ
949 3206 1046 3277 τὴν
1076 3186 1421 3279 δικαιοσύνην
1445 3186 1762 3280 ἀνακιρνὰς,
1785 3186 1916 3279 πρα-

2020 3208 2140 3278 ejus
2172 3223 2280 3262 non
2307 3215 2663 3276 temperatam
2685 3208 2869 3261 nullus
2891 3207 3172 3261 hominum
3205 3204 3524 3261 sustineret.

332 3296 525 3367 οτέρας
559 3302 787 3353 ποιεῖται
814 3300 910 3364 τὰς
933 3302 1078 3356 κατὰ
1107 3302 1212 3356 τῶν
1236 3304 1632 3375 ἡμαρτηκότων
1658 3304 1903 3367 ἀπειλάς·
1947 3303 2117 3366 ἄλλως
2140 3303 2249 3373 γὰρ
2271 3304 2504 3372 ἄκρατον
2542 3300 2708 3354 αὑτοῦ
2732 3302 2829 3371 τὴν
2885 3301 3231 3371 δικαιοσύνην
3293 3301 3393 3353 οὐκ
3415 3300 3479 3352 ἄν
3507 3314 3591 3361 τις

334 3391 633 3463 ἀνθρώπων
663 3394 1005 3464 ὑπομείνειεν

400 3508 706 3577 Μακάριος
738 3512 770 3563 ό
802 3510 950 3576 λαὸς
980 3513 1013 3564 ό
1046 3509 1356 3581 γινώσκων
1390 3512 1761 3581 ἀλαλαγμόν.
1794 3513 1910 3566 Κύ-

324 3617 441 3669 ριε,
475 3601 545 3654 ἐν
570 3600 650 3666 τῷ
681 3602 827 3670 φωτὶ
855 3602 962 3656 τοῦ
989 3602 1314 3669 προσώπου
1341 3619 1457 3655 σου
1490 3604 1906 3671 πορεύσονται,

330 3690 431 3745 καὶ
466 3691 536 3743 ἐν
565 3690 645 3756 τῷ
682 3692 927 3761 ὀνόματί
959 3707 1074 3746 σου
1116 3692 1586 3761 ἀγαλλιάσονται
1618 3693 1770 3763 ὅλην
1798 3694 1910 3762 τὴν

329 3780 579 3850 ἡμέραν,
618 3781 715 3834 καὶ
740 3782 810 3834 ἐν
836 3782 909 3851 τῇ
936 3783 1291 3853 δικαιοσύνῃ
1318 3799 1433 3837 σου
1460 3784 1904 3853 ὺψωθήσονται.

335 3874 452 3927 ’Ότι
475 3874 755 3944 καύχημα
782 3875 893 3944 τῆς
921 3875 1230 3946 δυνάμεως
1261 3875 1461 3931 αὐτῶν
1491 3877 1572 3931 σὺ
1602 3874 1673 3943 εἶ,
1713 3879 1809 3932 καὶ
1835 3880 1905 3931 ἐν

330 3962 407 4035 τῇ
430 3966 675 4035 εὐδοκίςι
708 3982 824 4022 σου
856 3968 1241 4038 ὑψωθήσεται
1263 3970 1329 4023 τὸ
1363 3970 1540 4038 κέρας
1563 3971 1751 4040 ἡμῶν.
1783 3974 1903 4025 Ὅτι

329 4056 435 4111 τοῦ
478 4058 699 4126 Κυρίου
744 4060 783 4125 ἡ
828 4060 1151 4128 ἀντίληψις
1202 4060 1390 4130 ἡμῶν,
1437 4061 1535 4114 καὶ
1576 4062 1682 4115 τοῦ
1730 4062 1901 4133 ἁγίου

342 4149 580 4217 Ἰσραὴλ
607 4149 914 4215 ,βασιλέως
937 4150 1124 4219 ἡμῶν.
1155 4153 1385 4223 Νοήσεις
1405 4169 1465 4205 τε
1495 4152 1588 4205 καὶ⁵
1614 4152 1788 4216 ἄλλως
1810 4153 1900 4205 τὸν

330 4241 646 4312 ἀλαλαγμὸν
668 4241 775 4294 ἀπὸ
798 4241 907 4295 τῶν
941 4242 1081 4295 κατά
1111 4244 1235 4306 τοὺς
1269 4244 1495 4314 καιροὺς
1523 4243 1629 4296 τῶν
1661 4242 1912 4314 πολέμων

327 4330 700 4395 ἀλαλαζόντων
723 4334 1068 4404 στρατιωτῶν
1094 4335 1189 4387 καὶ
1216 4335 1377 4402 φόϐον
1409 4336 1780 4407 ἐμποιούντων
1800 4339 1912 4400 τοῖς

328 4424 542 4496 ἐχθροῖς
573 4424 661 4478 διὰ
691 4425 792 4495 τῆς
825 4424 1068 4497 μείζονος
1100 4425 1228 4495 βοῆς
1261 4429 1355 4480 καὶ
1395 4427 1495 4497 τῆς
1536 4428 1678 4481 κατά
1707 4427 1911 4497 ταύτην

331 4510 666 4581 συμφωνίας.
688 4512 745 4564 Ὁ
773 4512 827 4565 δὲ
861 4511 1001 4576 θεῖος
1017 4513 1342 4578 Ἀπόστολος
1366 4516 1463 4579 τὰς
1488 4518 1545 4569 ἐν
1574 4518 1713 4588 ἁγίῳ
1743 4517 1911 4571 Πνεύ-

331 4618 460 4672 ματι
490 4602 675 4671 εὐχὰς,
717 4603 815 4667 τὰς
857 4604 931 4676 μὴ
972 4603 1060 4657 διὰ
1096 4605 1340 4673 γεγωνοῦ
1373 4606 1521 4677 βοῆς,
1557 4608 1692 4661 ἀλλά
1727 4611 1783 4661 ἐν
1815 4609 1906 4662 δυ-
1938 4653 1982 4709 D

328 4691 489 4760 νάμει
518 4690 829 4761 Πνεύματος
864 4694 1346 4765 ἀναπεμπομένας,
1387 4696 1639 4759 τοιαύτας
1673 4694 1810 4751 εἶναι
1833 4699 1909 4751 δι-

2090 3500 2478 3558 Vens..16-19.
2502 3499 2697 3553 Beatus
2726 3499 2948 3553 venulus
2968 3500 3055 3552 aui
3072 3508 3171 3553 scit
3192 3500 3583 3569 jubilationom.

2018 3594 2241 3649 Domine
2270 3593 2326 3645 in
2351 3591 2733 3659 luminevultus
2752 3591 2828 3643 tui
2862 3588 3224 3655 ambulabunt,
3239 3601 3287 3645 et
3305 3594 3358 3647 in
3380 3598 3587 3652 nomine

2018 3697 2105 3740 tuo
2117 3682 2454 3740 exsultabant
2472 3690 2580 3737 tota
2590 3681 2746 3744 die,et
2759 3682 2815 3735 in
2828 3682 3042 3750 justitia
3078 3692 3167 3737 tua
3188 3684 3583 3743 exaltabuntur.

2017 3778 2283 3844 Quoniam
2310 3774 2482 3845 gloria
2512 3774 2719 3827 virtutis
2757 3789 2938 3827 eorum
2968 3781 3023 3826 tu
3062 3790 3137 3836 es,
3179 3783 3229 3827 et
3259 3775 3313 3827 in
3343 3774 3587 3844 benepla-

2008 3871 2113 3922 cito
2150 3879 2240 3922 tuo
2265 3865 2589 3920 exaltabitur
2614 3881 2777 3918 cornu
2809 3873 3069 3918 nostrum.
3098 3865 3239 3930 Quia
3264 3864 3478 3920 Domini
3507 3878 3589 3923 est

2009 3960 2298 4027 assumptio
2330 3964 2533 4021 nostra,
2561 3965 2610 4010 et
2635 3958 2805 4010 sancti
2837 3954 3010 4010 Israel
3048 3957 3182 4026 regis
3214 3948 3399 4011 nostri.
3426 3956 3574 4013 Jubi-

2007 4051 2222 4107 lationis
2251 4048 2468 4103 modum
2496 4047 2602 4100 alia
2635 4048 2843 4103 ratione
2884 4047 3155 4118 intelligas
3179 4088 3194 4109 ,
3224 4064 3289 4103 ex
3336 4048 3569 4105 militum

2008 4143 2064 4196 in
2092 4148 2335 4211 tempore
2363 4138 2488 4196 belli
2505 4139 2849 4209 jubilatione,
2871 4146 2931 4193 ut
2960 4139 3146 4194 hostes
3186 4141 3392 4210 majore
3426 4140 3573 4196 edito

2013 4233 2271 4298 clamore,
2297 4231 2589 4300 additaque
2616 4230 2960 4301 symphonia,
2992 4230 3461 4301 perterrefaciant.
3500 4231 3585 4286 Di-

2012 4327 2176 4380 vinus
2205 4331 2385 4379 autem
2419 4323 2711 4393 Apostolus
2756 4323 2896 4376 tales
2950 4336 3072 4377 esse
3120 4322 3281 4376 docet
3309 4323 3584 4378 orationes

2013 4418 2071 4472 in
2104 4417 2309 4486 Spiritu
2339 4423 2550 4478 sancto,
2585 4428 2686 4468 nec
2709 4413 2817 4467 alta
2845 4428 2998 4476 voce,
3031 4413 3125 4469 sed
3157 4415 3211 4467 in
3246 4414 3444 4468 virtute
3467 4415 3586 4483 Spi-

2010 4511 2151 4565 ritus
2176 4510 2426 4571 emissas,
2461 4522 2585 4562 cum
2615 4506 2730 4561 ait:
2778 4506 2899 4576 Ipse
2948 4506 3179 4568 Spiritus
3213 4507 3448 4575 postulat
3484 4523 3580 4575 pro

2012 4602 2181 4665 nobis,
2210 4600 2485 4672 gemitibus
2507 4598 2951 4652 inenarrabilibus
2972 4599 3037 4650 ³³.
3068 4598 3241 4652 Tanta
3261 4614 3420 4668 porro
3448 4606 3582 4651 tam-

2011 4710 2116 4764 que
2136 4710 2260 4749 rara
2287 4706 2370 4750 est
2394 4694 2646 4764 jubilatio
2684 4694 2797 4756 illa,
2819 4692 3019 4763 passim
3045 4706 3074 4744 a
3105 4691 3304 4745 divinis
3333 4688 3581 4760 Scriptu-

327 4780 519 4834 δάσκει
561 4781 756 4850 λέγων’
795 4782 951 4836 Αὐτὸ
996 4783 1060 4836 τὸ
1104 4783 1351 4854 Πνεῦμα
1408 4787 1906 4857 ὑπερεντυγχάνει

2017 4787 2081 4841 ris
2128 4796 2462 4850 memorata,
2509 4797 2570 4841 ut
2600 4786 2792 4841 beatus
2849 4783 3175 4853 praedicetur
3223 4781 3318 4850 qui
3376 4796 3578 4850 gnarus

326 4871 478 4939 ὑπὲρ
502 4871 671 4941 ἡμῶν
692 4873 1046 4942 στεναγμοῖς
1068 4874 1418 4944 ἀλαλήτοις.
1444 4875 1601 4929 Οὕτω
1640 4877 1697 4930 δὲ
1732 4878 1906 4948 μέγας

2024 4877 2148 4933 llius
2179 4884 2283 4941 est,
2314 4878 2541 4947 perinde
2570 4887 2731 4947 atque
2759 4875 2849 4929 alii
2877 4890 2944 4931 ex
2973 4874 3249 4943 praeclaris
3275 4872 3576 4928 secundum

325 4961 406 5024 τίς
439 4963 553 5014 ἐστι
581 4962 675 5014 καὶ
709 4962 933 5025 σπάνιος
963 4965 992 5016 ὁ
1015 4964 1273 5027 πολλάκις
1299 4965 1404 5018 ὑπὸ
1433 4965 1542 5018 τῶν
1567 4966 1725 5020 θείων
1761 4968 1904 5037 Γρα-

2017 4969 2169 5025 )eum
2195 4970 2361 5039 gestis
2386 4969 2527 5023 beati
2549 4970 2827 5024 dicuntur.
2856 4967 2981 5023 ideo
3006 4968 3094 5021 hic
3118 4966 3352 5021 dicitur:
3379 4966 3577 5019 Beatus

326 5055 441 5125 φῶν
477 5055 871 5127 ὀνομαζόμενος
906 5057 1239 5126 ἀλαλαγμὸς,
1282 5059 1357 5123 ὡς
1383 5060 1782 5131 μακαρίζεσθαι
1813 5061 1898 5114 τὸν

2017 5061 2216 5128 populus
2243 5061 2333 5130 qui
2355 5061 2453 5114 scit
2472 5060 2862 5129 jubilationem.
2892 5059 3031 5113 Alibi
3055 5073 3186 5113 vero
3216 5057 3431 5111 divinus
3463 5072 3580 5111 ser-

324 5149 664 5218 ὲπιστήμονα
693 5149 904 5215 τούτου,
940 5149 1139 5218 ὁμοίως
1172 5152 1285 5213 τοῖς
1324 5151 1781 5223 μακαριζομένοις
1806 5153 1899 5205 ἐπὶ

2017 5169 2095 5207 mo
2122 5153 2437 5221 hujusmodi
2467 5152 2849 5220 jubilationem
2880 5151 3115 5206 hostiam
3156 5163 3277 5203 esse
3302 5148 3459 5202 docet
3491 5148 3576 5201 his

322 5244 435 5305 τοῖς
467 5241 646 5305 ἄλλοις
671 5242 811 5296 κατά
842 5243 972 5295 Θεὸν
1002 5241 1407 5314 κατορθώμασι.
1444 5245 1535 5295 Διὸ
1560 5242 1793 5297 ἐνταῦθα
1814 5243 1901 5295 λέ-

322 5333 531 5385 λεκται·
558 5333 856 5400 Μακάριος
888 5336 919 5387 ό
946 5333 1096 5399 λαὸς
1131 5337 1162 5387 ό
1192 5332 1500 5403 γινώσκων
1526 5334 1897 5402 ἁλαλαγμόν.

335 5426 424 5477 Ἐν
457 5423 662 5494 ἑτέροις
689 5423 745 5475 δὲ
780 5426 809 5477 ὁ
851 5423 992 5486 θεῖος
1032 5424 1187 5491 λόγος
1222 5424 1410 5479 θυσίαν
1440 5422 1576 5478 εἶναι
1608 5426 1698 5479 τὸν
1724 5426 1900 5480 τοιοῢ-
1927 5449 1931 5454 ι

324 5532 414 5567 τον
469 5514 780 5585 ἀλαλαγμὸν
829 5515 1069 5569 διδάσκει
1122 5515 1294 5584 λέγων
1320 5533 1333 5546 ο
1397 5517 1741 5570 Ἐκύκλωσα
1800 5519 1899 5572 καὶ

322 5608 513 5662 ἔθυσα
549 5608 619 5660 ἐν
667 5606 742 5676 τῇ
790 5606 991 5677 σκηνῇ
1033 5608 1221 5662 αὐτοῦ
1267 5608 1487 5663 θυσίαν
1526 5610 1902 5682 ἀλαλαγμοῦ.

424 5761 469 5793 ³¹
506 5758 663 5815 Rom.
700 5777 830 5829 vm,
860 5759 952 5817 26.
1030 5761 1075 5794 ³⁸
1114 5759 1259 5821 Psal.
1297 5777 1461 5833 xxvi,
1498 5760 1552 5828 6,

1999 5242 2222 5299 verbis:
2264 5242 2497 5297 Circuivi
2554 5251 2604 5297 et
2654 5242 2923 5296 immolavi
2976 5243 3029 5294 in
3073 5239 3412 5294 tabernaculo
3460 5238 3575 5305 ejus

2002 5333 2231 5388 hostiam
2258 5332 2593 5402 jubilationis
2624 5333 2687 5387 ³³.
2734 5332 2834 5386 Hic
2862 5345 3024 5402 porro
3048 5329 3262 5384 videtur
3283 5328 3413 5381 mihi
3448 5326 3575 5396 Spi~

2000 5428 2141 5482 ritus
2170 5436 2395 5483 sanctus
2435 5426 2695 5496 pOpulum
2725 5423 2931 5479 Christi
2973 5428 3159 5493 aperte
3191 5422 3413 5477 beatum.
3436 5433 3575 5488 prae-
3626 5433 3631 5437 ’

2001 5519 2186 5575 dicare
2213 5537 2227 5573 :
2258 5519 2376 5590 ipse
2396 5533 2632 5588 namque
2659 5532 2783 5572 cum
2809 5517 2865 5570 in
2894 5516 3140 5569 notitiam
3169 5512 3378 5568 venerit
3398 5512 3572 5565 victo-

2000 5612 2096 5667 riae
2126 5625 2156 5666 a
2190 5608 2473 5667 Salvatore
2501 5618 2691 5666 nostro
2715 5608 2783 5665 de
2804 5606 3041 5663 inimicis
3062 5612 3230 5677 parte
3249 5643 3264 5669 ,
3308 5603 3619 5677 adversus.‘
