4092 6404
516 310 539 357 1
551 302 656 359 095

1261 310 1527 367 nus-anu
1563 298 2037 372 cmssmEusxs
2073 316 2222 373 opp.
2267 313 2448 370 psus
2482 314 2569 370 ιιι.
2611 345 2682 357 -
2717 314 3128 372 EXEGETICA.

3635 322 3788 378 £090

514 416 701 472 hostes
726 418 923 488 jubilat
953 430 1007 475 et
1038 420 1258 490 clamat,
1282 441 1345 481 ac
1375 443 1473 496 pro
1509 445 1635 502 rege
1675 447 1777 488 suo
1817 432 2081 503 jubilalio

2194 436 2353 487 Δοκεῖ
2381 434 2445 506 δὴ
2488 427 2580 488 οῦν
2625 451 2716 505 μοι
2751 433 2986 487 ἐνταῦθα
3026 435 3091 488 τὸ
3131 434 3272 489 θεῖον
3316 436 3541 509 Πνεῦμα
3592 441 3791 510 σαφῶς

514 524 637 563 nem
672 510 801 564 edit.
835 512 945 565 lmo
973 514 1137 567 etiam
1182 532 1322 573 unus
1351 519 1440 574 ille
1470 524 1703 593 populus
1748 525 2093 582 incruentam

504 609 566 655 et
612 604 983 659 rationabilem
1038 606 1271 664 hostiam
1332 628 1429 682 per
1477 615 1859 685 jubilationem
1901 619 2095 675 oﬂ'erre

506 691 625 748 Deo
678 695 851 749 solet:
886 698 1013 766 quia
1044 699 1096 753 in
1124 702 1503 771 spiritualibus
1546 708 1836 765 sacriﬁciis
1862 750 1877 774 ,
1930 718 2094 781 atque

512 782 567 835 in
608 785 756 837 cultu
808 802 967 856 quem
1019 791 1071 843 in
1102 789 1251 847 Novo
1290 793 1643 853 Testamento
1691 802 2089 871 persolvimus,

510 889 721 928 necnon
760 876 813 930 in
841 880 1125 936 sacriﬁciis
1160 883 1462 943 incruentis
1492 896 1546 943 et
1579 892 1818 946 materia:
1846 893 2090 962 experti-

509 968 634 1032 bus,
667 984 772 1022 una
810 986 942 1026 voce
994 971 1103 1027 Deo
1128 976 1426 1045 gratiarum
1470 982 1738 1037 actionem
1766 987 2087 1042 emittimus.

502 1058 614 1114 Pro
651 1060 745 1114 illo
778 1072 983 1129 autem,
1018 1064 1123 1131 Qui
1158 1069 1258 1120 scit
1278 1070 1677 1138 jubilationem,
1706 1073 2087 1147 Symmachus,

506 1152 616 1219 Qui
648 1156 745 1208 scit
776 1156 1236 1227 signiﬁcationem,
1277 1165 1671 1236 interpretatus
1702 1180 1809 1226 est.
1856 1170 1969 1227 Cur
1993 1189 2089 1229 au-

502 1252 617 1298 tem
654 1247 846 1303 beatus
882 1257 966 1305 est
1004 1254 1239 1322 p0pulus
1274 1258 1366 1325 qui
1412 1272 1768 1317 memoratam
1813 1264 2088 1335 iubilatio-

508 1350 633 1389 nem
682 1338 853 1400 novit,
908 1339 1013 1393 nisi
1064 1343 1194 1411 quia
1254 1344 1558 1404 Salvatoris
1608 1350 1865 1407 deitatem
1921 1370 2089 1425 agno-

508 1441 691 1489 scens,
745 1445 865 1499 quae
917 1432 1098 1488 vultus
1141 1436 1261 1505 ejus
1303 1449 1551 1507 vocatur,
1603 1444 1786 1500 vultus
1840 1446 2086 1516 ejusdem

509 1519 715 1574 lumine
741 1522 1022 1588 perfusus,
1059 1528 1140 1582 sic
1168 1529 1271 1583 iter
1308 1532 1421 1601 agit
1448 1550 1608 1589 suum
1641 1536 1851 1603 dicens,
1883 1538 2091 1611 Signa—

508 1619 619 1661 tum
649 1620 727 1663 est
760 1629 914 1681 super
952 1632 1045 1669 nos
1088 1620 1259 1673 lumen
1306 1623 1478 1677 vultus
1519 1626 1618 1689 tui,
1658 1626 1878 1683 Domine
1900 1631 1975 1697 ”;
2009 1638 2083 1693 et,

509 1696 575 1752 In
606 1700 802 1755 lumine
832 1713 921 1758 tuo
953 1706 1238 1763 videbimus
1278 1710 1451 1766 lumen
1471 1714 1554 1767 ”?
1584 1713 1656 1769 Ea
1691 1718 1759 1772 de
1792 1734 1956 1774 causa
1985 1720 2084 1791 igi-

507 1800 597 1843 tur
632 1793 827 1849 beatus
869 1805 952 1851 est
996 1798 1083 1851 hic
1116 1802 1367 1869 populus.
1420 1802 1625 1871 Tertio,
1655 1809 1782 1877 quia
1817 1824 1942 1864 cum
1974 1827 2083 1867 non
2118 1792 2158 1845 Β

510 1885 648 1939 satis
695 1887 889 1941 habeat
938 1890 1083 1958 quod
1136 1893 1447 1963 cognitione
1494 1897 1699 1953 Christi
1743 1902 2085 1973 illustretur;

505 1979 599 2031 sed
634 1979 795 2032 etiam
830 1980 884 2033 in
914 1982 1134 2037 nomine
1163 1985 1283 2053 ejus
1313 1986 1594 2055 glorietur,
1640 1999 1693 2045 et
1734 1993 1802 2047 ab
1830 2010 1896 2049 eo
1929 1993 2087 2051 Chri-

501 2071 716 2125 stianus
768 2082 1137 2143 nuncupetur,
1200 2079 1412 2133 lzetatur
1457 2088 1513 2135 et
1552 2084 1788 2138 exsultat
1823 2092 1935 2141 tota
1970 2087 2081 2153 die,

504 2162 614 2215 imo
646 2164 829 2232 potius
860 2167 1118 2223 omnibus
1148 2168 1376 2237 diebus;
1424 2172 1497 2225 ita
1534 2174 1679 2227 enim
1721 2174 2082 2247 Symmachus

501 2249 894 2322 interpretatus
922 2264 1039 2324 est;
1077 2258 1306 2329 ideoque
1331 2262 1523 2317 beatus
1552 2276 1653 2320 est.
1688 2264 1915 2332 Quarto,
1950 2271 2078 2339 quia

502 2345 880 2412 magnitudine
924 2356 976 2401 et
1019 2349 1356 2406 sublimitate
1409 2367 1667 2411 crescens
1713 2356 1925 2425 justitia
1982 2359 2076 2414 Dei

494 2434 774 2487 exaltatur
806 2456 818 2490 :
858 2435 967 2492 Deo
994 2454 1208 2508 aequum
1246 2456 1367 2497 esse
1406 2455 1684 2510 censente,
1718 2450 1978 2516 populum
2012 2452 2077 2505 il-

500 2522 609 2576 lum
654 2524 707 2578 in
756 2527 1149 2583 sublimitatem
1204 2541 1257 2585 et
1306 2548 1361 2586 ιιι
1407 2533 1593 2604 gloria:
1646 2538 2073 2607 magnitudinem

488 2629 679 2685 agere,
714 2620 810 2688 qui
847 2632 1201 2676 memoratam
1232 2623 1377 2677 illam
1406 2625 1787 2695 jubilationem
1815 2633 1985 2695 novit,
2013 2648 2076 2688 ac

497 2706 590 2775 qui
623 2724 651 2759 a
682 2707 819 2764 facie
849 2709 1149 2770 Salvatoris
1184 2715 1514 2783 illustratur,
1546 2727 1600 2774 et
1629 2721 1684 2775 in
1710 2724 1931 2778 nomine
1954 2724 2074 2795 ejus

488 2798 756 2864 exsultat,
807 2802 1217 2874 gloriaturque,
1286 2808 1381 2863 sed
1433 2826 1542 2865 non
1610 2813 1666 2867 in
1714 2823 1861 2869 recte
1914 2815 2073 2872 factis

494 2904 635 2945 SUIS.

2198 523 2521 593 μακαρίζειν
2567 522 2659 575 τὸν
2706 523 2941 594 Χριστοῦ
2997 524 3144 577 λαόν
3193 520 3348 591 οὗτος
3398 527 3528 599 γὰρ,
3572 530 3787 597 γνῶσιν

2194 614 2499 685 ἀνειληφὼς
2541 616 2640 685 τῆς
2700 616 2843 670 κατά
2891 616 2999 671 τῶν
3046 618 3321 690 πολεμίων
3369 621 3466 675 τοῦ
3523 625 3788 697 Σωτῆρος

2194 704 2349 775 ἡμῶν
2397 705 2574 774 νίκης,
2618 706 2876 770 ἀλαλάζει
2926 708 3065 761 κατά
3095 709 3204 764 τῶν
3247 711 3479 783 ἐχθρῶν,
3515 715 3652 786 ὑπὲρ
3684 718 3784 769 τοῦ

2191 796 2393 850 οἰκείου
2436 797 2701 867 βασιλέως
2735 800 2826 854 τὸν
2855 800 3169 871 ἀλαλαγμὸν
3206 805 3549 875 ποιούμενος.
3614 809 3784 862 Ἀλλά

2192 889 2285 941 καὶ
2314 891 2413 960 τὴν
2452 889 2643 942 Θυσίαν
2689 891 2788 961 τὴν
2835 893 3064 963 ἄναιμον
3097 894 3317 967 λογικὴν
3365 898 3524 967 μόνος
3564 896 3723 965 οὗτος
3752 905 3783 955 6

2191 979 2318 1044 λαὸς
2362 982 2429 1034 δι’
2470 982 2787 1054 ἀλαλαγμοῦ
2828 983 2987 1037 εῐωθε
3031 987 3358 1058 προσφέρειν
3388 990 3465 1060 τῷ
3501 991 3642 1062 Θεῷ,
3683 994 3781 1048 διὰ

2190 1071 2284 1126 τοῦ
2325 1074 2611 1145 σύμφωνον
2641 1076 2987 1147 ἀναπέμπειν
3034 1078 3111 1148 τῷ
3152 1080 3270 1151 Θεῷ
3316 1083 3665 1155 εὐχαριστίαν
3718 1089 3779 1140 ἐν

2190 1167 2311 1228 ταῖς
2356 1170 2755 1236 πνευματικαῖς
2801 1169 3133 1240 ἱερουργίαις
3178 1174 3273 1226 καὶ
3312 1179 3432 1238 ταῖς
3480 1176 3619 1229 κατά
3668 1180 3777 1249 τὴν

2190 1256 2397 1327 Καινὴν
2417 1257 2691 1329 Διαθήκην
2709 1259 3152 1331 ἐπιτελουμέναις
3176 1266 3308 1335 ἡμῖν
3331 1265 3626 1337 λατρείαις,
3651 1272 3777 1333 ταῖς

2188 1365 2247 1400 τε
2280 1348 2530 1419 ἀναίμοις
2588 1352 2683 1403 καὶ
2732 1352 2916 1416 ἀΰλοις
2954 1356 3044 1406 καὶ
3092 1362 3490 1426 πνευματικαῖς
3532 1359 3773 1424 θυσίαις.

2202 1439 2345 1492 ’Δντὶ
2371 1438 2427 1491 δὲ
2447 1440 2564 1502 τοῦ,
2584 1440 2634 1493 '0
2657 1442 2963 1510 γινώσκων
2982 1447 3353 1516 ἀλαλαγμὸν,
3383 1450 3435 1502 Ὀ
3462 1450 3778 1521 γινώσκων

2187 1531 2517 1598 σημασίαν,
2549 1534 2577 1584 ό
2610 1533 2904 1604 Σύμμαχος
2936 1538 3267 1609 ἡρμήνευσε.
3293 1540 3392 1594 Διά
3423 1543 3474 1594 τί
3502 1543 3556 1596 δὲ
3585 1546 3774 1614 μακά-

2189 1623 2303 1693 ριός
2328 1626 2475 1677 ἐστιν
2502 1621 2657 1689 οὗτος
2683 1628 2711 1679 6
2736 1629 2972 1699 Χριστοῦ
2998 1630 3124 1695 λαὸς
3150 1634 3179 1686 6
3206 1632 3297 1687 τὸν
3325 1636 3611 1705 εἰρημένον
3638 1639 3775 1693 ἀλα-

2186 1713 2394 1784 λαγμὸν
2425 1717 2803 1788 ἐπιστάμενος,
2852 1721 2964 1774 ἀλλ’
3004 1722 3037 1793 ἢ
3068 1725 3365 1796 ἐπειδήπερ
3401 1727 3497 1798 τὴν
3537 1728 3773 1799 θεάτητα

2184 1805 2276 1858 τοῦ
2300 1808 2549 1879 Σωτῆρος
2574 1811 2966 1879 ἐπιγινώσκων,
2998 1816 3118 1884 ἥτις
3141 1816 3447 1886 ὠνόμασται
3477 1820 3773 1891 πρόσωπον

2190 1896 2377 1962 αὑτοῦ,
2416 1899 2493 1969 τῷ
2530 1901 2669 1970 φωτὶ
2698 1902 2792 1955 τοῦ
2826 1902 3117 1975 προσώπου
3156 1908 3319 1961 αὑτοῦ
3350 1913 3771 1983 καταυγαζόμε-

2186 2005 2293 2052 νος,
2320 1989 2416 2060 τὴν
2447 1991 2639 2045 ἐαυτοῦ
2670 1998 2899 2050 ποιεῖται
2928 1998 3152 2069 πορείαν
3178 1999 3370 2069 λέγων,
3410 2004 3770 2074 Ἐσημειώθη

2182 2078 2274 2146 ἐφ’
2300 2079 2456 2149 ἡμᾶς
2484 2080 2549 2134 τὸ
2578 2082 2701 2151 φῶς
2728 2085 2836 2139 τοῦ
2868 2087 3194 2155 προσώπου
3221 2108 3359 2155 σου,
3400 2094 3573 2160 Κύριε
3593 2110 3607 2123 '
3644 2098 3768 2159 καὶ,

2196 2170 2290 2222 Ἑν
2323 2169 2400 2235 τῷ
2426 2175 2575 2241 φωτί
2604 2189 2719 2229 σου
2750 2178 3017 2246 ὀψόμεθα
3058 2180 3125 2233 τὸ
3158 2181 3314 2249 φῶς
3344 2184 3453 2237 Καὶ
3483 2184 3568 2237 διὰ
3605 2186 3773 2242 τοῦτο

2181 2264 2311 2331 γοῦν
2352 2267 2619 2337 μακάριός
2657 2271 2803 2322 ἐστιν
2835 2263 2993 2334 οὗτος
3032 2274 3060 2325 6
3102 2272 3248 2337 λαός.
3292 2276 3402 2327 Καὶ
3431 2278 3610 2347 τρίτον
3638 2278 3770 2331 ἐπεὶ

2186 2355 2259 2427 μὴ
2284 2355 2623 2428 ἀρκούμενος
2647 2358 2728 2429 τῷ
2752 2359 2841 2413 διά
2868 2362 2967 2429 τῆς
2993 2363 3244 2430 γνώσεως
3269 2365 3364 2418 τοῦ
3395 2367 3628 2436 Χριστοῦ
3658 2387 3772 2437 φω-

2182 2449 2443 2514 τίζεσθαι,
2478 2451 2557 2504 ἔτι
2601 2452 2695 2505 καὶ
2734 2453 2813 2524 τῷ
2860 2455 3082 2525 ὀνόματι
3128 2458 3295 2511 αὐτοῦ
3344 2461 3763 2531 σεμνυνόμενος,

2182 2541 2272 2593 καὶ
2292 2542 2618 2613 Χριστιανὸς
2636 2545 2693 2611 ἐξ
2711 2545 2875 2599 αὐτοῦ
2903 2548 3256 2616 καλούμενος,
3291 2552 3572 2621 χαίρεικαὶ
3594 2554 3772 2619 ἀγαλ-

2179 2632 2270 2704 λιᾷ
2300 2635 2426 2705 ὃλην
2458 2635 2555 2706 τὴν
2588 2637 2834 2709 ἡμέραν,
2876 2640 3079 2709 μᾶλλον
3106 2642 3162 2694 δὲ
3200 2648 3376 2695 πᾶσαν
3405 2644 3636 2714 ἡμέραν·
3672 2644 3769 2697 οῦ-

2179 2741 2257 2776 τω
2299 2726 2407 2797 γὰρ
2438 2728 2466 2780 6
2514 2728 2807 2801 Σύμμαχος
2836 2732 3167 2804 ἡρμήνευσε
3203 2736 3296 2787 καὶ⁸
3325 2736 3411 2790 διά
3444 2737 3599 2789 τοῦτο
3631 2737 3768 2806 γοῦν

2179 2817 2295 2870 ἐστι
2330 2820 2619 2892 μακάριος.
2652 2824 2762 2876 Καὶ
2786 2824 3045 2895 τέταρτον
3077 2826 3263 2898 ἐπειδὴ
3296 2829 3376 2890 είς
3413 2828 3640 2898 μέγεθος
3669 2830 3769 2882 καὶ

2180 2910 2311 2980 ὖψος
2333 2913 2550 2977 ἐπιδοὺς
2574 2918 2640 2987 τῇ
2666 2915 2759 2968 τοῦ
2788 2916 2923 2970 Θεοῦ
2948 2917 3260 2991 δικαιοσύνῃ
3283 2920 3529 2989 ὑψοῦται.
3555 2922 3767 2974 δίκαιον

489 2982 634 3040 εἶναι
659 2988 941 3059 κρίναντος
961 2993 1053 3046 τοῦ
1080 2995 1213 3048 Θεοῦ
1240 2999 1317 3061 είς
1343 2996 1475 3068 ὕψος
1505 2999 1657 3068 ἀγειν
1691 3002 1785 3055 καὶ
1815 3002 1906 3055 ἐπὶ
1933 3004 2076 3073 μέγα
2111 3005 2270 3077 δόξης
2290 3008 2379 3063 τὸν
2421 2982 2759 3082 ἐπιστήμονα
2782 3012 2876 3064 τοῦ
2932 2982 3566 3087 είρημένουλάλαλαγμοῦ
3612 3017 3766 3080 λαὸν,

491 3081 702 3133 καὶτὸν
731 3082 834 3135 ὑπὸ
860 3084 952 3137 τοῦ
980 3086 1272 3156 προσώπου
1293 3089 1387 3143 τοῦ
1412 3091 1661 3163 Σωτῆρος
1685 3093 2071 3166 φωτιζόμενον,
2113 3098 2205 3150 καὶ
2267 3099 2358 3153 τὸν
2426 3102 2484 3155 ἐν
2521 3081 2748 3172 ὀνόματι
2785 3102 2950 3156 αὐτοῦ
2981 3081 3366 3176 ἀγαλλόμενον.
3410 3081 3503 3160 καὶ
3539 3107 3633 3161 τὸν
3666 3109 3767 3175 ἐγ-

488 3173 871 3244 καυχώμενον,
917 3177 1028 3230 ἀλλ’
1058 3180 1157 3233 οὐκ
1188 3182 1279 3234 ἐπὶ
1315 3184 1425 3245 τοῖς
1456 3183 1606 3247 ίδίοις
1639 3186 2075 3257 κατορθώμασιν.

566 3282 891 3340 Necessario
939 3298 1121 3343 autem
1180 3290 1425 3358 praedicti
1471 3291 1686 3348 Domini
1741 3297 2147 3377 mentionemc

486 3393 677 3432 «sermo
710 3376 860 3443 fecit,
896 3378 1100 3435 Christi
1133 3380 1201 3435 ad
1234 3382 1484 3438 homines
1529 3384 1797 3441 adventus
1842 3391 2075 3457 pracla-

497 3484 619 3522 rum
644 3468 859 3523 facinus
889 3470 1213 3527 vaticinans.
1246 3472 1549 3542 Antequam
1578 3477 1723 3530 enim
1747 3487 1928 3532 ortum
1954 3480 2074 3549 ejus

496 3559 737 3626 doceret,
778 3563 869 3633 qui
911 3579 975 3617 ex
1019 3565 1229 3619 semine
1260 3564 1427 3619 David
1464 3568 1782 3636 proditurus
1817 3579 1976 3638 erat;
2012 3587 2077 3628 ac

489 3657 893 3725 praenuntiaret
931 3659 1177 3712 onmium
1233 3658 1377 3729 apud
1418 3659 1637 3717 Iudaeos
1679 3665 2074 3719 venerabilium

493 3749 862 3813 eversionem,
919 3765 1028 3819 qua
1090 3750 1157 3805 de
1206 3766 1374 3808 causa
1407 3753 1609 3808 dubius
1648 3754 1787 3819 inﬁt,
1824 3754 1924 3807 Ubi
1955 3764 2075 3809 sunt

396 3855 402 3861 δ
494 3839 875 3893 misericordia:
902 3850 1007 3894 tum
1046 3842 1299 3911 antiquw,
1330 3842 1588 3900 Domine?
1616 3854 1919 3913 opportune
1951 3846 2074 3915 qui-

494 3929 615 3984 dem
646 3930 714 3986 de
739 3932 968 3987 veritate
990 3935 1388 4004 promissorum
1415 3935 1507 3991 Dei
1532 3936 1599 3990 ad
1624 3934 1879 3992 Davidem
1904 3938 2075 3995 facto-

484 4038 615 4075 a'um
648 4024 985 4091 praemissam
1034 4024 1344 4079 doctrinam
1389 4027 1579 4084 edidit.
1630 4028 1899 4095 Quoniam
1943 4048 2075 4087 vero

490 4128 595 4167 nos
626 4113 777 4183 prius
820 4113 1111 4169 edidicisse
1157 4131 1295 4185 opus
1338 4124 1475 4181 erat,
1522 4117 1611 4171 cui
1655 4120 1856 4189 populo
1899 4122 2075 4190 gratia

489 4202 743 4257 beneﬁcii
765 4218 795 4257 a
822 4202 1112 4260 Servatore
1134 4207 1316 4262 collati
1345 4217 1740 4274 reservaretur,
1762 4226 2073 4282 congruen-

486 4302 577 4348 ter
610 4296 949 4360 memoravit,
980 4313 1091 4351 non
1128 4298 1407 4364 Israelem,
1438 4316 1615 4371 neque
1634 4299 1917 4357 Iudaicam
1950 4320 2072 4375 gen-

484 4395 625 4450 tem,
672 4386 766 4441 sed
812 4388 1073 4457 populum
1132 4391 1224 4459 qui
1277 4392 1382 4445 scit
1424 4392 1807 4461 jubilationem
1851 4414 1863 4449 :
1909 4410 2071 4465 quem

488 4478 755 4548 populum
790 4478 915 4549 jure
947 4480 1166 4535 beatum
1202 4483 1534 4551 praedicavit,
1582 4486 1753 4539 multa
1790 4486 1892 4556 ipsi
1930 4488 2071 4542 bona

488 4570 790 4639 pollicitus.
823 4569 958 4625 Nam
990 4574 1121 4642 quia
1149 4574 1333 4628 sciunt
1362 4575 1438 4628 illi
1469 4575 1869 4645 jubilationem,
1895 4580 2071 4649 primo

2260 3298 2596 3368 ’Δναγκαίως
2620 3299 2677 3353 δὲ
2702 3302 2796 3354 καὶ⁵
2826 3301 2921 3355 τοῦ
2950 3302 3281 3373 δηλωθέντος
3300 3306 3520 3377 μνήμην
3542 3308 3571 3360 6
3606 3308 3770 3378 λόγος

2179 3388 2499 3459 ἐποιήσατο,
2530 3389 2799 3454 θεσπίζων
2825 3391 2886 3444 τὸ
2928 3393 3259 3465 κατόρθωμα
3290 3395 3388 3465 τῆς
3428 3397 3511 3459 εἰς
3551 3399 3771 3472 ἀνθρὼ-

2178 3496 2312 3542 πους
2349 3480 2443 3533 τοῦ
2482 3481 2721 3552 Χριστοῦ
2761 3485 3084 3555 παρουσίας.
3125 3486 3351 3540 Μέλλων
3384 3488 3515 3555 γοῦν
3540 3489 3640 3561 τὴν
3670 3493 3769 3561 γέ-

2177 3582 2324 3620 νεσιν
2357 3566 2626 3623 διδάσκειν
2664 3571 2758 3624 τοῦ
2792 3574 2856 3626 ἐκ
2892 3574 3206 3645 σπέρματος
3238 3577 3403 3630 Δαυῖδ
3435 3580 3770 3650 προελεύσο-

2179 3659 2363 3729 μένου,
2412 3661 2505 3713 καὶ
2548 3661 2647 3733 τὴν
2694 3665 3077 3735 καταστροφὴν
3126 3666 3233 3719 τῶν
3283 3668 3434 3737 παρὰ
3495 3670 3769 3724 Ἰουδαίων

2179 3751 2392 3821 σεμνῶν
2424 3753 2837 3823 προαγορεύειν,
2878 3753 2945 3807 δι’
2992 3757 3057 3824 ἣν
3101 3755 3197 3807 καὶ
3237 3757 3458 3827 ἀπορῶν
3491 3760 3766 3830 ἐπιλέγει,

2176 3844 2299 3897 Ποῦ
2337 3846 2469 3898 ἐστι
2512 3846 2587 3899 τὰ
2624 3845 2766 3913 ἐλέη
2800 3862 2918 3900 σου
2950 3845 3023 3900 τὰ
3063 3846 3303 3916 ἀρχαῖα,
3349 3851 3557 3917 Κύριε;
3588 3854 3767 3922 ἀναγ-

2176 3936 2347 3999 καίως
2378 3937 2506 4008 περὶ
2539 3937 2636 4007 μὲν
2682 3937 2775 3991 τοῦ
2831 3937 3224 4010 ἐπαληθεύσειν
3273 3937 3333 4004 ἐξ
3375 3942 3614 4006 ἅπαντος
3659 3945 3767 4010 τὰς

2177 4028 2310 4100 πρὸς
2338 4029 2429 4083 τὸν
2461 4029 2623 4082 Δαυῒδ
2645 4027 2739 4081 τοῦ
2768 4029 2903 4082 Θεοῦ
2938 4030 3270 4099 ἐπαγγελίας
3297 4032 3396 4097 τὰς
3426 4038 3766 4108 προειρημέ-

2175 4137 2270 4183 νας
2293 4122 2588 4190 ἐποιήσατο
2605 4121 2969 4185 διδασκαλίας.
3007 4123 3162 4174 Ἐπεὶ
3181 4123 3236 4176 δὲ
3260 4125 3426 4195 ἐχρῆν
3455 4127 3765 4196 προμαθεῖν

2174 4214 2320 4283 ἡμᾶς
2351 4213 2447 4267 καὶ
2487 4214 2627 4284 ποίῳ
2664 4212 2777 4285 λαῷ
2809 4215 2842 4284 ἡ
2878 4214 3037 4285 χάρις
3062 4214 3160 4283 τῆς
3187 4214 3281 4268 τοῦ
3317 4217 3571 4287 Σωτῆρος
3602 4221 3767 4292 εὐερ-

2174 4304 2362 4373 γεσίας
2394 4305 2731 4376 ἐταμιεύετο,
2766 4306 3074 4370 ἀκολούθως
3121 4309 3527 4378 ἐμνημόνευσεν
3568 4312 3630 4363 οῦ
3663 4313 3763 4365 τοῦ

2186 4399 2423 4471 Ἰσραὴλ,
2465 4398 2586 4452 οὐδὲ
2627 4399 2723 4453 τοῦ
2772 4400 3038 4453 Ἰουδαίων
3081 4400 3285 4466 ἔθνους,
3326 4402 3464 4455 ἀλλά
3498 4404 3590 4457 τοῦ
3626 4404 3762 4458 λαοῦ

2172 4491 2267 4544 τοῦ
2299 4490 2661 4559 γινώσκοντος
2689 4492 3024 4563 ἀλαλαγμὸν·
3063 4494 3155 4546 καὶ
3184 4494 3376 4547 τοῦτον
3407 4496 3633 4559 εἰκότως
3665 4497 3764 4550 τὸν

2172 4582 2298 4636 λαὸν
2331 4583 2658 4654 ἐμακάρισε,
2686 4584 2913 4638 πλεῖστα
2941 4585 3088 4655 αὐτῷ
3130 4585 3311 4654 ἀγαθά
3354 4586 3765 4659 ἐπαγγειλάμε-

489 4664 710 4731 quidem
752 4664 806 4717 in
850 4665 1057 4720 lumine
1091 4666 1273 4721 vultus
1314 4666 1409 4721 Dei
1448 4666 1827 4731 ambulabunt,
1873 4670 2071 4726 deinde

2182 4692 2279 4737 νος.
2308 4674 2408 4729 Διὰ
2428 4675 2537 4747 γὰρ
2563 4676 2623 4729 τὸ
2652 4676 2850 4729 εἰδέναι
2880 4676 3214 4746 ἀλαλαγμὸν,
3242 4671 3457 4747 πρῶτον
3481 4679 3578 4748 μὲν
3600 4680 3661 4729 ἐν
3678 4677 3764 4749 τῷ

492 4756 546 4808 in
578 4756 807 4811 nomine
851 4757 970 4825 ejus
1018 4758 1372 4812 exsultabunt
1429 4759 1656 4829 singulis
1705 4760 1927 4828 diebus;
1966 4770 2078 4817 ter-

486 4846 569 4899 tio
628 4850 681 4899 in
732 4847 949 4916 justitia
1010 4847 1129 4917 ejus
1190 4848 1613 4915 exaltabuntur;
1676 4858 1873 4920 quarto
1904 4853 2078 4922 gloria

491 4938 707 4993 virtutis
753 4954 942 4993 eorum
995 4940 1099 4993 erit
1145 4940 1265 5009 ipse
1296 4937 1581 4995 Dominus.
1632 4940 1771 5007 Quia
1811 4943 1955 4997 enim
1987 4945 2077 5000 hic

492 5030 726 5099 populus
794 5029 950 5085 fortis
1007 5038 1061 5084 et
1120 5038 1313 5100 potens
1368 5038 1474 5095 est,
1528 5040 1716 5101 utpote
1771 5034 1865 5103 qui
1910 5051 2076 5105 supra

492 5132 701 5193 petram
727 5124 1030 5181 aediﬁcatus
1056 5129 1148 5189 sit,
1186 5128 1259 5181 ita
1292 5134 1350 5181 ut
1383 5134 1554 5197 portae
1594 5126 1755 5183 inferi
1792 5144 1902 5183 non
1932 5144 2072 5199 pra:-

490 5218 709 5271 valeant
758 5216 1022 5273 adversus
1076 5234 1236 5287 eum;
1283 5219 1407 5288 jure
1454 5220 1798 5291 gloriabitur,
1852 5235 1962 5275 non
2013 5222 2073 5277 in

492 5312 710 5379 propria
755 5311 976 5375 virtute,
1023 5312 1118 5367 sed
1152 5312 1207 5366 in
1239 5312 1469 5367 Domino
1515 5315 1609 5385 qui
1660 5313 1913 5369 fundavit
1944 5330 2069 5369 eum

490 5416 658 5471 supra
705 5412 934 5472 petram.
978 5402 1209 5473 Propter
1248 5405 1362 5460 haec
1399 5406 1583 5460 omnia
1622 5405 1816 5461 Beatus
1846 5407 2069 5474 populus

484 5492 578 5561 qui
617 5492 713 5545 scit
756 5492 1145 5560 iubilationem.
1195 5493 1451 5551 Nostrum
1492 5498 1621 5555 item
1669 5499 2067 5570 prophetarum

486 5583 583 5651 qui
618 5584 732 5639 haec
760 5601 856 5655 per
882 5584 1147 5657 Spiritum
1179 5589 1562 5657 vaticinamur,
1604 5605 1778 5647 cornu
1807 5592 2068 5650 exaltabi-

566 5792 611 5824 ³⁵
639 5791 782 5849 Psal.
810 5812 881 5863 tv,
907 5796 960 5851 7.
1037 5797 1080 5830 ³⁵
1122 5794 1269 5853 Psal.
1307 5811 1471 5864 xxxv,
1517 5795 1605 5850 i0.

2175 4767 2313 4833 φωτὶ
2343 4767 2437 4820 τοῦ
2463 4767 2754 4838 προσώπου
2783 4767 2877 4820 τοῦ
2913 4767 3047 4820 Θεοῦ
3078 4768 3454 4838 πορεύσονται,
3486 4768 3678 4824 ἔπειτα
3697 4771 3763 4822 ἐν

2173 4857 2249 4928 τῷ
2285 4858 2509 4929 ὀνόματι
2550 4860 2715 4914 αὑτοῦ
2756 4859 3172 4927 ἀγαλλιάσονται
3205 4859 3325 4912 καθ’
3355 4859 3591 4931 ἑκάστην
3621 4861 3763 4931 ἡμέ-

2176 4965 2292 5017 ραν·
2323 4950 2416 5002 καὶ
2440 4950 2621 5023 τρίτον
2650 4953 2707 5003 ἐν
2735 4954 2799 5021 τῇ
2826 4951 3137 5023 δικαιοσύνῃ
3160 4950 3325 5003 αὐτοῦ
3356 4952 3759 5019 ὑψωθήσονται·

2175 5041 2269 5093 καί
2305 5041 2560 5114 τέταρτον
2610 5044 2873 5114 καύχημα
2917 5044 3018 5113 τῆς
3058 5044 3338 5113 δυνάμεως
3383 5043 3561 5096 αὐτῶν
3602 5043 3765 5100 ἔσται

2174 5132 2335 5196 αὐτὸς
2363 5135 2390 5187 ὁ
2420 5133 2641 5205 Κύριος.
2701 5134 2917 5207 Ἐπειδὴ
2949 5134 3058 5207 γὰρ
3091 5135 3352 5206 κραταιὸς
3397 5136 3491 5188 καὶ
3533 5134 3765 5199 δυνατὸς

2174 5228 2433 5297 τυγχάνει
2468 5230 2495 5281 6
2533 5228 2661 5292 λαὸς
2703 5224 2876 5293 οὗτος,
2910 5230 3006 5283 ἀτε
3038 5230 3130 5281 ἐπὶ
3171 5229 3270 5299 τὴν
3310 5228 3515 5297 πέτραν
3558 5227 3767 5297 ᾠκοδο-

2180 5319 2441 5389 μημένος,
2472 5321 2547 5384 ὡς
2576 5322 2711 5393 μήτε
2746 5319 2920 5385 πύλας
2952 5319 3079 5391 ᾅδου
3114 5319 3428 5389 κατισχύειν
3462 5319 3651 5372 αὐτοῦ’
3680 5320 3765 5370 εί-

2177 5410 2351 5474 κότως
2381 5414 2736 5483 καυχήσεται,
2771 5412 2887 5465 ἀλλ’
2917 5411 3018 5464 οὐκ
3046 5410 3140 5463 ἐπὶ
3169 5412 3235 5481 τῇ
3283 5408 3462 5480 οἰκείᾳ
3505 5408 3761 5478 δυνάμει,

2175 5500 2290 5554 ἀλλ’
2337 5501 2429 5553 ἐπὶ
2475 5501 2553 5571 τῷ
2594 5501 3006 5572 τεθεμελιωκὸτι
3053 5500 3217 5554 αὐτὸν
3261 5500 3352 5553 ἐπὶ
3394 5499 3496 5569 τὴν
3548 5499 3764 5571 πέτραν

2174 5591 2386 5666 Κυρίῳ.
2418 5594 2517 5649 Διά
2537 5594 2594 5649 δὲ
2617 5594 2789 5650 ταῦτα
2812 5596 2991 5650 πάντα
3016 5594 3308 5664 μακάριος
3337 5596 3371 5647 ό
3406 5592 3560 5659 λαὸς
3594 5593 3629 5646 ὁ
3664 5605 3763 5659 τι·
