4068 6394
353 344 480 399 ίὈίΠ

1466 343 1964 399 COMMENTARIA
2001 345 2068 399 ΙΝ
2108 343 2445 400 PSALMOS.

3445 343 3581 397 1098

345 458 588 508 νώσκων
611 454 977 523 ἀλαλαγμῶν.
1009 454 1116 506 Καὶ
1139 454 1295 525 ἡμῶν
1322 455 1377 508 δὲ
1405 457 1583 510 αὐτῶν
1611 458 1718 510 τῶν
1739 459 1901 512 ταῦτα

2016 467 2123 513 tur.
2158 460 2313 526 Quod
2355 466 2534 513 autem
2568 474 2761 526 cornu,
2809 460 2916 514 nisi
2969 459 3021 514 id
3067 461 3213 529 quod
3260 477 3324 515 ex
3375 461 3582 515 semine

342 542 700 606 θεσπιζόντων
729 541 818 594 διὰ
846 541 941 594 τοῦ
983 541 1298 612 Πνεύματος
1331 545 1621 616 προφητῶν
1651 546 1711 598 τὸ
1743 548 1910 618 κέρας

340 633 701 705 ὑψωθήσεται.
737 633 894 686 Ποῖον
920 633 975 686 δὲ
1010 634 1171 705 κέρας
1199 635 1232 705 ἦ
1261 635 1322 688 τὸ
1356 636 1546 706 μέλλον
1573 639 1637 690 ἐκ
1663 638 1910 708 σπέρμα-

337 743 428 789 τος
455 723 618 777 Δαυῗδ
648 723 789 778 κατά
817 724 912 794 τὴν
958 725 1076 794 σὴν,
1117 718 1162 777 ὧ
1189 724 1382 794 Κύριε,
1416 728 1746 794 ἐπαγγελίαν
1778 745 1912 798 προ-

339 816 650 870 ελεύσεσθα..
672 834 686 881 ;
713 817 822 869 Καὶ
844 815 1000 869 τοῦτο
1025 817 1132 887 γὰρ
1161 817 1221 869 τὸ
1243 818 1408 888 κέρας
1427 820 1459 888 ἡ
1469 819 1603 889 μῶν,
1640 820 1697 872 ἐν
1717 811 1762 886 ᾧ
1786 820 1912 882 τοὺς

338 909 567 980 ἐχθροὺς
609 907 763 979 ἡμῶν
794 908 1174 979 κερατιοῦμεν,
1209 911 1266 961 ἐν
1297 912 1363 980 τῇ
1396 910 1614 981 εὐδοκία
1644 928 1736 963 σου
1767 911 1911 979 ὑψω-

339 1003 584 1072 θήσεται,
608 999 701 1053 σοῦ
729 998 1021 1068 τοῦἈγίου
1051 1001 1286 1072 Ἰσραὴλ,
1315 1002 1409 1055 τοῦ
1443 1003 1703 1072 βασιλέως
1731 1003 1907 1074 ἡμῶν,

337 1092 866 1163 ἀντιλαμϐανομένου
911 1093 1011 1163 τῆς
1053 1093 1243 1146 τούτου
1285 1093 1380 1146 τοῦ
1419 1095 1596 1165 κέρως
1622 1097 1906 1163 γενέσεως.

340 1183 462 1240 Εἶεν
493 1185 537 1239 δ’
572 1185 639 1239 ἂν
669 1179 828 1239 αὗται
857 1186 1030 1256 φωναὶ
1063 1186 1397 1257 προφητικαὶ
1431 1188 1488 1253 ἐξ
1515 1188 1713 1241 οἰκείου
1744 1205 1911 1259 προσ-

337 1277 486 1330 ώπου
517 1275 586 1330 τὰ
615 1277 950 1348 προκείμενα
989 1278 1389 1347 ἀναφωνοῦσαι,
1435 1279 1600 1350 κέρας
1637 1297 1696 1332 τε
1731 1280 1909 1333 αὐτῶν

336 1367 691 1439 ὀμολογοῦσαι
722 1364 862 1422 εῖναι
891 1369 981 1422 τὸν
1009 1369 1150 1422 κατά
1183 1369 1360 1440 σάρκα
1387 1370 1756 1440 φανησόμενον
1777 1373 1910 1442 Χρι-

335 1461 459 1513 στὸν
488 1459 576 1514 τοῦ
600 1459 734 1513 Θεοῦ
745 1505 756 1515 .

410 1580 545 1633 Τότε
583 1578 892 1646 ἐλάλησας
923 1578 994 1631 ἐν
1025 1579 1228 1646 ὁράσει
1270 1580 1393 1646 τοῖς
1437 1581 1586 1648 υἱοῖς
1626 1599 1761 1647 σου,
1810 1585 1906 1636 καὶ

333 1664 530 1734 εἴπας·
607 1668 850 1738 Ἐθέμην
882 1670 1174 1736 βοήθειαν
1221 1670 1317 1723 ἐπὶ
1356 1669 1642 1726 δυνατόν·
1691 1674 1908 1741 ὕψωσιι

333 1759 623 1813 ἐκλεκτόν
642 1760 711 1814 ἐκ
741 1761 848 1815 τοῦ
869 1761 1022 1814 λαοῦ
1043 1779 1180 1829 μου.
1204 1757 1400 1830 Εὗρον
1427 1763 1608 1816 Δαυῒδ
1630 1764 1735 1818 τὸν
1765 1764 1904 1819 δοῦ-

335 1849 446 1902 λόν
462 1866 601 1917 μου,
627 1849 698 1901 ἐν
716 1849 895 1916 ἐλαίῳ
922 1850 1067 1918 ἁγίῳ
1088 1868 1206 1919 μου
1231 1851 1448 1920 ἕχρισα
1471 1854 1674 1907 αὐτόν.
1714 1855 1775 1911 Ἡ
1795 1857 1902 1924 γὰρ

333 1942 460 2009 χείρ
499 1958 618 2010 μου
663 1943 1179 2011 συναντιλήψεται
1215 1943 1395 2009 αὐτῷ,
1437 1945 1535 1997 καὶ
1573 1948 1606 1998 d
1630 1947 1904 2016 ,βραχίων

331 2050 444 2100 μου
477 2034 832 2102 κατισχύσει
862 2035 1067 2088 αὐτόν.
1114 2036 1234 2088 Οὺκ
1268 2035 1565 2104 ὠφελήσει
1595 2037 1805 2106 ἐχθρὸς
1836 2039 1904 2090 ἐν

331 2123 508 2192 αὐτῷ,
543 2125 640 2178 καὶ
688 2124 818 2191 υἱὸς
863 2126 1114 2194 ἀνομίας
1145 2129 1217 2180 οὐ
1247 2126 1500 2181 κακώσει
1548 2130 1751 2183 αὐτόν.
1791 2131 1901 2183 Καὶ

332 2217 620 2286 συγ-κόψω
648 2217 766 2271 ἀπὸ
795 2219 1119 2287 προσώπου
1151 2220 1335 2280 αὐτοῦ
1365 2220 1508 2285 τοὺς
1533 2221 1784 2289 ἐχθροὺς
1809 2224 1903 2275 αὺ-

332 2308 457 2373 τοῦ,
489 2309 587 2362 καὶ
623 2309 766 2374 τοὺς
791 2310 1124 2379 μισοῦντας
1150 2310 1336 2364 αὐτὸν
1367 2309 1760 2381 τροπώσομαι.
1791 2314 1900 2367 Καὶ

330 2403 368 2470 ἡ
399 2399 648 2468 ἀλήθειά
670 2419 790 2470 μου
822 2401 1013 2455 καὶτὸ
1053 2403 1224 2468 ἔλεός
1259 2421 1378 2472 μου
1400 2405 1527 2473 μετ’
1564 2404 1772 2471 αὑτοῦ,
1805 2408 1902 2459 καὶ

333 2491 398 2544 ὲν
424 2492 505 2558 τῷ
545 2493 788 2562 ὀνόματί
824 2512 942 2563 μου
973 2494 1354 2563 ὑψωθήσεται
1383 2496 1450 2549 τὸ
1493 2495 1669 2565 κέρας
1691 2498 1898 2551 αὐτοῦ.

334 2584 514 2652 Ἀπαξ
553 2584 641 2638 διὰ
677 2585 786 2640 τῶν
805 2585 1116 2658 ¹ἔμπροσθεν
1162 2587 1540 2659 μνημονεύσας
1563 2591 1592 2642 6
1623 2587 1777 2657 λόγος
1807 2587 1900 2642 τοῦ

330 2677 508 2748 κέρως
532 2680 588 2730 ἐν
616 2674 696 2741 οἷς
729 2677 852 2749 ἔφη·
894 2679 990 2731 Ἐν
1008 2677 1084 2748 τῇ
1111 2679 1354 2746 εὐδοκία
1377 2694 1495 2733 σου
1519 2680 1902 2748 ὑψωθήσεται

330 2767 395 2820 τὸ
420 2766 598 2834 κέρας
624 2765 810 2837 ἡμῶν,
843 2769 1156 2836 ἀναγκαίως
1189 2767 1392 2839 προῖὼν
1417 2768 1658 2822 διδάσκει
1687 2769 1738 2821 τί
1775 2785 1900 2821 ποτε

328 2853 394 2928 ἦν
429 2857 585 2912 τοῦτο
610 2860 671 2911 τὸ
697 2859 884 2930 κέρας,
925 2861 1019 2913 καὶ
1051 2859 1212 2912 πόθεν
1240 2857 1380 2929 ἥξει,
1411 2860 1506 2913 καὶ
1536 2860 1650 2924 πῶς
1683 2860 1899 2931 ὑψωθὴ-

331 2968 502 3004 σεται.
533 2952 624 3005 Διό
652 2969 835 3023 φησιν’
871 2953 990 3006 ’Ὁτι
1012 2953 1119 3007 τοῦ
1141 2957 1361 3023 Κυρίου
1389 2953 1562 3007 ἐστὶν
1593 2956 1632 3022 ἡ
1659 2955 1900 3022 ἀντίλη-

328 3043 454 3108 ψις,
493 3042 525 3112 η
560 3011 871 3112 τοῦοίέρως
900 3043 1157 3114 δηλονότι.
1191 3011 1394 3116 Ιξυρίου
1436 3045 1493 3097 δὲ
1530 3011 1702 3113 ποίου,
1740 3046 1772 3117 ἢ
1805 3011 1898 3098 τόῦ

2015 550 2183 604 David
2233 550 2534 604 secundum
2599 558 2782 616 tuam,
2846 549 3105 615 Domine,
3161 551 3580 621 promissionem

2014 641 2356 708 proditurum
2408 638 2530 694 est?
2576 637 2710 693 Nam
2763 640 2896 694 illud
2943 655 3116 694 cornu
3169 650 3438 703 nostrum,
3471 656 3582 710 quo

2015 733 2267 787 inimicos
2311 740 2532 786 nostros
2559 733 2969 800 ventilabimus,
3011 732 3068 786 in
3112 732 3454 802 beneplacito
3488 742 3581 787 tuo

2012 825 2379 878 exaltabitur:
2411 830 2466 878 te
2517 823 2716 878 Sancto
2762 821 2950 886 Israel,
2990 838 3117 892 rege
3163 833 3373 888 nostro,
3415 824 3580 892 hujus

2013 928 2182 968 cornu
2211 922 2392 967 ortum
2447 922 2793 982 procurante.
2839 912 2933 967 Hae
2961 929 3126 983 porro
3155 929 3316 969 voces
3349 916 3578 984 prophec

2013 1013 2193 1058 tarum
2243 1004 2468 1068 fuerint,
2521 1021 2587 1059 ex
2636 1005 2854 1074 propria
2900 1020 3133 1074 persona
3172 1007 3286 1058 haec
3319 1021 3439 1077 qua:
3466 1007 3578 1075 jam

2011 1104 2314 1151 tractamus
2370 1095 2787 1166 proferentium,
2847 1111 2912 1150 ac
2971 1096 3346 1150 conﬁtentium
3407 1113 3578 1152 cornu

2012 1202 2172 1242 suum
2216 1201 2340 1242 esse
2388 1186 2666 1242 Christum
2703 1185 2819 1255 Dei,
2873 1188 2966 1257 qui
3017 1189 3320 1243 secundum
3361 1203 3580 1244 carnem

2010 1279 2329 1350 proditurus
2355 1280 2408 1333 in
2439 1281 2617 1333 lucem
2639 1286 2744 1334 est.

2079 1564 2242 1620 VERS.
2278 1565 2471 1619 2l-‘25.
2495 1565 2638 1618 Tunc
2665 1566 2868 1620 locutus
2896 1583 2950 1619 es
2981 1566 3034 1618 in
3065 1567 3262 1620 visione
3294 1567 3422 1635 ﬁliis
3452 1567 3578 1631 tuis,

2006 1668 2055 1714 et
2077 1659 2297 1712 dixisti:
2333 1657 2495 1711 Posui
2526 1658 2850 1727 adjutorium
2883 1659 2938 1711 in
2966 1667 3204 1726 potente;
3228 1644 3580 1712 exaltaviele—

2010 1761 2147 1804 ctum
2187 1767 2252 1805 ex
2285 1751 2476 1819 populo
2527 1768 2659 1804 meo.
2716 1749 2898 1804 Inveni
2939 1750 3105 1804 David
3145 1766 3348 1804 servum
3387 1766 3577 1813 meum,

2009 1843 2122 1896 oleo
2152 1853 2336 1898 sancto
2382 1859 2492 1896 meo
2525 1844 2655 1894 unai
2687 1859 2826 1896 eum.
2876 1841 3070 1897 Manus
3101 1845 3239 1897 enim
3280 1859 3395 1897 mea
3425 1846 3580 1896 auai-

2007 1937 2225 1990 liabitur
2255 1939 2322 2002 ei,
2353 1945 2404 1990 et
2427 1937 2702 1990 brachium
2733 1954 2905 1990 meum
2935 1937 3255 2008 confortabit
3284 1954 3423 1990 eum.
3456 1935 3580 1990 Non

2004 2028 2243 2096 proﬁciet
2277 2028 2520 2081 inimicus
2563 2028 2617 2080 in
2658 2045 2738 2093 eo,
2773 2043 2822 2082 et
2851 2029 2997 2096 ﬁlius
3029 2029 3323 2099 iniquitatis
3355 2045 3458 2082 non
3485 2046 3581 2082 no-

2005 2119 2137 2174 cebit
2163 2121 2230 2174 ei.
2263 2119 2331 2174 Et
2362 2121 2637 2176 concidam
2669 2138 2701 2173 a
2729 2121 2864 2189 facie
2896 2120 3061 2188 ipsius
3093 2121 3334 2174 inimicos
3360 2120 3497 2189 ejus,
3529 2129 3577 2171 et

2005 2211 2236 2266 odientes
2263 2229 2383 2265 eum
2410 2214 2464 2266 in
2492 2213 2673 2283 fugam
2705 2223 3023 2266 convertam.
3057 2210 3127 2264 Et
3159 2213 3349 2265 veritas
3381 2228 3498 2264 mea
3528 2221 3577 2263 et

2005 2302 2368 2356 misericordia
2398 2320 2513 2357 mea
2537 2321 2654 2357 cum
2677 2306 2813 2371 ipso,
2843 2313 2892 2357 et
2920 2305 2974 2356 in
2999 2304 3206 2356 nomine
3232 2320 3342 2357 meo
3367 2305 3550 2357 exaltu
3569 2334 3580 2343 -

2006 2397 2145 2451 bitur
2191 2414 2353 2451 cornu
2400 2397 2534 2466 ejus.
2589 2396 2726 2450 Cum
2773 2396 2938 2451 semel
2984 2403 3144 2449 antea
3191 2409 3374 2450 sermo
3407 2410 3577 2448 cornu

2004 2491 2404 2553 memoraverit,
2433 2505 2557 2544 cum
2589 2489 2794 2545 diceret
2823 2507 2836 2542 :
2871 2487 2937 2541 In
2961 2487 3281 2556 beneplacito
3307 2498 3396 2540 tuo
3425 2487 3578 2540 exal-

2005 2579 2206 2633 tabitur
2244 2596 2405 2633 cornu
2433 2588 2692 2642 nostrum,
2723 2578 3040 2633 necessario
3069 2578 3228 2632 docet
3257 2579 3309 2632 in
3343 2594 3579 2648 sequen-

2005 2671 2150 2724 tibus
2181 2669 2452 2740 quodnam
2487 2668 2618 2722 illud
2648 2684 2842 2733 cornu,
2869 2667 3014 2722 unde
3041 2677 3328 2744 venturum
3357 2677 3412 2723 et
3442 2685 3578 2740 quo-

2003 2763 2167 2817 modo
2195 2760 2547 2816 exaltandum
2581 2761 2672 2816 sit.
2703 2758 3072 2825 Quamobrem
3109 2761 3261 2827 dicit,
3299 2760 3438 2826 Quia
3467 2759 3579 2813 Dc—

2004 2857 2134 2910 mini
2171 2865 2250 2910 est
2295 2856 2607 2923 assumptio,
2665 2853 2812 2908 illius
2850 2868 3024 2908 cornu
3059 2853 3328 2907 videlicet.
3365 2853 3574 2908 Domini

2004 2954 2183 3001 autem
2223 2942 2534 3012 cuiusnam,
2580 2943 2683 2997 nisi
2731 2939 3131 3003 Sanetilsrael,
3177 2943 3322 3011 regis
3363 2943 3581 2995 nostri?

2003 3036 2124 3108 lpse
2157 3053 2392 3106 namque
2429 3035 2692 3092 Dominus
2735 3043 2790 3090 et
2842 3033 3080 3088 Sanctus
3129 3031 3294 3088 Israel
3330 3050 3446 3096 rex,
3483 3033 3578 3088 Del

342 3133 526 3198 Ἀγίου
542 3133 755 3205 Ἰσραὴλ
771 3134 865 3188 τοῦ
889 3135 1151 3205 βασιλέως
1171 3137 1358 3208 ἡμῶν;
1392 3137 1562 3201 Αὐτὸς
1593 3137 1700 3209 γὰρ
1729 3140 1756 3192 6
1787 3138 1899 3190 Κύ-

2006 3129 2265 3196 Verbum,
2313 3129 2618 3198 assumptio
2669 3129 2774 3182 erit
2810 3143 2984 3182 cornu
3020 3126 3217 3191 nostri,
3255 3127 3333 3180 uti
3371 3126 3582 3196 pollici-

331 3241 444 3296 ριος
471 3225 565 3280 καὶ
588 3227 618 3278 ὀ
642 3227 829 3295 ’Ἄγιος
870 3227 964 3280 τοῦ
1017 3229 1233 3300 Ἰσραὴλ
1271 3228 1539 3299 βασιλεὺς,
1573 3232 1602 3283 6
1627 3229 1722 3284 τοῦ
1761 3230 1896 3284 Θεοῦ

327 3316 518 3384 Λόγος,
553 3317 832 3390 ἀντίληψις
864 3318 1015 3372 ἔσται
1039 3319 1132 3373 τοῦ
1159 3321 1338 3392 κέρως
1373 3323 1529 3392 ἡμῶν
1560 3322 1683 3376 καθ’
1709 3321 1773 3386 ἃς
1804 3340 1900 3374 πε-

328 3409 544 3480 ποίηται
579 3411 928 3478 ἐπαγγελίας,
959 3413 1196 3482 ὁπηνίκα
1236 3413 1387 3466 λαλεῖ
1417 3414 1502 3468 διὰ
1536 3414 1644 3467 τῶν
1683 3431 1900 3485 προφηο

324 3499 432 3554 τῶν
463 3503 591 3574 περὶ
630 3501 722 3555 τοῦ
756 3502 1036 3573 μέλλοντος
1084 3506 1148 3557 ἐκ
1198 3505 1510 3575 σπέρματος
1558 3507 1720 3560 Δαυῒδ
1769 3524 1900 3578 προ-

327 3591 665 3647 ελεύσεσθαι.
715 3596 843 3648 Ὅτε
885 3595 1014 3668 γὰρ,
1064 3599 1246 3668 φησὶν,
1297 3597 1563 3667 ἐλάλησας
1610 3601 1667 3652 ὲν
1713 3599 1898 3669 ὁράσει

325 3685 438 3746 τοῖς
475 3684 651 3751 ἁγίοις
681 3701 794 3748 σου,
823 3687 891 3740 τά
917 3704 977 3739 τε
1017 3688 1350 3758 προκείμενα
1393 3687 1703 3758 ἐπηγγείλω
1730 3690 1816 3752 σὺ,
1854 3683 1898 3741 ὦ

325 3771 477 3835 Θεὸς,
507 3771 595 3825 διὰ
628 3772 737 3826 τῶν
771 3774 998 3828 σεαυτοῦ
1037 3776 1168 3829 υἱῶν
1207 3777 1314 3831 τῶν
1348 3777 1660 3849 προφητῶν,
1691 3772 1770 3842 οἷς
1801 3779 1899 3842 τὰς

325 3864 544 3934 ὁράσεις
568 3864 673 3919 τῶν
715 3865 1012 3936 μελλόντων
1049 3869 1448 3933 ἀπεκάλυπτες·
1489 3870 1557 3923 δι’
1587 3868 1765 3922 αὐτῶν
1789 3869 1898 3941 γὰρ

326 3955 420 4007 καὶ
451 3955 769 4025 ποιούμενος
810 3957 906 4020 τὰς
945 3958 1273 4026 ἐπαγγελίας
1312 3959 1410 4022 τὰς
1443 3959 1580 4030 πρὸς
1605 3959 1694 4012 τὸν
1714 3958 1896 4022 Δαυῖδ,

327 4045 536 4109 τούτοις
569 4048 788 4117 ἐχρήσω
819 4052 932 4113 τοῖς
963 4049 1162 4119 λόγοις’
1216 4051 1460 4120 Ἐθέμην
1479 4051 1770 4119 ,ϐοήθειαν
1798 4051 1896 4103 ἐπὶ

325 4136 603 4191 δυνατόν·
632 4139 849 4207 ὕψωσα
877 4141 1162 4195 ἐκλεκτὸν
1184 4142 1252 4195 ἐκ
1279 4141 1384 4195 τοῦ
1411 4141 1564 4196 λαοῦ
1582 4159 1719 4209 μου.
1758 4141 1896 4194 Ἀνθ’

323 4223 398 4280 ὧν
428 4231 456 4281 6
485 4229 779 4300 Σύμμαχος
803 4230 989 4284 τοῦτον
1017 4233 1324 4305 ἡρμήνευσε
1355 4233 1446 4286 τὸν
1473 4233 1691 4302 τρόπον·
1733 4233 1897 4286 Ἐπέ-

323 4321 476 4386 θηκα
516 4320 842 4389 ἀντίληψιν
873 4321 1127 4390 ἀνδρῶν,
1168 4323 1386 4391 ὕψοωσα
1432 4324 1752 4376 ἐπίλεκτον
1779 4321 1895 4376 ἀπὸ

323 4412 430 4466 τοῦ
455 4413 606 4468 λαοῦ
627 4431 768 4482 μου.
803 4411 999 4481 Εὗρον
1024 4413 1204 4468 Δαιρτδ
1230 4413 1336 4467 τὸν
1367 4413 1593 4468 δοῦλόν
1624 4432 1764 4482 μου,
1805 4413 1897 4466 καὶ

323 4503 391 4557 τὰ
422 4504 546 4575 ἑξῆς
571 4508 684 4568 τοῖς
727 4505 1123 4577 Ἐὅδομήκοντα
1160 4504 1573 4577 παραπλησίως’
1609 4499 1684 4559 ὧν
1714 4508 1748 4576 ή
1779 4506 1896 4558 διά-

322 4613 442 4650 νοια
471 4596 658 4650 τοῦτον
688 4596 798 4668 ἔχει
827 4597 917 4650 τὸν
943 4597 1160 4669 τρόπον·
1199 4597 1376 4652 Πολλά
1427 4597 1668 4668 ζητήσας
1703 4599 1761 4649 ἐν
1801 4599 1896 4650 ἀν-

323 4687 560 4758 θρώποις
589 4687 737 4752 ἀξιον
768 4691 946 4760 εὑρεῖν
973 4689 1234 4760 ἐμαυτοῦ,
1269 4690 1418 4760 μόλις
1456 4690 1587 4742 ποτὲ
1623 4685 1777 4759 εὖρον
1805 4691 1896 4742 τὸν

321 4779 504 4834 δοῦλόν
538 4798 638 4851 μου
668 4781 852 4843 Δαυῖδ,
893 4781 985 4835 τὸν
1019 4781 1083 4834 δι’
1111 4782 1414 4852 ὑπερϐολὴν
1435 4782 1716 4845 εὐσεὸείας
1748 4778 1895 4836 οἷκον

321 4871 413 4922 ἐπὶ
441 4870 543 4939 γῆς
571 4871 855 4942 εύκτήριον
881 4871 1006 4940 ἐμοῖ
1032 4869 1319 4940 δείμασθαι
1357 4871 1516 4941 μόνον
1541 4870 1649 4923 τῶν
1680 4871 1737 4937 ἐξ
1767 4872 1896 4926 αίῶ-

319 4978 408 5023 νος
438 4960 869 5033 διανενοημένον.
898 4962 1095 5034 Διόπερ
1125 4963 1356 5034 ἀμοιϐὴν
1386 4962 1533 5034 αὑτῷ
1555 4965 1652 5034 τῆς
1690 4963 1896 5034 ἀγαθῆς

320 5052 414 5105 καὶ
455 5052 711 5116 εὐσεϐοῦς
745 5054 1124 5126 ¹’προαιρέσεως
1163 5054 1523 5126 δωρούμενος,
1554 5055 1668 5109 ἀνθ’
1693 5051 1753 5109 οὗ
1783 5055 1897 5108 δια-

318 5145 567 5214 νενόηται
617 5144 789 5211 οἴκου,
845 5145 1009 5208 αὑτὸς
1055 5146 1279 5216 ἐμαυτῷ
1327 5146 1460 5200 νεὼν
1513 5147 1775 5216 ποινάγιον
1832 5149 1896 5200 ἐκ

319 5236 632 5306 σπέρματος
664 5236 830 5290 αὑτοῦ
865 5238 1278 5292 κατασκευάσω.
1320 5239 1476 5301 Νεὼς
1518 5240 1628 5310 γὰρ
1673 5235 1742 5310 ἦν
1773 5242 1803 5292 6
1832 5241 1897 5292 ἐκ

319 5326 630 5397 σπέρματος
663 5327 824 5382 Δαυῖδ
845 5327 1084 5396 γεγονὼς
1107 5325 1391 5400 ἄνθρωπος
1418 5331 1508 5384 τοῦ
1537 5329 1898 5401 καταπηνὼ-
1936 5344 1948 5356 ‘

317 5434 508 5482 σαντος
533 5421 590 5472 ἐν
607 5421 756 5491 αὑτῷ
779 5420 915 5474 Θεοῦ
939 5421 1133 5490 Λόγου.
1166 5423 1232 5476 Ὃ
1255 5422 1319 5494 δὴ
1349 5423 1443 5477 καὶ
1468 5423 1631 5487 αὑτὸς
1657 5425 1684 5476 6
1707 5423 1896 5495 Σωτὴρ

317 5510 562 5565 ἐδίδασκε
594 5531 658 5566 πε
669 5514 722 5585 pi.
749 5513 842 5568 τοῦ
874 5515 1005 5569 ἰδίου
1031 5513 1281 5585 σώματος
1301 5515 1495 5585 λέγων·
1523 5520 1760 5570 Λύσατε
1791 5516 1898 5568 τὸν

313 5602 468 5656 ναὸν
491 5603 729 5670 τοῦτον,
763 5607 860 5662 καὶ
886 5608 957 5661 ἐν
980 5607 1182 5676 τρισὶν
1211 5609 1459 5679 ἡμέραις
1481 5608 1661 5679 ἐγερῶ
1685 5609 1896 5667 αὐτόν.

387 5765 430 5796 ³⁸
472 5763 631 5820 ioan.
671 5782 741 5830 ιι,
781 5768 866 5823 l9.

594 5862 867 5924 ΡΑτιιοι..
903 5865 1020 5924 Gn.
1051 5864 1265 5925 XXIII

2003 3229 2094 3277 tus
2127 3230 2230 3286 est,
2278 3236 2402 3275 cum
2452 3237 2548 3290 per
2596 3219 2890 3290 prophetas
2941 3233 3248 3290 sermonem
3283 3220 3486 3273 faceret
3514 3218 3582 3272 de

2004 3314 2098 3369 illo
2117 3315 2210 3384 qui
2234 3329 2301 3367 ex
2324 3313 2533 3368 semine
2553 3313 2720 3367 David
2743 3312 3061 3381 proditurus
3087 3319 3225 3365 erat.
3250 3311 3388 3364 Cum
3411 3311 3579 3377 enim,

2003 3405 2199 3475 inquit.
2230 3405 2446 3459 locutus
2469 3420 2528 3459 es
2558 3404 2613 3458 in
2643 3405 2855 3459 visione
2883 3405 3089 3459 sanctis
3111 3405 3241 3468 tuis,
3274 3413 3326 3459 et
3354 3405 3468 3458 haec
3496 3413 3580 3468 tu,

2003 3496 2167 3563 Deus,
2198 3513 2297 3568 per
2331 3497 2471 3553 ﬁlios
2522 3507 2647 3552 tuos
2671 3497 2965 3567 prophetas
3011 3496 3333 3565 promisisti,
3381 3496 3584 3566 quibus

2004 3589 2314 3645 futurorum
2343 3591 2586 3646 visiones
2619 3591 2896 3653 revelasti,
2929 3605 3026 3660 per
3057 3603 3153 3643 eos
3187 3604 3422 3657 namque
3449 3603 3580 3658 pro-

2003 3683 2296 3739 missiones
2326 3682 2518 3736 Davidi
2549 3681 2780 3747 edebas;
2805 3690 2937 3734 tunc
2975 3680 3062 3734 his
3095 3695 3229 3734 usus
3260 3679 3442 3734 verbis
3473 3695 3532 3734 es
3565 3699 3578 3732 :

2005 3777 2172 3832 Posui
2219 3775 2545 3846 adjutorium
2593 3775 2649 3826 in
2691 3782 2899 3840 potente
2928 3790 2946 3825 :
2979 3771 3213 3825 exaltari
3261 3772 3477 3824 electum
3518 3776 3582 3823 de

2000 3872 2145 3941 plebe
2176 3886 2310 3923 mea.
2347 3867 2454 3920 Pro
2502 3881 2610 3934 quo
2662 3864 3027 3935 Symmachus
3075 3863 3180 3916 hoc
3215 3870 3375 3932 pacto
3411 3863 3582 3915 inter-

2002 3972 2249 4034 pretatus
2293 3971 2398 4022 est,
2453 3960 2619 4014 Posui
2675 3957 3005 4027 adjutorium
3049 3957 3305 4019 virorum,
3348 3956 3581 4008 exaltari

2001 4058 2223 4111 electum
2263 4073 2295 4108 a
2336 4053 2526 4124 populo
2562 4069 2695 4105 meo.
2734 4051 2917 4104 Inveni
2949 4049 3115 4103 David
3149 4064 3354 4102 servum
3383 4064 3577 4111 meum,

2002 4160 2057 4207 et
2077 4151 2287 4219 reliqua
2309 4146 2447 4202 LXX
2480 4144 2914 4214 interpretationi
2940 4142 3136 4197 similia
3165 4161 3178 4194 :
3203 4155 3436 4210 quorum
3467 4139 3580 4193 haec

2003 4250 2088 4298 est
2136 4241 2407 4296 sententia
2443 4257 2456 4292 :
2500 4237 2637 4292 Cum
2680 4237 2736 4289 in
2760 4233 3074 4288 hominibus
3117 4232 3209 4286 diu
3240 4231 3582 4312 multumque

2004 4335 2349 4404 quaesiissem
2378 4332 2555 4385 virum
2604 4345 2690 4385 me
2740 4329 2986 4398 dignum,
3026 4326 3110 4380 vix
3144 4325 3363 4378 tandem
3399 4324 3580 4379 inveni

2005 4425 2175 4479 David
2224 4438 2443 4478 servum
2489 4436 2694 4484 meum,
2745 4419 2838 4488 qui
2871 4417 3073 4486 ingenti
3126 4417 3326 4486 pietate
3373 4422 3576 4475 motus.

2003 4518 2156 4574 solus
2183 4532 2250 4572 ex
2280 4515 2349 4570 iis
2379 4514 2472 4585 qui
2501 4528 2531 4567 a
2563 4512 2764 4567 saeculo
2796 4509 3019 4564 fuerunt
3049 4509 3272 4563 domum
3297 4507 3426 4560 mihi
3455 4522 3581 4560 ora-

2001 4608 2171 4663 tionis
2201 4614 2486 4662 exstruere
2511 4603 2789 4674 cogitavit.
2823 4603 3006 4667 Quare
3031 4601 3157 4653 boni
3189 4599 3372 4668 piique
3397 4598 3580 4652 consi-

2002 4700 2060 4754 lii
2087 4700 2259 4754 vicem
2292 4699 2395 4767 ipsi
2436 4696 2766 4766 rependens,
2810 4709 2907 4763 pro
2946 4694 3111 4748 domo
3142 4705 3304 4760 quam
3337 4690 3580 4743 excitare

2001 4773 2193 4854 voluit,
2220 4790 2350 4843 mihi
2386 4804 2452 4844 ex
2485 4787 2692 4843 semine
2720 4786 2840 4854 ejus
2871 4784 3134 4855 templum
3166 4780 3578 4836 sanctissimum

2002 4878 2451 4936 adornabo.Nam
2472 4877 2565 4947 qui
2585 4892 2649 4931 ex
2672 4876 2878 4930 semine
2903 4872 3072 4926 David
3099 4871 3275 4924 factus
3292 4878 3374 4926 est
3394 4869 3576 4929 homo.

2000 4973 2093 5028 Dei
2141 4970 2306 5026 Verbi
2349 4971 2405 5023 in
2445 4970 2563 5040 ipso
2613 4967 2910 5021 habitantis
2940 4965 3201 5032 templum
3244 4969 3382 5016 erat.
3425 4961 3579 5026 Quod

1999 5065 2163 5121 etiam
2195 5063 2447 5117 Salvator
2478 5063 2593 5124 ipse
2615 5057 2930 5114 docebatde
2965 5071 3194 5125 corpore
3223 5070 3324 5110 suo
3354 5053 3578 5107 dicens:

1999 5153 2196 5208 Solvite
2209 5151 2456 5220 templum
2469 5151 2584 5213 hoc,
2603 5159 2651 5203 et
2669 5150 2721 5202 in
2737 5149 2905 5200 tribus
2918 5147 3100 5200 diebus
3111 5144 3350 5217 excitabo
3366 5143 3502 5210 illud
3515 5144 3579 5196 ³⁸.
3651 5179 3659 5184 .

2001 5245 2180 5314 Atque
2213 5241 2506 5297 admodum
2536 5249 2904 5312 congruenter
2930 5237 3286 5309 promissioni
3320 5236 3390 5289 ad
3423 5235 3584 5290 Davi-

2000 5336 2123 5392 dem
2157 5334 2332 5400 factae,
2364 5331 2512 5388 Deus
2543 5333 2648 5403 ipsi
2676 5333 2856 5386 vicem
2893 5329 3162 5400 rependit.
3209 5327 3350 5394 Quia
3394 5327 3580 5397 igitur,

2000 5427 2198 5498 inquit.
2237 5425 2492 5480 idoneum
2524 5432 2578 5478 et
2609 5423 2834 5494 dignum
2872 5419 3303 5492 promissionum
3336 5432 3581 5472 mearum

2001 5515 2178 5570 virum
2207 5513 2409 5583 reperi,
2445 5511 2703 5567 Davidem
2740 5511 2987 5577 scilicet;
3019 5510 3144 5566 ideo
3168 5507 3584 5580 ipsum'auxilio

2001 5623 2124 5664 meo
2147 5607 2404 5678 dignatus
2449 5620 2595 5674 sum,
2639 5604 2872 5659 electum
2903 5603 3202 5669 declaravi,
3227 5610 3282 5656 et
3309 5614 3474 5670 super
3501 5606 3587 5654 to-

3229 5864 3264 5920 3
3274 5864 3306 5918 ’i
