4068 6394
521 364 661 423 1099

1209 350 1476 421 EUSEBII
1509 354 1989 422 CESARIENSIS
2022 357 2172 422 ore.
2205 358 2385 421 rans
2420 358 2509 423 Ill.
2541 384 2612 408 —-
2648 354 3055 420 EXEGETICA.

3649 368 3790 424 “00

520 490 634 537 tum
676 480 936 551 p‘opulum
972 478 1230 535 esaltavi.
1285 479 1366 535 Ad
1416 482 1532 537 haec
1592 497 1744 546 vero,
1797 482 1925 550 quia
1975 489 2087 553 post

2206 482 2316 536 Kal
2352 483 2553 554 σφόδρα
2590 500 2653 551 γε
2686 481 3034 551 καταλλήλως
3076 483 3140 551 τῇ
3172 479 3265 533 τοῦ
3294 477 3455 534 Δαυῖδ
3483 482 3789 555 ἐπαγγελίᾳ

520 573 747 627 multam
782 570 1259 643 perquisitionem,
1308 572 1487 643 ipsum
1532 573 1708 628 solum
1751 574 2100 643 pollicitatio-

519 679 650 719 num
692 677 936 717 mearum
967 663 1193 734 dignum
1227 663 1440 730 inveni;
1490 665 1648 718 talem
1675 665 2096 734 deprehensum,

519 753 742 825 dignum
777 754 906 808 item
938 753 1106 808 habui
1131 756 1223 824 qui
1255 755 1376 808 oleo
1407 764 1601 809 sancto
1634 770 1754 808 meo
1779 762 2094 825 ungeretur,

516 859 629 915 quo
655 845 831 915 ipsum
862 845 1016 900 elfeci
1042 846 1344 909 Christum,
1377 854 1432 901 et
1458 847 1577 901 hmc
1612 848 1687 901 illi
1720 863 1805 901 me
1836 848 2098 902 beneﬁcia

516 937 845 991 collaturum
872 938 1164 1007 polliceor:
1198 937 1427 991 Dextera
1457 954 1569 991 mea
1594 941 1818 1007 ﬁrmiter
1850 941 1952 1007 ipsi
1974 940 2099 992 ade-

518 1030 613 1095 rit,
646 1039 695 1084 et
736 1030 1006 1084 brachium
1058 1046 1230 1084 meum
1285 1030 1604 1098 confortabit
1650 1049 1768 1085 eum
1801 1049 1819 1086 :
1851 1034 2095 1087 inimicus

514 1137 636 1176 eum
685 1113 791 1176 non
845 1120 1101 1190 decipiet,
1154 1138 1313 1191 neque
1362 1122 1507 1191 ﬁlius
1565 1124 1857 1193 iniquitatis
1906 1126 2095 1195 aﬂliget

513 1229 652 1268 eum.
683 1212 799 1268 Imo
830 1215 991 1266 etiam
1023 1213 1295 1268 concidam
1328 1214 1382 1266 in
1412 1224 1689 1283 conspectu
1719 1216 1831 1284 ejus
1863 1216 2094 1270 odientes

513 1321 656 1366 eum,
702 1316 751 1358 et
797 1305 1077 1375 aﬂligentes
1120 1320 1241 1357 eum
1284 1305 1576 1371 percutiam
1608 1320 1627 1356 :
1659 1306 1997 1374 confirmatio
2046 1315 2095 1358 et

513 1393 693 1462 gratia
730 1410 846 1447 mea
889 1392 1057 1448 aderit
1090 1394 1211 1461 ipsi.
1268 1393 1331 1446 Et
1374 1394 1489 1448 hinc
1529 1395 1750 1465 quidem
1781 1396 1963 1449 omnia
1994 1396 2095 1465 ipsi

516 1482 770 1549 aderunt,
823 1484 1125 1538 secundum
1192 1482 1505 1552 Symmachi
1564 1486 2091 1554 interpretationem.

515 1571 827 1629 Secundum
856 1574 999 1628 LXX
1026 1590 1176 1638 vero,
1206 1572 1401 1629 Manus
1436 1593 1572 1639 mea,
1615 1577 1812 1646 inquit,
1862 1576 2095 1629 auxiliu-

514 1664 656 1718 bitur
701 1666 768 1728 ei,
808 1675 858 1719 et
905 1666 1176 1720 brachium
1228 1683 1398 1720 meum
1442 1666 1763 1736 confortabit
1792 1683 1910 1721 eum
1940 1681 1958 1719 :
1990 1684 2094 1720 non

511 1758 749 1825 proﬁciet
780 1758 1023 1811 inimicus
1057 1759 1111 1811 in
1133 1775 1213 1822 eo,
1243 1768 1292 1812 et
1318 1758 1461 1826 ﬁlius
1492 1759 1789 1829 iniquitatis
1825 1775 1927 1813 non
1961 1759 2093 1828 afﬂi-

2203 574 2295 624 καὶ
2317 574 2344 624 ὁ
2370 572 2501 636 Θεὸς
2526 573 2626 644 τὴν
2652 572 2789 642 πρὸς
2812 570 2973 623 αὑτὸν
3002 568 3233 640 ἀμοιϐὴν
3257 572 3569 643 ἐποιήσατο.
3604 574 3791 627 Ἐπει-

2201 664 2265 734 δὴ
2315 663 2513 727 τοίνυν,
2566 664 2749 733 φησὶν,
2800 660 3102 732 ἐπιτήδειον
3150 656 3306 732 εὖρον
3355 664 3451 716 καὶ
3497 662 3645 728 ἄξιον
3675 665 3789 716 τῶν

2202 752 2350 824 ἐμῶν
2383 754 2726 824 ἐπαγγελιῶν
2774 753 2865 805 τὸν
2915 752 3093 816 Δαυῖδ,
3147 752 3233 806 διὰ
3264 754 3421 807 τοῦτο
3467 756 3788 828 κατηξίωσα

2200 844 2361 897 αὐτὸν
2393 845 2492 915 τῆς
2520 844 2661 914 ἐμῆς
2694 841 2968 913 βοηθείας,
3007 842 3260 894 ἐκλεκτὸν
3289 844 3448 896 αὑτὸν
3474 846 3786 915 ἀποφήνας,

2200 937 2294 988 καὶ
2337 936 2476 1006 ὑπὲρ
2521 936 2698 987 πάντα
2740 933 2831 985 τὸν
2871 934 2999 986 λαὸν
3026 932 3335 1002 ἀνυψώσας.
3381 935 3490 987 Καὶ
3529 934 3607 987 ἔτι
3647 934 3788 1005 πρὸς

2198 1026 2407 1089 τούτοις
2447 1026 2636 1097 ἐπειδὴ
2686 1025 2855 1078 πολλὰ
2900 1024 3163 1095 ζητήσας,
3213 1025 3370 1094 μόνον
3415 1025 3577 1079 αὑτὸν
3623 1021 3791 1096 εὖρον

2200 1118 2348 1184 ἄξιον
2382 1118 2491 1171 τῶν
2524 1117 2674 1188 ἐμῶν
2708 1116 3071 1184 ἐπαγγελιῶν,
3112 1118 3206 1169 καὶ
3247 1117 3424 1188 εὑρὼν
3464 1118 3787 1188 κατηξίωσα

2199 1209 2431 1279 χρίσεως
2474 1208 2568 1261 τοῦ
2611 1209 2768 1278 ἁγίου
2807 1226 2906 1280 μου
2948 1209 3153 1271 ἐλαίου.
3192 1209 3257 1262 δι’
3290 1201 3350 1261 οὗ
3404 1210 3499 1263 καὶ⁵
3544 1212 3787 1281 Χριστὸν

2198 1302 2359 1355 αὑτὸν
2402 1302 2847 1373 ἀπειργασάμην,
2903 1303 2995 1354 καὶ
3038 1301 3212 1354 ταῦτα
3250 1300 3397 1371 αὐτῷ
3429 1301 3784 1372 δωρήσασθαι

2197 1394 2619 1465 ἐπαγγέλλομαι-
2663 1394 2724 1448 Ἠ
2742 1391 2909 1456 δεξιά
2928 1410 3047 1461 μου
3071 1393 3330 1459 βεϐαίως
3353 1392 3647 1447 συνέσται
3674 1396 3785 1446 αὑά

2195 1484 2296 1551 τῷ,
2350 1485 2448 1538 καὶ
2481 1486 2811 1553 όβραχίων
2855 1502 2974 1553 μου
3028 1482 3345 1550 στερεὼσει
3393 1485 3600 1538 αὐτόν.
3655 1487 3781 1537 Οὐκ

2194 1576 2561 1644 ἐξαπατήσει
2596 1579 2781 1630 αὑτὸν
2812 1574 3047 1644 ἐχθρὸς,
3075 1574 3218 1628 οὐδὲ
3242 1575 3368 1641 υίὸς
3398 1575 3634 1642 ἀδικίας
3671 1593 3780 1629 κα-

2194 1668 2373 1722 κώσει
2392 1669 2597 1723 αὐτόν.
2633 1667 2809 1721 Ἀλλὰ
2838 1666 2938 1720 καὶ
2969 1669 3258 1736 συγκόψω
3288 1666 3403 1721 ἀπὸ
3438 1666 3782 1736 ἔμπροσθεν

2193 1758 2381 1813 αὑτοῦ
2434 1758 2577 1824 τοὺς
2612 1758 2948 1826 μισοῦντας
2996 1757 3204 1821 αὑτὸν,
3256 1759 3355 1812 καὶ
3405 1759 3547 1826 τοὺς
3594 1777 3777 1814 κακο-

510 1859 595 1920 get
623 1853 815 1919 ipsum.
859 1849 925 1903 Et
954 1848 1229 1903 concidam
1263 1867 1295 1903 a
1323 1849 1459 1918 facie
1484 1850 1649 1917 ipsius
1682 1850 1925 1903 inimicos
1954 1849 2087 1919 ejus,

2197 1850 2518 1915 ποιοῦντας
2544 1849 2733 1904 αὑτὸν
2764 1849 3027 1913 πατᾶξωο
3062 1852 3100 1917 ἠ
3132 1848 3201 1901 δὲ
3232 1850 3561 1917 ,ϐεϐαίωσις
3600 1852 3701 1905 καὶ
3734 1853 3777 1916 ἡ

508 1952 561 1997 et
588 1942 816 1996 odientes
838 1958 956 1995 eum
988 1942 1043 1995 in
1083 1942 1261 2011 fugam
1300 1951 1621 1996 convertam.
1654 1939 1723 1993 Et
1750 1942 1942 1995 veritas
1974 1956 2087 1993 mea

2195 1938 2369 2009 χάρις
2408 1939 2527 2008 μοῦ
2572 1939 2868 1992 συνέσται
2906 1937 3082 2003 αὑτῷ.
3126 1940 3237 1991 Kal.
3272 1940 3446 1995 ταῦτα
3492 1941 3591 2011 μὲν
3623 1943 3777 2013 αὐτῷ

510 2042 559 2086 et
590 2032 955 2087 misericordia
988 2050 1103 2086 mea
1132 2040 1251 2086 cum
1286 2032 1430 2100 ipso;
1480 2046 1542 2086 ac
1573 2031 1791 2087 demum
1824 2041 1946 2102 post
1974 2031 2087 2086 haec

2195 2030 2371 2083 πάντα
2419 2029 2573 2082 ἔσται
2618 2029 2761 2083 κατὰ
2808 2028 2906 2100 τὴν
2948 2030 3042 2082 τοῦ
3095 2031 3394 2101 Συμμάχου
3450 2033 3772 2102 ἑρμηνείαν·

508 2126 712 2189 omnia,
744 2126 796 2178 in
832 2126 1037 2179 nomine
1068 2142 1180 2178 meo
1210 2123 1536 2178 exaltabitur
1577 2140 1740 2178 cornu
1774 2124 1912 2193 ejus.

2195 2122 2340 2175 κατὰ
2388 2121 2445 2175 δὲ
2493 2123 2618 2185 τοὺς
2679 2121 3113 2194 Ἐϐδομήκοντα·
3160 2125 3221 2178 Ἡ
3263 2124 3392 2192 χείρ
3428 2143 3569 2194 μου,
3618 2128 3775 2196 φησὶ,

504 2219 1024 2289 συναντιλήψεται
1067 2220 1247 2284 αὐτῷ,
1288 2220 1386 2273 καὶ
1432 2224 1462 2273 ό
1490 2220 1763 2288 ,ϐραχίων
1788 2236 1909 2288 μου
1938 2218 2295 2288 κατισχύσει
2342 2217 2549 2271 αὑτόν.
2609 2218 2731 2270 Οὐκ
2776 2215 3075 2285 ὠφελήσει
3120 2217 3333 2286 ἐχθρὸς
3370 2217 3439 2270 ἑν
3472 2218 3775 2282 αὑτῷ,καὶ

505 2313 639 2378 υίὸς
670 2312 924 2380 ἀνομίας
946 2314 1021 2365 οὐ
1042 2310 1299 2364 κακώσει
1328 2312 1533 2365 αὑτόν.
1560 2310 1671 2365 Kal
1700 2312 1989 2380 συγκόψω
2016 2310 2135 2365 ἀπὸ
2161 2307 2485 2377 προσώπου
2517 2307 2704 2361 αὑτοῦ
2744 2307 2885 2373 τοὺς
2922 2307 3177 2376 ἐχθροὺς
3215 2307 3426 2373 αὑτοῦ,
3472 2308 3572 2363 καὶ
3627 2309 3774 2375 τοὺς

504 2403 837 2472 μισοῦντας
870 2403 1057 2456 αὑτὸν
1072 2401 1473 2472 τροπὼσομαι.
1498 2403 1608 2457 Kal
1643 2404 1681 2471 ή
1711 2401 1960 2469 ἀλήθειά
1980 2418 2100 2471 μου
2137 2400 2239 2454 καὶ
2264 2398 2331 2453 τὸ
2348 2399 2519 2466 ἔλεός
2538 2417 2657 2469 μου
2680 2398 2806 2468 μετ’
2842 2398 3049 2453 αὐτοῦ’
3085 2398 3183 2452 καὶ
3204 2398 3378 2466 τέλος
3402 2402 3554 2470 μετὰ
3583 2389 3773 2457 ταῦτα

506 2490 724 2555 πάντα,
756 2492 827 2546 ἐν
850 2490 929 2556 τῷ
956 2492 1203 2561 ὀνόματί
1229 2510 1348 2562 μου
1381 2492 1767 2562 ὑψωθήσεται
1794 2493 1860 2546 τὸ
1897 2491 2076 2560 κέρας
2099 2491 2308 2547 αὑτοῦ.

577 2608 692 2669 Hoc
731 2619 914 2667 autem
955 2626 1127 2666 cornu
1176 2611 1296 2681 ejus
1341 2626 1409 2667 ex
1456 2610 1576 2682 ipso
1616 2612 1982 2681 proditurum,
2031 2617 2087 2665 et

506 2704 775 2774 templum
803 2718 872 2759 ex
921 2704 1133 2759 semine
1158 2703 1334 2774 ipsius
1380 2703 1514 2757 mihi
1554 2703 1903 2759 excitandum
1950 2709 2082 2757 est:

506 2797 795 2866 ipsumque
825 2810 997 2850 cornu
1033 2795 1156 2865 ejus
1202 2796 1259 2849 in
1299 2794 1521 2850 nomine
1564 2811 1688 2851 meo
1716 2795 2083 2863 exaltabitur;

505 2888 731 2942 nomine
784 2888 986 2958 quippe
1040 2894 1096 2941 et
1161 2886 1523 2958 appellatione
1579 2902 1699 2942 mea
1748 2886 2082 2957 dignabitur.

505 2978 1055 3034 Denominationibus
1079 2977 1224 3033 enim
1266 2977 1405 3033 meis
1436 2976 1869 3048 nunc‘upabitur,
1903 2982 1958 3031 et
1987 2990 2085 3045 ap-

505 3071 899 3143 pellationibus
948 3084 1165 3141 quoque
1212 3068 1350 3124 meis
1397 3068 1540 3138 apud
1581 3082 1775 3123 omnes
1817 3066 2084 3122 esalt‘abi-

504 3170 617 3216 tur.
669 3161 1036 3228 Quamobrem
1084 3159 1337 3230 superius
1376 3158 1683 3224 dicebatur,
1735 3156 1806 3211 Et
1845 3159 1903 3211 in
1932 3154 2085 3211 bene-
2113 3195 2156 3254 ο

502 3253 701 3322 placito
729 3261 819 3308 tuo
849 3251 1174 3308 exaltabitur
1215 3268 1379 3305 cornu
1411 3264 1670 3305 nostrum.
1716 3248 1822 3304 Sed
1850 3248 2086 3320 prophe-

505 3354 686 3399 tarum
717 3345 939 3415 quidem
982 3345 1184 3400 chorus
1227 3344 1307 3399 sic
1348 3344 1600 3414 superius
1636 3341 1804 3396 Deum
1844 3342 2082 3413 alloque-

497 3434 689 3501 ‘hatur,
740 3435 809 3489 Et
841 3436 899 3490 in
948 3436 1269 3506 beneplacito
1306 3445 1395 3490 tuo
1427 3432 1754 3490 exaltabitur
1786 3448 1949 3486 cornu
1990 3449 2086 3485 no-

493 3538 674 3582 ’strum
696 3543 715 3592 ,°
753 3528 865 3597 jam
912 3543 1043 3582 vero
1082 3528 1199 3598 ipse
1230 3527 1396 3591 Deus,
1421 3526 1693 3597 promissa
1726 3522 1915 3578 Davidi
1958 3523 2084 3579 data

504 3620 755 3686 ell‘erens,
775 3631 970 3675 caetera
998 3622 1181 3677 omnia
1216 3620 1301 3675 his
1322 3620 1596 3691 obsignat,
1632 3619 1697 3673 In
1733 3618 1940 3672 nomine
1973 3633 2084 3671 meo

489 3711 829 3765 'exaltabitur
858 3729 1021 3767 cornu
1056 3713 1192 3782 ejus,
1230 3713 1509 3767 Christum
1543 3728 1610 3767 ex
1635 3725 1700 3765 eo
1739 3708 2082 3780 proditurum

487 3805 820 3876 ‘signiﬁcans
843 3850 858 3872 ,
888 3807 981 3876 qui
1012 3822 1120 3860 non
1154 3806 1315 3860 modo
1346 3805 1756 3876 prophetarum,
1793 3803 1887 3858 sed
1919 3802 2082 3856 etiam

486 3894 726 3953 4Davidis
766 3912 937 3951 cornu
983 3904 1247 3952 vocatur:
1274 3897 1341 3952 de
1383 3912 1493 3967 quo
1542 3897 1644 3952 sub
1692 3906 1805 3950 haec
1847 3893 2080 3962 adjicit:

504 3986 764 4043 --—VEns.
796 3989 989 4044 26-99.
1020 3987 1088 4042 Et
1126 4004 1321 4057 ponam
1366 3990 1420 4042 in
1449 3990 1587 4042 mari
1620 4004 1833 4041 manum
1862 3986 1996 4055 ejus,
2034 3994 2084 4038 et

480 4082 559 4133 "in
588 4080 895 4149 ﬂuminibus
925 4079 1195 4134 dexteram
1224 4079 1358 4148 ejus.
1398 4076 1519 4148 Ipse
1547 4078 1807 4132 invocabit
1839 4092 1938 4139 me,
1972 4075 2083 4128 Pa-

508 4179 586 4223 ter
617 4186 761 4224 meus
796 4186 849 4223 es
884 4179 960 4234 tu,
993 4168 1135 4224 Deus
1171 4186 1315 4224 meus
1338 4181 1386 4222 et
1414 4178 1685 4237 susceptor
1711 4166 1901 4222 salutis
1930 4182 2078 4220 mea.

485 4251 575 4313 Ἐι
607 4278 700 4331 ego
729 4263 1129 4331 primogenitum
1152 4276 1342 4328 ponam
1372 4260 1547 4323 illum,
1576 4260 1839 4313 excelsum
1864 4273 1973 4326 prce
1999 4272 2083 4311 re-

486 4349 653 4421 ‘gibus
677 4359 851 4405 terrae.
889 4349 956 4404 In
999 4361 1251 4406 aternum
1292 4350 1509 4405 servabo
1549 4351 1629 4404 illi
1664 4347 2081 4403 misericordiam

502 4457 697 4504 meam,
732 4449 782 4494 et
813 4449 1180 4494 testamentum
1213 4453 1383 4494 meum
1406 4439 1559 4510 ﬁdele
1582 4441 1699 4507 ipsi.
1733 4437 1790 4491 Si
1825 4438 1949 4507 quis
1984 4437 2082 4490 ho-

2265 2606 2437 2661 Τοῦτο
2468 2608 2525 2661 δὲ
2553 2608 2615 2661 τὸ
2642 2608 2810 2679 κέρας
2842 2607 3009 2661 αὐτοῦ
3043 2606 3103 2660 τὸ
3140 2608 3331 2677 μέλλον
3361 2607 3419 2673 ἐξ
3448 2609 3613 2664 αὑτοῦ
3644 2629 3776 2683 προ-

2191 2700 2529 2763 ελεύσεσθαι,
2552 2701 2646 2754 καὶ
2670 2704 2698 2754 ό
2724 2699 2861 2765 νεὼς
2890 2703 2919 2754 6
2947 2704 3009 2754 ἐκ
3034 2701 3348 2772 σπέρματος
3369 2702 3532 2756 αὐτοῦ
3562 2705 3776 2775 μέλλων

2195 2809 2285 2861 μοι
2319 2791 2846 2857 κατασκευάζεσθαιο
2887 2793 3024 2863 ὅπερ
3064 2792 3232 2864 κέρας
3270 2794 3435 2847 αὐτοῦ
3467 2796 3524 2850 ἐν
3551 2795 3627 2866 τῷ
3656 2797 3776 2851 ὀνό-

2194 2883 2324 2954 ματί
2359 2902 2461 2955 μου
2493 2883 2856 2956 ὑψωθήσεται·
2888 2884 3351 2957 καταξιωθήσεται
3384 2885 3493 2958 γὰρ
3514 2888 3608 2941 τοῦ
3636 2887 3775 2959 ἐμοῦ

2189 2974 2453 3045 ὀνόματος
2497 2976 2593 3027 καὶ
2639 2978 2740 3047 τῆς
2789 2978 2928 3049 ἐμῆς
2980 2978 3369 3051 προσηγορίας.
3428 2979 3773 3049 Χρηματίσει

2191 3064 2322 3133 γοῦν
2354 3066 2450 3119 καὶ
2480 3066 2613 3120 αὐτὸ
2638 3070 2750 3132 τοῖς
2780 3070 2932 3139 ἐμοῖς
2965 3074 3393 3141 χρηματισμοῖς,
3434 3072 3528 3124 καὶ
3552 3071 3640 3125 διὰ
3664 3072 3777 3125 τῶν

2191 3156 2340 3227 ἐμῶν
2368 3158 2754 3230 προσηγοριῶν
2779 3160 2931 3231 παρὰ
2955 3164 3067 3225 τοῖς
3095 3163 3260 3216 πᾶσιν
3287 3162 3652 3232 ὑψωθήσεται.
3680 3163 3775 3216 Διὸ

2195 3248 2289 3301 καὶ
2318 3248 2375 3301 ἐν
2404 3251 2518 3311 τοῖς
2553 3248 2861 3320 ἔμπροσθεν
2901 3249 3139 3320 ἐλέγετο,
3167 3251 3278 3305 Καὶ
3313 3253 3384 3305 ἐν
3420 3251 3501 3320 τῇ·
3527 3252 3772 3320 εὐδοκία

2192 3354 2309 3394 σου
2338 3340 2722 3410 ὑψωθήσεται
2753 3342 2820 3396 τὸ
2854 3343 3032 3411 κέρας
3068 3344 3255 3413 ἡμῶν.
3295 3345 3435 3397 Ἀλλ’
3467 3348 3495 3399 6
3533 3345 3629 3415 μὲν
3662 3346 3772 3398 τῶν

2193 3432 2485 3503 προφητῶν
2516 3433 2673 3505 χορὸς
2714 3434 2851 3505 πρὸς
2892 3435 2985 3488 τὸν
3032 3435 3165 3489 Θεὸν
3206 3436 3472 3506 ἀνεφώνει
3508 3437 3773 3508 πρότερον

2190 3522 2383 3591 λέγων,
2418 3525 2526 3577 Kal
2542 3523 2695 3593 ἐντῇ
2714 3524 2959 3594 εὐδοκία
2973 3542 3091 3580 σου
3106 3527 3489 3595 ὑψωθήσεται
3508 3528 3575 3581 τὸ
3592 3527 3771 3595 κέρας

2190 3611 2377 3682 ἡμῶν·
2410 3613 2570 3676 αὐτὸς
2600 3613 2657 3666 δὲ
2684 3613 2779 3666 νῦν
2811 3613 2839 3665 6
2873 3613 3005 3676 Θεὸς
3037 3613 3134 3676 τὰς
3163 3615 3494 3682 ἐπαγγελίας
3524 3613 3768 3684 περὶτοῦ

2190 3704 2353 3757 Δαυῒδ
2379 3704 2718 3775 ποιούμενος,
2748 3706 3162 3776 ἐπισφράγισμα
3192 3706 3412 3759 ὶπάντων
3445 3705 3769 3776 προστίθησι

2191 3796 2285 3848 καὶ
2313 3796 2393 3861 τὸ,
2427 3798 2522 3849 Ἐν
2554 3795 2634 3860 τῷ
2663 3796 2906 3861 ὀνόματί
2937 3814 3057 3866 μου
3088 3797 3473 3866 ὑψωθήσεται
3500 3797 3565 3849 τὸ
3591 3796 3771 3865 κέρας

2189 3887 2395 3951 αὑτοῦ,
2423 3888 2513 3940 τὸν
2548 3887 2607 3953 ἐξ
2643 3889 2808 3943 αὐτοῦ
2850 3889 3311 3961 προελευσόμενον
3340 3888 3575 3959 Χριστὸν
3600 3887 3771 3958 δηλώδ

2192 3996 2309 4041 σας,
2332 3980 2512 4051 ’κέρας
2544 3981 2604 4033 οὐ
2652 3981 2811 4047 μόνον
2852 3982 2947 4034 καὶ
2974 3979 3288 4051 προφητῶν,
3318 3978 3453 4033 ἀλλὰ
3480 3979 3574 4032 καὶ
3602 3979 3768 4033 αὐτοῦ

2188 4072 2283 4125 τοῦ
2317 4071 2478 4125 Δαυῒδ
2505 4074 2916 4145 ὠνομασμένον·
2945 4073 3074 4143 περὶ
3098 4066 3159 4124 οὗ
3190 4073 3317 4140 ἐξῆς
3352 4072 3613 4140 ἐπιλέγει·
3656 4073 3767 4125 Kal

2190 4162 2449 4231 θήσομαι
2487 4164 2557 4217 ἐν
2597 4163 2877 4233 θαλάσσῃ
2927 4164 3094 4233 χεῖρα
3118 4164 3326 4226 αὑτοῦ,
3353 4164 3450 4218 καὶ
3481 4165 3550 4217 ὲν
3588 4178 3769 4222 ποτα.-

2183 4254 2319 4324 μοῖς
2347 4254 2556 4319 δεξιὰν
2586 4256 2792 4312 αὑτοῦ.
2835 4258 3020 4322 Αὐτὸς
3069 4256 3493 4309 ἐπικαλέσας-ταί
3525 4271 3621 4325 με·
3650 4259 3769 4309 Πα-
3805 4286 3815 4297 ι

2187 4347 2297 4413 τήρ
2331 4364 2449 4415 μου
2491 4342 2551 4400 εἴ
2592 4347 2694 4412 σὺ,
2740 4349 2879 4414 Θεός
2921 4364 3041 4415 μου
3088 4347 3187 4399 καὶ
3236 4346 3615 4416 ἀντιλήπτωρ
3661 4346 3769 4415 τῆς

2186 4439 2482 4505 σωτηρίας
2499 4455 2636 4507 μουο
2674 4440 2833 4509 κάγὼ
2867 4441 3246 4507 πρωτότοκον
3274 4438 3531 4508 θήσομαι
3558 4439 3767 4503 αὑτὸν,

482 4534 625 4584 ἰἰιῐη
652 4532 975 4586 sententiam
1004 4533 1317 4588 accuratius
1354 4530 1675 4603 perpendat,
1713 4530 1826 4583 bene
1866 4544 1975 4581 non
2014 4528 2081 4583 de

2191 4530 2433 4598 ὑψηλὸν
2463 4530 2622 4597 παρὰ
2668 4530 2791 4596 τοῖς
2834 4531 3169 4595 βασιλεῦσι
3207 4531 3317 4600 τῆς
3359 4531 3493 4601 γῆς.
3530 4533 3635 4598 Είς
3664 4533 3771 4586 τὸν

484 4621 733 4686 "Davide,
765 4622 861 4678 sed
890 4623 958 4677 de
986 4638 1180 4685 cornu,
1221 4624 1365 4693 quod
1398 4639 1463 4678 ex
1503 4622 1706 4675 Davide
1735 4621 2078 4691 proditurum

504 4722 644 4778 erat,
665 4715 1030 4782 praenuntiata
1055 4730 1178 4769 esse
1196 4715 1582 4784 deprehendet.
1609 4712 1745 4766 Nam
1764 4729 1887 4766 cum
1907 4712 2085 4767 dixis-

2183 4620 2369 4673 αἰῶνα
2390 4620 2640 4689 φυλάξω
2665 4622 2825 4686 αὑτῷ
2856 4622 2923 4675 τὸ
2947 4623 3120 4688 ἔλεός
3142 4641 3282 4691 μου,
3312 4625 3411 4677 καὶ
3443 4623 3481 4689 ’ή
3509 4624 3768 4692 Διαθήκη

2176 4729 2295 4779 μου
2332 4711 2516 4780 πιστὴ
2556 4712 2736 4777 αὐτῷ.
2768 4713 2836 4765 Εἴ
2858 4730 2942 4776 τις
2972 4709 3214 4786 ἀέριϐῶς
3238 4716 3546 4786 ἐπιστήσειε
3568 4717 3633 4785 τῇ
3654 4714 3768 4767 τῶν

484 4812 610 4872 ‘set,
652 4805 720 4859 Et
752 4807 807 4859 in
862 4808 1069 4860 nomine
1112 4823 1223 4860 meo
1266 4807 1593 4860 exaltabitur
1635 4822 1799 4859 cornu
1840 4805 1975 4873 ejus,
2014 4804 2082 4858 de

2191 4804 2487 4873 λεγομένων
2533 4805 2760 4875 διανοίᾳ,
2820 4804 2968 4876 εὖροι
3020 4804 3085 4858 ἂν
3140 4806 3315 4860 ταῦτα
3369 4808 3429 4858 οὐ
3487 4807 3615 4877 περὶ
3673 4806 3767 4859 τοῦ

484 4907 678 4946 'cornu
712 4893 805 4946 illo
828 4894 1009 4947 Statim
1046 4893 1351 4963 subjunxit,
1382 4894 1585 4947 Ponam
1611 4895 1665 4948 in
1698 4895 1838 4947 mari
1865 4910 2079 4947 manum

505 4983 642 5049 ejus,
667 4983 876 5037 scilicet
904 4998 1074 5036 cornu
1108 4984 1275 5043 illius.
1314 4991 1366 5037 et
1391 4994 1584 5037 caetera
1618 5003 1629 5036 :
1655 4998 1775 5052 quae
1799 4982 1982 5036 omnia
2010 4982 2079 5036 ad

506 5073 782 5127 Christum
816 5089 881 5127 ex
916 5075 1123 5129 semine
1154 5073 1324 5128 David
1345 5075 1683 5129 nasciturum
1715 5073 1920 5129 referre
1947 5087 2081 5126 con-

508 5164 673 5217 venit.
718 5162 852 5217 Nam
888 5164 934 5219 si
966 5163 1089 5233 quis
1124 5162 1313 5218 isthme
1344 5179 1454 5217 non
1500 5178 1565 5216 eo
1599 5163 1761 5217 modo
1792 5162 2078 5232 intelligat,

504 5254 605 5309 sed
641 5255 710 5309 ad
742 5254 1000 5313 Davrdem
1038 5253 1258 5318 referat,
1304 5255 1477 5324 ipsius
1505 5270 1637 5309 sane
1670 5256 1937 5310 sententia
1968 5270 2080 5308 non

511 5347 814 5401 consistet:
847 5347 1121 5416 quomodo
1153 5348 1297 5401 enim
1334 5346 1477 5401 Deus
1508 5346 1728 5401 Davidis
1762 5361 1983 5400 manum
2027 5346 2081 5400 in

502 5441 648 5493 mari
679 5440 925 5509 posuerit
952 5452 1006 5495 et
1046 5440 1102 5494 in
1149 5438 1465 5496 ﬂuminibus
1494 5440 1773 5494 dexteram
1808 5438 1949 5507 ejus,
1984 5453 2083 5492 ex-

510 5528 673 5598 plicet
702 5528 796 5598 qui
824 5529 1077 5584 voluerit.
1105 5528 1289 5599 Neque
1318 5530 1464 5584 enim
1494 5528 1660 5583 David
1688 5529 1976 5583 maritimae
2007 5544 2087 5583 re-

496 5621 656 5687 gioni
695 5622 1001 5690 imperavit.
1053 5622 1161 5676 Aut
1197 5638 1295 5676 cur
1325 5623 1394 5677 de
1440 5621 1641 5675 Davide
1680 5620 1914 5684 dicatur,
1966 5619 2084 5688 Ipse

508 5710 769 5766 invocabit
799 5729 898 5776 me,
949 5713 1112 5767 Pater
1147 5731 1288 5769 meus
1332 5732 1385 5768 es
1426 5723 1480 5766 tu
1505 5730 1521 5767 :
1546 5725 1594 5767 et
1634 5730 1727 5784 ego
1760 5715 2085 5784 primogeni-

514 5810 832 5871 tumponam
864 5805 1012 5859 illum
1037 5808 1061 5861 ?
1091 5805 1205 5871 Qua
1231 5806 1295 5861 de
1320 5822 1482 5861 causa
1508 5805 1652 5860 enim
1686 5806 1891 5875 potius,
1921 5820 2084 5876 quam

2181 4891 2366 4955 Δαυῒδ,
2393 4893 2528 4946 ἀλλὰ
2552 4895 2679 4964 περὶ
2712 4892 2805 4946 τοῦ
2836 4894 3299 4965 προελευσομένου
3322 4896 3378 4963 ἐξ
3399 4895 3563 4949 αὐτοῦ
3593 4897 3767 4966 κέρως

2188 4985 2653 5056 προφητευόμενα.
2690 4984 2872 5037 Εἰπὼν
2902 4986 3010 5057 γὰρ
3035 4988 3065 5037 6
3088 4986 3264 5055 λόγος,
3289 4988 3395 5040 Kal
3428 4988 3498 5040 ἐν
3528 4987 3609 5052 τῷ
3636 4989 3769 5041 ὀνό-

2182 5074 2326 5142 ματί
2380 5092 2499 5142 μου
2545 5074 2928 5143 ὑψωθήσεται
2972 5074 3038 5128 τὸ
3082 5076 3263 5145 κέρας
3308 5078 3513 5143 αὑτοῦ,
3550 5082 3771 5131 ἐπισυν-

2190 5164 2350 5217 άπτει
2379 5169 2505 5236 περὶ
2554 5166 2646 5219 τοῦ
2689 5166 2885 5237 κέρως,
2922 5168 3016 5220 καὶ
3058 5168 3225 5237 λέγει·
3264 5169 3531 5238 Θήσομαι
3559 5171 3629 5223 ἐν
3667 5173 3770 5223 θα-

2187 5255 2393 5323 λάσσῃ
2434 5256 2599 5325 χεῷα
2625 5258 2834 5321 αὑτοῦ,
2865 5258 3023 5327 δῆλον
3046 5260 3090 5312 δ’
3122 5262 3205 5313 ὅτι
3235 5259 3329 5313 τοῦ
3352 5262 3551 5332 κέρως,
3589 5262 3684 5313 καὶ
3702 5261 3771 5314 τὰ

2190 5347 2333 5417 ἑξῆς
2358 5349 2452 5401 καὶ
2474 5347 2701 5418 ἁρμόζει
2726 5365 2789 5417 γε
2812 5348 3062 5402 ἐντεῦθεν
3094 5361 3271 5404 nava
3298 5350 3390 5402 ἐπὶ
3418 5350 3508 5403 τὸν
3533 5350 3771 5421 Χριστὸν

2189 5440 2280 5492 τὸν
2312 5441 2376 5491 ἐκ
2422 5441 2731 5511 σπέρματος
2774 5441 2939 5495 Δαυῖδ
2978 5443 3343 5514 γενησόμενον
3376 5442 3767 5513 ἀναφέρεσθαι.

2190 5532 2254 5584 Εἰ
2284 5530 2414 5600 γοῦν
2444 5549 2526 5595 τις
2561 5533 2633 5603 μὴ
2660 5531 2849 5586 τοῦτον
2883 5534 3101 5587 ἐκλάόοι
3130 5535 3222 5588 τὸν
3256 5535 3478 5605 τρόπον,
3527 5534 3643 5587 ἀλλ’
3677 5535 3772 5588 ἐπὶ

2189 5622 2280 5674 τὸν
2313 5622 2475 5675 Δανῒδ
2510 5623 2697 5691 ἀνάγοι
2735 5623 2804 5676 τὰ
2849 5624 3205 5695 προκείμενα,
3240 5626 3540 5689 ἁσὺστατος
3578 5612 3664 5694 εἴη
3703 5622 3774 5678 ἃν

2193 5714 2341 5783 αὑτῷ
2368 5718 2396 5768 6
2423 5716 2598 5783 λόγος.
2632 5716 2755 5779 Πῶς
2778 5716 2887 5788 γὰρ
2917 5717 3010 5770 τοῦ
3031 5718 3194 5771 Δαυῖδ
3219 5720 3277 5771 ἐν
3306 5718 3549 5789 θαλάσσῃ
3583 5716 3772 5782 ἔταξεν

2192 5809 2220 5861 6
2251 5807 2380 5871 Θεὸς
2407 5807 2502 5879 τὴν
2537 5812 2693 5880 χεῖρα
2722 5811 2814 5863 καὶ
2842 5810 2900 5863 ἐν
2936 5814 3199 5882 ποταμοῖς
3227 5812 3323 5884 τὴν
3356 5810 3557 5878 δεξιὰν,
3587 5810 3616 5862 6
3650 5808 3775 5880 βου-
