4068 6404
338 421 478 480 MOI

1359 423 1865 480 COMMENTARIA
1899 424 1969 478 1N
2004 425 2343 483 PSALMOS.

3440 436 3577 492 Ιίθῖ

331 536 557 608 λόμενος
600 535 962 607 ἑρμηνευέτω.
1009 535 1144 589 Οὐδὲ
1188 535 1296 608 γὰρ
1340 539 1642 608 ἐκράτησεν
1673 542 1702 592 6
1738 538 1879 591 Δαυῒᾱ

2002 539 2298 606 Abraham,
2338 548 2432 595 aut
2472 540 2643 610 lsaac,
2679 551 2773 599 aut
2818 544 3005 611 Israel,
3042 554 3136 601 aut
3182 548 3299 617 ipse
3334 549 3575 622 Moyses.

286 672 291 679 .
331 626 433 695 τῆς
470 624 710 696 παράλου
744 623 946 694 χώρας.
982 625 1053 677 Ἣ
1084 625 1201 688 πῶς
1227 627 1353 697 περὶ
1382 626 1477 679 τοῦ
1512 626 1674 680 Δαυῒδ
1706 628 1901 695 λέγοιτ’

330 715 398 767 ἂν
429 714 510 778 τὸ,
538 714 729 783 Αὐτὸς
756 715 1181 770 ἐπικαλέσεται
1206 733 1302 786 με·
1335 717 1537 785 Πατήρ
1565 736 1682 787 μου
1713 714 1773 771 εἷ
1799 720 1898 772 σύ·

323 807 489 876 miij
520 809 897 875 πρωτότοκον
918 808 1173 878 θήσομαι
1204 810 1413 870 αὐτόν;
1449 810 1592 861 Ἀντὶ
1621 810 1764 873 τίνος
1796 810 1879 880 γὰι

2006 833 2127 870 nam
2152 817 2304 870 iuum
2327 819 2593 873 excelsum
2614 836 2725 888 prae
2752 822 2958 892 regibus
2998 827 3191 879 terrae?
3220 824 3577 889 Quandonam
3677 882 3686 890 ,

330 900 529 971 μᾶλλον
560 898 653 951 τοῦ
690 899 955 971 Ἀϐραὰμ,
989 902 1022 971 ἢ
1054 901 1148 954 τοῦ
1193 900 1405 967 Ἰσαὰκ,
1436 902 1470 973 ἢ
1511 900 1605 954 τοῦ
1666 902 1903 972 Ἰσραὴλ,

2006 640 2103 687 aut
2147 632 2313 698 Elias,
2346 641 2440 688 aut
2475 635 2567 687 alii
2600 636 2737 705 justi
2781 647 2834 691 et
2862 638 3137 708 pmphctaa
3178 640 3578 712 primogenitus

2006 722 2103 779 Dei
2133 722 2301 779 David
2333 741 2457 781 esse
2490 728 2746 796 putetur?
2765 728 2866 795 Qui
2890 746 3018 783 vere
3048 730 3246 784 dixerit
3279 730 3443 797 Deus,
3470 733 3580 786 P0-

2006 906 2173 963 David
2204 924 2316 978 pra:
2340 910 2559 980 regibus
2592 930 2643 967 v.
2678 929 2731 982 ε.
2762 912 3078 977 Persarum,
3109 914 3455 985 Scytharum,
3497 916 3580 971 lue

324 990 555 1076 ﬁuit-:06
583 990 824 1055 Μωσέως
842 1031 856 1055 ,
889 992 921 1063 ἢ
956 991 1050 1045 τοῦ
1066 993 1240 1058 Ἠλία,
1268 993 1301 1064 ἢ
1334 993 1443 1046 τῶν
1472 992 1645 1048 ἄλλων
1672 993 1879 1046 δικαίωη

2006 996 2222 1064 dorum,
2268 998 2610 1070 Ethiopum,
2661 1002 2992 1067 Maurorum,
3034 995 3427 1074 Hispanoium,
3460 1004 3576 1061 Bri-

320 1103 380 1139 τε
406 1085 499 1138 καὶ
532 1086 846 1157 προφητῶν,
873 1089 1211 1158 πρωτότοκος
1238 1087 1330 1143 τοῦ
1363 1087 1496 1140 Θεοῦ
1520 1086 1800 1159 νομισθείη
1833 1086 1879 1140 δι⁴

2001 1093 2319 1152 tannorum,
2373 1097 2467 1143 aut
2496 1091 2828 1160 reliquarum
2867 1094 3108 1162 gentium
3140 1097 3413 1152 exaltatus
3455 1097 3579 1151 est?

318 1179 347 1231 6
378 1177 569 1242 Δαυῒδ;
620 1176 744 1241 Πῶς
788 1177 844 1230 δὲ
892 1178 1179 1249 ἀληθεύσει
1225 1179 1361 1249 περὶ
1403 1178 1568 1233 αὐτοῦ
1620 1178 1879 1247 φάσκων‹

2000 1176 2158 1245 Quod
2206 1180 2253 1234 si
2292 1180 2408 1236 haec
2440 1185 2719 1253 acceperis
2761 1183 2827 1239 de
2861 1199 2927 1239 eo
2970 1186 3065 1255 qui
3110 1202 3181 1241 ex
3215 1188 3422 1243 semine
3453 1189 3574 1258 ejus

318 1267 472 1331 Θεὸς,
518 1266 784 1337 ϐήσομαι
834 1268 1022 1322 αὐτὸν
1064 1269 1312 1337 ὑψηλὸν
1364 1269 1526 1337 παρὰ
1566 1268 1689 1335 τοῖς
1720 1270 1879 1333 βασι·

2000 1272 2317 1332 nasciturus
2344 1282 2491 1339 erat,
2526 1274 2845 1331 ﬁrmissime
2877 1284 2931 1332 et
2968 1280 3382 1336 accuratissime
3427 1280 3573 1339 dicta

317 1359 496 1413 λεῦσι
542 1359 654 1429 τῆς
687 1359 832 1430 γῆς;
876 1360 1001 1413 Πότ’
1032 1355 1125 1414 06v
1168 1363 1197 1415 6
1240 1360 1404 1417 Δαυῒδ
1461 1361 1612 1434 παρὰ
1659 1361 1879 1433 Πέρσαις

1999 1378 2303 1434 congruere
2330 1364 2722 1433 deprehendes.

317 1452 469 1523 φέρε,
503 1453 536 1524 ἢ
574 1452 889 1524 Σκύθαις,ἢ
936 1454 1136 1520 Ἰνδοῖς,
1171 1454 1204 1525 ἢ
1239 1455 1506 1525 Αἰθίοψιν,
1544 1457 1577 1527 ἢ
1616 1456 1883 1526 Μαύροις,
1938 1459 1970 1528 ἢ
2027 1458 2277 1524 Σπάνοις,
2318 1459 2351 1531 ἢ
2402 1460 2712 1532 Βρετανοῖς,
2761 1462 2795 1532 ἢ
2862 1465 3013 1535 παρὰ
3051 1469 3163 1529 τοῖς
3206 1464 3411 1529 λοιποῖς
3464 1467 3571 1521 τῶν

316 1546 487 1600 ἐθνῶν
521 1546 831 1617 βασιλεῦσιν
862 1548 1082 1621 eadem
1118 1551 1180 1603 Ei
1217 1550 1275 1604 δὲ
1332 1550 1585 1615 ὲκλάϐοις
1638 1550 1812 1606 ταῦτα
1852 1552 1945 1609 ἐπὶ
1982 1554 2073 1608 τὸν
2112 1556 2178 1609 ἐκ
2223 1555 2538 1626 σπέρματος
2578 1557 2743 1615 αὐτοῦ
2782 1560 3062 1628 γεγονότα,
3112 1561 3434 1630 βεϐαιότατα
3477 1562 3569 1621 καὶ

316 1638 625 1710 κυριώτατα
647 1639 827 1712 εὕροις
849 1642 915 1695 ἂν
938 1643 1316 1713 ἐφαρμόζοντα
1340 1643 1486 1715 αὐτῷ
1512 1644 1580 1698 τὰ
1600 1644 1888 1715 λεγόμενα.

383 1753 669 1825 Μαρτυρεῖ
711 1753 769 1807 δὲ
807 1756 875 1825 τῇ
919 1754 1018 1825 τῆς
1065 1757 1397 1827 προφητείας
1442 1757 1665 1816 ἐκϐάσει
1707 1760 1801 1815 καὶ
1832 1757 1893 1810 τὸ

2068 1756 2377 1828 PrOpbetite
2397 1765 2579 1814 autem
2600 1760 2807 1815 exitum
2838 1760 3163 1817 testiﬁcatur
3177 1760 3530 1835 Evangelium
3551 1807 3568 1832 ,

313 1842 666 1912 Εὑαγγέλιον,
696 1845 755 1897 ὲν
798 1837 843 1913 ᾧ
875 1845 1018 1898 κατὰ
1048 1846 1138 1899 τὸν
1179 1848 1391 1902 Λουκᾶν
1425 1850 1700 1921 Ζαχαρίας
1740 1851 1769 1903 ὁ
1797 1849 1879 1902 τοί

1992 1848 2091 1905 ubi
2117 1848 2420 1904 secundum
2445 1848 2673 1915 Lucam,
2704 1849 3001 1911 Zacharias
3028 1852 3192 1907 etiam
3223 1850 3451 1911 Joannis
3473 1872 3571 1926 pa-

324 1936 568 1989 Ἰωάννου
598 1936 782 2008 πατὴρ
809 1941 1119 2009 προφητικῇ
1143 1938 1369 2011 δυνάμει
1404 1941 1496 1997 καὶ
1535 1941 1696 2004 αὐτὸς
1722 1941 1891 2012 κέρας

311 2029 471 2081 αὑτὸν
513 2027 785 2099 ὠνόμασε.
838 2029 1001 2098 Λέγει
1046 2029 1091 2083 δ’
1136 2026 1230 2087 06v
1260 2033 1289 2084 6
1317 2031 1707 2102 εὐαγγελιστής
1730 2049 1743 2061 ·
1780 2032 1889 2086 Καὶ

311 2122 610 2189 Ζαχαρίας
651 2122 931 2191 ἐπλήσθη
980 2125 1329 2195 Πνεύματος
1371 2126 1567 2196 ἁγίου,
1611 2125 1711 2179 καί
1749 2140 1892 2194 προ-

309 2213 607 2283 εφήτευσε
632 2214 845 2285 λέγων’
887 2218 1233 2288 Εὐλογητὸς
1260 2221 1292 2272 ὀ
1325 2219 1469 2284 Θεὸς
1492 2219 1598 2273 τοῦ
1628 2217 1886 2287 Ἰσραὴλ,

309 2306 400 2359 ὅτι
437 2306 815 2376 ἐπεσκέψατο
843 2307 943 2365 καὶ
974 2309 1227 2378 ἐποίησε
1263 2312 1566 2379 λύτρωσιν
1596 2309 1703 2364 τοῦ
1735 2310 1890 2365 λαοῦ

307 2399 513 2453 αὐτοῦ.
548 2399 661 2454 Καὶ
696 2398 895 2470 ἤγειρε
925 2399 1104 2468 κέρας
1139 2403 1437 2470 σωτηρίας
1479 2402 1622 2471 ἡμῖν
1653 2402 1724 2455 ἐν
1748 2401 1892 2468 οἴκῳ

309 2489 492 2544 Δαυῒδ
541 2490 648 2545 τοῦ
698 2491 911 2557 παιδὸς
954 2492 1162 2546 αὐτοῦ.
1213 2493 1418 2560 Καθὼς
1476 2492 1745 2561 ὲλάλησε
1792 2493 1891 2548 διὰ

308 2583 607 2652 στόματος
647 2582 765 2638 τῶν
804 2583 988 2654 ἁγίων
1030 2584 1132 2639 ἀπ’
1178 2583 1394 2651 αἰῶνος
1430 2582 1751 2653 προφητῶν
1779 2587 1889 2639 αὺ-

307 2674 435 2728 τοῦ.
464 2675 647 2746 Κέρας
670 2676 730 2729 δὲ
758 2677 963 2747 κυρίως
987 2674 1297 2747 ὠνόμασται
1322 2677 1351 2730 6
1372 2676 1602 2749 Χριστὸς
1620 2675 1715 2728 τοῦ
1731 2675 1884 2729 Θεοῦ.

310 2767 401 2820 Διὸ
449 2768 544 2820 καὶ
596 2767 907 2839 μονόκερως
960 2767 1176 2840 εἴρηται
1226 2768 1366 2823 κατὰ
1418 2768 1517 2840 τὴν
1576 2767 1888 2836 φάσκουσαν

309 2859 551 2932 Γραφήν·
586 2858 699 2913 Καὶ
739 2860 1119 2930 ἠγαπημένος
1164 2861 1244 2927 ὡς
1280 2860 1411 2927 υἱὸς
1442 2858 1882 2929 μονοκερὼτωνο

308 2949 540 3021 ἐπείπερ
566 2949 632 3004 δι’
656 2948 819 3003 αὐτοῦ
850 2950 999 3005 πᾶσα
1026 2954 1059 3024 ἡ
1094 2952 1442 3025 ἀντικειμένη
1476 2954 1573 3009 καὶ
1604 2952 1773 3025 ἐχθρὰ
1794 2952 1887 3006 τοῦ

307 3039 443 3092 Θεοῦ
463 3039 690 3111 δύναμις
708 3041 981 3113 ὲνετράπη
1002 3043 1383 3115 κερατισθεῖσα
1400 3046 1492 3098 καὶ
1512 3062 1573 3100 κε
1581 3044 1881 3116 ραῖσθεῖσα,

309 3132 486 3197 Μόνος
529 3133 660 3203 γοῦν
704 3134 780 3203 ὼς
830 3134 1044 3206 ἀληθῶς
1086 3136 1195 3190 τῶν
1242 3138 1549 3209 γενομένων
1589 3136 1683 3191 τοῦ
1722 3137 1886 3190 Δαυῖδ

1994 1949 2080 1993 ter
2106 1940 2425 2009 prophetica
2450 1940 2652 1996 virtute
2684 1942 2865 2012 ipsum
2894 1941 3179 1999 Christum
3206 1958 3382 2000 cornu
3409 1962 3570 2003 voca.

1995 2029 2091 2085 vit.
2128 2030 2219 2085 Ait
2243 2031 2389 2086 enim
2420 2032 2754 2102 evangelista
2784 2051 2798 2088 :
2829 2032 2899 2086 Et
2923 2031 3215 2089 Zacharias
3244 2036 3471 2105 repletus
3490 2049 3568 2093 est

1993 2118 2197 2186 Spiritu
2218 2130 2424 2185 sancto,
2447 2132 2496 2181 et
2516 2121 2839 2191 prophetarit
2866 2122 3065 2188 dicens,
3092 2124 3404 2182 Benedictus
3426 2127 3568 2183 Deus

1993 2212 2189 2278 Israel,
2231 2214 2356 2286 quia
2402 2215 2633 2269 uisitauit
2679 2224 2729 2268 et
2782 2215 2905 2284 fecit
2951 2216 3357 2285 redemptionem
3403 2220 3566 2288 plebis

1991 2322 2124 2362 suae.
2155 2304 2227 2359 Et
2272 2305 2444 2363 erexit
2484 2322 2648 2365 cornu
2689 2307 2881 2361 salutis
2928 2307 3077 2363 nobis
3113 2310 3169 2362 in
3198 2308 3357 2364 domo
3395 2310 3566 2369 David

1993 2398 2142 2467 pueri
2174 2399 2278 2455 sui.
2322 2396 2475 2453 Sicut
2505 2398 2711 2452 locutus
2747 2408 2825 2453 est
2862 2415 2954 2469 per
2979 2415 3036 2453 os
3075 2408 3381 2455 sanctorum
3415 2404 3506 2473 qui
3533 2422 3567 2463 α

1992 2490 2188 2547 seculo
2233 2499 2357 2544 sunt
2396 2489 2772 2559 prophetarum
2819 2490 2934 2559 ejus
2956 2491 3020 2543 ³⁷.
3055 2490 3242 2549 Cornu
3262 2508 3394 2548 vero
3436 2510 3562 2565 pro—

1991 2582 2109 2653 prie
2150 2591 2375 2636 vocatur
2405 2581 2658 2637 Christus
2697 2581 2814 2636 Dei.
2855 2581 3038 2648 Quare
3087 2582 3370 2639 unicornis
3398 2588 3562 2646 etiam

1990 2671 2196 2727 dicitur
2232 2670 2287 2725 in
2335 2669 2645 2742 Scriptura,
2689 2687 2811 2742 quae
2848 2673 2935 2727 sic
2984 2672 3148 2729 habet
3181 2693 3193 2728 :
3225 2672 3297 2728 Et
3340 2674 3563 2736 dilectus

1988 2761 2428 2833 quemadmodum
2456 2763 2601 2832 ﬁlius
2627 2764 2961 2817 unicornium
2985 2763 3029 2795 ³⁸
3058 2780 3075 2817 ;
3107 2764 3235 2834 quia
3258 2781 3356 2836 per
3383 2766 3560 2836 ipsqu

1990 2855 2168 2910 omnis
2189 2854 2505 2910 adversaria
2537 2864 2591 2910 et
2625 2854 2850 2909 inimica
2876 2854 2987 2910 Deo
3020 2855 3196 2911 virtus
3226 2871 3419 2913 eversa
3455 2867 3559 2925 est.

1989 2962 2164 3001 cornu
2203 2947 2449 3016 impetita
2481 2954 2535 3003 et
2559 2947 2803 3017 depulsm
2839 2946 3002 3002 Solus
3026 2948 3210 3018 itaque
3238 2963 3306 3005 ex
3339 2965 3562 3006 succes—

1990 3038 2209 3094 soribus
2248 3036 2489 3102 Davidis,
2531 3036 2691 3094 Jesus
2722 3038 2980 3095 Christus
3008 3038 3263 3095 Salvator
3295 3049 3349 3096 et
3378 3040 3561 3096 Domie

1990 3144 2094 3185 nus
2129 3139 2337 3194 noster,
2366 3144 2435 3183 ex
2486 3131 2694 3187 semine
2724 3130 2845 3200 ejus
2883 3142 3067 3196 natus,
3098 3131 3316 3187 deitatis
3354 3132 3410 3187 in
3441 3133 3562 3204 ipso

308 3225 566 3298 διαδόχων
601 3226 805 3297 Ἰησοῦς
836 3228 1070 3299 Χριστὸς
1091 3230 1120 3281 ὁ
1142 3228 1330 3301 Σωτὴρ
1357 3230 1452 3283 καὶ⁹
1472 3230 1676 3302 Κύριος
1702 3230 1879 3301 ἡμῶν,

1987 3218 2285 3273 habitantis
2328 3234 2523 3285 cornu,
2574 3232 2791 3272 onmem
2839 3217 3146 3275 daemonum
3203 3225 3257 3273 et
3290 3217 3560 3275 idolorum

310 3318 375 3368 ὲκ
408 3316 719 3387 σπέρματος
756 3317 919 3372 αὐτοῦ
957 3319 1234 3390 προελθὼν
1259 3320 1337 3390 τῷ
1367 3321 1558 3392 κέρατι
1584 3320 1686 3391 τῆς
1711 3322 1767 3372 ἐν
1792 3322 1883 3375 αύ-

309 3406 387 3477 τῷ
420 3406 694 3479 θεότητος,
731 3410 910 3465 πᾶσαν
957 3410 1055 3481 τὴν
1098 3411 1417 3484 δαιμονικὴν
1460 3414 1556 3467 καὶ
1603 3414 1883 3484 εἰδωλικὴν

306 3498 615 3569 ἀνατρέψας
647 3501 862 3554 καθεῖλε
906 3502 1131 3574 πλάνην.
1178 3505 1268 3557 Διὸ
1309 3505 1403 3558 καὶ
1445 3505 1611 3577 κέρας
1659 3506 1882 3569 εἰκότως

311 3591 405 3643 καὶ
441 3591 750 3663 μονόκερως
781 3595 839 3647 ὲν
869 3598 979 3660 τοῖς
1012 3598 1179 3667 ἱεροῖς
1209 3596 1522 3667 ὠνόμασται
1550 3596 1745 3665 λόγοις.
1776 3598 1883 3655 Αύ-

305 3679 398 3734 τοῦ
414 3680 490 3744 δὲ,
509 3682 740 3751 καὶιούδὲ
760 3683 991 3757 ἀλλου,ή
1018 3686 1135 3756 χεὶρ
1158 3686 1299 3757 καὶὴ
1321 3684 1468 3750 δεξιὰ,
1491 3686 1881 3757 κατεκυρίευσε

305 3774 405 3845 τῆς
444 3774 769 3847 οἰκουμένης
816 3776 1018 3847 πάσης,
1057 3778 1116 3830 ὲν
1145 3779 1406 3847 ποταμοῖς
1440 3778 1532 3830 καὶ
1564 3777 1875 3841 θαλάσσαις

305 3868 427 3920 ἐπεὶ
459 3868 554 3921 καὶ
597 3868 696 3932 τὰς
733 3870 929 3940 νήσους
971 3870 1079 3923 τῶν
1111 3869 1278 3925 ἐθνῶν
1317 3853 1632 3942 ἐπλήρωσεν
1667 3872 1699 3941 ἡ
1738 3870 1882 3923 διδα-

306 3956 504 4010 σκαλία
540 3959 704 4013 αὐτοῦ
737 3960 830 4013 καὶ
859 3960 1134 4031 πανταχοῦ
1186 3961 1290 4031 γῆς
1332 3961 1535 4033 Κύριον
1580 3962 1744 4016 αὐτὸν
1787 3962 1879 4015 καὶ

304 4046 436 4100 Θεὸν
462 4046 557 4100 καὶ
589 4048 827 4117 βασιλέα,
867 4050 975 4103 πᾶν
1003 4050 1157 4117 γένος
1198 4048 1498 4120 ἀνθρώπων
1535 4047 1875 4119 ἀναγορεύει.

305 4139 527 4207 Ὅμοιον
559 4139 615 4192 δέ
648 4141 763 4192 ἐστι
788 4140 847 4192 τὸ
880 4140 1112 4197 ἐνταῦθα
1138 4140 1367 4210 φάσκον,
1393 4140 1661 4209 ϐήσομαι
1688 4140 1758 4195 ἑν
1780 4143 1879 4194 θα-

300 4227 508 4296 λάσσῃ
539 4230 708 4297 χεῷα
751 4231 935 4283 αὑτοῦ
966 4230 1063 4284 καί
1099 4231 1167 4285 ὲν
1209 4230 1493 4300 ποταμοῖς
1524 4230 1730 4298 δεξιὰν
1767 4231 1875 4283 αὺ-

303 4320 430 4384 τοῦ,
452 4320 529 4390 τῷ
554 4322 611 4377 ὲν
634 4328 709 4374 oat'
740 4321 937 4392 ψαλμῷ
969 4319 1122 4385 αὖθις
1150 4325 1279 4393 περὶ
1311 4323 1474 4377 αὑτοῦ
1508 4323 1739 4391 λέγοντι’
1766 4322 1874 4375 Kal

303 4412 756 4479 κατακυριεύσει
789 4412 906 4467 ἀπὸ
931 4413 1247 4481 θαλάσσης
1275 4414 1385 4480 ἕως
1417 4413 1753 4480 θαλάσσης,
1779 4412 1876 4465 καί

300 4502 417 4555 ἀπὸ
446 4503 712 4573 ποταμοῦ
754 4503 864 4569 ἕως
901 4503 1020 4558 τῶν
1063 4505 1330 4572 περάτων
1353 4505 1465 4575 τῆς
1494 4504 1871 4574 οἰκουμένης.

311 4592 639 4664 Ἀρξάμενος
667 4591 761 4649 οὖν
790 4599 818 4649 6
853 4596 1042 4668 Σωτὴρ
1081 4598 1188 4651 ἀπὸ
1231 4597 1324 4650 τοῦ
1369 4597 1737 4667 βαπτίσματος
1774 4596 1869 4647 τοῦ

301 4684 444 4737 κατὰ
470 4684 562 4739 τὸν
608 4687 876 4759 Ἰορδάνην
914 4688 1158 4759 ποταμοῦ
1185 4689 1283 4761 τὴν
1312 4688 1586 4758 βασιλείαν
1608 4687 1700 4742 τοῦ
1734 4687 1868 4740 Θεοῦ

302 4779 614 4849 κηρύττειν,
641 4781 740 4851 τὴν
767 4783 945 4837 πᾶσαν
968 4782 1283 4853 ἐπλήρωσεν
1308 4780 1649 4851 οἰκουμένην,
1679 4780 1788 4833 Καὶ
1813 4781 1869 4830 ὲν

299 4871 543 4944 Ζαχαρίᾳ
560 4872 615 4928 δὲ
633 4872 709 4943 τῷ
730 4877 980 4947 προφήτῃ
1004 4874 1273 4933 λέλεκται⁹
1297 4872 1472 4941 Χαῖρε
1503 4872 1600 4925 καί
1626 4872 1867 4939 εὐφραί-

298 4981 433 5028 νου,
472 4965 719 5034 θύγατερ
754 4965 919 5019 Σιών·
948 4966 1074 5019 ἰδοὺ
1102 4970 1134 5021 ό
1161 4966 1459 5031 ,βασιλεύς
1486 4982 1601 5019 σου
1636 4964 1870 5033 ἔρχεταί

297 5070 397 5106 σοι
412 5053 603 5121 πραῢς
620 5054 717 5107 καί
731 5054 1090 5123 ἐπιϐεϐηκὼς
1104 5056 1199 5109 ἐπὶ
1217 5052 1536 5124 ὑποζύγιον
1551 5054 1647 5107 καὶ
1665 5052 1829 5105 πῶνίο
1838 5070 1871 5104 ν

296 5145 457 5198 νέον.
489 5145 597 5199 Kal
624 5146 901 5214 κατάρξει
928 5147 1046 5200 ἀπὸ
1072 5147 1387 5215 θαλάσσης
1402 5147 1512 5210 ἕως
1528 5145 1866 5210 θαλάσσης,

297 5238 393 5290 καὶ
409 5237 528 5292 ἀπὸ
546 5238 822 5308 ποταμῶν
833 5239 906 5293 δι’
921 5240 1175 5306 ἐκϐολὰς
1190 5238 1316 5308 γῆς.
1346 5239 1483 5300 Ἀνθ’
1497 5232 1557 5292 οὗ
1571 5238 1632 5291 τὸ
1655 5238 1868 5307 Ἐϐραῖ-

298 5330 392 5383 κὸν
428 5331 691 5401 περιέχει,
723 5331 832 5385 Kal
858 5332 976 5385 ἀπὸ
1008 5330 1287 5399 ποταμῶν
1310 5332 1420 5397 ἓως
1451 5329 1567 5383 τῶν
1599 5327 1869 5397 περάτων

296 5420 400 5489 τῆς
419 5420 551 5491 γῆς.
571 5423 725 5477 Εἴποι
747 5423 794 5475 δ’
823 5423 888 5479 ἄν
912 5441 995 5486 τις
1025 5423 1457 5493 ἀπορρητότερον
1475 5422 1567 5475 καὶ
1586 5420 1758 5483 ἄλλως
1777 5419 1863 5471 διὰ

295 5511 516 5580 τούτων,
548 5515 647 5586 τὴν
685 5515 786 5585 μὲν
814 5513 990 5581 δεξιὰν
1017 5513 1180 5569 αὑτοῦ
1211 5515 1266 5565 ἐν
1296 5515 1556 5583 ποταμοῖς
1587 5510 1859 5579 λέγεσθαι,

292 5603 381 5656 διὰ
399 5603 460 5656 τὸ
492 5604 700 5668 πάντας
722 5606 846 5669 τοὺς
874 5608 939 5659 ἐκ
962 5605 1150 5671 δεξιῶν
1192 5603 1355 5657 αὐτοῦ
1387 5604 1473 5656 διὰ
1502 5602 1725 5673 λουτροῦ
1760 5620 1861 5656 πα-

294 5692 631 5763 λιγγενεσίας
678 5694 1050 5766 καθαίρεσθαι,
1086 5695 1178 5748 καὶ
1219 5694 1317 5763 τῆς
1347 5693 1528 5749 ἐνθέου
1564 5694 1859 5763 ἀναγεννή-

1985 3325 2228 3365 errorem
2276 3325 2403 3365 vere
2460 3325 2525 3364 ac
2572 3309 2818 3371 funditus
2854 3310 3147 3366 destruxit.
3195 3309 3559 3376 Quamobrem

1985 3417 2157 3460 cornu
2181 3410 2235 3458 et
2275 3403 2560 3457 unicornis
2592 3402 2645 3456 in
2696 3403 2870 3457 sacris
2894 3401 3117 3461 Litteris
3164 3401 3360 3457 merito
3396 3418 3558 3456 voca—

1986 3504 2095 3549 tur.
2120 3494 2300 3566 lpsius
2322 3511 2470 3559 vero,
2492 3503 2549 3549 et
2582 3511 2689 3549 nou
2713 3495 2875 3559 alius,
2909 3509 3106 3550 manus
3128 3502 3180 3549 et
3208 3494 3429 3548 dextera
3460 3494 3559 3556 toti

1985 3590 2190 3644 mundo
2227 3590 2509 3649 dominata
2542 3596 2627 3644 est
2652 3590 2708 3643 in
2745 3587 3063 3644 ﬂuminibus
3092 3598 3145 3644 et
3174 3590 3440 3644 maribus.
3475 3587 3557 3641 Si-

1984 3682 2202 3753 quidem
2233 3682 2474 3753 gentium
2516 3683 2724 3737 insulas
2767 3681 2996 3751 replevit
3029 3681 3279 3736 doctrina
3322 3681 3464 3750 ejus,
3505 3690 3559 3737 et

1982 3774 2187 3844 ubique
2214 3780 2486 3828 terrarum
2520 3773 2834 3828 universum
2864 3773 3158 3827 humanum
3181 3787 3353 3842 genus
3373 3770 3557 3827 Domi-

1983 3871 2111 3920 num
2144 3865 2318 3931 illum,
2355 3864 2523 3920 Deum
2556 3872 2611 3919 et
2637 3863 2841 3935 Regem
2880 3864 3139 3933 appellat.
3170 3862 3361 3920 Simile
3391 3878 3556 3933 porru

1981 3966 2067 4013 est
2093 3958 2197 4011 hoc
2228 3957 2458 4019 dictum,
2491 3955 2698 4013 Ponant
2723 3956 2779 4009 in
2822 3956 2961 4009 mari
2989 3970 3203 4009 manum
3240 3953 3376 4023 ejus,
3421 3962 3470 4007 et
3501 3955 3556 4015 in

1984 4045 2293 4115 ﬂuminibus
2327 4045 2601 4103 dexteram
2629 4046 2770 4114 .ejus,
2795 4045 2845 4099 ei
2867 4044 3013 4115 quod
3037 4044 3104 4099 de
3133 4044 3326 4100 eodem
3354 4045 3476 4115 ipso
3500 4047 3551 4098 in

1979 4152 2107 4191 uxr
2170 4137 2383 4207 psalmo
2449 4135 2684 4199 dicitur,
2751 4132 2820 4187 Et
2898 4133 3261 4193 dominabitur
3320 4151 3353 4187 a
3417 4136 3556 4187 mari

1980 4246 2145 4300 usque
2203 4230 2272 4287 ad
2318 4244 2493 4293 mare,
2543 4237 2593 4281 et
2650 4245 2684 4280 a
2724 4228 2943 4297 ﬂumine
2985 4244 3147 4297 usque
3202 4228 3271 4281 ad
3306 4229 3553 4284 terminos

1980 4322 2121 4375 orbis
2180 4328 2462 4374 terrarum.
2514 4319 2651 4373 Cum
2708 4318 2967 4387 cmpisset
3021 4318 3167 4372 enim
3212 4317 3468 4372 Servator
3524 4336 3552 4370 a

1978 4411 2306 4482 baptismate
2364 4409 2434 4464 ad
2497 4408 2790 4465 Jordanem
2857 4408 3084 4464 ﬂuvium
3148 4418 3406 4478 suscepto
3464 4424 3553 4464 re-

1978 4517 2145 4571 gnum
2207 4501 2299 4557 Dei
2352 4500 2688 4570 pradicare,
2734 4508 2909 4555 totum
2959 4499 3188 4569 replevit
3231 4499 3443 4553 orbem.
3494 4496 3553 4560 in

1981 4593 2258 4665 Zacharia,
2304 4608 2436 4647 vero
2484 4593 2749 4661 propheta
2812 4590 3015 4645 dicitur
3069 4608 3083 4644 ς
3138 4587 3319 4646 Gaude
3367 4597 3416 4641 et
3458 4586 3553 4640 tw-

1979 4696 2113 4753 tare,
2159 4684 2278 4754 ﬁlia
2326 4683 2639 4739 Sion:ecce
2688 4698 2780 4736 rex
2820 4692 2941 4739 tuus
2994 4682 3129 4743 venit
3170 4679 3265 4736 tibi
3300 4695 3544 4739 mansue-

1978 4788 2084 4841 tus,
2116 4788 2165 4832 et
2202 4777 2436 4832 insidens
2484 4776 2773 4846 subjugali,
2821 4786 2871 4829 et
2916 4774 3064 4843 pullo
3104 4773 3304 4841 juveni.
3343 4770 3413 4824 Et
3453 4770 3541 4831 do-

1977 4870 2266 4923 minabitur
2306 4886 2339 4921 a
2384 4869 2523 4922 mari
2564 4884 2723 4938 usque
2759 4867 2830 4919 ad
2868 4883 3012 4919 mare
3036 4905 3050 4928 ,
3082 4875 3133 4923 et
3170 4881 3203 4917 a
3239 4864 3548 4931 ﬂuminibus

1976 4979 2136 5032 usque
2177 4962 2245 5017 ad
2281 4961 2454 5014 exitus
2504 4970 2655 5015 terra:
2689 4960 2753 5013 ³⁸.
2788 4958 2896 5013 Pro
2937 4974 3047 5028 quo
3090 4957 3414 5012 Hebraicum
3448 4955 3547 5015 ha-

1978 5052 2101 5115 bet,
2139 5050 2207 5103 Et
2238 5068 2270 5103 a
2302 5049 2609 5119 ﬂuminibus
2653 5064 2814 5117 usque
2855 5046 2922 5105 ad
2954 5050 3204 5100 terminos
3241 5054 3413 5099 terraa.
3451 5042 3545 5096 Di-

1976 5144 2117 5197 xerit
2148 5156 2313 5213 porro
2343 5140 2651 5211 quispiam,
2681 5139 3037 5210 profundiore
3069 5135 3402 5206 intelligendi
3439 5134 3544 5193 ritu

1975 5235 2064 5288 hic
2097 5233 2216 5303 ejus
2245 5233 2523 5286 dexteram
2554 5232 2609 5286 in
2650 5231 2967 5288 [luminibus
3005 5230 3144 5293 dici,
3190 5229 3313 5297 quia
3355 5241 3545 5283 omne:

1975 5326 2068 5396 qui
2095 5339 2125 5378 a
2157 5325 2363 5381 dextris
2393 5322 2515 5393 ejus
2543 5330 2671 5377 sunt
2691 5364 2705 5387 ,
2744 5339 2838 5392 per
2873 5324 3149 5377 lavacrum
3178 5320 3545 5389 regeneratiu.

1974 5419 2057 5473 nis
2088 5425 2409 5486 purgantur,
2436 5421 2490 5468 et
2514 5413 2696 5467 divina
2726 5412 3135 5482 regenerationie
3160 5426 3255 5483 per
3280 5408 3540 5466 inﬂuxum

1971 5508 2212 5578 Spiritus
2237 5505 2411 5563 sancti
2433 5505 2749 5575 dignantur.
2774 5502 3008 5559 Dextros
3031 5519 3162 5558 sane
3194 5504 3317 5557 illos
3345 5501 3395 5556 ei
3422 5516 3543 5568 esse

1969 5600 2296 5662 didicimus,
2332 5597 2532 5668 quibus
2575 5595 2882 5667 pollicendo
2927 5595 3063 5649 dixit
3093 5614 3104 5647 :
3142 5594 3324 5648 Venite
3348 5635 3361 5657 ,
3393 5592 3543 5655 bencs

1968 5690 2096 5748 dicti
2151 5691 2330 5747 Patris
2379 5690 2509 5758 mei,
2559 5688 2819 5765 possidete
2853 5704 3064 5767 regnum
3110 5686 3251 5747 vobis
3296 5697 3538 5749 verutum

364 5846 405 5878 "
444 5845 577 5905 Luc.
612 5862 741 5922 vni,
776 5848 843 5903 67
880 5849 964 5907 70.
1043 5850 1085 5885 ³⁸
1124 5847 1267 5907 Psal.
1303 5863 1502 5919 xsvut,
1537 5846 1591 5906 6.
1668 5848 1711 5880 ⁸⁸
1748 5845 1910 5909 laci).
1946 5861 2034 5921 ιι,
2063 5846 2119 5909 9.
