  <div class='ocr_page' id='page_1' title='image "/cluster/home/n/w/nwhite01/storage/ocr_20150623/23/nnc1.0046978313/577.png"; bbox 0 0 4068 6394; ppageno 0'>
   <div class='ocr_carea' id='block_1_1' title="bbox 501 384 643 442">
    <p class='ocr_par' dir='ltr' id='par_1_1' title="bbox 501 384 643 442">
     <span class='ocr_line' id='line_1_1' title="bbox 501 384 643 442; baseline -0.021 -1"><span class='ocrx_word' id='word_1_1' title='bbox 501 384 643 442; x_wconf 71' lang='grc' dir='ltr'>Ηθδ</span> 
     </span>
    </p>
   </div>
   <div class='ocr_carea' id='block_1_2' title="bbox 1211 369 3082 434">
    <p class='ocr_par' dir='ltr' id='par_1_2' title="bbox 1211 369 3082 434">
     <span class='ocr_line' id='line_1_2' title="bbox 1211 369 3082 434; baseline -0.005 0"><span class='ocrx_word' id='word_1_2' title='bbox 1211 378 1478 434; x_wconf 85' lang='lat' dir='ltr'><strong>EUSEBII</strong></span> <span class='ocrx_word' id='word_1_3' title='bbox 1520 371 1994 433; x_wconf 59' lang='lat' dir='ltr'><strong>CESARIENSIS</strong></span> <span class='ocrx_word' id='word_1_4' title='bbox 2031 373 2181 430; x_wconf 83' lang='lat' dir='ltr'><strong>OPP.</strong></span> <span class='ocrx_word' id='word_1_5' title='bbox 2223 371 2400 430; x_wconf 76' lang='lat' dir='ltr'><strong>PARS</strong></span> <span class='ocrx_word' id='word_1_6' title='bbox 2438 371 2527 426; x_wconf 89' lang='grc'><strong>111.</strong></span> <span class='ocrx_word' id='word_1_7' title='bbox 2568 403 2620 411; x_wconf 93' lang='grc'><strong>-</strong></span> <span class='ocrx_word' id='word_1_8' title='bbox 2674 369 3082 426; x_wconf 71' lang='lat' dir='ltr'><strong>EXEGETICA.</strong></span> 
     </span>
    </p>
   </div>
   <div class='ocr_carea' id='block_1_3' title="bbox 3614 358 3757 414">
    <p class='ocr_par' dir='ltr' id='par_1_3' title="bbox 3614 358 3757 414">
     <span class='ocr_line' id='line_1_3' title="bbox 3614 358 3757 414; baseline -0.014 -1"><span class='ocrx_word' id='word_1_9' title='bbox 3614 358 3757 414; x_wconf 72' lang='lat'><strong>“06</strong></span> 
     </span>
    </p>
   </div>
   <div class='ocr_carea' id='block_1_4' title="bbox 501 478 2101 562">
    <p class='ocr_par' dir='ltr' id='par_1_4' title="bbox 501 495 2076 558">
     <span class='ocr_line' id='line_1_4' title="bbox 501 495 2076 558; baseline -0.007 0"><span class='ocrx_word' id='word_1_10' title='bbox 501 520 538 558; x_wconf 82' lang='grc' dir='ltr'><strong>α</strong></span> <span class='ocrx_word' id='word_1_11' title='bbox 561 502 932 557; x_wconf 75' lang='lat' dir='ltr'><strong>constitutione</strong></span> <span class='ocrx_word' id='word_1_12' title='bbox 958 497 1158 552; x_wconf 83' lang='lat' dir='ltr'><strong>mundi.</strong></span> <span class='ocrx_word' id='word_1_13' title='bbox 1199 495 1410 550; x_wconf 78' lang='lat' dir='ltr'><strong>Esurtvi</strong></span> <span class='ocrx_word' id='word_1_14' title='bbox 1434 498 1604 558; x_wconf 89' lang='lat' dir='ltr'><strong>enim,</strong></span> <span class='ocrx_word' id='word_1_15' title='bbox 1629 505 1678 548; x_wconf 89' lang='lat' dir='ltr'><strong>et</strong></span> <span class='ocrx_word' id='word_1_16' title='bbox 1703 495 1922 550; x_wconf 85' lang='lat' dir='ltr'><strong>dedistis</strong></span> <span class='ocrx_word' id='word_1_17' title='bbox 1950 495 2076 548; x_wconf 85' lang='lat' dir='ltr'><strong>mihi</strong></span> 
     </span>
    </p>
   </div>
   <div class='ocr_carea' id='block_1_5' title="bbox 2204 478 3754 562">
    <p class='ocr_par' dir='ltr' id='par_1_5' title="bbox 2204 478 3754 562">
     <span class='ocr_line' id='line_1_5' title="bbox 2204 478 3754 562; baseline -0.012 -15"><span class='ocrx_word' id='word_1_18' title='bbox 2204 511 2315 556; x_wconf 75' lang='grc' dir='ltr'>τεως</span> <span class='ocrx_word' id='word_1_19' title='bbox 2366 492 2452 545; x_wconf 76' lang='grc' dir='ltr'>διὰ</span> <span class='ocrx_word' id='word_1_20' title='bbox 2499 494 2596 562; x_wconf 76' lang='grc' dir='ltr'><strong>τῆς</strong></span> <span class='ocrx_word' id='word_1_21' title='bbox 2623 489 2716 544; x_wconf 89' lang='grc' dir='ltr'><strong>τοῦ</strong></span> <span class='ocrx_word' id='word_1_22' title='bbox 2762 489 2915 557; x_wconf 82' lang='grc' dir='ltr'>ἁγίου</span> <span class='ocrx_word' id='word_1_23' title='bbox 2944 485 3254 554; x_wconf 87' lang='grc' dir='ltr'>Πνεύματος</span> <span class='ocrx_word' id='word_1_24' title='bbox 3282 478 3538 551; x_wconf 66' lang='grc' dir='ltr'>ἐπιρροῆς</span> <span class='ocrx_word' id='word_1_25' title='bbox 3580 493 3754 531; x_wconf 83' lang='grc' dir='ltr'>κατα-</span> 
     </span>
    </p>
   </div>
   <div class='ocr_carea' id='block_1_6' title="bbox 502 589 2081 658">
    <p class='ocr_par' dir='ltr' id='par_1_6' title="bbox 502 589 2081 658">
     <span class='ocr_line' id='line_1_6' title="bbox 502 589 2081 658; baseline -0.006 -8"><span class='ocrx_word' id='word_1_26' title='bbox 502 595 824 650; x_wconf 83' lang='lat' dir='ltr'><strong>manducare</strong></span> <span class='ocrx_word' id='word_1_27' title='bbox 850 593 918 658; x_wconf 63' lang='grc' dir='ltr'>ιο,</span> <span class='ocrx_word' id='word_1_28' title='bbox 941 600 994 646; x_wconf 83' lang='grc' dir='ltr'><strong>ει</strong></span> <span class='ocrx_word' id='word_1_29' title='bbox 1019 602 1233 645; x_wconf 64' lang='lat' dir='ltr'><strong>caetera.</strong></span> <span class='ocrx_word' id='word_1_30' title='bbox 1262 590 1388 643; x_wconf 93' lang='lat' dir='ltr'><strong>lllos</strong></span> <span class='ocrx_word' id='word_1_31' title='bbox 1416 589 1596 650; x_wconf 88' lang='lat' dir='ltr'><strong>enim,</strong></span> <span class='ocrx_word' id='word_1_32' title='bbox 1631 602 1770 656; x_wconf 89' lang='lat' dir='ltr'><strong>quos</strong></span> <span class='ocrx_word' id='word_1_33' title='bbox 1798 602 1926 641; x_wconf 89' lang='lat' dir='ltr'><strong>oves</strong></span> <span class='ocrx_word' id='word_1_34' title='bbox 1951 599 2081 640; x_wconf 89' lang='lat' dir='ltr'><strong>suas</strong></span> 
     </span>
    </p>
   </div>
   <div class='ocr_carea' id='block_1_7' title="bbox 504 679 2082 748">
    <p class='ocr_par' dir='ltr' id='par_1_7' title="bbox 504 679 2082 748">
     <span class='ocr_line' id='line_1_7' title="bbox 504 679 2082 748; baseline -0.005 -12"><span class='ocrx_word' id='word_1_35' title='bbox 504 686 738 748; x_wconf 86' lang='lat' dir='ltr'><strong>vocavit,</strong></span> <span class='ocrx_word' id='word_1_36' title='bbox 757 699 787 737; x_wconf 92' lang='lat' dir='ltr'><strong>a</strong></span> <span class='ocrx_word' id='word_1_37' title='bbox 815 682 1023 737; x_wconf 76' lang='lat' dir='ltr'><strong>dextris</strong></span> <span class='ocrx_word' id='word_1_38' title='bbox 1049 697 1108 735; x_wconf 88' lang='lat' dir='ltr'><strong>se</strong></span> <span class='ocrx_word' id='word_1_39' title='bbox 1137 679 1562 735; x_wconf 79' lang='lat' dir='ltr'><strong>constitutorum</strong></span> <span class='ocrx_word' id='word_1_40' title='bbox 1591 679 1835 748; x_wconf 86' lang='lat' dir='ltr'><strong>promisit</strong></span> <span class='ocrx_word' id='word_1_41' title='bbox 1857 696 1869 743; x_wconf 93' lang='lat'><strong>;</strong></span> <span class='ocrx_word' id='word_1_42' title='bbox 1889 691 2082 746; x_wconf 88' lang='lat' dir='ltr'><strong>quam-</strong></span> 
     </span>
    </p>
   </div>
   <div class='ocr_carea' id='block_1_8' title="bbox 505 769 2080 844">
    <p class='ocr_par' dir='ltr' id='par_1_8' title="bbox 505 769 2080 844">
     <span class='ocr_line' id='line_1_8' title="bbox 505 769 2080 844; baseline -0.006 -14"><span class='ocrx_word' id='word_1_43' title='bbox 505 777 693 830; x_wconf 90' lang='lat' dir='ltr'><strong>obrem</strong></span> <span class='ocrx_word' id='word_1_44' title='bbox 721 773 1075 844; x_wconf 78' lang='lat' dir='ltr'><strong>profundiore</strong></span> <span class='ocrx_word' id='word_1_45' title='bbox 1104 780 1159 827; x_wconf 90' lang='lat' dir='ltr'><strong>et</strong></span> <span class='ocrx_word' id='word_1_46' title='bbox 1187 772 1482 827; x_wconf 76' lang='lat' dir='ltr'><strong>secretiore</strong></span> <span class='ocrx_word' id='word_1_47' title='bbox 1535 771 1749 824; x_wconf 75' lang='lat' dir='ltr'><strong>ratione</strong></span> <span class='ocrx_word' id='word_1_48' title='bbox 1803 769 2080 823; x_wconf 75' lang='lat' dir='ltr'><strong>dexteram</strong></span> 
     </span>
    </p>
   </div>
   <div class='ocr_carea' id='block_1_9' title="bbox 506 860 2081 935">
    <p class='ocr_par' dir='ltr' id='par_1_9' title="bbox 506 860 2081 935">
     <span class='ocr_line' id='line_1_9' title="bbox 506 860 2081 935; baseline -0.006 -13"><span class='ocrx_word' id='word_1_49' title='bbox 506 868 627 935; x_wconf 83' lang='lat' dir='ltr'><strong>ejus</strong></span> <span class='ocrx_word' id='word_1_50' title='bbox 670 867 727 921; x_wconf 88' lang='lat' dir='ltr'><strong>in</strong></span> <span class='ocrx_word' id='word_1_51' title='bbox 772 866 1087 920; x_wconf 85' lang='lat' dir='ltr'><strong>fluminibus</strong></span> <span class='ocrx_word' id='word_1_52' title='bbox 1137 863 1376 919; x_wconf 82' lang='lat' dir='ltr'><strong>futuram</strong></span> <span class='ocrx_word' id='word_1_53' title='bbox 1423 878 1546 919; x_wconf 87' lang='lat' dir='ltr'><strong>esse</strong></span> <span class='ocrx_word' id='word_1_54' title='bbox 1575 863 1780 916; x_wconf 86' lang='lat' dir='ltr'><strong>dictum</strong></span> <span class='ocrx_word' id='word_1_55' title='bbox 1812 871 1917 916; x_wconf 90' lang='lat' dir='ltr'><strong>est.</strong></span> <span class='ocrx_word' id='word_1_56' title='bbox 1948 860 2081 914; x_wconf 48' lang='lat' dir='ltr'><strong>Flua</strong></span> 
     </span>
    </p>
   </div>
   <div class='ocr_carea' id='block_1_10' title="bbox 506 953 2080 1028">
    <p class='ocr_par' dir='ltr' id='par_1_10' title="bbox 506 953 2080 1028">
     <span class='ocr_line' id='line_1_10' title="bbox 506 953 2080 1028; baseline -0.004 -15"><span class='ocrx_word' id='word_1_57' title='bbox 506 959 656 1014; x_wconf 90' lang='lat' dir='ltr'><strong>mina</strong></span> <span class='ocrx_word' id='word_1_58' title='bbox 697 972 863 1028; x_wconf 89' lang='lat' dir='ltr'><strong>porro</strong></span> <span class='ocrx_word' id='word_1_59' title='bbox 896 957 1047 1011; x_wconf 90' lang='lat' dir='ltr'><strong>illius</strong></span> <span class='ocrx_word' id='word_1_60' title='bbox 1077 955 1331 1010; x_wconf 89' lang='lat' dir='ltr'><strong>dicantur</strong></span> <span class='ocrx_word' id='word_1_61' title='bbox 1364 955 1551 1026; x_wconf 87' lang='lat' dir='ltr'><strong>populi</strong></span> <span class='ocrx_word' id='word_1_62' title='bbox 1577 954 1739 1023; x_wconf 76' lang='lat' dir='ltr'><strong>.ejus,</strong></span> <span class='ocrx_word' id='word_1_63' title='bbox 1773 953 2080 1010; x_wconf 86' lang='lat' dir='ltr'><strong>secundum</strong></span> 
     </span>
    </p>
   </div>
   <div class='ocr_carea' id='block_1_11' title="bbox 508 1047 2078 1118">
    <p class='ocr_par' dir='ltr' id='par_1_11' title="bbox 508 1047 2078 1118">
     <span class='ocr_line' id='line_1_11' title="bbox 508 1047 2078 1118; baseline -0.004 -12"><span class='ocrx_word' id='word_1_64' title='bbox 508 1051 642 1106; x_wconf 89' lang='lat' dir='ltr'><strong>illud</strong></span> <span class='ocrx_word' id='word_1_65' title='bbox 664 1091 679 1115; x_wconf 95' lang='lat'><strong>,</strong></span> <span class='ocrx_word' id='word_1_66' title='bbox 703 1049 959 1104; x_wconf 87' lang='lat' dir='ltr'><strong>Flumina</strong></span> <span class='ocrx_word' id='word_1_67' title='bbox 984 1047 1238 1118; x_wconf 85' lang='lat' dir='ltr'><strong>plaudent</strong></span> <span class='ocrx_word' id='word_1_68' title='bbox 1265 1064 1425 1100; x_wconf 87' lang='lat' dir='ltr'><strong>manu</strong></span> <span class='ocrx_word' id='word_1_69' title='bbox 1452 1047 1610 1100; x_wconf 83' lang='lat' dir='ltr'><strong>simul</strong></span> <span class='ocrx_word' id='word_1_70' title='bbox 1628 1047 1703 1113; x_wconf 75' lang='lat'><strong>“;</strong></span> <span class='ocrx_word' id='word_1_71' title='bbox 1730 1061 1793 1100; x_wconf 89' lang='lat' dir='ltr'><strong>ac</strong></span> <span class='ocrx_word' id='word_1_72' title='bbox 1822 1061 2038 1101; x_wconf 82' lang='lat' dir='ltr'><strong>rursum</strong></span> <span class='ocrx_word' id='word_1_73' title='bbox 2062 1086 2078 1110; x_wconf 87' lang='lat'><strong>,</strong></span> 
     </span>
    </p>
   </div>
   <div class='ocr_carea' id='block_1_12' title="bbox 511 1122 2118 1210">
    <p class='ocr_par' dir='ltr' id='par_1_12' title="bbox 511 1122 2118 1210">
     <span class='ocr_line' id='line_1_12' title="bbox 511 1122 2118 1210; baseline -0.004 -14"><span class='ocrx_word' id='word_1_74' title='bbox 511 1142 858 1197; x_wconf 81' lang='lat' dir='ltr'><strong>Elevaverunt</strong></span> <span class='ocrx_word' id='word_1_75' title='bbox 903 1143 1162 1210; x_wconf 82' lang='lat' dir='ltr'><strong>flumina,</strong></span> <span class='ocrx_word' id='word_1_76' title='bbox 1225 1139 1480 1202; x_wconf 79' lang='lat' dir='ltr'><strong>Domine,</strong></span> <span class='ocrx_word' id='word_1_77' title='bbox 1539 1139 1809 1193; x_wconf 83' lang='lat' dir='ltr'><strong>elcvabunt</strong></span> <span class='ocrx_word' id='word_1_78' title='bbox 1861 1122 2118 1207; x_wconf 20' lang='lat' dir='ltr'><strong>ﬂumina.</strong></span> 
     </span>
    </p>
   </div>
   <div class='ocr_carea' id='block_1_13' title="bbox 510 1229 2085 1299">
    <p class='ocr_par' dir='ltr' id='par_1_13' title="bbox 510 1229 2085 1299">
     <span class='ocr_line' id='line_1_13' title="bbox 510 1229 2085 1299; baseline -0.006 -7"><span class='ocrx_word' id='word_1_79' title='bbox 510 1252 684 1292; x_wconf 85' lang='lat' dir='ltr'><strong>vocem</strong></span> <span class='ocrx_word' id='word_1_80' title='bbox 727 1250 902 1289; x_wconf 76' lang='lat' dir='ltr'><strong>suam.</strong></span> <span class='ocrx_word' id='word_1_81' title='bbox 958 1231 1250 1286; x_wconf 88' lang='lat' dir='ltr'><strong>Elevabunt</strong></span> <span class='ocrx_word' id='word_1_82' title='bbox 1291 1231 1515 1299; x_wconf 81' lang='lat' dir='ltr'><strong>ﬂumina</strong></span> <span class='ocrx_word' id='word_1_83' title='bbox 1553 1230 1748 1298; x_wconf 78' lang='lat' dir='ltr'><strong>ﬂuetus</strong></span> <span class='ocrx_word' id='word_1_84' title='bbox 1779 1245 1902 1282; x_wconf 88' lang='lat' dir='ltr'><strong>suos</strong></span> <span class='ocrx_word' id='word_1_85' title='bbox 1928 1229 1992 1282; x_wconf 65' lang='grc' dir='ltr'><strong>δ’.</strong></span> <span class='ocrx_word' id='word_1_86' title='bbox 2024 1229 2085 1282; x_wconf 90' lang='lat' dir='ltr'><strong>In</strong></span> 
     </span>
    </p>
   </div>
   <div class='ocr_carea' id='block_1_14' title="bbox 513 1320 2085 1390">
    <p class='ocr_par' dir='ltr' id='par_1_14' title="bbox 513 1320 2085 1390">
     <span class='ocr_line' id='line_1_14' title="bbox 513 1320 2085 1390; baseline -0.006 -8"><span class='ocrx_word' id='word_1_87' title='bbox 513 1328 664 1382; x_wconf 84' lang='lat' dir='ltr'><strong>hisce</strong></span> <span class='ocrx_word' id='word_1_88' title='bbox 709 1324 1025 1379; x_wconf 86' lang='lat' dir='ltr'><strong>fluminibus</strong></span> <span class='ocrx_word' id='word_1_89' title='bbox 1067 1324 1182 1379; x_wconf 86' lang='lat' dir='ltr'><strong>suis</strong></span> <span class='ocrx_word' id='word_1_90' title='bbox 1227 1338 1285 1378; x_wconf 91' lang='lat' dir='ltr'><strong>se</strong></span> <span class='ocrx_word' id='word_1_91' title='bbox 1321 1337 1542 1375; x_wconf 82' lang='lat' dir='ltr'><strong>manum</strong></span> <span class='ocrx_word' id='word_1_92' title='bbox 1580 1335 1734 1375; x_wconf 88' lang='lat' dir='ltr'><strong>suam</strong></span> <span class='ocrx_word' id='word_1_93' title='bbox 1777 1320 2085 1390; x_wconf 88' lang='lat' dir='ltr'><strong>positurum</strong></span> 
     </span>
    </p>
   </div>
   <div class='ocr_carea' id='block_1_15' title="bbox 510 1417 927 1473">
    <p class='ocr_par' dir='ltr' id='par_1_15' title="bbox 510 1417 927 1473">
     <span class='ocr_line' id='line_1_15' title="bbox 510 1417 927 1473; baseline -0.014 0"><span class='ocrx_word' id='word_1_94' title='bbox 510 1434 632 1473; x_wconf 84' lang='lat' dir='ltr'><strong>esse</strong></span> <span class='ocrx_word' id='word_1_95' title='bbox 663 1417 927 1472; x_wconf 76' lang='lat' dir='ltr'><strong>declarat.</strong></span> 
     </span>
    </p>
   </div>
   <div class='ocr_carea' id='block_1_16' title="bbox 2191 569 3758 648">
    <p class='ocr_par' dir='ltr' id='par_1_16' title="bbox 2191 569 3758 648">
     <span class='ocr_line' id='line_1_16' title="bbox 2191 569 3758 648; baseline -0.011 -11"><span class='ocrx_word' id='word_1_96' title='bbox 2191 583 2429 648; x_wconf 82' lang='grc' dir='ltr'>ξιοῦσθαι</span> <span class='ocrx_word' id='word_1_97' title='bbox 2451 601 2464 612; x_wconf 85' lang='lat'><strong><em>&#39;</em></strong></span> <span class='ocrx_word' id='word_1_98' title='bbox 2509 583 2716 648; x_wconf 77' lang='grc' dir='ltr'>δεξιοὺς</span> <span class='ocrx_word' id='word_1_99' title='bbox 2755 578 2918 633; x_wconf 83' lang='grc' dir='ltr'>αὑτοῦ</span> <span class='ocrx_word' id='word_1_100' title='bbox 2949 579 3087 631; x_wconf 89' lang='grc' dir='ltr'>νοεῖν</span> <span class='ocrx_word' id='word_1_101' title='bbox 3115 572 3468 642; x_wconf 76' lang='grc' dir='ltr'><strong>ἐδιδάχθημεν</strong></span> <span class='ocrx_word' id='word_1_102' title='bbox 3488 569 3758 632; x_wconf 77' lang='grc' dir='ltr'>ἐκείνους,</span> 
     </span>
    </p>
   </div>
   <div class='ocr_carea' id='block_1_17' title="bbox 2187 659 3761 748">
    <p class='ocr_par' dir='ltr' id='par_1_17' title="bbox 2187 659 3761 748">
     <span class='ocr_line' id='line_1_17' title="bbox 2187 659 3761 748; baseline -0.013 -18"><span class='ocrx_word' id='word_1_103' title='bbox 2187 673 2267 741; x_wconf 66' lang='grc' dir='ltr'>οἷς</span> <span class='ocrx_word' id='word_1_104' title='bbox 2295 677 2654 748; x_wconf 76' lang='grc' dir='ltr'><strong>ἐπηγγείλατο</strong></span> <span class='ocrx_word' id='word_1_105' title='bbox 2686 675 2894 743; x_wconf 74' lang='grc' dir='ltr'>φήσαςσ</span> <span class='ocrx_word' id='word_1_106' title='bbox 2935 669 3128 730; x_wconf 79' lang='grc' dir='ltr'>Δεῦτε,</span> <span class='ocrx_word' id='word_1_107' title='bbox 3157 669 3208 718; x_wconf 86' lang='grc' dir='ltr'><strong>οὶ</strong></span> <span class='ocrx_word' id='word_1_108' title='bbox 3229 661 3616 732; x_wconf 75' lang='grc' dir='ltr'><strong>εὐλογημένοι</strong></span> <span class='ocrx_word' id='word_1_109' title='bbox 3648 659 3761 712; x_wconf 85' lang='grc' dir='ltr'><strong>τοῦ</strong></span> 
     </span>
    </p>
   </div>
   <div class='ocr_carea' id='block_1_18' title="bbox 2188 750 3766 838">
    <p class='ocr_par' dir='ltr' id='par_1_18' title="bbox 2188 750 3766 838">
     <span class='ocr_line' id='line_1_18' title="bbox 2188 750 3766 838; baseline -0.013 -16"><span class='ocrx_word' id='word_1_110' title='bbox 2188 771 2416 836; x_wconf 77' lang='grc' dir='ltr'>Πατρός</span> <span class='ocrx_word' id='word_1_111' title='bbox 2451 785 2592 838; x_wconf 82' lang='grc' dir='ltr'>μου,</span> <span class='ocrx_word' id='word_1_112' title='bbox 2641 760 3133 832; x_wconf 62' lang='grc' dir='ltr'><strong>κληρονομήσατε</strong></span> <span class='ocrx_word' id='word_1_113' title='bbox 3165 758 3279 823; x_wconf 81' lang='grc' dir='ltr'>τὴν</span> <span class='ocrx_word' id='word_1_114' title='bbox 3310 750 3766 822; x_wconf 76' lang='grc' dir='ltr'>ἡτοιμασμένην</span> 
     </span>
    </p>
   </div>
   <div class='ocr_carea' id='block_1_19' title="bbox 2189 844 3766 930">
    <p class='ocr_par' dir='ltr' id='par_1_19' title="bbox 2189 844 3766 930">
     <span class='ocr_line' id='line_1_19' title="bbox 2189 844 3766 930; baseline -0.013 -16"><span class='ocrx_word' id='word_1_115' title='bbox 2189 861 2331 930; x_wconf 81' lang='grc' dir='ltr'>ὑμῖν</span> <span class='ocrx_word' id='word_1_116' title='bbox 2346 859 2670 924; x_wconf 77' lang='grc' dir='ltr'>,βασιλείαν</span> <span class='ocrx_word' id='word_1_117' title='bbox 2685 855 2803 911; x_wconf 77' lang='grc' dir='ltr'><strong>ἀπὸ</strong></span> <span class='ocrx_word' id='word_1_118' title='bbox 2819 850 3154 919; x_wconf 75' lang='grc' dir='ltr'>καταϐολῆς</span> <span class='ocrx_word' id='word_1_119' title='bbox 3173 851 3422 916; x_wconf 79' lang='grc' dir='ltr'><strong>κόσμου.</strong></span> <span class='ocrx_word' id='word_1_120' title='bbox 3441 844 3766 897; x_wconf 74' lang='grc' dir='ltr'>Ἐπείνασα</span> 
     </span>
    </p>
   </div>
   <div class='ocr_carea' id='block_1_20' title="bbox 2187 934 3766 1022">
    <p class='ocr_par' dir='ltr' id='par_1_20' title="bbox 2187 934 3766 1022">
     <span class='ocr_line' id='line_1_20' title="bbox 2187 934 3766 1022; baseline -0.013 -16"><span class='ocrx_word' id='word_1_121' title='bbox 2187 952 2316 1022; x_wconf 77' lang='grc' dir='ltr'>γὰρ,</span> <span class='ocrx_word' id='word_1_122' title='bbox 2341 951 2437 1004; x_wconf 81' lang='grc' dir='ltr'>καὶ</span> <span class='ocrx_word' id='word_1_123' title='bbox 2466 949 2721 1003; x_wconf 83' lang='grc' dir='ltr'>ἐδώκατέ</span> <span class='ocrx_word' id='word_1_124' title='bbox 2753 964 2854 1017; x_wconf 85' lang='grc' dir='ltr'><strong>μοι</strong></span> <span class='ocrx_word' id='word_1_125' title='bbox 2891 945 3119 1014; x_wconf 65' lang='grc' dir='ltr'>φαγεῖν,</span> <span class='ocrx_word' id='word_1_126' title='bbox 3142 940 3235 994; x_wconf 69' lang='grc' dir='ltr'><strong>καὶ</strong></span> <span class='ocrx_word' id='word_1_127' title='bbox 3265 939 3334 992; x_wconf 79' lang='grc' dir='ltr'>τὰ</span> <span class='ocrx_word' id='word_1_128' title='bbox 3361 937 3504 1008; x_wconf 76' lang='grc' dir='ltr'>ἑξῆς.</span> <span class='ocrx_word' id='word_1_129' title='bbox 3525 934 3766 1016; x_wconf 84' lang='grc' dir='ltr'>Τούτους</span> 
     </span>
    </p>
   </div>
   <div class='ocr_carea' id='block_1_21' title="bbox 2189 1027 3770 1115">
    <p class='ocr_par' dir='ltr' id='par_1_21' title="bbox 2189 1027 3770 1115">
     <span class='ocr_line' id='line_1_21' title="bbox 2189 1027 3770 1115; baseline -0.011 -18"><span class='ocrx_word' id='word_1_130' title='bbox 2189 1044 2320 1115; x_wconf 73' lang='grc' dir='ltr'>γὰρ,</span> <span class='ocrx_word' id='word_1_131' title='bbox 2348 1041 2442 1105; x_wconf 83' lang='grc' dir='ltr'><strong>οὓς</strong></span> <span class='ocrx_word' id='word_1_132' title='bbox 2471 1040 2716 1112; x_wconf 72' lang='grc' dir='ltr'>πρόϐατα</span> <span class='ocrx_word' id='word_1_133' title='bbox 2751 1035 2946 1091; x_wconf 78' lang='grc' dir='ltr'>ἑαυτοῦ</span> <span class='ocrx_word' id='word_1_134' title='bbox 2984 1034 3253 1105; x_wconf 84' lang='grc' dir='ltr'>ὠνόμασε,</span> <span class='ocrx_word' id='word_1_135' title='bbox 3280 1033 3390 1094; x_wconf 87' lang='grc' dir='ltr'>τοῖς</span> <span class='ocrx_word' id='word_1_136' title='bbox 3419 1027 3609 1093; x_wconf 83' lang='grc' dir='ltr'>δεξιοῖς</span> <span class='ocrx_word' id='word_1_137' title='bbox 3633 1029 3770 1096; x_wconf 73' lang='grc' dir='ltr'>στή-</span> 
     </span>
    </p>
   </div>
   <div class='ocr_carea' id='block_1_22' title="bbox 2192 1119 3768 1204">
    <p class='ocr_par' dir='ltr' id='par_1_22' title="bbox 2192 1119 3768 1204">
     <span class='ocr_line' id='line_1_22' title="bbox 2192 1119 3768 1204; baseline -0.011 -16"><span class='ocrx_word' id='word_1_138' title='bbox 2192 1152 2304 1188; x_wconf 83' lang='grc' dir='ltr'>σειν</span> <span class='ocrx_word' id='word_1_139' title='bbox 2332 1133 2723 1204; x_wconf 82' lang='grc' dir='ltr'>έπηγγείλατο·</span> <span class='ocrx_word' id='word_1_140' title='bbox 2758 1130 2946 1198; x_wconf 91' lang='grc' dir='ltr'>διόπερ</span> <span class='ocrx_word' id='word_1_141' title='bbox 2977 1125 3117 1179; x_wconf 74' lang='grc' dir='ltr'>κατὰ</span> <span class='ocrx_word' id='word_1_142' title='bbox 3158 1123 3448 1194; x_wconf 83' lang='grc' dir='ltr'>βαθύτερον</span> <span class='ocrx_word' id='word_1_143' title='bbox 3483 1121 3640 1187; x_wconf 87' lang='grc' dir='ltr'>λόγον</span> <span class='ocrx_word' id='word_1_144' title='bbox 3669 1119 3768 1171; x_wconf 75' lang='grc' dir='ltr'>καὶ</span> 
     </span>
    </p>
   </div>
   <div class='ocr_carea' id='block_1_23' title="bbox 2192 1211 3764 1298">
    <p class='ocr_par' dir='ltr' id='par_1_23' title="bbox 2192 1211 3764 1298">
     <span class='ocr_line' id='line_1_23' title="bbox 2192 1211 3764 1298; baseline -0.014 -17"><span class='ocrx_word' id='word_1_145' title='bbox 2192 1227 2653 1298; x_wconf 79' lang='grc' dir='ltr'>ἅποῤῥητότερον,</span> <span class='ocrx_word' id='word_1_146' title='bbox 2681 1224 2714 1292; x_wconf 83' lang='grc' dir='ltr'>ἡ</span> <span class='ocrx_word' id='word_1_147' title='bbox 2743 1219 2890 1286; x_wconf 81' lang='grc' dir='ltr'>δεξιὰ</span> <span class='ocrx_word' id='word_1_148' title='bbox 2919 1216 3082 1271; x_wconf 78' lang='grc' dir='ltr'>αὐτοῦ</span> <span class='ocrx_word' id='word_1_149' title='bbox 3116 1215 3363 1267; x_wconf 87' lang='grc' dir='ltr'>λέλεκται</span> <span class='ocrx_word' id='word_1_150' title='bbox 3407 1213 3464 1264; x_wconf 84' lang='grc' dir='ltr'>ὲν</span> <span class='ocrx_word' id='word_1_151' title='bbox 3495 1211 3764 1278; x_wconf 80' lang='grc' dir='ltr'><strong>ποταμοῖς</strong></span> 
     </span>
    </p>
   </div>
   <div class='ocr_carea' id='block_1_24' title="bbox 2191 1298 3767 1385">
    <p class='ocr_par' dir='ltr' id='par_1_24' title="bbox 2191 1298 3767 1385">
     <span class='ocr_line' id='line_1_24' title="bbox 2191 1298 3767 1385; baseline -0.014 -12"><span class='ocrx_word' id='word_1_152' title='bbox 2191 1318 2432 1372; x_wconf 74' lang='grc' dir='ltr'>ἔσεσθαι.</span> <span class='ocrx_word' id='word_1_153' title='bbox 2459 1314 2702 1385; x_wconf 76' lang='grc' dir='ltr'>Ποταμοὶ</span> <span class='ocrx_word' id='word_1_154' title='bbox 2722 1313 2778 1366; x_wconf 80' lang='grc' dir='ltr'><strong>δὲ</strong></span> <span class='ocrx_word' id='word_1_155' title='bbox 2807 1309 2972 1364; x_wconf 81' lang='grc' dir='ltr'>αὑτοῦ</span> <span class='ocrx_word' id='word_1_156' title='bbox 3002 1309 3241 1380; x_wconf 73' lang='grc' dir='ltr'>εἴρηνται</span> <span class='ocrx_word' id='word_1_157' title='bbox 3262 1306 3356 1359; x_wconf 70' lang='grc' dir='ltr'><strong>καὶ</strong></span> <span class='ocrx_word' id='word_1_158' title='bbox 3375 1305 3424 1357; x_wconf 77' lang='lat' dir='ltr'><strong>oi</strong></span> <span class='ocrx_word' id='word_1_159' title='bbox 3451 1302 3571 1356; x_wconf 68' lang='grc' dir='ltr'>λαοὶ</span> <span class='ocrx_word' id='word_1_160' title='bbox 3595 1298 3767 1354; x_wconf 80' lang='grc' dir='ltr'>αὑτοῦ</span> 
     </span>
    </p>
   </div>
   <div class='ocr_carea' id='block_1_25' title="bbox 2192 1393 3766 1473">
    <p class='ocr_par' dir='ltr' id='par_1_25' title="bbox 2192 1393 3766 1473">
     <span class='ocr_line' id='line_1_25' title="bbox 2192 1393 3766 1473; baseline -0.013 -11"><span class='ocrx_word' id='word_1_161' title='bbox 2192 1407 2332 1463; x_wconf 77' lang='grc' dir='ltr'>κατὰ</span> <span class='ocrx_word' id='word_1_162' title='bbox 2371 1406 2452 1470; x_wconf 82' lang='grc' dir='ltr'><strong>τὸ,</strong></span> <span class='ocrx_word' id='word_1_163' title='bbox 2479 1404 2735 1473; x_wconf 81' lang='grc' dir='ltr'>Ποταμοί</span> <span class='ocrx_word' id='word_1_164' title='bbox 2766 1399 3134 1470; x_wconf 76' lang='grc' dir='ltr'>κρατήσουσι</span> <span class='ocrx_word' id='word_1_165' title='bbox 3181 1396 3333 1467; x_wconf 82' lang='grc' dir='ltr'>χειρὶ</span> <span class='ocrx_word' id='word_1_166' title='bbox 3365 1395 3463 1447; x_wconf 75' lang='grc' dir='ltr'><strong>ἐπὶ</strong></span> <span class='ocrx_word' id='word_1_167' title='bbox 3487 1393 3552 1446; x_wconf 86' lang='grc' dir='ltr'>τὸ</span> <span class='ocrx_word' id='word_1_168' title='bbox 3580 1393 3730 1460; x_wconf 65' lang='lat' dir='ltr'><strong>aing</strong></span> <span class='ocrx_word' id='word_1_169' title='bbox 3751 1405 3766 1416; x_wconf 91' lang='grc'><strong>·</strong></span> 
     </span>
    </p>
   </div>
   <div class='ocr_carea' id='block_1_26' title="bbox 512 1484 3772 1578">
    <p class='ocr_par' dir='ltr' id='par_1_26' title="bbox 512 1484 3772 1578">
     <span class='ocr_line' id='line_1_26' title="bbox 512 1484 3772 1578; baseline -0.01 -11"><span class='ocrx_word' id='word_1_170' title='bbox 512 1516 621 1567; x_wconf 73' lang='grc' dir='ltr'>Καὶ</span> <span class='ocrx_word' id='word_1_171' title='bbox 644 1512 804 1567; x_wconf 72' lang='grc' dir='ltr'>πάλιν</span> <span class='ocrx_word' id='word_1_172' title='bbox 829 1529 840 1542; x_wconf 87' lang='grc'>·</span> <span class='ocrx_word' id='word_1_173' title='bbox 883 1509 1143 1578; x_wconf 83' lang='grc' dir='ltr'>Ἑπῆραν</span> <span class='ocrx_word' id='word_1_174' title='bbox 1170 1512 1223 1562; x_wconf 82' lang='grc' dir='ltr'><strong>οἱ</strong></span> <span class='ocrx_word' id='word_1_175' title='bbox 1261 1507 1530 1576; x_wconf 72' lang='grc' dir='ltr'>ποταμοὶ,</span> <span class='ocrx_word' id='word_1_176' title='bbox 1559 1508 1754 1574; x_wconf 82' lang='grc' dir='ltr'>Κύριε,</span> <span class='ocrx_word' id='word_1_177' title='bbox 1786 1505 2014 1574; x_wconf 78' lang='grc' dir='ltr'><strong>ἐπῆραν</strong></span> <span class='ocrx_word' id='word_1_178' title='bbox 2044 1507 2098 1558; x_wconf 86' lang='grc' dir='ltr'>οί</span> <span class='ocrx_word' id='word_1_179' title='bbox 2143 1504 2393 1575; x_wconf 72' lang='grc' dir='ltr'>ποταμοί</span> <span class='ocrx_word' id='word_1_180' title='bbox 2424 1501 2634 1572; x_wconf 67' lang='grc' dir='ltr'>φωνὴν</span> <span class='ocrx_word' id='word_1_181' title='bbox 2671 1496 2869 1553; x_wconf 79' lang='grc' dir='ltr'>αὐτῶν</span> <span class='ocrx_word' id='word_1_182' title='bbox 2891 1512 2906 1526; x_wconf 79' lang='grc'><strong>⁸</strong></span> <span class='ocrx_word' id='word_1_183' title='bbox 2960 1494 3214 1563; x_wconf 82' lang='grc' dir='ltr'>ἀροῦσιν</span> <span class='ocrx_word' id='word_1_184' title='bbox 3265 1493 3320 1545; x_wconf 84' lang='grc' dir='ltr'><strong>οἱ</strong></span> <span class='ocrx_word' id='word_1_185' title='bbox 3356 1484 3604 1556; x_wconf 79' lang='grc' dir='ltr'>ποταμοὶ</span> <span class='ocrx_word' id='word_1_186' title='bbox 3638 1485 3772 1537; x_wconf 80' lang='grc' dir='ltr'>ἐπι-</span> 
     </span>
    </p>
   </div>
   <div class='ocr_carea' id='block_1_27' title="bbox 513 1581 3588 1676">
    <p class='ocr_par' dir='ltr' id='par_1_27' title="bbox 513 1581 3588 1676">
     <span class='ocr_line' id='line_1_27' title="bbox 513 1581 3588 1676; baseline -0.01 -15"><span class='ocrx_word' id='word_1_187' title='bbox 513 1611 743 1676; x_wconf 65' lang='grc' dir='ltr'>τρίψεις</span> <span class='ocrx_word' id='word_1_188' title='bbox 788 1605 1002 1660; x_wconf 80' lang='grc' dir='ltr'>αὐτῶν.</span> <span class='ocrx_word' id='word_1_189' title='bbox 1045 1604 1155 1657; x_wconf 74' lang='grc' dir='ltr'>Καὶ</span> <span class='ocrx_word' id='word_1_190' title='bbox 1182 1604 1274 1655; x_wconf 76' lang='grc' dir='ltr'><strong>ἐπὶ</strong></span> <span class='ocrx_word' id='word_1_191' title='bbox 1318 1602 1537 1665; x_wconf 77' lang='grc' dir='ltr'>τούτους</span> <span class='ocrx_word' id='word_1_192' title='bbox 1579 1601 1687 1672; x_wconf 81' lang='grc' dir='ltr'>γὰρ</span> <span class='ocrx_word' id='word_1_193' title='bbox 1727 1602 1852 1664; x_wconf 82' lang='grc' dir='ltr'>τοὺς</span> <span class='ocrx_word' id='word_1_194' title='bbox 1894 1597 2088 1652; x_wconf 82' lang='grc' dir='ltr'>ἑαυτοῦ</span> <span class='ocrx_word' id='word_1_195' title='bbox 2128 1600 2400 1670; x_wconf 82' lang='grc' dir='ltr'>ποταμοὺς</span> <span class='ocrx_word' id='word_1_196' title='bbox 2431 1595 2528 1666; x_wconf 82' lang='grc' dir='ltr'><strong>τὴν</strong></span> <span class='ocrx_word' id='word_1_197' title='bbox 2553 1592 2730 1660; x_wconf 84' lang='grc' dir='ltr'>δεξιὰν</span> <span class='ocrx_word' id='word_1_198' title='bbox 2760 1589 2922 1644; x_wconf 85' lang='grc' dir='ltr'>αὑτοῦ</span> <span class='ocrx_word' id='word_1_199' title='bbox 2951 1588 3137 1659; x_wconf 82' lang='grc' dir='ltr'><strong>θήσειν</strong></span> <span class='ocrx_word' id='word_1_200' title='bbox 3175 1581 3588 1651; x_wconf 77' lang='grc' dir='ltr'>ἐπαγγέλλεται.</span> 
     </span>
    </p>
   </div>
   <div class='ocr_carea' id='block_1_28' title="bbox 586 1714 2084 1785">
    <p class='ocr_par' dir='ltr' id='par_1_28' title="bbox 586 1714 2084 1785">
     <span class='ocr_line' id='line_1_28' title="bbox 586 1714 2084 1785; baseline -0.003 -12"><span class='ocrx_word' id='word_1_201' title='bbox 586 1721 769 1774; x_wconf 87' lang='lat' dir='ltr'><strong>Altera</strong></span> <span class='ocrx_word' id='word_1_202' title='bbox 797 1732 926 1773; x_wconf 86' lang='lat' dir='ltr'><strong>vero</strong></span> <span class='ocrx_word' id='word_1_203' title='bbox 955 1732 1149 1771; x_wconf 87' lang='lat' dir='ltr'><strong>manus</strong></span> <span class='ocrx_word' id='word_1_204' title='bbox 1177 1722 1262 1771; x_wconf 87' lang='lat' dir='ltr'><strong>est</strong></span> <span class='ocrx_word' id='word_1_205' title='bbox 1283 1755 1298 1778; x_wconf 91' lang='lat'><strong>,</strong></span> <span class='ocrx_word' id='word_1_206' title='bbox 1329 1730 1491 1785; x_wconf 89' lang='lat' dir='ltr'><strong>quam</strong></span> <span class='ocrx_word' id='word_1_207' title='bbox 1521 1730 1645 1770; x_wconf 76' lang='lat' dir='ltr'><strong>esse</strong></span> <span class='ocrx_word' id='word_1_208' title='bbox 1674 1714 1956 1770; x_wconf 84' lang='lat' dir='ltr'><strong>sinistram</strong></span> <span class='ocrx_word' id='word_1_209' title='bbox 1986 1729 2084 1769; x_wconf 90' lang='lat' dir='ltr'><strong>co-</strong></span> 
     </span>
    </p>
   </div>
   <div class='ocr_carea' id='block_1_29' title="bbox 2267 1692 3770 1785">
    <p class='ocr_par' dir='ltr' id='par_1_29' title="bbox 2267 1692 3770 1785">
     <span class='ocr_line' id='line_1_29' title="bbox 2267 1692 3770 1785; baseline -0.017 -19"><span class='ocrx_word' id='word_1_210' title='bbox 2267 1714 2373 1785; x_wconf 84' lang='grc' dir='ltr'><strong>Τὴν</strong></span> <span class='ocrx_word' id='word_1_211' title='bbox 2395 1713 2452 1765; x_wconf 80' lang='grc' dir='ltr'>δὲ</span> <span class='ocrx_word' id='word_1_212' title='bbox 2476 1711 2668 1780; x_wconf 78' lang='grc' dir='ltr'><strong>ἑτέραν</strong></span> <span class='ocrx_word' id='word_1_213' title='bbox 2697 1704 2862 1761; x_wconf 86' lang='grc' dir='ltr'>αὐτοῦ</span> <span class='ocrx_word' id='word_1_214' title='bbox 2910 1706 3088 1775; x_wconf 87' lang='grc' dir='ltr'>χεῖρα,</span> <span class='ocrx_word' id='word_1_215' title='bbox 3115 1701 3181 1771; x_wconf 79' lang='grc' dir='ltr'>ἣν</span> <span class='ocrx_word' id='word_1_216' title='bbox 3215 1695 3599 1752; x_wconf 72' lang='grc' dir='ltr'>καταλέλοιπεν</span> <span class='ocrx_word' id='word_1_217' title='bbox 3634 1692 3770 1785; x_wconf 70' lang='grc' dir='ltr'>ἡμῖν</span> 
     </span>
    </p>
   </div>
   <div class='ocr_carea' id='block_1_30' title="bbox 515 1784 2101 1883">
    <p class='ocr_par' dir='ltr' id='par_1_30' title="bbox 515 1784 2090 1882">
     <span class='ocr_line' id='line_1_30' title="bbox 515 1784 2090 1882; baseline -0.004 -18"><span class='ocrx_word' id='word_1_218' title='bbox 515 1811 796 1882; x_wconf 81' lang='lat' dir='ltr'><strong>gitandum</strong></span> <span class='ocrx_word' id='word_1_219' title='bbox 830 1809 986 1864; x_wconf 90' lang='lat' dir='ltr'><strong>nobis</strong></span> <span class='ocrx_word' id='word_1_220' title='bbox 1015 1807 1266 1876; x_wconf 84' lang='lat' dir='ltr'><strong>reliquit,</strong></span> <span class='ocrx_word' id='word_1_221' title='bbox 1300 1784 1574 1876; x_wconf 87' lang='lat' dir='ltr'><strong>quamque</strong></span> <span class='ocrx_word' id='word_1_222' title='bbox 1603 1820 1661 1860; x_wconf 91' lang='lat' dir='ltr'><strong>se</strong></span> <span class='ocrx_word' id='word_1_223' title='bbox 1687 1806 1742 1859; x_wconf 89' lang='lat' dir='ltr'><strong>in</strong></span> <span class='ocrx_word' id='word_1_224' title='bbox 1773 1804 1909 1858; x_wconf 89' lang='lat' dir='ltr'><strong>mari</strong></span> <span class='ocrx_word' id='word_1_225' title='bbox 1941 1805 2090 1874; x_wconf 83' lang='lat' dir='ltr'><strong>posi-</strong></span> 
     </span>
    </p>
   </div>
   <div class='ocr_carea' id='block_1_31' title="bbox 2204 1784 3773 1883">
    <p class='ocr_par' dir='ltr' id='par_1_31' title="bbox 2204 1784 3773 1875">
     <span class='ocr_line' id='line_1_31' title="bbox 2204 1784 3773 1875; baseline -0.017 -15"><span class='ocrx_word' id='word_1_226' title='bbox 2204 1784 2338 1860; x_wconf 69' lang='grc' dir='ltr'>νοεῖν</span> <span class='ocrx_word' id='word_1_227' title='bbox 2381 1801 2674 1875; x_wconf 83' lang='grc' dir='ltr'>ἀριστερὰν</span> <span class='ocrx_word' id='word_1_228' title='bbox 2711 1796 2898 1861; x_wconf 79' lang='grc' dir='ltr'>οὖσαν,</span> <span class='ocrx_word' id='word_1_229' title='bbox 2945 1795 3128 1866; x_wconf 83' lang='grc' dir='ltr'>θήσειν</span> <span class='ocrx_word' id='word_1_230' title='bbox 3156 1795 3212 1847; x_wconf 80' lang='grc' dir='ltr'><strong>ἐν</strong></span> <span class='ocrx_word' id='word_1_231' title='bbox 3253 1789 3495 1860; x_wconf 80' lang='grc' dir='ltr'><strong>θαλάσσῃ</strong></span> <span class='ocrx_word' id='word_1_232' title='bbox 3528 1786 3690 1856; x_wconf 77' lang='grc' dir='ltr'>φησὶν</span> <span class='ocrx_word' id='word_1_233' title='bbox 3712 1784 3773 1835; x_wconf 83' lang='grc' dir='ltr'>ἐν</span> 
     </span>
    </p>
   </div>
   <div class='ocr_carea' id='block_1_32' title="bbox 516 1896 2088 1964">
    <p class='ocr_par' dir='ltr' id='par_1_32' title="bbox 516 1896 2088 1964">
     <span class='ocr_line' id='line_1_32' title="bbox 516 1896 2088 1964; baseline -0.006 -6"><span class='ocrx_word' id='word_1_234' title='bbox 516 1915 699 1958; x_wconf 90' lang='lat' dir='ltr'><strong>turum</strong></span> <span class='ocrx_word' id='word_1_235' title='bbox 721 1917 844 1957; x_wconf 83' lang='lat' dir='ltr'><strong>esse</strong></span> <span class='ocrx_word' id='word_1_236' title='bbox 867 1900 1033 1964; x_wconf 78' lang='lat' dir='ltr'><strong>dixit,</strong></span> <span class='ocrx_word' id='word_1_237' title='bbox 1058 1900 1112 1954; x_wconf 91' lang='lat' dir='ltr'><strong>id</strong></span> <span class='ocrx_word' id='word_1_238' title='bbox 1131 1906 1215 1954; x_wconf 89' lang='lat' dir='ltr'><strong>est</strong></span> <span class='ocrx_word' id='word_1_239' title='bbox 1231 1938 1244 1959; x_wconf 88' lang='lat'><strong>,</strong></span> <span class='ocrx_word' id='word_1_240' title='bbox 1270 1899 1324 1952; x_wconf 92' lang='lat' dir='ltr'><strong>in</strong></span> <span class='ocrx_word' id='word_1_241' title='bbox 1349 1898 1509 1952; x_wconf 86' lang='lat' dir='ltr'><strong>salsis</strong></span> <span class='ocrx_word' id='word_1_242' title='bbox 1533 1899 1654 1952; x_wconf 71' lang='lat' dir='ltr'><strong>vita:</strong></span> <span class='ocrx_word' id='word_1_243' title='bbox 1676 1896 1933 1950; x_wconf 79' lang='lat' dir='ltr'><strong>fluctibus</strong></span> <span class='ocrx_word' id='word_1_244' title='bbox 1954 1936 1968 1960; x_wconf 98' lang='lat'><strong>,</strong></span> <span class='ocrx_word' id='word_1_245' title='bbox 1997 1896 2088 1950; x_wconf 91' lang='lat' dir='ltr'><strong>ubi</strong></span> 
     </span>
    </p>
   </div>
   <div class='ocr_carea' id='block_1_33' title="bbox 515 1987 2092 2058">
    <p class='ocr_par' dir='ltr' id='par_1_33' title="bbox 515 1987 2092 2058">
     <span class='ocr_line' id='line_1_33' title="bbox 515 1987 2092 2058; baseline -0.005 -9"><span class='ocrx_word' id='word_1_246' title='bbox 515 2002 891 2050; x_wconf 89' lang='lat' dir='ltr'><strong>commoratur</strong></span> <span class='ocrx_word' id='word_1_247' title='bbox 920 1993 1011 2047; x_wconf 91' lang='lat' dir='ltr'><strong>ille</strong></span> <span class='ocrx_word' id='word_1_248' title='bbox 1041 1993 1206 2046; x_wconf 87' lang='lat' dir='ltr'><strong>draco</strong></span> <span class='ocrx_word' id='word_1_249' title='bbox 1225 2033 1238 2058; x_wconf 95' lang='lat'><strong>,</strong></span> <span class='ocrx_word' id='word_1_250' title='bbox 1271 1988 1572 2045; x_wconf 92' lang='lat' dir='ltr'><strong>secundum</strong></span> <span class='ocrx_word' id='word_1_251' title='bbox 1598 1988 1727 2042; x_wconf 91' lang='lat' dir='ltr'><strong>illud</strong></span> <span class='ocrx_word' id='word_1_252' title='bbox 1761 2008 1774 2042; x_wconf 93' lang='lat'>:</span> <span class='ocrx_word' id='word_1_253' title='bbox 1805 1987 1918 2040; x_wconf 83' lang='lat' dir='ltr'><strong>Hoc</strong></span> <span class='ocrx_word' id='word_1_254' title='bbox 1946 2004 2092 2041; x_wconf 84' lang='lat' dir='ltr'><strong>mare</strong></span> 
     </span>
    </p>
   </div>
   <div class='ocr_carea' id='block_1_34' title="bbox 519 2081 2091 2157">
    <p class='ocr_par' dir='ltr' id='par_1_34' title="bbox 519 2081 2091 2157">
     <span class='ocr_line' id='line_1_34' title="bbox 519 2081 2091 2157; baseline -0.005 -17"><span class='ocrx_word' id='word_1_255' title='bbox 519 2103 767 2157; x_wconf 82' lang='lat' dir='ltr'><strong>magnum</strong></span> <span class='ocrx_word' id='word_1_256' title='bbox 809 2095 859 2140; x_wconf 84' lang='lat' dir='ltr'><strong>et</strong></span> <span class='ocrx_word' id='word_1_257' title='bbox 884 2085 1178 2154; x_wconf 75' lang='lat' dir='ltr'><strong>spatiosum</strong></span> <span class='ocrx_word' id='word_1_258' title='bbox 1203 2100 1220 2136; x_wconf 92' lang='lat'><strong><em>:</em></strong></span> <span class='ocrx_word' id='word_1_259' title='bbox 1251 2083 1364 2136; x_wconf 85' lang='lat' dir='ltr'><strong>illic</strong></span> <span class='ocrx_word' id='word_1_260' title='bbox 1388 2081 1598 2149; x_wconf 83' lang='lat' dir='ltr'><strong>reptilia</strong></span> <span class='ocrx_word' id='word_1_261' title='bbox 1626 2097 1850 2150; x_wconf 84' lang='lat' dir='ltr'><strong>quorum</strong></span> <span class='ocrx_word' id='word_1_262' title='bbox 1881 2097 1986 2133; x_wconf 87' lang='lat' dir='ltr'><strong>non</strong></span> <span class='ocrx_word' id='word_1_263' title='bbox 2015 2087 2091 2133; x_wconf 88' lang='lat' dir='ltr'><strong>est</strong></span> 
     </span>
    </p>
   </div>
   <div class='ocr_carea' id='block_1_35' title="bbox 516 2172 2093 2245">
    <p class='ocr_par' dir='ltr' id='par_1_35' title="bbox 516 2172 2093 2245">
     <span class='ocr_line' id='line_1_35' title="bbox 516 2172 2093 2245; baseline -0.006 -11"><span class='ocrx_word' id='word_1_264' title='bbox 516 2196 810 2234; x_wconf 88' lang='lat' dir='ltr'><strong>numerus:</strong></span> <span class='ocrx_word' id='word_1_265' title='bbox 840 2178 1002 2231; x_wconf 87' lang='lat' dir='ltr'><strong>draco</strong></span> <span class='ocrx_word' id='word_1_266' title='bbox 1037 2179 1136 2231; x_wconf 89' lang='lat' dir='ltr'><strong>iste</strong></span> <span class='ocrx_word' id='word_1_267' title='bbox 1169 2193 1319 2245; x_wconf 83' lang='lat' dir='ltr'><strong>quem</strong></span> <span class='ocrx_word' id='word_1_268' title='bbox 1362 2175 1610 2244; x_wconf 84' lang='lat' dir='ltr'><strong>formasti</strong></span> <span class='ocrx_word' id='word_1_269' title='bbox 1655 2174 1723 2227; x_wconf 87' lang='lat' dir='ltr'><strong>ad</strong></span> <span class='ocrx_word' id='word_1_270' title='bbox 1763 2172 2093 2226; x_wconf 86' lang='lat' dir='ltr'><strong>illudendum</strong></span> 
     </span>
    </p>
   </div>
   <div class='ocr_carea' id='block_1_36' title="bbox 517 2263 2094 2330">
    <p class='ocr_par' dir='ltr' id='par_1_36' title="bbox 517 2263 2094 2330">
     <span class='ocr_line' id='line_1_36' title="bbox 517 2263 2094 2330; baseline -0.006 -5"><span class='ocrx_word' id='word_1_271' title='bbox 517 2274 565 2325; x_wconf 86' lang='lat' dir='ltr'><strong>ei</strong></span> <span class='ocrx_word' id='word_1_272' title='bbox 611 2272 676 2323; x_wconf 66' lang='lat'><strong>‘3.</strong></span> <span class='ocrx_word' id='word_1_273' title='bbox 732 2268 828 2323; x_wconf 86' lang='lat' dir='ltr'><strong>His</strong></span> <span class='ocrx_word' id='word_1_274' title='bbox 870 2283 999 2322; x_wconf 88' lang='lat' dir='ltr'><strong>vero</strong></span> <span class='ocrx_word' id='word_1_275' title='bbox 1039 2267 1406 2330; x_wconf 87' lang='lat' dir='ltr'><strong>draconibus,</strong></span> <span class='ocrx_word' id='word_1_276' title='bbox 1453 2275 1507 2319; x_wconf 87' lang='lat' dir='ltr'><strong>et</strong></span> <span class='ocrx_word' id='word_1_277' title='bbox 1550 2264 1684 2318; x_wconf 92' lang='lat' dir='ltr'><strong>mari</strong></span> <span class='ocrx_word' id='word_1_278' title='bbox 1727 2263 1831 2318; x_wconf 90' lang='lat' dir='ltr'><strong>hac</strong></span> <span class='ocrx_word' id='word_1_279' title='bbox 1879 2264 2094 2318; x_wconf 84' lang='lat' dir='ltr'><strong>ratione</strong></span> 
     </span>
    </p>
   </div>
   <div class='ocr_carea' id='block_1_37' title="bbox 521 2355 2094 2426">
    <p class='ocr_par' dir='ltr' id='par_1_37' title="bbox 521 2355 2094 2426">
     <span class='ocr_line' id='line_1_37' title="bbox 521 2355 2094 2426; baseline -0.006 -10"><span class='ocrx_word' id='word_1_280' title='bbox 521 2363 798 2416; x_wconf 87' lang='lat' dir='ltr'><strong>intellecto</strong></span> <span class='ocrx_word' id='word_1_281' title='bbox 817 2399 833 2423; x_wconf 89' lang='lat'><strong>,</strong></span> <span class='ocrx_word' id='word_1_282' title='bbox 861 2373 967 2413; x_wconf 88' lang='lat' dir='ltr'><strong>non</strong></span> <span class='ocrx_word' id='word_1_283' title='bbox 995 2357 1218 2413; x_wconf 84' lang='lat' dir='ltr'><strong>dextera</strong></span> <span class='ocrx_word' id='word_1_284' title='bbox 1239 2397 1253 2420; x_wconf 97' lang='lat'><strong>,</strong></span> <span class='ocrx_word' id='word_1_285' title='bbox 1281 2356 1374 2411; x_wconf 89' lang='lat' dir='ltr'><strong>sed</strong></span> <span class='ocrx_word' id='word_1_286' title='bbox 1398 2357 1504 2410; x_wconf 88' lang='lat' dir='ltr'><strong>alia</strong></span> <span class='ocrx_word' id='word_1_287' title='bbox 1531 2371 1694 2426; x_wconf 90' lang='lat' dir='ltr'><strong>quam</strong></span> <span class='ocrx_word' id='word_1_288' title='bbox 1725 2355 1946 2411; x_wconf 78' lang='lat' dir='ltr'><strong>dextera</strong></span> <span class='ocrx_word' id='word_1_289' title='bbox 1979 2370 2094 2408; x_wconf 85' lang='lat' dir='ltr'><strong>ma-</strong></span> 
     </span>
    </p>
   </div>
   <div class='ocr_carea' id='block_1_38' title="bbox 522 2447 2090 2522">
    <p class='ocr_par' dir='ltr' id='par_1_38' title="bbox 522 2447 2090 2522">
     <span class='ocr_line' id='line_1_38' title="bbox 522 2447 2090 2522; baseline -0.005 -14"><span class='ocrx_word' id='word_1_290' title='bbox 522 2469 627 2508; x_wconf 88' lang='lat' dir='ltr'><strong>nus</strong></span> <span class='ocrx_word' id='word_1_291' title='bbox 660 2453 988 2522; x_wconf 90' lang='lat' dir='ltr'><strong>imponetur,</strong></span> <span class='ocrx_word' id='word_1_292' title='bbox 1024 2449 1308 2504; x_wconf 79' lang='lat' dir='ltr'><strong>vindicans</strong></span> <span class='ocrx_word' id='word_1_293' title='bbox 1337 2457 1392 2503; x_wconf 87' lang='lat' dir='ltr'><strong>et</strong></span> <span class='ocrx_word' id='word_1_294' title='bbox 1425 2448 1696 2504; x_wconf 88' lang='lat' dir='ltr'><strong>ulciscens</strong></span> <span class='ocrx_word' id='word_1_295' title='bbox 1730 2447 1982 2500; x_wconf 90' lang='lat' dir='ltr'><strong>inimicos</strong></span> <span class='ocrx_word' id='word_1_296' title='bbox 2025 2461 2090 2500; x_wconf 90' lang='lat' dir='ltr'><strong>ac</strong></span> 
     </span>
    </p>
   </div>
   <div class='ocr_carea' id='block_1_39' title="bbox 522 2537 2090 2619">
    <p class='ocr_par' dir='ltr' id='par_1_39' title="bbox 522 2537 2090 2619">
     <span class='ocr_line' id='line_1_39' title="bbox 522 2537 2090 2619; baseline -0.006 -20"><span class='ocrx_word' id='word_1_297' title='bbox 522 2544 836 2615; x_wconf 88' lang='lat' dir='ltr'><strong>deprimens</strong></span> <span class='ocrx_word' id='word_1_298' title='bbox 857 2558 978 2619; x_wconf 84' lang='lat' dir='ltr'><strong>eos.</strong></span> <span class='ocrx_word' id='word_1_299' title='bbox 1015 2539 1114 2594; x_wconf 79' lang='lat' dir='ltr'><strong>l-lic</strong></span> <span class='ocrx_word' id='word_1_300' title='bbox 1144 2555 1272 2593; x_wconf 89' lang='lat' dir='ltr'><strong>vero</strong></span> <span class='ocrx_word' id='word_1_301' title='bbox 1304 2541 1421 2610; x_wconf 88' lang='lat' dir='ltr'><strong>ipse</strong></span> <span class='ocrx_word' id='word_1_302' title='bbox 1447 2539 1560 2608; x_wconf 88' lang='lat' dir='ltr'><strong>jam</strong></span> <span class='ocrx_word' id='word_1_303' title='bbox 1594 2548 1929 2593; x_wconf 85' lang='lat' dir='ltr'><strong>memoratus</strong></span> <span class='ocrx_word' id='word_1_304' title='bbox 1964 2537 2090 2607; x_wconf 86' lang='lat' dir='ltr'><strong>(vi-</strong></span> 
     </span>
    </p>
   </div>
   <div class='ocr_carea' id='block_1_40' title="bbox 523 2629 2097 2699">
    <p class='ocr_par' dir='ltr' id='par_1_40' title="bbox 523 2629 2097 2699">
     <span class='ocr_line' id='line_1_40' title="bbox 523 2629 2097 2699; baseline -0.003 -10"><span class='ocrx_word' id='word_1_305' title='bbox 523 2635 721 2690; x_wconf 86' lang='lat' dir='ltr'><strong>delicet</strong></span> <span class='ocrx_word' id='word_1_306' title='bbox 767 2647 940 2687; x_wconf 88' lang='lat' dir='ltr'><strong>cornu</strong></span> <span class='ocrx_word' id='word_1_307' title='bbox 991 2631 1123 2684; x_wconf 90' lang='lat' dir='ltr'><strong>illud</strong></span> <span class='ocrx_word' id='word_1_308' title='bbox 1167 2630 1421 2699; x_wconf 75' lang='lat' dir='ltr'><strong>Davidis)</strong></span> <span class='ocrx_word' id='word_1_309' title='bbox 1468 2629 1559 2699; x_wconf 91' lang='lat' dir='ltr'><strong>qui</strong></span> <span class='ocrx_word' id='word_1_310' title='bbox 1607 2646 1674 2684; x_wconf 79' lang='lat' dir='ltr'><strong>ex</strong></span> <span class='ocrx_word' id='word_1_311' title='bbox 1721 2629 1930 2684; x_wconf 88' lang='lat' dir='ltr'><strong>semine</strong></span> <span class='ocrx_word' id='word_1_312' title='bbox 1977 2629 2097 2698; x_wconf 90' lang='lat' dir='ltr'><strong>ejus</strong></span> 
     </span>
    </p>
   </div>
   <div class='ocr_carea' id='block_1_41' title="bbox 527 2721 2097 2794">
    <p class='ocr_par' dir='ltr' id='par_1_41' title="bbox 527 2721 2097 2794">
     <span class='ocr_line' id='line_1_41' title="bbox 527 2721 2097 2794; baseline -0.003 -14"><span class='ocrx_word' id='word_1_313' title='bbox 527 2726 840 2782; x_wconf 87' lang='lat' dir='ltr'><strong>nasciturus</strong></span> <span class='ocrx_word' id='word_1_314' title='bbox 875 2733 958 2780; x_wconf 89' lang='lat' dir='ltr'><strong>est</strong></span> <span class='ocrx_word' id='word_1_315' title='bbox 983 2764 996 2789; x_wconf 91' lang='lat'><strong>,</strong></span> <span class='ocrx_word' id='word_1_316' title='bbox 1037 2731 1243 2794; x_wconf 89' lang='lat' dir='ltr'><strong>patrem</strong></span> <span class='ocrx_word' id='word_1_317' title='bbox 1278 2725 1495 2778; x_wconf 84' lang='lat' dir='ltr'><strong>vocabit</strong></span> <span class='ocrx_word' id='word_1_318' title='bbox 1529 2721 1698 2778; x_wconf 88' lang='lat' dir='ltr'><strong>Deum</strong></span> <span class='ocrx_word' id='word_1_319' title='bbox 1727 2763 1743 2787; x_wconf 93' lang='lat'><strong>,</strong></span> <span class='ocrx_word' id='word_1_320' title='bbox 1781 2729 1968 2794; x_wconf 90' lang='lat' dir='ltr'><strong>utpote</strong></span> <span class='ocrx_word' id='word_1_321' title='bbox 2001 2724 2097 2793; x_wconf 90' lang='lat' dir='ltr'><strong>qui</strong></span> 
     </span>
    </p>
   </div>
   <div class='ocr_carea' id='block_1_42' title="bbox 524 2813 2098 2890">
    <p class='ocr_par' dir='ltr' id='par_1_42' title="bbox 524 2813 2098 2890">
     <span class='ocr_line' id='line_1_42' title="bbox 524 2813 2098 2890; baseline -0.002 -18"><span class='ocrx_word' id='word_1_322' title='bbox 524 2820 724 2890; x_wconf 77' lang='lat' dir='ltr'><strong>dignus</strong></span> <span class='ocrx_word' id='word_1_323' title='bbox 747 2817 966 2872; x_wconf 87' lang='lat' dir='ltr'><strong>habitus</strong></span> <span class='ocrx_word' id='word_1_324' title='bbox 989 2817 1060 2871; x_wconf 88' lang='lat' dir='ltr'><strong>sit</strong></span> <span class='ocrx_word' id='word_1_325' title='bbox 1083 2816 1136 2869; x_wconf 94' lang='lat' dir='ltr'><strong>in</strong></span> <span class='ocrx_word' id='word_1_326' title='bbox 1159 2831 1267 2885; x_wconf 91' lang='lat' dir='ltr'><strong>quo</strong></span> <span class='ocrx_word' id='word_1_327' title='bbox 1293 2814 1561 2870; x_wconf 86' lang='lat' dir='ltr'><strong>habitaret</strong></span> <span class='ocrx_word' id='word_1_328' title='bbox 1593 2815 1905 2880; x_wconf 81' lang='lat' dir='ltr'><strong>unigenitus</strong></span> <span class='ocrx_word' id='word_1_329' title='bbox 1926 2813 2098 2869; x_wconf 87' lang='lat' dir='ltr'><strong>Filius</strong></span> 
     </span>
    </p>
   </div>
   <div class='ocr_carea' id='block_1_43' title="bbox 529 2904 2102 2980">
    <p class='ocr_par' dir='ltr' id='par_1_43' title="bbox 529 2904 2102 2980">
     <span class='ocr_line' id='line_1_43' title="bbox 529 2904 2102 2980; baseline -0.003 -16"><span class='ocrx_word' id='word_1_330' title='bbox 529 2912 661 2977; x_wconf 90' lang='lat' dir='ltr'><strong>Dei,</strong></span> <span class='ocrx_word' id='word_1_331' title='bbox 689 2918 744 2965; x_wconf 84' lang='lat' dir='ltr'><strong>et</strong></span> <span class='ocrx_word' id='word_1_332' title='bbox 769 2910 862 2980; x_wconf 91' lang='lat' dir='ltr'><strong>qui</strong></span> <span class='ocrx_word' id='word_1_333' title='bbox 894 2908 996 2978; x_wconf 88' lang='lat' dir='ltr'><strong>ipsi</strong></span> <span class='ocrx_word' id='word_1_334' title='bbox 1031 2907 1381 2976; x_wconf 84' lang='lat' dir='ltr'><strong>copularetur</strong></span> <span class='ocrx_word' id='word_1_335' title='bbox 1405 2912 1460 2961; x_wconf 89' lang='lat' dir='ltr'><strong>et</strong></span> <span class='ocrx_word' id='word_1_336' title='bbox 1479 2906 1819 2976; x_wconf 81' lang='lat' dir='ltr'><strong>jungeretur.</strong></span> <span class='ocrx_word' id='word_1_337' title='bbox 1853 2904 2102 2975; x_wconf 85' lang='lat' dir='ltr'><strong>Quapro-</strong></span> 
     </span>
    </p>
   </div>
   <div class='ocr_carea' id='block_1_44' title="bbox 529 2997 2100 3072">
    <p class='ocr_par' dir='ltr' id='par_1_44' title="bbox 529 2997 2100 3072">
     <span class='ocr_line' id='line_1_44' title="bbox 529 2997 2100 3072; baseline -0.004 -17"><span class='ocrx_word' id='word_1_338' title='bbox 529 3013 648 3072; x_wconf 89' lang='lat' dir='ltr'><strong>pter</strong></span> <span class='ocrx_word' id='word_1_339' title='bbox 677 3001 795 3070; x_wconf 90' lang='lat' dir='ltr'><strong>ipse</strong></span> <span class='ocrx_word' id='word_1_340' title='bbox 829 2999 971 3054; x_wconf 89' lang='lat' dir='ltr'><strong>Deus</strong></span> <span class='ocrx_word' id='word_1_341' title='bbox 1003 2997 1277 3062; x_wconf 75' lang='lat' dir='ltr'><strong>Verbum,</strong></span> <span class='ocrx_word' id='word_1_342' title='bbox 1313 2997 1709 3067; x_wconf 77' lang='lat' dir='ltr'><strong>primogenitus</strong></span> <span class='ocrx_word' id='word_1_343' title='bbox 1739 2997 1918 3052; x_wconf 90' lang='lat' dir='ltr'><strong>omnis</strong></span> <span class='ocrx_word' id='word_1_344' title='bbox 1947 3011 2100 3052; x_wconf 86' lang='lat' dir='ltr'><strong>crea—</strong></span> 
     </span>
    </p>
   </div>
   <div class='ocr_carea' id='block_1_45' title="bbox 528 3091 2100 3164">
    <p class='ocr_par' dir='ltr' id='par_1_45' title="bbox 528 3091 2100 3164">
     <span class='ocr_line' id='line_1_45' title="bbox 528 3091 2100 3164; baseline -0.003 -17"><span class='ocrx_word' id='word_1_345' title='bbox 528 3105 686 3158; x_wconf 58' lang='lat' dir='ltr'><strong>turae,</strong></span> <span class='ocrx_word' id='word_1_346' title='bbox 714 3094 806 3164; x_wconf 91' lang='lat' dir='ltr'><strong>qui</strong></span> <span class='ocrx_word' id='word_1_347' title='bbox 831 3101 956 3148; x_wconf 90' lang='lat' dir='ltr'><strong>ante</strong></span> <span class='ocrx_word' id='word_1_348' title='bbox 976 3093 1303 3163; x_wconf 87' lang='lat' dir='ltr'><strong>promiserat</strong></span> <span class='ocrx_word' id='word_1_349' title='bbox 1331 3099 1384 3146; x_wconf 90' lang='lat' dir='ltr'><strong>et</strong></span> <span class='ocrx_word' id='word_1_350' title='bbox 1413 3091 1646 3153; x_wconf 79' lang='lat' dir='ltr'><strong>dixerat,</strong></span> <span class='ocrx_word' id='word_1_351' title='bbox 1673 3091 1737 3144; x_wconf 81' lang='lat' dir='ltr'><strong>In</strong></span> <span class='ocrx_word' id='word_1_352' title='bbox 1762 3093 1970 3146; x_wconf 86' lang='lat' dir='ltr'><strong>nomine</strong></span> <span class='ocrx_word' id='word_1_353' title='bbox 1989 3108 2100 3145; x_wconf 90' lang='lat' dir='ltr'><strong>meo</strong></span> 
     </span>
    </p>
   </div>
   <div class='ocr_carea' id='block_1_46' title="bbox 2189 1878 3772 1967">
    <p class='ocr_par' dir='ltr' id='par_1_46' title="bbox 2189 1878 3772 1967">
     <span class='ocr_line' id='line_1_46' title="bbox 2189 1878 3772 1967; baseline -0.015 -16"><span class='ocrx_word' id='word_1_354' title='bbox 2189 1901 2302 1960; x_wconf 85' lang='grc' dir='ltr'>τοῖς</span> <span class='ocrx_word' id='word_1_355' title='bbox 2335 1896 2592 1967; x_wconf 62' lang='grc' dir='ltr'>ἁλμυροῖς</span> <span class='ocrx_word' id='word_1_356' title='bbox 2610 1893 2702 1946; x_wconf 83' lang='grc' dir='ltr'><strong>τοῦ</strong></span> <span class='ocrx_word' id='word_1_357' title='bbox 2737 1892 2849 1963; x_wconf 88' lang='grc' dir='ltr'>βίου</span> <span class='ocrx_word' id='word_1_358' title='bbox 2888 1889 3159 1959; x_wconf 76' lang='grc' dir='ltr'>κύμασινο</span> <span class='ocrx_word' id='word_1_359' title='bbox 3197 1883 3326 1936; x_wconf 72' lang='grc' dir='ltr'>ἔνθα</span> <span class='ocrx_word' id='word_1_360' title='bbox 3357 1882 3451 1934; x_wconf 74' lang='grc' dir='ltr'><strong>καὶ</strong></span> <span class='ocrx_word' id='word_1_361' title='bbox 3483 1881 3512 1932; x_wconf 97' lang='lat'><strong>6</strong></span> <span class='ocrx_word' id='word_1_362' title='bbox 3552 1878 3772 1948; x_wconf 81' lang='grc' dir='ltr'>δράκων</span> 
     </span>
    </p>
   </div>
   <div class='ocr_carea' id='block_1_47' title="bbox 2190 1968 3774 2054">
    <p class='ocr_par' dir='ltr' id='par_1_47' title="bbox 2190 1968 3774 2054">
     <span class='ocr_line' id='line_1_47' title="bbox 2190 1968 3774 2054; baseline -0.015 -10"><span class='ocrx_word' id='word_1_363' title='bbox 2190 1990 2288 2054; x_wconf 76' lang='grc' dir='ltr'>τὰς</span> <span class='ocrx_word' id='word_1_364' title='bbox 2321 1986 2512 2042; x_wconf 80' lang='grc' dir='ltr'>ἑαυτοῦ</span> <span class='ocrx_word' id='word_1_365' title='bbox 2534 1988 2768 2040; x_wconf 85' lang='grc' dir='ltr'>ποιεῖται</span> <span class='ocrx_word' id='word_1_366' title='bbox 2789 1980 3090 2052; x_wconf 75' lang='grc' dir='ltr'>διατριϐὰς,</span> <span class='ocrx_word' id='word_1_367' title='bbox 3123 1976 3266 2032; x_wconf 81' lang='grc' dir='ltr'>κατὰ</span> <span class='ocrx_word' id='word_1_368' title='bbox 3288 1975 3371 2038; x_wconf 85' lang='grc' dir='ltr'><strong>τὺ,</strong></span> <span class='ocrx_word' id='word_1_369' title='bbox 3409 1973 3568 2038; x_wconf 81' lang='grc' dir='ltr'>Αὕτη</span> <span class='ocrx_word' id='word_1_370' title='bbox 3599 1972 3637 2037; x_wconf 76' lang='grc' dir='ltr'><strong>ἠ</strong></span> <span class='ocrx_word' id='word_1_371' title='bbox 3670 1968 3774 2054; x_wconf 70' lang='grc' dir='ltr'>θα-</span> 
     </span>
    </p>
   </div>
   <div class='ocr_carea' id='block_1_48' title="bbox 2192 2052 3777 2148">
    <p class='ocr_par' dir='ltr' id='par_1_48' title="bbox 2192 2052 3777 2148">
     <span class='ocr_line' id='line_1_48' title="bbox 2192 2052 3777 2148; baseline -0.018 -11"><span class='ocrx_word' id='word_1_372' title='bbox 2192 2052 2398 2138; x_wconf 79' lang='grc' dir='ltr'>λασσα</span> <span class='ocrx_word' id='word_1_373' title='bbox 2429 2080 2468 2147; x_wconf 75' lang='grc' dir='ltr'>ἡ</span> <span class='ocrx_word' id='word_1_374' title='bbox 2495 2075 2727 2148; x_wconf 75' lang='grc' dir='ltr'>μεγάλη</span> <span class='ocrx_word' id='word_1_375' title='bbox 2764 2075 2858 2128; x_wconf 77' lang='grc' dir='ltr'>καὶ</span> <span class='ocrx_word' id='word_1_376' title='bbox 2899 2071 3260 2140; x_wconf 74' lang='grc' dir='ltr'><strong>εὐρύχωρος⁸</strong></span> <span class='ocrx_word' id='word_1_377' title='bbox 3293 2063 3422 2118; x_wconf 78' lang='grc' dir='ltr'>ἐκεῖ</span> <span class='ocrx_word' id='word_1_378' title='bbox 3442 2061 3658 2131; x_wconf 80' lang='grc' dir='ltr'>ἑρπετὰ</span> <span class='ocrx_word' id='word_1_379' title='bbox 3688 2052 3777 2111; x_wconf 75' lang='grc' dir='ltr'>ὧν</span> 
     </span>
    </p>
   </div>
   <div class='ocr_carea' id='block_1_49' title="bbox 2193 2154 3775 2238">
    <p class='ocr_par' dir='ltr' id='par_1_49' title="bbox 2193 2154 3775 2238">
     <span class='ocr_line' id='line_1_49' title="bbox 2193 2154 3775 2238; baseline -0.015 -11"><span class='ocrx_word' id='word_1_380' title='bbox 2193 2175 2305 2227; x_wconf 83' lang='grc' dir='ltr'><strong>οὐκ</strong></span> <span class='ocrx_word' id='word_1_381' title='bbox 2351 2171 2522 2224; x_wconf 87' lang='grc' dir='ltr'>ἐστιν</span> <span class='ocrx_word' id='word_1_382' title='bbox 2563 2167 2841 2238; x_wconf 81' lang='grc' dir='ltr'>ἀριθμός·</span> <span class='ocrx_word' id='word_1_383' title='bbox 2881 2162 3119 2232; x_wconf 83' lang='grc' dir='ltr'>δράκων</span> <span class='ocrx_word' id='word_1_384' title='bbox 3169 2155 3350 2223; x_wconf 86' lang='grc' dir='ltr'>οὗτος</span> <span class='ocrx_word' id='word_1_385' title='bbox 3383 2157 3455 2209; x_wconf 84' lang='grc' dir='ltr'>ὃν</span> <span class='ocrx_word' id='word_1_386' title='bbox 3498 2154 3775 2216; x_wconf 76' lang='grc' dir='ltr'><strong>ἔπλασας</strong></span> 
     </span>
    </p>
   </div>
   <div class='ocr_carea' id='block_1_50' title="bbox 2193 2244 3773 2334">
    <p class='ocr_par' dir='ltr' id='par_1_50' title="bbox 2193 2244 3773 2334">
     <span class='ocr_line' id='line_1_50' title="bbox 2193 2244 3773 2334; baseline -0.015 -17"><span class='ocrx_word' id='word_1_387' title='bbox 2193 2262 2492 2334; x_wconf 75' lang='grc' dir='ltr'><strong>ἐμπαίζειν</strong></span> <span class='ocrx_word' id='word_1_388' title='bbox 2511 2259 2692 2325; x_wconf 82' lang='grc' dir='ltr'>αὐτῷ.</span> <span class='ocrx_word' id='word_1_389' title='bbox 2738 2257 2861 2310; x_wconf 85' lang='grc' dir='ltr'>Ἐπί</span> <span class='ocrx_word' id='word_1_390' title='bbox 2892 2253 3096 2308; x_wconf 88' lang='grc' dir='ltr'>τούτων</span> <span class='ocrx_word' id='word_1_391' title='bbox 3142 2250 3252 2321; x_wconf 86' lang='grc' dir='ltr'>γὰρ</span> <span class='ocrx_word' id='word_1_392' title='bbox 3290 2248 3398 2301; x_wconf 86' lang='grc' dir='ltr'><strong>τῶν</strong></span> <span class='ocrx_word' id='word_1_393' title='bbox 3445 2244 3773 2334; x_wconf 78' lang='grc' dir='ltr'>δρακόντων,</span> 
     </span>
    </p>
   </div>
   <div class='ocr_carea' id='block_1_51' title="bbox 2197 2331 3775 2423">
    <p class='ocr_par' dir='ltr' id='par_1_51' title="bbox 2197 2331 3775 2423">
     <span class='ocr_line' id='line_1_51' title="bbox 2197 2331 3775 2423; baseline -0.018 -14"><span class='ocrx_word' id='word_1_394' title='bbox 2197 2331 2290 2409; x_wconf 76' lang='grc' dir='ltr'><strong>καὶ</strong></span> <span class='ocrx_word' id='word_1_395' title='bbox 2322 2353 2423 2423; x_wconf 82' lang='grc' dir='ltr'>τῆς</span> <span class='ocrx_word' id='word_1_396' title='bbox 2453 2351 2596 2404; x_wconf 78' lang='grc' dir='ltr'>οὓτω</span> <span class='ocrx_word' id='word_1_397' title='bbox 2629 2348 2914 2419; x_wconf 83' lang='grc' dir='ltr'>νοηθείσης</span> <span class='ocrx_word' id='word_1_398' title='bbox 2938 2344 3233 2413; x_wconf 80' lang='grc' dir='ltr'>θαλάσσης,</span> <span class='ocrx_word' id='word_1_399' title='bbox 3255 2341 3354 2409; x_wconf 83' lang='grc' dir='ltr'>οὐχ</span> <span class='ocrx_word' id='word_1_400' title='bbox 3383 2341 3416 2408; x_wconf 91' lang='grc' dir='ltr'><strong>ή</strong></span> <span class='ocrx_word' id='word_1_401' title='bbox 3457 2334 3627 2400; x_wconf 80' lang='grc' dir='ltr'>δεξιὰ,</span> <span class='ocrx_word' id='word_1_402' title='bbox 3660 2331 3775 2384; x_wconf 83' lang='grc' dir='ltr'>ἁλλ’</span> 
     </span>
    </p>
   </div>
   <div class='ocr_carea' id='block_1_52' title="bbox 2195 2425 3779 2516">
    <p class='ocr_par' dir='ltr' id='par_1_52' title="bbox 2195 2425 3779 2516">
     <span class='ocr_line' id='line_1_52' title="bbox 2195 2425 3779 2516; baseline -0.014 -17"><span class='ocrx_word' id='word_1_403' title='bbox 2195 2449 2228 2516; x_wconf 84' lang='grc' dir='ltr'><strong>ἡ</strong></span> <span class='ocrx_word' id='word_1_404' title='bbox 2271 2445 2433 2516; x_wconf 80' lang='grc' dir='ltr'>ἑτέρα</span> <span class='ocrx_word' id='word_1_405' title='bbox 2489 2441 2640 2512; x_wconf 84' lang='grc' dir='ltr'>παρὰ</span> <span class='ocrx_word' id='word_1_406' title='bbox 2667 2439 2765 2510; x_wconf 85' lang='grc' dir='ltr'><strong>τὴν</strong></span> <span class='ocrx_word' id='word_1_407' title='bbox 2797 2436 2976 2504; x_wconf 81' lang='grc' dir='ltr'>δεξιὰν</span> <span class='ocrx_word' id='word_1_408' title='bbox 3009 2433 3388 2504; x_wconf 82' lang='grc' dir='ltr'>ὲπιτεθήσεται</span> <span class='ocrx_word' id='word_1_409' title='bbox 3425 2429 3567 2500; x_wconf 77' lang='grc' dir='ltr'>χεὶρ,</span> <span class='ocrx_word' id='word_1_410' title='bbox 3620 2425 3779 2479; x_wconf 85' lang='grc' dir='ltr'>κολὰ-</span> 
     </span>
    </p>
   </div>
   <div class='ocr_carea' id='block_1_53' title="bbox 2197 2517 3778 2604">
    <p class='ocr_par' dir='ltr' id='par_1_53' title="bbox 2197 2517 3778 2604">
     <span class='ocr_line' id='line_1_53' title="bbox 2197 2517 3778 2604; baseline -0.015 -12"><span class='ocrx_word' id='word_1_411' title='bbox 2197 2537 2365 2601; x_wconf 78' lang='grc' dir='ltr'>ζουσα</span> <span class='ocrx_word' id='word_1_412' title='bbox 2389 2535 2484 2590; x_wconf 71' lang='grc' dir='ltr'>καὶ</span> <span class='ocrx_word' id='word_1_413' title='bbox 2519 2530 2837 2604; x_wconf 86' lang='grc' dir='ltr'>τιμωροῦσα</span> <span class='ocrx_word' id='word_1_414' title='bbox 2862 2530 2988 2590; x_wconf 79' lang='grc' dir='ltr'>τοὺς</span> <span class='ocrx_word' id='word_1_415' title='bbox 3028 2526 3274 2597; x_wconf 79' lang='grc' dir='ltr'>ἐχθροὺς,</span> <span class='ocrx_word' id='word_1_416' title='bbox 3323 2523 3416 2575; x_wconf 77' lang='grc' dir='ltr'>καὶ</span> <span class='ocrx_word' id='word_1_417' title='bbox 3447 2517 3778 2574; x_wconf 85' lang='grc' dir='ltr'>ταπεινοῦσα</span> 
     </span>
    </p>
   </div>
   <div class='ocr_carea' id='block_1_54' title="bbox 2199 2611 3779 2692">
    <p class='ocr_par' dir='ltr' id='par_1_54' title="bbox 2199 2611 3779 2692">
     <span class='ocr_line' id='line_1_54' title="bbox 2199 2611 3779 2692; baseline -0.013 -9"><span class='ocrx_word' id='word_1_418' title='bbox 2199 2627 2412 2692; x_wconf 88' lang='grc' dir='ltr'>αύτούς.</span> <span class='ocrx_word' id='word_1_419' title='bbox 2468 2625 2642 2688; x_wconf 77' lang='grc' dir='ltr'>Αὐτὸς</span> <span class='ocrx_word' id='word_1_420' title='bbox 2672 2624 2728 2676; x_wconf 82' lang='grc' dir='ltr'>δὲ</span> <span class='ocrx_word' id='word_1_421' title='bbox 2775 2617 2930 2685; x_wconf 72' lang='grc' dir='ltr'>οὗτος</span> <span class='ocrx_word' id='word_1_422' title='bbox 2987 2623 3016 2674; x_wconf 89' lang='lat'><strong>6</strong></span> <span class='ocrx_word' id='word_1_423' title='bbox 3055 2616 3379 2690; x_wconf 82' lang='grc' dir='ltr'>δηλούμενος</span> <span class='ocrx_word' id='word_1_424' title='bbox 3414 2613 3592 2685; x_wconf 80' lang='grc' dir='ltr'>(δῆλον</span> <span class='ocrx_word' id='word_1_425' title='bbox 3629 2611 3673 2664; x_wconf 78' lang='grc' dir='ltr'>δ’</span> <span class='ocrx_word' id='word_1_426' title='bbox 3699 2611 3779 2664; x_wconf 85' lang='grc' dir='ltr'>ὃτι</span> 
     </span>
    </p>
   </div>
   <div class='ocr_carea' id='block_1_55' title="bbox 2200 2706 3777 2792">
    <p class='ocr_par' dir='ltr' id='par_1_55' title="bbox 2200 2706 3777 2792">
     <span class='ocr_line' id='line_1_55' title="bbox 2200 2706 3777 2792; baseline -0.012 -18"><span class='ocrx_word' id='word_1_427' title='bbox 2200 2721 2366 2792; x_wconf 84' lang='grc' dir='ltr'>κέρας</span> <span class='ocrx_word' id='word_1_428' title='bbox 2396 2718 2604 2787; x_wconf 78' lang='grc' dir='ltr'>Δαυῒδ),</span> <span class='ocrx_word' id='word_1_429' title='bbox 2629 2717 2658 2768; x_wconf 93' lang='lat'><strong>6</strong></span> <span class='ocrx_word' id='word_1_430' title='bbox 2685 2717 2750 2770; x_wconf 82' lang='grc' dir='ltr'>ὲκ</span> <span class='ocrx_word' id='word_1_431' title='bbox 2781 2713 3095 2786; x_wconf 80' lang='grc' dir='ltr'>σπέρματος</span> <span class='ocrx_word' id='word_1_432' title='bbox 3125 2708 3286 2763; x_wconf 83' lang='grc' dir='ltr'>αὑτοῦ</span> <span class='ocrx_word' id='word_1_433' title='bbox 3326 2706 3777 2777; x_wconf 82' lang='grc' dir='ltr'>γενηθησόμενος,</span> 
     </span>
    </p>
   </div>
   <div class='ocr_carea' id='block_1_56' title="bbox 2202 2794 3780 2884">
    <p class='ocr_par' dir='ltr' id='par_1_56' title="bbox 2202 2794 3780 2884">
     <span class='ocr_line' id='line_1_56' title="bbox 2202 2794 3780 2884; baseline -0.013 -17"><span class='ocrx_word' id='word_1_434' title='bbox 2202 2812 2412 2884; x_wconf 79' lang='grc' dir='ltr'>πατέρα</span> <span class='ocrx_word' id='word_1_435' title='bbox 2437 2809 2822 2864; x_wconf 81' lang='grc' dir='ltr'>ὲπικαλέσεται</span> <span class='ocrx_word' id='word_1_436' title='bbox 2847 2806 2939 2859; x_wconf 85' lang='grc' dir='ltr'><strong>τὸν</strong></span> <span class='ocrx_word' id='word_1_437' title='bbox 2964 2803 3116 2869; x_wconf 85' lang='grc' dir='ltr'>Θεὸν,</span> <span class='ocrx_word' id='word_1_438' title='bbox 3145 2801 3240 2855; x_wconf 79' lang='grc' dir='ltr'>ἅτε</span> <span class='ocrx_word' id='word_1_439' title='bbox 3256 2797 3662 2869; x_wconf 79' lang='grc' dir='ltr'>κατηξιωμένος</span> <span class='ocrx_word' id='word_1_440' title='bbox 3682 2794 3780 2864; x_wconf 74' lang='grc' dir='ltr'>τῆς</span> 
     </span>
    </p>
   </div>
   <div class='ocr_carea' id='block_1_57' title="bbox 2202 2888 3782 2974">
    <p class='ocr_par' dir='ltr' id='par_1_57' title="bbox 2202 2888 3782 2974">
     <span class='ocr_line' id='line_1_57' title="bbox 2202 2888 3782 2974; baseline -0.013 -16"><span class='ocrx_word' id='word_1_441' title='bbox 2202 2907 2259 2958; x_wconf 78' lang='grc' dir='ltr'>ὲν</span> <span class='ocrx_word' id='word_1_442' title='bbox 2310 2903 2460 2974; x_wconf 83' lang='grc' dir='ltr'>αὐτῷ</span> <span class='ocrx_word' id='word_1_443' title='bbox 2511 2901 2604 2955; x_wconf 85' lang='grc' dir='ltr'><strong>τοῦ</strong></span> <span class='ocrx_word' id='word_1_444' title='bbox 2643 2897 2964 2972; x_wconf 78' lang='grc' dir='ltr'>μονογενοῦς</span> <span class='ocrx_word' id='word_1_445' title='bbox 3009 2894 3141 2948; x_wconf 85' lang='grc' dir='ltr'>Υίοῦ</span> <span class='ocrx_word' id='word_1_446' title='bbox 3190 2891 3283 2946; x_wconf 87' lang='grc' dir='ltr'><strong>τοῦ</strong></span> <span class='ocrx_word' id='word_1_447' title='bbox 3335 2889 3471 2944; x_wconf 83' lang='grc' dir='ltr'>Θεοῦ</span> <span class='ocrx_word' id='word_1_448' title='bbox 3520 2888 3782 2956; x_wconf 81' lang='grc' dir='ltr'>κατοική-</span> 
     </span>
    </p>
   </div>
   <div class='ocr_carea' id='block_1_58' title="bbox 2204 2981 3780 3065">
    <p class='ocr_par' dir='ltr' id='par_1_58' title="bbox 2204 2981 3780 3065">
     <span class='ocr_line' id='line_1_58' title="bbox 2204 2981 3780 3065; baseline -0.011 -13"><span class='ocrx_word' id='word_1_449' title='bbox 2204 3015 2360 3065; x_wconf 86' lang='grc' dir='ltr'>σεως,</span> <span class='ocrx_word' id='word_1_450' title='bbox 2412 2995 2702 3065; x_wconf 78' lang='grc' dir='ltr'>συναφείας</span> <span class='ocrx_word' id='word_1_451' title='bbox 2745 3011 2804 3046; x_wconf 92' lang='grc' dir='ltr'><strong>τε</strong></span> <span class='ocrx_word' id='word_1_452' title='bbox 2861 2992 2956 3045; x_wconf 77' lang='grc' dir='ltr'><strong>καὶ</strong></span> <span class='ocrx_word' id='word_1_453' title='bbox 3004 2988 3248 3050; x_wconf 78' lang='grc' dir='ltr'>ὲνώσεως</span> <span class='ocrx_word' id='word_1_454' title='bbox 3290 2986 3386 3055; x_wconf 80' lang='grc' dir='ltr'><strong>τῆς</strong></span> <span class='ocrx_word' id='word_1_455' title='bbox 3422 2981 3556 3054; x_wconf 82' lang='grc' dir='ltr'>πρὸς</span> <span class='ocrx_word' id='word_1_456' title='bbox 3597 2981 3780 3034; x_wconf 84' lang='grc' dir='ltr'>αύτόν.</span> 
     </span>
    </p>
   </div>
   <div class='ocr_carea' id='block_1_59' title="bbox 2204 3073 3783 3150">
    <p class='ocr_par' dir='ltr' id='par_1_59' title="bbox 2204 3073 3783 3150">
     <span class='ocr_line' id='line_1_59' title="bbox 2204 3073 3783 3150; baseline -0.011 -6"><span class='ocrx_word' id='word_1_457' title='bbox 2204 3090 2294 3143; x_wconf 89' lang='grc' dir='ltr'><strong>Διὺ</strong></span> <span class='ocrx_word' id='word_1_458' title='bbox 2343 3089 2439 3143; x_wconf 72' lang='grc' dir='ltr'><strong>καὶ</strong></span> <span class='ocrx_word' id='word_1_459' title='bbox 2486 3087 2648 3150; x_wconf 80' lang='grc' dir='ltr'>αὐτὸς</span> <span class='ocrx_word' id='word_1_460' title='bbox 2690 3087 2718 3138; x_wconf 92' lang='lat'><strong>6</strong></span> <span class='ocrx_word' id='word_1_461' title='bbox 2765 3086 2896 3147; x_wconf 81' lang='grc' dir='ltr'>Θεὸς</span> <span class='ocrx_word' id='word_1_462' title='bbox 2925 3083 3114 3150; x_wconf 85' lang='grc' dir='ltr'>Λόγος,</span> <span class='ocrx_word' id='word_1_463' title='bbox 3153 3081 3181 3132; x_wconf 91' lang='lat'><strong>6</strong></span> <span class='ocrx_word' id='word_1_464' title='bbox 3223 3076 3574 3150; x_wconf 84' lang='grc' dir='ltr'>Πρωτότοκος</span> <span class='ocrx_word' id='word_1_465' title='bbox 3603 3073 3783 3141; x_wconf 72' lang='grc' dir='ltr'>πάσης</span> 
     </span>
    </p>
   </div>
   <div class='ocr_carea' id='block_1_60' title="bbox 525 3163 2101 3257">
    <p class='ocr_par' dir='ltr' id='par_1_60' title="bbox 525 3184 2101 3257">
     <span class='ocr_line' id='line_1_60' title="bbox 525 3184 2101 3257; baseline -0.006 -12"><span class='ocrx_word' id='word_1_466' title='bbox 525 3189 856 3245; x_wconf 75' lang='lat' dir='ltr'><strong>exaltabitur</strong></span> <span class='ocrx_word' id='word_1_467' title='bbox 881 3204 1046 3241; x_wconf 87' lang='lat' dir='ltr'><strong>cornu</strong></span> <span class='ocrx_word' id='word_1_468' title='bbox 1067 3187 1202 3256; x_wconf 83' lang='lat' dir='ltr'><strong>ejus,</strong></span> <span class='ocrx_word' id='word_1_469' title='bbox 1226 3187 1506 3257; x_wconf 89' lang='lat' dir='ltr'><strong>proprium</strong></span> <span class='ocrx_word' id='word_1_470' title='bbox 1533 3200 1728 3240; x_wconf 89' lang='lat' dir='ltr'><strong>nomen</strong></span> <span class='ocrx_word' id='word_1_471' title='bbox 1751 3193 1804 3239; x_wconf 92' lang='lat' dir='ltr'><strong>et</strong></span> <span class='ocrx_word' id='word_1_472' title='bbox 1829 3184 2101 3254; x_wconf 84' lang='lat' dir='ltr'><strong>propriam</strong></span> 
     </span>
    </p>
   </div>
   <div class='ocr_carea' id='block_1_61' title="bbox 2204 3163 3787 3257">
    <p class='ocr_par' dir='ltr' id='par_1_61' title="bbox 2206 3163 3787 3252">
     <span class='ocr_line' id='line_1_61' title="bbox 2206 3163 3787 3252; baseline -0.013 -17"><span class='ocrx_word' id='word_1_473' title='bbox 2206 3181 2454 3244; x_wconf 85' lang='grc' dir='ltr'>κτίσεως,</span> <span class='ocrx_word' id='word_1_474' title='bbox 2478 3175 3049 3252; x_wconf 85' lang='grc' dir='ltr'>προεπαγγειλάμενος</span> <span class='ocrx_word' id='word_1_475' title='bbox 3079 3173 3171 3225; x_wconf 82' lang='grc' dir='ltr'><strong>καὶ</strong></span> <span class='ocrx_word' id='word_1_476' title='bbox 3205 3167 3394 3231; x_wconf 79' lang='grc' dir='ltr'>εἰπὼν,</span> <span class='ocrx_word' id='word_1_477' title='bbox 3427 3167 3524 3218; x_wconf 83' lang='grc' dir='ltr'>Ἐν</span> <span class='ocrx_word' id='word_1_478' title='bbox 3553 3163 3633 3229; x_wconf 81' lang='grc' dir='ltr'>τῷ</span> <span class='ocrx_word' id='word_1_479' title='bbox 3661 3165 3787 3216; x_wconf 72' lang='grc' dir='ltr'>ὀνό-</span> 
     </span>
    </p>
   </div>
   <div class='ocr_carea' id='block_1_62' title="bbox 527 3274 2103 3355">
    <p class='ocr_par' dir='ltr' id='par_1_62' title="bbox 527 3274 2103 3355">
     <span class='ocr_line' id='line_1_62' title="bbox 527 3274 2103 3355; baseline -0.007 -16"><span class='ocrx_word' id='word_1_480' title='bbox 527 3284 847 3355; x_wconf 78' lang='lat' dir='ltr'><strong>dignitatem</strong></span> <span class='ocrx_word' id='word_1_481' title='bbox 877 3280 1098 3336; x_wconf 88' lang='lat' dir='ltr'><strong>tradens</strong></span> <span class='ocrx_word' id='word_1_482' title='bbox 1123 3281 1170 3334; x_wconf 89' lang='lat' dir='ltr'><strong>ei</strong></span> <span class='ocrx_word' id='word_1_483' title='bbox 1194 3320 1208 3345; x_wconf 90' lang='lat'><strong>,</strong></span> <span class='ocrx_word' id='word_1_484' title='bbox 1231 3280 1323 3350; x_wconf 91' lang='lat' dir='ltr'><strong>qui</strong></span> <span class='ocrx_word' id='word_1_485' title='bbox 1352 3295 1416 3334; x_wconf 84' lang='lat' dir='ltr'><strong>ex</strong></span> <span class='ocrx_word' id='word_1_486' title='bbox 1442 3278 1648 3333; x_wconf 88' lang='lat' dir='ltr'><strong>semine</strong></span> <span class='ocrx_word' id='word_1_487' title='bbox 1673 3275 1840 3330; x_wconf 89' lang='lat' dir='ltr'><strong>David</strong></span> <span class='ocrx_word' id='word_1_488' title='bbox 1857 3274 2103 3330; x_wconf 86' lang='lat' dir='ltr'><strong>nascitu--</strong></span> 
     </span>
    </p>
   </div>
   <div class='ocr_carea' id='block_1_63' title="bbox 528 3366 2106 3446">
    <p class='ocr_par' dir='ltr' id='par_1_63' title="bbox 528 3366 2106 3446">
     <span class='ocr_line' id='line_1_63' title="bbox 528 3366 2106 3446; baseline -0.006 -16"><span class='ocrx_word' id='word_1_489' title='bbox 528 3392 624 3432; x_wconf 92' lang='lat' dir='ltr'><strong>rus</strong></span> <span class='ocrx_word' id='word_1_490' title='bbox 646 3387 757 3439; x_wconf 88' lang='lat' dir='ltr'><strong>est,</strong></span> <span class='ocrx_word' id='word_1_491' title='bbox 782 3375 1200 3446; x_wconf 80' lang='lat' dir='ltr'><strong>primogenitum</strong></span> <span class='ocrx_word' id='word_1_492' title='bbox 1228 3379 1389 3443; x_wconf 91' lang='lat' dir='ltr'><strong>ponet</strong></span> <span class='ocrx_word' id='word_1_493' title='bbox 1413 3371 1561 3424; x_wconf 91' lang='lat' dir='ltr'><strong>illum</strong></span> <span class='ocrx_word' id='word_1_494' title='bbox 1588 3387 1601 3424; x_wconf 90' lang='lat'><strong>:</strong></span> <span class='ocrx_word' id='word_1_495' title='bbox 1632 3378 1689 3423; x_wconf 91' lang='lat' dir='ltr'><strong>ut</strong></span> <span class='ocrx_word' id='word_1_496' title='bbox 1713 3369 1877 3422; x_wconf 88' lang='lat' dir='ltr'><strong>etiam</strong></span> <span class='ocrx_word' id='word_1_497' title='bbox 1905 3366 1993 3420; x_wconf 90' lang='lat' dir='ltr'><strong>ille</strong></span> <span class='ocrx_word' id='word_1_498' title='bbox 2021 3381 2106 3421; x_wconf 88' lang='lat' dir='ltr'><strong>se-</strong></span> 
     </span>
    </p>
   </div>
   <div class='ocr_carea' id='block_1_64' title="bbox 503 3455 2107 3525">
    <p class='ocr_par' dir='ltr' id='par_1_64' title="bbox 503 3455 2107 3525">
     <span class='ocr_line' id='line_1_64' title="bbox 503 3455 2107 3525; baseline -0.006 -5"><span class='ocrx_word' id='word_1_499' title='bbox 503 3465 767 3520; x_wconf 53' lang='lat' dir='ltr'><strong>cundum</strong></span> <span class='ocrx_word' id='word_1_500' title='bbox 800 3480 1019 3520; x_wconf 88' lang='lat' dir='ltr'><strong>carnem</strong></span> <span class='ocrx_word' id='word_1_501' title='bbox 1053 3480 1119 3520; x_wconf 82' lang='lat' dir='ltr'><strong>ex</strong></span> <span class='ocrx_word' id='word_1_502' title='bbox 1153 3462 1360 3520; x_wconf 87' lang='lat' dir='ltr'><strong>semine</strong></span> <span class='ocrx_word' id='word_1_503' title='bbox 1396 3459 1564 3514; x_wconf 85' lang='lat' dir='ltr'><strong>David</strong></span> <span class='ocrx_word' id='word_1_504' title='bbox 1601 3467 1784 3525; x_wconf 86' lang='lat' dir='ltr'><strong>natus,</strong></span> <span class='ocrx_word' id='word_1_505' title='bbox 1816 3457 1986 3512; x_wconf 90' lang='lat' dir='ltr'><strong>Filius</strong></span> <span class='ocrx_word' id='word_1_506' title='bbox 2013 3455 2107 3511; x_wconf 87' lang='lat' dir='ltr'><strong>Dei</strong></span> 
     </span>
    </p>
   </div>
   <div class='ocr_carea' id='block_1_65' title="bbox 528 3548 2105 3622">
    <p class='ocr_par' dir='ltr' id='par_1_65' title="bbox 528 3548 2105 3622">
     <span class='ocr_line' id='line_1_65' title="bbox 528 3548 2105 3622; baseline -0.008 -8"><span class='ocrx_word' id='word_1_507' title='bbox 528 3567 771 3620; x_wconf 86' lang='lat' dir='ltr'><strong>vocetur,</strong></span> <span class='ocrx_word' id='word_1_508' title='bbox 796 3565 850 3611; x_wconf 90' lang='lat' dir='ltr'><strong>et</strong></span> <span class='ocrx_word' id='word_1_509' title='bbox 879 3557 950 3611; x_wconf 91' lang='lat' dir='ltr'><strong>ob</strong></span> <span class='ocrx_word' id='word_1_510' title='bbox 980 3570 1134 3610; x_wconf 81' lang='lat' dir='ltr'><strong>suam</strong></span> <span class='ocrx_word' id='word_1_511' title='bbox 1160 3569 1282 3609; x_wconf 88' lang='lat' dir='ltr'><strong>cum</strong></span> <span class='ocrx_word' id='word_1_512' title='bbox 1315 3551 1606 3622; x_wconf 81' lang='lat' dir='ltr'><strong>Unigenito</strong></span> <span class='ocrx_word' id='word_1_513' title='bbox 1635 3548 1730 3604; x_wconf 86' lang='lat' dir='ltr'><strong>Dei</strong></span> <span class='ocrx_word' id='word_1_514' title='bbox 1761 3549 2105 3619; x_wconf 60' lang='lat' dir='ltr'><strong>conjunctiov</strong></span> 
     </span>
    </p>
   </div>
   <div class='ocr_carea' id='block_1_66' title="bbox 529 3641 2109 3719">
    <p class='ocr_par' dir='ltr' id='par_1_66' title="bbox 529 3641 2109 3719">
     <span class='ocr_line' id='line_1_66' title="bbox 529 3641 2109 3719; baseline -0.007 -15"><span class='ocrx_word' id='word_1_515' title='bbox 529 3666 687 3714; x_wconf 89' lang='lat' dir='ltr'><strong>nem,</strong></span> <span class='ocrx_word' id='word_1_516' title='bbox 710 3648 1111 3719; x_wconf 80' lang='lat' dir='ltr'><strong>Primogenitus</strong></span> <span class='ocrx_word' id='word_1_517' title='bbox 1145 3652 1507 3714; x_wconf 88' lang='lat' dir='ltr'><strong>nuncupetur.</strong></span> <span class='ocrx_word' id='word_1_518' title='bbox 1541 3643 1663 3697; x_wconf 68' lang='lat' dir='ltr'><strong>llazc</strong></span> <span class='ocrx_word' id='word_1_519' title='bbox 1689 3643 1831 3696; x_wconf 89' lang='lat' dir='ltr'><strong>enim</strong></span> <span class='ocrx_word' id='word_1_520' title='bbox 1860 3641 1914 3694; x_wconf 93' lang='lat' dir='ltr'><strong>in</strong></span> <span class='ocrx_word' id='word_1_521' title='bbox 1944 3654 2109 3695; x_wconf 84' lang='lat' dir='ltr'><strong>causa</strong></span> 
     </span>
    </p>
   </div>
   <div class='ocr_carea' id='block_1_67' title="bbox 529 3734 2105 3811">
    <p class='ocr_par' dir='ltr' id='par_1_67' title="bbox 529 3734 2105 3811">
     <span class='ocr_line' id='line_1_67' title="bbox 529 3734 2105 3811; baseline -0.006 -14"><span class='ocrx_word' id='word_1_522' title='bbox 529 3750 687 3798; x_wconf 87' lang='lat' dir='ltr'><strong>erant</strong></span> <span class='ocrx_word' id='word_1_523' title='bbox 709 3741 854 3811; x_wconf 91' lang='lat' dir='ltr'><strong>quod</strong></span> <span class='ocrx_word' id='word_1_524' title='bbox 874 3740 1225 3795; x_wconf 84' lang='lat' dir='ltr'><strong>exaltandum</strong></span> <span class='ocrx_word' id='word_1_525' title='bbox 1251 3753 1374 3794; x_wconf 89' lang='lat' dir='ltr'><strong>eum</strong></span> <span class='ocrx_word' id='word_1_526' title='bbox 1395 3752 1518 3792; x_wconf 79' lang='lat' dir='ltr'><strong>esse</strong></span> <span class='ocrx_word' id='word_1_527' title='bbox 1541 3735 1876 3806; x_wconf 87' lang='lat' dir='ltr'><strong>promitteret</strong></span> <span class='ocrx_word' id='word_1_528' title='bbox 1895 3734 2105 3794; x_wconf 84' lang='lat' dir='ltr'><strong>dicens.</strong></span> 
     </span>
    </p>
   </div>
   <div class='ocr_carea' id='block_1_68' title="bbox 532 3827 2109 3899">
    <p class='ocr_par' dir='ltr' id='par_1_68' title="bbox 532 3827 2109 3899">
     <span class='ocr_line' id='line_1_68' title="bbox 532 3827 2109 3899; baseline -0.005 -12"><span class='ocrx_word' id='word_1_529' title='bbox 532 3833 600 3888; x_wconf 84' lang='lat' dir='ltr'><strong>In</strong></span> <span class='ocrx_word' id='word_1_530' title='bbox 626 3835 834 3887; x_wconf 88' lang='lat' dir='ltr'><strong>nomine</strong></span> <span class='ocrx_word' id='word_1_531' title='bbox 859 3849 970 3886; x_wconf 91' lang='lat' dir='ltr'><strong>meo</strong></span> <span class='ocrx_word' id='word_1_532' title='bbox 993 3831 1318 3886; x_wconf 75' lang='lat' dir='ltr'><strong>exaltabitur</strong></span> <span class='ocrx_word' id='word_1_533' title='bbox 1339 3848 1500 3884; x_wconf 88' lang='lat' dir='ltr'><strong>cornu</strong></span> <span class='ocrx_word' id='word_1_534' title='bbox 1522 3830 1656 3899; x_wconf 88' lang='lat' dir='ltr'><strong>ejus.</strong></span> <span class='ocrx_word' id='word_1_535' title='bbox 1679 3828 1884 3882; x_wconf 87' lang='lat' dir='ltr'><strong>Nomen</strong></span> <span class='ocrx_word' id='word_1_536' title='bbox 1910 3827 2109 3896; x_wconf 87' lang='lat' dir='ltr'><strong>quippe</strong></span> 
     </span>
    </p>
   </div>
   <div class='ocr_carea' id='block_1_69' title="bbox 532 3918 2104 3993">
    <p class='ocr_par' dir='ltr' id='par_1_69' title="bbox 532 3918 2104 3993">
     <span class='ocr_line' id='line_1_69' title="bbox 532 3918 2104 3993; baseline -0.006 -13"><span class='ocrx_word' id='word_1_537' title='bbox 532 3941 692 3981; x_wconf 90' lang='lat' dir='ltr'><strong>suum</strong></span> <span class='ocrx_word' id='word_1_538' title='bbox 740 3925 912 3978; x_wconf 87' lang='lat' dir='ltr'><strong>Filius</strong></span> <span class='ocrx_word' id='word_1_539' title='bbox 956 3923 1051 3978; x_wconf 87' lang='lat' dir='ltr'><strong>Dei</strong></span> <span class='ocrx_word' id='word_1_540' title='bbox 1094 3924 1412 3993; x_wconf 80' lang='lat' dir='ltr'><strong>unigenitus</strong></span> <span class='ocrx_word' id='word_1_541' title='bbox 1459 3922 1568 3975; x_wconf 82' lang='lat' dir='ltr'><strong>lilio</strong></span> <span class='ocrx_word' id='word_1_542' title='bbox 1602 3921 1767 3974; x_wconf 87' lang='lat' dir='ltr'><strong>David</strong></span> <span class='ocrx_word' id='word_1_543' title='bbox 1801 3918 2104 3975; x_wconf 88' lang='lat' dir='ltr'><strong>secundum</strong></span> 
     </span>
    </p>
   </div>
   <div class='ocr_carea' id='block_1_70' title="bbox 534 4010 2108 4082">
    <p class='ocr_par' dir='ltr' id='par_1_70' title="bbox 534 4010 2108 4082">
     <span class='ocr_line' id='line_1_70' title="bbox 534 4010 2108 4082; baseline -0.003 -11"><span class='ocrx_word' id='word_1_544' title='bbox 534 4033 754 4073; x_wconf 79' lang='lat' dir='ltr'><strong>carnem</strong></span> <span class='ocrx_word' id='word_1_545' title='bbox 809 4017 978 4072; x_wconf 87' lang='lat' dir='ltr'><strong>dedit.</strong></span> <span class='ocrx_word' id='word_1_546' title='bbox 1023 4015 1182 4070; x_wconf 78' lang='lat' dir='ltr'><strong>Hunc</strong></span> <span class='ocrx_word' id='word_1_547' title='bbox 1231 4016 1359 4069; x_wconf 90' lang='lat' dir='ltr'><strong>item</strong></span> <span class='ocrx_word' id='word_1_548' title='bbox 1411 4014 1688 4069; x_wconf 79' lang='lat' dir='ltr'><strong>excelsum</strong></span> <span class='ocrx_word' id='word_1_549' title='bbox 1730 4027 1840 4081; x_wconf 59' lang='lat' dir='ltr'><strong>piae</strong></span> <span class='ocrx_word' id='word_1_550' title='bbox 1889 4010 2108 4082; x_wconf 82' lang='lat' dir='ltr'><strong>regibus</strong></span> 
     </span>
    </p>
   </div>
   <div class='ocr_carea' id='block_1_71' title="bbox 532 4100 2108 4176">
    <p class='ocr_par' dir='ltr' id='par_1_71' title="bbox 532 4100 2108 4176">
     <span class='ocr_line' id='line_1_71' title="bbox 532 4100 2108 4176; baseline -0.004 -17"><span class='ocrx_word' id='word_1_551' title='bbox 532 4117 696 4162; x_wconf 56' lang='lat' dir='ltr'><strong>terra;</strong></span> <span class='ocrx_word' id='word_1_552' title='bbox 721 4105 1029 4176; x_wconf 88' lang='lat' dir='ltr'><strong>positurum</strong></span> <span class='ocrx_word' id='word_1_553' title='bbox 1059 4119 1117 4160; x_wconf 88' lang='lat' dir='ltr'><strong>se</strong></span> <span class='ocrx_word' id='word_1_554' title='bbox 1147 4104 1423 4173; x_wconf 88' lang='lat' dir='ltr'><strong>pollicitus</strong></span> <span class='ocrx_word' id='word_1_555' title='bbox 1453 4111 1530 4156; x_wconf 80' lang='lat' dir='ltr'><strong>est</strong></span> <span class='ocrx_word' id='word_1_556' title='bbox 1562 4123 1574 4156; x_wconf 93' lang='lat'><strong>:</strong></span> <span class='ocrx_word' id='word_1_557' title='bbox 1612 4103 1726 4156; x_wconf 82' lang='lat' dir='ltr'><strong>sive</strong></span> <span class='ocrx_word' id='word_1_558' title='bbox 1761 4117 1829 4156; x_wconf 81' lang='lat' dir='ltr'><strong>ex</strong></span> <span class='ocrx_word' id='word_1_559' title='bbox 1858 4100 2108 4171; x_wconf 83' lang='lat' dir='ltr'><strong>Symma-</strong></span> 
     </span>
    </p>
   </div>
   <div class='ocr_carea' id='block_1_72' title="bbox 533 4192 2108 4269">
    <p class='ocr_par' dir='ltr' id='par_1_72' title="bbox 533 4192 2108 4269">
     <span class='ocr_line' id='line_1_72' title="bbox 533 4192 2108 4269; baseline -0.004 -18"><span class='ocrx_word' id='word_1_560' title='bbox 533 4198 673 4263; x_wconf 89' lang='lat' dir='ltr'><strong>cbo,</strong></span> <span class='ocrx_word' id='word_1_561' title='bbox 725 4212 1026 4265; x_wconf 86' lang='lat' dir='ltr'><strong>supremum</strong></span> <span class='ocrx_word' id='word_1_562' title='bbox 1073 4212 1254 4269; x_wconf 75' lang='lat' dir='ltr'><strong>renum</strong></span> <span class='ocrx_word' id='word_1_563' title='bbox 1319 4205 1496 4249; x_wconf 64' lang='grc' dir='ltr'>τεῖναι,</span> <span class='ocrx_word' id='word_1_564' title='bbox 1544 4192 1814 4247; x_wconf 88' lang='lat' dir='ltr'><strong>Omnibus</strong></span> <span class='ocrx_word' id='word_1_565' title='bbox 1856 4193 2001 4246; x_wconf 90' lang='lat' dir='ltr'><strong>enim</strong></span> <span class='ocrx_word' id='word_1_566' title='bbox 2048 4206 2108 4245; x_wconf 90' lang='lat' dir='ltr'><strong>se</strong></span> 
     </span>
    </p>
   </div>
   <div class='ocr_carea' id='block_1_73' title="bbox 521 4285 2106 4358">
    <p class='ocr_par' dir='ltr' id='par_1_73' title="bbox 521 4285 2106 4358">
     <span class='ocr_line' id='line_1_73' title="bbox 521 4285 2106 4358; baseline -0.005 -17"><span class='ocrx_word' id='word_1_567' title='bbox 521 4288 936 4358; x_wconf 50' lang='lat' dir='ltr'><strong>.impugnaturis</strong></span> <span class='ocrx_word' id='word_1_568' title='bbox 989 4287 1240 4355; x_wconf 85' lang='lat' dir='ltr'><strong>superior</strong></span> <span class='ocrx_word' id='word_1_569' title='bbox 1287 4294 1340 4340; x_wconf 90' lang='lat' dir='ltr'><strong>et</strong></span> <span class='ocrx_word' id='word_1_570' title='bbox 1386 4285 1582 4339; x_wconf 82' lang='lat' dir='ltr'><strong>fortior</strong></span> <span class='ocrx_word' id='word_1_571' title='bbox 1646 4297 1910 4337; x_wconf 84' lang='lat' dir='ltr'><strong>evasurus</strong></span> <span class='ocrx_word' id='word_1_572' title='bbox 1956 4289 2106 4345; x_wconf 88' lang='lat' dir='ltr'><strong>erat,</strong></span> 
     </span>
    </p>
   </div>
   <div class='ocr_carea' id='block_1_74' title="bbox 525 4373 2108 4445">
    <p class='ocr_par' dir='ltr' id='par_1_74' title="bbox 525 4373 2108 4445">
     <span class='ocr_line' id='line_1_74' title="bbox 525 4373 2108 4445; baseline -0.004 -13"><span class='ocrx_word' id='word_1_573' title='bbox 525 4377 774 4432; x_wconf 29' lang='lat' dir='ltr'><strong>«insultus</strong></span> <span class='ocrx_word' id='word_1_574' title='bbox 809 4387 862 4431; x_wconf 87' lang='lat' dir='ltr'><strong>et</strong></span> <span class='ocrx_word' id='word_1_575' title='bbox 893 4377 1303 4445; x_wconf 88' lang='lat' dir='ltr'><strong>persecutiones</strong></span> <span class='ocrx_word' id='word_1_576' title='bbox 1339 4375 1396 4429; x_wconf 89' lang='lat' dir='ltr'><strong>in</strong></span> <span class='ocrx_word' id='word_1_577' title='bbox 1427 4373 1723 4428; x_wconf 89' lang='lat' dir='ltr'><strong>Ecclesiam</strong></span> <span class='ocrx_word' id='word_1_578' title='bbox 1773 4386 1927 4427; x_wconf 89' lang='lat' dir='ltr'><strong>suam</strong></span> <span class='ocrx_word' id='word_1_579' title='bbox 1970 4385 2108 4425; x_wconf 88' lang='lat' dir='ltr'><strong>con—</strong></span> 
     </span>
    </p>
   </div>
   <div class='ocr_carea' id='block_1_75' title="bbox 537 4465 2111 4534">
    <p class='ocr_par' dir='ltr' id='par_1_75' title="bbox 537 4465 2111 4534">
     <span class='ocr_line' id='line_1_75' title="bbox 537 4465 2111 4534; baseline -0.003 -11"><span class='ocrx_word' id='word_1_580' title='bbox 537 4469 734 4523; x_wconf 86' lang='lat' dir='ltr'><strong>citatas</strong></span> <span class='ocrx_word' id='word_1_581' title='bbox 764 4475 1007 4521; x_wconf 91' lang='lat' dir='ltr'><strong>atterens</strong></span> <span class='ocrx_word' id='word_1_582' title='bbox 1033 4484 1046 4527; x_wconf 91' lang='lat'>;</span> <span class='ocrx_word' id='word_1_583' title='bbox 1075 4466 1339 4521; x_wconf 66' lang='lat' dir='ltr'><strong>doctrina:</strong></span> <span class='ocrx_word' id='word_1_584' title='bbox 1361 4481 1492 4520; x_wconf 84' lang='lat' dir='ltr'><strong>vero</strong></span> <span class='ocrx_word' id='word_1_585' title='bbox 1520 4479 1633 4520; x_wconf 67' lang='lat' dir='ltr'><strong>suae</strong></span> <span class='ocrx_word' id='word_1_586' title='bbox 1663 4479 1967 4519; x_wconf 83' lang='lat' dir='ltr'><strong>sermonem</strong></span> <span class='ocrx_word' id='word_1_587' title='bbox 1992 4465 2111 4534; x_wconf 83' lang='lat' dir='ltr'><strong>glo-</strong></span> 
     </span>
    </p>
   </div>
   <div class='ocr_carea' id='block_1_76' title="bbox 530 4556 2113 4615">
    <p class='ocr_par' dir='ltr' id='par_1_76' title="bbox 530 4556 2113 4615">
     <span class='ocr_line' id='line_1_76' title="bbox 530 4556 2113 4615; baseline -0.003 -1"><span class='ocrx_word' id='word_1_588' title='bbox 530 4561 620 4614; x_wconf 75' lang='lat' dir='ltr'><strong>ria</strong></span> <span class='ocrx_word' id='word_1_589' title='bbox 656 4567 710 4615; x_wconf 91' lang='lat' dir='ltr'><strong>et</strong></span> <span class='ocrx_word' id='word_1_590' title='bbox 738 4561 787 4614; x_wconf 88' lang='lat' dir='ltr'><strong>vi</strong></span> <span class='ocrx_word' id='word_1_591' title='bbox 819 4560 1095 4615; x_wconf 90' lang='lat' dir='ltr'><strong>muniens.</strong></span> <span class='ocrx_word' id='word_1_592' title='bbox 1138 4557 1268 4613; x_wconf 89' lang='lat' dir='ltr'><strong>Item</strong></span> <span class='ocrx_word' id='word_1_593' title='bbox 1306 4559 1381 4612; x_wconf 90' lang='lat' dir='ltr'><strong>ait</strong></span> <span class='ocrx_word' id='word_1_594' title='bbox 1418 4573 1477 4612; x_wconf 91' lang='lat' dir='ltr'><strong>se</strong></span> <span class='ocrx_word' id='word_1_595' title='bbox 1511 4557 1566 4610; x_wconf 91' lang='lat' dir='ltr'><strong>in</strong></span> <span class='ocrx_word' id='word_1_596' title='bbox 1599 4565 1862 4610; x_wconf 68' lang='lat' dir='ltr'><strong>aeternum</strong></span> <span class='ocrx_word' id='word_1_597' title='bbox 1897 4556 2113 4611; x_wconf 85' lang='lat' dir='ltr'><strong>miseri-</strong></span> 
     </span>
    </p>
   </div>
   <div class='ocr_carea' id='block_1_77' title="bbox 533 4652 2114 4721">
    <p class='ocr_par' dir='ltr' id='par_1_77' title="bbox 533 4652 2114 4721">
     <span class='ocr_line' id='line_1_77' title="bbox 533 4652 2114 4721; baseline -0.004 -15"><span class='ocrx_word' id='word_1_598' title='bbox 533 4654 782 4709; x_wconf 71' lang='lat' dir='ltr'><strong>eordiam</strong></span> <span class='ocrx_word' id='word_1_599' title='bbox 832 4668 985 4708; x_wconf 87' lang='lat' dir='ltr'><strong>suam</strong></span> <span class='ocrx_word' id='word_1_600' title='bbox 1041 4652 1147 4721; x_wconf 92' lang='lat' dir='ltr'><strong>ipsi</strong></span> <span class='ocrx_word' id='word_1_601' title='bbox 1195 4659 1577 4712; x_wconf 81' lang='lat' dir='ltr'><strong>servaturum,</strong></span> <span class='ocrx_word' id='word_1_602' title='bbox 1629 4655 1683 4702; x_wconf 93' lang='lat' dir='ltr'><strong>et</strong></span> <span class='ocrx_word' id='word_1_603' title='bbox 1730 4654 2114 4702; x_wconf 85' lang='lat' dir='ltr'><strong>testamentum</strong></span> 
     </span>
    </p>
   </div>
   <div class='ocr_carea' id='block_1_78' title="bbox 539 4737 2118 4804">
    <p class='ocr_par' dir='ltr' id='par_1_78' title="bbox 539 4737 2118 4804">
     <span class='ocr_line' id='line_1_78' title="bbox 539 4737 2118 4804; baseline -0.005 -4"><span class='ocrx_word' id='word_1_604' title='bbox 539 4762 699 4800; x_wconf 89' lang='lat' dir='ltr'><strong>suum</strong></span> <span class='ocrx_word' id='word_1_605' title='bbox 731 4745 888 4799; x_wconf 79' lang='lat' dir='ltr'><strong>fidele</strong></span> <span class='ocrx_word' id='word_1_606' title='bbox 909 4751 964 4799; x_wconf 90' lang='lat' dir='ltr'><strong>et</strong></span> <span class='ocrx_word' id='word_1_607' title='bbox 988 4743 1203 4796; x_wconf 86' lang='lat' dir='ltr'><strong>firmum</strong></span> <span class='ocrx_word' id='word_1_608' title='bbox 1233 4740 1552 4795; x_wconf 81' lang='lat' dir='ltr'><strong>eﬂ&#39;ecturum</strong></span> <span class='ocrx_word' id='word_1_609' title='bbox 1583 4754 1708 4794; x_wconf 89' lang='lat' dir='ltr'><strong>esse</strong></span> <span class='ocrx_word' id='word_1_610' title='bbox 1735 4757 1750 4804; x_wconf 90' lang='lat'><strong>;</strong></span> <span class='ocrx_word' id='word_1_611' title='bbox 1785 4737 1929 4791; x_wconf 86' lang='lat' dir='ltr'><strong>haud</strong></span> <span class='ocrx_word' id='word_1_612' title='bbox 1955 4737 2118 4793; x_wconf 83' lang='lat' dir='ltr'><strong>dubie</strong></span> 
     </span>
    </p>
   </div>
   <div class='ocr_carea' id='block_1_79' title="bbox 536 4831 2116 4902">
    <p class='ocr_par' dir='ltr' id='par_1_79' title="bbox 536 4831 2116 4902">
     <span class='ocr_line' id='line_1_79' title="bbox 536 4831 2116 4902; baseline -0.005 -12"><span class='ocrx_word' id='word_1_613' title='bbox 536 4837 748 4891; x_wconf 84' lang='lat' dir='ltr'><strong>Novum</strong></span> <span class='ocrx_word' id='word_1_614' title='bbox 771 4835 1180 4891; x_wconf 87' lang='lat' dir='ltr'><strong>Testamentum</strong></span> <span class='ocrx_word' id='word_1_615' title='bbox 1203 4873 1217 4896; x_wconf 95' lang='lat'><strong>,</strong></span> <span class='ocrx_word' id='word_1_616' title='bbox 1241 4832 1386 4902; x_wconf 89' lang='lat' dir='ltr'><strong>quod</strong></span> <span class='ocrx_word' id='word_1_617' title='bbox 1407 4831 1661 4886; x_wconf 88' lang='lat' dir='ltr'><strong>omnibus</strong></span> <span class='ocrx_word' id='word_1_618' title='bbox 1684 4845 1779 4900; x_wconf 88' lang='lat' dir='ltr'><strong>per</strong></span> <span class='ocrx_word' id='word_1_619' title='bbox 1801 4831 2116 4884; x_wconf 84' lang='lat' dir='ltr'><strong>univerSum</strong></span> 
     </span>
    </p>
   </div>
   <div class='ocr_carea' id='block_1_80' title="bbox 534 4920 2118 4996">
    <p class='ocr_par' dir='ltr' id='par_1_80' title="bbox 534 4920 2118 4996">
     <span class='ocr_line' id='line_1_80' title="bbox 534 4920 2118 4996; baseline -0.004 -18"><span class='ocrx_word' id='word_1_620' title='bbox 534 4927 727 4982; x_wconf 86' lang='lat' dir='ltr'><strong>orbem</strong></span> <span class='ocrx_word' id='word_1_621' title='bbox 753 4926 1002 4996; x_wconf 82' lang='lat' dir='ltr'><strong>gentibus</strong></span> <span class='ocrx_word' id='word_1_622' title='bbox 1031 4922 1379 4994; x_wconf 66' lang='lat' dir='ltr'><strong>praedicavit,</strong></span> <span class='ocrx_word' id='word_1_623' title='bbox 1409 4920 1632 4975; x_wconf 81' lang='lat' dir='ltr'><strong>Mosaici</strong></span> <span class='ocrx_word' id='word_1_624' title='bbox 1661 4920 1968 4974; x_wconf 89' lang='lat' dir='ltr'><strong>testamenti</strong></span> <span class='ocrx_word' id='word_1_625' title='bbox 1996 4920 2118 4973; x_wconf 89' lang='lat' dir='ltr'><strong>loco</strong></span> 
     </span>
    </p>
   </div>
   <div class='ocr_carea' id='block_1_81' title="bbox 539 5011 2117 5089">
    <p class='ocr_par' dir='ltr' id='par_1_81' title="bbox 539 5011 2117 5089">
     <span class='ocr_line' id='line_1_81' title="bbox 539 5011 2117 5089; baseline -0.005 -17"><span class='ocrx_word' id='word_1_626' title='bbox 539 5017 893 5089; x_wconf 84' lang='lat' dir='ltr'><strong>Evangelium</strong></span> <span class='ocrx_word' id='word_1_627' title='bbox 929 5018 1147 5072; x_wconf 88' lang='lat' dir='ltr'><strong>tradens</strong></span> <span class='ocrx_word' id='word_1_628' title='bbox 1171 5055 1186 5077; x_wconf 83' lang='lat'><strong>,</strong></span> <span class='ocrx_word' id='word_1_629' title='bbox 1221 5014 1370 5084; x_wconf 91' lang='lat' dir='ltr'><strong>quod</strong></span> <span class='ocrx_word' id='word_1_630' title='bbox 1405 5029 1463 5068; x_wconf 92' lang='lat' dir='ltr'><strong>se</strong></span> <span class='ocrx_word' id='word_1_631' title='bbox 1507 5013 1664 5068; x_wconf 78' lang='lat' dir='ltr'><strong>fidele</strong></span> <span class='ocrx_word' id='word_1_632' title='bbox 1695 5011 2016 5068; x_wconf 75' lang='lat' dir='ltr'><strong>effecturum</strong></span> <span class='ocrx_word' id='word_1_633' title='bbox 2061 5019 2117 5065; x_wconf 89' lang='lat' dir='ltr'><strong>et</strong></span> 
     </span>
    </p>
   </div>
   <div class='ocr_carea' id='block_1_82' title="bbox 541 5109 1322 5180">
    <p class='ocr_par' dir='ltr' id='par_1_82' title="bbox 541 5109 1322 5180">
     <span class='ocr_line' id='line_1_82' title="bbox 541 5109 1322 5180; baseline -0.006 -16"><span class='ocrx_word' id='word_1_634' title='bbox 541 5112 882 5165; x_wconf 86' lang='lat' dir='ltr'><strong>ﬁrmaturum</strong></span> <span class='ocrx_word' id='word_1_635' title='bbox 912 5109 1185 5180; x_wconf 88' lang='lat' dir='ltr'><strong>pollicitus</strong></span> <span class='ocrx_word' id='word_1_636' title='bbox 1219 5115 1322 5162; x_wconf 88' lang='lat' dir='ltr'><strong>est.</strong></span> 
     </span>
    </p>
   </div>
   <div class='ocr_carea' id='block_1_83' title="bbox 2202 3257 3783 3343">
    <p class='ocr_par' dir='ltr' id='par_1_83' title="bbox 2202 3257 3783 3343">
     <span class='ocr_line' id='line_1_83' title="bbox 2202 3257 3783 3343; baseline -0.013 -15"><span class='ocrx_word' id='word_1_637' title='bbox 2202 3274 2345 3343; x_wconf 80' lang='grc' dir='ltr'>ματί</span> <span class='ocrx_word' id='word_1_638' title='bbox 2367 3290 2485 3342; x_wconf 83' lang='grc' dir='ltr'><strong>μου</strong></span> <span class='ocrx_word' id='word_1_639' title='bbox 2515 3269 2894 3339; x_wconf 72' lang='grc' dir='ltr'>ὑψωθήσεται</span> <span class='ocrx_word' id='word_1_640' title='bbox 2919 3269 2984 3320; x_wconf 81' lang='grc' dir='ltr'>τὸ</span> <span class='ocrx_word' id='word_1_641' title='bbox 3003 3266 3180 3332; x_wconf 77' lang='grc' dir='ltr'>κέρας</span> <span class='ocrx_word' id='word_1_642' title='bbox 3208 3258 3415 3322; x_wconf 88' lang='grc' dir='ltr'>αὐτοῦ,</span> <span class='ocrx_word' id='word_1_643' title='bbox 3450 3259 3548 3328; x_wconf 82' lang='grc' dir='ltr'><strong>τῆς</strong></span> <span class='ocrx_word' id='word_1_644' title='bbox 3577 3257 3783 3318; x_wconf 72' lang='grc' dir='ltr'>οἰκείας</span> 
     </span>
    </p>
   </div>
   <div class='ocr_carea' id='block_1_84' title="bbox 2205 3347 3784 3433">
    <p class='ocr_par' dir='ltr' id='par_1_84' title="bbox 2205 3347 3784 3433">
     <span class='ocr_line' id='line_1_84' title="bbox 2205 3347 3784 3433; baseline -0.012 -17"><span class='ocrx_word' id='word_1_645' title='bbox 2205 3362 2502 3433; x_wconf 84' lang='grc' dir='ltr'>ὀνομασίας</span> <span class='ocrx_word' id='word_1_646' title='bbox 2526 3361 2619 3414; x_wconf 78' lang='grc' dir='ltr'><strong>καὶ</strong></span> <span class='ocrx_word' id='word_1_647' title='bbox 2644 3358 2738 3412; x_wconf 83' lang='grc' dir='ltr'><strong>τοῦ</strong></span> <span class='ocrx_word' id='word_1_648' title='bbox 2771 3357 2970 3411; x_wconf 81' lang='grc' dir='ltr'>οἰκείου</span> <span class='ocrx_word' id='word_1_649' title='bbox 2999 3354 3310 3426; x_wconf 82' lang='grc' dir='ltr'>ἀξιώματος</span> <span class='ocrx_word' id='word_1_650' title='bbox 3339 3348 3599 3421; x_wconf 79' lang='grc' dir='ltr'>μεταδοὺς</span> <span class='ocrx_word' id='word_1_651' title='bbox 3615 3347 3693 3418; x_wconf 84' lang='grc' dir='ltr'>τῷ</span> <span class='ocrx_word' id='word_1_652' title='bbox 3719 3349 3784 3399; x_wconf 84' lang='grc' dir='ltr'>ὲκ</span> 
     </span>
    </p>
   </div>
   <div class='ocr_carea' id='block_1_85' title="bbox 2211 3440 3783 3524">
    <p class='ocr_par' dir='ltr' id='par_1_85' title="bbox 2211 3440 3783 3524">
     <span class='ocr_line' id='line_1_85' title="bbox 2211 3440 3783 3524; baseline -0.01 -18"><span class='ocrx_word' id='word_1_653' title='bbox 2211 3455 2521 3524; x_wconf 87' lang='grc' dir='ltr'>σπέρματος</span> <span class='ocrx_word' id='word_1_654' title='bbox 2553 3451 2714 3506; x_wconf 75' lang='grc' dir='ltr'>Δαυῒδ</span> <span class='ocrx_word' id='word_1_655' title='bbox 2743 3448 3204 3522; x_wconf 84' lang='grc' dir='ltr'>προελευσομένῳ,</span> <span class='ocrx_word' id='word_1_656' title='bbox 3242 3441 3586 3515; x_wconf 79' lang='grc' dir='ltr'>πρωτότοκον</span> <span class='ocrx_word' id='word_1_657' title='bbox 3623 3440 3783 3492; x_wconf 74' lang='grc' dir='ltr'>αὑτὸν</span> 
     </span>
    </p>
   </div>
   <div class='ocr_carea' id='block_1_86' title="bbox 2209 3535 3784 3617">
    <p class='ocr_par' dir='ltr' id='par_1_86' title="bbox 2209 3535 3784 3617">
     <span class='ocr_line' id='line_1_86' title="bbox 2209 3535 3784 3617; baseline -0.01 -18"><span class='ocrx_word' id='word_1_658' title='bbox 2209 3545 2450 3617; x_wconf 83' lang='grc' dir='ltr'>θήσεται,</span> <span class='ocrx_word' id='word_1_659' title='bbox 2478 3545 2625 3605; x_wconf 79' lang='grc' dir='ltr'>ὅπως</span> <span class='ocrx_word' id='word_1_660' title='bbox 2657 3544 2749 3596; x_wconf 74' lang='grc' dir='ltr'><strong>καὶ</strong></span> <span class='ocrx_word' id='word_1_661' title='bbox 2779 3542 2939 3604; x_wconf 77' lang='grc' dir='ltr'>αὐτὸς</span> <span class='ocrx_word' id='word_1_662' title='bbox 2960 3544 2988 3594; x_wconf 90' lang='lat'><strong>6</strong></span> <span class='ocrx_word' id='word_1_663' title='bbox 3018 3539 3160 3593; x_wconf 77' lang='grc' dir='ltr'>κατὰ</span> <span class='ocrx_word' id='word_1_664' title='bbox 3188 3538 3364 3608; x_wconf 85' lang='grc' dir='ltr'>σάρκα</span> <span class='ocrx_word' id='word_1_665' title='bbox 3386 3541 3450 3590; x_wconf 82' lang='grc' dir='ltr'>ὲκ</span> <span class='ocrx_word' id='word_1_666' title='bbox 3472 3535 3784 3606; x_wconf 82' lang='grc' dir='ltr'>σπέρματος</span> 
     </span>
    </p>
   </div>
   <div class='ocr_carea' id='block_1_87' title="bbox 2210 3621 3784 3706">
    <p class='ocr_par' dir='ltr' id='par_1_87' title="bbox 2210 3621 3784 3706">
     <span class='ocr_line' id='line_1_87' title="bbox 2210 3621 3784 3706; baseline -0.011 -16"><span class='ocrx_word' id='word_1_667' title='bbox 2210 3636 2370 3690; x_wconf 80' lang='grc' dir='ltr'>Δαυῒδ</span> <span class='ocrx_word' id='word_1_668' title='bbox 2391 3635 2638 3706; x_wconf 76' lang='grc' dir='ltr'>γενηθεὶς</span> <span class='ocrx_word' id='word_1_669' title='bbox 2669 3632 2985 3705; x_wconf 85' lang='grc' dir='ltr'>χρηματίσῃ</span> <span class='ocrx_word' id='word_1_670' title='bbox 3001 3631 3128 3694; x_wconf 77' lang='grc' dir='ltr'><strong>Υἱὸς</strong></span> <span class='ocrx_word' id='word_1_671' title='bbox 3151 3629 3308 3695; x_wconf 87' lang='grc' dir='ltr'>Θεοῦ,</span> <span class='ocrx_word' id='word_1_672' title='bbox 3339 3621 3431 3681; x_wconf 64' lang='grc' dir='ltr'><strong>καὶ</strong></span> <span class='ocrx_word' id='word_1_673' title='bbox 3459 3622 3784 3697; x_wconf 77' lang='grc' dir='ltr'>όνομασθείη</span> 
     </span>
    </p>
   </div>
   <div class='ocr_carea' id='block_1_88' title="bbox 2210 3711 3784 3800">
    <p class='ocr_par' dir='ltr' id='par_1_88' title="bbox 2210 3711 3784 3800">
     <span class='ocr_line' id='line_1_88' title="bbox 2210 3711 3784 3800; baseline -0.012 -18"><span class='ocrx_word' id='word_1_674' title='bbox 2210 3729 2556 3800; x_wconf 86' lang='grc' dir='ltr'>Πρωτότοκος</span> <span class='ocrx_word' id='word_1_675' title='bbox 2581 3726 2668 3780; x_wconf 75' lang='grc' dir='ltr'>διὰ</span> <span class='ocrx_word' id='word_1_676' title='bbox 2686 3726 2782 3795; x_wconf 75' lang='grc' dir='ltr'>τὴν</span> <span class='ocrx_word' id='word_1_677' title='bbox 2802 3724 3093 3794; x_wconf 74' lang='grc' dir='ltr'>συνάφειαν</span> <span class='ocrx_word' id='word_1_678' title='bbox 3117 3721 3212 3791; x_wconf 84' lang='grc' dir='ltr'>τὴν</span> <span class='ocrx_word' id='word_1_679' title='bbox 3243 3719 3378 3792; x_wconf 77' lang='grc' dir='ltr'>πρὸς</span> <span class='ocrx_word' id='word_1_680' title='bbox 3397 3719 3487 3772; x_wconf 83' lang='grc' dir='ltr'><strong>τὸν</strong></span> <span class='ocrx_word' id='word_1_681' title='bbox 3509 3711 3784 3782; x_wconf 85' lang='grc' dir='ltr'>Μονογενῆ</span> 
     </span>
    </p>
   </div>
   <div class='ocr_carea' id='block_1_89' title="bbox 2208 3804 3786 3887">
    <p class='ocr_par' dir='ltr' id='par_1_89' title="bbox 2208 3804 3786 3887">
     <span class='ocr_line' id='line_1_89' title="bbox 2208 3804 3786 3887; baseline -0.011 -13"><span class='ocrx_word' id='word_1_682' title='bbox 2208 3821 2302 3874; x_wconf 85' lang='grc' dir='ltr'><strong>τοῦ</strong></span> <span class='ocrx_word' id='word_1_683' title='bbox 2336 3819 2490 3873; x_wconf 84' lang='grc' dir='ltr'>Θεοῦ.</span> <span class='ocrx_word' id='word_1_684' title='bbox 2520 3817 2706 3871; x_wconf 80' lang='grc' dir='ltr'>Ταῦτα</span> <span class='ocrx_word' id='word_1_685' title='bbox 2737 3816 2845 3887; x_wconf 84' lang='grc' dir='ltr'><strong>γὰρ</strong></span> <span class='ocrx_word' id='word_1_686' title='bbox 2875 3812 2963 3886; x_wconf 74' lang='grc' dir='ltr'>ἦν,</span> <span class='ocrx_word' id='word_1_687' title='bbox 3001 3815 3066 3868; x_wconf 82' lang='grc' dir='ltr'>δι’</span> <span class='ocrx_word' id='word_1_688' title='bbox 3094 3807 3168 3867; x_wconf 80' lang='grc' dir='ltr'>ὧν</span> <span class='ocrx_word' id='word_1_689' title='bbox 3197 3808 3576 3882; x_wconf 80' lang='grc' dir='ltr'>ύψωθήσεσθαι</span> <span class='ocrx_word' id='word_1_690' title='bbox 3626 3804 3786 3860; x_wconf 80' lang='grc' dir='ltr'>αὐτὸν</span> 
     </span>
    </p>
   </div>
   <div class='ocr_carea' id='block_1_90' title="bbox 2209 3897 3790 3983">
    <p class='ocr_par' dir='ltr' id='par_1_90' title="bbox 2209 3897 3790 3983">
     <span class='ocr_line' id='line_1_90' title="bbox 2209 3897 3790 3983; baseline -0.009 -18"><span class='ocrx_word' id='word_1_691' title='bbox 2209 3912 2590 3983; x_wconf 76' lang='grc' dir='ltr'>ἐπηγγείλατο,</span> <span class='ocrx_word' id='word_1_692' title='bbox 2627 3909 2822 3963; x_wconf 63' lang='grc' dir='ltr'><strong>είιιτών⁹</strong></span> <span class='ocrx_word' id='word_1_693' title='bbox 2867 3909 2962 3959; x_wconf 85' lang='grc' dir='ltr'>Ἐν</span> <span class='ocrx_word' id='word_1_694' title='bbox 3000 3905 3080 3970; x_wconf 86' lang='grc' dir='ltr'>τῷ</span> <span class='ocrx_word' id='word_1_695' title='bbox 3117 3903 3361 3973; x_wconf 80' lang='grc' dir='ltr'>ὀνόματί</span> <span class='ocrx_word' id='word_1_696' title='bbox 3397 3919 3516 3971; x_wconf 79' lang='grc' dir='ltr'><strong>μου</strong></span> <span class='ocrx_word' id='word_1_697' title='bbox 3545 3897 3790 3967; x_wconf 70' lang='grc' dir='ltr'>ὑψωθή-</span> 
     </span>
    </p>
   </div>
   <div class='ocr_carea' id='block_1_91' title="bbox 2209 3987 3788 4070">
    <p class='ocr_par' dir='ltr' id='par_1_91' title="bbox 2209 3987 3788 4070">
     <span class='ocr_line' id='line_1_91' title="bbox 2209 3987 3788 4070; baseline -0.011 -12"><span class='ocrx_word' id='word_1_698' title='bbox 2209 4021 2377 4058; x_wconf 83' lang='grc' dir='ltr'>σεται</span> <span class='ocrx_word' id='word_1_699' title='bbox 2421 4003 2488 4057; x_wconf 87' lang='grc' dir='ltr'>τὸ</span> <span class='ocrx_word' id='word_1_700' title='bbox 2536 4002 2714 4070; x_wconf 78' lang='grc' dir='ltr'>κέρας</span> <span class='ocrx_word' id='word_1_701' title='bbox 2769 3997 2977 4053; x_wconf 78' lang='grc' dir='ltr'>αὐτοῦ.</span> <span class='ocrx_word' id='word_1_702' title='bbox 3019 3997 3095 4050; x_wconf 86' lang='grc' dir='ltr'><strong>Τὸ</strong></span> <span class='ocrx_word' id='word_1_703' title='bbox 3125 3995 3232 4067; x_wconf 81' lang='grc' dir='ltr'>γὰρ</span> <span class='ocrx_word' id='word_1_704' title='bbox 3276 3994 3404 4048; x_wconf 84' lang='grc' dir='ltr'>ἴδιον</span> <span class='ocrx_word' id='word_1_705' title='bbox 3429 3994 3600 4062; x_wconf 75' lang='grc' dir='ltr'>ὄνομα</span> <span class='ocrx_word' id='word_1_706' title='bbox 3628 3991 3656 4040; x_wconf 91' lang='lat'><strong>6</strong></span> <span class='ocrx_word' id='word_1_707' title='bbox 3693 3987 3788 4040; x_wconf 76' lang='grc' dir='ltr'><strong>τοῦ</strong></span> 
     </span>
    </p>
   </div>
   <div class='ocr_carea' id='block_1_92' title="bbox 2209 4083 3790 4168">
    <p class='ocr_par' dir='ltr' id='par_1_92' title="bbox 2209 4083 3790 4168">
     <span class='ocr_line' id='line_1_92' title="bbox 2209 4083 3790 4168; baseline -0.009 -19"><span class='ocrx_word' id='word_1_708' title='bbox 2209 4096 2344 4149; x_wconf 82' lang='grc' dir='ltr'>Θεοῦ</span> <span class='ocrx_word' id='word_1_709' title='bbox 2381 4096 2673 4168; x_wconf 79' lang='grc' dir='ltr'>μονογενὴς</span> <span class='ocrx_word' id='word_1_710' title='bbox 2696 4095 2822 4157; x_wconf 81' lang='grc' dir='ltr'>Υξὺς</span> <span class='ocrx_word' id='word_1_711' title='bbox 2852 4091 2931 4162; x_wconf 84' lang='grc' dir='ltr'><strong>τῷ</strong></span> <span class='ocrx_word' id='word_1_712' title='bbox 2971 4093 3111 4145; x_wconf 78' lang='grc' dir='ltr'>κατὰ</span> <span class='ocrx_word' id='word_1_713' title='bbox 3145 4089 3324 4161; x_wconf 81' lang='grc' dir='ltr'>σάρκα</span> <span class='ocrx_word' id='word_1_714' title='bbox 3356 4085 3458 4158; x_wconf 83' lang='grc' dir='ltr'><strong>υἱῷ</strong></span> <span class='ocrx_word' id='word_1_715' title='bbox 3479 4083 3640 4138; x_wconf 79' lang='grc' dir='ltr'>Δαυῒδ</span> <span class='ocrx_word' id='word_1_716' title='bbox 3670 4087 3790 4136; x_wconf 80' lang='grc' dir='ltr'>ἐπι-</span> 
     </span>
    </p>
   </div>
   <div class='ocr_carea' id='block_1_93' title="bbox 2210 4179 3792 4262">
    <p class='ocr_par' dir='ltr' id='par_1_93' title="bbox 2210 4179 3792 4262">
     <span class='ocr_line' id='line_1_93' title="bbox 2210 4179 3792 4262; baseline -0.01 -18"><span class='ocrx_word' id='word_1_717' title='bbox 2210 4191 2438 4255; x_wconf 83' lang='grc' dir='ltr'>τέθεικε,</span> <span class='ocrx_word' id='word_1_718' title='bbox 2473 4190 2819 4262; x_wconf 89' lang='grc' dir='ltr'>Πρωτότοκον</span> <span class='ocrx_word' id='word_1_719' title='bbox 2837 4187 2930 4242; x_wconf 73' lang='grc' dir='ltr'><strong>καὶ</strong></span> <span class='ocrx_word' id='word_1_720' title='bbox 2963 4185 3098 4238; x_wconf 89' lang='grc' dir='ltr'>Θεοῦ</span> <span class='ocrx_word' id='word_1_721' title='bbox 3127 4185 3253 4236; x_wconf 84' lang='grc' dir='ltr'>Υίὸν</span> <span class='ocrx_word' id='word_1_722' title='bbox 3275 4182 3368 4235; x_wconf 78' lang='grc' dir='ltr'>καὶ</span> <span class='ocrx_word' id='word_1_723' title='bbox 3402 4180 3564 4233; x_wconf 81' lang='grc' dir='ltr'>αὑτὸν</span> <span class='ocrx_word' id='word_1_724' title='bbox 3596 4179 3792 4244; x_wconf 85' lang='grc' dir='ltr'>ἀναγο-</span> 
     </span>
    </p>
   </div>
   <div class='ocr_carea' id='block_1_94' title="bbox 2217 4266 3789 4355">
    <p class='ocr_par' dir='ltr' id='par_1_94' title="bbox 2217 4266 3789 4355">
     <span class='ocr_line' id='line_1_94' title="bbox 2217 4266 3789 4355; baseline -0.012 -18"><span class='ocrx_word' id='word_1_725' title='bbox 2217 4283 2430 4355; x_wconf 86' lang='grc' dir='ltr'>ρεύσας.</span> <span class='ocrx_word' id='word_1_726' title='bbox 2497 4281 2695 4334; x_wconf 86' lang='grc' dir='ltr'>Τοῦτον</span> <span class='ocrx_word' id='word_1_727' title='bbox 2745 4279 2801 4332; x_wconf 81' lang='grc' dir='ltr'>δὲ</span> <span class='ocrx_word' id='word_1_728' title='bbox 2834 4279 2928 4333; x_wconf 79' lang='grc' dir='ltr'><strong>καὶ</strong></span> <span class='ocrx_word' id='word_1_729' title='bbox 2961 4275 3162 4347; x_wconf 71' lang='grc' dir='ltr'>ὑψηλὸν</span> <span class='ocrx_word' id='word_1_730' title='bbox 3187 4273 3335 4344; x_wconf 84' lang='grc' dir='ltr'>παρὰ</span> <span class='ocrx_word' id='word_1_731' title='bbox 3366 4274 3478 4334; x_wconf 87' lang='grc' dir='ltr'>τοῖς</span> <span class='ocrx_word' id='word_1_732' title='bbox 3515 4266 3789 4339; x_wconf 82' lang='grc' dir='ltr'>βασιλεῦσι</span> 
     </span>
    </p>
   </div>
   <div class='ocr_carea' id='block_1_95' title="bbox 2213 4358 3790 4446">
    <p class='ocr_par' dir='ltr' id='par_1_95' title="bbox 2213 4358 3790 4446">
     <span class='ocr_line' id='line_1_95' title="bbox 2213 4358 3790 4446; baseline -0.011 -18"><span class='ocrx_word' id='word_1_733' title='bbox 2213 4378 2310 4446; x_wconf 76' lang='grc' dir='ltr'><strong>τῆς</strong></span> <span class='ocrx_word' id='word_1_734' title='bbox 2335 4376 2437 4444; x_wconf 85' lang='grc' dir='ltr'><strong>γῆς</strong></span> <span class='ocrx_word' id='word_1_735' title='bbox 2469 4372 2725 4445; x_wconf 76' lang='grc' dir='ltr'>θήσεσθαι</span> <span class='ocrx_word' id='word_1_736' title='bbox 2768 4369 3130 4442; x_wconf 77' lang='grc' dir='ltr'>ἐπηγγείλατο</span> <span class='ocrx_word' id='word_1_737' title='bbox 3149 4384 3161 4396; x_wconf 86' lang='grc'><strong>·</strong></span> <span class='ocrx_word' id='word_1_738' title='bbox 3203 4365 3236 4437; x_wconf 78' lang='grc' dir='ltr'>ἢ</span> <span class='ocrx_word' id='word_1_739' title='bbox 3277 4363 3418 4418; x_wconf 79' lang='grc' dir='ltr'>κατὰ</span> <span class='ocrx_word' id='word_1_740' title='bbox 3444 4361 3534 4415; x_wconf 82' lang='grc' dir='ltr'><strong>τὸν</strong></span> <span class='ocrx_word' id='word_1_741' title='bbox 3560 4358 3790 4429; x_wconf 72' lang='grc' dir='ltr'>Σύμμα-</span> 
     </span>
    </p>
   </div>
   <div class='ocr_carea' id='block_1_96' title="bbox 2215 4448 3791 4535">
    <p class='ocr_par' dir='ltr' id='par_1_96' title="bbox 2215 4448 3791 4535">
     <span class='ocr_line' id='line_1_96' title="bbox 2215 4448 3791 4535; baseline -0.013 -17"><span class='ocrx_word' id='word_1_742' title='bbox 2215 4483 2329 4535; x_wconf 77' lang='grc' dir='ltr'>χον,</span> <span class='ocrx_word' id='word_1_743' title='bbox 2374 4462 2696 4516; x_wconf 83' lang='grc' dir='ltr'>Ἀνώτατον</span> <span class='ocrx_word' id='word_1_744' title='bbox 2731 4460 2849 4514; x_wconf 86' lang='grc' dir='ltr'>τῶν</span> <span class='ocrx_word' id='word_1_745' title='bbox 2889 4455 3202 4523; x_wconf 75' lang='grc' dir='ltr'>,βασιλέων</span> <span class='ocrx_word' id='word_1_746' title='bbox 3249 4452 3356 4521; x_wconf 86' lang='grc' dir='ltr'>τῆς</span> <span class='ocrx_word' id='word_1_747' title='bbox 3389 4451 3522 4520; x_wconf 77' lang='grc' dir='ltr'><strong>τῆς.</strong></span> <span class='ocrx_word' id='word_1_748' title='bbox 3564 4448 3791 4501; x_wconf 77' lang='grc' dir='ltr'>Πάντων</span> 
     </span>
    </p>
   </div>
   <div class='ocr_carea' id='block_1_97' title="bbox 2217 4539 3791 4628">
    <p class='ocr_par' dir='ltr' id='par_1_97' title="bbox 2217 4539 3791 4628">
     <span class='ocr_line' id='line_1_97' title="bbox 2217 4539 3791 4628; baseline -0.013 -19"><span class='ocrx_word' id='word_1_749' title='bbox 2217 4555 2326 4628; x_wconf 86' lang='grc' dir='ltr'>γὰρ</span> <span class='ocrx_word' id='word_1_750' title='bbox 2349 4555 2455 4608; x_wconf 86' lang='grc' dir='ltr'><strong>τῶν</strong></span> <span class='ocrx_word' id='word_1_751' title='bbox 2478 4553 2778 4624; x_wconf 85' lang='grc' dir='ltr'>μελλόντων</span> <span class='ocrx_word' id='word_1_752' title='bbox 2806 4550 2966 4604; x_wconf 81' lang='grc' dir='ltr'>αὐτὸν</span> <span class='ocrx_word' id='word_1_753' title='bbox 2993 4545 3262 4602; x_wconf 87' lang='grc' dir='ltr'>καταπολε</span> <span class='ocrx_word' id='word_1_754' title='bbox 3270 4546 3389 4615; x_wconf 88' lang='grc' dir='ltr'>μεῖν</span> <span class='ocrx_word' id='word_1_755' title='bbox 3412 4540 3682 4610; x_wconf 83' lang='grc' dir='ltr'>ἀνώτερος</span> <span class='ocrx_word' id='word_1_756' title='bbox 3699 4539 3791 4590; x_wconf 72' lang='grc' dir='ltr'><strong>καὶ</strong></span> 
     </span>
    </p>
   </div>
   <div class='ocr_carea' id='block_1_98' title="bbox 2219 4630 3792 4718">
    <p class='ocr_par' dir='ltr' id='par_1_98' title="bbox 2219 4630 3792 4718">
     <span class='ocr_line' id='line_1_98' title="bbox 2219 4630 3792 4718; baseline -0.014 -16"><span class='ocrx_word' id='word_1_757' title='bbox 2219 4649 2482 4718; x_wconf 85' lang='grc' dir='ltr'>κρείττων</span> <span class='ocrx_word' id='word_1_758' title='bbox 2521 4646 2809 4716; x_wconf 81' lang='grc' dir='ltr'>γεγένηται</span> <span class='ocrx_word' id='word_1_759' title='bbox 2834 4660 2846 4672; x_wconf 91' lang='grc'><strong>·</strong></span> <span class='ocrx_word' id='word_1_760' title='bbox 2882 4641 3093 4712; x_wconf 82' lang='grc' dir='ltr'>θραύων</span> <span class='ocrx_word' id='word_1_761' title='bbox 3127 4639 3222 4710; x_wconf 81' lang='grc' dir='ltr'><strong>μὲν</strong></span> <span class='ocrx_word' id='word_1_762' title='bbox 3251 4637 3350 4698; x_wconf 83' lang='grc' dir='ltr'>τὰς</span> <span class='ocrx_word' id='word_1_763' title='bbox 3366 4633 3506 4688; x_wconf 78' lang='grc' dir='ltr'>κατὰ</span> <span class='ocrx_word' id='word_1_764' title='bbox 3534 4632 3633 4702; x_wconf 80' lang='grc' dir='ltr'>τῆς</span> <span class='ocrx_word' id='word_1_765' title='bbox 3678 4630 3792 4682; x_wconf 84' lang='grc' dir='ltr'><strong>Ἐκ-</strong></span> 
     </span>
    </p>
   </div>
   <div class='ocr_carea' id='block_1_99' title="bbox 2219 4720 3792 4810">
    <p class='ocr_par' dir='ltr' id='par_1_99' title="bbox 2219 4720 3792 4810">
     <span class='ocr_line' id='line_1_99' title="bbox 2219 4720 3792 4810; baseline -0.014 -17"><span class='ocrx_word' id='word_1_766' title='bbox 2219 4740 2447 4810; x_wconf 85' lang='grc' dir='ltr'>κλησίας</span> <span class='ocrx_word' id='word_1_767' title='bbox 2475 4739 2638 4792; x_wconf 84' lang='grc' dir='ltr'>αὐτοῦ</span> <span class='ocrx_word' id='word_1_768' title='bbox 2681 4735 3071 4795; x_wconf 80' lang='grc' dir='ltr'>ἐπαναστάσεις</span> <span class='ocrx_word' id='word_1_769' title='bbox 3103 4731 3344 4790; x_wconf 78' lang='grc' dir='ltr'>καὶτοὺς</span> <span class='ocrx_word' id='word_1_770' title='bbox 3378 4723 3672 4794; x_wconf 83' lang='grc' dir='ltr'>διωγμοὺς,</span> <span class='ocrx_word' id='word_1_771' title='bbox 3704 4720 3792 4810; x_wconf 43' lang='grc' dir='ltr'>δοῖ</span> 
     </span>
    </p>
   </div>
   <div class='ocr_carea' id='block_1_100' title="bbox 2221 4809 3792 4900">
    <p class='ocr_par' dir='ltr' id='par_1_100' title="bbox 2221 4809 3792 4900">
     <span class='ocr_line' id='line_1_100' title="bbox 2221 4809 3792 4900; baseline -0.015 -14"><span class='ocrx_word' id='word_1_772' title='bbox 2221 4832 2394 4896; x_wconf 79' lang='grc' dir='ltr'>ξάζων</span> <span class='ocrx_word' id='word_1_773' title='bbox 2421 4830 2476 4882; x_wconf 83' lang='grc' dir='ltr'>δὲ</span> <span class='ocrx_word' id='word_1_774' title='bbox 2507 4832 2600 4883; x_wconf 79' lang='grc' dir='ltr'>καὶ</span> <span class='ocrx_word' id='word_1_775' title='bbox 2628 4826 2984 4900; x_wconf 75' lang='grc' dir='ltr'>ἰσχυροποιῶν</span> <span class='ocrx_word' id='word_1_776' title='bbox 3016 4824 3107 4877; x_wconf 85' lang='grc' dir='ltr'><strong>τὸν</strong></span> <span class='ocrx_word' id='word_1_777' title='bbox 3128 4822 3226 4891; x_wconf 75' lang='grc' dir='ltr'>τῆς</span> <span class='ocrx_word' id='word_1_778' title='bbox 3261 4816 3606 4876; x_wconf 85' lang='grc' dir='ltr'>διδασκαλίας</span> <span class='ocrx_word' id='word_1_779' title='bbox 3629 4809 3792 4865; x_wconf 84' lang='grc' dir='ltr'>αὐτοῦ</span> 
     </span>
    </p>
   </div>
   <div class='ocr_carea' id='block_1_101' title="bbox 2219 4904 3794 4990">
    <p class='ocr_par' dir='ltr' id='par_1_101' title="bbox 2219 4904 3794 4990">
     <span class='ocr_line' id='line_1_101' title="bbox 2219 4904 3794 4990; baseline -0.013 -16"><span class='ocrx_word' id='word_1_780' title='bbox 2219 4923 2394 4990; x_wconf 82' lang='grc' dir='ltr'>λόγον.</span> <span class='ocrx_word' id='word_1_781' title='bbox 2436 4921 2592 4974; x_wconf 80' lang='grc' dir='ltr'>Ἀλλὰ</span> <span class='ocrx_word' id='word_1_782' title='bbox 2621 4923 2714 4974; x_wconf 70' lang='grc' dir='ltr'><strong>καὶ</strong></span> <span class='ocrx_word' id='word_1_783' title='bbox 2742 4922 2820 4983; x_wconf 84' lang='grc' dir='ltr'>εἰς</span> <span class='ocrx_word' id='word_1_784' title='bbox 2849 4919 2938 4971; x_wconf 79' lang='grc' dir='ltr'><strong>τὸν</strong></span> <span class='ocrx_word' id='word_1_785' title='bbox 2977 4915 3147 4969; x_wconf 84' lang='grc' dir='ltr'>αἰῶνα</span> <span class='ocrx_word' id='word_1_786' title='bbox 3191 4910 3442 4982; x_wconf 78' lang='grc' dir='ltr'>φυλάξειν</span> <span class='ocrx_word' id='word_1_787' title='bbox 3481 4904 3630 4976; x_wconf 85' lang='grc' dir='ltr'>αύτῷ</span> <span class='ocrx_word' id='word_1_788' title='bbox 3663 4918 3794 4972; x_wconf 74' lang='grc' dir='ltr'>φησι</span> 
     </span>
    </p>
   </div>
   <div class='ocr_carea' id='block_1_102' title="bbox 2221 4995 3795 5079">
    <p class='ocr_par' dir='ltr' id='par_1_102' title="bbox 2221 4995 3795 5079">
     <span class='ocr_line' id='line_1_102' title="bbox 2221 4995 3795 5079; baseline -0.013 -16"><span class='ocrx_word' id='word_1_789' title='bbox 2221 5011 2281 5063; x_wconf 84' lang='grc' dir='ltr'><strong>τὸ</strong></span> <span class='ocrx_word' id='word_1_790' title='bbox 2302 5011 2446 5075; x_wconf 76' lang='grc' dir='ltr'>ἕλεος</span> <span class='ocrx_word' id='word_1_791' title='bbox 2468 5010 2653 5073; x_wconf 81' lang='grc' dir='ltr'>αὑτοῦ,</span> <span class='ocrx_word' id='word_1_792' title='bbox 2682 5010 2775 5063; x_wconf 73' lang='grc' dir='ltr'><strong>καὶ</strong></span> <span class='ocrx_word' id='word_1_793' title='bbox 2792 5008 2888 5079; x_wconf 84' lang='grc' dir='ltr'><strong>τὴν</strong></span> <span class='ocrx_word' id='word_1_794' title='bbox 2909 5006 3182 5075; x_wconf 86' lang='grc' dir='ltr'>Διαθήκην</span> <span class='ocrx_word' id='word_1_795' title='bbox 3202 5000 3366 5055; x_wconf 78' lang='grc' dir='ltr'>αὐτοῦ</span> <span class='ocrx_word' id='word_1_796' title='bbox 3388 4995 3795 5063; x_wconf 83' lang='grc' dir='ltr'>πιστοποιήσειν</span> 
     </span>
    </p>
   </div>
   <div class='ocr_carea' id='block_1_103' title="bbox 2225 5085 3795 5174">
    <p class='ocr_par' dir='ltr' id='par_1_103' title="bbox 2225 5085 3795 5174">
     <span class='ocr_line' id='line_1_103' title="bbox 2225 5085 3795 5174; baseline -0.015 -16"><span class='ocrx_word' id='word_1_797' title='bbox 2225 5105 2406 5174; x_wconf 77' lang='grc' dir='ltr'>αὐτῷ’</span> <span class='ocrx_word' id='word_1_798' title='bbox 2445 5104 2660 5166; x_wconf 84' lang='grc' dir='ltr'>πάντως</span> <span class='ocrx_word' id='word_1_799' title='bbox 2717 5119 2818 5154; x_wconf 85' lang='grc' dir='ltr'><strong>που</strong></span> <span class='ocrx_word' id='word_1_800' title='bbox 2846 5099 2944 5170; x_wconf 87' lang='grc' dir='ltr'>τὴν</span> <span class='ocrx_word' id='word_1_801' title='bbox 2970 5096 3176 5167; x_wconf 78' lang='grc' dir='ltr'>Καινὴν</span> <span class='ocrx_word' id='word_1_802' title='bbox 3210 5093 3501 5162; x_wconf 81' lang='grc' dir='ltr'>Διαθήκην,</span> <span class='ocrx_word' id='word_1_803' title='bbox 3550 5088 3618 5158; x_wconf 75' lang='grc' dir='ltr'>ἣν</span> <span class='ocrx_word' id='word_1_804' title='bbox 3664 5085 3795 5137; x_wconf 82' lang='grc' dir='ltr'>πᾶσι</span> 
     </span>
    </p>
   </div>
   <div class='ocr_carea' id='block_1_104' title="bbox 542 5175 3793 5275">
    <p class='ocr_par' dir='ltr' id='par_1_104' title="bbox 542 5175 3793 5275">
     <span class='ocr_line' id='line_1_104' title="bbox 542 5175 3793 5275; baseline -0.008 -18"><span class='ocrx_word' id='word_1_805' title='bbox 542 5209 653 5268; x_wconf 89' lang='grc' dir='ltr'>τοῖς</span> <span class='ocrx_word' id='word_1_806' title='bbox 677 5205 796 5259; x_wconf 88' lang='grc' dir='ltr'>καθ’</span> <span class='ocrx_word' id='word_1_807' title='bbox 819 5175 947 5275; x_wconf 75' lang='grc' dir='ltr'>ὅλης</span> <span class='ocrx_word' id='word_1_808' title='bbox 969 5204 1067 5275; x_wconf 87' lang='grc' dir='ltr'>τῆς</span> <span class='ocrx_word' id='word_1_809' title='bbox 1091 5202 1414 5272; x_wconf 76' lang='grc' dir='ltr'>οἰκουμένης</span> <span class='ocrx_word' id='word_1_810' title='bbox 1446 5199 1651 5253; x_wconf 80' lang='grc' dir='ltr'>ἔθνεσιν</span> <span class='ocrx_word' id='word_1_811' title='bbox 1685 5197 1968 5269; x_wconf 79' lang='grc' dir='ltr'>ἐκήρυξεν,</span> <span class='ocrx_word' id='word_1_812' title='bbox 1998 5196 2120 5250; x_wconf 75' lang='grc' dir='ltr'>ἀντὶ</span> <span class='ocrx_word' id='word_1_813' title='bbox 2158 5197 2260 5267; x_wconf 83' lang='grc' dir='ltr'>τῆς</span> <span class='ocrx_word' id='word_1_814' title='bbox 2294 5216 2444 5270; x_wconf 82' lang='grc' dir='ltr'>παρα</span> <span class='ocrx_word' id='word_1_815' title='bbox 2476 5198 2664 5252; x_wconf 84' lang='grc' dir='ltr'><strong>Μωσεῖ</strong></span> <span class='ocrx_word' id='word_1_816' title='bbox 2707 5195 2970 5263; x_wconf 76' lang='grc' dir='ltr'>διαθήκης</span> <span class='ocrx_word' id='word_1_817' title='bbox 2997 5191 3058 5244; x_wconf 83' lang='grc' dir='ltr'><strong>τὸ</strong></span> <span class='ocrx_word' id='word_1_818' title='bbox 3106 5185 3433 5256; x_wconf 83' lang='grc' dir='ltr'>Εὐαγγέλιον</span> <span class='ocrx_word' id='word_1_819' title='bbox 3471 5175 3793 5252; x_wconf 80' lang='grc' dir='ltr'>παρασχὼν,</span> 
     </span>
    </p>
   </div>
   <div class='ocr_carea' id='block_1_105' title="bbox 543 5291 1944 5365">
    <p class='ocr_par' dir='ltr' id='par_1_105' title="bbox 543 5291 1944 5365">
     <span class='ocr_line' id='line_1_105' title="bbox 543 5291 1944 5365; baseline -0.007 -12"><span class='ocrx_word' id='word_1_820' title='bbox 543 5301 679 5354; x_wconf 72' lang='grc' dir='ltr'>ὃπεο</span> <span class='ocrx_word' id='word_1_821' title='bbox 706 5298 1070 5352; x_wconf 85' lang='grc' dir='ltr'>πιστώσεσθαι</span> <span class='ocrx_word' id='word_1_822' title='bbox 1096 5297 1189 5350; x_wconf 72' lang='grc' dir='ltr'>καὶ</span> <span class='ocrx_word' id='word_1_823' title='bbox 1216 5295 1533 5365; x_wconf 82' lang='grc' dir='ltr'>βεϐαιώσειν</span> <span class='ocrx_word' id='word_1_824' title='bbox 1567 5291 1944 5363; x_wconf 74' lang='grc' dir='ltr'>ἐπηγγείλατο.</span> 
     </span>
    </p>
   </div>
   <div class='ocr_carea' id='block_1_106' title="bbox 619 5387 2116 5460">
    <p class='ocr_par' dir='ltr' id='par_1_106' title="bbox 619 5387 2116 5460">
     <span class='ocr_line' id='line_1_106' title="bbox 619 5387 2116 5460; baseline -0.005 -14"><span class='ocrx_word' id='word_1_825' title='bbox 619 5392 783 5449; x_wconf 70' lang='lat' dir='ltr'><strong>Vens.</strong></span> <span class='ocrx_word' id='word_1_826' title='bbox 824 5392 1014 5446; x_wconf 74' lang='lat'><strong>30-55.</strong></span> <span class='ocrx_word' id='word_1_827' title='bbox 1047 5390 1117 5444; x_wconf 90' lang='lat' dir='ltr'><strong>Et</strong></span> <span class='ocrx_word' id='word_1_828' title='bbox 1147 5406 1342 5460; x_wconf 81' lang='lat' dir='ltr'><strong>ponam</strong></span> <span class='ocrx_word' id='word_1_829' title='bbox 1372 5391 1427 5443; x_wconf 84' lang='lat' dir='ltr'><strong>in</strong></span> <span class='ocrx_word' id='word_1_830' title='bbox 1457 5389 1709 5443; x_wconf 74' lang='lat' dir='ltr'><strong>sarculum</strong></span> <span class='ocrx_word' id='word_1_831' title='bbox 1735 5387 1916 5441; x_wconf 79' lang='lat' dir='ltr'><strong>swculi</strong></span> <span class='ocrx_word' id='word_1_832' title='bbox 1943 5402 2116 5439; x_wconf 88' lang='lat' dir='ltr'><strong>semen</strong></span> 
     </span>
    </p>
   </div>
   <div class='ocr_carea' id='block_1_107' title="bbox 547 5477 2119 5554">
    <p class='ocr_par' dir='ltr' id='par_1_107' title="bbox 547 5477 2119 5554">
     <span class='ocr_line' id='line_1_107' title="bbox 547 5477 2119 5554; baseline -0.004 -17"><span class='ocrx_word' id='word_1_833' title='bbox 547 5485 660 5554; x_wconf 85' lang='lat' dir='ltr'><strong>ejus</strong></span> <span class='ocrx_word' id='word_1_834' title='bbox 682 5524 696 5547; x_wconf 95' lang='lat'><strong>,</strong></span> <span class='ocrx_word' id='word_1_835' title='bbox 737 5493 785 5537; x_wconf 91' lang='lat' dir='ltr'><strong>et</strong></span> <span class='ocrx_word' id='word_1_836' title='bbox 828 5483 1070 5536; x_wconf 86' lang='lat' dir='ltr'><strong>thronum</strong></span> <span class='ocrx_word' id='word_1_837' title='bbox 1105 5483 1220 5552; x_wconf 87' lang='lat' dir='ltr'><strong>ejus</strong></span> <span class='ocrx_word' id='word_1_838' title='bbox 1252 5484 1389 5536; x_wconf 85' lang='lat' dir='ltr'><strong>sicut</strong></span> <span class='ocrx_word' id='word_1_839' title='bbox 1423 5481 1534 5534; x_wconf 86' lang='lat' dir='ltr'><strong>dies</strong></span> <span class='ocrx_word' id='word_1_840' title='bbox 1562 5480 1701 5534; x_wconf 67' lang='lat' dir='ltr'><strong>caeli.</strong></span> <span class='ocrx_word' id='word_1_841' title='bbox 1737 5479 1798 5534; x_wconf 83' lang='lat' dir='ltr'><strong>Si</strong></span> <span class='ocrx_word' id='word_1_842' title='bbox 1830 5477 2119 5546; x_wconf 82' lang='lat' dir='ltr'><strong>derelique-</strong></span> 
     </span>
    </p>
   </div>
   <div class='ocr_carea' id='block_1_108' title="bbox 550 5560 2120 5645">
    <p class='ocr_par' dir='ltr' id='par_1_108' title="bbox 550 5560 2120 5645">
     <span class='ocr_line' id='line_1_108' title="bbox 550 5560 2120 5645; baseline -0.006 -16"><span class='ocrx_word' id='word_1_843' title='bbox 550 5578 654 5630; x_wconf 87' lang='lat' dir='ltr'><strong>rint</strong></span> <span class='ocrx_word' id='word_1_844' title='bbox 703 5564 806 5644; x_wconf 79' lang='lat' dir='ltr'><strong>ﬁlii</strong></span> <span class='ocrx_word' id='word_1_845' title='bbox 845 5576 959 5644; x_wconf 90' lang='lat' dir='ltr'><strong>ejus</strong></span> <span class='ocrx_word' id='word_1_846' title='bbox 993 5575 1152 5645; x_wconf 84' lang='lat' dir='ltr'><strong>legem</strong></span> <span class='ocrx_word' id='word_1_847' title='bbox 1189 5591 1390 5636; x_wconf 90' lang='lat' dir='ltr'><strong>meam,</strong></span> <span class='ocrx_word' id='word_1_848' title='bbox 1422 5583 1472 5626; x_wconf 88' lang='lat' dir='ltr'><strong>et</strong></span> <span class='ocrx_word' id='word_1_849' title='bbox 1505 5573 1557 5625; x_wconf 87' lang='lat' dir='ltr'><strong>in</strong></span> <span class='ocrx_word' id='word_1_850' title='bbox 1594 5560 1819 5640; x_wconf 68' lang='lat' dir='ltr'><strong>judieiis</strong></span> <span class='ocrx_word' id='word_1_851' title='bbox 1844 5571 1972 5622; x_wconf 77' lang='lat' dir='ltr'><strong>meis</strong></span> <span class='ocrx_word' id='word_1_852' title='bbox 2017 5585 2120 5621; x_wconf 89' lang='lat' dir='ltr'><strong>non</strong></span> 
     </span>
    </p>
   </div>
   <div class='ocr_carea' id='block_1_109' title="bbox 549 5662 2120 5736">
    <p class='ocr_par' dir='ltr' id='par_1_109' title="bbox 549 5662 2120 5736">
     <span class='ocr_line' id='line_1_109' title="bbox 549 5662 2120 5736; baseline -0.005 -16"><span class='ocrx_word' id='word_1_853' title='bbox 549 5667 976 5730; x_wconf 84' lang='lat' dir='ltr'><strong>ambulaverint;</strong></span> <span class='ocrx_word' id='word_1_854' title='bbox 1022 5668 1068 5720; x_wconf 79' lang='lat' dir='ltr'><strong>si</strong></span> <span class='ocrx_word' id='word_1_855' title='bbox 1103 5667 1348 5736; x_wconf 83' lang='lat' dir='ltr'><strong>justitias</strong></span> <span class='ocrx_word' id='word_1_856' title='bbox 1404 5681 1544 5720; x_wconf 86' lang='lat' dir='ltr'><strong>meas</strong></span> <span class='ocrx_word' id='word_1_857' title='bbox 1592 5662 2025 5732; x_wconf 75' lang='lat' dir='ltr'><strong>profanaverint,</strong></span> <span class='ocrx_word' id='word_1_858' title='bbox 2072 5668 2120 5713; x_wconf 91' lang='lat' dir='ltr'><strong>et</strong></span> 
     </span>
    </p>
   </div>
   <div class='ocr_carea' id='block_1_110' title="bbox 2294 5361 3798 5448">
    <p class='ocr_par' dir='ltr' id='par_1_110' title="bbox 2294 5361 3798 5448">
     <span class='ocr_line' id='line_1_110' title="bbox 2294 5361 3798 5448; baseline -0.015 -13"><span class='ocrx_word' id='word_1_859' title='bbox 2294 5381 2404 5436; x_wconf 76' lang='grc' dir='ltr'><strong>Καὶ</strong></span> <span class='ocrx_word' id='word_1_860' title='bbox 2425 5380 2680 5448; x_wconf 80' lang='grc' dir='ltr'>θήσομαι</span> <span class='ocrx_word' id='word_1_861' title='bbox 2708 5380 2795 5442; x_wconf 83' lang='grc' dir='ltr'>εἰς</span> <span class='ocrx_word' id='word_1_862' title='bbox 2816 5375 2920 5429; x_wconf 84' lang='grc' dir='ltr'>τὸν</span> <span class='ocrx_word' id='word_1_863' title='bbox 2943 5373 3129 5428; x_wconf 82' lang='grc' dir='ltr'>αἰῶνα</span> <span class='ocrx_word' id='word_1_864' title='bbox 3153 5370 3257 5425; x_wconf 82' lang='grc' dir='ltr'><strong>τοῦ</strong></span> <span class='ocrx_word' id='word_1_865' title='bbox 3285 5367 3499 5431; x_wconf 69' lang='grc' dir='ltr'>αἰῶνος</span> <span class='ocrx_word' id='word_1_866' title='bbox 3524 5365 3592 5418; x_wconf 78' lang='grc' dir='ltr'>τὸ</span> <span class='ocrx_word' id='word_1_867' title='bbox 3615 5361 3798 5429; x_wconf 78' lang='grc' dir='ltr'>σπέρ-</span> 
     </span>
    </p>
   </div>
   <div class='ocr_carea' id='block_1_111' title="bbox 2219 5451 3799 5543">
    <p class='ocr_par' dir='ltr' id='par_1_111' title="bbox 2219 5451 3799 5543">
     <span class='ocr_line' id='line_1_111' title="bbox 2219 5451 3799 5543; baseline -0.016 -15"><span class='ocrx_word' id='word_1_868' title='bbox 2219 5490 2303 5543; x_wconf 84' lang='grc' dir='ltr'><strong>μα</strong></span> <span class='ocrx_word' id='word_1_869' title='bbox 2329 5471 2536 5534; x_wconf 85' lang='grc' dir='ltr'>αὑτοῦ,</span> <span class='ocrx_word' id='word_1_870' title='bbox 2589 5469 2688 5522; x_wconf 80' lang='grc' dir='ltr'>καὶ</span> <span class='ocrx_word' id='word_1_871' title='bbox 2734 5468 2841 5520; x_wconf 76' lang='grc' dir='ltr'>τὸν</span> <span class='ocrx_word' id='word_1_872' title='bbox 2865 5467 3081 5534; x_wconf 79' lang='grc' dir='ltr'>θρόνον</span> <span class='ocrx_word' id='word_1_873' title='bbox 3109 5461 3294 5516; x_wconf 84' lang='grc' dir='ltr'>αὑτοῦ</span> <span class='ocrx_word' id='word_1_874' title='bbox 3322 5460 3402 5523; x_wconf 88' lang='grc' dir='ltr'>ὡς</span> <span class='ocrx_word' id='word_1_875' title='bbox 3433 5455 3540 5520; x_wconf 83' lang='grc' dir='ltr'>τὰς</span> <span class='ocrx_word' id='word_1_876' title='bbox 3575 5451 3799 5543; x_wconf 63' lang='grc' dir='ltr'>ἡμέρας·</span> 
     </span>
    </p>
   </div>
   <div class='ocr_carea' id='block_1_112' title="bbox 2225 5541 3798 5632">
    <p class='ocr_par' dir='ltr' id='par_1_112' title="bbox 2225 5541 3798 5632">
     <span class='ocr_line' id='line_1_112' title="bbox 2225 5541 3798 5632; baseline -0.015 -14"><span class='ocrx_word' id='word_1_877' title='bbox 2225 5566 2332 5620; x_wconf 85' lang='grc' dir='ltr'><strong>τοῦ</strong></span> <span class='ocrx_word' id='word_1_878' title='bbox 2362 5562 2642 5632; x_wconf 83' lang='grc' dir='ltr'>οὐρανοῦ.</span> <span class='ocrx_word' id='word_1_879' title='bbox 2689 5562 2824 5614; x_wconf 84' lang='grc' dir='ltr'><strong>Ἐὰν</strong></span> <span class='ocrx_word' id='word_1_880' title='bbox 2874 5556 3358 5626; x_wconf 72' lang='grc' dir='ltr'>ἐγκαταλίπωσιν</span> <span class='ocrx_word' id='word_1_881' title='bbox 3387 5553 3442 5603; x_wconf 75' lang='grc' dir='ltr'><strong>οι</strong></span> <span class='ocrx_word' id='word_1_882' title='bbox 3468 5546 3584 5602; x_wconf 74' lang='grc' dir='ltr'>υἱοί</span> <span class='ocrx_word' id='word_1_883' title='bbox 3611 5541 3798 5598; x_wconf 83' lang='grc' dir='ltr'>αὑτοῦ</span> 
     </span>
    </p>
   </div>
   <div class='ocr_carea' id='block_1_113' title="bbox 2227 5637 3770 5723">
    <p class='ocr_par' dir='ltr' id='par_1_113' title="bbox 2227 5637 3770 5723">
     <span class='ocr_line' id='line_1_113' title="bbox 2227 5637 3770 5723; baseline -0.015 -15"><span class='ocrx_word' id='word_1_884' title='bbox 2227 5656 2334 5708; x_wconf 81' lang='grc' dir='ltr'>τὸν</span> <span class='ocrx_word' id='word_1_885' title='bbox 2358 5656 2547 5723; x_wconf 76' lang='grc' dir='ltr'>νόμον</span> <span class='ocrx_word' id='word_1_886' title='bbox 2569 5682 2572 5683; x_wconf 53' lang='grc' dir='ltr'><strong>ν</strong></span> <span class='ocrx_word' id='word_1_887' title='bbox 2593 5669 2731 5721; x_wconf 83' lang='grc' dir='ltr'>μου,</span> <span class='ocrx_word' id='word_1_888' title='bbox 2765 5651 2860 5703; x_wconf 75' lang='grc' dir='ltr'>καὶ</span> <span class='ocrx_word' id='word_1_889' title='bbox 2907 5647 3030 5713; x_wconf 83' lang='grc' dir='ltr'>τοῖς</span> <span class='ocrx_word' id='word_1_890' title='bbox 3061 5644 3306 5716; x_wconf 76' lang='grc' dir='ltr'>κρίμασέ</span> <span class='ocrx_word' id='word_1_891' title='bbox 3325 5659 3444 5712; x_wconf 79' lang='grc' dir='ltr'><strong>μου</strong></span> <span class='ocrx_word' id='word_1_892' title='bbox 3477 5637 3562 5709; x_wconf 72' lang='grc' dir='ltr'>μὴ</span> <span class='ocrx_word' id='word_1_893' title='bbox 3586 5650 3770 5702; x_wconf 77' lang='grc' dir='ltr'>πορευ</span> 
     </span>
    </p>
   </div>
   <div class='ocr_carea' id='block_1_114' title="bbox 624 5803 3011 5890">
    <p class='ocr_par' dir='ltr' id='par_1_114' title="bbox 624 5803 3011 5890">
     <span class='ocr_line' id='line_1_114' title="bbox 624 5803 3011 5890; baseline -0.01 -12"><span class='ocrx_word' id='word_1_894' title='bbox 624 5826 666 5857; x_wconf 71' lang='grc' dir='ltr'><strong>⁸ο</strong></span> <span class='ocrx_word' id='word_1_895' title='bbox 709 5824 894 5877; x_wconf 72' lang='lat' dir='ltr'><strong>Matth.</strong></span> <span class='ocrx_word' id='word_1_896' title='bbox 929 5824 1027 5888; x_wconf 62' lang='lat'><strong>25?,</strong></span> <span class='ocrx_word' id='word_1_897' title='bbox 1059 5823 1126 5877; x_wconf 69' lang='grc'>54</span> <span class='ocrx_word' id='word_1_898' title='bbox 1156 5839 1270 5890; x_wconf 88' lang='lat' dir='ltr'><strong>seq.</strong></span> <span class='ocrx_word' id='word_1_899' title='bbox 1349 5821 1393 5853; x_wconf 74' lang='lat'>“</span> <span class='ocrx_word' id='word_1_900' title='bbox 1435 5820 1575 5875; x_wconf 83' lang='lat' dir='ltr'><strong>Psal.</strong></span> <span class='ocrx_word' id='word_1_901' title='bbox 1619 5833 1782 5886; x_wconf 72' lang='lat' dir='ltr'><strong>rem,</strong></span> <span class='ocrx_word' id='word_1_902' title='bbox 1815 5816 1866 5872; x_wconf 89' lang='lat'><strong>8.</strong></span> <span class='ocrx_word' id='word_1_903' title='bbox 1938 5816 1989 5849; x_wconf 75' lang='lat'>&quot;</span> <span class='ocrx_word' id='word_1_904' title='bbox 2027 5812 2322 5876; x_wconf 83' lang='lat' dir='ltr'><strong>Psal.xcn,</strong></span> <span class='ocrx_word' id='word_1_905' title='bbox 2357 5809 2408 5864; x_wconf 78' lang='lat'><strong>&#39;5.</strong></span> <span class='ocrx_word' id='word_1_906' title='bbox 2487 5809 2532 5842; x_wconf 79' lang='grc'><strong>’⁵³</strong></span> <span class='ocrx_word' id='word_1_907' title='bbox 2573 5807 2717 5862; x_wconf 81' lang='lat' dir='ltr'><strong>Psal.</strong></span> <span class='ocrx_word' id='word_1_908' title='bbox 2745 5820 2885 5869; x_wconf 86' lang='lat' dir='ltr'><strong>cm,</strong></span> <span class='ocrx_word' id='word_1_909' title='bbox 2921 5803 3011 5856; x_wconf 67' lang='lat'><strong>95.</strong></span> 
     </span>
    </p>
   </div>
  </div>
