4068 6404
319 393 460 450 “05

1446 395 1951 454 COMMENTARIA
1989 400 2056 455 IN
2087 398 2430 456 PSALMOS.

3425 401 3564 458 1106

314 509 484 573 ϐῶσι,
528 504 628 562 καὶ
677 506 752 561 τὰ
789 502 1148 573 δικαιώματά
1184 522 1303 574 μου
1332 506 1748 575 βεϐηλὼσωσι,
1795 508 1894 562 καὶ

1999 508 2252 563 mandata
2304 526 2420 562 mea
2469 526 2570 563 non
2619 509 3004 571 custodierint;
3050 510 3273 565 visitabo
3318 513 3375 567 in
3421 515 3564 585 virga

313 600 420 664 τὰς
438 594 694 661 ἐντολάς
716 612 834 664 μου
862 593 942 662 μὴ
981 592 1355 662 φυλάξωσιν,
1395 595 1793 666 ἐπισκέψομαι
1820 598 1889 651 ἐν

309 687 507 757 ῥάϐδῳ
555 687 664 750 τὰς
708 684 959 752 ἀνομίας
1003 681 1217 747 αὐτῶν,
1261 683 1359 737 καί
1401 685 1472 737 ἐν
1505 685 1750 753 μάστιξι
1784 685 1890 751 τὰς

313 779 550 842 ἀδικίας
576 773 795 828 αὐτῶν.
840 774 906 827 Τὸ
947 772 1016 824 δὲ
1067 773 1239 838 ἔλεός
1267 791 1386 842 μου
1417 776 1488 827 οὐ
1521 774 1607 843 μὴ
1652 774 1890 829 διασκε-

313 870 480 925 δάσω
506 867 607 922 ἀπ’
628 865 836 931 αὑτοῦ,
869 863 1009 918 οὐδὲ
1027 863 1113 932 μὴ
1152 864 1423 932 ἀδικήσω
1453 866 1524 918 ἑν
1548 865 1621 934 τῇ
1641 867 1891 934 ἀληθείᾳ

305 978 450 1032 μου.
482 957 635 1013 Οὐδὲ
657 957 742 1027 μὴ
767 956 1097 1023 βεϐηλώσω
1141 955 1256 1023 τὴν
1299 955 1592 1023 διαθήκην
1620 974 1761 1026 μου,
1792 958 1890 1011 καὶ

311 1051 384 1107 τὰ
431 1048 872 1118 ἐκπορευόμενα
922 1045 1021 1099 διὰ
1084 1047 1200 1099 τῶν
1244 1047 1492 1114 χειλέων
1535 1066 1654 1116 μου
1696 1051 1766 1102 οὐ
1801 1048 1888 1118 μὴ

311 1143 604 1210 ἀθετήσω.
642 1141 723 1194 Τὰ
750 1141 850 1210 μὲν
890 1139 1156 1210 εἰρημένα
1188 1141 1316 1209 περὶ
1345 1139 1438 1192 τοῦ
1466 1140 1640 1212 κέρως
1666 1141 1754 1194 διὰ
1781 1144 1889 1196 τῶν

311 1234 619 1308 ἔμπροσθεν
676 1233 1051 1302 πεπλήρωται.
1111 1230 1412 1284 Ἐδείκνυτο
1469 1232 1526 1284 δὲ
1582 1233 1747 1303 κέρας
1791 1234 1890 1286 οὐκ

311 1328 591 1397 ἀλλότριον
620 1328 714 1381 τοῦ
745 1327 809 1378 ὲκ
839 1323 1151 1393 σπέρματος
1170 1323 1329 1375 Δαυῒδ
1355 1324 1495 1377 κατὰ
1523 1325 1700 1394 σάρκα
1730 1342 1891 1396 γενη-

318 1419 503 1481 θέντος
538 1415 793 1488 Χριστοῦ.
831 1414 1033 1468 Τούτου
1084 1415 1128 1468 δ’
1155 1411 1276 1478 -οῦν,
1315 1414 1620 1478 ἀκολούθως
1655 1417 1791 1486 μετά
1821 1418 1890 1470 τὰ

313 1513 439 1584 περὶ
465 1508 627 1563 αὐτοῦ
654 1505 1074 1576 τεθεσπισμένα,
1102 1507 1200 1576 τὴν
1233 1507 1478 1578 διαδοχὴν
1511 1507 1596 1560 διὰ
1619 1509 1726 1561 τῶν
1758 1526 1891 1580 προ-

310 1603 598 1672 κειμένων,
654 1599 813 1652 ὁποία
863 1599 944 1662 τίς
983 1601 1117 1662 ἐστι,
1158 1600 1453 1669 παρίστησι
1479 1599 1733 1667 φάσκων·
1777 1602 1887 1670 Ούχ

309 1693 494 1757 ἁπλῶς
521 1695 602 1757 εἰς
630 1692 724 1745 ἕνα
760 1691 916 1763 μόνον
961 1691 1050 1743 τὸν
1094 1691 1332 1762 παρόντα
1382 1691 1570 1755 αἰῶνα,
1619 1691 1752 1744 ἀλλά
1795 1693 1889 1745 καὶ

310 1787 389 1849 εἰς
415 1785 508 1839 τὸν
553 1784 846 1854 μετέπειτα
884 1781 1053 1834 αἰῶνα
1087 1782 1176 1834 τοῦ
1211 1781 1406 1844 αἰῶνος
1436 1782 1497 1834 τὸ
1536 1783 1755 1869 σπέρμα
1797 1784 1886 1854 δη-

1997 601 2298 670 iniquitates
2340 617 2552 665 eorum,
2598 611 2646 654 et
2680 602 2734 653 in
2777 602 3068 656 verberibus
3110 615 3325 672 peccata
3361 623 3565 664 eorum,

1997 691 2422 746 Misericordiam
2468 703 2642 746 autem
2686 709 2856 747 meam
2899 712 3004 748 non
3045 696 3314 764 dissipabo
3361 700 3426 752 ab
3470 716 3563 761 eo.

1997 797 2157 851 neque
2187 782 2376 836 nocebo
2410 783 2464 834 in
2492 783 2714 837 veritate
2758 800 2874 837 mea
2900 801 2918 837 :
2959 802 3119 855 neque
3157 787 3452 856 profanabo
3493 800 3569 844 te-

1995 881 2316 925 stamentum
2345 889 2516 926 meum
2537 914 2551 938 ,
2581 883 2630 928 et
2665 891 2780 944 qua:
2806 875 3094 943 procedunt
3135 878 3198 932 de
3240 879 3395 935 labiis
3439 882 3565 936 meis

1997 979 2099 1015 non
2142 963 2341 1032 faciam
2388 965 2567 1019 irrita.
2614 965 2745 1032 Quae
2775 967 2841 1021 de
2873 983 3044 1022 cornu
3077 969 3224 1023 dicta
3259 971 3476 1027 fuerant
3511 974 3564 1026 in

1996 1055 2448 1124 praecedentibus,
2475 1060 2693 1127 impleta
2717 1059 2983 1116 feruntur.
3007 1061 3191 1116 Cornu
3219 1079 3378 1131 porro
3401 1064 3570 1136 signi-

1997 1144 2260 1199 ficabatur
2286 1163 2393 1200 non
2425 1147 2571 1202 aliud
2601 1164 2631 1202 a
2649 1150 2885 1216 Christo,
2910 1152 3001 1220 qui
3026 1153 3326 1208 secundum
3350 1169 3568 1210 carnem

1995 1253 2063 1292 ex
2091 1240 2296 1292 semine
2345 1238 2514 1292 David
2557 1251 2714 1295 natus
2756 1251 2861 1300 est.
2921 1243 3330 1315 Consequenter
3392 1254 3572 1301 autem

1997 1330 2061 1383 ad
2093 1330 2182 1384 illa
2215 1347 2336 1400 quae
2370 1333 2438 1386 de
2474 1335 2595 1402 ipso
2627 1333 2958 1388 vaticinatus
2986 1342 3137 1399 erat,
3169 1351 3418 1406 quaenam
3451 1338 3572 1406 ejus

1996 1423 2278 1477 successio
2310 1423 2491 1477 futura
2524 1425 2594 1478 sit
2628 1424 2869 1478 declarat
2902 1425 3089 1480 dicens
3121 1445 3134 1480 :
3167 1426 3284 1481 Non
3317 1429 3371 1482 in
3403 1444 3571 1482 unum

1995 1528 2237 1582 prresens
2267 1515 2526 1568 saeculum
2559 1515 2858 1581 duntaxat,
2894 1516 2987 1570 sed
3020 1518 3072 1570 in
3107 1519 3450 1589 subsequens
3475 1536 3574 1575 sa:-

1995 1607 2177 1660 culum
2211 1607 2418 1669 saeculi,
2465 1607 2750 1660 memorati
2791 1622 2964 1661 cornu
3009 1623 3196 1662 semen
3239 1624 3475 1678 ponam:
3521 1616 3576 1662 et

1995 1699 2252 1752 thronum
2286 1698 2438 1767 ejtls,
2474 1713 2584 1751 non
2617 1697 2683 1751 ad
2715 1713 2918 1767 paucos
2953 1696 3104 1764 dies,
3144 1714 3322 1768 neque
3354 1700 3422 1753 ad
3454 1700 3576 1754 ἕπεο

1994 1805 2088 1845 ves
2123 1806 2390 1843 annorum
2422 1788 2707 1859 periodos,
2741 1789 3084 1853 custodiam;
3121 1790 3213 1844 sed
3248 1789 3478 1845 efﬁciam
3516 1798 3576 1844 ut

309 1878 573 1940 λωθέντος
619 1875 796 1949 κέρως
845 1874 1080 1946 θήσομαι
1108 1890 1121 1903 ’
1165 1876 1260 1927 καὶ
1298 1873 1392 1926 τὸν
1419 1873 1604 1945 θρόνον
1633 1877 1796 1929 αὑτοῦ
1830 1879 1892 1930 οὐ

1998 1880 2189 1936 diebus
2213 1881 2336 1936 coeli
2368 1889 2699 1950 comquetur.
2733 1879 3095 1951 Symmachus
3126 1889 3306 1935 autem
3337 1882 3424 1937 his
3454 1898 3578 1937 ver-

309 1971 448 2043 πρὸς
497 1970 682 2038 ὀλίγας
725 1967 962 2038 ἡμέρας,
991 1965 1112 2018 οὐδὲ
1146 1967 1226 2029 εἰς
1260 1965 1396 2018 ἐτῶν
1428 1968 1705 2039 περιόδους
1757 1968 1891 2040 βρα-

310 2063 462 2133 χείας
495 2061 732 2132 φυλάξω,
769 2058 904 2112 ἀλλὰ
958 2061 1081 2120 ταῖς
1107 2058 1341 2128 ἡμέραις
1362 2057 1455 2111 τοῦ
1492 2059 1721 2130 ούρανοῦ
1755 2078 1892 2131 συμ-

313 2153 762 2229 παρεκτείνεσθαι
821 2151 1051 2221 ποιήσω.
1081 2150 1190 2202 Kal
1230 2151 1259 2201 ὁ
1303 2150 1596 2220 Σύμμαχος
1621 2151 1676 2204 δὲ
1722 2152 1893 2215 οῦτως

308 2252 654 2320 ἡρμήνευσεν
672 2245 861 2299 εἰπών·
897 2244 1008 2300 Καὶ
1035 2243 1266 2312 ποιήσω
1290 2242 1561 2311 διηνεκὲς
1581 2244 1643 2297 τὸ
1658 2245 1895 2313 σπέρμα

307 2341 518 2404 αὑτοῦ,
563 2340 663 2394 καὶ
692 2339 800 2393 τὸν
839 2339 1055 2406 θρόνον
1091 2336 1276 2391 αὑτοῦ
1301 2338 1391 2405 ἐφ’
1416 2336 1566 2391 ὅσον
1593 2340 1652 2390 αἱ
1680 2338 1894 2406 ἡμέραι

309 2433 415 2487 τοῦ
441 2431 723 2500 οὐρανοῦ.
755 2432 984 2502 Σπέρμα
1021 2429 1079 2482 δὲ
1119 2428 1213 2482 τοῦ
1266 2427 1502 2500 Χριστοῦ
1544 2428 1596 2480 τί
1620 2427 1723 2499 χρὴ
1753 2432 1894 2482 νοεῖν

309 2525 342 2593 ἢ
364 2523 465 2586 τὰς
514 2523 635 2577 καθ’
680 2521 808 2592 ὅλης
838 2522 934 2590 τῆς
965 2520 1287 2590 οἰκουμένης
1325 2517 1669 2581 συνεστώσας
1700 2518 1758 2583 ἐξ
1801 2520 1896 2573 αὐ-

308 2615 402 2669 τοῦ
433 2614 777 2685 Ἐκκλησίας,
803 2616 898 2666 καὶ
916 2615 1042 2675 τοὺς
1065 2615 1123 2666 ὲν
1150 2613 1280 2665 πᾶσι
1309 2615 1416 2674 τοῖς
1441 2611 1649 2665 ἔθνεσιν
1675 2612 1896 2680 ἀναγεν-

310 2706 573 2776 νηθέντας
609 2704 760 2775 αὐτῷ
800 2703 994 2768 λαούς;
1046 2703 1236 2774 θρόνος
1280 2703 1338 2756 δὲ
1385 2701 1548 2755 αὐτοῦ
1590 2701 1843 2771 τυγχάνει
1868 2704 1896 2754 ὁ

312 2798 453 2852 κατὰ
481 2799 580 2869 τὴν
625 2797 948 2867 Ἐκκλησίαν
993 2793 1154 2849 αὑτοῦ
1186 2795 1307 2848 καθ’
1343 2795 1470 2865 ὅλης
1509 2793 1609 2863 τῆς
1645 2794 1898 2864 οἰκουμέ-

310 2909 410 2963 νης
433 2890 523 2944 διὰ
542 2890 650 2943 τῶν
683 2888 742 2954 ἐξ
762 2888 926 2942 αὑτοῦ
977 2888 1118 2941 κατὰ
1150 2886 1399 2957 διαδοχὴν
1438 2887 1715 2958 προέδρων
1749 2887 1894 2958 ἱδρυ-

313 2985 474 3056 μένος
492 2999 505 3012 ·
535 2983 715 3036 ὅντινα
738 2980 924 3052 θρόνον
951 2980 1224 3050 διαμένειν
1257 2979 1420 3050 φησὶν
1463 2978 1538 3042 ὡς
1565 2979 1664 3041 τὰς
1684 2979 1896 3050 ἡμέρας

307 3075 402 3128 τοῦ
442 3073 711 3146 ούρανοῦ·
753 3074 850 3143 οὐχ
914 3072 1116 3143 ὁμοίως
1168 3069 1247 3141 τῷ
1311 3070 1578 3125 Ἰουδαίων
1634 3071 1897 3142 βασιλικῷ

310 3165 504 3237 θρόνῳ,
567 3165 625 3230 ὃς
671 3167 758 3218 ἐπ’
806 3164 970 3235 ὀλίγῳ
1018 3164 1336 3235 διαρκέσας,
1367 3164 1700 3236 ἀπεσϐέσθη,
1733 3165 1897 3234 ἐγγύς

311 3276 414 3312 που
471 3257 765 3328 φυλαχθεὶς
809 3256 1186 3328 τετρακοσίοις
1235 3257 1415 3326 μόνοις
1453 3255 1618 3319 ἔτεσι,
1645 3259 1759 3319 τοῖς
1792 3257 1898 3309 ἀπὸ

307 3348 403 3400 τοῦ
462 3347 624 3401 Δαυῖδ
672 3349 764 3400 καὶ¹
800 3349 892 3401 ἐπὶ
925 3347 1023 3419 τὴν
1066 3349 1146 3412 εἰς
1180 3346 1478 3401 Βαϐυλῶνα
1503 3347 1897 3418 αἰχμαλωσίαν.

308 3432 481 3503 Οὗτος
535 3439 592 3492 δὲ
647 3442 676 3493 ὁ
725 3438 914 3512 παρὼν
959 3439 1218 3507 θρόνος,ὀ
1251 3438 1339 3491 διὰ
1367 3438 1475 3492 τῶν
1519 3439 1898 3510 προκειμένων

309 3531 700 3602 θεσπιζόμενος
725 3531 833 3584 τῶν
860 3534 957 3602 τῆς
1002 3531 1332 3602 Ἐκκλησίας
1374 3531 1675 3603 προέδρων,
1709 3531 1901 3602 διαμε-

307 3627 388 3677 νεῖ
403 3624 497 3678 καὶ
525 3624 924 3696 φυλαχθήσεται
958 3624 1160 3695 ὁμοίως
1185 3626 1308 3687 ταῖς
1354 3622 1589 3695 ἡμέραις
1613 3622 1709 3676 τοῦ
1737 3625 1797 3677 οὐ
1809 3642 1901 3696 ρα-

308 3716 420 3771 νοῦ.
464 3717 529 3770 Εἰ
579 3717 634 3770 δὲ
680 3717 923 3788 συμϐαίη
964 3716 1097 3770 ποτὲ
1131 3716 1475 3788 πλημμελεῖν
1530 3715 1620 3769 τὸν
1653 3717 1780 3771 λαὸν
1807 3719 1900 3770 καὶ

308 3809 435 3872 τοὺς
466 3809 616 3872 υἱοὺς
643 3808 736 3862 τοῦ
771 3808 1274 3879 προφητευομένου,
1305 3809 1448 3877 λέγω
1477 3809 1534 3861 δὲ
1572 3811 1698 3872 τοὺς
1721 3810 1898 3863 διαδό-

310 3917 439 3971 χους
495 3901 682 3966 αὐτοῦ,
725 3901 1159 3973 πειραθήσεσθαι
1210 3902 1308 3971 μὲν
1340 3901 1534 3963 αὐτοὺς
1562 3902 1898 3973 ἐπιστροφῆς

305 3994 409 4063 τῆς
438 3992 526 4046 διὰ
539 3993 648 4047 τῶν
681 3993 936 4064 διωγμῶν
963 4011 1115 4064 φησι,
1152 3994 1224 4065 μὴ
1262 3993 1744 4064 μὴν-ἐκπεσεῖσθαί
1769 4011 1898 4045 ποτε

236 4123 239 4125 -
309 4087 416 4140 τῶν
435 4085 657 4157 θρόνων,
683 4087 817 4158 μηδὲ
836 4085 1264 4158 στερηθήσεσθαι
1294 4087 1386 4140 τοῦ
1405 4087 1589 4149 ἐλέους
1617 4085 1711 4138 τοῦ
1740 4086 1894 4140 Θεοῦ.

322 4176 448 4232 Ἐὰν
472 4178 580 4248 γὰρ
595 4178 719 4232 τάδε
742 4179 836 4232 καὶ
850 4179 976 4232 τάδε
992 4179 1266 4249 πράξωσιν
1283 4180 1330 4230 οἱ
1345 4179 1450 4230 υἱοὶ
1466 4177 1651 4240 αὐτοῦ,
1675 4175 1832 4247 δῆλον
1855 4177 1899 4229 δ’

309 4271 393 4323 ὅτι
417 4269 510 4323 τοῦ
543 4269 804 4342 Χριστοῦ,
823 4270 948 4323 τάδε
979 4269 1194 4322 ἔσεσθαι
1210 4271 1393 4332 αὐτοῖς
1410 4285 1590 4340 φησιν·
1621 4269 1899 4323 Ἐπισκέ-

309 4367 498 4434 ψομαι
514 4365 584 4417 ἐν
593 4363 792 4433 ῥάϐδῳ
807 4365 913 4431 τὰς
925 4364 1174 4433 ἀνομίας
1187 4351 1606 4435 αὑτῶν,δηλαδὴ
1622 4363 1728 4417 τῶν
1745 4362 1896 4426 υἱῶν,

311 4457 758 4528 καὶένμάστιξι
812 4458 918 4524 τὰς
966 4457 1200 4522 ἀδικίας
1244 4455 1473 4510 αὐτῶν·
1507 4458 1572 4510 τὸ
1625 4456 1694 4509 δὲ
1723 4457 1898 4521 ἔλεός

307 4565 424 4617 μου
458 4550 531 4602 οὐ
554 4546 640 4618 μὴ
676 4547 1056 4602 διασκεδάσω
1099 4547 1199 4601 ἀπ’
1239 4547 1445 4601 αὐτοῦ.
1496 4547 1606 4600 Kal
1638 4546 1894 4617 πρόσχες,

310 4641 392 4692 ὅτι
424 4639 498 4710 μὴ
528 4640 761 4711 εἴρηται,
801 4639 903 4693 ἀπ’
924 4638 1142 4703 αὐτῶν,
1177 4639 1315 4704 ἀλλ’,
1359 4639 1462 4693 ἀπ’
1495 4638 1702 4702 αὐτοῦ,
1737 4636 1894 4708 δῆλον

309 4732 390 4784 ὅτι
422 4731 516 4784 τοῦ
551 4731 1056 4802 προφητευομένου,
1107 4729 1285 4783 καίτοι
1321 4727 1430 4782 τῶν
1463 4729 1721 4799 ἀνωτέρω
1754 4728 1890 4800 πλη-

313 4819 578 4884 θυντικῶς
630 4821 952 4892 εἰρημένων,
1002 4819 1144 4874 κατὰ
1200 4820 1294 4883 τὸ,
1351 4819 1783 4890 Ἐπισκέψομαι
1826 4821 1896 4874 ἐν

305 4915 507 4983 ῥάϐδῳ
560 4917 667 4983 τὰς
716 4917 967 4986 ἀνομίας
995 4915 1213 4981 αὐτῶν,
1259 4916 1356 4970 καὶ
1402 4915 1471 4968 ἐν
1495 4915 1741 4984 μάστιξι
1787 4916 1895 4981 τὰς

313 5007 549 5074 ἀδικίας
577 5007 795 5062 αὐτῶν.
828 5009 1001 5062 Τίνων
1024 5009 1079 5062 δὲ
1115 5009 1314 5070 αὐτῶν,
1337 5007 1370 5078 ἢ
1397 5007 1638 5077 δηλονότι
1669 5007 1775 5061 τῶν
1800 5007 1895 5059 τοῦ

314 5101 491 5172 κέρως
526 5100 688 5166 υἱῶν;
732 5102 821 5154 Ἐν
852 5101 909 5154 δὲ
939 5101 1036 5172 τῷ,
1082 5102 1146 5154 τὸ
1178 5102 1350 5167 ἔλεός
1379 5118 1498 5169 μου
1519 5102 1589 5153 οὐ
1625 5099 1711 5169 μὴ
1769 5099 1893 5153 δια-

313 5191 593 5248 σκεδάσω
639 5193 740 5246 ἀπ’
787 5191 994 5258 αὐτοῦ,
1033 5194 1159 5266 περὶ
1190 5193 1307 5256 ἑνὸς
1345 5193 1612 5256 λέλεκται,
1663 5194 1780 5265 ἤτοι
1799 5192 1893 5246 τοῦ

314 5281 505 5355 θρόνου
531 5285 564 5356 ἢ
593 5284 688 5338 τοῦ
725 5285 903 5356 κέρως
929 5285 1022 5339 τοῦ
1053 5286 1549 5358 προφητευομένου.
1580 5285 1686 5338 Kal
1711 5285 1894 5338 ἐπιλέ-

316 5392 404 5444 γει
433 5375 584 5446 ἑξῆς·
615 5376 770 5430 Οὐδὲ
801 5376 887 5446 μὴ
925 5377 1256 5444 ,ϐεϐηλώσω
1293 5378 1410 5445 τὴν
1437 5377 1730 5448 διαθήκην
1751 5396 1892 5446 μου,

316 5465 473 5536 δῆλον
511 5468 592 5520 ὅτι
639 5468 736 5538 τὴν
773 5468 900 5522 νέαν
935 5469 1028 5521 καὶ
1060 5471 1272 5540 καινὴν,
1332 5470 1460 5542 περὶ
1519 5466 1586 5541 ἦς
1641 5471 1898 5540 ἀνωτέρω

320 5558 489 5628 ἔφησε
546 5559 627 5623 τὸ,
683 5559 792 5613 Καὶ
831 5561 868 5627 ὴ
909 5559 1163 5627 διαθήκη
1204 5579 1324 5628 μου
1369 5560 1555 5628 πιστὴ
1585 5555 1760 5627 αὐτῷ.
1790 5561 1898 5613 Kal

318 5647 482 5703 πάλιν
511 5651 962 5723 ὲπισφραγίζεται
989 5652 1082 5705 τοῦ
1106 5652 1262 5719 λόγου
1284 5655 1382 5722 τὴν
1433 5652 1688 5723 ἀλήθειαν
1716 5651 1884 5706 εἰπών
1922 5669 1934 5681 ·

1998 1970 2081 2024 bis
2114 1970 2502 2039 interpretatus
2534 1979 2654 2034 est,
2708 1968 2772 2021 Et
2815 1969 3017 2034 faciam
3057 1981 3362 2039 perpetuum
3403 1988 3578 2042 semen

1995 2061 2108 2130 ejus
2133 2101 2146 2125 ,
2177 2072 2225 2114 et
2261 2060 2505 2114 thronum
2528 2061 2643 2130 ejus
2665 2101 2678 2125 ,
2711 2061 2767 2113 in
2789 2070 3042 2130 quantum
3073 2062 3183 2116 dies
3210 2064 3344 2117 caeli.
3381 2062 3576 2118 Semen

1996 2161 2174 2208 autem
2207 2154 2412 2209 Christi
2444 2155 2574 2224 quid
2605 2170 2726 2209 esse
2760 2155 3060 2223 putandum
3089 2164 3200 2218 cst,
3235 2157 3342 2215 nisi
3391 2155 3579 2212 Eccle-

1996 2247 2108 2301 sias
2138 2263 2236 2317 per
2262 2255 2434 2301 totum
2467 2247 2654 2302 orbem
2689 2245 2756 2300 ab
2785 2248 2878 2300 illo
2903 2249 3258 2310 constitutas,
3280 2259 3334 2303 et
3361 2264 3454 2304 eos
3485 2250 3578 2319 qui

1996 2336 2052 2389 in
2078 2337 2333 2392 omnibus
2353 2337 2608 2408 gentibus
2636 2339 2943 2407 regenerati
2971 2340 3024 2393 in
3052 2340 3173 2408 ipso
3202 2341 3388 2409 populi
3410 2350 3536 2394 sunt
3557 2343 3581 2392 τ

1998 2427 2253 2483 ΤΙΙΙ¹ΟΠ118
2294 2444 2427 2483 vero
2472 2428 2594 2498 ejus
2625 2438 2742 2494 est,
2780 2424 2874 2500 qui
2907 2433 2960 2485 in
2996 2430 3238 2486 Ecclesia
3271 2432 3448 2501 ipsius
3481 2446 3580 2502 per

1997 2527 2171 2574 totum
2203 2521 2392 2575 orbem
2442 2522 2770 2591 praesulum,
2807 2523 2899 2592 qui
2946 2539 2975 2577 a
3023 2533 3262 2594 tempore
3304 2525 3424 2590 ejus
3465 2523 3581 2579 fue-

1998 2621 2161 2678 runt,
2214 2615 2571 2669 successione
2621 2614 2870 2671 ﬁrmatus
2920 2626 3042 2671 est:
3103 2631 3264 2686 quem
3325 2616 3579 2669 thronum

1999 2717 2474 2777 perseveraturum
2520 2707 2594 2760 ait
2641 2708 2788 2761 sicut
2830 2707 2947 2762 dies
2991 2708 3156 2773 caeli;
3195 2723 3304 2761 non
3353 2707 3580 2776 perinde

1998 2807 2162 2869 atque
2199 2797 2512 2852 Iudaeorum
2555 2798 2765 2868 regium
2810 2798 3102 2862 thronum,
3149 2797 3242 2867 qui
3286 2805 3580 2867 postquam

1999 2890 2216 2944 modico
2263 2899 2509 2958 tempore
2563 2888 2822 2943 durasset
2879 2889 3134 2959 (scilicet
3171 2889 3330 2942 annis
3361 2888 3582 2941 circiter

2000 2981 2446 3052 quadringentis,
2479 2996 2509 3034 a
2545 2981 2746 3036 Uavide
2777 2996 2950 3050 usque
2997 2981 3064 3034 ad
3099 2979 3482 3050 captivitatem
3527 2979 3584 3034 in

2001 3074 2273 3144 Babylone
2299 3075 2316 3144 )
2339 3073 2645 3128 exstinctus
2673 3080 2776 3128 est.
2813 3073 2882 3126 At
2911 3073 3000 3126 hic
3025 3073 3258 3127 thronus
3290 3074 3584 3143 prmsulum

2002 3165 2259 3221 Ecclesia:
2279 3204 2293 3229 ,
2326 3165 2416 3235 qui
2447 3166 2498 3218 in
2524 3165 2776 3235 praesenti
2801 3165 3057 3220 vaticinio
3081 3162 3274 3229 fertur,
3301 3177 3584 3233 permane-

2007 3257 2087 3313 bit
2114 3273 2178 3312 ac
2200 3257 2620 3313 conservabitur
2639 3258 2782 3312 sicut
2803 3256 2921 3312 dies
2943 3256 3089 3310 cmli.
3118 3254 3272 3321 Quod
3295 3257 3340 3310 si
3364 3255 3584 3326 quando

2005 3350 2297 3419 contigerit
2328 3349 2584 3419 populum
2629 3359 2684 3403 et
2723 3347 2897 3408 filios,
2939 3347 3148 3401 scilicet
3190 3361 3581 3409 successores,

2004 3441 2127 3511 ejus
2154 3441 2247 3510 qui
2279 3440 2332 3494 in
2367 3439 2652 3510 prOphetia
2683 3438 3033 3502 enuntiatur,
3081 3438 3349 3492 scelerate
3391 3451 3582 3506 agere.

2004 3535 2154 3604 ipsos
2189 3534 2262 3586 ait
2295 3533 2771 3602 persecutionibus
2800 3530 3064 3602 agitatas,
3117 3544 3301 3584 rerum
3355 3543 3586 3583 conver-

2004 3631 2212 3685 sionem
2230 3640 2550 3699 experturos
2569 3669 2583 3692 ,
2609 3643 2785 3698 neque
2810 3635 2991 3682 tamen
3013 3629 3242 3690 thronos
3265 3640 3396 3681 suos
3421 3625 3589 3678 amis-

2006 3736 2166 3776 suros
2214 3735 2452 3789 unquam
2475 3760 2488 3783 ,
2534 3735 2710 3789 neque
2750 3719 3126 3774 misericordia
3161 3716 3254 3772 Dei
3287 3715 3586 3786 privandos

2004 3828 2144 3867 esse.
2168 3810 2300 3864 Nam
2325 3814 2368 3866 si
2403 3812 2530 3864 talia
2555 3819 2610 3864 et
2632 3811 2760 3863 talia
2789 3810 3094 3880 peregerint
3113 3809 3204 3862 filii
3229 3808 3369 3877 ejus,
3393 3821 3589 3876 nempe

2003 3907 2229 3968 Christi,
2248 3909 2359 3959 haec
2375 3905 2480 3959 illis
2501 3911 2761 3958 eventura
2781 3903 3068 3957 denuntiat
3093 3899 3360 3955 :Visitabo
3375 3900 3428 3952 in
3443 3899 3589 3969 virga

2003 4000 2308 4067 iniquitates
2347 4014 2526 4051 eorum
2550 4037 2564 4056 ,
2595 3995 2846 4049 videlicet
2878 3992 3110 4046 filiorum
3133 4033 3147 4055 ,
3178 4002 3225 4044 et
3268 3992 3323 4044 in
3361 3989 3588 4045 verberi-

2004 4091 2097 4143 bus
2121 4084 2340 4159 peccata
2367 4106 2547 4143 eorum
2567 4105 2587 4142 :
2618 4085 3036 4141 misericordiam
3072 4094 3246 4138 autem
3275 4101 3444 4138 meam
3480 4099 3583 4136 non

2002 4178 2271 4249 dissipabo
2296 4179 2360 4232 ab
2390 4195 2466 4232 eo.
2493 4177 2561 4231 Et
2591 4177 2837 4231 attendas
2866 4175 3030 4230 velim
3060 4190 3170 4227 non
3199 4173 3402 4227 dictum
3441 4188 3582 4235 esse,

2004 4275 2072 4328 ab
2111 4273 2222 4335 eis;
2257 4271 2352 4326 sed
2384 4269 2448 4323 ab
2480 4285 2559 4334 eo,
2584 4268 2636 4322 id
2669 4277 2772 4334 est,
2826 4265 2920 4336 qui
2968 4266 3023 4319 in
3063 4264 3347 4335 prophetia
3380 4263 3587 4332 fertur;

2002 4365 2214 4420 etiamsi
2274 4364 2527 4432 superius
2559 4359 2843 4429 pluraliter
2873 4359 3089 4412 dicatur
3135 4358 3288 4422 illud,
3350 4357 3587 4412 Visitabo

2003 4459 2059 4511 in
2110 4458 2255 4526 uirga
2309 4454 2616 4524 iniquitates
2643 4467 2845 4513 eorum,
2881 4459 2930 4504 et
2952 4451 3008 4503 in
3045 4449 3342 4504 verberibus
3374 4459 3590 4518 peccata

1931 4581 1974 4634 ο
2002 4567 2203 4605 eorum.
2255 4546 2632 4613 Quorumnam
2683 4559 2895 4608 eorum,
2929 4543 3038 4599 nisi
3067 4559 3239 4598 cornu
3270 4542 3417 4597 illius
3449 4542 3588 4595 tilio-

1999 4639 2159 4694 rum?
2190 4637 2246 4691 In
2277 4639 2369 4691 illo
2395 4643 2600 4700 autem,
2633 4635 3054 4689 misericordiam
3087 4650 3256 4687 meam
3287 4648 3388 4685 non
3423 4631 3586 4684 dissi—

1997 4732 2130 4802 pabo
2163 4731 2226 4784 ab
2257 4747 2336 4795 eo,
2375 4729 2443 4784 de
2463 4744 2572 4784 uno
2610 4735 2818 4782 tantum
2846 4727 3067 4789 dicitur,
3100 4725 3309 4781 scilicet
3343 4725 3411 4780 de
3438 4736 3590 4780 tur-i—

1999 4842 2090 4890 no,
2123 4834 2215 4879 aut
2242 4825 2308 4880 de
2337 4840 2507 4878 cornu
2538 4822 2658 4891 ejus
2693 4821 2786 4890 qui
2826 4822 2877 4873 in
2910 4819 3193 4888 prophetia
3227 4824 3580 4871 memoratur.

1999 4917 2166 4971 Infert
2200 4923 2410 4986 postea,
2450 4912 2630 4980 Neque
2658 4909 2953 4980 profanabo
2982 4915 3354 4962 testamentum
3389 4921 3582 4967 meum,
3619 4949 3640 4958 -

1999 5024 2202 5064 novum
2251 5008 2462 5062 scilicet
2503 5004 2634 5058 illud
2692 5013 2745 5058 et
2795 5018 3008 5065 recens,
3047 5007 3107 5053 ut
3165 4999 3344 5070 palam
3374 5005 3478 5058 est,
3515 4995 3583 5050 de

2001 5115 2112 5170 quo
2150 5099 2402 5169 superius
2436 5097 2654 5152 dicebat
2689 5115 2700 5148 :
2737 5093 2806 5145 Et
2835 5102 3201 5146 testamentum
3235 5106 3407 5143 meum
3433 5087 3590 5158 ﬁdet:

2003 5194 2124 5261 ipsi.
2172 5191 2250 5245 Ac
2304 5205 2522 5244 rursum
2572 5187 2841 5242 sermonis
2888 5185 3170 5239 veritatem
3219 5182 3474 5251 obsignat
3506 5180 3590 5233 di-

2003 5297 2172 5336 cens:
2207 5280 2388 5350 Neque
2417 5280 2607 5332 nocebo
2643 5277 2697 5328 in
2730 5274 2946 5327 veritate
2968 5287 3104 5333 mea,
3137 5285 3228 5322 nec
3259 5283 3376 5338 qut:
3404 5279 3588 5336 proce-

2003 5374 2135 5428 dunt
2157 5374 2219 5427 de
2253 5373 2405 5426 labiis
2435 5371 2559 5423 meis
2583 5371 2779 5439 faciam
2807 5369 2995 5430 irrita;
3026 5364 3120 5418 sed
3151 5361 3352 5426 ﬁdelia,
3385 5359 3583 5427 inquit,

2004 5476 2056 5521 et
2089 5482 2212 5522 vera
2257 5465 2448 5518 faciam
2489 5462 2758 5532 promissa
2796 5474 2936 5526 mea,
2973 5458 3180 5513 addens
3239 5452 3584 5510 sermonibus

2005 5573 2170 5628 opera
2201 5570 2493 5623 rerumque
2525 5553 2943 5621 complementa.

1990 5650 2141 5705 Οὐδὲ
2192 5649 2276 5718 μὴ
2327 5646 2594 5712 ἀδικήσω
2633 5646 2701 5698 ἐνν
2730 5643 2805 5711 τῇ
2849 5642 3098 5709 ἀληθείῃ
3141 5658 3280 5709 μου,
3326 5635 3469 5692 οὐδὲ
3513 5631 3586 5690 τὰ

320 5740 766 5811 ιιι-πορευόμενα
808 5742 904 5796 διὰ
930 5741 1047 5796 τῶν
1103 5745 1354 5812 χειλέων
1372 5761 1491 5813 μου
1532 5747 1601 5797 οὐ
1637 5743 1722 5813 μὴ
1774 5743 2064 5809 ἀθετήσω
2099 5741 2234 5795 ἀλλὰ
2267 5739 2431 5794 πιστά
2483 5737 2576 5793 καὶ
2629 5735 2824 5807 ἀληθῆ,
2871 5733 3024 5805 φησὶ,
3071 5734 3283 5803 ποιήσω
3302 5729 3370 5786 τὰ
3414 5731 3586 5799 ἐπηγ-

322 5831 582 5904 γελμένα,
603 5834 811 5899 ἐπιθεὶς
839 5839 947 5901 τοῖς
971 5836 1149 5907 λόγοις
1195 5838 1331 5911 ἔργα
1353 5838 1418 5891 δι’
1448 5839 1624 5894 αὐτῶν
1649 5838 1758 5894 τῶν
1787 5836 2259 5908 ἀποτελεσμάτων.
