4068 6394
458 363 599 422 “01

1136 350 1406 412 EUSEBII
1448 349 1925 441 CESABIENSIS
1957 348 2043 404 ΟΡ

2147 346 2320 402 PARS
2359 341 2447 399 111.
2489 368 2543 381 -α
2598 334 3006 394 EXEGETICA.

3550 325 3696 381 ΗΘΒ

530 479 595 532 Et
640 478 753 532 haec
804 474 1019 546 quidem
1060 473 1295 542 taliaque
1346 480 1473 527 sunt
1506 470 1695 526 Davidi
1725 471 1849 524 data
1894 484 2019 539 pro-

2191 466 2300 518 Καὶ
2353 462 2420 515 τὰ
2475 460 2571 532 μὲν
2606 458 2710 511 τῶν
2740 456 2872 527 πρὸς
2899 453 2989 506 τὸν
3026 449 3186 503 Δαυῒδ
3221 443 3559 514 ἐπαγγελιῶν
3592 443 3705 495 τῶν

459 574 624 627 missa
650 571 715 625 de
730 585 898 624 cornu
918 577 969 623 et
989 567 1056 622 de
1084 567 1282 621 throno
1308 566 1527 633 ejus,ac
1556 564 1623 619 de
1644 563 1713 619 iis
1748 562 1839 631 qui
1868 563 1935 615 ab
1961 575 2028 615 eo

460 663 726 735 prodituri
770 668 917 726 sunt,
946 673 1164 714 necnon
1209 656 1277 711 de
1320 656 1476 711 Novo
1504 654 1855 711 Testamento
1886 652 2026 722 ejus.

457 756 596 823 Quia
622 769 753 809 vero
782 754 919 808 tales
972 752 1413 822 pollicitationes,
1446 764 1555 804 non
1613 747 1849 817 simplici
1891 759 2030 815 quo—

457 846 582 901 dam
631 853 686 900 et
731 845 877 899 nudo
918 858 1170 899 sermone
1216 845 1459 914 prolatas
1493 841 1765 895 :estimare
1808 846 2027 907 oporte-

459 934 573 997 bat,
612 936 804 988 iterum
853 933 1081 987 resumit
1132 947 1196 986 ac
1254 932 1421 986 verba
1465 930 1683 1000 repetit,
1716 935 1769 983 et
1812 928 1878 981 ad
1904 942 2032 998 pro-

458 1025 751 1079 missorum
777 1023 1242 1077 conlirmationem
1261 1038 1320 1077 ea
1342 1020 1701 1091 jurejurando
1721 1018 2028 1089 consignat,

458 1129 581 1169 cum
605 1115 680 1167 ait
703 1112 955 1168 z—Vens.
982 1112 1175 1167 56οὸ8.
1199 1111 1367 1166 Semel
1389 1113 1570 1181 juravi
1590 1112 1645 1164 in
1667 1111 1866 1166 Sancto
1896 1127 2029 1178 meo,

463 1206 507 1258 εἰ
533 1204 702 1259 Dauid
727 1206 971 1267 mentiar,
1000 1217 1172 1258 semen
1210 1204 1323 1273 ejus
1352 1205 1409 1257 in
1443 1213 1696 1258 internum
1718 1202 2031 1267 manebit,et

460 1295 679 1349 thronus
706 1296 817 1365 ejus
846 1297 982 1349 sicut
1012 1296 1091 1349 sol
1121 1298 1174 1349 in
1207 1307 1480 1365 conspectu
1512 1313 1645 1360 meo,
1677 1306 1728 1349 et
1748 1296 1882 1349 sicut
1905 1295 2032 1349 luna

459 1387 688 1457 perfecta
728 1388 785 1439 in
825 1396 1079 1440 wternum
1111 1403 1129 1440 :
1160 1397 1208 1440 et
1244 1389 1391 1441 testis
1420 1388 1475 1441 in
1503 1388 1630 1441 caelo
1672 1386 1865 1456 ﬁdelis.
1900 1386 2033 1440 Dia—

459 1480 687 1547 psalma.
730 1477 992 1532 Mendacii
1021 1477 1240 1547 quidem
1274 1494 1470 1547 expers
1506 1478 1649 1533 Deus
1681 1485 1787 1543 est,
1817 1478 2033 1533 etiamsi

464 1573 879 1642 promissionem
927 1572 1239 1640 iuramento
1296 1586 1406 1625 non
1445 1572 1655 1625 muniat
1689 1591 1701 1625 :
1734 1571 1862 1641 quia
1903 1585 2035 1626 vero

463 1664 711 1718 homines
740 1662 1043 1733 alloquens,
1075 1677 1211 1733 opus
1242 1673 1359 1717 erat
1386 1670 1443 1717 ut
1469 1662 1708 1717 humano
1727 1664 1836 1716 ritu
1857 1671 2036 1717 utere-

2132 554 2258 623 περὶ
2293 551 2387 604 τοῦ
2449 550 2626 619 κέρως
2668 547 2761 599 καὶ
2793 545 2884 597 τοῦ
2914 542 3103 614 θρόνου
3142 538 3328 599 αὑτοῦ,
3354 536 3479 604 περί
3499 551 3557 586 τε
3589 534 3698 585 τῶν

2126 645 2183 710 ἐξ
2211 643 2374 696 αὑτοῦ
2402 638 2783 711 γενησομένων
2806 636 2902 688 καὶ
2932 634 3029 703 τῆς
3059 630 3269 698 Καινῆς
3302 626 3577 697 Διαθήκης
3602 624 3705 676 a6-

2130 734 2222 788 τοῦ
2276 732 2536 786 τοσαῦτα.
2605 729 2756 781 Ἐπεὶ
2790 724 2846 779 δὲ
2873 723 3041 795 ἐχρῆν
3070 722 3167 785 τὰς
3195 717 3447 780 τοιαύτας
3466 718 3703 784 ἐπαγγε-

2129 827 2248 889 λίας
2284 826 2357 897 μὴ
2391 822 2548 893 ἁπλῷ
2584 836 2691 875 τινι
2721 819 2814 873 καὶ
2841 816 2981 887 ψιλῷ
3003 814 3145 883 λόγῳ
3164 809 3579 884 προενηνοχέναι
3611 825 3702 861 νο-

2133 916 2330 989 μίζειν,
2363 913 2516 979 αὖθις
2557 911 2997 982 ἐπαναλαμϐάνει
3018 908 3112 960 καὶ
3146 904 3475 974 ἐπιδευτεροῖ
3506 901 3596 953 τὸν
3616 901 3707 951 λόε-

2130 1028 2247 1079 γον,
2275 1011 2423 1081 ὅρκῳ
2448 1003 2971 1077 ἐπισφραγιζόμενος
2985 1000 3053 1053 τὰ
3084 996 3348 1069 εἰρημένα.
3376 995 3455 1057 είς
3477 992 3707 1062 βεϐαίω-

2134 1120 2217 1156 σιν
2238 1102 2346 1154 τῶν
2378 1097 2819 1171 ἐπηγγελμένων.
2853 1093 2942 1146 Διό
2969 1108 3130 1162 φησιν
3147 1107 3160 1119 ·
3202 1086 3389 1151 Ἄπαε
3410 1085 3614 1156 ὤμοσα
3636 1085 3709 1137 ἐν

2132 1193 2211 1260 τῷ
2226 1194 2385 1263 Ἀγίῳ
2431 1208 2571 1261 μου,
2601 1193 2654 1244 εὶ
2680 1188 2760 1254 τῷ
2787 1184 2967 1241 Δαυῒδ
2998 1185 3320 1252 ψεύσομαι,
3364 1179 3431 1232 τό
3468 1177 3714 1245 σπέρμα
3796 1252 3807 1265 .

2132 1282 2316 1338 αὐτοῦ
2339 1284 2425 1347 εἰς
2450 1280 2555 1333 τὸν
2568 1277 2753 1332 αἰῶνα
2778 1276 2942 1346 μένει
2963 1276 3061 1344 (l),
3088 1274 3185 1326 καὶ
3210 1274 3244 1326 ό
3273 1272 3485 1338 θρόνος
3519 1267 3711 1322 αὐτοῦ

2132 1376 2212 1440 ὡς
2248 1377 2281 1427 ό
2304 1373 2476 1440 ἣλιος
2496 1370 2773 1423 ἐναντίον
2778 1384 2917 1436 μου,
2936 1364 3034 1418 καί
3062 1364 3141 1428 ὡς
3163 1361 3200 1429 ἡ
3229 1359 3461 1426 σελήνη
3496 1373 3713 1424 κατηρ-

2134 1465 2385 1535 τισμένη
2418 1466 2503 1529 εις
2528 1462 2636 1515 τὸν
2663 1459 2850 1513 αἰῶνα
2870 1472 2885 1486 ·
2935 1456 3033 1509 καὶ
3074 1458 3107 1508 ό
3151 1443 3718 1522 μάρτυςὲνοῠρανῷ

2139 1558 2373 1623 πιστός.
2399 1555 2731 1623 Διάψαλμα.
2772 1549 3029 1620 Ἀψευδὴς
3062 1546 3158 1617 μέν
3198 1547 3343 1598 ἐστιν
3370 1546 3398 1596 6
3429 1542 3581 1605 Θεὸς,
3616 1543 3715 1595 καὶ

2136 1650 2399 1720 ἀνωμότῳ
2423 1645 2701 1719 χρώμενος
2738 1645 2803 1714 τῇ
2839 1638 3172 1708 ἐπαγγελίᾳο
3208 1637 3327 1689 ἐπεὶ
3363 1635 3419 1687 δὲ
3446 1632 3614 1704 ἐχρῆν
3636 1632 3721 1693 ὡς

464 1762 573 1819 tur,
606 1753 907 1809 secundum
962 1769 1166 1809 morem
1219 1754 1499 1808 hominum
1532 1754 1856 1822 iurantium,
1882 1761 1935 1809 et
1964 1753 2031 1808 ad

2147 1739 2277 1811 πρὸς
2308 1738 2403 1791 ἀνθ
2414 1735 2625 1809 ρώπους
2651 1732 3029 1803 διαλεγόμενον
3062 1725 3379 1799 ἀνθρωπίνῃ
3404 1724 3717 1796 χρήσασθαι

412 1882 423 1892 .
463 1846 929 1900 conﬁrmationem
979 1845 1267 1900 verborum
1325 1846 1694 1901 testimonium
1725 1845 1820 1901 Dei
1876 1862 2035 1902 usur-

2147 1832 2524 1903 συμπεριφορᾷ
2576 1828 2715 1883 κατὰ
2747 1827 2873 1889 τοὺς
2907 1826 2965 1877 ἐν
2996 1820 3303 1892 ἀνθρώποις
3331 1817 3715 1887 εὐορκοῦντας,

464 1936 742 2004 ρπηιίιιῐη,
797 1945 851 1990 et
881 1936 996 2006 ipse
1029 1936 1105 1989 ait
1148 1951 1207 1990 se
1260 1936 1498 2005 jurasse,
1533 1951 1636 1991 nec
1670 1938 2037 2007 peieraturum

462 2041 623 2091 esse;
660 2025 726 2080 Ut
766 2042 857 2094 per
895 2026 1029 2080 duas
1060 2043 1141 2081 res
1179 2026 1494 2089 immobiles,
1526 2029 1601 2081 ait
1633 2027 1849 2083 divinus
1895 2028 2039 2098 Apo-

465 2119 723 2184 stolus“,
751 2119 938 2189 quibus
968 2118 1290 2187 impossibile
1318 2128 1393 2172 est
1423 2119 1633 2171 mentiri
1650 2118 1836 2183 Deum,
1856 2120 2039 2189 [ortis-

466 2210 663 2264 simum
716 2209 967 2263 solatium
1018 2208 1325 2264 habeamus.
1357 2209 1476 2263 Alia
1515 2224 1731 2280 quoque
1763 2211 1926 2264 allata
1956 2221 2040 2266 est

464 2317 659 2365 causa,
702 2316 802 2357 cur
830 2301 1049 2371 jurasse
1090 2299 1233 2355 Deus
1267 2299 1506 2355 feratur:
1547 2309 1608 2354 ut
1653 2301 1906 2356 videlicet
1934 2300 2041 2356 Da-

466 2385 613 2442 vidis
646 2387 1002 2457 promissioni
1047 2402 1172 2441 cum
1214 2388 1527 2456 juramento
1554 2388 1694 2443 datzc
1733 2389 1907 2445 vicem
1951 2406 2031 2444 re-

468 2476 743 2544 penderet.
763 2474 917 2530 Jurat
934 2490 1098 2546 porro
1111 2474 1254 2531 Deus
1270 2492 1365 2546 per
1380 2474 1639 2532 Sanctum
1664 2494 1843 2545 suum,
1859 2494 2046 2550 quem-

466 2566 757 2622 admodum
801 2574 955 2638 pater
986 2569 1137 2638 jurat
1185 2584 1285 2638 per
1334 2570 1564 2626 salutem
1610 2570 1833 2641 legitimi
1870 2586 1934 2626 ac
1958 2571 2045 2626 di-

469 2658 594 2712 lecti
625 2658 716 2713 lilii
741 2660 828 2714 sui
864 2678 879 2713 :
910 2661 1101 2715 eodem
1123 2699 1138 2725 ,
1165 2660 1360 2730 inquit,
1390 2662 1552 2717 modo
1579 2669 1632 2717 et
1658 2678 1759 2734 ego
1773 2663 1955 2732 juravi
1988 2665 2042 2718 in

466 2749 667 2805 Sancto
708 2766 843 2812 meo,
876 2751 932 2805 id
968 2757 1075 2815 est,
1108 2766 1204 2821 per
1239 2750 1500 2805 Sanctum
1526 2766 1728 2817 meum,
1778 2755 1831 2807 si-
1874 2753 2044 2808 David

468 2838 716 2893 mentiar.
762 2837 903 2905 Quid
950 2846 1131 2895 autem
1171 2840 1415 2895 continet
1464 2840 1842 2909 juramentum
1871 2842 2043 2897 illud?

468 2926 658 2985 Semen
702 2929 840 2998 ejus,
870 2929 1067 2999 inquit,
1094 2929 1152 2983 in
1201 2939 1455 2984 wternum
1497 2932 1749 2985 manebit.
1783 2930 1899 2986 Hoc
1935 2933 2047 3002 pri-

471 3035 620 3074 mum
666 3027 773 3085 est,
811 3028 866 3075 et
923 3021 1037 3075 haec
1075 3019 1247 3090 prima
1287 3021 1577 3091 promissio
1613 3021 1681 3077 de
1715 3024 1951 3097 semine;
1978 3024 2046 3079 de

470 3127 582 3183 quo
615 3112 869 3181 superius
898 3112 1201 3177 dicebatur,
1238 3112 1309 3166 Et
1336 3130 1532 3183 ponam
1572 3116 1626 3169 in
1656 3116 1909 3171 siccatum
1944 3106 2061 3172 stc-V

472 3205 581 3258 culi
606 3220 782 3259 semen
821 3205 967 3275 ejus;
1002 3205 1278 3261 indicabat
1308 3222 1444 3262 vero
1488 3207 1695 3263 Christi
1735 3209 2045 3263 successio-

473 3312 617 3352 nem.
638 3280 890 3353 Secunda
919 3305 1098 3353 autem
1121 3299 1419 3369 promissio
1437 3300 1505 3356 de
1527 3308 1828 3355 memorato
1850 3301 2047 3355 throno

472 3398 589 3457 est;
626 3405 795 3461 quare
837 3390 1012 3445 dicit:
1039 3389 1108 3445 Et
1141 3390 1359 3446 thronus
1398 3394 1513 3462 ejus
1546 3394 1684 3447 sicut
1713 3394 1796 3447 sol
1835 3394 1893 3447 in
1922 3410 2048 3447 eon-

470 3490 652 3550 spectu
694 3498 828 3547 meo,
855 3491 909 3536 et
950 3484 1087 3539 sicut
1125 3485 1254 3539 luna
1285 3484 1515 3555 perfecta
1537 3487 1591 3539 in
1631 3495 1907 3541 internum.
1945 3484 2047 3542 Se-

476 3588 601 3628 men
650 3572 853 3644 itaque,
891 3575 945 3629 id
992 3584 1097 3642 est,
1127 3575 1543 3632 disseminatum
1592 3577 1797 3637 Christi
1840 3593 2051 3633 sermo-

474 3673 622 3723 nem,
670 3660 785 3714 sive
815 3660 1075 3730 populum
1125 3668 1181 3716 et
1233 3660 1534 3717 Ecclesiam
1581 3664 1724 3733 ejus,
1768 3678 2047 3732 nunquam

475 3746 776 3816 periturum
830 3763 952 3803 esse
1002 3750 1097 3811 ait,
1144 3764 1318 3819 neque
1358 3750 1732 3818 deiecturum;
1787 3753 2047 3809 thronum

475 3844 661 3893 autem
682 3839 803 3907 ejus
834 3855 1249 3909 permansurum
1280 3843 1337 3896 in
1370 3844 1664 3912 saeculum;
1695 3844 1811 3900 sive
1849 3860 2027 3900 secuit

475 3928 604 3983 dum
642 3927 1048 4001 Symmachum,
1103 3931 1254 3986 Sicut
1304 3932 1432 3987 luna
1489 3936 1647 4003 ﬁrma
1688 3936 1743 3989 in
1796 3945 2050 3991 aeternum

476 4020 706 4074 manebit
744 4037 764 4086 ;
805 4023 885 4078 sic
931 4023 1037 4077 erit
1083 4025 1493 4081 ecclesiasticus
1542 4026 1745 4083 Christi
1794 4028 2048 4084 thronus.

479 4100 621 4165 Num
638 4110 778 4167 forte
801 4127 924 4166 cum
949 4114 1102 4183 prius
1123 4112 1341 4180 dixerit,
1367 4113 1539 4170 Semel
1565 4116 1748 4186 juraei
1776 4119 1829 4173 in
1854 4117 2056 4175 Sancto

477 4218 613 4267 meo,
642 4209 698 4257 et
729 4204 1054 4268 subdiderit,
1084 4204 1272 4259 Semen
1292 4206 1405 4274 eius
1429 4208 1484 4261 in
1513 4217 1767 4263 ceter-num
1799 4212 2053 4279 manebit,

477 4296 656 4350 sancti
688 4296 772 4353 sui
799 4311 982 4351 semen
1007 4297 1061 4351 in
1095 4298 1355 4353 saeculum
1379 4300 1773 4370 imperaturum
1800 4318 1923 4359 esse
1959 4320 2053 4360 va-

478 4388 775 4442 ticinatur?
796 4390 867 4442 ita
895 4396 954 4443 ut
984 4405 1169 4445 semen
1198 4390 1385 4446 Sancti
1414 4391 1533 4459 Dei,
1557 4394 1613 4449 id
1640 4403 1745 4461 est,
1777 4396 2055 4469 Unigeniti

2140 1928 2231 1980 καὶ
2253 1924 2391 1978 Θεοῦ
2434 1920 2711 1994 μαρτυρίᾳ
2752 1917 3066 1989 χρωμένους
3098 1915 3176 1975 είς
3216 1911 3478 1965 πίστωσιν
3504 1909 3611 1962 τῶν
3638 1912 3718 1962 old»

2141 2016 2300 2070 κείων
2345 2015 2550 2082 λόγωνδ
2588 2012 2681 2065 καὶ⁸
2734 2009 2897 2071 αὑτός
2937 2018 3099 2077 φησιν
3132 2002 3484 2075 ὀμωμοκέναι
3511 2002 3607 2053 καὶ
3642 2000 3719 2071 μὴ

2139 2104 2527 2176 διαψεύσασθαι
2551 2103 2628 2175 (‘2)
2661 2102 2787 2164 τοὺς
2805 2096 3021 2171 ὅρκους,
3054 2098 3179 2151 Ἵνα
3197 2094 3294 2148 διὰ
3313 2094 3443 2158 δύο,
3480 2093 3644 2163 φησὶν
3691 2094 3721 2144 6

2142 2202 2283 2265 θεῖος
2321 2198 2659 2260 Ἀπόστολος,
2697 2191 3051 2264 πραγμάτων
3098 2186 3487 2259 ἀμεταθέτων,
3521 2186 3590 2238 ὲν
3629 2181 3724 2251 οἷς

2141 2294 2441 2348 ἀδύνατον
2488 2290 2834 2358 ψεύσασθαι
2888 2282 2997 2337 τόν
3045 2283 3212 2343 Θεὸν,
3255 2278 3515 2348 ἰσχυρὰν
3534 2274 3725 2345 παράσ-

2144 2387 2367 2451 κλησιν
2415 2380 2664 2449 ἔχωμεν.
2706 2376 2933 2447 Εἴρηται
2956 2371 3014 2425 δὲ
3049 2372 3144 2425 καὶ
3185 2370 3318 2441 ἄλλη
3346 2368 3515 2431 αἰτία,
3544 2367 3612 2419 δι’
3652 2367 3724 2439 ἢν

2142 2475 2309 2546 ὀμνὺς
2340 2476 2369 2525 6
2396 2471 2529 2533 Θεὸς
2553 2467 2803 2538 εἰσῆκται
2840 2504 2855 2530 ,
2884 2463 3025 2517 κατὰ
3050 2459 3283 2533 ἀμοιϐὴν
3309 2460 3409 2529 τῆς
3432 2456 3526 2510 τοῦ
3559 2455 3725 2546 Δαυῒδ

2149 2545 2266 2639 μεθ’
2292 2567 2457 2636 ὅρκου
2504 2550 2853 2629 ἐπαγγελίας.
2901 2552 3119 2625 Ὀμνύει
3162 2551 3221 2604 δὲ
3248 2550 3277 2602 6
3302 2549 3437 2612 Θεὸς
3463 2546 3606 2601 κατὰ
3628 2545 3724 2599 τοῦ

2156 2654 2338 2726 Ἀγίου
2368 2653 2558 2717 αὑτοῦ,
2596 2653 2672 2715 ὼς
2700 2651 2768 2705 ἂν
2800 2648 2895 2702 καὶ
2917 2646 3098 2719 πατὴρ
3118 2641 3359 2715 εὐορκῶν
3390 2640 3531 2694 κατὰ
3559 2655 3728 2707 σωτη-

2150 2751 2267 2823 ρίας
2311 2744 2429 2801 υἱοῦ
2475 2743 2699 2814 γνησίου
2732 2740 2827 2795 κει.)⁵
2851 2736 3167 2807 ἀγαπητοῦ·
3210 2733 3302 2788 τὸν
3334 2731 3495 2786 αὑτὸν
3526 2730 3728 2823 τρόπον

2149 2820 2323 2909 κάγὼ,
2342 2838 2525 2909 φησιν,
2554 2834 2761 2905 ὤμοσα
2785 2832 2853 2885 ἐν
2872 2828 3129 2899 τῷἌγίῳ
3151 2844 3293 2897 μου,
3312 2823 3559 2878 τουτέστι
3586 2820 3731 2874 κατὰ

2148 2932 2242 2986 τοῦ
2261 2931 2441 3000 Ἀγίου
2474 2945 2600 3000 μου,
2656 2928 2711 2980 ει
2749 2922 2830 2989 τῷ
2859 2921 3039 2976 Δαυῒδ
3070 2921 3394 2990 ψεύσομαι.
3447 2916 3511 2968 Τί
3542 2915 3598 2966 δέ
3633 2931 3733 2967 πι-

2150 3026 2347 3095 ριεῖχεν
2375 3024 2404 3075 6
2432 3021 2630 3092 ὅρκος;
2671 3017 2741 3071 Τὸ
2789 3012 3027 3082 σπέρμα
3055 3010 3261 3074 αὑτοῦ,
3304 3008 3488 3080 φησὶν,
3514 3008 3603 3072 εὶς
3623 3004 3733 3095 τὸν

2149 3094 2334 3167 alim;
2360 3109 2549 3181 μένει.
2580 3106 2751 3161 Τοῦτο
2804 3103 3041 3175 πρῶτον,
3076 3101 3170 3155 καὶ
3222 3099 3360 3170 αῦτη
3405 3098 3501 3168 μὲν
3537 3094 3731 3167 πρώτη

2150 3201 2507 3274 ἐπαγγελίαή
2542 3199 2669 3271 περὶ
2698 3194 2795 3250 τοῦ
2824 3195 3136 3266 σπέρματος
3155 3209 3169 3222 ⁸
3208 3191 3339 3263 περὶ
3358 3184 3418 3244 οῦ
3450 3188 3547 3241 καὶ
3590 3188 3735 3240 ἀνω-

2146 3297 2287 3368 τέρω
2334 3292 2587 3361 ἐλέγετο·
2635 3288 2746 3344 Καὶ
2782 3287 3043 3357 θήσομαι
3083 3286 3172 3350 εις
3214 3282 3323 3337 τὸν
3382 3281 3570 3334 αἰῶνα
3623 3279 3735 3332 τοῦ

2147 3385 2360 3451 αἰῶνος
2388 3383 2455 3437 τὸ
2477 3381 2717 3450 σπέρμα
2773 3377 2992 3432 αὐτοῦ·
3038 3375 3226 3447 ἐδήλου
3259 3373 3319 3426 δέ
3357 3372 3452 3426 τοῦ
3493 3369 3734 3444 Χριστοῦ

2148 3474 2540 3548 τὴνηδιαδοχήν.
2562 3470 2803 3541 Δευτέρα
2834 3468 2892 3521 δὲ
2921 3466 3219 3535 ἐπαγγελία
3242 3464 3373 3536 περὶ
3410 3460 3504 3517 τοῦ
3540 3462 3735 3535 θρόνου

2148 3568 2241 3622 τοῦ
2273 3565 2663 3640 προλεχθέντος
2683 3581 2695 3593 ·
2722 3562 2804 3615 διὸ
2858 3562 2954 3616 καὶ
3008 3559 3248 3627 ἐπιλέγει
3275 3575 3289 3588 ·
3321 3555 3435 3611 Kal
3458 3558 3492 3610 ὁ
3522 3556 3735 3623 θρόνος

2148 3659 2333 3715 αὐτοῦ
2369 3659 2450 3723 ὡς
2471 3660 2503 3711 ὁ
2528 3656 2701 3723 ἣλιος
2745 3654 3026 3707 ἐναντίον
3056 3669 3197 3721 μου,
3228 3649 3326 3703 καὶ
3374 3650 3457 3713 ὡς
3497 3646 3735 3714 σελήνη

2150 3748 2586 3819 κατηρτισμένοι
2617 3750 2705 3813 εἰς
2732 3746 2838 3799 τὸν
2870 3743 3074 3798 ιιὶῶναι
3111 3742 3184 3795 Τὸ
3212 3740 3311 3813 μὲν
3356 3735 3449 3793 οὖν
3484 3738 3737 3808 σπέρμα,

2150 3842 2396 3897 τουτέστι
2445 3839 2537 3893 τὸν
2596 3837 2692 3891 τοῦ
2751 3833 2987 3908 Χριστοῦ
3020 3832 3446 3904 κατασπαρέντα
3484 3830 3664 3897 λόγον,
3698 3828 3735 3899 ἢ

2151 3937 2241 3989 τὸν
2268 3933 2395 3988 λαὸν
2428 3930 2593 3986 αὐτοῦ
2632 3932 2725 3985 καὶ
2756 3929 2854 4001 τὴν
2896 3927 3242 3999 Ἐκκλησίαν,
3286 3926 3483 3980 οὔποτε
3510 3925 3737 3994 διαφθα-

2154 4024 2414 4097 ρήσεσθαί
2443 4040 2631 4095 φησιν,
2666 4020 2789 4074 οὺδέ
2841 4018 3134 4088 διαλείψειν
3154 4036 3167 4049 ο
3199 4018 3291 4071 τὸν
3319 4018 3378 4070 δὲ
3400 4016 3587 4089 θρόνον
3633 4016 3739 4069 αὑ·-

2151 4116 2244 4168 τοῦ
2270 4113 2543 4185 διαμένειν
2578 4114 2659 4175 είς
2688 4102 2780 4161 τὸν
2816 4108 2990 4162 αἰῶνα
3013 4126 3027 4138 ο
3062 4109 3095 4178 ἢ
3139 4107 3280 4161 κατὰ
3301 4108 3393 4161 τὸν
3420 4107 3736 4177 Σύμμαχον,

2166 4208 2259 4271 Ὠς
2287 4206 2324 4271 ἠ
2344 4203 2511 4274 μήνη
2531 4202 2738 4270 έδραία
2762 4204 3015 4268 alterle
3030 4201 3232 4270 μενεῖ·
3265 4198 3439 4261 οὕτως
3469 4198 3625 4250 ἔσται
3644 4198 3739 4250 καὶ

2153 4300 2183 4351 6
2210 4295 2659 4367 ἐκκλησιαστικὸς
2708 4295 2804 4349 τοῦ
2858 4292 3093 4365 Χριστοῦ
3143 4292 3355 4364 θρόνος.
3406 4292 3634 4360 Μήποτε
3679 4290 3737 4342 δὲ

2156 4386 2433 4459 προειπὼν
2467 4389 2497 4440 ό
2525 4386 2703 4454 λόγος,
2740 4386 2930 4451 Ἇπαξ
2969 4386 3175 4455 ὤμοσα
3197 4384 3268 4437 ὲν
3301 4381 3384 4448 τῷ
3398 4382 3560 4452 Ἁγίῳ
3592 4399 3735 4452 μου,

480 4474 577 4535 Dei
611 4480 686 4536 sit
710 4480 957 4535 doctrina
987 4481 1109 4550 ejus
1141 4497 1304 4553 quam
1336 4485 1392 4538 in
1422 4491 1568 4540 terra
1609 4489 2044 4559 seminavit,ipse

2157 4482 2249 4534 καὶ
2274 4536 2277 4539 λ
2301 4478 2640 4548 ἐπισυνάψας
2678 4478 2825 4549 ἑξῆς,
2893 4478 2960 4531 Τὸ
3010 4475 3249 4545 σπέρμα
3297 4474 3486 4528 αὐτοῦ
3514 4477 3600 4540 εις
3630 4472 3742 4527 τὸν

478 4577 631 4625 sator
661 4570 781 4640 ejus
807 4570 1056 4632 ell‘ectus.
1080 4573 1381 4628 secundum
1406 4576 1722 4644 paraliolam
1744 4579 1813 4633 ab
1845 4595 1911 4635 eo
1933 4596 2054 4650 pro-

480 4662 666 4725 latam,
681 4677 787 4733 qua
803 4662 967 4717 dicit:
994 4663 1136 4718 Exiit
1153 4666 1242 4734 qui
1266 4667 1490 4720 seminat
1515 4671 1772 4725 seminare
1792 4671 1925 4738 “,et
1948 4688 2055 4728 cae-

478 4764 616 4809 tera.
646 4753 713 4809 Et
741 4756 852 4811 haec
879 4757 1119 4827 quidem,
1150 4760 1247 4822 ait,
1269 4760 1345 4813 ita
1376 4768 1558 4825 erunt,
1590 4762 1663 4815 ita
1694 4762 1842 4826 ﬁent,
1864 4771 1919 4819 et
1943 4780 2057 4820 cre-

476 4846 666 4900 dihilia
691 4848 1007 4905 reddentur.
1032 4848 1166 4903 Nam
1192 4851 1388 4916 horum
1413 4852 1572 4907 testis
1613 4853 1785 4909 ﬁdelis
1807 4864 1889 4910 est
1910 4854 2055 4912 Deus

480 4937 536 4991 in
574 4939 713 4993 caelo
739 4939 1012 4994 habitans.
1042 4941 1332 4997 Veritatem
1363 4958 1527 5012 porro
1554 4946 1824 5000 sermonis
1857 4946 2056 5000 contir-

482 5036 595 5082 mat
651 5046 835 5085 rerum
888 5039 1117 5086 eventus
1174 5040 1229 5086 et
1271 5034 1714 5089 consummatio:
1751 5051 1874 5089 nam
1909 5036 2055 5091 illius

480 5133 654 5177 cornu
669 5122 909 5189 Davidis,
941 5124 996 5179 id
1020 5132 1123 5189 est,
1145 5122 1447 5181 Salvatoris
1463 5128 1636 5181 nostri
1668 5126 1797 5183 Jesu
1828 5126 2051 5195 Christi,

483 5216 668 5270 Semen
699 5224 753 5269 et
778 5215 1187 5270 successionem
1232 5216 1367 5285 ipsis
1407 5218 1584 5273 oculis
1612 5218 1860 5276 videmus
1899 5240 1911 5274 :
1945 5221 2056 5275 imo

485 5308 646 5362 etiam
681 5305 868 5361 Sancti
902 5307 1016 5371 Dei»,
1043 5308 1303 5378 unigeniti
1338 5309 1510 5379 ipsius
1534 5308 1697 5365 Verbi
1728 5327 1979 5382 sparsum
2000 5313 2055 5368 in

486 5407 627 5452 terra
666 5400 891 5455 cmleste
920 5416 1105 5455 semen
1135 5401 1461 5470 evangelicae
1488 5401 1752 5457 doctrinae
1792 5413 2055 5459 aeternum

484 5506 841 5555 perseverans
874 5511 887 5545 :
921 5493 1155 5563 itemque
1190 5493 1445 5547 thronum
1491 5494 1610 5563 ejus
1638 5511 1735 5565 per
1764 5504 1935 5551 totum
1966 5512 2058 5551 or-

484 5582 602 5636 bem
626 5582 679 5636 in
706 5584 934 5652 singulis
962 5585 1233 5653 gentibus,
1266 5585 1667 5650 urbibus,vicis
1693 5595 1747 5642 et
1781 5587 1924 5658 agris
1947 5594 2058 5643 sta-

552 5673 598 5704 “
638 5674 800 5730 Hebr.
836 5691 919 5737 Iv,
958 5674 1045 5729 16.
1122 5678 1167 5707 ⁸⁵
1208 5675 1340 5731 Luc.
1376 5694 1503 5738 vui.
1540 5680 1594 5733 5.

557 5765 629 5837 (l)
666 5763 803 5818 LXX
832 5766 1017 5836 legunt
1051 5768 1227 5834 μενεῖ,
1263 5769 1319 5822 in
1358 5768 1562 5825 futuro.
1599 5770 1757 5828 Et)".

2157 4571 2341 4625 αἰῶνα
2351 4570 2537 4640 μένει,
2554 4570 2647 4623 τοῦ
2663 4570 2842 4639 ’Δγίου
2858 4568 3091 4624 αὐτοῦ’τδ
3114 4566 3336 4637 σπέρμα.
3348 4566 3644 4637 κρατήσειν
3659 4566 3743 4628 είς

2161 4664 2331 4717 αἰῶνα
2356 4661 2601 4725 θεσπίζει
2621 4677 2635 4726 ;
2659 4661 2735 4724 ὡς
2751 4656 2889 4713 εἶναι
2915 4659 3135 4730 σπέρμα
3153 4656 3247 4710 τοῦ
3265 4656 3450 4724 Ἀγίου
3464 4654 3560 4708 τοῦ
3579 4654 3738 4719 Θεοῦ,

2160 4756 2360 4830 δηλαδὴ
2381 4755 2476 4809 τοῦ
2497 4753 2837 4824 Μονογενοῦς
2856 4752 2949 4805 τοῦ
2978 4751 3133 4817 Θεοῦ,
3159 4750 3225 4820 ἥν
3250 4748 3502 4818 ἔσπειρεν
3521 4748 3615 4800 ἐπὶ
3636 4748 3741 4817 γῆς

2160 4848 2525 4911 διδασκαλίαν,
2567 4846 2728 4911 αὐτὸς
2760 4845 3051 4916 γενόμενος
3084 4840 3254 4912 αὐτῆς
3287 4841 3523 4911 σπορεὺς
3543 4881 3560 4906 ,
3601 4839 3744 4893 κατὰ

2160 4943 2259 5012 τὴν
2284 4941 2563 5011 λεχθεῖσαν
2590 4940 2680 4992 ὑπ’
2711 4937 2876 4992 αὐτοῦ
2926 4934 3263 5007 παραϐολὴν,
3292 4933 3359 4986 δι’
3387 4927 3454 5004 ἧς
3485 4931 3702 5002 εἴρηται
3723 4946 3737 4959 °

2175 5033 2459 5101 Ἐξῆλθεν
2505 5035 2537 5085 ὀ
2596 5030 2861 5097 σπείρων
2907 5028 3014 5082 τοῦ
3054 5025 3315 5095 σπεῖραι,
3356 5024 3451 5077 καὶ
3485 5021 3554 5076 τὰ
3590 5021 3738 5090 ἐξῆς.

2161 5126 2272 5179 Καὶ
2298 5125 2469 5178 ταῦτα
2489 5124 2606 5194 μὲν,
2624 5122 2810 5193 φησιν,
2831 5120 3001 5182 οὕτως
3035 5119 3186 5172 ἐσται
3215 5118 3307 5170 καὶ
3322 5117 3613 5186 γενήσεται
3646 5113 3742 5168 καὶ

2162 5217 2587 5287 πιστωθήσεται.
2642 5216 2702 5269 Ὀ
2746 5215 2854 5284 γὰρ
2880 5212 3085 5267 τούτων
3120 5211 3332 5281 μάρτυς
3378 5208 3565 5270 πιστός
3592 5210 3741 5261 ἐστιν

2161 5313 2188 5364 ὁ
2214 5314 2271 5364 ἐν
2302 5311 2518 5382 οὐρανῷ
2549 5308 2815 5362 κατοικῶν
2848 5306 2998 5369 Θεός.
3048 5304 3334 5372 Συνίστησι
3365 5301 3422 5353 δὲ
3452 5300 3547 5354 τοῦ
3579 5300 3739 5368 λόγου

2164 5407 2262 5477 τὴν
2296 5404 2555 5476 ἀλήθειαν
2583 5403 2643 5456 τὺ
2669 5401 2759 5455 διὰ
2778 5400 2886 5453 τῶν
2918 5398 3097 5470 ἔργων
3128 5395 3474 5465 ἀποτέλεσμα
3494 5409 3506 5420 '
3539 5392 3741 5462 ὀφθαλ-

2168 5500 2283 5569 μοῖς
2303 5496 2409 5567 γὰρ
2436 5495 2651 5566 ορῶμεν
2661 5492 2754 5546 τοῦ
2778 5491 2953 5563 κέρως
2976 5488 3156 5551 Δαυῖδ,
3172 5485 3415 5540 τουτέστι
3438 5483 3531 5537 τοῦ
3560 5483 3742 5554 Σωτῆ-

2171 5605 2261 5657 ρος
2294 5586 2449 5657 ἡμῶν
2491 5583 2661 5655 Ἰησοῦ
2694 5581 2949 5649 Χριστοῦ,
2975 5581 3037 5633 τὸ
3068 5578 3286 5648 σπέρμα
3322 5577 3415 5631 καὶ
3445 5575 3543 5630 τὶην
3566 5574 3741 5630 διαδο·

2237 5764 2317 5836 (ει)
2351 5765 2510 5822 Forte
2538 5765 2642 5836 leg.
2676 5761 3090 5831 διαψεύσεσθαι.
3118 5765 3277 5823 Εοιτ.
