4068 6394
355 383 492 440 1109

1401 368 1900 429 COMMENTARIA
1933 369 2003 427 IN
2030 366 2365 424 PSALMOS.

3446 362 3586 420 1110

351 500 486 566 χῆν’
522 492 657 547 ἀλλὰ
704 492 799 545 καὶ
846 489 939 542 τοῦ
955 488 1134 557 Ἀγίου
1167 487 1258 541 τοῦ
1290 487 1427 541 Θεοῦ
1472 488 1565 541 τοῦ
1602 484 1914 559 μονογενοῦς

2023 485 2255 548 bilitum,
2287 483 2581 551 orbemque
2611 490 2779 535 totum
2803 479 3115 550 implentem
3143 477 3407 535 videmus.
3434 476 3591 543 Quod

352 585 513 638 αὑτοῦ
536 584 706 650 Λόγου
734 582 795 634 τὸ
820 579 1154 648 καταῦληθέν
1184 579 1274 631 ἐπὶ
1296 579 1399 649 γῆς
1421 578 1668 649 οὐράνιον
1701 577 1920 647 σπέρμα

242 668 245 671 λ
356 675 447 745 τῆς
474 670 832 740 εὐαγγελικῆς
845 667 1190 730 διδασκαλίας
1209 665 1532 730 διαιωνίζον·
1570 667 1628 719 οὐ
1658 666 1761 737 μὴν
1786 664 1919 717 ἀλλὰ

358 763 447 816 καὶ
499 761 620 815 καθ’
666 761 792 830 ὅλης
817 760 917 828 τῆς
954 758 1253 829 ἀνθρώπων
1290 758 1635 828 οἰκουμένης,
1666 759 1722 811 ἐν
1756 758 1920 809 πᾶσιν

360 852 549 918 ἔθνεσι,
588 852 768 906 πόλεσί
793 870 852 903 τε
880 852 973 905 καὶ
1011 850 1225 921 κώμαις
1248 851 1341 904 καὶ
1364 848 1566 921 χώραις
1595 850 1809 921 ὁρῶμεν
1830 849 1920 902 τὸν

361 944 417 994 ἐν
444 948 505 1015 τῇ
564 942 858 1013 Ἐκκλησία
888 940 1051 995 αὐτοῦ
1080 939 1360 1010 ἱδρυμένον
1393 939 1579 1011 θρόνον
1614 939 1920 1010 πληροῦντα

358 1033 452 1085 τὸν
480 1034 760 1105 σύμπαντα
789 1032 1009 1102 κόσμον.
1040 1032 1100 1084 Ei
1126 1030 1183 1083 δέ
1204 1048 1287 1092 τις
1318 1030 1391 1101 μὴ
1423 1030 1612 1094 οὕτως,
1636 1029 1769 1083 ἀλλὰ
1795 1030 1921 1081 Ἰου-

361 1122 555 1188 δαϊκῶς
585 1123 800 1177 ἐκλάόοι
836 1122 923 1175 τὸν
948 1120 1155 1191 θρόνον,
1187 1120 1285 1192 τὴν
1314 1120 1626 1191 σωματικὴν
1650 1117 1921 1188 βασιλείαν

360 1213 453 1265 τοῦ
486 1214 642 1266 Δαυῖδ
668 1212 922 1281 λέγεσθαι
974 1208 1229 1281 νομίζων,
1256 1210 1468 1281 ψευδεῖς
1508 1208 1921 1280 ἐλεγχθήσονται

361 1304 415 1365 αἱ
448 1306 785 1374 προφητεῖαι.
822 1301 976 1355 Μετὰ
1005 1302 1115 1371 γὰρ
1162 1301 1259 1371 τὴν
1294 1302 1373 1363 εἰς
1399 1299 1689 1353 Βαϐυλῶνα
1720 1300 1922 1369 αἰχμα-

358 1392 555 1445 λωσίαν
599 1393 691 1447 τοῦ
726 1392 993 1447 Ἰουδαίων
1040 1392 1241 1455 ἔθνους,
1279 1391 1450 1454 οὐδεὶς
1485 1392 1564 1455 είς
1600 1389 1695 1443 τὸν
1736 1390 1923 1461 θρόνον

356 1483 618 1556 ἐκαθέσθη
672 1484 834 1537 Δαυῖδ
854 1500 869 1514 ⁸
906 1482 965 1549 ἐξ
1007 1483 1212 1537 ἐκείνου
1237 1482 1292 1534 δὲ
1326 1482 1420 1535 καὶ
1447 1482 1527 1544 είς
1550 1480 1726 1553 δεῦρο,
1759 1479 1923 1549 ἐγγύς

358 1593 456 1629 που
487 1575 579 1645 ἔτη
605 1575 857 1646 τυγχάνει
888 1575 1055 1645 χίλια,
1075 1575 1133 1637 ἐξ
1154 1568 1234 1635 οῦ,
1261 1572 1681 1644 καθαιρεθείσης
1701 1572 1799 1642 τῆς
1830 1573 1923 1643 βα-

317 1713 331 1727 ,
356 1667 559 1731 σιλείας
600 1667 781 1731 αὑτοῦ,
822 1666 916 1720 καὶ
939 1667 1037 1736 τῆς
1064 1665 1309 1735 διαδοχῆς
1342 1663 1503 1717 αὑτοῦ
1544 1662 1921 1733 παυσαμένης,

353 1757 539 1817 λέλυτο
565 1757 659 1810 τοῦ
688 1756 847 1810 Δαυῒδ
878 1758 907 1808 ὁ
941 1756 1145 1829 θρόνος.
1179 1755 1268 1808 Διὸ
1299 1754 1361 1825 δὴ
1410 1753 1477 1807 τὰ
1500 1753 1627 1823 ἑξῆς
1665 1752 1757 1805 τοῦ
1791 1752 1923 1821 ψαλ-

2019 576 2223 645 siquis
2270 590 2379 628 non
2430 574 2535 628 hac
2584 574 2813 635 ratione,
2845 572 2940 627 sed
2991 571 3219 626 Judaico
3263 585 3411 626 more
3438 570 3591 623 thro-

2020 681 2148 719 num
2182 664 2437 735 accipiat,
2470 671 2622 719 ratus
2655 678 2978 733 corporeum
3008 661 3229 717 Davidis
3259 676 3484 731 regnum
3517 661 3590 714 ita

2019 756 2225 820 vocari,
2253 756 2401 810 falsae
2435 754 2909 825 deprehendentur
2949 753 3265 823 prophetiae.
3297 750 3432 806 Nam
3467 760 3592 825 post

2018 846 2255 903 Iudaicae
2289 850 2469 917 gentis
2508 849 2561 900 in
2601 846 2875 917 Babylone
2916 846 3307 914 captivitatem,
3338 859 3498 898 nemo
3537 845 3593 898 in

2022 940 2217 993 throno
2260 937 2478 992 Davidis
2531 936 2669 991 sedit
2718 954 2731 990 :
2771 935 2865 991 sed
2917 952 2980 990 ex
3030 936 3121 989 illo
3160 934 3228 988 ad
3265 935 3371 990 hoc
3417 949 3594 1005 usque

2020 1039 2234 1100 tempus
2282 1029 2408 1083 anni
2468 1037 2597 1083 sunt
2656 1028 2877 1082 circiter
2931 1028 3096 1091 mille,
3131 1041 3161 1080 a
3190 1041 3299 1097 quo
3328 1034 3591 1096 tempore,

2020 1124 2139 1193 ejus
2155 1122 2437 1177 destructo
2458 1137 2647 1193 regno,
2665 1137 2728 1176 ac
2752 1122 2923 1191 ipsius
2947 1120 3298 1175 successione
3319 1127 3591 1180 cessante,

2022 1213 2243 1269 Davidis
2295 1215 2528 1268 thronus
2592 1214 2803 1268 solutus
2859 1220 2961 1268 est.
2995 1212 3359 1279 Quamobrem
3413 1220 3597 1282 poste-

2023 1304 2169 1357 riora
2216 1304 2411 1372 psalmi
2461 1304 2605 1357 dicta
2643 1304 2756 1357 hare
2798 1304 2916 1374 ipsa
2963 1303 3268 1373 deplorant,
3303 1312 3595 1373 aperteque

2022 1395 2266 1466 corporei
2299 1403 2352 1451 et
2378 1396 2676 1451 materialis
2710 1396 2893 1450 throni
2924 1396 3137 1449 ruinam
3172 1394 3497 1466 significant,
3531 1409 3595 1449 ac

2022 1485 2300 1540 declarant
2331 1487 2618 1558 promissis
2643 1487 2915 1542 contraria
2936 1487 3222 1551 accidisse,
3247 1494 3507 1557 quantum
3528 1486 3595 1541 ad

2023 1578 2333 1632 sensibilem
2384 1579 2641 1632 thronum
2695 1585 2747 1633 et
2800 1592 3119 1648 corpoream
3172 1577 3324 1647 regni
3376 1575 3596 1632 Davidis

2023 1667 2428 1723 successionem
2452 1669 2705 1738 pertinet.
2746 1668 2876 1733 Quae
2901 1683 3032 1723 sane
3061 1682 3167 1722 non
3195 1667 3411 1721 silentio
3432 1666 3591 1730 mitti,

2024 1757 2119 1812 sed
2169 1758 2225 1812 in
2274 1758 2556 1829 prophetia
2614 1759 2681 1813 de
2720 1758 2935 1814 Christo
2983 1758 3275 1812 memorari
3320 1758 3594 1828 oportuit;

355 1848 456 1919 μοῦ
504 1850 641 1903 αὐτὰ
687 1850 858 1903 ταῦτα
885 1848 1234 1919 ἀποδύρεται,
1283 1846 1466 1915 σαφῶς
1492 1846 1585 1898 τοῦ
1614 1844 1914 1916 σωματικοῦ

2024 1858 2083 1901 ut
2112 1847 2442 1912 ediscamus,
2476 1849 2712 1904 instante
2744 1864 2925 1903 rerum
2958 1849 3011 1902 in
3039 1848 3299 1903 vaticinio
3326 1863 3598 1903 memora-

350 1941 541 2013 Θρόνου
586 1941 681 2013 τὴν
723 1940 1102 2011 καταστροφὴν
1148 1940 1495 2012 σημαίνοντα,
1526 1939 1621 1992 καὶ
1659 1938 1914 1993 τάναντία

353 2034 697 2105 παριστῶντα
737 2033 1140 2104 συμϐεϐηκέναι
1189 2035 1306 2095 ταῖς
1356 2031 1706 2100 ἐπαγγελίαις
1732 2072 1745 2095 ,
1794 2030 1914 2083 ὅσον

348 2125 441 2177 ἐπὶ
462 2124 538 2194 τῷ
564 2124 803 2195 αἰσθητῷ
832 2123 1005 2194 θρόνῳ
1032 2124 1125 2176 καὶ
1164 2126 1231 2193 τῇ
1263 2124 1543 2192 σωματικῇ
1579 2120 1791 2190 διαδοχῇ
1818 2121 1914 2191 τῆς

345 2213 438 2266 τοῦ
454 2212 613 2267 Δαυῒδ
643 2213 936 2284 βασιλείας
970 2212 1007 2266 ἃ.
1035 2213 1100 2283 δὴ
1125 2214 1219 2266 καὶ
1232 2212 1370 2266 αὐτὰ
1386 2212 1551 2283 ἐχρῆν
1572 2211 1645 2281 μὴ
1678 2211 1912 2263 ἀποσιω-

2020 1946 2196 1993 tarum
2242 1949 2504 2009 tempore,
2538 1939 2877 1995 sensibilium
2913 1938 3152 2001 illorum,
3183 1938 3250 1992 de
3277 1937 3477 2007 quibus
3509 1938 3595 2007 agi

2021 2036 2211 2098 putant
2248 2027 2450 2092 Judzei,
2484 2029 2809 2083 solutionem
2854 2027 3090 2082 futuram
3123 2044 3271 2093 esse;
3307 2028 3411 2082 alia
3444 2043 3593 2089 vero,

2020 2136 2141 2190 quae
2186 2121 2371 2174 divino
2413 2136 2564 2175 more
2620 2120 3021 2191 intelliguntur,
3065 2119 3156 2175 Dei
3213 2121 3595 2191 promissionis

2019 2211 2411 2281 complementa
2442 2221 2496 2265 et
2520 2214 3051 2266 consummationem
3083 2211 3218 2267 fore.

345 2306 602 2377 πηθῆναι,
642 2308 949 2376 ἀναγκαίως
974 2306 1029 2359 δὲ
1058 2308 1115 2360 ἐν
1149 2308 1215 2376 τῇ
1242 2305 1369 2377 περὶ
1401 2304 1493 2357 τοῦ
1524 2302 1759 2374 Χριστοῦ
1788 2302 2087 2374 προφητείᾳ
2118 2303 2540 2377 παραληφθῆναι
2565 2320 2578 2335 ο
2614 2303 2690 2366 ὡς
2740 2303 2806 2357 ἂν
2858 2302 3142 2373 μάθοιμεν,
3187 2303 3288 2366 ὅτι,
3329 2300 3422 2355 τοῦ
3477 2318 3596 2354 και-

348 2396 442 2467 ροῦ
469 2398 578 2451 τῶν
633 2399 1123 2471 προφητευομένων
1173 2397 1511 2460 ἐπιστάντος,
1554 2396 1661 2449 τῶν
1709 2396 1807 2466 μέν
1848 2395 2119 2467 αἰσθητῶν
2163 2396 2313 2468 παρὰ
2374 2396 2642 2450 Ἰουδαίων
2696 2397 3063 2468 νομιζομένων
3120 2394 3395 2467 παντελῶς
3443 2394 3593 2447 ἔσται

342 2490 513 2554 λύσις,
549 2489 748 2560 ἐτέρων
769 2489 825 2541 δέ
858 2488 1176 2559 θεοπρεπῶς
1211 2486 1515 2558 νοουμένων
1544 2485 1999 2557 ἀποτελεσμάτων
2020 2486 2119 2556 τῆς
2158 2484 2253 2538 τοῦ
2288 2484 2422 2538 Θεοῦ
2449 2485 2781 2553 ἐπαγγελίας
2806 2484 3223 2556 συμπλήρωσις.

412 2601 499 2656 Σὺ
548 2602 617 2655 δὲ
678 2602 898 2657 ἀπώσω
954 2604 1049 2656 καὶ
1103 2601 1543 2668 ἐξουδένωσας,
1618 2602 1913 2659 ἁνεϐάλου

342 2694 449 2747 τὸν
501 2695 760 2762 Χριστόν
808 2710 945 2747 σου.
1007 2692 1428 2761 Κατέστρεψας
1476 2692 1592 2762 τὴν
1622 2692 1915 2761 διαθήκην

342 2782 447 2837 τοῦ
487 2782 711 2838 δούλου
768 2801 907 2848 σου,
963 2783 1342 2851 ὲϐεϐήλωσας
1391 2786 1480 2851 εις
1521 2784 1638 2853 τὴν
1682 2783 1800 2854 γῆν
1846 2788 1913 2840 τὸ

337 2876 603 2946 ἁγιασμα
665 2877 880 2931 αὐτοῦ·
950 2876 1223 2942 καθεῖλες
1290 2876 1520 2943 πάντας
1573 2877 1716 2943 τοὺς
1762 2895 1911 2947 φρα-

341 2968 528 3036 ῃιοὺς
578 2968 765 3021 αὑτοῦ
790 3010 805 3033 ,
855 2969 996 3023 ἐθου
1052 2969 1125 3023 τὰ
1174 2968 1523 3038 ὀχυρώματα
1565 2969 1749 3023 αὐτοῦ
1789 2970 1910 3023 δει-

338 3059 500 3113 λίαν.
563 3058 891 3127 Διήρπαζον
962 3061 1150 3114 αὐτὸν
1219 3059 1443 3126 πάντες
1510 3063 1565 3113 οἱ
1640 3074 1912 3129 παραπο-

334 3148 644 3216 ρευόμενοι
690 3148 865 3203 ὁδόνο
909 3148 1161 3219 ἐγενήθη
1214 3148 1444 3215 ὄνειδος
1479 3149 1603 3215 τοῖς
1650 3152 1915 3220 γείτοσιν

337 3238 547 3301 αὐτοῦ.
603 3240 883 3307 ’Υψωσας
932 3238 1047 3307 τὴν
1082 3237 1289 3303 δεξιὰν
1316 3237 1435 3291 τῶν
1460 3238 1782 3292 θλιϐόντων
1807 3240 1914 3292 αὑ-

341 3329 466 3394 τὸν,
493 3330 795 3399 εὔφρανας
824 3330 1054 3396 πάντας
1074 3330 1215 3398 τοὺς
1249 3329 1501 3400 ἐχθροὺς
1536 3330 1740 3384 αὑτοῦ.
1788 3330 1915 3384 Ἁπ-

338 3422 639 3491 έστρεψας
685 3423 801 3492 τὴν
844 3421 1134 3490 ,ϐοήθειαν
1194 3421 1304 3488 τῆς
1349 3422 1650 3490 ῥομφαίας
1690 3421 1909 3487 αὑτοῦ,

339 3516 439 3571 καὶ
469 3517 580 3569 οὐκ
640 3514 971 3570 ἀντελάϐου
1023 3514 1208 3569 αὐτοῦ
1241 3514 1311 3567 ἐν
1353 3512 1432 3579 τῷ
1474 3513 1733 3583 πολέμῳ.
1768 3517 1916 3569 Κατ-

336 3608 565 3674 έλυσας
636 3607 752 3662 ἀπὸ
808 3605 1172 3676 καθαρισμοῦ
1239 3605 1453 3670 αὐτὸν,
1517 3605 1625 3658 τὸν
1700 3607 1916 3673 θρόνον

338 3699 524 3754 αὐτοῦ
556 3701 642 3765 είς
667 3698 783 3769 γῆν
806 3696 1200 3766 κατέρῤαξας’
1236 3695 1605 3765 ἐσμίκρυνας
1630 3694 1738 3763 τὰς
1776 3696 1915 3765 ἠμέ-

335 3810 449 3861 ρας
478 3792 583 3847 τοῦ
609 3794 828 3862 χρόνου
853 3790 1058 3855 αὐτοῦ,
1090 3788 1373 3871 κατέχεας
1402 3788 1560 3855 αὐτῷ
1587 3790 1909 3857 αἰσχύνην-ο

343 3884 676 3953 Διάψαλμα.
767 3883 1156 3936 Ἀποδέδεικται
1180 3880 1351 3933 ταῦτα
1382 3884 1447 3952 τῇ
1491 3880 1915 3951 σωματικωτέρᾳ

342 3976 435 4029 τοῦ
471 3976 633 4029 Δαυῖδ
662 3977 877 4047 διαδοχῇ
909 3974 1001 4028 καί
1032 3976 1095 4044 τῇ
1127 3975 1409 4044 σωματικῇ
1441 3971 1603 4025 αὐτοῦ
1644 3971 1910 4042 βασιλείᾳ,

342 4066 463 4139 ¹ἥτις
498 4063 771 4137 καθῃρέθη
814 4062 954 4117 κατὰ
998 4062 1123 4139 τοὺς
1151 4063 1373 4133 χρόνους
1395 4062 1493 4132 τῆς
1514 4062 1593 4124 εἰς
1624 4060 1915 4115 Βαϐυλῶνα

342 4156 713 4226 αίχμαλωσίας
740 4154 834 4217 τοῦ
867 4154 1131 4207 Ἰουδαίων
1156 4153 1304 4207 λαοῦ.
1351 4152 1441 4217 ἘΞ
1466 4153 1670 4207 ἐκείνου
1692 4151 1800 4223 γὰρ
1822 4153 1913 4205 καὶ

339 4247 369 4303 ό
403 4244 650 4317 Χριστὸς,
682 4245 956 4297 τουτέστιν
987 4246 1015 4295 ό
1045 4243 1300 4315 αἰσθητὸς
1333 4244 1600 4314 βασιλεὺς,
1627 4245 1656 4296 ὁ
1688 4244 1796 4296 ἀπὸ
1822 4244 1915 4312 γέ-

341 4353 464 4405 νομς
488 4335 650 4401 Δαυῖδ
676 4334 997 4401 διαλέλοιπε,
1032 4339 1125 4390 καὶ
1146 4336 1383 4408 ό-θρὸνος
1402 4335 1501 4405 τῆς
1523 4334 1796 4405 βασιλείας
1819 4336 1915 4389 αὑ-

2096 2601 2258 2655 Vens.
2284 2601 2473 2656 39-46.
2504 2600 2580 2654 Tu
2612 2617 2730 2655 vero
2759 2600 3001 2670 repulisti
3040 2608 3090 2653 et
3118 2598 3423 2667 despexisti,
3450 2600 3595 2669 obje-

2020 2694 2141 2747 cisti
2168 2692 2440 2749 Christum
2467 2703 2635 2747 tuum.
2657 2692 2911 2748 Evertisti
2943 2701 3312 2748 testamentum
3335 2696 3468 2759 servi
3493 2697 3599 2765 tui,

2015 2784 2316 2854 profanasti
2340 2786 2395 2838 in
2424 2794 2566 2839 terra
2594 2786 2959 2839 sanctuarium
2975 2786 3089 2855 ejas
3111 2799 3129 2837 :
3150 2784 3461 2839 destruxisti
3482 2768 3609 2840 om-h

2016 2893 2106 2931 nes
2140 2893 2282 2947 sepes
2306 2878 2442 2946 ejus,
2467 2877 2693 2945 posuisti
2730 2878 3057 2931 munimenta
3090 2875 3205 2945 ejus
3232 2876 3589 2945 formidinem.

2016 2966 2362 3037 Diripuerunt
2400 2986 2519 3023 eum
2549 2986 2725 3024 omnes
2755 2977 3084 3025 transeuntes
3112 2969 3249 3025 viam
3274 2986 3291 3022 :
3313 2969 3488 3038 factus
3515 2978 3595 3023 est

2017 3059 2350 3128 opprobrium
2396 3061 2582 3113 vicinis
2630 3059 3059 3115 suis.Ea:altasti
3096 3058 3368 3113 demteram
3427 3060 3595 3114 tribu-

2017 3151 2241 3204 lantium
2260 3167 2399 3213 eum,
2423 3152 2709 3220 lmtiﬁcasti
2726 3166 2902 3205 omnes
2925 3152 3166 3207 inimicos
3193 3152 3326 3221 ejus.
3344 3151 3595 3209 Avertisti

2014 3242 2340 3310 adjutorium
2368 3243 2537 3313 gladii
2553 3244 2689 3312 ejus,
2709 3252 2759 3297 et
2780 3260 2883 3298 non
2897 3260 2951 3298 es
2974 3244 3270 3299 auxiliatus
3292 3245 3338 3300 ei
3357 3246 3411 3298 in
3435 3243 3589 3299 bello.

2014 3334 2233 3388 Solvisti
2259 3351 2376 3389 eum
2408 3336 2472 3388 ab
2507 3336 2881 3391 emundatione
2904 3376 2919 3400 ,
2958 3336 3203 3391 thronum
3230 3337 3344 3406 ejus
3386 3338 3442 3390 in
3486 3346 3593 3391 ter-

2014 3441 2132 3479 ram
2184 3426 2516 3497 confregisti.
2558 3426 2839 3482 Minorasti
2868 3428 2979 3482 dies
3024 3430 3273 3497 temporis
3303 3429 3441 3498 ejus,
3472 3446 3593 3500 per-

2014 3515 2204 3586 fudisti
2225 3534 2341 3572 eum
2365 3518 2690 3588 confusione.
2717 3518 3049 3587 Diapsalma.
3077 3518 3203 3575 Haec
3231 3520 3299 3575 de
3325 3535 3592 3591 corporea

2016 3607 2237 3664 Davidis
2273 3610 2662 3673 successione,
2709 3616 2764 3663 et
2814 3609 2881 3664 de
2926 3626 3094 3679 regno
3140 3609 3263 3677 ejus
3318 3610 3589 3675 sensibili,

2014 3699 2157 3771 quod
2205 3707 2449 3770 tempore
2494 3701 2741 3755 abducta:
2786 3700 3096 3756 Iudaeorum
3158 3702 3212 3754 in
3258 3700 3588 3772 Babylonem

2015 3790 2349 3860 captivitatis
2386 3791 2724 3845 destructum
2769 3791 2907 3854 fuit,
2966 3791 3191 3859 intelligi
3221 3791 3591 3859 comproban-

2015 3889 2123 3936 tur.
2165 3880 2239 3935 Ex
2273 3882 2366 3936 illo
2388 3897 2625 3953 namque
2652 3893 2893 3953 tempore
2926 3883 3219 3945 Christus,
3253 3884 3303 3937 id
3343 3892 3458 3945 est,
3494 3899 3591 3938 rex

2016 3974 2292 4028 sensibilis
2326 3989 2357 4029 e
2404 3990 2601 4045 genere
2641 3974 2859 4030 Davidis
2892 3975 3112 4039 defecit,
3141 3977 3375 4031 thronus
3435 3976 3591 4047 regni

2015 4064 2135 4133 ejus
2166 4064 2482 4120 confractus
2508 4073 2613 4127 est,
2642 4075 2697 4120 et
2730 4066 2939 4135 reliqua
2966 4068 3151 4120 omnia
3173 4083 3295 4137 qua:
3318 4068 3371 4121 in
3398 4068 3591 4123 vatici-

2016 4156 2108 4209 nio
2156 4154 2406 4209 feruntur
2448 4156 2664 4225 impleta
2716 4164 2861 4213 sunt.
2913 4157 3123 4223 Quibus
3176 4159 3245 4213 de
3285 4160 3470 4214 causis
3523 4175 3591 4214 ex

2016 4263 2248 4318 persona
2275 4247 2583 4303 .ludteorum
2616 4250 2703 4305 hic
2745 4264 2927 4305 sermo
2960 4251 3197 4306 lamenta
3248 4252 3393 4316 edit;
3427 4252 3588 4323 quasi

2018 4339 2226 4394 scilicet
2254 4340 2357 4393 alia
2382 4338 2525 4395 Deus
2558 4341 2917 4411 promiserit,
2962 4342 3069 4396 alia
3106 4343 3413 4400 evenerint.
3478 4343 3588 4399 Nos

340 4427 434 4495 τοῦ
465 4428 800 4500 κατερράγη,
828 4430 921 4482 καὶ
951 4429 1021 4483 τὰ
1049 4430 1210 4484 λοιπὰ
1240 4429 1418 4482 πάντα
1443 4429 1513 4481 τὰ
1535 4445 1912 4500 προπεφητευ-

2016 4445 2147 4485 vero
2182 4429 2615 4485 animadvertere
2648 4432 2925 4496 convenit,
2951 4446 3077 4487 cum
3124 4432 3269 4489 Deus
3319 4433 3591 4490 mendacii

344 4520 479 4589 μένα
503 4519 889 4591 πεπλήρωται·
919 4523 1000 4589 ἐφ’
1021 4517 1100 4585 οἷς
1126 4524 1189 4575 ἐκ
1212 4520 1501 4592 προσώπου
1518 4520 1612 4573 τοῦ
1644 4521 1912 4574 Ἰουδαίων

340 4604 523 4669 ἔθνους
540 4605 936 4678 άπολοφύρεται
964 4610 993 4660 ὁ
1024 4608 1211 4677 λόγος,
1242 4608 1318 4671 ὡς
1347 4609 1506 4679 ἕτερα
1540 4611 1637 4679 μὲν
1655 4609 1747 4662 τοῦ
1776 4610 1911 4662 Θεοῦ

340 4692 802 4764 ἐπαγγειλαμένου
824 4736 839 4761 ,
864 4694 1064 4767 ἐτέρων
1096 4696 1152 4749 δὲ
1184 4696 1521 4750 ἀποϐάντων.
1553 4698 1824 4768 Προσήκει
1854 4698 1911 4751 δὲ

341 4785 487 4854 ἡμᾶς
510 4785 800 4856 ἐπιστῆσαι
825 4787 915 4840 τὸν
944 4787 1065 4842 νοῦν
1084 4830 1099 4850 ,
1130 4788 1225 4853 ὡς,
1255 4788 1349 4842 τοῦ
1374 4788 1509 4842 Θεοῦ
1534 4788 1795 4859 ἀψευδοῦς
1827 4792 1913 4843 ὸν-

340 4889 452 4937 τος,
477 4874 685 4945 ἀνάγκη
710 4877 857 4928 πᾶσα
875 4876 1333 4947 ἐπαληθεύσεσθαι
1359 4881 1483 4942 τοὺς
1501 4878 1662 4933 αὑτοῦ
1684 4880 1873 4949 λόγους
1892 4894 1907 4909 ⁶

342 4968 389 5017 εἰ
414 4966 470 5018 δὲ
501 4966 574 5037 μὴ
601 4966 943 5037 ἁληθεύοιντο
975 4971 1067 5023 ἐπὶ
1094 4970 1193 5040 τῆς
1220 4969 1481 5041 αἰσθητῆς
1505 4970 1598 5023 τοῦ
1625 4970 1784 5025 Δαυῒδ
1811 4971 1907 5041 βα-

339 5056 577 5121 σιλείας,
609 5058 729 5131 ὥρα
764 5060 949 5131 ἕτερον
977 5061 1175 5131 τρόπον
1208 5065 1345 5115 νοεῖν
1388 5062 1458 5115 τὰ
1498 5064 1904 5134 ἐπηγγελμένα.

340 5150 436 5213 Τίς
471 5146 563 5205 οῦν
593 5151 622 5203 ὁ
650 5152 848 5222 τρόπος
867 5191 883 5215 ,
916 5154 1047 5207 αὐτὸ
1073 5154 1133 5207 τὸ
1164 5154 1303 5207 θεῖον
1334 5154 1538 5219 ἐδίδαξε
1568 5155 1791 5227 Πνεῦμα
1818 5157 1907 5211 διὰ

336 5239 445 5294 τῶν
472 5240 797 5313 ἔμπροσθεν,
826 5243 884 5295 ἐν
912 5238 992 5305 οἷς
1025 5244 1234 5315 εἴρητο·
1295 5247 1397 5299 Ἐν
1419 5245 1650 5315 οὐρανῷ
1676 5250 1904 5319 ἑτοιμα-

338 5333 628 5402 σθήσεται
666 5336 703 5404 ἡ
737 5335 986 5401 ἀλήθειά
1006 5352 1120 5390 σου
1140 5354 1154 5366 ·
1179 5337 1273 5391 καὶ
1302 5338 1462 5393 πάλιν
1481 5356 1493 5367 ·
1532 5339 1914 5411 Ὲξομολογή-

338 5436 548 5476 σονται
574 5427 626 5478 ol
650 5425 893 5492 oivparol
924 5425 996 5479 τὰ
1028 5427 1330 5495 θαυμάσιά
1365 5442 1481 5483 σου
1507 5469 1522 5491 ,
1569 5432 1773 5498 Κύριε,
1816 5432 1915 5486 καὶ

338 5514 446 5580 τὰρ
478 5515 575 5569 καί
614 5516 729 5583 τὴν
764 5517 1053 5585 ἀλήθειάν
1106 5533 1223 5572 σου
1279 5520 1349 5572 ἐν
1372 5521 1669 5589 ἐκκλησίᾳ
1696 5525 1877 5593 ἁγίων
1897 5543 1909 5555 ·

2016 4536 2210 4590 expers
2241 4522 2329 4587 sit,
2362 4521 2676 4577 necessario
2720 4538 2881 4580 veros
2918 4538 3041 4579 esse
3082 4538 3365 4579 sermones
3417 4524 3538 4593 ejus
3570 4543 3585 4578 :

2014 4612 2062 4666 si
2096 4619 2275 4667 autem
2307 4628 2433 4682 erga
2486 4614 2744 4669 sensibile
2778 4613 2997 4669 Davidis
3036 4630 3263 4685 regnum
3312 4615 3425 4669 veri
3476 4597 3589 4670 non

2013 4702 2377 4771 reperiantur,
2412 4711 2580 4758 restat
2626 4712 2684 4757 ut
2717 4704 2825 4756 alio
2860 4703 3023 4757 modo
3071 4705 3342 4774 promissa
3387 4706 3590 4760 intelli-

2011 4813 2225 4867 gamus.
2255 4795 2390 4862 Quis
2429 4797 2519 4851 ille
2556 4798 2751 4851 modus
2780 4798 2869 4859 sit,
2895 4797 3053 4851 docet
3085 4798 3336 4866 superius
3366 4796 3587 4853 divinus

2017 4888 2273 4959 Spiritus,
2305 4904 2428 4943 cum
2458 4888 2661 4943 dicitur
2692 4910 2704 4944 :
2741 4888 2805 4943 In
2830 4890 2958 4943 ctelo
2977 4889 3366 4959 prteparabitur
3396 4893 3588 4946 veritas

2014 4988 2144 5042 tua;
2180 4993 2244 5033 ac
2270 4994 2490 5034 rursum
2519 4998 2531 5032 :
2558 4977 2963 5049 Conﬁtebuntur
3006 4981 3122 5033 caeli
3146 4980 3419 5033 mirabilia
3452 4990 3543 5035 tua
3567 5021 3584 5045 ,

2014 5068 2255 5130 Domine,
2284 5069 2475 5121 etenim
2529 5070 2797 5123 veritatem
2831 5080 2977 5124 tuam
3027 5071 3083 5124 in
3124 5070 3344 5123 ecclesia
3372 5081 3588 5124 sancto-

2012 5176 2162 5224 rum;
2193 5161 2498 5231 iterumque
2532 5180 2545 5215 :
2576 5160 2770 5215 Potens
2791 5179 2867 5225 es,
2901 5162 3141 5227 Domine,
3174 5171 3223 5216 et
3265 5162 3459 5217 veritas
3494 5174 3589 5217 tua

2011 5253 2070 5305 in
2100 5252 2325 5305 circuitu
2362 5261 2450 5305 tuo
2468 5268 2488 5316 ;
2517 5259 2571 5307 et
2609 5268 2829 5308 rursum
2851 5293 2866 5316 ,
2905 5252 3280 5308 Misericordia
3307 5262 3358 5308 et
3386 5256 3585 5310 veritas

2008 5343 2298 5413 pracedent
2327 5344 2516 5412 faciem
2549 5354 2717 5399 tuam.
2761 5344 2887 5400 Haec
2940 5348 3140 5415 quippe
3176 5346 3357 5401 omnia
3400 5345 3588 5399 decla-

2011 5444 2154 5499 rant,
2182 5434 2271 5489 Dei
2302 5436 2570 5504 promissa
2616 5452 2893 5505 nunquam
2926 5438 3081 5491 irrita
3109 5452 3233 5493 esse
3258 5479 3272 5503 ,
3327 5441 3421 5493 sed
3475 5456 3584 5509 qua

2009 5530 2125 5598 ipse
2154 5528 2303 5582 novit
2330 5530 2538 5583 ratione
2584 5528 2817 5597 impleri.
2850 5528 3007 5593 Nam,
3045 5530 3112 5583 In
3142 5531 3270 5585 caelo
3295 5571 3311 5598 ,
3366 5533 3544 5602 inquit
3566 5572 3583 5598 ,

339 5605 430 5657 teat
452 5606 612 5660 πάλιν
632 5625 644 5637 ·
675 5609 935 5674 Δυνατὸς
961 5606 1047 5673 εἷ,
1079 5611 1255 5677 Κύριε
1274 5653 1287 5676 ,
1324 5612 1420 5664 καὶ
1456 5613 1493 5678 ἡ
1523 5614 1771 5681 ἀλήθειά
1797 5633 1913 5669 σου

2016 5620 2399 5688 ρνωραναὺὶειιν
2446 5622 2633 5674 veritas
2698 5631 2829 5673 tua:
2860 5630 3045 5691 aperte
3101 5622 3413 5693 signiﬁcans
3474 5640 3588 5679 (ιω-

341 5697 544 5760 κύκλῳ
572 5714 687 5752 σου
713 5717 724 5729 ·
771 5702 860 5752 καὶ
886 5697 1069 5765 αὖθις”
1122 5703 1333 5768 Ἔλεος
1368 5704 1460 5756 καὶ
1494 5705 1742 5771 ἀλήθεια
1769 5722 1906 5773 προ-ο

340 5791 731 5856 πορεύσονται
764 5794 871 5860 πρὸ
908 5793 1227 5861 προσώπων
1262 5812 1395 5850 σοι’.
1440 5796 1619 5851 Ταῦτα
1648 5798 1756 5871 γὰρ
1782 5800 1907 5855 πάν-

2012 5710 2185 5765 lestes
2218 5726 2279 5763 ac
2312 5712 2525 5765 divinas
2569 5728 2691 5767 esse
2734 5712 2825 5767 Dei
2869 5714 3280 5781 promissiones.
3324 5715 3403 5769 Ac
3463 5730 3587 5768 ver-

2015 5803 2204 5856 borum
2240 5804 2631 5873 complementa
2654 5804 2947 5861 declaravit
2981 5820 3073 5872 per
3106 5804 3445 5869 Salvator-em
3476 5819 3583 5861 no-
