4068 6404
537 400 668 454 Hll

1235 397 1500 454 EUSEBII
1525 399 2000 457 C£SARIENSIS
2037 401 2186 460 OPP.
2229 403 2406 459 PARS
2442 404 2529 460 Ill.
2567 435 2642 450 —
2679 404 3082 461 EXEGETICA.

3645 404 3805 458 1112

538 526 711 569 sti-um
745 513 927 568 Jesum
959 514 1359 583 Christumnex
1407 513 1612 568 semine
1645 512 1864 570 Davidis
1890 525 2069 570 ortum

2211 536 2276 571 τα
2312 520 2692 590 παραστατικά
2723 520 2974 590 τυγχάνει
3005 518 3097 572 τοῦ
3134 519 3206 590 μὴ
3255 518 3640 588 διαψεύσασθαι
3689 520 3805 582 τὰς

539 615 774 679 perlecta
800 625 958 666 esse:
999 625 1122 664 nam
1161 609 1323 678 hujus
1366 623 1590 678 regnum
1624 619 1675 662 et
1711 609 1960 671 thronus,
1995 624 2104 664 non

537 703 836 766 humanus,
859 717 1036 771 neque
1065 717 1131 754 ex
1167 701 1271 755 hoc
1305 699 1511 754 mundo
1544 708 1680 754 erat.
1720 698 1928 754 Idcirco
1953 699 2104 756 dice-

536 795 628 847 bat
663 793 836 847 Pilato
867 812 879 846 :
936 793 1167 863 Regnum
1194 809 1362 845 meum
1395 809 1496 845 non
1518 801 1595 846 est
1622 807 1685 845 ex
1702 791 1797 845 hoc
1817 791 2010 845 mundo
2034 791 2100 846 “.

538 885 862 941 Sciscitanle
886 897 1065 941 autem
1095 887 1207 948 illo,
1238 901 1369 938 num
1401 901 1492 938 rex
1519 893 1684 947 esset,
1708 885 2006 954 respondit,
2037 883 2103 939 In

532 979 628 1033 hoc
656 991 816 1033 natus
843 996 978 1033 sum.
1012 980 1179 1048 Igitur
1229 978 1274 1033 si
1325 977 1378 1030 in
1413 977 1515 1031 hoc
1548 985 1712 1030 natus
1743 986 1858 1040 est,
1904 977 1956 1030 in
2001 977 2104 1031 hoc

531 1067 962 1121 mancbitJluic
1022 1082 1185 1137 porro
1247 1066 1483 1121 sermoni
1547 1067 1917 1121 testimonium
1950 1066 2102 1121 an‘ert

526 1157 619 1226 qui
665 1166 846 1211 ortum
879 1157 999 1227 ejus
1028 1155 1234 1228 Virgini
1290 1157 1539 1226 promisit
1583 1159 1806 1227 angelus
1851 1157 2098 1222 Gabriel,

525 1249 618 1317 qui
647 1247 784 1301 dixit
817 1248 866 1302 ei
895 1246 1016 1300 :-Et
1045 1265 1158 1301 ecce
1197 1249 1452 1318 concipies
1477 1249 1531 1301 in
1562 1258 1728 1314 utero,
1751 1258 1800 1302 et
1831 1250 2025 1316 paries,
2052 1260 2101 1302 et

526 1339 731 1394 vocabis
764 1357 947 1394 nomen
969 1340 1082 1408 ejus
1110 1337 1314 1395 Iesum.
1352 1340 1452 1394 llic
1481 1341 1581 1393 erit
1620 1357 1859 1410 magnus,
1884 1349 1933 1393 et
1955 1341 2098 1409 ﬁlius

526 1430 789 1484 Altissimi
822 1432 1107 1486 vocabitur.
1144 1431 1210 1484 Et
1259 1431 1406 1485 dabit
1438 1433 1520 1485 illi
1546 1431 1686 1485 Deus
1713 1431 1954 1484 thronum
1989 1431 2100 1485 Da-

525 1524 608 1578 vid
635 1526 800 1594 patris
828 1527 932 1590 sui,
959 1536 1008 1579 et
1041 1526 1275 1596 regnabit
1319 1529 1371 1579 in
1401 1537 1676 1590 wternum,
1707 1535 1756 1579 et
1791 1527 1935 1597 regni
1985 1527 2096 1595 ejus

525 1635 626 1670 non
655 1619 753 1671 erit
783 1619 908 1687 ﬁnis
933 1620 998 1673 δ’.
1033 1618 1090 1674 In
1135 1619 1239 1673 hoc
1263 1619 1468 1689 itaque
1516 1627 1676 1673 natus
1710 1626 1826 1686 est;
1888 1618 1983 1674 sed
2014 1634 2098 1673 re-

521 1726 685 1779 gnum
722 1711 843 1780 ejus
896 1727 1005 1766 non
1046 1721 1165 1766 erat
1209 1729 1272 1767 ex
1328 1714 1430 1766 hoc
1466 1711 1710 1766 mundo:
1766 1728 1890 1765 nam
1935 1712 2097 1780 hujus

524 1801 710 1855 mundi
742 1817 967 1873 regnum
1014 1820 1121 1858 non
1155 1813 1330 1875 potest
1363 1805 1417 1858 in
1451 1813 1714 1858 aeternum
1747 1804 1966 1865 durare,
2004 1819 2097 1858 ne-

2208 611 2301 664 τοῦ
2329 611 2464 664 Θεοῦ
2495 611 2843 679 ἐπαγγελίας,
2873 610 3205 682 πληροῦσθαι
3237 611 3291 664 δὲ
3322 612 3511 676 αὑτὰς,
3546 613 3667 666 καθ’
3691 612 3806 676 οὓς

2207 698 2310 754 οἶδε
2333 703 2541 771 λόγους.
2574 704 2676 756 Ἐν
2698 703 2805 772 γὰρ
2829 702 2906 768 τῷ
2927 702 3157 770 οἰψανῷ
3175 745 3189 768 ,
3217 704 3399 773 φησὶν,
3426 703 3799 773 ἐτοιμασθή-

2205 808 2373 846 σεται
2418 794 2454 860 ἡ
2503 794 2750 861 ἀλήθειά
2793 811 2942 848 σου·
2982 794 3165 862 σαφῶς
3209 795 3383 865 δηλῶν
3424 795 3790 865 ὲπουρανίουε

2205 882 2342 938 εἶναι
2372 885 2465 938 καὶ
2492 885 2636 948 θείας
2661 885 2758 948 τὰς
2787 884 2881 938 τοῦ
2916 885 3050 938 Θεοῦ
3086 887 3433 954 ἐπαγγελίας.
3482 888 3588 940 Καὶ
3635 903 3788 956 παρ-

2205 975 2400 1046 έστηκε
2433 975 2538 1028 τῶν
2559 976 2730 1044 λόγων
2761 975 2830 1028 τά
2863 976 3276 1046 ἀποτελέσματα
3297 977 3384 1030 διὰ
3412 978 3503 1031 τοῦ
3525 980 3788 1049 Σωτῆρος

2203 1069 2357 1138 ήμῶν
2398 1068 2568 1139 Ἰησοῦ
2616 1067 2850 1140 Χριστοῦ
2894 1067 2986 1121 τοῦ
3039 1070 3330 1140 γενομένου
3373 1073 3436 1122 ὲκ
3465 1071 3786 1142 σπέρματος

2202 1160 2362 1213 Δαυῒδ
2397 1162 2796 1234 πεπληρωμένα
2816 1180 2828 1192 ·
2855 1163 3041 1216 τούτου
3070 1161 3230 1232 γάρή
3265 1159 3504 1230 βασιλεία
3530 1160 3781 1230 καὶθρὸ-

2202 1270 2290 1316 νος
2317 1253 2416 1305 οὐκ
2454 1252 2790 1324 ἀνθρώπινος
2823 1250 2892 1325 ἦν
2912 1296 2926 1320 ,
2960 1254 3079 1307 οὐδὲ
3109 1257 3172 1306 ὲκ
3210 1253 3302 1305 τοῦ
3331 1255 3533 1325 κόσμου
3560 1251 3779 1306 τούτου.

2200 1344 2289 1396 Διὸ
2319 1343 2502 1412 ἔλεγεν
2532 1345 2622 1396 ἐπὶ
2647 1345 2738 1398 τοῦ
2765 1346 2995 1400 Πιλάτου
3013 1366 3025 1376 ·
3054 1348 3124 1400 Ἡ
3141 1346 3430 1410 βασιλεία
3458 1347 3496 1413 ἡ
3528 1345 3632 1416 ἐμὴ
3656 1347 3782 1397 οὐκ

2199 1433 2370 1485 ἔστιν
2396 1434 2464 1485 ἐκ
2495 1433 2600 1486 τοῦ
2634 1435 2864 1504 κόσμου
2897 1437 3129 1488 τούτου.
3203 1435 3528 1506 Ἐρωτηθείς
3577 1451 3628 1486 τε
3676 1435 3780 1486 ὑπ’

2199 1521 2362 1575 αὑτοῦ
2394 1526 2440 1576 εἰ
2475 1521 2724 1591 βασιλεὺς
2771 1524 2853 1594 εἴη
2874 1563 2888 1586 ,
2923 1524 3284 1594 ἀπεκρίνατο,
3330 1525 3433 1588 Εἰς
3467 1523 3635 1577 τοῦτο
3668 1523 3778 1575 καὶ

2200 1615 2568 1685 γεγέννημαι.
2622 1614 2832 1668 Οὐκοῦν
2860 1616 2907 1668 εἰ
2934 1615 3273 1686 γεγέννηται,
3306 1617 3456 1684 μενεῖ
3488 1617 3562 1676 είς
3586 1612 3776 1666 τοῦτο.

2199 1709 2308 1760 Καὶ
2340 1710 2602 1779 μαρτυρεί
2629 1706 2705 1778 τῷ
2729 1707 2872 1778 λόγῳ
2901 1709 2929 1760 ὁ
2952 1708 3047 1778 τὴν
3079 1707 3290 1776 γένεσιν
3322 1707 3484 1760 αὑτοῦ
3516 1709 3581 1776 τῇ
3620 1708 3777 1777 Παρ-

2198 1799 2334 1870 θένῳ
2365 1799 2855 1870 εὐαγγελισάμενος
2882 1799 3110 1868 ἄγγελος
3137 1803 3165 1853 ὁ
3187 1800 3425 1872 Γαϐριὴλ
3445 1798 3611 1851 εἰπὼν
3632 1799 3778 1869 πρὸς

520 1908 626 1959 que
655 1893 758 1948 line
790 1904 961 1960 caret,
998 1912 1171 1966 neque
1220 1897 1272 1949 in
1309 1896 1579 1950 inﬁnitum
1634 1894 1978 1962 extenditur;
2014 1910 2085 1949 re.

2195 1892 2390 1961 αὐτήν·
2449 1890 2557 1944 Καὶ
2595 1891 2724 1943 ἰδοὺ
2758 1890 3052 1960 συλλήψῃ
3085 1891 3154 1944 ἐν
3183 1891 3426 1960 γαστρὶ,
3473 1891 3566 1943 καὶ
3599 1890 3772 1956 τέξῃ,

521 2001 683 2049 gnum
707 2001 836 2040 vero
863 1988 1056 2042 semini
1085 1988 1301 2042 Davidis
1331 1988 1660 2057 promissum
1686 1997 1949 2041 aeternum
1971 1995 2089 2042 erat

518 2083 571 2126 et
596 2074 936 2130 immortale:
970 2078 1044 2130 ait
1069 2078 1248 2143 enim,
1291 2077 1357 2130 Et
1412 2079 1630 2131 thronus
1661 2077 1773 2145 ejus
1820 2078 1920 2130 erit
1955 2077 2089 2129 sicut

519 2165 600 2216 sol
634 2165 686 2217 in
717 2179 991 2234 conspectu
1016 2184 1148 2230 meo,
1172 2177 1220 2220 et
1247 2169 1381 2220 sicut
1429 2168 1556 2221 (una
1588 2167 1821 2238 perfecta
1853 2168 1906 2219 in
1937 2176 2090 2220 a'ter-

517 2269 662 2317 num,
693 2264 742 2307 et
773 2257 918 2310 testis
941 2257 993 2308 in
1024 2257 1151 2309 oculo
1182 2257 1376 2325 ﬁdelis.

2197 1984 2288 2035 καὶ
2312 1983 2588 2048 καλέσεις
2610 1981 2673 2035 τὸ
2698 1983 2883 2051 ὄνομα
2905 1983 3088 2036 αὑτοῦ
3119 1983 3377 2048 Ἰησοῦν.
3399 1979 3582 2047 Οὗτος
3598 1981 3776 2034 ἕσται

2189 2076 2394 2146 μέγας,
2430 2076 2524 2128 καὶ
2560 2075 2686 2140 υἰὸς
2717 2075 3010 2144 ’Υψίστου
3041 2077 3428 2143 κληθήσεται.
3462 2075 3566 2128 Kal
3591 2074 3773 2127 δώσει

2195 2161 2352 2226 αὐτῷ
2379 2166 2410 2214 ό
2448 2162 2588 2226 Θεὸς
2613 2163 2717 2214 τὸν
2743 2163 2960 2230 θρόνον
2981 2163 3162 2216 Δαυῖδ
3183 2164 3287 2217 τοῦ
3311 2166 3531 2232 πατρὸς
3556 2164 3770 2227 αὑτοῦ,

2197 2255 2293 2306 καὶ
2320 2254 2682 2316 βασιλεύσει
2715 2255 2800 2318 εἰς
2825 2253 2931 2306 τὸν
2958 2253 3163 2318 αἰῶνα,
3199 2255 3297 2308 καὶ
3319 2255 3428 2321 τῆς
3444 2256 3774 2320 βασιλείας

517 2346 702 2400 αὐτοῦ
740 2349 850 2400 οὐκ
879 2348 1048 2401 ἔσται
1078 2349 1269 2415 τέλος.
1303 2351 1627 2421 Γεγέννηται
1649 2351 1825 2404 τοίνυν
1847 2353 1926 2416 εἰς
1943 2350 2120 2411 τοῦτο,
2153 2346 2265 2400 ἀλλ’
2289 2346 2388 2398 οὐκ
2420 2340 2488 2414 ἦν
2520 2346 2552 2405 ἡ
2583 2344 2824 2413 βασιλεία
2880 2345 3048 2399 αὐτοῦ
3085 2349 3148 2400 ὲκ
3170 2346 3262 2399 τοῦ
3292 2347 3495 2417 κόσμου
3542 2346 3733 2399 τούτου
3753 2367 3766 2380 ·

517 2441 548 2506 ἡ
581 2438 678 2507 μὲν
706 2437 815 2508 γὰρ
842 2438 933 2491 τοῦ
956 2440 1156 2510 κόσμου
1178 2443 1366 2494 τούτου
1395 2443 1638 2512 βασιλεία
1661 2445 1759 2515 οὐχ
1783 2445 1868 2498 οἵα
1889 2444 1944 2496 τέ
1968 2446 2081 2496 ἐστι
2111 2443 2351 2512 διαρκεῖν
2387 2438 2466 2500 εἰς
2496 2438 2585 2490 τὸν
2627 2437 2794 2491 αἰῶνα
2820 2477 2834 2502 ,
2881 2437 2989 2490 οὐδ’
3041 2439 3190 2491 ἐστὶν
3234 2438 3583 2508 ἀτελεύτητος
3605 2480 3618 2502 ,
3654 2426 3768 2490 οὐδ’

518 2534 597 2594 εἰς
630 2529 687 2583 τὸ
724 2531 946 2602 ἄπειρον
971 2533 1349 2604 ἐκτεινομένη·
1382 2536 1416 2604 ὴ
1442 2534 1496 2586 δὲ
1529 2535 1605 2605 τῷ
1635 2539 1911 2610 σπέρματι
1933 2535 2095 2589 Δαυίδ
2123 2532 2503 2605 ὲπηγγελμένη
2540 2532 2784 2603 βασιλεία
2816 2530 3030 2595 αἰώνιός
3073 2549 3157 2596 τις
3206 2527 3274 2602 ῆν
3324 2532 3415 2585 καὶ
3458 2532 3722 2594 ἀθάνατος
3749 2548 3761 2559 ·

515 2622 622 2674 Kal
659 2624 690 2674 ό
730 2624 958 2689 θρόνος,
984 2625 1090 2696 γάρ
1121 2643 1303 2696 φησιν,
1360 2631 1528 2683 ἔσται
1589 2633 1773 2685 αὐτοῦ
1802 2633 1881 2698 ὡς
1921 2633 2092 2699 ἣλιος
2122 2634 2375 2686 ἐνώπιόν
2406 2649 2555 2699 μου,
2584 2629 2680 2682 καὶ
2707 2631 2787 2694 ὼς
2813 2630 2850 2696 ἠ
2909 2627 3142 2695 σελήνη
3193 2627 3629 2697 κατηρτισμένη
3677 2631 3768 2692 εἰς

516 2713 621 2766 τὸν
647 2712 849 2776 αἰῶνα,
875 2715 972 2767 καί
997 2720 1030 2770 ό
1061 2717 1290 2786 μάρτυς
1316 2721 1385 2774 ἐν
1418 2723 1650 2791 οἱιρανῷ
1689 2728 1922 2792 πιστός.

587 2825 738 2882 Talia
776 2843 940 2899 porro
985 2839 1113 2885 sunt
1141 2848 1261 2901 (juaa
1313 2834 1517 2905 Virgini
1553 2838 1620 2894 de
1669 2839 1779 2894 ﬁlio
1805 2857 1868 2895 ex
1896 2857 1955 2895 se
1989 2855 2087 2894 na-

516 2919 723 2973 scituro
763 2923 1031 2990 promissa
1073 2934 1219 2978 sunt.
1255 2925 1488 2983 Oracula
1519 2931 1661 2984 enim
1712 2933 1814 3002 ipsi
1852 2933 2084 2990 fundens

515 3014 758 3082 angelus,
791 3013 903 3068 hinc
933 3016 1206 3084 pollicitus
1233 3028 1316 3074 cst
1341 3039 1354 3074 :
1388 3019 1455 3072 Et
1485 3021 1632 3076 dabit
1663 3024 1743 3077 illi
1772 3023 1913 3078 Deus
1939 3026 2084 3079 thro-

516 3121 640 3156 num
667 3102 836 3158 David
872 3109 1041 3174 patris
1071 3109 1206 3177 ejus.
1243 3110 1430 3175 Qualis
1459 3127 1586 3167 vero
1605 3113 2084 3185 illeetcujusmodi

513 3210 679 3266 esset,
713 3203 814 3257 sub
836 3203 949 3258 lucc
983 3206 1218 3274 explicat
1241 3203 1449 3275 dicens,
1481 3205 1550 3259 Et
1583 3208 1820 3277 regnabit
1851 3210 1905 3262 in
1931 3221 2084 3265 (eler-

2258 2834 2494 2888 Τοιαῦτα
2527 2833 2580 2885 δὲ
2609 2830 2865 2901 τυγχάνει
2891 2829 2957 2882 τὰ
2997 2831 3090 2882 καὶ
3116 2831 3181 2900 τῇ
3209 2828 3467 2900 Παρθένῳ
3493 2830 3765 2898 ἐπηγγελ-

2190 2928 2324 2998 μένα
2352 2925 2477 2996 att-:91
2503 2924 2593 2978 τοῦ
2627 2922 2683 2988 ἐξ
2709 2923 2876 2993 αὐτῆς
2898 2921 3378 2992 γεννηθησομένου.
3401 2919 3764 2990 Χρηματίζων

2188 3017 2317 3087 γοῦν
2344 3019 2480 3087 αὐτῇ
2513 3017 2540 3068 ὁ
2572 3014 2798 3082 ἄγγελος
2822 3013 3180 3082 ἐπηγγείλατο
3210 3012 3380 3080 λέγων
3401 3030 3413 3042 ’
3442 3012 3551 3065 Kal
3582 3011 3761 3064 δώσει

2185 3107 2344 3174 αὐτῷ
2370 3111 2401 3163 ό
2437 3106 2578 3172 Θεέ-ς
2606 3106 2712 3159 τὸν
2735 3107 2950 3174 θρόνον
2975 3105 3156 3158 Δαιοῒδ
3178 3105 3281 3158 τοῦ
3307 3103 3528 3172 πατρὸς
3552 3103 3760 3157 αὑτοῦ.

2185 3203 2341 3265 Ποῐος
2372 3201 2428 3254 δὲ
2470 3194 2622 3263 οὗτος
2670 3201 2763 3252 καὶ
2797 3198 3036 3260 ποταπὸς
3068 3193 3168 3268 ῆν,
3222 3197 3347 3266 ἑξῆς
3377 3194 3762 3267 διερμηνεύσει

515 3311 660 3357 num,
684 3304 732 3348 et
767 3296 909 3365 regni
936 3296 1048 3362 ejus
1076 3313 1176 3348 non
1217 3298 1314 3350 erit
1344 3299 1487 3367 linis.
1517 3297 1665 3353 Talis
1707 3301 1795 3354 ille
1853 3301 2081 3356 thronus

2189 3296 2408 3363 φάσκων
2429 3311 2441 3322 ⁸
2488 3293 2594 3346 Καὶ
2623 3292 2984 3357 βασιλεύσει
3011 3293 3098 3357 εἰς
3118 3291 3223 3342 τὸν
3253 3289 3469 3351 αἰῶνα,
3517 3290 3613 3342 καί
3647 3306 3761 3357 της

512 3395 656 3451 erat,
687 3403 846 3456 quem
882 3387 1069 3441 Davidi
1106 3388 1247 3443 Deus
1288 3406 1411 3444 cum
1460 3392 1771 3461 juramento
1805 3396 2079 3464 pollicitus

511 3484 612 3531 est.
642 3476 796 3543 Quod
835 3479 1121 3534 declarans
1160 3483 1413 3550 angelus,
1465 3486 1745 3539 oraculqu
1802 3503 1960 3541 suum
1997 3490 2079 3542 in—

511 3574 840 3638 terpretatus
869 3581 982 3625 est:
1016 3573 1192 3640 primo
1216 3574 1433 3642 quidem
1463 3574 1671 3640 dicens,
1703 3574 1770 3629 Et
1811 3577 1959 3631 dabit
2001 3579 2081 3632 illi

511 3657 651 3713 Deus
674 3659 916 3714 thronum
947 3661 1119 3716 David
1147 3665 1316 3731 patris
1357 3665 1508 3733 ejus;
1542 3674 1728 3735 postea
1763 3685 1892 3721 vero
1936 3670 2078 3737 adjis-

510 3750 683 3813 ciens,
711 3749 780 3804 Et
811 3752 1044 3821 regnabit
1081 3754 1134 3806 in
1164 3763 1436 3816 teternum,
1461 3766 1511 3809 et
1539 3759 1682 3826 regni
1703 3759 1815 3826 ejus
1847 3775 1949 3812 non
1979 3761 2079 3814 erit

510 3840 650 3905 ﬁnis.
687 3839 810 3895 Haec
844 3858 1006 3912 opere
1029 3845 1296 3913 completa
1333 3856 1461 3900 sunt
1491 3847 1544 3900 in
1579 3847 1856 3902 Salvatore
1891 3859 2080 3905 nostro

508 3929 659 3993 .lesu,
686 3930 906 3986 Christo
939 3933 1051 3999 Dei,
1081 3938 1172 4004 qui
1204 3953 1269 3991 ex
1318 3938 1526 3993 semine
1569 3939 1735 3993 David
1761 3949 1935 4004 ortus,
1974 3943 2076 3995 im-

511 4027 685 4086 perat,
717 4021 888 4091 legem
924 4023 1034 4087 dat,
1061 4034 1109 4079 et
1144 4037 1332 4096 regnat
1374 4029 1426 4082 in
1455 4029 1714 4084 universo
1763 4033 1894 4086 orbe
1922 4051 1936 4098 ;
1969 4049 2076 4088 non

510 4114 748 4167 humano
775 4115 992 4183 quidem
1031 4118 1190 4172 modo
1215 4159 1230 4183 ,
1281 4119 1375 4173 sed
1420 4121 1602 4175 divina
1633 4123 1872 4178 virtute;
1907 4133 1960 4178 et
1992 4142 2078 4179 se-

511 4219 634 4258 men
667 4204 788 4273 ejus
813 4221 936 4260 vere
959 4207 1012 4261 in
1045 4210 1302 4263 saeculum
1336 4219 1556 4278 manet;
1589 4213 1642 4266 id
1670 4224 1774 4277 est,
1799 4215 2079 4270 successio

508 4295 628 4363 ejus
649 4336 664 4361 ,
700 4313 821 4364 qua:
853 4313 946 4367 per
976 4301 1250 4368 apostolos
1283 4310 1338 4357 et
1367 4302 1670 4374 discipulos
1701 4306 1874 4373 ipsius
1903 4315 2076 4361 totum

508 4383 695 4456 implet
721 4389 1013 4455 mundum;
1045 4392 1158 4445 sive
1191 4394 1514 4450 rationabile
1544 4397 1787 4451 cmlcstis
1818 4396 2079 4454 doctrina:

505 4480 626 4548 ejus
659 4496 865 4535 semen.
925 4481 1028 4535 Sed
1060 4485 1222 4539 etiam
1273 4487 1502 4543 thronus
1556 4490 1676 4558 ejus
1724 4490 1857 4544 solis
1907 4492 2079 4545 instar

506 4572 836 4641 resplendet,
869 4574 1148 4631 hominum
1189 4581 1400 4635 animas
1453 4582 1767 4642 illuminans
1814 4596 1867 4638 ct
1913 4585 2077 4638 radiis

505 4662 962 4728 illustrans._lla2c
995 4682 1155 4735 porro
1176 4671 1358 4723 omnia
1395 4672 1506 4740 jam
1540 4674 1604 4728 ad
1629 4675 1875 4729 ell'ectmn
1910 4677 2080 4730 dedu-

505 4762 590 4807 cta
625 4763 770 4816 sunt,
802 4763 855 4810 et
889 4757 940 4810 in
971 4757 1086 4814 dies
1115 4759 1380 4814 hactenus
1413 4763 1730 4831 implentur,
1771 4769 2073 4821 secundum

504 4862 568 4898 ea
599 4862 720 4915 quae
752 4846 939 4902 Davidi
969 4851 1174 4918 juravit
1225 4851 1386 4908 Deus.
1430 4852 1630 4909 Verum
1675 4861 1929 4927 quoniam
1967 4878 2076 4916 non

507 4936 743 4990 humano
766 4938 893 5003 ritu,
921 4956 1093 5010 neque
1115 4943 1414 4997 secundum
1464 4964 1668 5002 morem
1707 4966 1892 5020 regum
1918 4969 2075 5008 mun-

504 5027 792 5091 danorum,
825 5029 938 5084 haec
968 5035 1238 5101 pxomissa
1285 5035 1338 5089 in
1387 5042 1798 5097 successoribus
1854 5042 2074 5100 Davidis

507 5118 726 5188 impleta
762 5129 924 5188 sunt;
963 5139 1138 5194 neque
1168 5127 1220 5179 in
1255 5127 1372 5196 ipso
1407 5129 1688 5186 Salvatore
1710 5142 1918 5199 nostro,
1953 5152 2075 5191 cor-

507 5225 671 5278 pereo
701 5227 849 5265 more
880 5212 1040 5266 linem
1085 5228 1450 5286 acceperunt,
1506 5221 1633 5290 quia
1689 5238 1917 5293 regnum
1955 5227 2076 5294 ejus

505 5314 613 5352 non
650 5299 751 5354 fuit
781 5318 846 5355 ex
875 5301 978 5357 hoc
1029 5306 1252 5368 mundo,
1285 5310 1459 5377 hcque
1495 5311 1582 5364 ille
1614 5311 1665 5364 in
1694 5315 1936 5368 sensibili
1973 5315 2076 5369 Da-

504 5391 647 5446 vidis
682 5392 880 5446 throno
908 5395 1083 5462 sedit;
1120 5397 1228 5450 imo
1279 5415 1406 5454 vero
1459 5403 1792 5456 contrarium
1849 5406 2072 5472 accidit,

503 5483 826 5539 adveniente
858 5487 1112 5556 passione
1141 5487 1298 5557 ejus;
1334 5489 1447 5545 haec
1478 5491 1594 5562 ipsa
1630 5493 1847 5552 divinus
1877 5504 2077 5566 etpro-

504 5577 754 5644 pheticus
799 5577 1036 5647 Spiritus
1080 5580 1203 5649 jure
1256 5597 1317 5636 ac
1378 5585 1572 5638 merito
1624 5585 1953 5656 declaravit,
2005 5590 2072 5644 ad

506 5667 951 5735 pcrquisitionem
1011 5673 1498 5728 consummationis
1578 5675 1746 5731 divini
1804 5681 2072 5737 sermonis

578 5819 620 5848 "“
659 5819 814 5874 Joan.
855 5841 1016 5883 ιγιιι,
1054 5826 1140 5879 56.
1220 5827 1263 5858 "
1303 5825 1414 5881 Luc
1450 5841 1500 5892 ῐ,
1536 5829 1721 5886 31-55.

2181 3384 2504 3450 βασιλείας
2547 3381 2733 3435 αὐτοῦ
2766 3383 2875 3434 οὐκ
2907 3381 3076 3435 ἔσται
3111 3381 3302 3446 τέλος.
3340 3379 3588 3442 Τοιοῦτος
3620 3379 3666 3431 δ’
3694 3375 3762 3448 ἦν

2185 3476 2214 3527 ὁ
2236 3474 2310 3544 τῷ
2331 3475 2487 3526 Δαυῖδ
2517 3474 2632 3546 μεθ’
2651 3472 2997 3544 ὁρκωμοσίας
3021 3459 3125 3524 ῦπὸ
3149 3471 3240 3524 τοῦ
3264 3471 3398 3524 Θεοῦ
3426 3473 3560 3542 ὲπηγ
3571 3470 3763 3540 γελμέ-

2187 3583 2292 3628 νος.
2333 3568 2396 3618 Ὃ
2421 3565 2483 3636 δὴ
2517 3565 2784 3636 παριστὰς
2812 3565 3060 3634 ἅγγελος,
3085 3565 3413 3635 διηρμήνευε
3444 3565 3533 3616 τὸν
3561 3563 3755 3616 ἑαυτοῦ

2187 3657 2463 3730 χρησμόν·
2496 3659 2758 3727 πρότερον
2789 3656 2887 3727 μὲν
2911 3655 3079 3708 εἰπὼν
3101 3695 3114 3718 ,
3148 3657 3256 3710 Kal
3301 3655 3478 3708 δώσει
3521 3652 3681 3720 αὐτῷ
3727 3659 3761 3708 ό

2188 3752 2330 3816 Θεὸς
2358 3753 2466 3804 τὸν
2506 3753 2720 3818 θρόνον
2767 3751 2948 3804 Δαυῖδ
3001 3752 3106 3805 τοῦ
3140 3751 3363 3818 πατρὸς
3391 3752 3576 3805 αὐτοῦ
3601 3773 3612 3782 ·
3659 3750 3761 3819 εἷθ’

2186 3844 2312 3915 ἑξῆς
2333 3844 2647 3913 ἐπαγαγὼν,
2671 3845 2776 3898 Kal
2794 3845 3156 3908 βασιλεύσει
3194 3847 3282 3910 εἰς
3305 3844 3409 3898 τὸν
3429 3843 3632 3911 αἰῶνα,
3661 3847 3764 3899 καὶ

2184 3936 2294 4004 τῆς
2317 3937 2640 4002 βασιλείας
2665 3936 2852 3989 αὑτοῦ
2891 3938 3000 3989 οὐκ
3036 3935 3205 3988 ἔσται
3234 3934 3428 4001 τέλος.
3487 3935 3670 3988 Ταῦτα
3703 3937 3762 3990 δὲ

2182 4031 2294 4091 τοῖς
2317 4029 2496 4100 ἔργοις
2525 4027 2848 4098 ἐπληροῦτο,
2879 4028 2957 4090 είς
2987 4027 3079 4079 τὸν
3109 4027 3373 4098 ἡμέτερον
3406 4029 3629 4098 Σωτῆρα
3657 4029 3764 4098 ’1η-

2186 4120 2311 4172 σοῦν
2332 4160 2345 4183 ,
2375 4120 2466 4173 τὸν
2492 4120 2724 4192 Χριστὸν
2762 4118 2856 4172 τοῦ
2887 4118 3022 4171 Θεοῦ
3040 4160 3054 4183 ,
3088 4119 3146 4183 ὃς
3176 4121 3240 4173 ὲκ
3264 4122 3575 4192 σπέρματος
3599 4123 3764 4177 Δαυῒδ

2184 4210 2419 4280 γεγονὼς
2443 4214 2634 4282 κρατεῖ
2661 4211 2754 4266 καὶ
2776 4211 3055 4282 νομοθετεῖ
3073 4213 3166 4264 καὶ
3193 4212 3462 4281 βασιλεύει
3489 4214 3614 4266 καθ’.
3631 4215 3762 4286 ὅλης

2182 4305 2282 4372 τῆς
2315 4301 2615 4374 ἀνθρώπων
2647 4303 2972 4374 οἰκουμένης
2994 4345 3008 4367 ,
3058 4305 3158 4357 οὐκ
3187 4305 3540 4378 ἀνθρωπίνως
3563 4349 3576 4369 ,
3624 4307 3763 4359 ἀλλά

2186 4394 2339 4464 θεῖκῇ
2371 4395 2631 4464 δυνάμει·
2671 4395 2762 4447 καὶ
2790 4395 2850 4448 τό
2895 4412 2954 4447 τε
2983 4395 3203 4465 σπέρμα
3236 4396 3398 4449 αὐτοῦ
3433 4397 3648 4466 ἀληθῶς
3677 4401 3762 4460 είς

2183 4485 2272 4537 τὸν
2309 4485 2476 4539 αἰῶνα
2511 4486 2690 4556 μένει·
2721 4486 2840 4556 ῆτοι
2875 4485 2934 4538 τὸ
2959 4487 3057 4556 τῆς
3084 4486 3330 4558 διαδοχῆς
3363 4487 3527 4540 αὐτοῦ
3552 4489 3648 4557 τῆς
3670 4487 3766 4540 διὰ

2183 4579 2289 4630 τῶν
2337 4579 2647 4632 ἀποστόλων
2692 4577 2857 4632 αὑτοῦ
2903 4579 2996 4630 καὶ
3042 4579 3300 4650 μαθητῶν
3346 4581 3433 4631 τὸν
3469 4579 3763 4648 σύμπαντα

2185 4669 2385 4738 κόσμον
2407 4669 2744 4740 πληρούσης·
2773 4669 2805 4740 ἢ
2829 4670 2890 4723 τὸ
2911 4670 3125 4738 λογικὸν
3151 4671 3368 4740 σπέρμα
3390 4671 3488 4741 τῆς
3509 4673 3763 4740 οὐρανίου

2184 4759 2530 4822 διδασκαλίας
2551 4759 2734 4814 αὐτοῦ.
2755 4760 2914 4812 Ἀλλὰ
2934 4761 3025 4812 καὶ
3048 4761 3075 4812 ὁ
3093 4759 3278 4831 θρόνος
3299 4761 3460 4813 αὐτοῦ
3481 4761 3554 4824 ὡς
3569 4765 3597 4814 ὁ
3611 4760 3765 4830 ἣλιος

2183 4850 2453 4920 ἐκλάμπει
2476 4891 2488 4913 ,
2519 4851 2764 4921 φωτίζων
2788 4853 2882 4904 καὶ
2910 4851 3266 4920 καταυγάξων
3294 4852 3392 4916 τὰς
3421 4853 3528 4905 τῶν
3550 4852 3765 4923 ἀνθρώ-

2181 4959 2297 4994 πων
2323 4943 2516 5012 ψυχάς.
2552 4943 2735 4996 Ταῦτα
2760 4944 2815 4996 δὲ
2841 4944 3016 4997 πάντα
3039 4945 3224 5007 τέλους
3265 4945 3500 5014 ὴξιοῦτο,
3523 4946 3615 4997 καὶ
3645 4948 3763 4997 εἰσ-

2181 5036 2262 5088 έτι
2292 5036 2385 5089 νῦν
2423 5035 2721 5106 πληροῦται
2749 5036 3054 5100 ἀκολούθως
3110 5033 3191 5100 οἷς
3218 5037 3428 5107 ῶμοσεν
3457 5039 3486 5090 ὁ
3516 5037 3647 5100 Θεὸς
3681 5037 3763 5108 τῷ

2181 5129 2360 5183 Δαυῖδ.
2440 5129 2571 5182 *Ἀλλ’
2607 5129 2793 5201 ἐπειδὴ
2823 5129 2897 5200 μὴ
2925 5130 3310 5202 ἀνθρωπίνως,
3348 5129 3480 5200 μηδὲ
3512 5129 3763 5198 συνήθως

2180 5224 2291 5285 τοῖς
2317 5223 2457 5276 κατὰ
2476 5223 2759 5294 ἄνθρωπον
2784 5222 3092 5292 βασιλεῦσιν
3113 5224 3191 5284 εἰς
3213 5222 3337 5284 τοὺς
3363 5220 3637 5290 διαδόχους
3660 5219 3761 5274 τοῦ

2182 5315 2340 5366 Δαυῖδ
2369 5315 2672 5385 ἐπληροῦτο
2696 5315 2762 5368 τὰ
2791 5313 3192 5385 ἐπηγγελμένα,
3219 5311 3332 5366 ἀλλ’
3352 5311 3458 5390 οὐδ’
3482 5313 3568 5364 ἐπ’
3592 5311 3759 5364 αὐτὸν

2181 5406 2270 5457 τὸν
2318 5406 2580 5477 ἡμέτερον
2615 5407 2841 5478 Σωτῆρα
2875 5406 3199 5477 σωματικῶς
3225 5404 3410 5466 τέλους
3440 5401 3756 5472 ἐτύγχανεν,

2181 5497 2302 5550 ἐπεὶ
2329 5497 2404 5569 μὴ
2433 5498 2655 5566 γέγονεν
2685 5499 2847 5552 αὑτοῦ
2874 5501 2906 5570 ή
2933 5498 3174 5568 βασιλεία
3201 5501 3267 5552 ἐκ
3297 5497 3389 5551 τοῦ
3415 5499 3620 5567 κόσμου
3644 5496 3761 5548 τοὺ-

2179 5607 2268 5642 του
2290 5627 2304 5652 ,
2341 5589 2462 5658 μηδ’
2498 5591 2588 5642 ἐπὶ
2621 5590 2710 5642 τὸν
2743 5590 2996 5661 αἰσθητὸν
3029 5590 3218 5660 θρόνον
3255 5588 3523 5659 ὲκαθέσθη
3560 5588 3722 5640 Δαυΐδ
3741 5605 3753 5617 θ

2177 5682 2481 5735 τούναντίον
2525 5682 2579 5736 δὲ
2619 5683 2794 5753 ἀπέϐη
2840 5683 2926 5736 διὰ
2961 5683 3018 5735 τὸ
3053 5680 3394 5752 συμϐεϐηκὸς
3435 5681 3562 5750 περὶ
3597 5680 3756 5732 αὐτὸν
