4068 6394
439 322 577 375 1115

1552 322 2054 382 COMMENTARIA
2094 329 2159 383 ΙΝ
2197 329 2535 390 PSALHOS.

3538 341 3671 397 HM

437 439 605 501 πάθος
627 456 639 469 ο
671 438 892 502 εἰκότως
922 441 1014 493 καὶ
1039 440 1210 494 ταῦτα
1236 442 1377 495 αὐτὰ
1408 444 1466 497 τὸ
1500 444 1641 498 θεῖον
1672 447 1766 499 καὶ
1796 464 1976 518 προφη

2078 465 2210 512 ,ηοε
2235 451 2513 519 excitans;
2571 467 2738 522 quare
2787 453 2901 508 ait:
2941 452 3097 508 Nunc
3126 464 3301 510 autem
3331 456 3575 529 γεραιὴτὶ
3624 468 3674 512 et

434 531 581 583 τικὸν
610 531 833 601 Πνεῦμα
864 534 1100 605 παρίστη
1122 575 1135 597 ,
1166 535 1426 607 διεγεῖρον
1470 540 1616 608 ἡμᾶς
1647 538 1739 592 ἐπὶ
1780 538 2003 611 ζήτησιν

432 621 539 674 τῶν
569 622 1020 693 ἀποτελεσμάτων
1044 625 1155 677 τῶν
1186 626 1281 678 τοῦ
1316 626 1449 680 Θεοῦ
1481 628 1675 697 λογίων
1696 648 1708 660 ο
1731 631 1808 684 διό
1836 648 1998 701 φησι·

431 713 579 766 Νυνὶ
617 711 685 765 δὲ
714 713 931 768 ἀπώσω
956 717 1051 769 καὶ
1076 716 1506 784 ἐξουδένωσας,
1538 723 1712 787 Κύριε
1731 760 1744 783 ,
1784 722 2001 775 ἀπεϐά-

430 807 544 856 λου
566 804 672 858 τὸν
692 808 947 874 Χριστόν
970 822 1086 861 σου
1105 824 1119 839 ⁸
1149 808 1557 878 κατέστρεψας
1580 812 1691 879 τὴν
1710 813 2002 881 διαθήκην

430 890 535 949 τοῦ
565 896 787 951 δούλου
815 913 961 962 σου,
989 902 1082 952 καὶ
1112 899 1179 953 τὰ
1200 900 1407 964 τούτοις
1432 902 1556 973 ἑξῆς
1574 919 1587 933 ο
1618 904 1683 956 δι’
1707 899 1780 957 ὧν
1814 905 2000 974 σαφῶς

428 985 685 1055 ὀνομαστὶ
719 988 1095 1056 μνημονεύσας
1118 989 1208 1042 τὸν
1243 992 1475 1061 Χριστὸν
1500 993 1528 1043 ὁ
1555 991 1727 1060 λόγος,
1759 995 1995 1065 παρίστη

426 1076 508 1126 ὅτι
542 1076 706 1146 μηδὲν
730 1079 890 1130 αὐτὸν
914 1078 1065 1131 ἔλαθε
1103 1080 1211 1133 τῶν
1240 1084 1334 1134 καὶ
1363 1084 1490 1154 περὶ
1509 1084 1607 1155 τὴν
1634 1085 1879 1156 διαδοχὴν
1904 1085 1996 1139 τοῦ

426 1168 619 1232 Δαυῒδ,
677 1171 766 1222 καὶ
797 1171 894 1242 τὴν
924 1173 1237 1244 σωματικὴν
1268 1175 1433 1227 αὑτοῦ
1477 1176 1771 1245 βασιλείαν,
1804 1178 1911 1231 τῶν
1938 1196 1996 1232 τε

428 1261 552 1331 περὶ
586 1261 646 1313 τὸ
691 1260 859 1325 πάθος
897 1262 972 1330 τῷ
1001 1264 1220 1336 Χριστῷ
1259 1263 1350 1317 τοῦ
1385 1266 1518 1318 Θεοῦ
1553 1268 1991 1339 συμϐεϐηκότων.

424 1349 609 1403 Ταῦτα
636 1350 765 1419 γοῦν
789 1352 1030 1406 ἐδίδασκε
1060 1356 1360 1428 προσδοκᾷν
1390 1356 1605 1411 ἔσεσθαι
1634 1361 1725 1411 καὶ
1751 1361 1874 1431 περὶ
1898 1360 1995 1430 τὴν

419 1442 666 1512 διαδοχὴν
697 1443 880 1510 αὐτοῦ,
906 1445 1000 1497 καὶ
1024 1447 1151 1516 περὶ
1190 1448 1286 1518 τὴν
1315 1448 1588 1518 βασιλείαν
1609 1488 1624 1512 ,
1652 1450 1778 1521 περί
1813 1467 1872 1503 τε
1905 1452 1994 1503 τὸν

419 1536 484 1587 ἐκ
514 1534 824 1606 σπέρματος
850 1536 941 1588 τοῦ
973 1537 1134 1590 Δαυῒδ
1163 1540 1639 1611 προελευσόμενον.
1674 1543 1737 1594 Εἰ
1764 1542 1872 1612 γὰρ
1900 1545 1994 1597 καὶ

419 1628 487 1681 τὰ
534 1629 765 1699 μάλιστα
820 1631 1045 1685 πλεῖστα
1090 1632 1191 1686 ὅσα
1232 1633 1319 1686 διὰ
1362 1626 1471 1687 τῶν
1513 1635 1764 1706 ἀνωτέρω
1812 1633 1993 1699 ἔνδοξα

419 1720 546 1791 περὶ
586 1720 745 1773 αὐτοῦ
775 1721 990 1776 λέλεκτο
1010 1763 1023 1786 ,
1076 1726 1154 1777 ὅτι
1181 1742 1239 1777 τε
1270 1724 1612 1795 ὑψωθήσεται
1637 1765 1651 1789 ,
1685 1727 1775 1779 καί
1802 1728 1860 1779 ὲν
1893 1726 1991 1778 θα-

2105 543 2404 610 despexisti,
2440 544 2658 599 Domine
2685 584 2699 609 ,
2734 545 2971 614 abjecisti
3015 544 3283 601 Christum
3321 557 3507 601 tuum:
3536 565 3675 602 ever-

2106 633 2215 685 tisti.
2239 641 2605 686 testamentum
2635 635 2769 687 servi
2795 635 2905 698 tui,
2953 642 3007 689 et
3046 644 3243 689 caetera
3278 656 3289 690 :
3324 636 3479 705 queis
3527 638 3672 690 clare

2101 720 2379 777 Christum
2409 738 2739 785 memorans,
2785 723 3007 784 indicat,
3043 723 3176 777 nihil
3211 739 3397 778 eorum
3431 738 3550 792 qua:
3600 723 3667 776 ad

2102 813 2502 867 successionem
2532 812 2773 876 Davidis,
2805 821 2860 869 et
2888 829 3211 884 corporeum
3248 814 3367 884 ejus
3416 830 3664 884 regnum,

2098 916 2308 954 necnon
2338 916 2525 956 eorum
2554 918 2675 971 quae
2724 902 2778 956 in
2828 906 3083 972 passione
3128 904 3348 959 Christo
3378 903 3471 958 Dei
3520 905 3667 959 acci-

2098 992 2316 1057 derunt,
2344 994 2509 1049 latere
2528 994 2653 1049 sibi.
2687 994 2812 1049 llaec
2832 995 2999 1064 igitur
3021 997 3207 1049 docuit
3229 996 3296 1051 de
3316 997 3665 1051 successione

2097 1083 2216 1153 ejus
2236 1093 2299 1138 .et
2321 1100 2506 1154 regno,
2537 1099 2601 1137 ac
2624 1085 2689 1139 de
2716 1100 2782 1139 eo
2809 1086 2901 1155 qui
2930 1101 2995 1140 ex
3023 1086 3232 1140 semine
3275 1085 3441 1139 David
3485 1086 3665 1155 prodi—

2095 1182 2251 1231 turus
2281 1185 2398 1230 erat
2428 1176 2793 1246 exspectanda
2843 1193 2985 1233 esse.
3037 1177 3187 1232 Licet
3215 1179 3359 1232 enim
3409 1179 3661 1248 superius

2095 1269 2493 1337 quamplurima
2549 1268 2616 1323 de
2654 1268 2747 1322 illo
2788 1269 3028 1339 gloriosa
3082 1270 3226 1324 dicta
3261 1270 3483 1331 fuerint,
3514 1268 3657 1339 quod

2096 1360 2304 1415 scilicet
2324 1359 2643 1414 exaltandus
2661 1361 2750 1423 sit,
2767 1361 2911 1429 quod
2927 1361 2981 1413 in
2997 1375 3143 1414 mare
3160 1367 3212 1413 et
3232 1360 3283 1413 in
3302 1360 3519 1413 [lumina
3545 1374 3662 1412 ma-

2094 1462 2575 1507 nuniextensurus
2627 1453 2728 1517 sit,
2784 1453 2929 1522 quod
2979 1451 3146 1507 Deum
3201 1453 3552 1505 invocaturus
3592 1453 3658 1504 sit

2103 1542 2334 1606 Patrem,
2366 1551 2419 1597 et
2451 1544 2636 1597 abillo
2669 1558 2889 1597 rursum
2938 1542 3336 1613 Primogenitus
3368 1542 3655 1596 declaran-

2094 1635 2196 1689 dus
2229 1636 2320 1697 sit,
2350 1635 2696 1704 prmstantior
2748 1634 2965 1689 futurus
3000 1635 3071 1690 sit
3110 1635 3364 1689 omnibus
3395 1634 3613 1703 regibus
3638 1672 3653 1697 ,

2093 1732 2474 1781 testamentum
2506 1727 2659 1781 lidele
2688 1726 2979 1782 habiturus
3008 1728 3110 1790 sit,
3157 1734 3211 1782 et
3244 1742 3425 1781 semen
3467 1726 3519 1779 in
3555 1740 3655 1779 sae-

416 1811 590 1885 λάσσῃ
640 1815 732 1865 καὶ
782 1816 838 1866 ἐν
890 1819 1146 1885 ποταμοῖς
1193 1817 1289 1887 τὴν
1344 1820 1501 1888 χεῖρα
1550 1817 1713 1871 αὐτοῦ
1759 1819 1976 1879 ὲκτενεῖ,

2089 1819 2271 1872 culum
2296 1819 2477 1873 smculi
2510 1834 2855 1889 permanens,
2889 1820 3148 1874 thronum
3192 1820 3319 1873 item
3367 1819 3653 1887 durantem

415 1902 795 1957 ὲπικαλέσεταί
828 1921 886 1957 τε
918 1906 1008 1958 τὸν
1040 1906 1170 1959 Θεὸν
1220 1908 1467 1979 Πατέρα,
1518 1909 1611 1961 καὶ
1659 1908 1793 1979 πρὸς
1823 1909 1987 1962 αὐτοῦ

416 1994 573 2048 πάλιν
611 1998 959 2066 Πρωτότοκος
1002 1999 1493 2071 ἀναγορευθήσεται
1517 2040 1531 2063 ,
1569 2000 1720 2053 ἔσται
1762 2018 1819 2053 τε
1851 2001 1989 2055 ἀνώ-

411 2104 572 2150 τατος
621 2088 727 2141 τῶν
787 2088 1081 2158 βασιλέων,
1137 2092 1231 2143 καὶ
1282 2091 1546 2163 διαθήκην
1586 2092 1696 2156 ἔξει
1750 2094 1982 2164 πιστήν’

412 2180 504 2232 καὶ
535 2180 753 2250 σπέρμα
783 2178 1033 2251 διαμένον
1068 2183 1145 2244 εἰς
1173 2182 1262 2235 τὸν
1296 2184 1464 2237 αἰῶνα
1494 2184 1586 2237 τοῦ
1620 2184 1844 2251 αἰῶνος,
1891 2184 1986 2237 καὶ

411 2272 600 2343 θρόνον
644 2272 964 2344 διαρκοῦντα
1014 2272 1153 2326 κατὰ
1192 2273 1291 2337 τὰς
1334 2274 1545 2346 ἡμέρας
1593 2275 1685 2339 τοῦ
1730 2275 1981 2346 ούρανοῦ,

410 2365 505 2417 καὶ
556 2364 692 2418 κατὰ
741 2364 828 2416 τὸν
878 2364 1027 2435 ἣλιον
1073 2364 1167 2418 καὶ
1208 2364 1305 2436 τὴν
1351 2365 1575 2435 σελήνην
1603 2381 1619 2396 ο
1670 2365 1785 2419 ἀλλ’
1838 2366 1984 2435 ὅμως

410 2456 504 2507 καὶ
528 2455 652 2509 τάδε
677 2455 747 2508 τὰ
782 2456 1079 2527 σκυθρωπὰ
1108 2459 1235 2529 περὶ
1259 2458 1419 2511 αὐτὸν
1446 2457 1817 2529 συμϐήσεσθαι
1843 2475 1981 2529 προ-

407 2547 593 2623 λέγει,
650 2549 979 2619 προφητεύει
1029 2568 1086 2603 τε
1133 2552 1227 2605 καὶ
1273 2549 1445 2604 ταῦτα
1493 2552 1585 2604 καὶ
1636 2550 1981 2621 προδιδάσκει

407 2639 722 2707 ἀναγκαίως
766 2641 824 2693 τὸ
865 2641 1005 2695 θεῖον
1035 2642 1256 2713 Πνεῦμα
1277 2682 1291 2706 ,
1320 2642 1386 2695 ἵν’
1412 2641 1465 2694 εἴ
1497 2658 1626 2696 ποτε
1665 2644 1776 2704 τοῖς
1803 2640 1982 2710 λόγοις

405 2732 671 2786 ἀκόλουθα
711 2735 1039 2807 ἀπαντήσειε
1075 2736 1142 2789 τὰ
1188 2736 1323 2806 ἔργα
1358 2736 1483 2807 περί
1526 2755 1584 2789 τε
1629 2736 1718 2790 τὸν
1748 2737 1980 2807 Χριστὸν

405 2823 498 2876 τοῦ
519 2824 673 2889 Θεοῦ,
702 2827 794 2879 καλ⁹
818 2827 944 2897 περὶ
966 2828 1062 2895 τὴν
1089 2828 1179 2880 τοῦ
1205 2827 1364 2880 Δαυῒδ
1388 2828 1656 2899 διαδοχὴν,
1686 2829 1759 2899 μὴ
1787 2827 1981 2897 ταράτ-

405 2934 578 2971 τοιντο
600 2920 648 2971 οί
684 2920 847 2973 πάλαι
881 2920 1051 2974 ταῦτα
1083 2921 1174 2974 καὶ
1210 2924 1272 2974 ἐκ
1306 2922 1581 2993 προγόνων
1618 2919 1829 2991 μέλλειν
1859 2920 1978 2972 ἔσε-

406 3012 527 3066 σθαι
568 3014 991 3086 παρειληφότες·
1025 3012 1084 3068 εῦ
1117 3016 1316 3078 εἰδότες
1346 3018 1425 3069 ὅτι
1458 3016 1628 3069 ταῦτα
1653 3014 1978 3086 γενήσεσθαι

403 3103 529 3173 περὶ
570 3104 729 3158 αὑτὸν
783 3106 1258 3176 προεφητεύσατο,
1307 3107 1376 3160 τά
1423 3123 1484 3158 τε
1530 3105 1831 3177 σκυθρωπά
1883 3104 1977 3157 καὶ

2090 1911 2229 1964 sicut
2273 1910 2390 1965 dies
2416 1912 2538 1967 coeli
2569 1919 2621 1966 et
2666 1912 2810 1967 sicut
2860 1914 3044 1966 lunam
3077 1926 3141 1966 ac
3182 1913 3386 1978 solem;
3415 1919 3654 1964 attamen

2088 2000 2203 2053 haec
2226 2000 2401 2055 tristia
2424 2001 2527 2070 ipsi
2551 2010 2812 2056 eventura
2862 2017 2985 2057 esse
3018 2001 3343 2071 praenuntiat
3376 2017 3391 2055 :
3433 2000 3655 2067 bamque

2088 2093 2399 2146 necessario
2439 2093 2703 2162 prtedicit,
2738 2107 2800 2146 ac
2826 2092 3020 2147 docere
3079 2092 3365 2146 antevertit
3415 2089 3654 2160 Spiritus

2086 2184 2337 2246 divinus;
2390 2191 2449 2237 ut
2483 2185 2529 2239 si
2563 2185 2783 2252 quando
2834 2184 3132 2238 secundum
3187 2199 3493 2238 sermonem
3532 2184 3651 2251 ejus

2086 2276 2201 2332 hzec
2236 2278 2455 2331 Christo
2489 2286 2543 2332 et
2570 2277 2792 2332 Davidis
2824 2278 3161 2331 successioni
3196 2276 3528 2340 acciderint,
3583 2292 3653 2331 ne

2085 2370 2373 2423 turbentur
2405 2370 2463 2431 ii,
2491 2369 2586 2437 qui
2610 2369 2723 2437 jam
2753 2369 2883 2422 olim
2928 2376 2983 2423 et
3012 2384 3041 2421 a
3072 2369 3373 2436 majoribus
3403 2368 3517 2421 haec
3566 2367 3654 2421 fu-

2085 2470 2203 2514 tura
2251 2476 2373 2515 esse
2427 2460 2779 2522 didicerant,
2829 2460 2980 2528 gnari
3034 2459 3245 2513 scilicet
3282 2459 3337 2512 in
3369 2458 3648 2528 prophetia

2084 2549 2272 2604 istliaec
2326 2549 2505 2604 futura
2536 2550 2921 2618 praenuntiari,
2989 2548 3104 2605 sive
3142 2550 3348 2611 tristia,
3402 2549 3515 2603 sive
3546 2549 3649 2602 mi-

2084 2642 2221 2697 tiora
2248 2660 2261 2696 :
2298 2657 2417 2711 quae
2442 2657 2573 2696 sane
2602 2642 2744 2697 idem
2778 2656 2961 2697 sermo
2989 2641 3116 2697 licet
3138 2640 3435 2702 contraria.
3459 2640 3515 2695 in
3548 2656 3646 2695 eo-

2081 2732 2201 2785 dem
2232 2733 2348 2802 ipso
2372 2740 2632 2788 eventura
2670 2732 3019 2795 vaticinatur,
3045 2747 3271 2802 quaeque
3315 2731 3450 2800 ipsis
3478 2730 3650 2799 operi-

2080 2826 2182 2880 bus
2223 2825 2490 2893 completa
2535 2824 2864 2893 accepimus.
2916 2823 3049 2877 Nam
3097 2833 3336 2893 tempore
3377 2821 3647 2891 passionis

2082 2915 2390 2971 Servatoris
2411 2916 2585 2971 nostri
2616 2915 2791 2970 tristia
2841 2915 2932 2968 illa
2967 2915 3020 2968 in
3055 2915 3176 2983 ipso
3220 2922 3347 2969 sunt
3391 2913 3645 2982 impleta;

2080 3016 2270 3079 postea
2304 3023 2452 3071 vero,
2482 3008 2864 3077 praestantiora
2919 3008 3011 3061 illa
3043 3010 3311 3077 promissa
3358 3007 3413 3060 in
3452 3004 3645 3061 eodem

2079 3101 2335 3171 operibus
2372 3100 2506 3170 ipsis
2544 3099 2782 3170 perfecta
2814 3107 2960 3155 sunt.

403 3194 765 3266 χρηστότερα·
816 3192 896 3258 οἷς
942 3196 1072 3264 γοῦν
1129 3199 1222 3250 καὶ
1253 3198 1280 3248 ὀ
1307 3193 1478 3261 ἀὐτὸς
1510 3197 1665 3264 λόγος
1694 3196 1951 3250 τάναντία
1984 3193 2112 3264 περὶ
2141 3193 2237 3245 ἕνα
2268 3192 2363 3245 καὶ
2412 3193 2507 3245 τὸν
2557 3192 2716 3245 αὑτὸν
2752 3191 2971 3245 ἔσεσθαι
3024 3191 3301 3254 θεσπίζει,
3354 3190 3390 3243 ἃ.
3436 3190 3499 3260 δὴ
3550 3188 3645 3243 καὶ

402 3289 580 3357 ἔργοις
633 3290 809 3350 αὐτοῖς
854 3288 1286 3360 παρειλήφαμεν.
1339 3288 1496 3342 Κατὰ
1554 3289 1650 3358 μὲν
1679 3288 1785 3359 γὰρ
1826 3289 1918 3341 τὸν
1957 3286 2147 3357 χρόνον
2180 3284 2274 3337 τοῦ
2321 3283 2524 3347 πάθους
2566 3283 2659 3336 τοῦ
2726 3284 2977 3354 Σωτῆρος
3016 3283 3171 3353 ἡμῶν
3212 3280 3513 3353 ἐπληροῦτο
3564 3283 3645 3345 εἰς

400 3379 561 3431 αὑτὸν
598 3379 665 3433 τὰ
700 3380 1121 3453 σκυθρωπότερα
1140 3380 1318 3451 ’κατὰ
1343 3381 1398 3433 δὲ
1422 3381 1511 3435 τὸν
1538 3380 1676 3452 μετὰ
1715 3379 1885 3433 ταῦτα
1906 3381 1960 3432 αἱ
1990 3377 2098 3431 τῶν
2126 3376 2447 3448 κρειττόνων
2475 3375 2795 3443 ἐπαγγελίαι
2824 3375 3007 3448 ἔργοις
3032 3374 3191 3427 πάλιν
3220 3376 3299 3438 εἰς
3319 3375 3479 3428 αὑτὸν
3529 3374 3643 3427 ἑτε-

398 3469 654 3526 λειοῦντο.

468 3585 551 3638 Τὰ
582 3586 678 3655 μὲν
697 3580 788 3639 οῦν
821 3587 948 3657 περὶ
974 3586 1032 3638 τὸ
1061 3585 1229 3650 πάθος
1251 3587 1398 3658 αὐτῷ
1423 3604 1484 3639 συ
1493 3586 1705 3657 μ6άντα
1728 3585 1966 3657 ἀκριϐῶς

2136 3580 2266 3646 Quae
2298 3579 2460 3647 igitur
2486 3579 2541 3631 in
2573 3577 2826 3647 passione
2854 3577 2972 3643 ejus
3014 3575 3352 3639 acciderunt,
3389 3584 3641 3631 accurate

398 3678 648 3748 ἐδηλοῦτο
671 3677 760 3731 διὰ
778 3678 892 3731 τοῦθ
928 3679 1012 3731 Σὺ
1041 3678 1108 3731 δὲ
1138 3679 1376 3741 ἀπώσω,
1404 3679 1500 3732 καὶ
1535 3678 1967 3744 ἐξουδὲνωσας,

397 3768 693 3823 ἁνεϐάλου
742 3771 849 3822 τὸν
880 3772 1135 3837 Χριστόν
1174 3785 1309 3824 σου.
1359 3771 1498 3824 Ἀνθ’
1526 3763 1585 3823 οῦ
1609 3773 1637 3823 ὁ
1674 3770 1771 3840 μὲν
1813 3770 1971 3822 Ἀκύ-

397 3860 493 3924 λας
520 3861 704 3932 φησὶν,
750 3861 1227 3929 ’Υπερηθέτησας
1250 3861 1399 3930 μετὰ
1428 3861 1786 3931 ἠλειμμένου
1816 3877 1931 3915 σου
1952 3878 1964 3889 ·

395 3953 425 4003 ὁ
453 3953 510 4006 δὲ
536 3952 847 4023 Σύμμαχος,
887 3952 1224 4021 Ἐχολώθης
1251 3954 1399 4021 πρὸς
1423 3953 1530 4006 τόν
1552 3954 1807 4021 Χριστόν
1828 3968 1963 4006 σου.

396 4045 439 4095 Τ
444 4043 709 4115 ηνικαῦτα
750 4044 806 4096 δὲ
839 4042 1031 4111 καὶτὰ
1062 4042 1160 4112 τῆς
1195 4043 1469 4114 Διαθήκης
1506 4041 1669 4096 αὑτοῦ
1701 4043 1797 4113 τῆς
1831 4042 1967 4114 πρὸς

394 4137 520 4199 τοὺς
551 4134 876 4197 ἀποστόλους
906 4133 1276 4204 διεσκεδάσθη,
1306 4135 1393 4187 ὅτε
1418 4134 1512 4186 καὶ
1540 4134 1844 4204 1ηρνήσαντο
1872 4132 1968 4186 αύ-

394 4228 505 4292 τὸν,
533 4227 625 4281 καὶ
652 4227 714 4279 τὸ
742 4227 989 4296 ἁγίασμα
1014 4225 1199 4289 αὐτοῦ,
1240 4226 1483 4279 τουτέστι
1512 4226 1569 4278 τὸ
1597 4224 1754 4293 σῶμα
1776 4225 1836 4276 το
1858 4224 1967 4276 ἀπὸ

393 4320 492 4389 τῆς
529 4318 691 4386 ἁγίας
732 4316 1008 4388 Παρθένου
1029 4355 1043 4379 ,
1086 4319 1164 4379 είς
1186 4318 1286 4387 τὴν
1324 4318 1425 4387 γῆν
1457 4315 1765 4387 ὲ6ε6ηλώθη
1786 4334 1798 4346 ·
1832 4315 1965 4369 ἀλλὰ

395 4411 487 4463 καὶ
536 4413 744 4474 πάντας
790 4411 915 4473 τοὺς
957 4412 1243 4482 φραγμοὺς
1289 4410 1450 4464 αὑτοῦ
1485 4411 1603 4463 τότε
1633 4410 1903 4481 περιεῖλεν
1938 4413 1966 4464 ὁ

392 4498 524 4561 Θεὸς
542 4516 555 4529 ο
590 4499 786 4570 δηλαδὴ
817 4499 942 4562 τοὺς
965 4500 1448 4570 περιφράττοντας,
1476 4500 1662 4569 ὥσπερ
1691 4502 1784 4554 καὶ
1812 4502 1967 4573 δορυ-

394 4588 690 4660 φοροῦντας
725 4590 884 4643 αύτδν
915 4590 1008 4643 καὶ
1034 4590 1395 4661 περιέποντας
1427 4592 1688 4660 ἀγγέλους
1708 4610 1721 4623 ·
1762 4593 1823 4645 οὐ
1857 4593 1963 4664 μὴν

392 4678 527 4731 ἀλλὰ
551 4679 643 4731 καὶ
667 4679 732 4731 τὰ
760 4678 1091 4750 ὀχυρώματα
1111 4678 1292 4731 αὑτοῦ.
1318 4675 1496 4732 ’Ἦσαν
1516 4680 1573 4733 δὲ
1595 4674 1738 4734 οῦτοι
1765 4682 1812 4732 οἱ
1839 4681 1965 4734 ἁπό-

392 4772 564 4824 στολοι
596 4773 688 4824 καὶ
716 4773 764 4825 οἱ
796 4770 1032 4842 μαθηταὶ
1064 4771 1250 4836 αὐτοῦ,
1282 4772 1330 4823 οἳ
1362 4772 1607 4841 ἐγένοντο
1633 4774 1715 4835 είς
1739 4773 1959 4837 δειλίαν,

390 4864 466 4926 ὡς
504 4864 597 4916 καὶ
631 4864 967 4933 ἀρνήσασθαι
1000 4864 1160 4916 αὐτὸν
1198 4864 1293 4916 καὶ
1322 4864 1720 4927 καταλιπόντας
1746 4868 1955 4934 φυγεῖν.

390 4955 521 5007 Τότε
564 4954 620 5007 δὲ
653 4956 746 5007 καὶ
772 4955 998 5026 ἐγενήθη
1032 4957 1110 5018 εἰς
1137 4950 1333 5018 ὄνειδος
1365 4958 1475 5018 τοῖς
1504 4957 1739 5024 γείτοσιν
1772 4957 1956 5021 αὑτοῦ,

388 5049 484 5099 καὶ
502 5046 687 5119 ὑψώθη
714 5046 908 5117 ὴδεξιὰ
939 5049 1043 5100 τῶν
1074 5048 1360 5102 θλιϐόντων
1388 5050 1568 5103 αὐτόν·
1590 5052 1682 5103 καὶ
1705 5049 1771 5103 τὰ
1800 5050 1959 5104 λοιπὰ

386 5139 445 5191 δὲ
477 5140 651 5193 πάντα
674 5139 793 5191 τότε
816 5141 893 5201 εἰς
916 5139 1004 5191 τὸν
1030 5142 1093 5191 ὲκ
1121 5140 1432 5210 σπέρματος
1448 5141 1608 5194 Δαυῒδ
1636 5141 1955 5213 ἐπληροῦτο.

391 5228 597 5297 Ἄλλως
623 5229 693 5297 γὰ
703 5246 733 5299 ρ
756 5230 856 5281 οὐκ
885 5228 948 5281 ἄν
967 5247 1049 5291 τις
1085 5229 1194 5299 ἔχοι
1223 5229 1392 5283 ταῦτα
1408 5232 1492 5283 ἐπ’
1518 5232 1677 5284 αὑτὸν
1695 5232 1784 5284 τὸν
1801 5231 1961 5284 Δαυῒδ

386 5320 743 5390 ἐφαρμόζειν,
777 5321 884 5372 οὐδ’
917 5319 1175 5384 ἐπιδεῖξαι
1213 5324 1291 5384 εἰς
1318 5323 1523 5373 ἐκεῖνον
1555 5322 1959 5394 πεπληρωμένα

382 5412 449 5465 τὰ
473 5413 828 5483 προκείμενα,
849 5412 923 5474 ὡς
940 5412 1056 5464 οὐδὲ
1077 5413 1145 5466 τὰ
1176 5416 1471 5484 σεμνότερα
1501 5417 1595 5469 καὶ
1625 5418 1970 5487 χρηστότεραο

382 5502 730 5573 ὲμφερόμενα
752 5505 872 5565 ταῖς
889 5502 980 5555 τοῦ
1002 5502 1134 5555 Θεοῦ
1163 5505 1527 5573 ἐπαγγελίαις,
1553 5507 1627 5559 Οὐ
1650 5506 1756 5577 γὰρ
1778 5506 1842 5578 δὴ
1864 5506 1957 5560 τοῦ

382 5592 541 5646 Δαυτδ
562 5594 590 5645 ὀ
618 5594 804 5665 θρόνος
834 5594 1143 5664 κατηύγασε
1172 5597 1268 5664 τὴν
1296 5596 1586 5666 σύμπασαν
1610 5598 1954 5670 οἰκουμένην,

381 5684 534 5754 δίκην
554 5684 704 5755 ἡλίου
733 5685 991 5754 φωτίσας,
1012 5685 1119 5738 οὐδ’
1135 5687 1259 5757 ὼςη
1283 5688 1474 5759 σελήνη
1501 5689 1728 5760 διαρκὴς
1743 5689 1952 5757 γέγονε,

384 5775 503 5829 οὐδὲ
519 5779 597 5840 εἰς
624 5777 711 5831 τὸν
727 5777 897 5835 αἰῶνα
919 5778 1009 5832 τοῦ
1033 5778 1225 5844 αἰῶνος
1241 5780 1568 5851 διεφυλάχθη
1592 5799 1601 5808 τ
1625 5780 1731 5833 οὐδ’
1748 5779 1859 5849 ἔχει
1876 5780 1955 5834 λό-

2071 3670 2431 3739 praenuntiata
2482 3675 2609 3722 sunt
2651 3668 2739 3722 his
2784 3668 3007 3721 verbis:
3045 3664 3123 3718 Tu
3150 3682 3267 3720 vero
3313 3668 3554 3735 repulisti
3588 3677 3641 3722 et

2069 3761 2371 3831 despexisti,
2405 3759 2641 3829 abjecisti
2666 3758 2935 3813 Christum
2961 3771 3128 3812 tuum.
3161 3760 3270 3811 Pro
3309 3773 3419 3828 quo
3445 3760 3637 3829 Aquila

2070 3854 2145 3907 ait
2178 3873 2190 3908 :
2221 3853 2493 3906 Distulisti
2520 3869 2638 3906 cum
2674 3861 2829 3904 uncto
2863 3860 2985 3913 tuo;
3016 3850 3377 3919 Symmachus
3406 3859 3584 3905 autem
3621 3869 3636 3906 :

2072 3944 2253 3999 Iratus
2304 3961 2356 3998 es
2406 3953 2590 3997 contra
2636 3942 2904 3997 Christum
2945 3952 3111 3994 tuum.
3145 3940 3298 3996 Tunc
3326 3958 3490 4011 porro
3518 3958 3639 4012 quae

2069 4039 2133 4093 ad
2165 4045 2545 4093 testamentum
2591 4036 2853 4107 apostolis
2886 4035 3070 4089 datum
3103 4035 3442 4105 spectabant,
3475 4036 3624 4091 dissi-

2066 4140 2190 4201 pata
2231 4138 2377 4194 sunt,
2408 4130 2626 4199 quando
2673 4129 2850 4198 ipsum
2905 4128 3262 4197 abnegarunt.
3293 4136 3347 4183 et
3380 4136 3635 4183 sanctua-

2067 4223 2207 4275 rium
2241 4220 2380 4289 ejus,
2418 4220 2469 4273 id
2514 4228 2600 4273 est
2645 4233 2846 4287 corpus
2894 4232 2960 4271 ex
3013 4226 3202 4272 sancta
3242 4216 3463 4288 Virgine
3488 4234 3638 4273 acce-

2067 4320 2236 4382 ptum,
2269 4312 2321 4365 in
2360 4318 2501 4365 terra
2536 4309 2880 4380 profanatum
2932 4318 3035 4364 est.
3081 4308 3192 4363 lmo
3239 4312 3400 4364 etiam
3447 4324 3637 4364 omnes

2066 4419 2221 4473 sepes
2249 4402 2368 4471 ejus
2402 4409 2538 4456 tunc
2570 4401 2797 4456 abstulit
2835 4402 2995 4467 Deus,
3021 4400 3273 4456 videlicet
3297 4401 3519 4470 angelos
3539 4402 3637 4454 sti-

2064 4502 2254 4563 pantes
2288 4509 2433 4555 eum,
2469 4507 2534 4547 ac
2563 4492 2873 4548 satellitium
2905 4500 3125 4562 agentes
3154 4501 3207 4545 et
3238 4491 3631 4547 ministrantes.

2064 4584 2304 4655 Itemque
2356 4585 2692 4638 munimenta
2730 4584 2864 4653 "ejus
2916 4584 3115 4639 ablata.
3140 4583 3215 4637 Ea
3263 4592 3442 4638 autem
3476 4592 3633 4637 erant

2064 4680 2296 4750 apostoli
2349 4680 2470 4749 ejus
2515 4688 2570 4733 et
2617 4679 2890 4747 discipuli,
2918 4680 3009 4747 qui
3038 4686 3187 4730 tanta
3218 4676 3507 4731 formidine
3540 4690 3629 4729 re-

2063 4773 2191 4843 plcti
2235 4780 2382 4835 sunt,
2422 4781 2481 4826 ut
2515 4773 2847 4841 abnegarent
2884 4786 3030 4831 eum,
3063 4770 3287 4839 ipsoque
3321 4771 3511 4825 relicto
3542 4769 3631 4823 fu-

2062 4873 2269 4935 gerent.
2306 4863 2460 4919 Tunc
2494 4873 2671 4917 autem
2705 4862 2882 4916 factus
2917 4868 3001 4917 est
3030 4862 3083 4915 in
3112 4861 3463 4930 opprobrium
3496 4862 3632 4915 vici-

2062 4958 2148 5010 nis
2183 4956 2319 5020 suis,
2350 4963 2404 5009 et
2429 4956 2663 5009 exaltata
2693 4962 2777 5008 est
2805 4953 3023 5007 dextera
3056 4952 3428 5006 tribulantium
3460 4967 3582 5005 eum
3611 4971 3624 5005 :

2062 5062 2126 5099 ac
2164 5053 2358 5099 caetera
2389 5045 2572 5098 omnia
2607 5044 2661 5096 in
2686 5058 2772 5104 eo,
2803 5043 2897 5112 qui
2931 5057 2994 5097 ex
3024 5042 3231 5095 semine
3259 5040 3480 5095 Davidis
3512 5056 3631 5109 pro-

2060 5139 2256 5201 dierat,
2295 5144 2425 5190 tunc
2458 5137 2674 5206 impleta
2724 5143 2870 5190 sunt.
2901 5134 3050 5189 Alias
3092 5135 3235 5189 enim
3266 5149 3425 5188 neruo
3461 5135 3632 5202 possit

2061 5229 2249 5283 isthtec
2296 5230 2396 5298 ipsi
2451 5227 2640 5282 Davidi
2685 5236 2962 5296 coaptare,
2992 5242 3168 5295 neque
3195 5226 3483 5281 ostendere
3512 5226 3627 5281 luec

2061 5337 2181 5391 quae
2210 5330 2507 5375 tractamus
2531 5320 2748 5389 impleta
2779 5321 2833 5373 in
2866 5320 2987 5388 ipso
3015 5335 3170 5383 esse;
3194 5326 3252 5371 ut
3283 5333 3459 5386 neque
3492 5333 3628 5385 pne-

2060 5414 2323 5469 stantiora
2353 5421 2408 5467 et
2437 5413 2653 5466 mitiora
2684 5427 2804 5481 qua:
2834 5412 2887 5465 in
2918 5412 3204 5481 promissis
3234 5409 3329 5464 Dei
3358 5411 3625 5464 feruntur.
3657 5400 3662 5410 “

2056 5504 2242 5575 Neque
2262 5505 2405 5560 enim
2424 5504 2644 5559 Davidis
2665 5504 2894 5559 thronus
2916 5504 3099 5557 radios
3122 5504 3294 5559 instar
3317 5503 3450 5557 solis
3472 5506 3630 5557 emit-

2056 5598 2221 5653 t-endo
2254 5604 2426 5651 totum
2460 5596 2784 5651 illuminavit
2809 5596 3019 5660 orbem,
3048 5611 3223 5665 neque
3251 5602 3309 5649 ut
3349 5595 3475 5648 luna
3508 5611 3631 5664 per—

2056 5698 2253 5761 petuus
2283 5690 2404 5758 fuit,
2436 5705 2612 5759 neque
2663 5689 2716 5743 in
2769 5689 3029 5743 sacculum
3059 5688 3239 5743 sreculi
3272 5695 3627 5741 conservatus

2056 5790 2153 5838 est.
2190 5780 2373 5849 Neque
2415 5781 2521 5836 ulla
2563 5784 2768 5836 ratione
2818 5788 2991 5847 potest
3022 5780 3109 5835 ille
3146 5779 3310 5833 David
3350 5778 3621 5845 Primogc-
