4068 6394
417 371 558 427 HIS

1195 369 1468 429 EUSEBII
1507 366 1984 426 CESARIENSIS
2021 366 2169 421 ()PP.
2204 362 2384 419 PARS
2422 360 2512 416 Ill.
2545 390 2616 401 —
2650 355 3061 411 EXEGETICA.

3524 357 3666 404 11η

415 495 565 541 nttus
591 485 685 541 Dei
717 482 903 540 vocari
931 505 945 541 :
974 486 1409 558 quandoquidem
1438 495 1562 541 ante
1591 493 1644 541 et
1670 493 1792 556 post
1824 485 1974 539 illum

2084 499 2171 551 γον
2184 481 2274 535 τὸν
2289 479 2448 534 Δαυῖδ
2466 478 2668 531 ἐκεῖνον
2683 473 3032 546 Πρωτότοκον
3048 486 3151 541 χρη
3161 485 3264 540 ματ
3274 467 3381 520 ίσαι
3402 464 3492 558 τοῦ
3504 464 3658 516 Θεοῦ·

416 579 654 633 sexcenti
680 578 770 631 illo
794 580 1199 648 prarstantiores
1228 579 1395 633 fuere.
1432 578 1617 648 Neque
1644 579 1857 631 videtur
1891 575 1986 629 Da-

416 671 502 723 vid
535 671 812 725 dexteram
846 672 903 725 in
945 671 1189 732 ﬂumina,
1226 674 1505 727 sinistram
1536 672 1591 724 in
1623 685 1772 725 mare
1798 681 1987 724 exten-

414 758 584 822 disse,
614 773 788 829 neque
809 758 1120 815 dominatus
1148 768 1234 815 est
1276 775 1307 813 a
1349 760 1485 814 mari
1511 775 1685 829 usque
1711 759 1778 812 ad
1814 773 1983 823 mare,

414 865 591 920 neque
623 866 845 920 regnum
879 852 1136 915 obtinuit,
1176 852 1319 922 quod
1350 852 1679 922 pertingeret
1713 866 1886 919 usque
1919 850 1983 903 ad

414 940 677 995 terminos
704 950 876 995 terrae.
900 940 1084 1011 Neque
1106 942 1267 995 etiam
1292 940 1402 994 lilio
1424 940 1545 1008 ejus
1572 940 1848 994 Salomoni
1872 940 1984 993 hac

414 1032 663 1101 adaptari
708 1041 989 1102 possunt:
1031 1048 1155 1086 nam
1208 1032 1298 1085 hic
1350 1032 1575 1101 perinde
1629 1039 1792 1101 atque
1830 1041 1986 1102 pater

412 1123 553 1192 ejus,
586 1139 696 1178 non
735 1125 874 1179 ultra
904 1124 1143 1179 Iudaeam
1176 1125 1483 1194 imperavit,
1520 1140 1697 1194 neque
1730 1131 1789 1178 ut
1832 1132 1987 1194 pater

411 1215 552 1284 ejus,
582 1216 705 1287 plus
734 1218 1094 1287 quadraginta
1127 1217 1286 1273 annis
1332 1217 1579 1287 regnavit
1612 1236 1625 1271 :
1659 1232 1835 1286 neque
1877 1216 1987 1270 cri-

412 1309 560 1362 mine
585 1323 813 1362 vacuam
845 1308 1009 1362 vitam
1037 1323 1294 1363 emensus
1323 1315 1425 1363 est.
1454 1308 1572 1361 Tali
1610 1323 1845 1378 namque
1875 1322 1987 1361 mo-

413 1397 484 1450 do
507 1412 566 1451 se
594 1398 783 1468 gessit,
814 1405 874 1451 ut
899 1404 1123 1467 propter
1146 1397 1396 1452 insanum
1424 1398 1710 1453 mulierum
1743 1412 1983 1451 amorem

411 1494 465 1541 et
495 1486 855 1542 idololatriam
893 1489 1034 1543 male
1063 1488 1317 1559 audierit,
1350 1503 1457 1558 qua
1504 1488 1571 1543 de
1620 1502 1785 1542 causa
1834 1486 1986 1541 Sata-

412 1588 536 1628 nam
564 1575 667 1645 ipsi
708 1576 1005 1631 suscitasse
1034 1576 1238 1631 dicitur
1263 1575 1634 1632 Deus.Verum
1662 1593 1837 1647 neque
1861 1586 1985 1647 post

414 1664 759 1722 Salomonem
794 1667 861 1721 ad
891 1668 1119 1722 alterum
1161 1684 1347 1739 regum
1377 1666 1687 1723 Iudaeorum
1715 1685 1779 1724 ex
1812 1668 1981 1724 semi-

412 1772 481 1812 ne
512 1765 566 1811 et
595 1759 948 1813 successione
987 1758 1154 1813 David
1187 1768 1417 1829 possunt
1453 1761 1846 1829 promissiones
1878 1762 1983 1817 illae

2088 575 2211 631 ἐπεὶ
2246 574 2337 626 καὶ
2376 573 2482 642 πρὸ
2523 568 2684 624 αὑτοῦ
2722 566 2900 638 μυρίοι
2936 563 3181 623 καλλίους
3212 558 3374 613 αὑτοῦ
3415 557 3508 609 καὶ
3546 558 3691 626 per"

2087 666 2247 718 αὑτὸν
2274 664 2578 733 γεγόνασιν.
2632 660 2767 713 Ἀλλ’
2798 658 2918 712 οὐδὲ
2949 655 3196 725 φαίνεται
3217 652 3245 702 ὁ
3272 647 3433 703 Δαυῖδ
3457 646 3553 717 τὴν
3578 647 3661 698 δε-

2088 754 2204 819 ξιὰν
2237 754 2331 806 ἐπὶ
2365 753 2641 823 ποταμοὺς
2681 749 2923 811 ἐκτείνας
2944 787 2958 809 ,
3004 744 3097 798 καὶ
3122 742 3217 812 τὴν
3247 738 3537 812 ἀριστερὰν
3570 738 3661 790 ἐπί

2086 846 2396 909 θάλασσαν,
2430 844 2549 897 οὐδὲ
2604 838 3039 911 κατακυριεύσας
3084 836 3191 891 ἀπὸ
3235 830 3512 899 Balaam;
3556 828 3659 890 ’ἕως

2086 936 2359 1006 Θαλάσσης
2378 975 2392 999 ,
2425 935 2545 987 ούδέ
2575 933 2848 1004 βασιλείαν
2880 929 3219 1000 κτησάμενος
3249 925 3346 997 τὴν
3380 940 3657 995 παρεκτα-

2086 1028 2271 1081 θεῖσαν
2311 1028 2415 1090 ἓως
2440 1026 2546 1079 τῶν
2578 1024 2828 1094 περάτων
2849 1024 2949 1092 τῆς
2975 1019 3317 1090 οἰκουμένης.
3377 1014 3515 1068 Ἀλλ’
3550 1012 3658 1065 οὐδ’

2084 1120 2175 1172 ἐπὶ
2218 1120 2309 1173 τὸν
2350 1118 2408 1185 ἐξ
2453 1116 2616 1171 αὑτοῦ
2654 1115 2940 1185 γενόμενον
2971 1110 3254 1181 Σολομῶνα
3285 1106 3453 1160 ταῦτα
3483 1106 3659 1158 πάντα

2084 1210 2561 1282 ἐφαρμοσθήσεται
2581 1226 2593 1237 ·
2625 1208 2685 1260 οὐ
2712 1206 2871 1259 πλέον
2900 1205 3009 1275 γὰρ
3037 1204 3137 1274 τῆς
3170 1201 3425 1263 Ἰουδαίας
3448 1199 3555 1252 οὐδ’
3577 1194 3662 1251 οὗ·

2082 1321 2173 1367 τος
2219 1303 2497 1372 κρατήσας
2546 1299 2745 1371 ὁμοίως
2778 1297 2855 1367 τῷ
2896 1294 3086 1348 ἐαυτοῦ
3122 1294 3411 1363 ἱστορεῖται
3457 1288 3658 1359 πατρί·

2085 1394 2197 1446 ἀλλ’
2219 1393 2325 1445 οὐδ’
2345 1391 2584 1462 ὑπερϐὰς
2607 1389 2797 1461 χρόνον
2814 1387 2948 1440 ἐτῶν
2973 1392 3033 1457 μ’
3049 1386 3146 1455 τῆς
3169 1380 3442 1453 βασιλείας
3461 1380 3662 1449 ὁμοίως

2084 1483 2162 1554 τῷ
2198 1482 2388 1537 ἑαυτοῦ
2428 1482 2621 1551 πατρί·
2655 1479 2766 1533 ἀλλ’
2796 1477 2917 1532 ούδέ
2946 1475 3308 1543 ἀνεπίληπτον
3349 1470 3458 1541 βίον
3486 1470 3663 1522 διατε-

2085 1574 2264 1637 λέσας.
2292 1572 2527 1626 Τοιαῦτα
2559 1570 2687 1641 γοῦν
2714 1566 2780 1641 ἦν
2814 1568 2883 1621 τὰ
2907 1567 3035 1638 περὶ
3062 1566 3223 1618 αὐτὸν
3246 1565 3320 1630 ὡς
3350 1564 3444 1627 καί
3476 1579 3662 1632 γυναι.

2086 1665 2351 1735 κομανίαν
2380 1665 2474 1717 καὶ
2505 1659 2941 1731 είδωλολατρείαν
2963 1655 3362 1719 διαϐάλλεσθαι,
3399 1646 3474 1707 ὧν
3497 1654 3669 1715 ἕνεκα,

2085 1757 2179 1809 καὶ
2209 1756 2449 1813 Σατανᾶν
2483 1753 2628 1823 αὐτῷ
2657 1751 2963 1821 ἐπιπέμψαι
2998 1748 3213 1817 λέγεται
3242 1749 3270 1800 ὁ
3296 1746 3445 1809 Θεός.
3520 1744 3660 1796 Ἀλλ’

411 1847 601 1902 referri
634 1866 648 1902 :
682 1848 779 1903 sed
806 1850 985 1903 omnia
1016 1850 1197 1914 simul,
1224 1838 1602 1915 sive'mitiora,
1640 1851 1753 1907 sive
1777 1853 1978 1919 tristia,

2084 1847 2188 1901 οὐδ’
2206 1849 2291 1915 ἐφ’
2306 1847 2393 1899 ἐτε
2399 1863 2492 1917 ρον
2507 1845 2603 1901 τὸν
2615 1843 2752 1915 μετὰ
2768 1841 3055 1912 Σολομῶνα
3070 1839 3163 1893 τοῦ
3192 1838 3455 1903 Ἰουδαίων
3475 1837 3661 1899 ἔθνους

412 1941 467 1993 in
498 1954 607 1994 uno
636 1941 775 2005 solo,
822 1958 891 1997 ex
940 1944 1147 2000 semine
1177 1943 1346 1998 David
1369 1951 1509 2009 orto,
1545 1945 1636 2014 qui
1669 1946 1870 2000 dicitur
1894 1944 1985 2002 Je-

411 2047 508 2088 sus
554 2032 808 2089 Christus
858 2034 1109 2090 Salvator
1139 2043 1346 2095 noster.
1399 2038 1616 2106 impleta
1653 2036 1823 2093 fuisse
1852 2055 1986 2093 con-

410 2132 562 2181 stat:
595 2141 716 2195 quae
770 2127 983 2183 scilicet
1029 2127 1249 2183 divinus
1285 2127 1523 2198 Spiritus
1575 2130 1981 2199 praenuntiavit,

408 2220 745 2288 praemittens
791 2219 1012 2289 quidem
1058 2220 1270 2275 divinas
1303 2216 1742 2289 pollicitationes,
1780 2223 1985 2279 docens

408 2314 589 2362 autem
621 2310 1046 2379 exspectandum
1074 2326 1219 2375 esse,
1251 2318 1313 2366 ut
1345 2313 1399 2365 in
1430 2328 1539 2367 uno
1569 2320 1624 2367 et
1652 2312 1842 2368 eodem
1871 2315 1985 2369 haec

407 2400 653 2456 tristiora
684 2402 1063 2473 contingerent
1093 2422 1107 2459 :
1144 2418 1271 2458 cum
1318 2406 1550 2460 maxime
1582 2405 1893 2461 sensibilem
1926 2406 1986 2460 il-

408 2492 519 2545 lum
550 2492 720 2548 totius
751 2508 818 2548 ex
863 2491 1066 2547 Davide
1101 2494 1473 2550 successionis
1524 2495 1780 2549 thronum
1827 2511 1985 2552 ever-

407 2582 628 2637 tendum
658 2598 782 2639 esse
814 2584 1170 2653 prospiceret.
1193 2582 1329 2638 Nam
1357 2600 1514 2655 reges
1545 2600 1610 2640 ex
1640 2586 1848 2640 semine
1879 2584 1984 2640 Da-

406 2674 548 2731 vidis
582 2676 690 2730 orti
724 2676 791 2731 ad
824 2691 999 2746 usque
1029 2676 1398 2745 captivitatem
1423 2677 1608 2747 populi
1632 2678 1686 2731 in
1710 2676 1984 2749 Babylone

407 2768 771 2836 perdurarunt
804 2786 819 2823 :
852 2784 1030 2838 neque
1062 2768 1161 2823 toti
1190 2767 1500 2824 Judazorum
1543 2770 1711 2840 genti,
1744 2771 1839 2825 sed
1877 2770 1982 2824 tri-

406 2860 511 2915 bus
542 2860 718 2916 solum
750 2861 1002 2917 tribubus
1045 2876 1110 2916 ac
1136 2877 1203 2917 ne
1234 2862 1454 2932 quidem
1488 2861 1714 2932 integris
1749 2862 1984 2932 impera-

408 2950 541 3004 bant
572 2969 587 3006 :
631 2957 795 3020 atque
825 2958 999 3005 totum
1030 2952 1243 3022 imperii
1277 2966 1467 3006 eorum
1497 2958 1713 3022 tempus
1743 2953 1809 3007 ad
1840 2969 1981 3023 qua-

407 3038 731 3109 dringentos
782 3040 1003 3094 circiter
1031 3055 1203 3097 annos
1234 3042 1411 3096 solum
1444 3042 1748 3112 pertingit:
1783 3044 1982 3113 quibus

405 3133 614 3187 exactis
656 3130 918 3187 Jechonia
962 3148 1026 3187 ex
1074 3133 1425 3189 successione
1456 3132 1675 3189 Davidis
1701 3143 1981 3204 postremo

2086 1942 2150 1992 ἐκ
2173 1938 2483 2009 σπέρματος
2502 1938 2596 1991 καὶ
2620 1936 2868 2007 διαδοχῆς
2889 1933 3051 1988 Δαυῖδ
3075 1931 3504 2003 βασιλευσάντων
3529 1931 3667 1988 ἁναο.

2086 2030 2345 2101 φέρεσθαι
2382 2030 2602 2082 δύναται
2644 2027 2713 2081 τὰ
2752 2025 3169 2097 ἐπηγγελμέναο
3224 2023 3398 2075 πάντα
3431 2022 3487 2074 δὲ
3521 2018 3660 2091 ὁμοῦ

2085 2124 2179 2176 καὶ
2207 2122 2346 2176 κατὰ
2385 2121 2445 2175 τὸ
2472 2120 2601 2174 αὐτὸ
2624 2121 2692 2173 τά
2720 2137 2779 2171 τε
2814 2118 3153 2189 χρηστότερα
3183 2116 3276 2169 καὶ
3313 2113 3381 2167 τὰ
3414 2112 3661 2183 σκυθρω-

2085 2214 2163 2268 πὰ
2193 2216 2272 2276 είς
2297 2212 2392 2267 ἕνα
2428 2213 2587 2283 μόνον
2621 2213 2712 2265 τὸν
2744 2213 2807 2264 ἐκ
2844 2210 3156 2280 σπέρματος
3184 2208 3344 2262 Δαυῖδ
3370 2208 3669 2279 λεγόμενον,

2097 2303 2302 2375 Ἰησοῦν
2352 2303 2580 2374 Χριστὸν
2635 2303 2725 2356 τὸν
2770 2302 3038 2373 ἡμέτερον
3068 2302 3298 2371 Σωτῆρα
3348 2302 3661 2355 συνίσταται

2084 2392 2518 2464 πεπληρωμένα·
2546 2393 2583 2446 ἃ
2607 2392 2671 2463 δὴ
2705 2392 2797 2447 καὶ
2825 2392 3122 2465 προείληφε
3147 2392 3207 2445 τὸ
3242 2391 3381 2445 θεῖον
3408 2391 3658 2462 Πνεῦμα,

2084 2481 2357 2552 προτάξαν
2408 2482 2506 2551 μὲν
2536 2483 2634 2544 τὰς
2666 2480 2881 2545 ἐνθέους
2932 2481 3266 2550 ἐπαγγελίας
3291 2521 3306 2545 ,
3354 2481 3573 2549 διδάξαν
3603 2480 3665 2549 δὴ

2083 2572 2278 2644 χρῆναί
2312 2572 2614 2644 προσδοκᾷν
2644 2574 2769 2642 περί
2809 2572 2905 2625 ἕνα
2937 2574 3030 2626 καὶ
3064 2572 3155 2626 τὸν
3185 2573 3347 2626 αὑτὸν
3378 2572 3659 2645 συμϐήσε-

2085 2663 2209 2718 σθαι
2235 2664 2305 2717 τὰ
2348 2663 2772 2735 σκυθρωπότερα
2793 2680 2806 2693 ·
2840 2665 3075 2735 μάλιστα
3101 2665 3189 2729 ὅτε
3227 2665 3321 2723 καὶ
3350 2663 3529 2735 πάσης
3557 2663 3663 2733 τῆς

2082 2755 2175 2809 τοῦ
2204 2755 2365 2809 Δαυῖδ
2394 2756 2674 2827 διαδοχῆς,
2703 2757 2791 2811 τὸν
2827 2756 3080 2826 αίσθητὸν
3107 2757 3205 2825 τῆς
3238 2755 3511 2825 βασιλείας
3538 2754 3663 2825 θρόσ

2082 2865 2170 2903 νον
2191 2847 2696 2923 καταλυθησόμενον
2724 2848 2936 2920 θεωρεῖ,
2964 2847 3144 2918 Μέχρι
3170 2847 3299 2915 γοῦν
3327 2847 3428 2916 τῆς
3454 2848 3531 2909 είς
3556 2847 3663 2899 Βα-

2083 2940 2296 2993 ϐυλῶνα
2331 2941 2702 3012 αἰχμαλωσίας
2725 2940 2825 3003 τοῦ,
2851 2940 2981 2995 λαοῦ
3007 2942 3301 3011 διήρκεσαν
3326 2941 3374 2993 oi
3402 2942 3466 2993 ἐκ
3493 2938 3665 3010 σπέρ-

2086 3049 2253 3102 ματος
2284 3031 2444 3086 Δαυῒδ
2471 3032 2912 3102 βεϐασιλευκότες
2931 3049 2944 3063 °
2979 3033 3073 3086 καὶ
3102 3033 3221 3086 οὐδὲ
3253 3033 3375 3087 ὅλου
3402 3032 3495 3085 τοῦ
3532 3033 3663 3085 Ἰου-

2082 3123 2244 3177 δαίων
2263 3124 2447 3188 ἕθνους
2471 3125 2884 3195 βασιλεύσαντες
2903 3125 3039 3179 ἀλλὰ
3064 3127 3239 3197 μόνων
3261 3125 3427 3197 τριῶν
3449 3125 3667 3196 φυλῶνι

406 3230 691 3290 regnante,
728 3222 910 3277 nullus
934 3224 1072 3278 alius
1094 3221 1403 3277 Judaaorum
1432 3239 1527 3278 rex
1550 3240 1614 3280 ex
1647 3227 1857 3281 semine
1876 3226 1983 3287 Da-

2086 3215 2179 3266 xa‘t
2222 3216 2341 3268 ούδέ
2380 3216 2585 3270 τούτων
2631 3218 2803 3270 ὅλων⁵
2852 3217 2990 3271 ἀλλὰ
3032 3219 3127 3271 καὶ
3159 3219 3379 3289 σύμπας
3408 3221 3436 3272 ὁ
3466 3219 3662 3289 χρόνος

407 3305 498 3360 vid
533 3315 897 3373 memoratur;
930 3307 1004 3362 ita
1037 3314 1097 3361 ut
1130 3308 1232 3361 hoc
1267 3308 1392 3362 item
1425 3308 1586 3363 modo
1624 3310 1845 3379 impleta
1872 3312 1983 3367 sint

2084 3307 2177 3377 τῆς
2207 3307 2407 3361 τούτων
2438 3309 2609 3380 ἀρχῆς
2632 3310 2772 3381 ἀμφὶ
2797 3309 2867 3363 τὰ
2893 3310 3215 3381 τετρακόσια
3247 3311 3341 3381 ἐτη
3376 3309 3511 3380 μόνα
3537 3327 3663 3361 συν-

408 3397 600 3452 ἰειὶιωο
617 3397 785 3452 divini
805 3397 1044 3468 Spiritus
1067 3399 1311 3462 oracula,
1331 3400 1533 3467 quibus
1555 3398 1757 3455 dicitur
1782 3421 1795 3455 :
1825 3400 1983 3456 Nunc

2084 3399 2277 3465 τείνει,
2317 3400 2433 3471 μεθ’
2459 3400 2513 3465 ἃ,
2554 3403 2801 3472 Ἰεχονίου
2834 3402 3065 3455 ὑστάτου
3097 3403 3196 3472 τῆς
3228 3402 3320 3454 τοῦ
3355 3400 3515 3453 Δαυῖδ
3542 3400 3661 3463 δια-

407 3496 583 3541 autem
599 3489 842 3559 repulisti
863 3498 911 3544 et
935 3489 1241 3559 despezisti.
1262 3489 1503 3558 abjecisti
1520 3488 1791 3546 Christum
1814 3502 1981 3550 tuum.

2084 3490 2241 3562 δοχῆς
2292 3492 2581 3563 γενομένου
2604 3532 2619 3557 ,
2670 3493 2947 3565 οὐδέτερος
2982 3493 3233 3564 βασιλεὺς
3284 3492 3552 3545 Ἰουδαίων
3597 3492 3663 3547 ἐκ

408 3577 657 3633 Ευενιὶειὶ
694 3588 1061 3635 testamentum
1108 3581 1245 3636 servi
1279 3582 1375 3646 tui,
1408 3582 1710 3659 profanastz'
1754 3585 1810 3638 in
1843 3596 1983 3641 terra

2084 3585 2397 3656 σπέρματος
2420 3586 2581 3640 Δαυῒδ
2613 3587 2854 3657 γεγονὼς
2887 3588 3316 3659 μνημονεύεται·
3342 3588 3417 3651 ὡς
3446 3586 3541 3639 καὶ
3564 3603 3664 3639 κα-

409 3670 774 3725 sanctuarium
805 3670 943 3740 ejus,
973 3680 1028 3727 et
1055 3681 1272 3735 caetera.

2084 3677 2152 3729 τὰ
2190 3676 2375 3731 τοῦτον
2419 3678 2509 3731 τὸν
2549 3679 2747 3750 τρόπον
2793 3681 3184 3753 πεπληρῶσθαι
3225 3681 3293 3733 τὰ
3328 3680 3665 3752 προκείμενα

405 3763 500 3818 ⁴τοῦ
531 3763 675 3818 θείου
712 3765 1033 3837 Πνεύματος
1066 3768 1245 3837 λόγια,
1281 3770 1350 3823 δι’
1397 3763 1471 3825 ὧν
1534 3772 1775 3842 είρηται⁴
1809 3771 1961 3825 Νυνὶ
1990 3770 2058 3823 δὲ
2094 3771 2315 3827 ἀπώσω
2348 3774 2446 3828 καὶ
2475 3774 2908 3840 ἐξουδένωσας,
2945 3773 3043 3826 καὶ
3080 3774 3376 3827 ἀνεϐάὶου
3404 3771 3511 3824 τὸν
3534 3772 3664 3837 Χρι-

406 3856 557 3908 στόν
606 3870 746 3910 σου.
808 3860 1231 3930 Κατέστρεψας
1271 3860 1386 3929 τὴν
1439 3862 1734 3932 διαθήκην
1786 3863 1892 3917 τοῦ
1946 3863 2171 3919 δούλου
2209 3881 2360 3932 σου,
2418 3866 2799 3935 ἐόεϐήλωσας
2831 3868 2930 3937 ,εἰς
2966 3864 3083 3935 τὴν
3113 3862 3230 3935 γίῖν
3272 3864 3339 3917 τὸ
3397 3863 3665 3933 ἀγίασμα

401 3946 594 4002 αὐτοῦ
608 3963 623 3978 ⁸
657 3950 753 4002 καὶ
774 3950 844 4003 τὰ
863 3950 1071 4015 τούτοις
1093 3954 1483 4023 ἐπιφερόμενα.

478 4059 682 4117 Deinde
726 4062 854 4132 quia
907 4062 1004 4118 Dei
1056 4064 1121 4119 ad
1165 4065 1421 4123 Davidem
1460 4069 1852 4138 promissiones
1879 4071 1978 4125 bo-

2153 4065 2261 4123 Εἶτ⁹
2287 4068 2583 4140 ἐπειδήπερ
2597 4066 2669 4144 τά
2691 4068 2788 4138 μὲν
2807 4066 2917 4121 τῶν
2942 4066 3034 4120 τοῦ
3062 4065 3197 4120 Θεοῦ
3222 4065 3358 4140 πρὸς
3382 4067 3474 4121 τὸν
3502 4068 3665 4123 Δαυῒδ

407 4168 535 4208 nam
570 4160 626 4209 et
650 4154 925 4225 ingentem
954 4155 1173 4213 Davidis
1198 4160 1391 4214 semini
1415 4176 1564 4230 spem
1595 4162 1975 4229 ascribebant;

2084 4160 2420 4229 ἐπαγγελιῶν
2476 4159 2685 4228 ἀγαθάς
2738 4176 2891 4222 τινας
2922 4161 3016 4213 καὶ
3069 4159 3311 4230 μεγάλας
3342 4159 3561 4223 ἐλπίδας
3586 4161 3665 4230 τῷ

405 4252 460 4299 et
506 4252 686 4301 tamen
723 4262 842 4317 qua:
872 4250 1209 4305 successioni
1237 4252 1357 4321 ejus
1386 4253 1719 4317 acciderant,
1754 4257 1977 4309 omnino

2087 4253 2362 4323 σπέρματι
2397 4251 2558 4305 Δαυῖδ
2591 4240 2903 4322 ὑπέγραφε,
2933 4250 3001 4303 τὰ
3030 4250 3088 4303 δέ
3126 4251 3253 4321 περὶ
3284 4252 3383 4322 τὴν
3412 4250 3663 4322 διαδοχὴν

406 4333 683 4388 contraria
723 4334 1082 4404 videbantur;
1124 4354 1249 4394 nam
1282 4341 1513 4395 thronus
1544 4344 1696 4413 regni
1729 4343 1849 4411 ejus
1877 4343 1979 4396 hu-

2086 4344 2251 4401 αὺτοῦ
2287 4343 2668 4413 συμϐεϐηκότα
2702 4342 2962 4396 τάναντία
2993 4343 3170 4395 πάντα
3198 4345 3503 4412 περιεῖχεν,
3539 4342 3567 4394 ὅ
3605 4360 3663 4395 τε

404 4440 570 4481 mano
596 4441 745 4482 more
777 4429 980 4498 sumpti
1013 4444 1045 4482 a
1073 4437 1317 4501 tempore
1330 4431 1607 4488 Jechoniae
1626 4436 1839 4490 solutus
1860 4450 1982 4489 ces-

2084 4435 2270 4507 θρόνος
2314 4435 2413 4505 τῆς
2449 4435 2588 4488 κατὰ
2625 4433 2909 4505 ἄνθρωπον
2948 4433 3223 4505 βασιλείας
3261 4433 3425 4486 αὑτοῦ
3474 4432 3665 4485 λέλυτο

405 4524 622 4572 saverat
653 4537 667 4574 :
694 4518 811 4573 haec
832 4521 1169 4590 prospiciens
1190 4524 1431 4594 Spiritus
1461 4526 1837 4594 propheticus,
1856 4527 1979 4595 jure

405 4609 474 4664 ad
505 4610 747 4666 veritatis
779 4626 1090 4668 sermonum
1121 4614 1216 4670 Dei
1248 4616 1691 4685 perquisitionem
1718 4632 1818 4673 nos
1837 4618 1978 4672 invi-

404 4705 506 4763 tat,
539 4714 748 4771 nosque
785 4702 1021 4758 instituit
1055 4711 1113 4759 ut
1147 4705 1200 4759 id
1235 4722 1264 4759 a
1292 4705 1403 4765 Deo
1446 4722 1755 4777 quaaramus
1784 4717 1837 4762 et
1863 4710 1979 4764 edi-

404 4805 645 4857 scamus,
682 4794 1027 4851 sciscitantes
1058 4797 1234 4867 ipsum
1280 4813 1344 4852 ac
1391 4799 1633 4854 dicentes
1666 4819 1678 4853 :
1718 4799 1818 4853 Ubi
1854 4811 1978 4854 sunt

404 4884 783 4940 misericordiw
807 4895 912 4941 tua
937 4889 1190 4957 antiqua,
1220 4888 1462 4955 Domine,
1485 4907 1616 4961 quas
1637 4891 1837 4960 jurasti
1870 4892 2011 4946 Da-'

403 4974 528 5028 vid?
576 4974 712 5030 Nam
761 4978 913 5048 regni
954 4979 1075 5048 ejus
1122 4981 1400 5036 sensibilis
1446 4989 1499 5035 et
1528 4981 1788 5051 jhumano
1831 4999 1981 5038 more

402 5066 605 5136 sumpti
654 5070 935 5125 successio
970 5071 1169 5138 soluta,
1210 5080 1264 5127 et
1312 5088 1342 5126 a
1391 5074 1552 5143 longo
1590 5074 1701 5143 jam
1735 5082 1982 5144 tempore

405 5159 617 5213 sublata
673 5159 872 5229 fuerat,
907 5177 1030 5217 cum
1079 5179 1146 5219 ex
1197 5166 1404 5220 semine
1452 5166 1571 5235 ejus
1617 5174 1773 5222 ortus
1822 5165 1981 5223 Jesus

404 5249 679 5315 Christus,
712 5253 805 5323 qui
835 5255 1263 5324 promissionum
1294 5256 1483 5311 Davidi
1514 5257 1779 5312 factarum
1805 5259 1978 5314 hmres

404 5341 623 5399 futurus
672 5347 1113 5415 exspectabatur,
1161 5363 1268 5402 non
1299 5349 1557 5404 sensibile
1586 5364 1761 5418 neque
1786 5350 1981 5404 buma-

404 5448 537 5487 num
589 5449 817 5503 regnum
873 5440 1155 5508 possedit;
1192 5440 1287 5496 sed
1336 5456 1562 5511 prorsus
1609 5441 1884 5495 contraria
1913 5442 1981 5495 iis

408 5537 529 5591 qua:
559 5524 810 5583 homines
837 5532 1224 5599 exspectabant
1268 5547 1464 5601 passus
1515 5543 1621 5596 est,
1652 5533 1718 5587 ad
1750 5541 1980 5587 mortem

410 5627 587 5680 usque
610 5629 955 5686 progressus,
977 5622 1265 5691 omniaque
1280 5637 1595 5693 perpessus,
1619 5638 1739 5693 quae
1763 5623 1983 5680 divinus

413 5701 659 5776 Spiritus
704 5712 1058 5780 prazscientiae
1088 5714 1286 5769 virtute
1324 5715 1737 5784 praenuntiarat.
1772 5714 1889 5782 Qua
1918 5717 1984 5772 de

2083 4526 2428 4596 πεπαυμένος
2457 4525 2563 4583 ἀπὸ
2588 4526 2694 4579 τῶν
2736 4527 2983 4596 Ἰεχονίου
3013 4527 3221 4597 χρόνων
3241 4544 3253 4556 ·
3287 4527 3511 4589 εἰκότως
3536 4526 3665 4579 ταῦ-

2081 4634 2148 4669 τα
2178 4616 2562 4688 προθεωρῆσαν
2589 4616 2650 4669 τὸ
2679 4618 3012 4687 προφητικὸν
3042 4616 3286 4688 Πνεῦμα,
3313 4619 3404 4670 ἐπὶ
3434 4617 3663 4689 ζήτησιν

2082 4709 2229 4777 ἡμᾶς
2256 4709 2514 4781 παρορμᾷ
2535 4709 2633 4779 τῆς
2657 4709 2765 4761 τῶν
2786 4709 2957 4770 λόγων
2982 4709 3074 4762 τοῦ
3103 4709 3236 4761 Θεοῦ
3261 4708 3539 4780 ἀληθείας,
3571 4711 3664 4762 καὶ

2086 4800 2213 4869 παρ’
2247 4798 2411 4859 αὐτοῦ
2441 4798 2536 4861 τοῦ
2583 4799 2717 4852 Θεοῦ
2757 4800 2937 4870 ζητεῖν
2964 4802 3059 4854 καὶ⁸
3094 4800 3382 4870 μανθάνειν
3418 4800 3661 4853 διδάσκει

2081 4887 2399 4958 ἐρωτῶντας
2421 4889 2583 4943 αὑτὸν
2611 4890 2707 4942 καὶ
2746 4889 3031 4958 λέγοντας’
3083 4891 3207 4944 Ποῦ
3247 4892 3380 4943 ἐστι
3405 4890 3477 4943 τὰ
3517 4890 3661 4956 ἐλέη

2081 4995 2197 5031 σου
2226 4977 2299 5031 τὰ
2329 4979 2546 5047 ἀρχαῖα
2567 5019 2581 5044 ,
2631 4980 2806 5048 Κύριε
2826 5021 2840 5046 ,
2874 4978 2913 5033 ἀ
2945 4980 3185 5050 ὤμοσας
3220 4980 3300 5047 τῷ
3332 4981 3549 5045 Δαυΐδ;
3585 4982 3658 5033 Ἤ

2079 5085 2139 5119 τε
2188 5068 2297 5142 γὰρ
2333 5071 2430 5138 τῆς
2457 5068 2729 5139 βασιλείας
2767 5070 2930 5123 αὐτοῦ
2961 5072 3059 5142 τῆς
3097 5072 3362 5143 αἰσθητῆς
3390 5073 3484 5126 καὶ
3516 5073 3661 5126 κατὰ

2082 5160 2363 5231 ἄνθρωπον
2395 5161 2610 5233 διαδοχὴ
2632 5161 2839 5226 λέλυτο,
2871 5163 2936 5215 ἐκ
2970 5162 3182 5233 μακροῦ
3221 5163 3603 5234 καθῃρημένη,
3628 5164 3658 5217 ὃ

2081 5271 2140 5307 τε
2174 5257 2237 5307 ἐκ
2269 5255 2579 5323 σπέρματος
2610 5253 2771 5307 αὐτοῦ
2814 5255 3051 5324 γεγονὼς
3096 5256 3302 5327 Ἰησοῦς
3342 5260 3369 5309 ὁ
3396 5257 3654 5327 Χοριστὸς,

2084 5347 2464 5417 προσδοκηθεὶς
2490 5347 2648 5410 αὐτὸς
2675 5343 2812 5400 εἶναι
2844 5350 2871 5400 ὁ
2890 5346 2998 5399 τῶν
3026 5347 3161 5418 πρὸς
3190 5347 3278 5400 τὸν
3302 5346 3460 5401 Δαυῒδ
3488 5348 3659 5414 ἐπαγ-

2084 5435 2278 5505 γελιῶν
2318 5437 2667 5508 κληρονόμος,
2703 5436 2964 5507 αἰσθητὴν
2990 5437 3088 5507 μὲν
3113 5436 3213 5488 οὐκ
3235 5436 3524 5505 ἐκτήσατο,
3546 5434 3657 5486 οὐδ’

2084 5528 2426 5599 ἀνθρωπίνην
2455 5527 2730 5598 βασιλείαν
2749 5546 2762 5559 ·
2785 5528 3050 5581 τάναντία
3068 5526 3125 5580 δέ
3162 5528 3338 5580 πάντα
3376 5527 3471 5580 καὶ
3497 5524 3659 5587 αὐτὸς

2084 5616 2165 5684 οἷς
2194 5621 2595 5690 προσεδόκησαν
2616 5620 2890 5691 ἄνθρωποι
2912 5620 3165 5685 πέπονθε,
3201 5623 3361 5692 μέχρι
3387 5621 3478 5674 καὶ
3505 5618 3661 5673 θανά-

2083 5733 2177 5769 του
2203 5721 2409 5784 satiata;
2426 5756 2439 5781 ,
2466 5715 2557 5769 καὶ
2585 5716 2758 5771 πάντα
2786 5715 3102 5786 ὑπομείνας,
3137 5715 3171 5770 δι
3192 5716 3255 5788 δὴ
3281 5715 3659 5790 προγνωστικῇ
