4068 6394
428 347 568 408 1⁵.ἱῖ

1555 339 2056 397 COMMENTARIA-
2090 341 2155 396 ΙΝ
2208 340 2547 398 PSALMOS.

3540 347 3678 405 “is

424 470 647 541 δδνάμει
668 468 730 521 τὸ
750 467 889 520 θεῖον
909 434 1277 533 ἀνεφθέγξατο
1294 461 1534 531 Πνεῦμα.
1563 454 1662 513 Ὧν
1679 460 1840 513 ἕνεκα
1860 461 1974 513 εἰκό

2101 474 2263 516 causa
2289 462 2414 530 jure
2436 460 2863 531 percontandum
2890 470 2943 517 et
2970 462 3413 532 interrogandum
3435 478 3559 517 esse
3585 465 3678 519 do-

422 580 530 626 τως
546 559 821 629 ἀνερωτᾷν
838 556 929 610 καὶ
948 553 1306 608 πυνθάνεσθαι
1320 552 1558 605 διδάσκει
1574 550 1827 617 λέγοντας
1843 566 1856 578 ·
1871 549 1996 603 Ποῦ

420 658 550 708 ἐστι
575 652 646 705 τὰ
673 650 812 716 eam
849 664 965 701 σου
999 647 1071 699 τὰ
1102 644 1317 714 ἀρχαῖα
1340 684 1354 707 ,
1388 645 1563 710 Κύριε
1581 683 1596 705 ,
1631 642 1724 695 καὶ
1752 641 1821 694 τὰ
1848 640 1994 712 ἐξῆς.

421 745 553 801 Μεθ’
578 743 611 798 ἃ
630 742 869 809 ἐπιλέγει
883 759 896 773 σ
917 742 1070 804 ’Ἑως
1092 739 1257 801 πότε,
1277 736 1476 803 Κύριε,
1492 732 1894 801 ἀποστρέψεις
1911 735 1997 798 είς

420 838 615 901 τέλος,
633 833 1065 899 ἐκκαυθήσεται
1080 832 1159 896 ὡς
1181 830 1299 899 πῦρ
1321 831 1358 897 ἡ
1381 826 1523 913 omni
1550 841 1665 881 σου
1679 843 1697 891 ;
1724 826 1997 894 Μνήσθη-

419 946 471 982 τι
496 929 586 993 τίς
611 944 730 997 μου
762 926 799 992 ὴ
824 926 1189 987 ὑπόστασιςθ
1218 922 1301 990 μὴ
1325 921 1434 989 γὰρ
1462 921 1724 988 ματαίως
1749 919 1995 983 ἔκτισας

417 1019 645 1085 πάντας
679 1018 820 1082 τοὺς
848 1016 1015 1080 υἱοὺς
1045 1014 1162 1067 τῶν
1202 1012 1556 1081 ἀνθρώπωνς
1583 1013 1675 1077 Τίς
1699 1012 1869 1065 ἐστιν
1890 1012 1993 1064 ἅν-

417 1116 646 1179 θρωπος
666 1110 735 1175 ὃς
753 1108 1011 1176 ζήσεται,
1036 1106 1131 1159 καὶ
1156 1108 1263 1159 οὐκ
1288 1106 1494 1172 ὄψεται
1516 1104 1792 1168 θάνατον,
1811 1106 1993 1171 ῥύσε-

416 1220 507 1256 ται
527 1202 641 1270 τὴν
670 1200 882 1270 ψυχὴν
902 1198 1087 1253 αὐτοῦ
1120 1198 1188 1250 ἐκ
1214 1197 1406 1265 χειρὸς
1439 1196 1620 1263 ᾅδου;
1652 1194 1989 1263 Διάψαλμα.

429 1296 573 1348 Ἀντὶ
601 1294 716 1358 τοῦ,
739 1292 1161 1359 ἀποστρέψεις,
1189 1293 1217 1341 6
1242 1290 1339 1359 μὲν
1376 1288 1610 1351 Ἀκύλας
1626 1288 1811 1357 φησιν,
1838 1288 1990 1353 ’Ἐως

415 1388 577 1451 πότε,
596 1387 788 1453 Κύριε,
808 1383 1199 1452 ἀποπρυϐήσῃ
1222 1384 1307 1447 εὶς
1323 1380 1541 1445 νεῖκος
1561 1383 1588 1433 6
1606 1380 1660 1432 δὲ
1676 1380 1986 1449 Σύμμαχος,

416 1480 560 1543 Ἕως
581 1478 760 1542 τινος,
782 1478 975 1543 Κύριε,
1005 1473 1397 1542 ἁποκρυϐήσῃ
1420 1475 1506 1538 εἰς
1528 1472 1735 1537 τέλος
1761 1472 1868 1525 Καί
1901 1490 1989 1542 μοι

412 1570 557 1622 δοκεῖ
580 1572 607 1623 6
629 1569 783 1637 λόγος
808 1570 867 1622 τὸ
898 1570 1209 1640 ἀπόρρητον
1242 1568 1340 1637 τῆς
1366 1566 1696 1635 ἐπελθούσης
1725 1567 1893 1636 ὀργῆς
1920 1570 1984 1638 τῇ

414 1662 845 1734 σωματικωτέρα
865 1661 1108 1732 βασιλείᾳ
1123 1660 1301 1724 Δαυῒδ,
1327 1662 1419 1713 καὶ
1444 1660 1603 1713 παντὶ
1618 1660 1695 1728 τῷ
1724 1659 1987 1712 Ἰουδαίων

410 1753 551 1807 ἔθνει
596 1754 945 1807 αἰνίττεσθαι.
1005 1754 1288 1806 Ἐναντίων
1333 1752 1463 1822 γοῦν
1507 1752 1824 1805 ἀποϐάντων
1866 1754 1986 1814 ταῖς

409 1845 783 1914 ἐπαγγελίαις,
813 1847 934 1899 ὅσον
963 1846 1054 1899 ἐπὶ
1081 1848 1145 1915 τῇ
1172 1844 1450 1917 προχείρῳ
1485 1844 1797 1915 προσδοκίᾳ,
1830 1846 1858 1896 6
1890 1843 1987 1907 τὰς

408 1937 616 2006 ἀγαθὰς
669 1939 999 2008 ἐπαγγελίας
1057 1937 1196 2008 πρὸς
1255 1938 1345 1989 τὸν
1408 1936 1572 1990 Δαυῒδ
1622 1935 1986 2006 πεποιημένος

406 2030 537 2094 Θεὸς
567 2031 985 2102 ἀνεκηρύττετο.
1014 2031 1103 2083 Διὸ
1134 2030 1365 2083 ἱκετεύει
1398 2030 1426 2082 6
1453 2029 1610 2097 λόγος
1650 2028 1723 2099 μὴ
1754 2030 1833 2091 εἰς
1881 2045 1986 2099 μα-

409 2120 537 2191 κρὸν
567 2122 918 2192 παρεκτεϊναι
944 2121 1044 2191 τὴν
1083 2121 1383 2190 γενομένην
1417 2121 1538 2171 κατ’
1574 2119 1753 2172 αὐτῶν
1789 2119 1980 2191 ὀργὴν,

405 2212 540 2280 ταχὺ
585 2210 642 2262 δὲ
675 2209 962 2279 παρελθεῖν
996 2210 1096 2279 μὲν
1135 2210 1203 2262 τὰ
1236 2208 1557 2280 σκυθρωπὰ,
1598 2207 1883 2278 ἐπιστῆναι
1923 2208 1981 2260 δὲ

404 2302 502 2366 τὰς
536 2301 863 2371 ἐπαγγελίας
886 2300 979 2354 τοῦ
1005 2301 1160 2354 Θεοῦ.
1193 2297 1324 2355 Εἶτα
1351 2303 1413 2354 ἐκ
1443 2300 1733 2373 προσώπου
1772 2301 1869 2371 τῆς
1896 2302 1983 2353 ἀν-

403 2393 683 2465 θρωπίνης
739 2394 1024 2458 ἀσθενείας
1071 2394 1239 2463 λέγει,
1292 2394 1604 2463 Μνήσθητι
1655 2396 1747 2461 τίς
1778 2413 1897 2464 μου
1939 2395 1977 2462 ἡ

403 2489 763 2554 ὑπόστασις,
787 2487 879 2541 καὶ
909 2486 975 2541 τὰ
998 2486 1142 2558 ζίξῆς.
1171 2488 1425 2542 Διδάσκει
1458 2488 1513 2541 δὲ
1538 2488 1627 2541 τὸν
1653 2487 1781 2540 λαὸν
1812 2487 1981 2539 ταῦτα

402 2580 581 2649 λέγειν
624 2583 653 2634 6
695 2580 1029 2652 προφητικὸς
1080 2580 1255 2649 λόγος,
1291 2583 1370 2644 εἰς
1402 2580 1461 2633 τὸ
1507 2580 1845 2652 παρακαλεῖν
1886 2580 1978 2631 τὸν

400 2668 534 2725 Θεὸν
574 2671 669 2725 καὶ
709 2672 977 2724 δυσωπεῖν
1008 2670 1357 2724 καταπαῦσαι
1399 2670 1496 2740 μὲν
1540 2670 1639 2740 τὴν
1676 2670 1844 2740 ὀργὴν
1878 2668 1977 2739 τὴν

402 2765 541 2817 κατὰ
575 2761 669 2815 τοῦ
703 2762 911 2827 ἔθνους,
957 2762 1267 2816 παύσασθαι
1289 2763 1345 2816 δὲ
1379 2762 1473 2815 καὶ
1496 2762 1658 2815 αὐτὸν
1686 2762 1976 2829 ἀποκρυπ-

397 2855 652 2925 τόμενονο
717 2854 1053 2921 καταξιῶσαι
1095 2855 1152 2908 δέ
1214 2854 1314 2925 ἤδη
1356 2852 1486 2906 ποτὲ
1533 2854 1834 2924 παρασχεῖν
1884 2854 1977 2905 ἀν-

395 2945 639 3015 θρώποις
664 2946 732 3000 τὰ
759 2946 837 3018 τῷ
863 2947 1025 3001 Δαυῖδ
1052 2946 1456 3017 ἐπηγγελμένα.
1494 2944 1841 3016 Ἐπειδήπερ,
1874 2962 1977 3016 φη-

396 3038 505 3099 σὶν,
532 3039 564 3109 ἠ
588 3038 898 3111 ἀνθρωπίνη
930 3038 1089 3108 φύσις
1118 3038 1348 3108 ἀσθενὴς
1375 3038 1470 3109 μέν
1493 3040 1606 3091 ἐστι
1641 3037 1734 3090 καὶ
1761 3036 1970 3108 πτωχὴ,

2099 562 2185 607 cet
2216 553 2301 606 his
2333 554 2514 607 verbis
2546 573 2558 607 :
2598 552 2698 606 Ubi
2726 564 2849 607 sunt
2882 553 3260 609 misericordia?
3290 564 3396 607 tua:
3417 557 3672 625 antiqua,

2097 641 2358 696 Domine?
2384 653 2437 698 et
2466 654 2680 698 caetera.
2703 641 2816 697 Sub
2846 645 2958 725 haec
2993 645 3157 699 infert
3191 643 3670 717 ;—-Vsns.47-49.

2102 734 2398 807 Usquequo,
2432 736 2677 797 Domine.
2705 747 2903 801 avertes
2940 739 2994 791 in
3027 739 3204 807 ﬁnem,
3239 739 3541 793 exardescet
3568 742 3673 793 sic-

2095 835 2153 878 ut
2196 827 2333 896 ignis
2379 828 2463 880 ira
2501 829 2631 881 tua?
2660 826 2957 882 Memorare
3002 844 3118 898 qua:
3146 846 3285 882 .mea
3322 828 3621 883 substantia
3651 846 3669 883 :

2094 918 2329 988 nunquid
2369 920 2506 972 enim
2551 936 2680 973 vane
2722 922 2917 973 creasti
2958 937 3133 973 omnes
3182 921 3324 989 ﬁlios
3355 922 3672 975 hominum?

2095 1009 2227 1074 Quis
2253 1019 2331 1063 est
2357 1011 2508 1064 homo
2536 1013 2624 1079 qui
2647 1013 2795 1079 vivet,
2829 1021 2877 1064 et
2906 1028 3007 1064 non
3039 1011 3226 1066 videbit
3255 1022 3495 1077 mortem,
3524 1020 3669 1066 eruet

2094 1101 2328 1153 animam
2356 1118 2508 1154 suam
2537 1101 2601 1155 de
2626 1119 2783 1155 mantt
2819 1103 3013 1171 inferi"
3036 1101 3374 1171 Diapsalma.
3401 1103 3506 1157 Pro
3536 1104 3627 1157 illo
3652 1121 3665 1156 :

2093 1191 2325 1257 Avertes,
2371 1192 2565 1261 Aquila
2611 1212 2623 1246 :
2669 1191 2979 1263 Usquequo,
3034 1193 3276 1256 Domine,
3332 1193 3667 1248 absconderis

2091 1283 2146 1335 in
2197 1285 2619 1337 contentionem?
2677 1284 3039 1354 Symmachus
3090 1301 3220 1338 vero
3271 1304 3285 1339 :
3345 1283 3665 1356 Usquequo,

2094 1374 2333 1437 Domine,
2398 1374 2733 1430 absconderis
2796 1376 2853 1429 in
2905 1377 3105 1445 ﬁnem?
3165 1375 3497 1446 Yideturque
3559 1377 3666 1430 mi-

2090 1467 2144 1520 hi
2214 1483 2395 1523 sermo
2462 1483 2722 1523 arcanum
2794 1469 2909 1533 irae,
2957 1484 3186 1539 regnum
3252 1469 3470 1525 Davidis
3541 1485 3667 1525 cor-

2089 1574 2257 1629 poreo
2351 1575 2504 1615 more
2596 1567 2871 1629 sumptum
2969 1568 3027 1615 et.
3122 1568 3290 1615 totam
3386 1561 3665 1619 Judaicam

2088 1659 2299 1718 gentem
2333 1650 2625 1716 invasurae,
2661 1650 3033 1705 subindicare.
3069 1650 3206 1705 Cum
3241 1653 3446 1721 itaque,
3483 1668 3666 1722 quan-

2090 1752 2202 1795 tum
2226 1743 2291 1797 ad
2323 1743 2600 1813 vulgarem
2628 1745 3111 1814 exspectationem,
3135 1744 3423 1814 promissis
3444 1753 3667 1799 contra-

2088 1832 2169 1886 ria
2193 1835 2494 1899 evenirent,
2527 1832 2675 1889 Deus
2698 1834 2791 1903 qui
2826 1834 2997 1889 bonas
3028 1835 3447 1904 pollicitationes
3473 1835 3664 1894 Davidi

2086 1926 2309 1980 dederat
2346 1927 2695 1981 avocabatur.
2752 1927 3117 1992 Quamobrem
3163 1928 3252 1983 hic
3312 1937 3556 1999 rogatur,
3593 1946 3665 1986 ne

2086 2019 2222 2071 iram
2246 2018 2300 2071 in
2330 2019 2451 2072 illos
2475 2032 2762 2073 accensam
2790 2019 2995 2076 diutius
3024 2021 3291 2090 producat
3316 2041 3329 2076 :
3357 2022 3449 2077 sed
3468 2038 3664 2092 quam-

2083 2110 2317 2181 primum
2361 2110 2539 2165 tristia
2575 2119 2917 2180 prmtereant,
2962 2122 3015 2167 et
3054 2114 3320 2183 promissa
3346 2129 3375 2166 a
3421 2114 3531 2169 Deo
3559 2115 3659 2169 ad-

2082 2205 2325 2260 veniant.
2385 2204 2590 2259 Deinde
2637 2220 2704 2259 ex
2744 2219 2977 2273 persona
3013 2204 3265 2259 humana:
3320 2205 3658 2262 inﬁrmitatis

2082 2298 2159 2351 ait
2194 2316 2206 2352 :
2241 2296 2539 2350 Memorare
2566 2313 2683 2364 qua:
2720 2312 2834 2349 mea
2864 2294 3183 2359 substantia,
3215 2304 3267 2351 et
3297 2305 3510 2352 uetera.
3550 2296 3659 2353 Po»

2082 2395 2267 2464 pulum
2300 2400 2479 2447 autem
2513 2392 2582 2445 ad
2623 2392 2738 2447 hate
2766 2391 2997 2446 dicenda
3037 2391 3273 2446 instituit
3303 2392 3657 2462 prapheticus

2080 2502 2283 2549 sermo,
2310 2494 2368 2540 ut
2400 2485 2568 2540 Deum
2598 2483 2853 2554 precibus
2886 2498 2948 2537 ac
2972 2484 3467 2553 supplicationibus
3496 2484 3659 2540 indu.-

2062 2590 2169 2634 τοι
2204 2580 2269 2633 ad
2310 2577 2605 2633 sedandam
2634 2562 2795 2630 ‘iram
2839 2575 3102 2631 adversus
3142 2583 3356 2645 gentem
3399 2590 3576 2643 suam,
3603 2585 3659 2632 et

2078 2677 2230 2740 roget
2274 2676 2333 2722 ut
2383 2668 2542 2722 ﬁnem
2590 2665 2755 2720 faciat
2785 2680 2907 2722 sese
2938 2664 3249 2720 occultandi
3285 2684 3299 2719 :
3333 2676 3487 2736 roget
3523 2667 3654 2722 item

2078 2768 2137 2815 ut
2168 2765 2249 2816 vel
2288 2775 2412 2816 sero
2440 2758 2658 2814 tandem
2701 2774 2822 2828 quae
2852 2758 3038 2813 Davidi
3066 2758 3317 2829 promisit
3341 2760 3657 2817 hominibus

2077 2853 2344 2909 conferat.
2375 2851 2536 2918 Quia,
2576 2851 2774 2921 inquit,
2824 2850 3061 2905 humana
3108 2860 3304 2905 natura
3352 2851 3566 2905 inﬁrma
3601 2859 3656 2906 et

2076 2946 2234 3016 inops
2262 2953 2368 3011 est,
2396 2943 2489 3000 sed
2522 2952 2701 2999 tamen
2731 2944 3068 3013 multoapud
3104 2953 3157 2998 te
3188 2945 3397 3000 honore
3424 2944 3651 3015 dignata

2075 3046 2327 3105 est;non
2357 3037 2502 3091 enim
2552 3050 2692 3091 vane
2739 3036 2941 3092 creasti
2992 3035 3134 3090 ﬁlios
3179 3035 3481 3101 hominum,
3511 3051 3656 3107 quos

397 3127 539 3200 ’πλὴν
572 3128 705 3182 ἀλλὰ
730 3130 986 3200 πλείστης
1011 3130 1236 3199 ἠξίωται
1263 3129 1414 3201 παρὰ
1439 3129 1522 3183 σοὶ
1546 3129 1738 3200 τιμῆς’
1773 3129 1833 3180 οὐ
1863 3128 1971 3200 γὰρ

2076 3131 2374 3187 secundum
2406 3129 2698 3200 imaginem
2728 3137 2876 3183 tuam
2902 3127 3194 3182 condidisti
3220 3147 3235 3195 ;
3264 3137 3553 3199 eapropter
3585 3146 3655 3184 ne

398 3221 645 3291 ματαίως
670 3220 889 3284 ἔκτισας
913 3223 1039 3283 τοὺς
1070 3221 1219 3284 υἱοὺς
1249 3220 1354 3274 τῶν
1384 3219 1707 3292 ἀνθρώπων,
1730 3220 1825 3282 οὓς
1851 3220 1969 3273 κατ’

393 3310 581 3364 εἰκόνα
624 3310 724 3381 τὴν
756 3310 853 3381 σὴν
886 3309 1357 3380 ἐδημιούργησαςε
1381 3310 1448 3362 δι’
1478 3309 1507 3362 ὃ
1556 3310 1645 3363 ἵνα
1677 3310 1751 3380 μὴ
1788 3309 1851 3361 τὸ
1881 3309 1971 3361 σὺν

397 3402 601 3472 κτίσμα
633 3403 728 3455 καὶ
758 3405 791 3474 ἡ
830 3402 896 3474 σὴ
928 3402 1090 3455 εἰκὼν
1117 3402 1508 3474 παραπόληται
1555 3402 1644 3455 διὰ
1675 3401 1775 3472 τῆς
1816 3400 1973 3453 ἐπελ-

395 3476 594 3561 θούσης
639 3493 828 3565 ὀργῆς,
864 3495 956 3547 καὶ⁹
995 3495 1093 3565 τῆς
1130 3495 1239 3546 τῶν
1282 3493 1711 3565 ἐπηγγελμένων
1736 3492 1969 3565 ὑπερθέ-

396 3602 553 3652 σεως,
588 3585 816 3656 τάχυνον
854 3587 1263 3658 ἀνακτήσασθαι
1295 3587 1363 3639 τὰ
1395 3586 1712 3658 σκυθρωπὰ,
1747 3588 1839 3640 καὶ
1878 3587 1969 3639 θε-

392 3679 667 3752 ραπεῦσαι
690 3680 758 3733 τὰ
778 3680 1080 3751 νοσήσαντα
1101 3678 1189 3732 διὰ
1217 3678 1318 3747 τῆς
1344 3678 1450 3731 τῶν
1488 3678 1707 3746 ἀγαθῶν
1733 3679 1969 3746 ἐπαγγε-

390 3768 522 3825 λιῶν
566 3773 861 3836 ἐκϐάσεως.
904 3773 965 3825 Εἰ
1003 3772 1098 3843 μὲν
1142 3770 1250 3841 γὰρ
1293 3767 1433 3841 ἦσαν
1474 3773 1521 3825 οἱ
1570 3770 1847 3842 ἄνθρωποι
1891 3773 1971 3834 είς

397 3864 626 3935 μάταιον
672 3863 983 3935 ἐκτισμένοι
1035 3862 1237 3933 ὁμοίως
1287 3864 1398 3925 τοῖς
1445 3861 1538 3914 ἐπὶ
1590 3863 1695 3932 γῆς
1757 3860 1969 3929 ἀλόγοις

389 3954 574 4019 ζώοις,
616 3955 716 4008 οὐκ
753 3955 819 4009 ἂν
860 3955 1011 4008 οὐδὲν
1056 3955 1239 4017 αὐτοῖς
1274 3954 1447 4024 ἐχρῆν
1472 3953 1613 4023 μέγα
1636 3952 1967 4021 ἐπαγγέλλε-

390 4047 518 4101 σθαι
536 4063 551 4076 ·
575 4048 664 4100 ὅτε
690 4046 747 4099 δὲ
779 4046 1004 4099 τοιαῦτα
1033 4045 1323 4114 φθάνουσιν
1349 4044 1659 4116 ἀνθρώποις
1688 4044 1969 4113 εὐαγγελι-

392 4136 617 4209 ζόμεναι
655 4140 712 4193 αἱ
761 4139 898 4210 πρὸς
943 4139 1034 4191 τὸν
1074 4136 1234 4191 Δαυῒδ
1262 4137 1620 4207 ὁρκωμοσίαι,
1661 4138 1819 4190 παντί
1863 4154 1965 4190 που

385 4231 547 4301 δῆλον
578 4230 839 4294 ποιοῦσιν,
863 4231 943 4283 ὅτι
969 4231 1043 4300 μὴ
1066 4231 1158 4281 ἐπὶ
1192 4230 1402 4301 ματαίῳ
1428 4228 1647 4291 ἔκτισας
1672 4230 1796 4287 τοὺς
1819 4229 1967 4290 υἱοὺς

389 4325 498 4377 τῶν
530 4321 852 4395 ἀνθρώπων.
892 4320 1045 4375 Ἐπεὶ
1073 4322 1249 4375 τοίνυν
1278 4321 1529 4391 τοιαύτης
1557 4322 1784 4391 ἠξίωται
1814 4320 1965 4391 παρὰ

391 4416 475 4467 σοὶ
499 4415 668 4485 τιμῆς
698 4417 730 4485 ἡ
768 4414 1082 4485 ἀνθρωπεία
1112 4413 1293 4481 φύσις,
1336 4413 1560 4477 εἰκότως
1601 4414 1763 4484 φημὶ,
1799 4412 1963 4481 Μνή-

2073 3222 2346 3293 0pilicium
2377 3231 2530 3275 tuum
2558 3228 2612 3277 et
2655 3221 2834 3291 imago
2868 3228 2961 3274 tua
2994 3235 3090 3289 per
3128 3222 3470 3293 ingruentem
3515 3220 3651 3275 iram

2072 3323 2126 3371 et
2155 3317 2549 3387 promissorum
2582 3314 2892 3369 dilationem
2949 3322 3155 3384 pereat,
3208 3324 3420 3370 mature
3473 3316 3652 3371 tristia

2073 3408 2163 3461 illa
2193 3422 2435 3477 repares,
2476 3406 2812 3475 inﬁrmisque
2863 3406 3132 3461 medearis
3178 3422 3277 3475 per
3326 3406 3652 3477 promissio-

2071 3516 2201 3555 num
2233 3501 2439 3555 exitum
2472 3506 2526 3554 et
2581 3499 3061 3569 complementum.
3114 3498 3249 3552 Nam
3299 3500 3347 3553 si
3400 3499 3651 3554 homines

2070 3594 2294 3663 perinde
2312 3600 2481 3662 atque
2496 3593 2653 3646 bruta
2672 3590 2930 3644 animalia
2954 3591 3007 3643 in
3032 3606 3230 3643 vanum
3248 3591 3418 3644 creati
3439 3598 3646 3655 essent,

2069 3684 2207 3739 nihil
2240 3685 2373 3753 ipsis
2402 3699 2653 3753 magnum
2704 3680 3129 3753 promittendum
3159 3690 3305 3736 esset
3345 3699 3359 3735 :
3391 3692 3527 3735 cum'
3548 3697 3647 3735 au-

2072 3777 2505 3845 temjuramenta
2540 3773 2727 3828 Davidi
2755 3773 2904 3838 data,
2955 3774 3084 3827 talia
3136 3774 3280 3828 bona
3330 3774 3646 3830 hominibus

2070 3868 2427 3933 ammnticnt;
2455 3881 2517 3921 ea
2550 3881 2683 3920 sane
2708 3867 2885 3936 palam
2914 3865 3123 3920 faciunt
3148 3872 3205 3919 te
3228 3880 3337 3919 non
3366 3865 3420 3918 in
3443 3880 3643 3920 vanum

2069 3975 2285 4015 creasse
2312 3959 2449 4012 ﬁlios
2478 3958 2778 4012 hominum.
2807 3956 2946 4023 Quia
2978 3958 3141 4027 igitur
3180 3956 3416 4010 humana
3448 3965 3645 4013 natura

2069 4053 2161 4105 tali
2190 4052 2288 4106 abs
2314 4058 2366 4104 te
2398 4051 2603 4104 honore
2626 4050 2829 4121 donata
2854 4057 2961 4114 est,
2986 4048 3110 4118 jure
3141 4048 3268 4104 dico
3292 4068 3306 4104 :
3341 4046 3645 4107 Memorare

2067 4159 2181 4214 qua?
2239 4159 2349 4196 mea
2379 4141 2709 4203 substantia;
2736 4149 2789 4196 et
2818 4142 3109 4195 recordare
3141 4148 3193 4195 te
3224 4156 3333 4195 non
3360 4143 3414 4196 in
3441 4158 3642 4196 vanum

2067 4249 2286 4289 creasse
2328 4234 2468 4287 ﬁlios
2499 4234 2799 4288 hominum.
2834 4230 2940 4287 Sed
2978 4232 3139 4286 etiam
3175 4232 3228 4287 id
3267 4234 3545 4289 recordari
3592 4245 3645 4290 te

2068 4340 2280 4396 precor,
2308 4326 2516 4379 nullum
2542 4340 2663 4380 esse
2702 4325 2983 4378 hominum
3020 4327 3110 4394 qui
3143 4333 3371 4380 mortem
3405 4341 3513 4381 non
3546 4327 3642 4381 de-

2068 4426 2267 4488 gustet,
2290 4432 2388 4472 nec
2412 4432 2572 4486 posse
2593 4430 2921 4486 quemquam
2949 4418 3183 4471 animam
3205 4432 3357 4473 suam
3376 4432 3442 4471 ex
3467 4425 3642 4471 morte

384 4509 563 4573 σθητι
594 4506 685 4572 τίς
727 4524 846 4575 μου
890 4506 1261 4571 ὑπόστασις’
1302 4506 1396 4557 καὶ
1430 4503 1716 4575 μνήσθητι,
1768 4505 1850 4557 ὅτι
1888 4505 1961 4574 μὴ

2076 4512 2327 4573 liberare;
2366 4526 2539 4579 neque
2590 4509 2735 4563 enim
2778 4508 2832 4562 id
2880 4507 3128 4563 beneﬁcii
3180 4509 3408 4578 accepit.
3452 4509 3641 4577 Itaque

389 4597 635 4667 ματαίως
678 4596 897 4660 ἔκτισας
942 4598 1067 4660 τοὺς
1098 4597 1247 4660 υἱοὺς
1287 4597 1395 4649 τῶν
1438 4595 1759 4667 ἀνθρώπων.
1805 4594 1963 4647 Ἀλλά

388 4691 482 4743 καὶ
514 4690 672 4743 τοῦτο
712 4690 1015 4762 μνησθῆναι
1048 4689 1205 4755 ἀξιῶ,
1236 4690 1318 4742 ὅτι
1352 4689 1523 4752 οὐδείς
1565 4690 1713 4741 ἐστιν
1752 4686 1961 4757 ἄνθρω-

389 4799 508 4846 πος,
537 4781 596 4845 ὃς
625 4782 887 4850 ἄγευστος
921 4780 1178 4851 τυγχάνει
1211 4779 1462 4841 θανάτου,
1500 4779 1607 4831 οὐδ’
1632 4774 1741 4842 οἷός
1781 4779 1844 4831 τέ
1876 4778 1960 4841 τίς

387 4877 534 4925 ἐστιν
566 4873 726 4936 αὐτὸς
756 4872 947 4925 ἑαυτοῦ
986 4874 1083 4942 τὴν
1108 4872 1283 4942 ψυχὴν
1318 4874 1382 4924 ἐκ
1409 4871 1637 4925 θανάτου
1668 4870 1956 4942 ῥύσασθαι,

381 4964 506 5017 οὐδέ
530 4963 797 5017 καὶτοῦτο
829 4963 1083 5033 τυγχάνει
1105 4964 1205 5034 τῆς
1236 4964 1570 5035 εὐεργεσίας.
1602 4964 1761 5016 Ὥστε
1786 4966 1834 5016 εί
1864 4963 1959 5017 καὶ

384 5054 607 5109 τοιαῦτα
638 5056 952 5127 ἡμάρτανον
991 5058 1039 5108 οἱ
1073 5056 1166 5108 τοῦ
1206 5055 1472 5109 Ἰουδαίων
1502 5056 1705 5119 ἔθνους,
1741 5056 1817 5118 ὡς
1858 5055 1958 5119 τὰς

383 5146 785 5210 ἐπαναστάσεις
827 5148 902 5218 (1)
936 5148 1034 5211 τὰς
1061 5145 1195 5219 πρὸς
1220 5146 1310 5202 τὸν
1343 5148 1505 5201 Δαυῒδ
1535 5150 1614 5212 είς
1653 5149 1958 5201 τούναντίον

385 5242 569 5305 αὐτοῖς
608 5243 1033 5314 περιτραπῆναι,
1068 5238 1172 5294 καὶ
1203 5242 1302 5311 τὴν
1335 5242 1397 5294 ἐκ
1441 5242 1756 5313 σπέρματος
1792 5239 1957 5294 αὐτοῦ

382 5334 633 5406 διαδοχὴν
667 5336 763 5387 σὺν
802 5334 879 5405 τῷ
911 5335 1010 5403 τῆς
1045 5334 1322 5405 βασιλείας
1354 5334 1528 5406 θρόνῳ
1557 5334 1953 5406 καταλυθῆναι’

383 5425 444 5479 οὐ
481 5427 586 5496 μὴν
616 5425 752 5478 ἀλλὰ
778 5426 870 5478 καὶ
903 5426 1063 5478 αὐτὸν
1090 5426 1179 5477 τὸν
1201 5425 1434 5495 Χριστόν
1478 5442 1571 5477 σου
1604 5423 1828 5477 τοιαῦτα
1859 5441 1954 5475 πα-

378 5516 495 5571 θεῖν
524 5518 626 5572 ὑπὸ
664 5518 772 5572 τῶν
796 5516 995 5581 αὐτῶν,
1023 5519 1182 5571 ὁποῖα
1210 5516 1573 5588 προλαϐόντες
1609 5518 1656 5571 οἱ
1690 5517 1772 5568 σοι
1806 5516 1950 5584 λόγοι

378 5608 513 5681 περὶ
551 5610 714 5663 αὐτὸν
756 5608 1083 5680 γενήσεσθαι
1114 5610 1557 5680 προεφήτευσανο
1590 5608 1726 5662 ἀλλὰ
1762 5609 1836 5680 μὴ
1871 5610 1949 5673 εἰς

376 5700 532 5765 ’τέλος
565 5702 978 5773 ἀποστραφῆναι
1006 5702 1283 5776 ἀξιοῦμεν,
1326 5702 1461 5773 μηδὲ
1495 5701 1570 5765 ὡς
1620 5702 1730 5773 πῦρ
1755 5703 1952 5755 ἐκκαυ-

448 5792 527 5864 (i3
564 5793 626 5851 L.
653 5795 1002 5864 ἐπαγγελίας.

2060 4602 2277 4657 etiamsi
2303 4603 2427 4656 talia
2456 4602 2657 4657 fuerint
2682 4599 2927 4654 Judaicte
2956 4601 3133 4669 gentis
3161 4601 3387 4666 scelera,
3422 4608 3480 4653 ut
3508 4615 3640 4670 pro-

2065 4694 2230 4747 missa
2272 4693 2455 4746 Davidi
2495 4693 2621 4747 data
2652 4692 2717 4745 in.
2740 4694 3074 4747 contrarium
3115 4691 3249 4761 ipsis
3273 4690 3551 4755 cederent,
3583 4698 3642 4748 et

2062 4786 2340 4841 successio
2367 4784 2596 4839 seminis
2623 4784 2743 4853 ejus
2767 4799 2871 4837 una
2899 4799 3025 4837 cum
3054 4784 3207 4853 regni
3238 4785 3437 4837 throno
3463 4784 3640 4839 solve-

2060 4883 2243 4943 retur;
2282 4877 2392 4929 imo
2423 4876 2586 4929 etiam
2620 4875 2734 4944 ipse
2771 4874 3024 4929 Christus
3057 4884 3185 4928 tuus
3219 4874 3347 4927 talia
3389 4875 3459 4929 ab
3501 4875 3638 4945 ipsis

2057 4974 2356 5036 pateretur,
2377 4966 2559 5034 qualia
2581 4964 2735 5033 prius
2757 4979 3041 5019 sermones
3063 4963 3140 5017 tui
3167 4963 3270 5034 ipsi
3296 4964 3477 5019 futura
3502 4978 3638 5034 prc-

2059 5057 2418 5111 nuntiabant:
2450 5062 2688 5108 attamen
2733 5068 3021 5122 precamur
3054 5069 3124 5108 ne
3167 5055 3222 5108 in
3265 5053 3428 5108 ﬁnem
3461 5071 3635 5124 usque

2060 5146 2347 5207 avertaris,
2378 5161 2554 5214 neque
2580 5144 2658 5198 ira
2688 5151 2778 5199 tua
2804 5146 2943 5200 sicut
2976 5145 3118 5214 ignis
3151 5145 3508 5211 accendatur;
3538 5145 3634 5201 sed

2061 5238 2364 5292 recorderis
2406 5252 2527 5305 quae
2585 5236 2891 5291 substantia
2929 5252 3067 5298 mea,
3101 5238 3195 5306 qui
3245 5238 3359 5293 haec
3400 5253 3497 5307 pro
3525 5239 3633 5294 illis

2060 5332 2298 5403 postulo,
2323 5338 2376 5385 et
2398 5346 2518 5400 quae
2547 5330 2618 5385 sit
2648 5330 2930 5384 hominum
2959 5324 3269 5393 inﬁrmitas,
3297 5334 3388 5401 qui
3424 5343 3630 5390 morta-

2060 5423 2164 5477 lem
2194 5432 2245 5477 el
2295 5421 2537 5476 interitui
2591 5419 2882 5475 obnoxiam
2935 5428 3187 5473 naturam
3234 5423 3412 5476 sortiti
3454 5432 3629 5478 sunt:

2057 5515 2365 5571 recorderis
2393 5517 2518 5569 item
2550 5514 2651 5577 tui,
2678 5513 2769 5582 qui
2809 5529 2915 5567 non
2948 5514 3001 5567 in
3038 5530 3233 5568 vanum
3258 5516 3457 5570 creasti
3494 5516 3632 5573 ﬁlios

2057 5608 2359 5675 hominum,
2385 5606 2480 5662 sed
2504 5606 2574 5659 ad
2597 5621 2847 5676 magnam
2874 5621 3022 5674 spem
3047 5622 3214 5676 penes
3238 5616 3289 5663 te
3313 5612 3628 5678 repositam.

2058 5699 2441 5772 Supplicamus
2470 5707 2649 5754 autem
2683 5705 2741 5750 ut
2769 5696 2879 5751 hanc
2911 5698 2963 5751 in
2995 5699 3310 5753 memoriam
3342 5713 3625 5768 revocans,
