4068 6394
442 371 581 427 1119
1123 369 1391 425 EUSEBII
1430 368 1908 429 CASSARIENSIS
1948 370 2101 431 OPP.
2148 370 2347 425 PARS.
2391 368 2481 424 III.
2517 376 2592 410 -—'-
2632 366 3037 424 EXEGETICA.
3538 371 3678 424 ΗΞο

436 489 521 545 vel
547 502 674 543 sero
708 486 1142 543 tandem'mittas
1183 488 1339 542 nobis
1387 502 1533 551 eum,
1560 488 1652 557 qui
1685 494 1739 543 et
1768 503 1798 542 a
1834 496 2009 544 morte

2119 485 2268 557 θῆναι
2291 486 2390 556 τὴν
2421 486 2590 556 ὀργήν
2630 500 2745 547 σου,
2782 483 3083 553 μνησθῆναι
3108 482 3164 535 δὲ
3195 482 3276 547 τίς
3314 501 3413 554 μου
3457 485 3602 537 ἐστὶν
3642 487 3675 555 ἠ

437 587 684 643 ematur,
716 586 771 633 et
793 579 861 632 ab
891 578 1105 633 inferno
1136 586 1416 633 revocetur
1441 579 1551 649 (l);
1580 586 1633 633 et
1652 588 1712 633 ut
1742 579 1901 634 ﬁnem
1930 579 2008 637 fa-

2119 580 2427 643 ὐπόστασις,
2451 577 2544 630 τοῦ
2576 576 2749 629 ταῦτα
2776 578 2914 647 ὑπὲρ
2933 576 3111 629 αὐτῶν
3143 575 3553 646 πρεσϐεύοντος,
3583 578 3677 630 καὶ

439 673 554 727 cias
577 682 628 726 te
650 686 679 724 a
703 671 859 725 nobis
886 670 1183 734 avertendi,
1215 671 1459 740 iramque
1489 678 1633 723 tuam
1660 672 1837 734 sedes,
1866 673 2007 742 ignis

2119 672 2195 734 τίς
2223 673 2254 741 ἡ
2286 669 2392 723 τῶν
2422 667 2721 740 ἀνθρώπων
2743 668 3013 730 ἀσθένεια,
3034 666 3142 721 τῶν
3170 667 3366 738 θνητὴν
3396 666 3554 737 φύσιν
3583 670 3679 723 καὶ

438 764 611 815 instar
639 762 838 830 pOpulo
870 768 963 814 tuo
996 761 1358 831 ingruentem,
1392 777 1453 815 ac
1479 777 1599 831 qua:
1636 762 1852 832 juratus
1881 778 2008 833 pro-

2119 761 2329 831 θανάτῳ
2360 760 2757 831 δεδουλωμένην
2800 760 3087 829 εἰληχότων
3109 776 3123 790 ’
3160 760 3462 830 μνησθῆναι
3486 761 3542 814 δὲ
3581 760 3678 814 καὶ

438 854 605 908 missa
634 853 821 907 Davidi
846 853 1066 917 dedisti,
1099 854 1353 922 operibus
1387 856 1654 923 perﬁcias.

2119 853 2315 905 σαυτοῦ
2347 854 2421 923 μὴ
2449 853 2540 903 ἐπὶ
2578 852 2789 922 ματαίῳ
2814 850 3097 913 κτίσαντος
3122 852 3245 914 τοὺς
3271 853 3419 915 υἱοὺς
3442 853 3550 905 τῶν
3580 854 3677 906 ἀν-

437 942 690 1014 θρώπων,
738 944 852 998 ἀλλ’
896 945 988 997 ἐπὶ
1035 946 1297 1016 μεγάλαις
1338 945 1514 1000 ἐλπίσι
1559 950 1678 1011 ταῖς
1750 946 1900 1018 παρά
1952 944 2055 999 σοί.
2113 947 2222 999 Καὶ
2264 943 2467 997 τούτων
2514 945 2594 1005 είς
2643 944 2859 1012 μνήμην
2913 940 3171 993 ἐλθόντων
3224 942 3529 1013 ἱκετεύομεν
3574 944 3676 1012 ἤδη

439 1036 567 1090 ποτέ
591 1035 681 1087 τὸν
726 1036 819 1087 καὶ
865 1037 928 1088 ἐκ
983 1035 1213 1088 Θανάτου
1254 1035 1534 1107 ῥυόμενον,
1584 1039 1678 1091 καὶ
1728 1037 1786 1101 ἐξ
1828 1037 1954 1108 ᾆδον
2000 1034 2435 1104 ἀνακαλούμενον
2480 1032 2833 1101 καταπέμψαι
2875 1033 3043 1101 ἡμῖν,
3093 1031 3184 1084 καὶ
3223 1030 3533 1085 παύσασθαι
3579 1034 3676 1102 μὲν

437 1126 846 1200 ἀποστρέφοντα
889 1128 1079 1180 ἑαυτὸν
1126 1126 1183 1191 ἐξ
1211 1129 1390 1199 ἡμῶν,
1440 1131 1786 1185 καταπαῦσαι
1819 1130 1877 1182 δέ
1916 1128 2011 1180 καὶ
2037 1130 2132 1199 τὴν
2157 1127 2329 1197 πυρὸς
2368 1126 2521 1196 δίκην
2547 1124 2876 1178 ἐπελθοῦσαν
2928 1126 3022 1178 ἐπὶ
3079 1125 3167 1178 τὸν
3194 1124 3318 1177 λαόν
3343 1140 3435 1177 σου
3483 1123 3673 1195 ὀργὴν,

437 1222 618 1293 ἔργοις
643 1221 699 1274 δὲ
733 1222 1035 1274 ἐπιτελέσαι
1068 1221 1134 1285 ἃς
1175 1222 1394 1293 ὤμοσας
1428 1225 1563 1297 πρὸς
1589 1226 1749 1278 Δαυῖδ
1780 1223 2128 1293 ἐπαγγελίας.

512 1312 679 1368 Vens.
710 1313 799 1367 50.
836 1312 1076 1366 Ubisunt
1104 1315 1476 1369 misericordiae
1498 1326 1600 1371 tua:
1623 1320 1871 1386 antiqua’,
1903 1316 2013 1369 Do-

2182 1310 2306 1365 Ποῦ
2327 1312 2456 1363 ἐστι
2484 1307 2556 1362 τὰ
2578 1308 2716 1377 tu"
2745 1325 2860 1361 σου
2888 1306 2961 1360 τὰ
2983 1307 3217 1376 ἀρχαῖα,
3240 1308 3436 1375 Κύριε,
3460 1305 3499 1360 ἆ
3528 1306 3681 1376 ὤμο-

442 1406 600 1467 mine,
637 1420 768 1473 quas
785 1403 987 1471 jurasti
1022 1404 1193 1457 David
1224 1407 1275 1459 in
1308 1408 1521 1459 veritate
1544 1419 1634 1460 tua
1658 1410 1683 1462 ?
1719 1407 1857 1473 Quia
1903 1423 2011 1461 non

2119 1418 2229 1467 σας
2257 1400 2336 1466 τῷ
2371 1399 2551 1454 Δαυῒδ
2581 1400 2650 1452 ἐν
2688 1398 2761 1467 τῇ
2806 1399 3056 1466 ἀληθείᾳ
3102 1413 3254 1462 σου;
3288 1400 3407 1451 Ὅτι
3449 1400 3522 1469 μὴ
3575 1416 3681 1469 μα-

444 1496 499 1549 in
522 1510 744 1557 vanum,
779 1494 976 1562 inquit,
1003 1494 1203 1548 creasti
1233 1510 1423 1550 omnes
1461 1496 1599 1551 ﬁlios
1632 1497 1933 1559 hominum,
1959 1504 2013 1550 et

2119 1495 2297 1555 ταίως,
2338 1492 2523 1563 φησϊν,
2570 1490 2790 1552 ἔκτισας
2836 1490 3041 1552 πάντας
3081 1490 3207 1552 τοὺς
3246 1490 3394 1552 υἱοὺς
3433 1488 3541 1542 τῶν
3585 1491 3681 1542 ἀν-

444 1586 586 1657 apud
622 1596 673 1639 te
694 1585 772 1638 illi
800 1586 854 1638 in
883 1585 1090 1639 honore
1124 1586 1409 1653 habentur,
1435 1602 1610 1656 neque
1636 1604 1755 1643 sese
1784 1595 2013 1657 possunt

2119 1582 2368 1655 θρώπων,
2402 1581 2719 1651 τετίμηνται
2747 1578 2804 1631 δέ
2839 1579 2989 1648 παρά
3018 1579 3117 1641 σοὶ,
3153 1578 3251 1647 οὐχ
3278 1576 3380 1629 οἷοί
3422 1595 3482 1630 τε
3518 1577 3575 1630 δέ
3602 1580 3680 1629 εί-

444 1693 473 1731 a
502 1684 676 1731 morte
715 1690 943 1737 eruere:
992 1675 1115 1729 ideo
1138 1692 1341 1745 precor
1368 1685 1421 1731 et
1454 1680 1702 1748 supplico
1746 1687 1804 1733 ut
1834 1686 2013 1733 matu-

444 1782 531 1820 res
563 1766 827 1819 bonarum
861 1765 1285 1834 promissionum
1331 1770 1727 1837 complementa
1756 1770 2011 1824 exhibere

444 1854 622 1918 nobis,
659 1870 779 1924 qua:
831 1870 860 1907 a
904 1852 1123 1909 Christo
1168 1863 1280 1919 tuo,
1319 1866 1443 1925 post
1488 1858 1758 1911 sublatum
1791 1856 2011 1911 Davidis

441 1961 689 2015 regnum,
744 1943 1074 1999 conferenda
1130 1953 1278 2000 sunt.
1326 1945 1607 2002 Festinare
1658 1956 1838 2009 autem
1879 1964 2012 2017 rogo

443 2047 733 2106 antequam
765 2037 1068 2091 .hominum
1112 2053 1285 2109 genus
1325 2038 1569 2094 funditus
1614 2049 1816 2109 pereat.
1878 2039 2011 2105 Quis

443 2129 587 2182 enim
618 2128 899 2181 hominum
935 2136 1114 2197 potest
1168 2146 1227 2185 se
1273 2131 1341 2184 de
1382 2146 1545 2183 manu
1593 2131 1754 2186 inferi
1784 2148 2009 2199 eruere;

445 2220 547 2273 nisi
579 2236 719 2273 unus
749 2221 839 2275 ille
867 2222 959 2291 qui
1001 2223 1176 2293 primo
1210 2224 1473 2292 seipsum,
1503 2222 1701 2278 deinde
1737 2239 1926 2277 omnes
1956 2226 2009 2277 in

440 2325 501 2364 se
538 2320 846 2381 sperantes,
894 2327 925 2365 a
958 2315 1131 2382 portis
1162 2318 1354 2369 mortis
1392 2316 1679 2370 liberavit?
1706 2317 1757 2370 Is
1797 2317 2010 2370 etiamsi

441 2418 503 2455 ea
529 2418 792 2473 passurus
814 2404 885 2459 sit
910 2420 1031 2474 qua:
1068 2406 1121 2459 in
1164 2407 1447 2477 prophetia
1486 2408 1738 2462 feruntur
1778 2408 1865 2463 bis
1890 2423 2011 2462 ver-

443 2496 524 2550 bis
569 2514 583 2550 :
632 2495 785 2549 Nunc
824 2507 1001 2551 autem
1037 2499 1281 2567 γεραιὴιὶ
1323 2511 1371 2552 et
1422 2498 1738 2569 despexisti,
1775 2499 2012 2568 abjecisti

442 2588 713 2643 Christum
745 2599 928 2655 tuum;
960 2598 1196 2645 attamen
1222 2600 1314 2644 tua
1341 2591 1406 2645 ad
1440 2591 1693 2645 Davidem
1724 2590 1866 2644 facta
1891 2606 2015 2660 pro-

447 2677 616 2730 missa
644 2686 1029 2748 consequetur.
1049 2678 1181 2736 Nam
1203 2681 1591 2735 misericordiae
1614 2689 1739 2747 tuae,
1764 2680 2009 2741 Domine,

2116 1692 2199 1727 σιν
2255 1675 2479 1735 ἑαυτοὺς
2535 1670 2796 1741 ῥύσασθαι
2850 1671 2913 1722 ἐκ
2971 1668 3231 1721 θανάτου·
3279 1667 3466 1720 τούτου
3518 1668 3680 1738 χάριν

2112 1763 2299 1833 δέομαι
2349 1762 2442 1815 καὶ¹
2478 1758 2739 1813 ἀντιϐολῶ
2785 1757 3016 1810 σπεῦσαι
3054 1756 3146 1809 καὶ
3186 1755 3293 1809 τῶν
3339 1755 3681 1824 ἐπαγγελιῶν

2116 1872 2208 1906 σου
2231 1854 2337 1905 τῶν
2372 1852 2591 1921 ἀγαθῶν
2620 1852 2789 1916 δεῖξαι
2816 1854 2948 1922 ἡμῖν
2986 1851 3054 1903 τὰ
3082 1850 3513 1920 ἀποτελέσματα,
3550 1867 3676 1902 συν-

2113 1946 2393 2015 ενεχθέντα
2409 1945 2547 1998 κατά
2563 1943 2653 1995 τοῦ
2685 1942 2918 2015 Χριστοῦ
2944 1943 3019 2013 ('2)
3045 1959 3135 1995 σου
3162 1942 3255 1994 καὶ
3287 1940 3423 2011 μετά
3450 1941 3548 2011 τὴν
3579 1941 3681 2010 τῆς

2115 2037 2390 2107 βασιλείας
2410 2038 2502 2089 τοῦ
2540 2036 2700 2089 Δαυῒδ
2733 2035 3067 2105 καθαίρεσιν.
3103 2033 3301 2103 Δέομαι
3338 2032 3394 2084 δὲ
3421 2032 3681 2102 ἐπιταχῦ-

2113 2146 2197 2182 ναι
2252 2130 2379 2199 πρὶν
2426 2129 2774 2182 κατάπτωσιν
2830 2125 3063 2195 παντελῆ
3109 2123 3171 2176 τὸ
3220 2122 3327 2176 τῶν
3375 2121 3680 2192 ἀνθρώπων

2114 2220 2411 2290 ὑποστῆναι
2452 2220 2625 2287 γένος.
2667 2220 2763 2281 Τίς
2802 2220 2909 2288 γάρ
2947 2220 3093 2269 ἐστιν
3128 2214 3427 2286 ἀνθρώπων
3466 2217 3495 2267 ὁ
3524 2214 3681 2267 δυνά-

2117 2328 2273 2381 μενος
2310 2311 2472 2373 αὐτὸς
2508 2312 2695 2365 ἐαυτὸν
2721 2314 2784 2363 ἐκ
2815 2310 2995 2380 χειρὸς
3023 2308 3147 2379 ᾇδου
3188 2305 3472 2379 ῥύσασθαι,
3522 2306 3568 2358 εί
3606 2306 3682 2376 μὴ

2113 2397 2192 2465 εἷς
2239 2403 2394 2471 μόνος
2421 2404 2449 2455 ό
2490 2401 2703 2473 πρῶτος
2740 2402 2835 2471 μὲν
2873 2401 3032 2463 αὐτὸς
3075 2399 3285 2464 ἐαυτὸν,
3335 2395 3451 2451 εἶτα
3482 2397 3541 2450 δὲ
3587 2399 3682 2450 καὶ

2115 2495 2320 2558 πάντας
2360 2496 2485 2557 τοὺς
2530 2497 2609 2557 είς
2652 2494 2811 2546 αὑτὸν
2854 2492 3277 2554 πεπιστευκότας
3325 2494 3389 2545 ἐκ
3434 2491 3539 2543 τῶν
3586 2490 3682 2543 τοῦ

2115 2588 2345 2642 Θανάτου
2379 2587 2561 2640 πυλῶν
2592 2586 2921 2656 ῥυσάμενος
2954 2586 3015 2637 Εἰ
3047 2585 3141 2636 καὶ
3169 2580 3392 2636 τοιαῦτα
3414 2581 3680 2644 πείσεται,

2112 2678 2200 2735 οἷα
2215 2682 2452 2752 διείληφε
2471 2684 2503 2750 ἡ
2523 2678 2826 2750 προφητεία
2845 2678 2914 2730 τὰ
2939 2677 3046 2730 ἀπὸ
3064 2674 3177 2737 τοῦ,
3201 2675 3350 2729 Νυνὶ
3377 2674 3445 2726 δὲ
3464 2672 3684 2727 ἀπώσω

442 2777 497 2823 et
530 2773 733 2827 veritas
759 2780 849 2825 tua
886 2772 939 2825 in
982 2774 1239 2826 saeculum
1276 2784 1514 2841 manent,
1547 2790 1607 2828 ac
1636 2790 1705 2828 ne
1733 2774 1813 2829 vel
1846 2790 2012 2827 unum

2119 2774 2211 2827 καὶ
2232 2773 2663 2838 ἐξουδένωσας,
2694 2769 2987 2825 ἀνεϐάλου
3014 2768 3118 2822 τὸν
3142 2768 3397 2836 Χριστόν
3420 2782 3556 2828 σου,
3578 2766 3684 2835 φή-

447 2861 873 2928 promissionum
897 2870 1113 2916 tuarum
1149 2866 1371 2917 verbum
1394 2864 1628 2919 excidet.
1657 2864 1806 2918 Licet
1832 2873 2012 2919 autem

2119 2881 2257 2917 σασα
2281 2881 2294 2893 ·
2352 2865 2502 2934 ὅμως
2537 2864 2629 2915 καὶ
2661 2861 2766 2914 τῶν
2796 2860 2902 2913 σῶν
2945 2859 3082 2930 πρὸς
3121 2858 3210 2910 τὸν
3246 2854 3407 2910 Δαυῒδ
3441 2857 3682 2922 ἐπαγγε-

445 2966 591 3005 nunc
615 2952 853 3007 tristium
882 2953 1095 3006 illorum
1119 2968 1238 3021 qua:
1261 2962 1519 3008 eventura
1546 2964 1674 3010 sunt
1696 2956 2012 3010 memoriam

2119 2955 2242 3008 λιῶν
2281 2955 2547 3021 τεύξεται.
2584 2953 2666 3007 Τὰ
2704 2953 2811 3025 γὰρ
2844 2952 2967 3023 ἐλέη
3001 2968 3116 3012 σου,
3146 2949 3336 3021 Κύριε,
3372 2948 3465 3002 καὶ
3492 2949 3525 3018 ή
3553 2945 3685 3017 ἀλή-

442 3047 714 3108 repetens,
747 3039 925 3092 dicam
969 3056 982 3094 :
1029 3039 1127 3093 Ubi
1173 3053 1291 3094 sunt
1328 3042 1702 3096 misericordia:
1740 3052 1844 3096 tua:
1875 3047 2014 3097 anti-

2119 3048 2238 3102 θειά
2264 3065 2357 3101 σου
2394 3051 2473 3110 είς
2500 3047 2590 3099 τὸν
2617 3046 2787 3100 αἰῶνα
2827 3044 2975 3114 μένει
3011 3042 3104 3095 καὶ
3130 3041 3247 3095 οὐδὲ
3290 3036 3367 3103 εἷς
3391 3040 3545 3107 λόγος
3574 3036 3684 3091 τῶν

443 3144 581 3197 qua,
623 3128 865 3193 Domine,
915 3146 1046 3200 quas
1083 3131 1288 3201 jurasti
1335 3132 1505 3186 David
1544 3135 1599 3187 in
1638 3135 1853 3188 veritate
1878 3138 2013 3191 tua?

444 3230 498 3273 at
541 3236 650 3274 non
687 3222 877 3291 ignoro
900 3229 951 3276 te
983 3225 1036 3276 in
1062 3224 1287 3279 veritate
1326 3224 1541 3291 jurasse
1578 3241 1590 3276 :
1619 3240 1788 3295 quare
1818 3227 1870 3280 in
1896 3228 2013 3296 ipso

446 3312 717 3365 sermonis
764 3314 993 3368 exordio
1048 3315 1249 3369 bonum
1299 3316 1448 3370 illum
1484 3318 1642 3372 ﬁnem
1690 3318 2011 3387 respiciens,

446 3402 694 3455 dicebam
723 3422 735 3458 :
762 3402 1158 3459 Misericordiae
1181 3406 1391 3460 Domini
1408 3409 1462 3461 in
1486 3418 1735 3463 wternum
1755 3410 2013 3465 cantabo:

446 3493 500 3545 in
532 3496 914 3561 generationem
962 3506 1012 3550 et
1044 3500 1426 3567 generationem
1468 3500 1790 3555 annuntiabo
1822 3504 2017 3556 verita-

447 3592 551 3636 tem
579 3592 724 3636 tuam
766 3586 820 3639 in
864 3602 953 3640 ore
1008 3602 1153 3652 ntea;
1187 3603 1250 3643 ac
1283 3604 1500 3643 rursum
1552 3589 1667 3643 haec
1706 3590 1967 3660 loquebar
1999 3612 2012 3648 :

447 3673 513 3726 In
544 3684 795 3729 aeternum
823 3679 1186 3733 misericordia
1212 3680 1590 3751 wdi/icabitur,
1619 3682 1673 3734 in
1715 3684 1840 3736 calo
1879 3699 2018 3751 pra:-

446 3766 724 3833 parabitnr
756 3770 951 3823 veritas
1000 3779 1112 3825 tua.
1156 3770 1247 3825 lla!
1298 3787 1429 3843 ergo
1462 3773 1848 3828 misericordiae
1891 3786 2014 3841 tua},

446 3858 694 3923 Domine,
722 3860 944 3915 ubinam
994 3863 1127 3928 sint,
1178 3862 1421 3918 ediscere
1467 3862 1668 3934 ﬂagito,
1702 3872 1755 3919 et
1794 3866 1884 3920 ubi
1928 3881 2020 3921 oc-

446 3950 605 4003 culte
633 3950 856 4015 lateant,
880 3953 1169 4021 etquando
1196 3962 1437 4008 venturae
1466 3955 1594 4009 sint.
1627 3956 1853 4010 Atenim
1884 3972 2017 4026 sup-

447 4040 590 4110 plico
619 4048 678 4095 ut
707 4042 820 4111 jam
874 4043 1130 4101 festinent
1160 4052 1215 4100 et
1266 4046 1489 4100 veniant
1539 4060 1603 4100 ac
1650 4046 2018 4101 inﬁrmitatem

448 4142 693 4189 nostram
733 4136 1054 4205 suscipiant.
1107 4137 1224 4193 Nisi
1267 4138 1415 4193 enim
1457 4138 1865 4194 misericordias
1896 4147 2019 4194 tuas

447 4226 705 4296 antiquas
726 4228 1050 4291 ostenderis,
1083 4244 1221 4299 quas
1250 4244 1359 4283 non
1382 4229 1544 4284 modo
1574 4230 1896 4299 promisisti,
1925 4230 2021 4286 sed

448 4316 612 4370 etiam
642 4317 841 4386 iurasti
871 4317 1041 4373 David
1082 4319 1137 4373 in
1171 4319 1398 4374 veritate
1440 4326 1553 4383 tua,
1590 4320 1737 4374 nulla
1786 4319 2020 4373 homini-

2118 3140 2225 3192 σῶν
2250 3138 2590 3208 ἐπαγγελιῶν
2621 3137 2973 3190 διαπεσεῖται.
2998 3135 3060 3187 Εἰ
3101 3133 3157 3185 δὲ
3185 3132 3278 3186 καί
3308 3149 3447 3203 φημι
3472 3129 3566 3183 νῦν
3604 3131 3685 3189 εἰς

2116 3232 2420 3301 ὑπόμνησιν
2464 3228 2633 3282 ἐλθὼν
2680 3227 2789 3281 τῶν
2842 3226 3267 3296 συμϐησομένων
3324 3222 3682 3294 σκυθρωπῶν,

2115 3323 2239 3376 Ποῦ
2270 3323 2402 3375 ἐστι
2433 3321 2505 3376 τὰ
2530 3320 2671 3386 ἐλέη
2706 3336 2821 3373 σου
2851 3318 2924 3371 τὰ
2965 3315 3201 3384 ἀρχαῖα,
3234 3316 3432 3383 Κύριε,
3464 3312 3502 3366 ἅ
3532 3313 3685 3382 ὣμο⁹

2115 3431 2233 3480 σας
2288 3413 2368 3479 τῷ
2421 3412 2601 3467 Δαυῒδ
2663 3412 2733 3465 ἐν
2796 3409 2871 3477 τῇ
2930 3408 3180 3477 ἀληθείᾳ
3227 3422 3376 3467 00v;
3416 3406 3547 3460 ἀλλ”
3585 3407 3688 3459 οὐκ

2117 3504 2316 3574 ἀγνοῶ,
2351 3506 2433 3558 ὅτι
2485 3506 2541 3557 ἐν
2585 3505 2650 3574 τῇ
2692 3501 2917 3572 ἀληθεία
2955 3499 3203 3569 ὢμοσας’
3248 3497 3434 3567 διόπερ
3486 3493 3582 3549 καὶ
3627 3497 3686 3548 ἐν

2117 3598 2257 3668 ἀρχῇ
2286 3596 2380 3649 τοῦ
2408 3596 2605 3658 παντὸς
2647 3593 2801 3661 λόγου
2836 3594 2915 3655 εἰς
2939 3590 2999 3642 τὸ
3024 3588 3256 3660 χρηστὸν
3283 3587 3433 3649 τέλος
3456 3584 3683 3639 ἀποϐλέ-

2118 3704 2234 3739 πων
2278 3685 2491 3754 ἔλεγον·
2537 3686 2609 3739 Τὰ
2647 3684 2788 3753 ἐλέη
2829 3684 2934 3737 τοῦ
2977 3684 3196 3750 Κυρίου
3239 3686 3325 3747 εἰς
3358 3683 3463 3735 τὸν
3502 3678 3686 3735 αἰῶνα

2118 3775 2337 3845 ᾄσομαι
2357 3795 2368 3805 '
2396 3779 2482 3841 εἲς
2546 3776 2758 3844 γενεὰν
2802 3774 2901 3827 καὶ
2952 3775 3165 3843 γενεὰν
3212 3772 3528 3842 ἀπαγγελῶ
3571 3772 3687 3840 τὴν

2118 3866 2404 3932 ἀλήθειάν
2441 3883 2556 3921 σου
2585 3867 2655 3920 ἐν
2689 3867 2767 3931 τῷ
2800 3866 3048 3934 στόματι
3070 3883 3189 3934 μου
3211 3882 3224 3895 ο
3260 3865 3352 3917 καὶ
3382 3864 3543 3916 πάλιν
3572 3864 3685 3916 ἐλε-

2119 3975 2241 4027 γον·
2286 3961 2388 4023 Είς
2435 3958 2542 4011 τὸν
2587 3957 2771 4011 αἰῶνα
2811 3958 2981 4023 ἕλεος
3027 3955 3575 4025 οἰκοδομηθήσεται,
3616 3956 3680 4007 ἐν

2118 4046 2198 4112 τῷ
2226 4046 2458 4114 οὐρανῷ
2486 4045 2975 4116 ἑτοιμωθιὶσεται
3007 4045 3045 4111 ἡ
3081 4042 3329 4112 ἀλήθειά
3361 4058 3496 4096 σου.
3536 4042 3685 4094 Auri

2118 4138 2162 4191 δ’
2192 4135 2283 4192 οὖν
2312 4142 2492 4192 ἐκεῖνα
2517 4139 2587 4191 τὰ
2626 4139 2749 4208 ἐλέη
2797 4154 2910 4201 σου,
2956 4136 3148 4209 Κύριε,
3188 4135 3289 4187 ποῦ
3334 4135 3450 4186 ἐστι
3497 4133 3685 4203 μαθεῖν

2144 4230 2300 4293 ἀξιῶ,
2325 4231 2421 4283 καὶ
2450 4229 2549 4282 ποῦ
2587 4228 2835 4283 λανθάνει
2868 4228 3243 4301 κρυπτόμενα,
3270 4225 3364 4279 καὶ
3392 4226 3520 4277 πότε
3542 4224 3684 4294 ἥξει.

2137 4321 2294 4374 Ἀλλὰ
2339 4322 2448 4393 γὰρ
2488 4322 2734 4385 ἱκετεύω,
2773 4320 3059 4375 σπευσάτω
3094 4319 3187 4373 νῦν
3222 4318 3314 4371 καὶ
3353 4317 3554 4388 ἡκέτω,
3594 4316 3687 4369 καὶ

447 4407 550 4461 bus
574 4423 701 4482 spes
732 4410 927 4465 saiutis
956 4411 1301 4480 relinquitur.
1341 4409 1413 4466 Ut
1449 4419 1627 4466 autem
1670 4426 1851 4467 sermo
1890 4419 2014 4466 tuus

2120 4413 2471 4467 καταλαὸέτω
2498 4414 2593 4484 τὴν
2620 4412 2888 4485 ἡμετέραν
2918 4410 3215 4467 ἀσθένειαν.
3244 4411 3305 4461 Ei
3332 4408 3440 4479 γὰρ
3467 4408 3542 4478 μὴ
3566 4408 3687 4459 ἐπι-

446 4498 515 4553 de
538 4498 791 4555 tristibus
821 4500 1020 4555 futuris
1047 4516 1210 4555 verax
1245 4500 1366 4566 fuit,
1399 4501 1689 4571 omniaque
1727 4501 1818 4555 illa
1846 4502 2021 4556 conti-

446 4599 643 4661 gerunt
673 4598 728 4646 et
763 4592 1028 4662 completa
1066 4599 1226 4658 sunt;
1268 4593 1342 4645 ita
1381 4600 1804 4647 consentaneum
1846 4599 1926 4648 est
1962 4602 2022 4647 ut

450 4681 734 4738 meliorum
768 4682 1188 4751 pollicitationes
1229 4697 1337 4736 non
1389 4682 1554 4735 irritae
1608 4682 1718 4737 sint
1758 4701 1772 4737 :
1821 4684 2018 4752 quibus

448 4772 658 4827 scilicet
686 4774 846 4829 nobis
868 4774 1249 4827 annuntiatum
1270 4780 1373 4836 est,
1400 4781 1660 4828 aeternum
1690 4772 1807 4828 fore
1833 4790 2020 4829 semen

453 4864 693 4931 Davidis,
723 4876 776 4921 et
800 4866 1058 4921 thronum
1080 4866 1199 4936 ejus
1226 4866 1398 4920 instar
1428 4866 1623 4921 solaris
1649 4866 1872 4923 luminis
1895 4868 2018 4922 uni-

451 4972 672 5013 versum
700 4958 891 5013 orbem
924 4958 1324 5012 illustraturum
1355 4971 1497 5013 esse.
1526 4955 1651 5011 Haec
1684 4958 1866 5027 itaque
1912 4958 2018 5014 illis

450 5049 580 5104 olim
604 5050 844 5119 antiquis
864 5050 919 5104 in
948 5057 1076 5104 voto
1109 5049 1281 5113 fuere,
1316 5056 1369 5103 et
1413 5049 1480 5103 ab
1510 5049 1575 5103 iis
1604 5049 1698 5117 qui
1742 5050 2021 5119 propheti-

448 5157 639 5199 carum
668 5157 862 5197 vocum
889 5141 1231 5197 meditationi
1252 5140 1419 5195 dediti
1451 5147 1608 5195 erant
1635 5144 2025 5210 exspectaban-

449 5245 541 5291 tur
571 5253 586 5289 :
614 5250 642 5289 a
673 5236 833 5291 nobis
860 5250 989 5289 vero
1020 5234 1153 5305 ipsis
1174 5234 1432 5303 operibus
1451 5232 1718 5302 completa
1743 5231 2018 5297 videntur,

447 5345 542 5399 per
600 5325 1119 5382 consummationem
1154 5340 1337 5379 rerum
1383 5339 1504 5393 quae
1560 5322 1615 5376 in
1663 5320 1941 5380 Salvatore
1970 5334 2023 5380 et

450 5419 683 5474 Domino
725 5427 915 5473 nostro
940 5415 1071 5473 Jesu
1100 5417 1319 5471 Christo
1346 5415 1599 5485 perfecta
1626 5424 1775 5470 sunt.

2119 4504 2349 4570 δείξειας
2385 4522 2475 4558 σου
2518 4505 2584 4558 τὰ
2629 4506 2751 4576 ἐλέη
2788 4504 2857 4558 τά
2906 4505 3124 4575 ἀρχαῖα,
3172 4501 3314 4572 ἅπερ
3356 4501 3455 4569 οὐχ
3501 4498 3687 4561 ἁπλῶς

2122 4598 2455 4667 ἐπηγγείλω,
2482 4597 2618 4651 ἀλλὰ
2642 4598 2733 4651 καὶ
2753 4596 2969 4669 ὤμοσας
2995 4596 3072 4667 τῷ
3100 4593 3261 4648 Δαυῖδ
3290 4595 3346 4645 ἐν
3372 4595 3438 4663 τῇ
3460 4591 3687 4663 ἀληθείᾳ

2126 4707 2240 4753 σου,
2265 4690 2488 4760 οὐδεμία
2508 4689 2748 4743 λείπεται
2771 4688 3077 4759 ἀνθρώποις
3099 4686 3252 4748 ἐλπὶς
3279 4683 3569 4753 σωτηρίας.
3600 4683 3689 4745 Ὠς

2122 4777 2215 4835 οὖν
2260 4781 2623 4854 ἐπηλήθευσεν
2668 4784 2696 4835 ὁ
2734 4781 2889 4849 λόγος
2922 4778 3155 4833 ἐπὶτῶν
3195 4774 3553 4846 σκυθρωπῶν,
3595 4774 3688 4827 καὶ

2123 4872 2312 4941 γέγονε
2335 4874 2428 4926 καὶ
2455 4874 2766 4943 ἀπήντησεν
2796 4872 3029 4937 ἅπαντα,
3057 4871 3229 4933 οὕτως
3261 4867 3549 4923 ἀκόλουθόν
3571 4869 3687 4921 ἐστι

2124 4964 2217 5016 καὶ
2241 4964 2309 5016 τὰ
2348 4965 2628 5035 κρείττονα
2663 4963 2770 5018 τῶν
2805 4962 3143 5033 ἐπαγγελιῶν
3176 4962 3249 5033 μὴ
3280 4959 3686 5029 διαψεύσασθαι,

2123 5055 2188 5109 δι’
2206 5050 2280 5109 ὧν
2299 5058 2327 5109 ὁ
2339 5057 2492 5124 λόγος
2514 5058 2642 5127 ἡμῖν
2669 5055 3055 5125 εὐηγγελίσατο
3066 5054 3277 5106 αἰώνιον
3297 5052 3513 5123 σπέρμα
3527 5049 3689 5104 Δαυῖδ

2130 5146 2226 5198 καὶ
2238 5145 2422 5215 θρόνον
2437 5145 2600 5199 αὐτοῦ
2628 5146 2779 5217 δίκην
2796 5146 2942 5217 ήλίου
2960 5145 3134 5216 φωτὸς
3150 5143 3580 5213 καταλάμψαντα
3611 5142 3689 5215 (ὅ)

2127 5237 2305 5289 πᾶσαν
2341 5238 2439 5308 τὴν
2483 5238 2589 5291 τῶν
2631 5237 2929 5309 ἀνθρώπων
2984 5239 3327 5308 οἰκουμένην.
3371 5235 3555 5288 Ταῦτα
3592 5234 3688 5305 μὲν

2126 5323 2217 5382 οὖν
2236 5331 2294 5382 ἐν
2311 5330 2491 5401 εὐχαῖς
2507 5330 2680 5384 ἔκειτο
2694 5334 2802 5395 τοῖς
2822 5331 3087 5394 παλαιοῖς,
3101 5330 3195 5383 καὶ
3209 5328 3571 5401 προσεδοκᾶτο
3582 5328 3690 5389 τοῖς

2123 5418 2220 5482 τὰς
2246 5422 2587 5493 προφητικάς
2613 5422 2793 5492 φωνὰς
2823 5421 3264 5493 μεμελετηκόσιν·
3289 5421 3421 5489 ἡμῖν
3437 5418 3491 5470 δέ
3510 5417 3690 5477 αὐτοῖς

447 5511 627 5581 ἔργοις
676 5511 868 5580 ὁρᾶται
900 5510 1326 5580 πεπληρωμένα,
1375 5508 1462 5561 διὰ
1489 5508 1594 5561 τῶν
1634 5511 1714 5571 εἰς
1736 5508 1827 5562 τὸν
1868 5508 2095 5580 Σωτῆρα
2144 5512 2237 5565 καὶ
2289 5513 2490 5587 Κύριον
2534 5517 2691 5587 ήμῶν
2729 5516 2931 5588 Ἰησοῦν
2956 5514 3187 5587 Χριστὸν
3217 5511 3689 5582 ἀποτελεσμάτων.

524 5652 600 5711 (I)
638 5649 849 5712 Graeca,
875 5649 1151 5720 ῥυόμενον,
1182 5651 1238 5701 dx
1252 5646 1450 5720 ακαλού
1461 5664 1641 5716 μενον,
1664 5647 1840 5720 active
1859 5648 2021 5720 etiam

455 5722 605 5773 reddi
644 5715 894 5789 possunt,
928 5715 1167 5789 ncmpe;
1198 5719 1285 5787 qui
1315 5715 1471 5771 eruat
1496 5727 1543 5771 et
1570 5728 1787 5773 revocet.
1811 5715 2024 5776 Judicct

462 5793 629 5845 lector
652 5788 851 5844 utrum
878 5788 1099 5845 rectius.
1129 5788 1281 5843 lion.

2203 5650 2609 5724 (2)1:egendum
2640 5653 2848 5707 videtur
2880 5652 3030 5724 παρά
3060 5650 3152 5724 τοῦ
3171 5648 3428 5724 Χριστοῦ.
3460 5645 3618 5702 Enn.

2203 5720 2281 5794 (5)
2314 5720 2474 5780 Fo'rte
2497 5724 2781 5796 legendum
2803 5720 3241 5793 καταλάμψοντα.
3272 5720 3429 5775 Eutr.
