4068 6394
434 334 572 388 “Si

1532 340 2037 399 COMMENTARIA
2074 346 2141 400 IN
2182 344 2504 402 PSALMOS

3555 346 3696 402 {£22

501 453 834 523 Μνήσθήτι,
866 459 1063 526 Κύριε,
1106 459 1212 513 τοῦ
1251 460 1593 531 ὀνειδισμοῦ
1626 462 1743 517 τῶν
1770 464 2007 519 δούλων

2180 466 2347 523 Vens.
2404 466 2588 523 Sil-55.
2658 464 2862 519 Memor
2914 474 3045 529 esto,
3125 465 3365 530 Domine,
3430 478 3695 537 opprobrii

430 564 579 609 σοιν,
633 543 721 602 οὗ’
762 548 1038 618 ὑπέσχον
1095 552 1164 604 ἐν
1204 551 1283 617 τῷ
1331 556 1538 621 κόλπῳ
1583 573 1705 624 μου
1757 556 2005 611 πολλῶν

428 638 651 692 ἐθνῶν·
690 637 763 696 οὗ
817 641 1137 697 ὼνείδισαν
1182 647 1235 697 οι
1276 646 1477 715 ἐχθροί
1521 664 1658 708 σου,
1690 650 1890 717 Κύριε,
1932 645 2004 705 οὗ

429 729 751 786 ὡνείὸισαν
774 734 840 785 τὸ
869 734 1262 805 ἀντάλλαγμα
1291 739 1395 789 τοῦ
1419 740 1674 807 Χριστοῦ
1709 755 1845 794 σου.
1893 744 2006 794 Εὑ-

429 825 688 892 λογητὸς
730 827 944 893 Κύριος
970 830 1056 893 εὶς
1090 828 1199 882 τὸν
1233 831 1448 884 αἰῶνα·
1476 832 1727 901 γένοιτο,
1756 833 2005 904 γένοιτο.

447 918 579 970 Ἂπὸ
603 917 698 972 τοῦ
737 908 1174 991 προτεταγμένου
1209 923 1575 994 διαψάλματος
1606 926 1751 979 δοκεῖ
1784 944 1872 997 μοι
1915 945 2008 997 με·

433 1008 631 1080 ταὸολὴ
691 1011 973 1079 γεγονέναι
1047 1014 1148 1083 τῆς
1214 1014 1471 1079 διανοίας.
1543 1018 1616 1069 Τὸ
1672 1017 1804 1085 γοῦν
1869 1019 2009 1072 θεῖον

434 1102 677 1173 Πνεῦμα,
712 1102 1008 1176 εὐξάμενον
1041 1106 1182 1177 ὑπὲρ
1222 1107 1316 1160 τοῦ
1358 1107 1486 1161 λαοῦ
1531 1110 1617 1163 διὰ
1658 1111 1765 1162 τῶν
1805 1110 2011 1182 ἔμπρο-

435 1193 583 1258 σθεν,
612 1194 710 1258 τὰς
739 1197 1070 1264 ἐπαγγελίας
1095 1198 1187 1251 τοῦ
1215 1198 1348 1251 Θεοῦ
1376 1202 1725 1271 προκαλεῖται
1754 1202 1862 1255 ἀπὸ
1892 1201 2009 1266 τοῦ,

433 1286 557 1339 Ποῦ
580 1286 712 1339 ἐστι
749 1286 821 1340 τὰ
843 1286 982 1355 ἐλέη
1011 1304 1128 1342 σου
1162 1291 1233 1343 τὰ
1266 1290 1503 1359 ἀρχαῖα,
1545 1292 1757 1359 Rupta;
1789 1292 1930 1357 ἀξιοῖ
1954 1292 2011 1344 δὲ

430 1377 532 1448 ἤδη
562 1380 691 1431 ποτέ
737 1380 1022 1450 ἐπιστῆναι
1063 1381 1171 1434 τῶν
1212 1383 1590 1454 χρηστοτέρων
1640 1384 1710 1437 τὰ
1752 1385 2011 1438 ἀποτελέ-

433 1462 635 1538 σματα,
670 1467 706 1521 ἃ
731 1467 943 1538 ὤμοσεν
968 1471 996 1522 6
1033 1470 1167 1535 Θεὸς
1200 1472 1279 1541 τῷ
1302 1471 1463 1524 Δαυῒδ
1494 1474 1551 1524 ἐν
1573 1476 1638 1543 τῇ
1662 1472 1885 1543 ἀληθείᾳ
1913 1475 2012 1526 αὐ-

432 1559 546 1611 τοῦ.
592 1556 723 1613 Εἶτα
756 1562 1064 1633 παρακαλεῖ
1108 1564 1415 1635 μνησθῆναι
1448 1566 1541 1618 τοῦ
1575 1556 1880 1637 ὀνειδισμοῦ
1905 1566 2013 1620 τῶν

430 1649 629 1704 δούλων
655 1652 840 1705 αὐτοῦ.
860 1644 947 1717 Ὠς
973 1654 1083 1726 γὰρ
1112 1654 1212 1726 ἤδη
1245 1654 1451 1719 λοιπὸν,
1483 1657 1623 1710 κατὰ
1648 1657 1708 1710 τὸ
1738 1674 2013 1729 σεσιωπη-

435 1742 616 1812 μένον,
654 1745 1021 1816 χωρησάντων
1066 1749 1147 1810 είς
1182 1747 1318 1819 ἔργα
1365 1748 1474 1800 τῶν
1526 1751 2015 1822 προηγορευμένων

431 1835 789 1908 σκυθρωπῶν,
837 1840 1045 1894 πολλῶν
1072 1858 1130 1894 τε
1166 1843 1375 1913 ἐχθρῶν
1414 1845 1509 1897 καὶ
1538 1844 1706 1897 ἐθνῶν
1736 1846 2016 1917 ἐπικειμέ-

428 1945 535 1981 νων
572 1929 665 1981 καὶ
694 1928 1059 1994 ὀνειδιζόντων
1091 1934 1217 1995 τοὺς
1257 1933 1474 1998 δούλους
1514 1935 1607 1988 τοῦ
1648 1934 1783 1988 Θεοῦ
1827 1936 1915 1989 διὰ
1943 1938 2010 1991 τὰ

431 2019 843 2091 συμϐεϐηκότα,
890 2023 988 2095 τὴν
1035 2025 1189 2097 ὑπὲρΔ
1216 2026 1421 2079 τούτων
1475 2026 1641 2098 εὐχὴν
1695 2029 2010 2098 ἀναπέμπει

426 2109 585 2178 λέγον
607 2128 620 2141 ·
647 2111 981 2181 Μνήσθητι,
1008 2117 1204 2183 Κύριε,
1226 2116 1333 2169 τοῦ
1358 2116 1699 2185 όνειδισμοῦ
1730 2117 1847 2170 τῶν
1875 2117 2011 2171 δού-

424 2207 551 2256 λων
588 2217 724 2258 σου.
790 2207 934 2260 ’Λντὶ
962 2207 1078 2272 τοῦ,
1134 2204 1216 2264 οὗ
1262 2208 1538 2278 ὑπέσχον
1574 2209 1642 2261 ἐν
1679 2208 1759 2274 τῷ
1806 2210 2011 2274 κόλπῳ

420 2313 542 2364 μου
572 2296 823 2350 πολλῶν
854 2298 1066 2363 ἐθνῶν,
1113 2301 1445 2372 σαφέστερον
1484 2303 1511 2354 6
1552 2300 1781 2365 Ἀκύλας
1819 2302 2011 2367 ἐξέδω-

426 2403 522 2439 κεν
570 2384 763 2449 εἱπὼν,
806 2386 1092 2454 Αἵροντός
1130 2404 1250 2455 μου
1277 2387 1346 2439 ἐν
1385 2388 1589 2454 κόλπῳ
1637 2386 1835 2454 πάσας
1885 2387 2011 2442 ἁδι-

426 2480 563 2544 κίας
620 2477 821 2532 λαῶν·
870 2480 898 2531 6
949 2479 1006 2532 δὲ
1063 2479 1379 2549 Σύμμαχος,
1425 2479 1759 2533 Ἐὂάστασα
1810 2480 1881 2533 ἐν
1931 2479 2011 2545 τῷ

426 2574 633 2637 κόλπῳ
649 2589 767 2640 μου
794 2570 1036 2625 πάντων
1068 2572 1187 2625 τῶν
1213 2572 1423 2626 ἐθνῶν.
1471 2574 1534 2625 Οἱ
1577 2574 1672 2643 μὲν
1697 2569 1790 2626 οῦν
1828 2573 2011 2627 ὀνειδι-

426 2663 645 2735 ζόμενοι
678 2666 727 2717 οί
764 2664 939 2717 δοῦλοί
972 2666 1077 2717 είσι
1116 2663 1207 2717 τοῦ
1245 2664 1411 2717 Θεοῦ·
1448 2666 1527 2718 διὸ
1571 2665 1807 2735 ἔφασκε·
1843 2664 2009 2731 Μνή-

423 2761 622 2823 σθητι,
668 2758 867 2824 Κύριε,
906 2757 1011 2810 τοῦ
1055 2757 1401 2827 ὀνειδισμοῦ
1440 2757 1559 2811 τῶν
1590 2758 1827 2812 δούλων
1852 2774 1967 2812 σου
1991 2775 2003 2788 ·

424 2851 473 2902 οί
515 2849 572 2901 δέ
612 2846 963 2912 ὀνειδίζοντες
1006 2849 1056 2899 oi
1100 2849 1282 2919 ἐχθροὶ
1324 2848 1419 2901 τοῦ
1446 2848 1614 2902 Θεοῦ·
1657 2849 1738 2902 διὸ
1767 2849 2008 2919 ἐπιλέγει

425 2942 572 3011 ἑξῆς,
603 2937 684 2996 Οὗ
715 2941 1036 2994 ὠνείδισαν
1064 2944 1116 2995 οἱ
1138 2942 1340 3011 ἐχθροί
1365 2957 1503 3007 σου,
1530 2943 1726 3010 Κύριε,
1754 2939 1825 2998 οὗ
1853 2942 2011 2997 ὠνεί-

422 3036 606 3086 δισαν
650 3033 714 3086 τὸ
755 3032 1147 3103 ἀντάλλαγμα
1193 3033 1298 3087 τοῦ
1349 3033 1608 3101 Χριστοῦ
1668 3048 1804 3088 σου.
1848 3034 1905 3087 Ὀ
1951 3034 2007 3087 δὲ

423 3122 594 3176 ταῦτα
620 3124 756 3195 πρὸς
779 3124 870 3176 τὸν
895 3123 1027 3176 Θεὸν
1057 3124 1229 3192 λέγων
1259 3125 1342 3195 εἴη
1372 3124 1437 3178 ἂν
1462 3125 1491 3176 6
1519 3126 1783 3196 σωτήριος
1812 3126 2004 3192 Λόγος,

2111 573 2381 611 seruorum
2422 567 2652 621 tuorum,
2701 557 2841 627 quod
2893 557 3128 610 continui
3175 558 3229 610 in
3263 559 3384 611 sinu
3414 574 3527 612 meo
3558 560 3697 614 mul-

2110 659 2286 703 tarum
2329 652 2557 720 gentium
2593 649 2772 719 :quod
2821 648 3267 718 exprobrauerunt
3335 650 3540 703 inimici
3593 651 3691 713 tui,

2108 742 2352 806 Domine,
2393 742 2532 812 quod
2573 741 3505 809 exprobraueruntcommutationem
3539 741 3697 797 Chri-

2108 829 2176 881 sti
2207 828 2304 882 tui.
2338 826 2648 881 Benedictus
2686 827 2945 881 Dominus
2999 828 3052 881 iu
3084 836 3335 881 a'ternum
3363 844 3381 891 ;
3414 829 3531 897 ﬁat,
3573 829 3690 897 ﬁat.

2110 915 2154 970 A
2199 917 2485 986 praemisso
2534 917 2893 986 diapsalmate
2946 916 3157 971 videtur
3220 918 3357 971 mihi
3409 918 3694 973 sententia:

2114 1008 2474 1061 mutationem
2526 1007 2799 1061 invectam
2834 1023 2977 1063 esse.
3020 1006 3155 1061 Nam
3206 1006 3446 1077 Spiritus
3474 1010 3693 1064 divinus

2113 1114 2213 1169 pro
2248 1101 2452 1169 populo
2481 1107 2737 1170 precatus
2776 1099 2829 1154 in
2855 1100 3254 1169 superioribus,
3300 1101 3571 1170 promissa
3599 1100 3689 1154 Dei

2114 1197 2175 1244 ut
2200 1191 2457 1245 eveniant
2494 1191 2596 1245 hoc
2623 1190 2770 1245 dicto
2802 1192 3060 1261 postulat,
3094 1190 3193 1244 Ubi
3233 1200 3354 1245 sunt
3394 1193 3693 1246 misericor-

2115 1282 2221 1336 dia:
2254 1291 2359 1335 tua:
2406 1286 2661 1353 antiquw,
2714 1281 2983 1337 Domine?
3034 1290 3192 1352 rogat
3241 1290 3421 1338 autem
3484 1292 3542 1337 ut
3578 1284 3690 1353 jam

2113 1374 2370 1429 eveniant
2427 1375 2713 1429 meliorum
2766 1375 2981 1429 illorum
3017 1375 3433 1445 complementa,
3461 1377 3693 1446 qumju-

2116 1466 2255 1519 tavit
2292 1465 2435 1521 Deus
2469 1465 2642 1521 David
2692 1466 2747 1520 in
2775 1466 3007 1521 veritate
3038 1482 3157 1523 sua.
3203 1466 3407 1522 Deinde
3438 1477 3693 1538 precatur

2116 1568 2176 1611 ut
2218 1573 2426 1613 memor
2471 1559 2544 1614 sit
2591 1558 2872 1629 opprobrii
2915 1574 3195 1613 servorum
3252 1574 3499 1615 suorum.
3556 1559 3689 1615 Nam

2117 1650 2275 1719 quasi
2298 1651 2434 1719 jam,
2461 1660 2520 1705 ut
2553 1651 2724 1705 tacite
2749 1650 2979 1719 judicat,
3006 1651 3182 1708 tristia
3222 1652 3310 1705 illa
3342 1653 3495 1724 prius
3528 1668 3694 1708 enun-

2117 1742 2265 1805 tiata,
2295 1757 2458 1812 opere
2500 1740 2739 1811 perfecta
2771 1743 2902 1805 sint,
2940 1758 3065 1797 cum
3098 1744 3306 1798 inimici
3332 1744 3486 1798 multi
3528 1752 3581 1799 et
3606 1762 3695 1815 po-

2118 1833 2229 1902 puli
2258 1834 2483 1897 instent,
2512 1840 2565 1888 et
2597 1848 2787 1888 servos
2829 1832 2921 1889 Dei
2965 1842 3187 1904 propter
3225 1851 3287 1890 ea
3331 1851 3452 1906 qua:
3481 1836 3693 1891 accide-

2117 1934 2238 1979 rant
2266 1926 2581 1997 opprobriis
2609 1935 2860 1991 onerent,
2893 1943 2992 1997 pro
3027 1928 3135 1983 illis
3171 1928 3265 1983 Dei
3311 1928 3531 1984 famulis
3567 1946 3692 1991 ora-

2114 2021 2314 2075 tionem
2343 2020 2542 2075 emittit
2570 2019 2761 2074 dicens
2787 2038 2799 2074 :
2836 2019 3039 2074 Memor
3069 2031 3200 2085 esto,
3232 2020 3469 2085 Domine,
3502 2038 3691 2091 oppro-

2114 2112 2214 2165 brii
2237 2128 2506 2166 seruorum
2539 2122 2773 2167 tuorum.
2806 2114 2915 2167 Pro
2965 2113 3059 2167 illo
3088 2122 3292 2179 autem,
3326 2113 3479 2179 Quod
3523 2115 3683 2168 conti-

2111 2204 2205 2257 nui
2234 2204 2287 2256 in
2318 2205 2438 2257 sinu
2475 2221 2589 2258 meo
2642 2204 2935 2257 multarum
2961 2206 3217 2273 gentium,
3254 2206 3460 2263 clarius
3495 2206 3689 2275 Aquila

2111 2294 2280 2348 edidit
2316 2295 2526 2358 dicens,
2559 2294 2647 2349 Me
2674 2297 2870 2364 ferente
2907 2298 2961 2351 in
2986 2299 3105 2352 sinu
3154 2315 3333 2353 omnes
3384 2299 3690 2369 iniquitates

2109 2386 2463 2455 populorum;
2502 2387 2864 2457 Symmachus
2911 2397 3114 2453 autem,
3166 2389 3289 2443 Tuli
3326 2391 3381 2443 in
3421 2391 3540 2444 sinu
3577 2408 3690 2445 meo

2111 2483 2345 2533 omnium
2377 2480 2633 2550 gentium.
2669 2480 2779 2546 Qui
2799 2482 2984 2550 itaque
3008 2481 3319 2551 opprobriis
3352 2481 3685 2546 aﬂiciuntur,

2112 2573 2254 2627 servi
2288 2571 2383 2627 Dei
2415 2580 2544 2625 sunt
2571 2590 2583 2625 :
2614 2588 2786 2643 quare
2806 2571 3262 2635 dicebat,lllemor
3281 2584 3413 2637 esto,
3443 2572 3687 2636 Domine,

2111 2664 2377 2732 opprobrii
2410 2680 2679 2718 seruorum
2732 2673 2978 2728 tuorum;
3016 2664 3108 2733 qui
3161 2671 3342 2719 autem
3393 2666 3688 2735 opprobria

2111 2755 2376 2818 inferunt,
2409 2763 2536 2811 sunt
2572 2755 2783 2809 inimici
2828 2754 2922 2810 Dei
2953 2774 2965 2810 :
3002 2755 3357 2826 quamobrem
3408 2757 3688 2827 subjungit

2109 2861 2317 2918 postea,
2354 2846 2506 2913 Quod
2544 2847 2995 2917 exprobrauerunt
3042 2847 3245 2900 inimici
3293 2848 3391 2911 tui,
3443 2847 3686 2913 Domine,

2109 2941 2247 3013 quod
2296 2940 2744 3007 exprobrauerunt
2803 2941 3272 2993 commutationem
3324 2938 3527 2994 Christi
3589 2942 3684 2993 tui.

2109 3034 2214 3101 Qui
2239 3041 2419 3088 autem
2454 3033 2568 3087 haec
2608 3032 2719 3087 Deo
2752 3032 2904 3096 dicit,
2934 3033 3171 3087 salutare
3223 3030 3463 3087 Verbum
3500 3031 3686 3094 fuerit,

2110 3128 2257 3197 quod
2307 3127 2363 3180 in
2414 3126 2537 3181 sinu
2612 3142 2714 3181 suo
2760 3126 3077 3195 iniquitates
3132 3126 3456 3195 populorum
3524 3126 3685 3180 tollit.

424 3217 454 3265 6
484 3216 653 3285 αἴρων
682 3218 741 3269 ἐν
774 3215 850 3285 τῷ
892 3216 1088 3279 ἑαυτοῦ
1119 3216 1304 3285 κόλπῳ
1334 3216 1433 3279 τὰς
1458 3217 1672 3280 ἀδικίας
1701 3217 1809 3271 τῶν
1838 3218 1998 3271 λαῶν.

2110 3216 2477 3272 Commutatio
2507 3225 2687 3270 autem
2724 3216 2929 3271 Christi
2981 3230 3090 3285 quo
3130 3231 3293 3270 sensu
3326 3217 3471 3271 dicta
3502 3214 3686 3280 fuerit,

439 3302 817 3373 Ἀντάλλαγμα
850 3303 908 3357 δὲ
947 3304 1041 3357 τοῦ
1070 3305 1307 3377 Χριστοῦ
1341 3307 1489 3370 ὅπως
1517 3308 1751 3379 εἴρηται,
1794 3311 2004 3381 νοήσεις

425 3394 534 3446 ἀπὸ
580 3395 679 3465 τῆς
723 3394 815 3447 τοῦ
863 3398 1162 3467 Συμμάχου
1208 3398 1524 3469 ἑρμηνείας,
1559 3400 1624 3452 δι’
1671 3396 1737 3472 ἧς
1769 3402 2000 3473 εἴρηται,

432 3481 513 3541 Οὔ
548 3486 869 3541 ὼνείδισαν
899 3489 971 3543 τὰ
996 3488 1135 3557 ἴχνη
1166 3489 1271 3543 τοῦ
1295 3491 1551 3557 Χριστοῦ
1582 3508 1721 3547 σου.
1752 3493 1861 3564 Τὴν
1894 3494 2005 3566 γὰρ

428 3578 655 3648 πορείαν
685 3578 777 3631 τοῦ
809 3579 1045 3650 Χριστοῦ
1090 3579 1182 3632 τοῦ
1221 3580 1355 3634 Θεοῦ
1410 3582 1503 3634 καὶ
1542 3580 1640 3652 τὴν
1668 3582 1785 3635 ὁδὸν
1838 3584 2003 3636 αὐτοῦ

424 3673 524 3744 τὴν
556 3673 694 3727 κατὰ
722 3675 782 3728 τὸ
814 3675 1005 3739 πάθος,
1033 3676 1103 3737 τά
1132 3693 1192 3728 τε
1221 3677 1341 3745 ἴχνη
1376 3676 1475 3745 τῆς
1505 3677 1647 3730 κατὰ
1676 3678 1768 3730 τὸν
1800 3677 2007 3750 ἀνθρώ-

428 3783 579 3819 πινον
615 3765 727 3835 βίον
772 3767 1101 3837 οἰκονομίας,
1146 3766 1335 3820 τοῦτον
1382 3766 1600 3838 ᾐνίξατο
1644 3769 1733 3821 τὸν
1782 3770 2001 3839 τρόπον.

427 3858 611 3911 Ταῦτα
652 3858 760 3929 γὰρ
790 3858 1044 3912 εἰώθασιν
1092 3856 1368 3922 ὀνειδίζειν
1409 3860 1542 3929 ἡμῖν
1583 3860 1633 3911 οἱ
1679 3858 1862 3929 ἐχθροὶ
1911 3858 2005 3910 τοῦ

426 3951 583 4005 Θεοῦ.
643 3950 802 4004 Ἀλλὰ
856 3951 964 4022 γὰρ
1016 3951 1093 4014 ὡς
1140 3950 1498 4014 ἐπακουσθεὶς
1555 3950 1651 4004 καὶ
1710 3950 2007 4012 πιστεύσας

426 4042 841 4107 τεύξεσθαι-τῶν
872 4043 1071 4113 εὐχῶν,
1100 4044 1324 4106 ἐλπίσας
1367 4059 1426 4095 τε
1528 4042 1690 4111 τάχος
1718 4043 2006 4111 interﬁce-

429 4136 552 4189 σθαι
586 4134 685 4198 τὰς
712 4136 846 4207 πρὸς
869 4136 959 4188 τὸν
989 4134 1150 4188 Δαυῒδ
1178 4135 1505 4204 ἐπαγγελίας
1532 4135 1626 4188 τοῦ
1656 4135 1811 4199 Θεοῦ,
1834 4136 1895 4188 τὸ
1922 4136 2009 4189 τέ-

428 4225 516 4289 λος
541 4224 636 4279 τοῦ
664 4225 862 4288 παντὸς
893 4224 1051 4291 λόγου
1087 4223 1175 4277 διὰ
1201 4224 1301 4294 τῆς
1344 4222 1692 4294 εὐχαριστίας
1722 4223 1817 4276 καὶ
1859 4222 2009 4274 εὐλο-

429 4318 553 4387 γίας
583 4315 1035 4388 ἐπισφραγίζεται
1065 4314 1265 4383 λέγων·
1301 4313 1647 4385 Εὐλογητὸς
1683 4316 1896 4382 Κύριος
1921 4316 2007 4378 είς

428 4414 535 4463 τὸν
564 4408 781 4465 αὶῶνα·
809 4410 955 4479 ἡμᾶς
980 4425 1039 4461 τε
1057 4407 1295 4461 διδάσκει
1325 4407 1762 4478 προσυπακούειν
1787 4407 1868 4469 τὸ,
1900 4405 2007 4459 Γέ-

428 4518 611 4565 νοιτο,
641 4500 892 4570 γένοιτο,
921 4501 1058 4572 ὅπερ
1082 4498 1502 4569 ἐστὶνἘϐραῖκὴ
1527 4498 1677 4568 φωνὴ
1693 4497 1791 4569 (Ι),
1811 4496 2005 4566 Ἀμὴν,

2106 3324 2173 3364 ex
2209 3309 2520 3380 Symmachi
2566 3309 3015 3378 interpretatione
3060 3308 3351 3378 intelliges,
3402 3323 3509 3377 qua
3554 3307 3690 3361 dici-

2108 3410 2217 3465 tur,
2250 3402 2404 3468 Quod
2435 3403 2879 3471 exprobrauerunt
2911 3402 3125 3469 uestigia
3155 3399 3353 3455 Christi
3383 3401 3481 3455 tui.
3515 3401 3691 3455 Inces-

2108 3508 2229 3548 sum
2276 3495 2418 3548 enim
2474 3493 2681 3549 Christi
2718 3492 2810 3547 Dei
2858 3501 2911 3547 et
2953 3494 3096 3547 viam
3137 3493 3256 3561 ejus
3296 3492 3351 3545 in
3405 3493 3685 3562 passione,

2108 3586 2336 3657 vestigia
2380 3587 2508 3641 item
2544 3586 2597 3639 in
2622 3586 2874 3639 humana:
2901 3586 3026 3639 vitae
3081 3600 3193 3639 sua:
3226 3585 3554 3649 oeconomia,
3587 3584 3689 3639 hac

2109 3680 2320 3734 ratione
2357 3678 2745 3734 subindicavit.
2790 3677 2914 3732 Haec
2965 3678 3110 3732 enim
3153 3678 3488 3746 exprobrare
3529 3677 3691 3734 nobis

2110 3768 2286 3822 solent
2320 3767 2525 3821 inimici
2558 3766 2685 3837 Dei.‘
2700 3766 2900 3820 Verum
2937 3769 3024 3821 ille
3050 3767 3204 3837 quasi
3229 3766 3536 3830 exauditus,
3570 3781 3686 3822 cer-

2110 3869 2308 3929 tusque
2368 3875 2426 3915 se
2480 3869 2604 3913 νοιει
2654 3867 3101 3924 consecuturum,
3149 3873 3212 3912 ac
3246 3873 3473 3928 sperans
3523 3873 3687 3929 quam

2110 3949 2344 4020 primum
2374 3949 2677 4019 implendas
2702 3965 2824 4004 esse
2846 3948 2941 4003 Dei
2975 3950 3040 4004 ad
3064 3949 3320 4005 Davidem
3358 3948 3532 4004 factas
3559 3964 3689 4019 pro-

2110 4042 2422 4106 missiones,
2443 4042 2718 4098 sermonis
2749 4043 2920 4097 totius
2954 4044 3113 4097 linem
3143 4044 3442 4112 gratiarum
3473 4041 3690 4096 actione

2108 4143 2163 4191 et
2192 4134 2571 4189 benedictione
2605 4135 2860 4206 obsignat
2891 4136 3104 4198 dicens,
3142 4134 3460 4188 Benedictus
3503 4132 3690 4187 Domi-

2109 4244 2207 4282 nus
2230 4229 2284 4281 in
2311 4236 2601 4281 wternum:
2622 4244 2832 4298 nosque
2850 4227 3042 4283 edocet
3072 4226 3509 4297 respondendum
3539 4241 3684 4288 esse.

2111 4318 2264 4383 Fiat,
2300 4321 2419 4389 ﬁat,
2450 4318 2595 4389 quod
2627 4318 2894 4373 ilebraica
2947 4334 3082 4373 voce
3130 4328 3234 4383 est,
3269 4317 3457 4383 Amen,
3512 4336 3684 4374 amen.

2110 4411 2187 4468 De
2218 4411 2574 4480 diapsalmate
2614 4427 2741 4465 vero
2764 4410 2907 4481 quod
2928 4412 3245 4481 plerumque
3268 4410 3553 4476 inseritur,
3573 4410 3687 4466 haec

2112 4501 2341 4557 dicenda
2372 4511 2521 4556 sunt.
2546 4500 2729 4555 Prima
2762 4500 2857 4557 Dei
2911 4501 3203 4571 promissio
3254 4501 3412 4556 initio
3452 4502 3685 4570 prolata,

429 4591 611 4661 ἀμήν.
657 4593 792 4662 Περὶ
822 4591 877 4644 δὲ
917 4592 1009 4644 τοῦ
1055 4590 1445 4661 διαψάλματος,
1494 4589 1754 4653 πολλάκις
1806 4588 2006 4660 μεταξὺ

2113 4602 2250 4656 erat,
2278 4590 2531 4661 Disposui
2553 4600 2939 4653 testamentum,
2962 4599 3037 4653 ct,
3058 4590 3248 4644 Juraui
3278 4589 3473 4654 Dauid,
3502 4599 3558 4644 et
3584 4607 3685 4646 (νω-

432 4684 781 4756 παρεμϐεϐλη
791 4685 973 4755 μένου,
1010 4684 1182 4739 ταῦτα
1208 4685 1444 4738 λεκτέον.
1463 4685 1529 4737 Ἡ
1556 4684 1746 4756 πρώτη
1770 4686 2008 4752 ἐπαγγε-

428 4775 518 4829 λία
551 4776 645 4829 τοῦ
674 4777 809 4829 Θεοῦ
848 4779 906 4830 ἐν
947 4778 1088 4848 ἀρχῇ
1124 4777 1376 4847 λεχθεῖσα
1418 4781 1681 4849 περιεῖχε,
1722 4775 2006 4845 Διεθέμην

429 4868 742 4938 διαθήκην,
763 4871 877 4934 καὶ,
901 4872 1131 4940 Ὤμοσα
1153 4869 1353 4934 Δαυῒδ,
1382 4870 1477 4923 καὶ
1506 4869 1575 4922 τὰ
1605 4869 1750 4939 ἑξῆς·
1770 4866 1887 4921 εἷτα
1912 4868 2005 4920 τοῦ

428 4961 796 5031 διαψάλματος
845 4961 1263 5033 παρατεθέντος,
1303 4960 1625 5032 μεταϐαλὼν
1669 4964 1699 5015 6
1747 4960 1903 5030 λόγος
1942 4959 2005 5012 τὸ

431 5053 736 5122 πρόσωπον,
766 5053 1041 5122 ἐπιλέγει·
1080 5053 1653 5124 Ἐξομολογήσονται
1680 5056 1734 5107 οἱ
1759 5051 2003 5121 οὐρανοί

429 5146 503 5199 τὰ
537 5144 840 5214 θαυμάσιά
875 5162 1023 5200 σου·
1060 5134 1171 5200 καὶΔ
1199 5148 1383 5211 πάλιν,
1430 5147 1763 5215 ἐπαγγελίας
1796 5146 2003 5216 λεχθεί-

432 5250 532 5303 σης
577 5235 643 5287 ἐκ
684 5234 974 5306 προσώπου
1018 5236 1113 5289 τοῦ
1142 5235 1278 5289 Θεοῦ
1325 5237 1425 5307 τῆς
1465 5238 1573 5290 ἀπὸ
1602 5236 1719 5299 τοῦ,
1760 5235 2004 5305 Ἐθέμην

424 5327 716 5396 ,ϐοήθειαν
743 5330 840 5383 ἐπὶ
870 5329 1151 5393 δυνατὸν,
1180 5329 1340 5400 μέχρι
1373 5329 1490 5393 τοῦ,
1531 5330 1631 5383 καὶ
1669 5329 1901 5399 μάρτυς
1934 5329 2005 5382 ἑν

403 5421 665 5489 ὀὐρανῷ
697 5421 931 5488 πιστὸς.
972 5422 1132 5476 πάλιν
1158 5422 1251 5475 τοῦ
1282 5421 1652 5492 διαψάλματος
1686 5421 2003 5493 παρεμϐλη-

433 5508 634 5576 θέντος,
680 5512 1003 5581 μεταϐάλλει
1038 5513 1138 5583 τὴν
1167 5513 1402 5566 διάνοιαν
1432 5514 1460 5565 6
1485 5512 1660 5580 λόγος,
1692 5512 1786 5565 καί
1829 5528 1997 5583 φησι·

432 5604 517 5656 Σὺ
562 5603 631 5657 δὲ
669 5604 888 5659 ἀπώσω
932 5606 1030 5659 καὶ
1072 5605 1510 5671 ἐξουδένωσας,
1560 5605 1856 5658 ἀνεϐάλου
1895 5603 2002 5656 τὸν
2040 5635 2042 5638 ν

2112 4692 2245 4738 tera.
2278 4682 2503 4748 Deinde,
2528 4682 2776 4752 apposito
2802 4681 3178 4750 diapsalmate,
3211 4688 3418 4735 mutata
3454 4694 3686 4748 persona

2111 4776 2479 4845 subiungitur,
2518 4772 2922 4842 Conﬁtebuntur
2962 4771 3077 4824 ειειὶ
3114 4770 3384 4825 mirabilia
3428 4781 3523 4825 tua
3569 4787 3584 4826 :
3620 4786 3687 4824 ac

2117 4884 2359 4931 rursum,
2407 4868 2773 4938 promissione
2804 4882 2871 4921 ex
2906 4880 3140 4935 persona
3173 4863 3267 4919 Dei
3304 4863 3469 4929 facta,
3501 4863 3685 4919 abhis

2108 4960 2311 5025 verbis,
2338 4959 2505 5014 Posui
2527 4960 2856 5029 adjutorium
2874 4960 2927 5012 in
2958 4966 3183 5026 potente,
3220 4972 3398 5027 usque
3427 4957 3494 5011 ad
3527 4956 3682 5021 illud,

2106 5062 2157 5107 et
2191 5054 2336 5106 testis
2364 5054 2419 5105 in
2441 5053 2569 5107 caelo
2601 5051 2796 5121 ﬁdelis,
2837 5065 3056 5105 rursum
3098 5049 3425 5118 interposito
3448 5047 3686 5117 diapsal-

2105 5153 2269 5207 mate,
2306 5144 2576 5198 sententia
2622 5149 2867 5197 mutatur
2896 5156 2961 5195 ac
2992 5140 3214 5204 dicitur,
3256 5139 3336 5193 Tu
3377 5156 3496 5193 vero
3542 5153 3687 5207 repu-

2107 5236 2218 5289 listi
2239 5244 2289 5288 et
2322 5234 2625 5305 despexisti,
2660 5232 2890 5303 rejecisti
2915 5230 3188 5285 Christum
3220 5239 3391 5285 tuum.
3428 5229 3543 5284 Sub
3570 5230 3685 5285 hac

2103 5328 2377 5384 enarratis
2426 5326 2787 5388 tristioribus,
2823 5338 3046 5377 rursum
3103 5321 3407 5391 diapsalma
3464 5321 3682 5382 inserit.

2106 5419 2525 5487 doctrinamque
2580 5424 2756 5471 mutat
2803 5416 3025 5479 dicens,
3089 5411 3385 5485 Usquequo,
3435 5412 3679 5475 Domine,

2108 5520 2308 5565 avertes
2358 5508 2414 5561 in
2452 5508 2653 5576 finem?
2684 5514 2739 5559 et
2770 5505 2970 5559 emissa
3008 5502 3282 5569 oratione,
3332 5504 3527 5557 iterum
3557 5502 3679 5558 dia-

2106 5604 2372 5675 psalmate
2389 5599 2714 5670 interposito
2746 5597 2937 5660 utitur,
2962 5611 3026 5649 ac
3057 5595 3262 5661 subdit,
3299 5593 3399 5649 Ubi
3428 5604 3551 5650 sunt
3582 5595 3681 5647 mi-

432 5696 689 5763 Χριστόν
729 5712 866 5751 σου.
920 5692 1074 5761 Εἶτα,
1121 5696 1401 5763 διεξελθὼν
1444 5696 1510 5750 τὰ
1553 5694 1997 5766 σκυθρωπότερα,

2110 5695 2405 5751 sericordia:
2429 5702 2531 5748 tua:
2560 5693 2812 5761 antiqua,
2842 5688 3105 5745 Domine?
3133 5695 3341 5744 mutata
3389 5684 3639 5743 sententi:
3668 5726 3681 5751 ,

421 5816 429 5863 ι
506 5789 583 5861 (1)
616 5788 891 5861 lnterpres
921 5790 1072 5863 legit,
1114 5798 1173 5846 ut
1199 5791 1433 5848 videtur.
1503 5789 1764 5860 Ἐὅραῖκῇ
1797 5793 1968 5859 φωνῇ.

2114 5808 2167 5845 τ.
3028 5790 3033 5795 ’
