4068 6394
447 359 590 418 “23

446 568 708 637 tionibus,
760 573 834 626 ita
874 580 932 625 ut
983 573 1343 643 diapsalmata
1398 576 1661 629 rationem
1723 576 2014 645 quamdam

447 675 665 719 servent
694 678 757 717 ac
814 673 1077 718 mutatam
1128 667 1452 721 sententiam
1500 668 1584 721 vel
1621 683 1910 737 personam
1947 668 2023 721 si-

443 752 724 827 gnificent.
757 755 868 809 l‘loc
898 772 1061 825 porro
1109 758 1260 813 dicas
1303 760 1369 813 de
1415 759 1671 813 omnibus
1716 759 1942 828 psalmis
1966 759 2021 812 in

444 850 644 920 quibus
692 849 996 920 diapsalma
1050 850 1273 906 fertur:
1314 867 1440 906 nam
1488 860 1581 906 aut
1628 868 1876 924 persona:
1929 861 2022 906 aut

444 943 730 996 sententia:
786 944 1142 998 mutationem
1197 942 1439 999 declarat
1483 964 1497 999 :
1549 946 1844 1016 aliquando
1890 961 2021 1001 vero

441 1032 724 1089 Hebraicae
752 1035 1001 1089 melodiaz
1031 1038 1445 1092 conversionem
1480 1046 1653 1091 notat.
1683 1038 1879 1109 Aquila
1912 1054 2016 1092 au-

440 1135 550 1180 tem
602 1142 872 1197 nusquam
911 1128 1269 1197 diapsalmate
1313 1130 1519 1197 utitur;
1564 1130 1659 1185 sed
1687 1131 2018 1185 omnibusin

441 1219 579 1274 locis
605 1220 725 1275 vice
754 1219 922 1284 illius,
950 1220 1299 1289 interpretari
1325 1223 1478 1287 solet,
1500 1222 1892 1291 semper.Quod
1924 1238 2022 1275 no-

440 1311 527 1367 bis
557 1312 921 1381 ignorandum
952 1327 1062 1365 non
1093 1321 1232 1365 erat.
1265 1313 1321 1366 In
1359 1313 1452 1366 illo
1486 1323 1667 1367 autem
1702 1313 1872 1367 totius
1906 1328 2022 1366 ser-

439 1401 620 1454 monis
645 1417 745 1455 ceu
778 1402 978 1471 sigillo,
1028 1400 1339 1456 Benedictus
1371 1402 1632 1455 Dominus
1662 1403 1716 1455 in
1744 1411 2016 1468 wternum,

440 1494 559 1562 ﬁat,
591 1493 724 1562 ﬁat;
773 1494 1074 1549 secundum
1127 1497 1400 1566 Aquilam,
1450 1512 1548 1566 pro
1581 1496 1674 1548 illo
1722 1493 1868 1557 Fiat,
1900 1496 2019 1563 ﬁat,

439 1587 643 1656 legitur
671 1584 953 1654 Fideliter,
986 1587 1251 1657 ﬁdeliter;
1297 1587 1597 1642 secundum
1631 1585 2017 1657 Symmachum

438 1692 592 1744 vero,
620 1678 850 1747 perinde
881 1690 1044 1750 atque
1071 1680 1126 1733 in
1178 1678 1445 1736 Hebraico
1475 1680 1793 1748 exemplari,
1830 1678 2016 1741 Amen,

439 1784 613 1823 amen.

1089 358 1357 417 EUSEBII
1396 359 1882 419 CESARIENSIS
1917 362 2070 419 OPP.
2114 363 2294 418 PARS
2330 361 2417 421 Ill.
2455 393 2530 406 —
2557 365 2977 424 'EXEGETICA.

360 552 361 555 η
446 489 502 535 et
536 482 807 535 revocatis
837 494 1111 550 prlormus
1146 483 1302 537 initio
1348 484 1575 554 prolatis
1612 484 1709 539 Dei
1751 484 2009 554 pollicita-

2128 485 2286 538 πάλιν
2314 487 2553 556 ἐντίθησι
2581 488 2641 539 τὸ
2686 488 2981 560 διάψαλμα,
3016 490 3108 542 καὶ
3157 490 3466 545 ἐναλλάττει
3493 495 3591 563 τὴν
3621 495 3702 547 δι-

3559 375 3702 431 1124

2122 576 2413 630 δασκαλίαν
2441 578 2663 648 φάσκων
2688 596 2698 607 ·
2730 580 2872 646 Ἕως
2894 584 3056 643 πότε.
3081 583 3274 648 Κύριε,
3298 583 3703 653 ἀποστρέψεις

2125 671 2211 733 είς
2242 668 2446 734 τέλος
2475 670 2570 721 καὶ
2599 670 2697 741 τὴν
2728 672 2889 741 εὐχὴν
2915 672 3261 743 ἀναπέμψας,
3297 676 3457 728 πάλιν
3488 676 3564 746 τῷ
3584 678 3688 730 δια-

2124 760 2364 829 ψάλματι
2402 760 2601 830 μεταξὺ
2629 763 2912 833 κέχρηται,
2954 763 3048 815 καὶ
3082 764 3363 832 ἐπιλέγει·
3397 767 3521 820 Ποῦ
3565 768 3700 820 ἐστι

2123 853 2195 906 τὰ
2242 853 2382 920 ἐλέη
2428 871 2544 907 σου
2586 856 2656 907 τὰ
2698 855 2914 922 ἀρχαῖα
2941 898 2952 918 ,
2993 857 3198 923 Κύριε;
3239 856 3555 926 μεταϐαλὼν
3598 858 3698 929 τὴν

2122 945 2358 999 διάνοιαν
2404 947 2497 999 καὶ
2544 948 2976 1018 ἀνακαλούμενος
3024 948 3122 1012 τὰς
3164 949 3382 1019 πρώτας
3423 951 3517 1004 τοῦ
3559 952 3695 1005 Θεοῦ

2125 1036 2474 1104 ἐπαγγελίας,
2527 1037 2625 1099 τὰς
2676 1040 2732 1089 ἐν
2787 1038 2929 1109 ἀρχῇ
2981 1038 3291 1109 λεχθείσας·
3348 1040 3487 1094 ὥστε
3542 1042 3699 1110 λόγον

2124 1126 2267 1196 ἔχειν
2297 1128 2419 1180 τινὰ
2460 1130 2553 1181 καὶ
2582 1128 2650 1181 τά
2682 1129 3032 1201 διαψάλματα
3068 1131 3370 1202 μεταϐολῆς
3398 1134 3633 1197 διανοίας
3659 1137 3693 1206 ἢ

2124 1216 2413 1289 προσώπου
2443 1218 2742 1290 ἐναλλαγῆς
2771 1220 2836 1272 δι’
2865 1221 3041 1274 αὐτῶν
3074 1224 3494 1295 σημαινομένης.
3528 1226 3698 1277 Τοῦτο

2121 1310 2179 1363 δὲ
2209 1311 2301 1362 ἐπὶ
2335 1311 2551 1363 πάντων
2594 1313 2740 1382 ἐρεῖς
2771 1313 2876 1365 τῶν
2913 1313 3138 1383 ψαλμῶν
3173 1317 3230 1367 ἐν
3275 1310 3356 1379 οἷς
3386 1317 3605 1386 φέρεται
3633 1320 3698 1370 τὸ

2121 1399 2428 1470 διάψαλμα·
2460 1401 2492 1470 ἢ
2527 1401 2635 1472 γὰρ
2668 1401 2758 1454 τού
2794 1403 3083 1475 προσώπου
3118 1406 3441 1476 παρίστησιν
3472 1408 3694 1461 ἐναλλα-

2122 1493 2226 1562 γὴν
2269 1493 2301 1563 ἢ
2337 1493 2434 1563 τῆς
2477 1494 2750 1556 διανοίας·
2786 1494 2900 1547 ἐστι
2945 1496 2989 1549 δ’
3034 1498 3123 1550 ὅτε
3167 1498 3261 1550 καὶ
3297 1498 3564 1568 μεταὸολὴ
3593 1500 3698 1569 τῆς

2120 1586 2261 1638 κατὰ
2303 1585 2364 1637 τὸ
2413 1585 2697 1656 Ἐϐραῖκὸν
2746 1586 3027 1657 μελῳδίας.
3078 1588 3142 1641 Ὅ
3190 1604 3252 1655 γε
3301 1589 3400 1659 μὴν
3480 1589 3696 1651 Ακύλας

2119 1674 2357 1745 οὐδαμοῦ
2402 1675 2665 1745 κέχρηται
2702 1674 2781 1745 τῷ
2826 1676 3191 1748 διαψάλματι·
3243 1680 3361 1730 ἀντὶ¹
3403 1678 3460 1732 δὲ
3506 1679 3695 1732 τούτου

2051 1766 2093 1820 Β
2122 1770 2178 1820 ἐν
2208 1770 2340 1820 πᾶσι
2366 1770 2478 1829 τοῖς
2500 1768 2685 1831 τόποις
2716 1768 2903 1822 εἴωθεν
2929 1770 3250 1841 ἑρμηνεύειν
3276 1771 3355 1834 τὸ,
3380 1772 3491 1824 ἀεί.
3518 1773 3698 1843 Ὅπερ

437 1859 604 1929 ἐχρῆν
633 1860 779 1929 ἡμᾶς
810 1859 883 1932 μὴ
919 1863 1149 1930 ἀγνοεῖν.
1181 1860 1254 1913 Τὸ
1287 1860 1343 1913 δὲ
1372 1861 1787 1932 ἐπισφράγισμα
1814 1859 2014 1922 παντὸς
2037 1857 2133 1911 τού
2165 1856 2324 1925 λόγου
2356 1858 2437 1921 τὸ,
2466 1858 2807 1928 Εὐλογητὸς
2829 1861 3043 1928 Κύριος
3069 1863 3156 1927 είς
3198 1861 3303 1915 τὸν
3347 1863 3551 1926 αἰῶνα,
3600 1865 3697 1935 τέ-

436 1968 618 2016 νοιτο,
669 1952 920 2023 γένοιτο,
976 1954 1118 2007 κατὰ
1164 1954 1263 2024 μὲν
1308 1952 1399 2006 τὸν
1451 1952 1679 2005 Ἀκύλαν
1732 1953 1852 2005 ἀντὶ
1898 1949 2014 2011 τοῦ,
2048 1950 2314 2013 Γένοιτο,
2362 1949 2613 2019 γένοιτο,
2668 1951 3155 2021 Πεπιστωμένως,
3210 1956 3689 2025 πεπιστωμένως,

437 2044 726 2114 περιέχει·
796 2046 936 2099 κατὰ
996 2045 1053 2099 δὲ
1116 2047 1206 2098 τὸν
1268 2045 1560 2117 Σύμμαχον
1589 2085 1603 2109 ,
1672 2044 1874 2116 ὁμοίως
1932 2041 2009 2112 τῷ
2050 2040 2345 2112 Ἐ6ραῖκῷ,
2381 2040 2557 2110 Ἀμὴν
2585 2042 2683 2095 καὶ
2716 2042 2900 2112 ἁμήν.

706 2164 759 2218 1.
813 2162 1098 2217 LXXXIX.
1126 2161 1387 2217 ORATlO
1427 2161 1703 2218 MOYSIS.

507 2255 749 2312 Vnus.2.
788 2256 1031 2325 Domine,
1065 2259 1328 2329 refugium
1358 2258 1531 2327 factus
1564 2275 1617 2312 es
1658 2257 1807 2313 nobis
1835 2260 1890 2312 in
1926 2274 2013 2328 ge-

436 2350 709 2404 neratione
740 2358 791 2403 et
824 2351 1180 2419 generatione.
1220 2348 1544 2419 Priusquam
1589 2360 1788 2403 montes
1821 2351 2011 2417 ﬁrma-

435 2451 640 2504 rentur,
673 2451 765 2495 aut
814 2442 1138 2510 [armaretur
1183 2451 1325 2496 terra
1354 2453 1403 2496 et
1436 2442 1599 2504 orbis,
1649 2451 1699 2494 et
1754 2458 1786 2493 a
1816 2439 2011 2494 δαισαίο

435 2550 596 2604 usque
622 2535 677 2587 in
719 2534 971 2588 sweulum
1004 2542 1059 2585 tu
1086 2550 1162 2597 es,
1190 2532 1354 2587 Deus.
1394 2531 1490 2588 [iis
1533 2533 1829 2588 edocemur
1871 2532 2011 2586 divi-

436 2643 568 2683 num
623 2628 846 2697 quidem
892 2625 1107 2680 Numen
1152 2635 1472 2696 perpetuum
1518 2634 1573 2681 et
1620 2625 2011 2693 sempiternum

433 2734 579 2775 esse.
612 2719 749 2773 Nam
778 2718 873 2789 qui
905 2718 1063 2785 dixit,
1086 2718 1226 2771 Deus
1252 2734 1344 2788 ego
1364 2734 1503 2783 sum,
1527 2717 1617 2788 qui
1645 2733 1846 2785 semper
1869 2733 2009 2781 sum,

432 2820 484 2866 et
513 2811 653 2865 idem
683 2826 823 2875 sum,
859 2819 908 2866 et
940 2810 996 2863 in
1043 2809 1259 2879 inﬁnita
1293 2808 1491 2864 sarcula
1536 2823 1840 2874 permaneo,
1872 2823 2013 2861 nun-

433 2918 602 2971 quam
634 2910 884 2955 naturam
915 2907 1089 2954 mutat
1117 2915 1294 2955 suam.
1313 2898 1423 2954 Nos
1446 2909 1649 2962 autem,
1673 2899 1766 2969 qui
1795 2899 1850 2952 in
1882 2906 2013 2952 tem-

434 3008 569 3063 pore
610 2991 681 3047 ad
727 2993 893 3047 vitam
922 2991 1256 3057 accedimus,
1301 2989 1562 3044 torrentis
1614 2988 1788 3044 instar
1837 2988 2012 3044 eillui-

433 3099 599 3137 mus:
645 3083 906 3152 quoniam
951 3081 1252 3137 secundum
1305 3079 1675 3145 Salomonem,
1729 3078 2010 3137 Generatio

433 3174 690 3237 abscedit,
726 3182 776 3228 et
811 3173 1077 3246 generatio
1118 3174 1253 3227 venit
1276 3170 1341 3234 ⁸⁸,
1364 3179 1421 3225 et
1459 3186 1547 3225 res
1580 3170 1831 3224 humana:
1872 3187 2012 3224 nun-

434 3282 599 3336 quam
627 3267 817 3321 eodem
848 3265 905 3319 in
928 3272 1075 3321 statu
1104 3270 1327 3318 manent
1348 3280 1362 3329 ;
1381 3263 1478 3319 sed
1501 3262 1869 3318 diversimode
1890 3279 2011 3318 mu-

434 3364 646 3413 tantur.
675 3355 940 3411 Dominus
963 3367 1164 3420 autem,
1186 3355 1277 3425 qui
1306 3355 1363 3408 in
1394 3353 1625 3424 singulis
1646 3354 2011 3423 generationi-

2450 2160 2824 2213 ΠΡΟΣΕΥΧΗ
2856 2161 3188 2216 ΜΩΥΣΕΩΣ.
3218 2162 3343 2215 ΠΘ’.

2188 2251 2387 2318 Κύριε,
2428 2251 2741 2320 καταφυγὴ
2780 2251 3069 2320 ἐγενήθης
3109 2253 3251 2321 ἡμῖν
3287 2254 3357 2306 ἐν
3389 2253 3563 2322 γενεᾷ
3595 2256 3693 2308 καί

2119 2341 2310 2411 γενεᾷ(
2364 2341 2482 2410 Πρὸ
2526 2342 2629 2395 τοῦ
2664 2342 2767 2411 ὄρη
2799 2342 3161 2411 ἑδρασθῆναι
3210 2344 3309 2398 καὶ
3352 2345 3694 2413 πλασθῆναι

2118 2431 2233 2499 τὴν
2262 2429 2375 2501 γῆν
2402 2431 2501 2484 καὶ
2525 2431 2639 2499 τὴν
2664 2432 3043 2502 οἰκουμένην,
3078 2434 3174 2486 καὶ
3207 2433 3325 2487 ἀπὸ
3353 2434 3459 2488 τοῦ
3481 2435 3695 2502 αἰῶνος

2117 2522 2228 2589 ἓως
2249 2524 2353 2577 τοῦ
2378 2522 2591 2588 αἰῶνος
2613 2523 2695 2576 σὺ
2724 2524 2796 2587 εἷ,
2824 2528 2858 2577 ό
2891 2526 3053 2589 Θεός.
3079 2524 3265 2594 Δόγμα
3288 2524 3527 2579 παιδεύει
3548 2529 3576 2578 ὁ
3601 2525 3689 2579 λόο

2118 2633 2236 2685 γος,
2263 2615 2527 2669 διδάσκων
2551 2615 2610 2668 τὸ
2645 2616 2743 2686 μὲν
2766 2615 2917 2670 Θεῖον
2949 2616 3168 2688 διαρκὲς
3196 2617 3461 2690 ὑπάρχειν
3484 2620 3576 2671 καὶ
3605 2620 3696 2671 ᾰῖι-

2116 2705 2248 2758 διον.
2272 2705 2328 2758 ’0
2356 2703 2464 2776 γὰρ
2492 2702 2682 2767 είπὼν,
2710 2704 2854 2770 Θεὸς
2878 2703 2991 2772 ἐγώ
3014 2708 3130 2774 εἰμι
3160 2709 3193 2760 ὀ
3216 2704 3318 2772 ὢν,
3346 2707 3435 2760 ἀεὶ
3468 2706 3571 2771 ὢν,
3594 2708 3691 2761 καὶ

2118 2798 2151 2849 ὀ
2178 2795 2360 2862 αὐτὸς
2394 2794 2498 2859 ὢν,
2532 2793 2626 2848 καί
2665 2797 2753 2861 εὶς
2781 2794 2923 2861 τοὺς
2943 2796 3227 2864 ἀπείρους
3254 2797 3469 2864 αἰῶνας
3495 2798 3693 2868 stupe-

2116 2903 2258 2951 νων,
2308 2885 2503 2940 οὔποτε
2551 2886 2871 2957 μεταὸἀλλει
2910 2887 3010 2957 τὴν
3056 2888 3220 2941 αὐτοῦ
3271 2888 3449 2958 φύσιν.
3504 2892 3691 2961 Ἡμεῖς

2115 2976 2192 3040 δὲ,
2228 2975 2371 3029 κατὰ
2404 2978 2629 3047 καιροὺς
2668 2976 2957 3047 παριόντες
2988 2979 3067 3040 είς
3099 2978 3189 3033 τὸν
3228 2978 3363 3049 βίον,
3391 2982 3691 3052 χειμάρρου

2116 3070 2315 3139 τρόπον
2355 3068 2732 3141 ἀπορρέομεν·
2776 3069 2897 3121 ἐπεὶ
2928 3068 3022 3122 καὶ
3074 3069 3214 3122 κατά
3256 3071 3348 3123 τὸν
3379 3071 3687 3142 Σολομῶνα,

2116 3163 2305 3217 Γενεὰ
2332 3164 2663 3230 πορεύεται,
2711 3163 2810 3215 καὶ
2852 3162 3029 3230 γενεὰ
3076 3162 3329 3231 ἔρχεται,
3360 3164 3453 3217 καὶ
3485 3164 3554 3217 τὰ
3595 3165 3691 3217 ἀν-

2116 3255 2363 3327 θρώπινα
2389 3254 2692 3326 πράγματα
2723 3254 2780 3307 δὲ
2820 3254 2941 3307 οὐδὲ
2972 3254 3192 3307 πώποτε
3214 3256 3272 3307 ἐν
3297 3256 3686 3327 ταύτῷ-μένει,

2115 3347 2302 3402 ἄλλοτε
2353 3346 2397 3399 δ’
2449 3346 2623 3408 ἄλλως
2675 3344 3018 3416 μεταϐάλλει.
3069 3346 3129 3398 '0
3180 3345 3238 3399 δὲ
3286 3346 3514 3417 διαρκὴς
3564 3348 3687 3400 καθ’

432 3448 539 3505 bus
579 3455 782 3513 manet,
818 3448 874 3502 in
913 3463 972 3503 se
1012 3447 1351 3518 sperantium
1379 3446 1651 3517 refugium
1694 3445 1871 3499 factus
1903 3453 2008 3501 est.

2113 3440 2348 3510 ἑκάστην
2392 3439 2585 3510 γενεὰν
2621 3441 2825 3509 Κύριος
2866 3440 2973 3492 τῶν
3019 3441 3099 3503 είς
3148 3440 3308 3493 αὑτὸν
3357 3441 3688 3505 ἐλπιζόντων

432 3540 567 3596 Nam
599 3549 726 3596 ante
752 3540 1017 3596 diluvium
1058 3537 1265 3603 Enoch,
1295 3545 1349 3592 et
1373 3537 1419 3591 si
1448 3537 1572 3608 quis
1602 3536 1743 3591 alius
1763 3535 2009 3606 ejusdem

430 3631 826 3706 generationis,
861 3632 918 3686 in
953 3629 1224 3700 refugium
1257 3630 1437 3699 ipsum
1484 3625 1714 3682 habuit:
1744 3635 2009 3697 pereunte

430 3732 615 3779 autem
650 3722 707 3776 in
740 3721 944 3775 diluvio
989 3719 1270 3774 hominum
1299 3732 1517 3788 genere,
1563 3731 1757 3771 rursus
1785 3714 1899 3770 Noe
1928 3715 2010 3784 ip-

431 3828 555 3868 sum
584 3820 639 3868 et
679 3828 789 3866 non
827 3812 995 3865 alium
1041 3810 1098 3864 in
1130 3809 1404 3879 refugium
1433 3807 1692 3861 obtinuit.
1728 3805 1795 3859 Et
1816 3815 2008 3877 postea

430 3906 534 3962 Lot
565 3921 630 3961 ex
662 3903 1070 3959 Sodomitarum
1108 3902 1494 3971 generatione;
1533 3899 1828 3965 Abraham,
1858 3897 2009 3953 Isaac

430 4007 487 4053 et
515 3996 707 4061 Jacob,
745 3994 948 4067 singuli
1000 3994 1056 4047 in
1097 4008 1225 4058 sua;
1263 3992 1370 4046 imo
1401 3992 1564 4045 etiam
1594 3988 1795 4059 .loseph
1836 3990 1892 4043 in
1914 4004 2008 4059 ge-

430 4091 718 4146 neratione
758 4104 877 4151 sua,
909 4102 973 4140 ac
1006 4085 1217 4157 Moyses
1247 4100 1465 4140 rursum
1508 4084 1563 4137 in
1595 4082 1700 4136 alia
1725 4102 1739 4150 ;
1764 4084 1818 4137 in
1855 4098 2002 4138 sum-

428 4197 519 4238 ma
546 4197 641 4251 per
677 4180 925 4251 singulas
958 4178 1361 4248 generationes,
1394 4175 1709 4239 Dominum,
1740 4174 1834 4243 qui
1862 4188 2006 4228 sem-

432 4287 530 4342 per
555 4277 661 4332 est,
693 4269 751 4324 in
798 4268 1068 4338 refugium
1103 4268 1412 4321 habuerunt
1455 4266 1551 4337 qui
1582 4266 1636 4319 in
1668 4266 1785 4335 ipso
1820 4279 2006 4334 spera-

429 4369 579 4417 runt.
606 4360 703 4416 His
736 4375 901 4432 porro
933 4375 1033 4415 nos
1081 4357 1367 4428 Scriptura
1402 4358 1676 4421 hortatur,
1730 4364 1789 4409 ut
1832 4370 1902 4410 ne
1946 4356 2004 4410 in

429 4453 601 4508 alium
664 4467 829 4523 quam
883 4449 936 4505 in
998 4448 1166 4503 Deum
1227 4463 1551 4518 speremus;
1606 4448 1698 4502 sed
1750 4449 1805 4501 in
1855 4448 2004 4502 omni

429 4554 697 4615 tempore,
738 4544 795 4598 in
843 4542 1077 4614 singulis
1114 4540 1309 4597 diebus
1360 4550 1415 4595 et
1452 4541 1624 4604 horis,
1668 4541 1723 4594 in
1772 4540 2004 4608 singulis

428 4636 558 4690 item
591 4634 920 4697 actionibus,
941 4633 1287 4702 maximeque
1317 4631 1372 4686 in
1403 4641 1647 4701 tempore
1674 4631 2003 4687 calamitatis

430 4728 500 4782 ad
535 4729 713 4797 ipsum
762 4725 1167 4795 confugiamus.
1222 4722 1289 4777 Et
1337 4724 1595 4794 quoniam
1654 4724 1748 4793 qui
1802 4723 2004 4793 frigore

428 4796 721 4884 vexantur,
762 4823 1118 4888 tegumento;
1168 4816 1260 4886 qui
1297 4815 1351 4869 in
1401 4816 1536 4868 mari
1586 4816 2000 4884 tempestatibus
2034 4796 2077 4850 θ

423 4913 726 4983 jactantur,
778 4916 979 4981 portu;
1033 4908 1127 4979 qui
1190 4907 1259 4963 ab
1321 4908 1558 4962 inimicis
1615 4914 1669 4962 et
1726 4907 1998 4971 hostibus,

427 5012 521 5057 aut
548 5019 579 5057 a
601 5002 735 5059 feris
757 5000 1064 5072 agrestibus
1100 5000 1399 5070 pelluntur,
1436 4999 1607 5053 muris
1635 4997 1701 5052 ad
1729 4998 1996 5069 refugium

427 5111 567 5166 opus
594 5095 829 5160 habent;
860 5108 984 5147 cum
1011 5092 1094 5147 bis
1126 5103 1307 5144 autem
1347 5090 1604 5145 omnibus
1641 5091 1802 5144 homo
1832 5091 1924 5145 Dei
1944 5092 1997 5145 in

428 5186 684 5258 praesenti
715 5185 826 5240 vita
862 5191 1176 5239 concertat:
1214 5182 1527 5237 necessario
1562 5184 1787 5237 docetur
1816 5192 1875 5236 ut
1906 5200 1992 5237 re-

428 5280 658 5351 fugium,
683 5294 923 5342 murum,
943 5290 1265 5349 portumque
1287 5275 1524 5329 salutare
1555 5274 1657 5328 sibi
1690 5283 1839 5345 putet
1872 5290 1994 5329 esse

427 5372 753 5437 Dominum;
790 5379 849 5424 ut
877 5370 992 5424 sive
1025 5367 1423 5439 persecutionis
1448 5377 1689 5436 tempore
1721 5367 1788 5422 ab
1813 5366 1993 5420 inimi-

434 5464 508 5519 δίε
536 5462 833 5533 pellamur,
866 5461 980 5517 sive
1026 5460 1095 5515 ab
1142 5459 1507 5515 invisibilibus
1536 5459 1784 5515 hostibus
1821 5474 1992 5527 oppu-

425 5569 678 5625 gnemur,
712 5554 827 5609 sive
859 5553 1138 5607 hominum
1168 5554 1222 5606 in
1258 5568 1358 5608 nos
1395 5553 1827 5620 conspirantium
1861 5550 1993 5603 insi—

427 5646 534 5701 diis
571 5652 866 5709 tentemur,
892 5646 1179 5717 vigilanter
1218 5645 1284 5698 ad
1322 5642 1609 5697 Domimnn
1659 5652 1901 5696 nostrum
1937 5651 1989 5695 et

426 5734 597 5793 Deum
621 5736 1021 5806 confugiamus,
1063 5736 1156 5808 qui
1198 5736 1250 5791 in
1281 5736 1629 5808 generatione
1679 5742 1730 5789 et
1760 5749 1982 5804 genera-

501 5825 546 5858 ⁵⁸
587 5826 734 5883 Eccl.
769 5842 819 5893 ι,
854 5826 905 5883 4.

2112 3533 2401 3603 καταφυγὴ
2449 3532 2682 3601 γίνεται.
2730 3532 2845 3602 Πρὸ
2888 3532 2988 3602 μὲν
3024 3532 3133 3604 γὰρ
3173 3532 3268 3586 τοῦ
3301 3534 3687 3606 κατακλυσμοῦ

2123 3623 2313 3693 Ἑνὼχ,
2342 3623 2437 3676 καὶ
2462 3623 2514 3675 εῐ
2534 3639 2619 3686 τις
2649 3620 2806 3685 ἄλλος
2841 3621 2941 3691 τῆς
2972 3622 3092 3675 τότε
3127 3625 3337 3691 γενεᾶς,
3363 3627 3688 3695 καταφυγὴν

2108 3714 2270 3768 αὐτὸν
2310 3714 2573 3785 ἔσχηκεν·
2602 3714 2973 3784 ἀπολλυμένου
3018 3714 3075 3767 δὲ
3113 3714 3207 3767 τοῦ
3252 3717 3361 3770 τῶν
3386 3717 3687 3789 ἀνθρώπων

2107 3807 2298 3875 γένους
2329 3809 2386 3859 ἐν
2429 3805 2507 3876 τῷ
2554 3806 2943 3876 κατακλυσμῷ,
2990 3806 3152 3859 πάλιν
3196 3807 3318 3861 Νῶε
3363 3812 3686 3881 καταφυγὴν

2108 3898 2290 3965 αὐτὸν,
2314 3898 2428 3952 ἀλλ’
2454 3897 2513 3951 οὔ
2536 3916 2655 3951 τινα
2678 3899 2863 3969 ἕτερον
2892 3899 3178 3968 ἐκτήσατο.
3211 3899 3321 3952 Καὶ
3353 3901 3490 3971 μετὰ
3512 3901 3687 3956 ταῦτα

2108 3992 2268 4046 πάλιν
2306 3993 2334 4044 6
2369 3990 2493 4044 Λὼτ
2533 3993 2596 4044 ἐκ
2630 3990 2731 4061 τῆς
2761 3991 3062 4061 Σοδομιτῶν
3103 3994 3314 4061 γενεᾶς,
3356 3993 3605 4065 Ἀϐραάμ
3623 4012 3685 4047 τε

2107 4085 2202 4137 καὶ
2242 4082 2429 4137 Ἰσαὰκ
2479 4083 2574 4137 καὶ⁸
2618 4082 2833 4145 Ἰακὼϐ,
2885 4085 2978 4136 ἐπὶ
3024 4083 3127 4154 τῆς
3168 4084 3377 4137 ἑαυτῶν
3417 4085 3680 4149 ἕκαστος·

2105 4175 2166 4227 ού
2199 4176 2304 4245 μὴν
2338 4174 2472 4228 ἀλλά
2514 4175 2608 4227 καὶ
2647 4175 2841 4246 Ἰωσὴφ
2864 4175 2957 4228 ἐπὶ
2984 4177 3085 4246 τῆς
3114 4177 3232 4229 κατ’
3272 4177 3433 4232 αὑτὸν
3464 4180 3682 4245 γενεᾶς,

2106 4265 2197 4316 καὶ
2228 4266 2468 4335 Μωῦσῆς
2494 4265 2654 4318 πάλιν
2687 4265 2780 4317 ἐπὶ
2808 4265 3007 4336 ἄλλης·
3056 4268 3151 4320 καὶ
3190 4268 3526 4333 ἁπαξαπλῶς
3557 4272 3683 4324 καθ’

2106 4355 2339 4425 ἐκαστην
2364 4355 2555 4424 γενεὰν
2581 4356 2670 4409 τὸν
2692 4357 2777 4409 ἀεὶ
2800 4357 2927 4410 ὄντα
2950 4358 3153 4429 Κύριον
3179 4360 3498 4432 καταφυγὴν
3520 4363 3685 4433 ἐσχή,

2104 4462 2261 4499 κασιν
2289 4447 2337 4497 oi
2367 4448 2447 4509 εἰς
2484 4447 2644 4500 αὑτὸν
2676 4447 2983 4518 ἠλπικότες.
3015 4452 3320 4524 Προτρέπει
3358 4454 3415 4506 δὲ
3442 4454 3531 4508 διὰ
3554 4456 3680 4509 τού-

2104 4555 2210 4590 των
2267 4539 2360 4592 καὶ
2411 4542 2557 4612 ἡμᾶς
2604 4543 2632 4593 ὁ
2673 4540 2829 4609 λόγος
2885 4542 2959 4613 μὴ
3000 4543 3091 4595 ἐπί
3141 4562 3263 4599 τινα
3297 4545 3485 4617 ἕτερον
3528 4550 3681 4617 παρά

2103 4629 2193 4683 τὸν
2223 4630 2353 4683 Θεὸν
2380 4630 2641 4695 ἐλπίζειν,
2678 4635 2843 4685 παντὶ
2886 4633 2944 4685 δὲ
2988 4635 3164 4706 καιρῷ
3187 4636 3280 4689 καὶ
3319 4638 3501 4710 ἡμέρᾳ
3530 4640 3679 4710 πάσῃ

2104 4721 2197 4774 καὶ
2264 4721 2415 4794 ὥρᾳ,
2482 4723 2541 4775 ἐν
2609 4723 2814 4795 ἑκάστῃ
2883 4742 2937 4777 τε
3003 4727 3225 4797 πράξει,
3293 4730 3388 4782 κα)⁵
3446 4731 3681 4800 μάλιστα

2106 4814 2162 4865 ἐν
2199 4817 2311 4877 τοῖς
2356 4819 2762 4886 περιστατικοῖς
2813 4820 3040 4888 καιροῖς,
3096 4819 3184 4871 ἐπ’
3228 4821 3389 4874 αὑτὸν
3432 4839 3678 4891 καταφυς

2106 4910 2243 4973 γεῖν.
2295 4908 2404 4960 Καὶ
2448 4907 2745 4978 ἐπειδήπερ
2790 4910 2837 4960 οἱ
2883 4910 2979 4978 μὲν
3026 4911 3409 4981 χειμαζόμενοι
3456 4913 3675 4983 στέγης’

2106 5001 2152 5051 οἱ
2206 4998 2260 5051 δὲ
2320 4997 2462 5051 κατά
2523 4999 2620 5069 τὴν
2674 4998 2947 5053 θάλασσαν
3012 5003 3459 5075 κλυδωνιζόμενοι
3522 5005 3679 5075 λιμέη

2104 5108 2212 5155 νος,
2259 5093 2308 5143 οἱ
2366 5092 2421 5143 δέ
2470 5092 2576 5144 ὑπὸ
2601 5092 2809 5164 ἐχθρῶν
2867 5094 2961 5146 καὶ
3017 5094 3290 5163 πολεμίων
3344 5096 3375 5167 ἢ
3432 5097 3527 5148 καὶ
3582 5097 3679 5166 θη-

2105 5183 2212 5253 ρῶν
2245 5183 2448 5255 ἀγρίων
2470 5184 2809 5255 διωκόμενοι,
2841 5184 3051 5254 τείχους
3076 5186 3153 5247 είς
3185 5186 3503 5257 καταφυγὴν
3530 5186 3678 5240 δέον-

2098 5293 2215 5328 ται·
2246 5278 2379 5329 πᾶσι
2413 5277 2468 5329 δέ
2493 5281 2699 5340 τούτοις
2730 5279 2758 5329 ὁ
2795 5276 2886 5328 τοῦ
2918 5276 3052 5329 Θεοῦ
3086 5277 3367 5348 ἄνθρωπος
3400 5278 3542 5331 κατά
3590 5280 3677 5332 τὸν

2101 5370 2342 5441 παρόντα
2377 5370 2490 5440 βίον
2530 5370 2774 5423 παλαίει·
2814 5368 3124 5437 ἀναγκαίως
3167 5369 3476 5424 διδάσκεται
3503 5388 3675 5424 κατα-

2099 5461 2275 5532 φυγὴν
2309 5462 2501 5514 ἐαυτοῦ
2534 5463 2627 5517 καὶ
2657 5465 2853 5532 τεῖχος,
2896 5460 3089 5532 λιμένα
3122 5480 3180 5515 τε
3214 5466 3478 5535 σωτήριον
3526 5468 3672 5536 ἡγεῖ-

2102 5553 2222 5605 σθαι
2251 5554 2343 5605 τὸν
2376 5553 2566 5617 ἑαυτοῦ
2590 5554 2790 5624 Κύριον
2810 5569 2823 5582 °
2858 5553 2946 5615 ἵν’,
2982 5554 3089 5606 εἴτε
3113 5556 3171 5607 ἐν
3196 5559 3401 5625 καιροῖς
3419 5556 3675 5626 διωγμῶν

2097 5645 2189 5696 ὑπ’
2223 5644 2430 5716 ἐχθρῶν
2461 5644 2825 5715 ἐλαυνὼμεθα,
2861 5644 2970 5698 εἴτε
3003 5645 3107 5698 ὑπὸ
3129 5646 3370 5717 ἀοράτων
3398 5646 3671 5717 πολεμίοιν

2096 5734 2498 5809 πολεμούμεθα,
2528 5737 2634 5789 εἴτε
2671 5737 2773 5789 ὑπὸ
2799 5729 2904 5789 τῶν
2942 5736 3363 5802 συσκευάζεσθαι
3386 5740 3529 5811 ἡμᾶς
3551 5755 3669 5793 πειο
