4068 6394
439 310 583 370 “25

1571 322 2076 383 COMMENTARIA
2112 326 2182 382 1N
2220 327 2559 384 PSALMOS.

3547 337 3687 392 ιιεε

425 427 686 500 ρωμένων
715 428 1216 501 ὲπιὸουλευοίμεθα,
1246 436 1530 506 νηφόντως
1569 439 1663 492 ἐπὶ
1686 440 1776 493 τὸν
1801 439 1985 509 Κύριοι

2108 440 2255 494 tione
2279 440 2647 495 invocantium
2682 457 2741 497 se
2779 452 3152 514 propugnator
3178 454 3231 500 et
3276 450 3553 516 pietettor
3582 459 3689 507 est.

421 520 579 591 ημῶν
619 522 834 577 καὶτὸν
873 524 1005 578 Θεὸν
1044 525 1475 598 καταφύγοιμεν,
1505 530 1595 583 τὸν
1639 532 1779 586 κατὰ
1811 532 2002 600 γενεὰν

412 615 515 667 »καὶ
535 614 727 683 γενεὰν
754 616 1071 689 ὑπέρμαχον
1105 618 1422 689 γιγνόμενον
1453 623 1545 674 καὶ
1589 622 2003 694 ὑπερασπιστὴν

416 706 526 760 τῶν
563 706 1007 777 ἐπικαλουμένων
1044 708 1227 763 αὑτόν.
1266 709 1410 762 Ἀντὶ
1447 710 1502 763 δὲ
1536 711 1652 776 τοῦ,
1698 714 1791 767 Ἐν
1827 714 2004 784 γενεᾷ

408 800 517 853 ικαὶ
548 797 744 868 γενεᾷ,
774 800 1104 871 σαφέστερον
1136 802 1165 852 ό
1190 801 1487 872 Σύμμαχος
1516 804 1773 870 ἐξέδωκεν
1809 807 1999 874 εἰπὼν,

426 891 529 945 Ἐν
556 889 783 961 ἑκάστῃ
817 890 991 959 γενεᾷ
1010 908 1023 920 ·
1053 893 1147 945 καὶ
1179 893 1341 948 πάλιν
1362 911 1374 925 ·
1408 894 1527 963 Πρό
1555 895 1661 949 τοῦ
1689 896 1795 965 ὅρη
1831 915 2003 967 γενη-

412 982 592 1051 θῆναι
628 981 729 1035 καὶ
774 983 1123 1050 πλασθῆναι
1163 983 1278 1052 τὴν
1319 982 1435 1054 γῆν
1478 988 1575 1039 καὶ
1620 989 1997 1057 οἰκουμένην,

413 1071 719 1142 συμφώνως
753 1069 888 1141 ὁμοῦ
926 1071 1157 1136 Ἀκύλας
1188 1074 1282 1127 καὶ
1327 1074 1621 1145 Σύμμαχός
1649 1094 1818 1145 φασι·
1851 1079 2001 1147 Πρὶν

408 1160 518 1230 ὄρη
542 1161 830 1241 τεχθῆναι
865 1163 963 1216 καὶ
1002 1163 1365 1232 ὠδινηθῆναι
1396 1165 1514 1235 γῆν
1542 1167 1639 1219 καὶ
1668 1168 1781 1236 τὴν
1813 1172 2001 1225 οἰκου-

406 1253 620 1323 μένην.
655 1255 878 1327 Καίμοι
900 1256 1048 1309 δοκεῖ
1077 1258 1108 1327 ἡ
1151 1256 1414 1328 Ἐϐραῖκὴ
1443 1257 1586 1323 λέξις
1607 1261 1831 1329 φυσικὸν
1861 1264 1997 1316 ἀπο-

400 1346 702 1401 δεδωκέναι
751 1347 930 1416 λόγον,
971 1348 1029 1400 ὲν
1070 1348 1253 1412 αὐτοῖς
1296 1348 1619 1404 διδάσκουσα
1648 1352 1723 1423 μὴ
1761 1353 1997 1424 ἀρχῆθεν

410 1437 750 1509 συνυπάρξαι
777 1441 843 1509 τῇ
889 1440 959 1509 γῇ
990 1438 1060 1493 τὰ
1092 1439 1150 1491 ἐν
1198 1438 1335 1509 αὐτῇ
1369 1439 1492 1510 ὅρη,
1530 1440 1648 1493 ἀλλ’
1690 1442 1997 1513 ἀναφυῆναι

397 1529 563 1599 ’δίκην
591 1529 699 1582 τῶν
722 1529 1055 1601 τικτομένων
1072 1546 1088 1562 °
1115 1529 1195 1584 διὸ
1225 1528 1472 1600 εἴρηται·
1500 1531 1617 1599 Πρὸ
1644 1532 1749 1587 τοῦ
1774 1533 1878 1603 ὄρη
1908 1554 1999 1604 γε·

406 1616 683 1687 νηθῆναι,
720 1617 776 1689 ἢ,
819 1618 969 1687 Πρὶν
995 1618 1101 1687 ὅρη
1126 1617 1409 1688 τεχθῆναι
1428 1635 1443 1649 ο
1478 1621 1571 1672 καὶ
1604 1620 1749 1685 me;
1776 1623 1893 1693 ἅμα
1919 1622 1997 1695 τῷ

405 1707 662 1778 τεχθῆναι
687 1707 755 1763 τὰ
778 1709 877 1784 (τρη
909 1709 1002 1762 καὶ
1029 1707 1404 1780 προδληθῆναι
1426 1708 1533 1762 ἀπὸ
1555 1710 1652 1781 τῆς
1676 1710 1781 1781 γῆς
1803 1714 1996 1768 καταλ-

2106 529 2211 585 Pro
2244 532 2334 584 illo
2372 540 2575 595 autem,
2609 530 2676 585 In
2723 537 3055 603 generatione
3097 546 3147 590 et
3190 538 3543 607 generatione.
3577 541 3685 594 cla-

2104 622 2219 675 rius
2249 619 2609 691 Symmachus
2633 621 2804 675 edidit
2838 623 2923 676 his
2960 624 3164 689 verbis,
3193 624 3259 678 In
3279 622 3503 695 singulis
3531 643 3688 696 gene-

2103 712 2444 775 rationibus;
2476 727 2540 765 ac
2583 728 2806 768 rursum
2854 714 2997 778 hmc,
3034 714 3332 787 Antequam
3358 732 3559 776 montes
3592 722 3689 790 ﬁe-

2103 811 2238 866 rent,
2271 812 2319 856 et
2353 803 2677 863 {armaretur
2725 812 2868 857 terra
2915 816 2964 859 et
2998 808 3176 872 orbis;
3206 810 3404 881 Aquila
3441 821 3496 867 et
3524 812 3689 883 Sym-

2103 893 2331 949 machus
2368 895 2620 949 similiter
2657 896 2736 951 sic
2767 896 2937 951 edunt
2974 917 2987 952 :
3024 898 3316 971 Antequam
3361 914 3559 959 montes
3584 922 3676 974 pa-

2094 998 2364 1051 »rerentur,
2393 996 2441 1041 et
2495 988 2855 1056 parturiretur
2881 998 3023 1042 terra
3052 1000 3101 1043 et
3153 992 3314 1047 orbis.
3343 986 3685 1066 'Videturquc

2102 1076 2234 1130 mihi
2261 1075 2529 1131 Hebraica
2552 1078 2727 1133 lectio
2744 1079 3027 1149 physicam
3053 1085 3322 1137 rationem
3359 1085 3684 1154 reddidisse,

2101 1166 2308 1223 docens
2358 1184 2470 1223 non
2501 1170 2569 1223 ab
2610 1170 2765 1223 initio
2793 1179 3006 1226 montes
3040 1188 3147 1226 una
3179 1189 3302 1227 cum
3347 1184 3490 1231 terra
3520 1180 3684 1232 exsti-

2101 1258 2256 1325 tisse,
2289 1259 2384 1314 sed
2412 1268 2668 1329 portuum
2694 1260 2870 1315 instar
2894 1270 3045 1319 ortos
3070 1280 3195 1319 esse
3229 1284 3241 1319 :
3276 1280 3446 1336 quare
3475 1268 3681 1324 dictum

2106 1358 2215 1416 est,
2278 1348 2599 1422 Priusquam
2654 1362 2853 1407 montes
2897 1356 3123 1423 ﬁerent;
3184 1364 3297 1423 aut,
3360 1356 3681 1432 Priusquam

2099 1454 2302 1499 montes
2342 1456 2709 1514 .parerentur:
2744 1463 2809 1501 ac
2840 1448 3139 1505 verisimile
3167 1459 3272 1515 est,
3310 1461 3524 1508 montes
3553 1469 3678 1509 cum

2093 1545 2445 1606 parerentur,
2474 1553 2539 1593 ac
2577 1539 2727 1594 velut
2762 1540 2999 1596 infantes
3029 1558 3068 1596 ε
3100 1551 3246 1597 terra
3277 1547 3677 1612 emitterentur,

2098 1642 2208 1681 non
2253 1644 2317 1683 ea
2350 1645 2457 1699 qua
2499 1646 2648 1685 nunc
2694 1639 2822 1685 sunt
2868 1615 3201 1690 celsi‘tudine
3235 1636 3437 1704 fuisse;
3473 1638 3566 1692 sed
3594 1655 3681 1693 re-

2098 1734 2231 1775 cens
2260 1729 2441 1785 natos,
2480 1730 2540 1776 ut
2569 1722 2806 1778 infantes
2843 1740 3018 1794 nuper
3057 1734 3231 1792 ortos,
3255 1728 3485 1798 exiguos
3516 1730 3678 1783 mini—

402 1796 582 1869 λήλως
620 1800 736 1862 τοῖς
778 1797 1038 1869 βρέφεσι,
1185 1802 1342 1853 ὁποῖα
1370 1798 1466 1853 νῦν
1496 1800 1558 1853 τὸ
1598 1800 1826 1871 μέγεθος
1859 1805 1985 1857 ὑπο-

2098 1827 2327 1881 mosque
2356 1814 2674 1882 exstitisse;
2708 1814 3080 1885 diuturnoque
3113 1833 3230 1873 αξνο
3270 1820 3675 1875 incrementum

406 1889 620 1961 στῆναι,
639 1889 752 1943 ἀλλ’
775 1890 899 1963 άρτι
921 1891 1018 1963 μὲν
1045 1893 1371 1964 γεννηθέντα
1395 1893 1488 1946 καὶ¹
1503 1893 1782 1964 τεχθέντα,
1801 1895 1989 1967 ὥσπερ

401 1986 665 2057 ἁρτιγενῆ
700 1985 808 2040 τῶν
841 1986 1077 2058 βρεφῶν,
1119 1987 1289 2059 μικρά
1321 1989 1414 2041 καὶ
1440 1988 1699 2060 ἐλάχιστα
1726 1990 1985 2063 ὑπάρξαι,

363 2062 369 2069 ’
399 2076 476 2147 τῷ
499 2076 557 2130 δὲ
588 2077 784 2151 μακρῷ
804 2078 960 2132 αίῶνι
983 2077 1152 2149 αὑξην
1174 2081 1266 2133 καὶ
1291 2080 1520 2150 μέγεθος
1541 2080 1833 2135 ἐπιδοῦναι.
1851 2082 1987 2135 Φασὶ

398 2170 531 2237 γοῦν
558 2172 638 2235 είς
658 2169 736 2224 ἐτι
759 2170 918 2242 δεῦρό
938 2189 1081 2235 τινες
1100 2171 1209 2224 τῶν
1226 2164 1556 2242 φυσιολόγων
1578 2173 1761 2241 αὔξειν
1777 2172 1845 2227 τὰ
1865 2173 1988 2245 ὅρη,

398 2261 495 2315 καὶ
534 2261 635 2326 τὰς
680 2262 886 2334 πέτρας
923 2261 1142 2334 μείζους
1160 2264 1380 2318 ἑαυτῶν
1410 2264 1654 2334 γίνεσθαι
1679 2266 1821 2320 κατά
1841 2284 1993 2331 τινας

401 2350 769 2416 λανθανοὺσας
790 2355 939 2424 ἡμᾶς
966 2353 1053 2407 διὰ
1084 2354 1310 2427 μακρῶν
1349 2356 1614 2425 περιόδων
1636 2355 1990 2427 βραχυτάτας

402 2444 739 2514 προσθήκας.
775 2445 927 2498 Ἐπεὶ
952 2444 1009 2498 δὲ
1035 2445 1130 2498 καὶ
1158 2445 1483 2517 ὠδινηθῆναι
1514 2446 1612 2518 τὴν
1640 2449 1742 2519 γῆν
1772 2448 1868 2501 καὶ
1888 2448 1985 2521 τὴν

397 2535 724 2607 οἰκουμένην
758 2536 1041 2608 εἰρήκασιν
1071 2538 1121 2591 oi.
1153 2536 1605 2608 ἐρμηνεύσαντες,
1634 2538 1987 2615 ἐξακολουθή-

294 2621 301 2628 ’
401 2643 593 2692 σαντες
616 2627 695 2699 τῷ
734 2627 1027 2700 Ἐὁραῖκῷ,
1054 2629 1264 2700 μήποτε
1298 2630 1390 2682 καὶ
1419 2630 1511 2682 ἐπὶ
1540 2630 1638 2701 τῆς
1666 2632 1768 2702 γῆς
1788 2632 1848 2684 τὸ
1882 2650 1985 2685 πα-

400 2719 701 2791 ραπλήσιον
743 2723 858 2785 τοῖς
887 2720 1037 2792 ὄρεσι
1065 2721 1254 2792 νοῆσαι
1290 2723 1575 2793 προσήκει,
1607 2722 1681 2786 ὡς
1713 2724 1772 2791 ἐξ
1794 2725 1982 2797 ἐτέρου

2095 1908 2149 1953 et
2183 1903 2615 1972 magnitudinem
2658 1907 2955 1977 accepisse.
2984 1906 3119 1963 Nam
3157 1911 3379 1980 quidam
3423 1927 3490 1966 ex
3534 1912 3676 1984 phy-

2095 1992 2317 2064 siologis
2344 1996 2615 2066 hodieque
2640 1997 2812 2063 aiunt,
2842 2006 3054 2054 montes
3083 2016 3352 2066 crescere,
3372 2017 3438 2057 ac
3454 2011 3666 2073 petras,

2094 2086 2335 2156 acceptis
2390 2088 2553 2159 longo
2600 2097 2906 2161 temporum
2961 2092 3237 2148 curriculo
3269 2095 3523 2163 modicis,
3555 2109 3677 2166 quat.

2094 2176 2254 2232 nobis
2291 2178 2482 2245 latent,
2508 2180 2883 2244 incrementis,
2914 2184 3151 2254 majores
3181 2186 3387 2241 sensim
3420 2189 3672 2244 evadere.

2093 2265 2232 2332 Quia
2272 2284 2401 2323 vero
2450 2270 2803 2340 interpretes,
2830 2272 3157 2330 Hebraicum
3206 2286 3522 2347 sequentes,
3564 2286 3674 2333 ter-

2092 2373 2209 2411 ram
2259 2367 2312 2414 et
2354 2361 2542 2415 orbem
2592 2365 2895 2432 parturisse
2923 2364 3208 2433 dixerunt;
3245 2384 3375 2423 num
3411 2370 3575 2425 etiam
3606 2371 3675 2426 de

2093 2456 2240 2504 terra
2286 2452 2445 2521 .paria
2479 2452 2547 2508 iis
2592 2469 2714 2523 qua:
2744 2455 2812 2511 de
2845 2458 3124 2514 montibus
3151 2462 3400 2529 cogitare
3422 2477 3524 2531 par
3552 2463 3672 2517 lue-

2093 2541 2183 2606 rit,
2223 2543 2380 2613 quasi
2412 2544 2529 2613 ipsa
2562 2560 2783 2615 quoque
2822 2562 2889 2601 ex
2928 2549 3037 2604 alio
3069 2550 3339 2606 elemento
3379 2554 3665 2623 procedat,

2090 2635 2165 2689 ita
2201 2643 2260 2689 ut
2284 2636 2448 2690 etiam
2486 2638 2576 2691 illa
2609 2639 2784 2707 prius,
2817 2642 2976 2709 quasi
3011 2656 3042 2695 a
3073 2646 3484 2713 praegnantibus
3523 2653 3577 2700 et
3606 2646 3663 2701 in

2082 2734 2249 2797 .partu
2271 2726 2490 2783 deleres
2512 2730 2874 2799 patientibus,
2903 2734 3312 2801 .parturiretur?

397 2812 1060 2885 στοιχείουπροελθούσης
1089 2813 1280 2885 αὑτῆς,
1323 2814 1709 2887 καὶπρότερον
1769 2816 1866 2887 μὲν
1924 2816 2274 2889 ῶδινηθείσης
2302 2818 2472 2891 ,δίκην
2525 2819 2633 2873 τῶν
2675 2822 3078 2894 κυοφορουσῶν,
3110 2826 3202 2878 καὶ
3227 2828 3284 2879 ὲν
3322 2826 3403 2897 τῷ
3460 2828 3671 2883 τίκτειν

398 2907 784 2979 ὑπομενουσῶν
806 2907 1001 2971 ὠδῖνας
1021 2924 1036 2973 ;

467 3026 533 3079 Et
560 3025 605 3078 δ’
632 3019 725 3079 οὖν
776 3024 1103 3095 συνέστηκεν
1139 3023 1168 3075 ὁ
1203 3023 1312 3078 τῶν
1356 3026 1599 3095 φυσικῶν
1638 3025 1795 3095 λόγος
1826 3028 1854 3080 ὁ
1883 3026 1985 3096 φά-

2160 3024 2224 3107 Si
2250 3025 2435 3097 itaque
2454 3026 2812 3099 physicorum
2846 3042 3026 3083 sermo
3051 3034 3287 3092 constet,
3319 3028 3413 3098 qui
3446 3029 3524 3083 ait
3547 3032 3666 3101 pri-

398 3135 565 3183 σκων,
600 3117 818 3190 πρῶτον
868 3122 1129 3189 στοιχεῖον
1169 3118 1449 3188 γεγονέναι
1479 3119 1539 3172 τὸ
1582 3118 1745 3190 ὕδωρ,
1769 3114 1886 3171 εἶτα
1927 3118 1986 3185 ἐξ

397 3209 589 3275 ὓδατος
634 3212 728 3264 καὶ
776 3212 876 3282 τῆς
921 3212 1095 3283 ὑγρᾶς
1136 3211 1322 3274 οὐσίας
1374 3210 1673 3281 ὑποστῆναι
1713 3211 1781 3264 τὰ
1825 3210 1988 3266 λοιπὰ

398 3303 670 3372 στοιχεῖα·
702 3300 849 3355 εῐποι
902 3301 967 3356 ἄν
995 3317 1079 3367 τις
1119 3300 1278 3355 τοῦτο
1317 3303 1412 3356 καὶ
1440 3304 1533 3356 ἐπὶ
1572 3304 1670 3374 τῆς
1706 3304 1986 3375 παρούσης

395 3393 618 3465 Γραφῆς
655 3394 1017 3465 σημαίνεσθαι
1061 3394 1348 3467 δηλούσης,
1390 3397 1472 3450 ὅτι
1502 3392 1571 3468 ἦν
1605 3398 1693 3450 ὅτε
1724 3397 1783 3450 ὲν
1812 3397 1984 3469 ἑτέρῳ

394 3483 529 3540 οὖσα
555 3490 587 3557 ἡ
613 3487 686 3558 γῆ
712 3488 960 3559 στοιχείῳ
981 3488 1190 3559 ἀφανὴς
1218 3484 1307 3559 ἦν,
1335 3490 1609 3561 κυουμένη
1632 3490 1729 3542 καὶ
1755 3489 1984 3562 συλλαμρ

394 3578 666 3650 ὀρινομένη
697 3581 756 3633 ὲν
799 3584 864 3652 τῇ
898 3580 1058 3650 φύσει
1085 3582 1185 3652 τῆς
1229 3582 1401 3652 ὑγρᾶς
1440 3583 1644 3645 οὐσίας.
1675 3583 1766 3635 Διὸ
1800 3583 1893 3637 καὶ
1924 3585 1983 3637 ἐν

392 3674 459 3743 τῇ
503 3673 832 3744 κοσμοποιίᾳ
872 3674 1116 3746 εἴρηταιο
1159 3672 1229 3726 Ἠ
1269 3674 1338 3727 δὲ
1375 3672 1453 3743 Τῆ
1490 3671 1571 3745 ἦν
1602 3675 1851 3742 ἀόρατος
1885 3674 1983 3729 καὶ

389 3764 961 3831 ἁκατασκεύαστος·
1006 3766 1104 3819 καὶ
1144 3767 1365 3832 σκότος
1408 3766 1610 3819 ἐπάνω
1650 3765 1761 3834 τῆς
1795 3767 1981 3820 ἀϐύσ-

390 3870 510 3910 σου
530 3874 544 3886 ·
580 3855 695 3910 ἀλλ’
744 3855 970 3927 ὕστερον
1010 3856 1198 3929 ὥσπερ
1249 3856 1679 3927 ἀπογεννηθεῖσα
1711 3856 1980 3927 προῆλθεν

388 3947 459 3999 ὲκ
485 3947 585 4017 τῆς
609 3946 717 3999 τῶν
743 3947 948 4001 ὑδάτων
980 3947 1186 4011 οὐσίας,
1231 3949 1330 4000 οὑκ
1361 3947 1488 4001 ἄνευ
1516 3946 1667 4010 θείας
1700 3947 1979 4017 δυνάμεως

390 4039 489 4092 καὶ
515 4039 822 4111 κρείττονος
862 4039 1106 4111 ἀνάγκης
1148 4040 1492 4110 ἐπιτεθείσης
1530 4041 1700 4111 αὑτῇ·
1737 4039 1875 4110 αῦτη
1920 4040 1978 4092 δὲ

391 4127 459 4202 ἦν
484 4134 518 4204 ἡ
546 4131 642 4185 τοῦ
676 4132 1023 4204 Δημιουργοῦ
1060 4131 1331 4203 βούλησις.
1361 4133 1449 4194 Ὠς
1472 4131 1580 4203 γὰρ
1610 4132 1702 4184 ἐπὶ
1730 4131 1839 4183 τῶν
1860 4147 1980 4183 κυο-

391 4221 672 4292 φορουσῶν
716 4221 1011 4290 γυναικῶν,
1045 4221 1165 4292 βίας
1211 4222 1306 4275 καὶ
1354 4222 1599 4293 ἀνάγκης
1645 4221 1979 4292 ἐπελθούσης

389 4314 605 4377 αὑταῖς,
634 4314 695 4367 τὸ
724 4314 867 4367 κατὰ
903 4314 1139 4386 γαστρὸς
1185 4314 1507 4384 προάγεται,
1543 4313 1636 4367 τοῦ
1671 4313 1974 4386 ὡρισμένου

389 4409 583 4479 κρόνου
610 4408 708 4478 τῆς
746 4408 1051 4472 ἀποτέξεως
1078 4408 1419 4473 ἐπιστάντος,
1450 4407 1571 4461 καθ’
1603 4408 1661 4461 ὃν
1690 4408 1971 4462 ὠδίνουσαι
2005 4389 2047 4443 D

390 4500 630 4553 τίκτουσι
649 4515 663 4529 '
686 4500 778 4553 τὸν
802 4499 962 4553 αὑτὸν
980 4500 1180 4571 τρόπον
1202 4492 1428 4571 δυνάμει
1451 4500 1545 4552 καὶ
1567 4500 1728 4571 σοφίᾳ
1746 4499 1840 4552 τοῦ
1861 4500 1969 4553 τῶν

388 4590 527 4644 ὅλων
556 4591 886 4663 δημιουργοῦ
926 4594 1030 4662 γῆν
1062 4592 1156 4645 καὶ
1183 4592 1279 4661 τὴν
1307 4590 1417 4644 τῶν
1452 4589 1753 4662 ἀνθρώπων
1793 4592 1971 4644 οίκου‹

394 4682 561 4754 μένην
590 4684 658 4737 τὰ
701 4682 867 4736 ὕδατα
903 4683 1296 4755 προηνέγκατο.
1328 4683 1439 4737 Καὶ
1467 4682 1611 4736 τοῦτ’
1646 4682 1968 4754 ἐπληροῦτο,

388 4775 625 4844 ὁπηνίκα
660 4770 811 4829 εἶπεν
838 4777 867 4828 ό
898 4774 1063 4838 Θεός·
1092 4773 1452 4843 Συναχθήτω
1488 4772 1561 4827 τὰ
1599 4772 1789 4826 ὕδατα
1823 4776 1971 4827 ὐπο-

390 4866 547 4920 κάτω
600 4866 705 4922 τοῦ
759 4866 1020 4935 οὐρανοῦ
1072 4870 1158 4933 είς
1212 4866 1576 4936 συναγωγὴν
1633 4867 1813 4935 μίαν,
1871 4865 1969 4918 καὶ

390 4959 626 5028 ὀφθήτω
657 4963 695 5029 ἡ
721 4960 891 5029 ξηρά.
936 4961 1047 5015 Καὶ
1101 4960 1337 5029 ἐγένετο
1374 4960 1544 5013 οὕτω.
1574 4960 1682 5012 Θέα
1727 4960 1836 5030 γάρ
1880 4976 1969 5030 μοι

388 5053 454 5121 τῇ
480 5051 685 5123 διανοίᾳ
716 5052 814 5123 τὴν
840 5052 942 5123 γῆν
978 5051 1123 5104 ἔνδον
1156 5053 1213 5103 ὲν
1249 5053 1361 5113 τοῖς
1394 5050 1547 5111 ὑδασι
1570 5049 1735 5103 πάλαι
1771 5050 1970 5121 πρότε-

390 5158 483 5213 ρον
526 5143 1000 5214 ὲγκεκρυμμένην,
1042 5142 1243 5213 τρόπον
1273 5159 1334 5194 τε
1373 5142 1514 5206 ἰλύος
1546 5142 1967 5212 ἀναλελυμένην,

390 5235 483 5286 καὶ
508 5234 587 5305 τῷ
611 5235 802 5306 πλήθει
825 5235 932 5289 τῶν
954 5235 1159 5289 ὑδάτων
1189 5235 1660 5305 ἀνακεκραμένην,
1684 5234 1759 5297 ὡς
1788 5236 1967 5304 ἀφανῆ

389 5321 527 5380 εἶναι
552 5326 645 5380 καὶ⁵
674 5328 903 5397 ἀόρατον
924 5345 937 5356 ·
971 5326 1051 5380 διὸ
1071 5324 1329 5394 λέγεσθαι
1355 5342 1367 5354 ⁸
1412 5328 1482 5380 Ἠ
1505 5327 1572 5380 δὲ
1597 5326 1667 5397 γῆ
1692 5324 1770 5397 ἦν
1799 5329 1970 5395 ἀόρα-

387 5434 492 5485 τος
541 5419 638 5472 καὶ
682 5420 1212 5484 ἀκατασκεύαστος
1236 5434 1250 5446 “
1295 5413 1393 5471 εἶθ’
1441 5418 1665 5492 ὕστερον
1719 5420 1967 5491 βουλήσει

387 5508 522 5562 Θεοῦ
578 5510 745 5581 αὐτὴν
797 5511 1170 5582 συναγομένην
1217 5508 1504 5565 πιλοῦσθαι
1556 5514 1819 5584 πρότερον
1870 5511 1966 5564 καὶ

391 5603 827 5673 συμπήγνυσθαι,
864 5605 956 5657 καὶ
983 5603 1122 5675 μετὰ
1164 5603 1337 5658 ταῦτα
1366 5605 1577 5676 ἀθρόως
1614 5604 1965 5659 ἀναδοθεῖσαν

459 5757 506 5792 δ’
543 5757 678 5817 Gen.
717 5777 769 5826 ι,
807 5761 861 5817 2.
938 5763 983 5794 '°
1023 5760 1156 5817 Gen.
1196 5776 1232 5827 ι,
1264 5760 1317 5816 9.

2092 3134 2241 3173 mum
2281 3119 2610 3175 elementum
2664 3118 2839 3174 fuisse
2892 3135 3131 3189 aquam,
3178 3119 3382 3176 deinde
3419 3137 3552 3179 vero
3594 3139 3664 3179 ex

2088 3224 2231 3281 aqua
2267 3217 2321 3266 et
2356 3210 2580 3264 humida
2613 3211 2940 3277 substantia,
2975 3211 3184 3281 reliqua
3220 3212 3486 3267 elementa
3532 3215 3667 3271 sub-

2088 3302 2298 3356 stitisse
2322 3319 2336 3368 ;
2358 3300 2561 3357 dixerit
2596 3301 2827 3358 fortasse
2850 3302 3144 3371 quispiam,
3181 3301 3283 3357 hoc
3314 3303 3369 3358 in
3409 3306 3665 3374 praesenti

2090 3391 2374 3464 Scriptura
2414 3392 2734 3464 significari,
2778 3408 2842 3448 ac
2899 3394 3187 3458 declarari,
3228 3392 3399 3450 fuisse
3450 3402 3666 3467 tempus

2086 3501 2211 3542 cum
2245 3494 2390 3543 terra
2422 3490 2479 3543 in
2518 3489 2627 3542 alio
2664 3490 2934 3543 elemento
2984 3490 3181 3559 posita,
3230 3490 3335 3545 sub
3379 3500 3663 3562 aspectum

2084 3595 2196 3635 non
2238 3581 2478 3645 caderet,
2512 3580 2670 3650 quasi
2724 3589 2883 3634 utero
2934 3588 3143 3651 gestata
3201 3589 3255 3636 et
3294 3591 3556 3652 concepta
3606 3584 3663 3639 in

2085 3670 2322 3724 humida:
2351 3670 2673 3725 substantiae
2714 3678 2930 3723 natura.
2972 3670 3152 3735 Quare
3194 3671 3248 3724 in
3284 3672 3473 3725 mundi
3506 3687 3661 3728 crea-

2083 3760 2231 3815 tione
2258 3759 2519 3814 dicitur“
2547 3780 2558 3814 :
2586 3761 2751 3814 Terra
2765 3770 2939 3814 autent
2962 3772 3073 3815 erat
3094 3761 3381 3816 invisibilis
3409 3765 3645 3818 etincom

2080 3852 2275 3919 posita,
2312 3863 2360 3906 et
2403 3850 2625 3906 tenebrae
2675 3868 2829 3920 super
2886 3851 3174 3921 abyssum;
3228 3852 3323 3909 sed
3382 3862 3660 3924 postremo

2081 3944 2241 4013 quasi
2285 3944 2466 4013 genita
2501 3959 2574 3998 ex
2621 3960 2886 4015 aquarum
2942 3944 3253 3999 substantia
3292 3946 3515 4016 prodiit,
3546 3962 3656 4003 non

2082 4037 2202 4091 sine
2222 4036 2404 4091 divina
2435 4036 2658 4103 virtute,
2691 4035 2787 4091 sed
2826 4034 3023 4104 majori
3062 4044 3254 4091 coacta
3286 4038 3336 4092 vi
3366 4047 3427 4093 et
3465 4054 3656 4095 neces.

2081 4127 2244 4183 sitate
2272 4146 2284 4181 :
2319 4127 2432 4180 haec
2462 4141 2590 4181 vero
2612 4135 2731 4182 erat
2764 4127 3043 4182 Creatoris
3067 4128 3342 4182 voluntas.
3380 4129 3658 4195 Quemad-

2078 4218 2299 4274 modum
2334 4220 2478 4274 enim
2510 4234 2538 4272 a
2570 4218 2978 4289 praegnantibus
3002 4219 3343 4283 mulieribus,
3368 4220 3659 4276 imminen-

2078 4318 2132 4366 te
2179 4312 2233 4365 vi
2279 4325 2344 4364 ac
2375 4311 2726 4374 necessitate,
2773 4310 2998 4364 deﬁnito
3050 4319 3242 4380 partus
3296 4319 3539 4381 tempore
3570 4313 3658 4369 in-

2076 4412 2278 4470 stante,
2328 4404 2474 4475 quod
2536 4404 2591 4458 in
2642 4415 2794 4459 utero
2836 4410 2955 4457 erat
3008 4403 3296 4469 emittitur,
3334 4412 3497 4474 atque
3547 4406 3653 4461 illa:

2077 4511 2203 4551 cum
2233 4496 2422 4552 dolore
2460 4496 2716 4566 pariunt;
2751 4494 2940 4550 eodem
2978 4511 3208 4565 prorsus
3243 4496 3403 4550 modo
3430 4496 3648 4552 univer-

2077 4602 2265 4643 sorum
2318 4586 2529 4658 Opiﬁcis
2563 4584 2615 4639 vi
2666 4591 2721 4638 et
2776 4583 3063 4654 sapientia,
3100 4592 3299 4638 terram
3361 4592 3413 4637 et
3465 4584 3651 4638 orbem

2076 4695 2231 4750 aqua!
2262 4678 2633 4749 protulerunt.
2668 4674 2736 4728 Et
2763 4676 2868 4730 hoc
2901 4676 3231 4744 implebatur
3263 4674 3482 4743 quando
3514 4674 3655 4729 dixit

2076 4773 2219 4828 Deus
2248 4771 2294 4803 ⁵ο
2325 4790 2337 4824 :
2368 4769 2759 4839 Congregentur
2775 4784 2924 4838 aqua:
2953 4766 3049 4820 sub
3067 4768 3192 4819 coelo
3214 4768 3267 4819 in
3298 4768 3652 4823 collectionem

2074 4881 2259 4930 unam,
2280 4873 2331 4917 et
2353 4873 2607 4933 appareat
2630 4861 2815 4916 arida.
2854 4860 2923 4912 Et
2956 4858 3157 4927 factum
3185 4867 3263 4913 est
3294 4860 3391 4913 ita.
3419 4858 3483 4912 Et
3513 4875 3650 4914 con-

2075 4956 2305 5018 sideres,
2332 4971 2537 5025 quaeso,
2565 4963 2766 5009 terram
2808 4952 2864 5006 in
2894 4953 3051 5021 aquis
3078 4952 3205 5004 olim
3246 4950 3649 5014 absconditam,

2074 5057 2240 5118 atque
2278 5048 2453 5101 instar
2486 5046 2583 5099 luti
2623 5046 2880 5107 solutam,
2922 5054 2976 5098 et
3001 5057 3268 5112 aquarum
3309 5042 3649 5097 multitudini

2073 5139 2428 5195 commixtam
2465 5138 2662 5201 fuisse;
2695 5135 2772 5188 ita
2795 5141 2853 5188 ut
2875 5134 3168 5189 invisibilis
3196 5142 3251 5187 et
3281 5134 3500 5187 occulta
3532 5149 3650 5188 ma-

2072 5238 2227 5286 neret
2262 5249 2275 5283 :
2310 5235 2641 5302 quapropter
2670 5226 2895 5289 dicitur,
2924 5225 3088 5279 Terra
3113 5233 3289 5278 autem
3319 5234 3434 5278 erat
3461 5224 3647 5278 inuisi-

2066 5325 2190 5379 bilis
2224 5333 2273 5378 et
2313 5321 2697 5390 incomposita;
2729 5319 2924 5374 deinde
2953 5334 3082 5373 vero
3126 5334 3191 5374 ex
3237 5317 3333 5373 Dei
3367 5319 3650 5375 voluntate

2069 5425 2410 5488 compactam
2449 5424 2504 5471 et
2532 5414 2876 5485 coagulatam
2906 5411 3099 5476 fuisse,
3125 5419 3180 5467 et
3205 5418 3392 5482 postea
3425 5412 3648 5467 confer-

2068 5509 2167 5563 tim
2197 5509 2255 5563 in
2293 5508 2470 5563 lucem
2506 5506 2731 5569 editam,
2770 5505 2824 5559 in
2862 5519 3057 5573 purum
3093 5519 3271 5559 aerem
3309 5505 3645 5561 emersisse:

2068 5609 2123 5660 et
2138 5601 2531 5666 animadverte,
2557 5598 2692 5654 nihil
2711 5597 2821 5655 fere
2844 5607 2958 5652 tum
2984 5598 3364 5653 intercessisse
3381 5597 3648 5654 discrimi-
