4068 6394
447 362 579 418 1127

1143 360 1411 417 EUSEBll
1446 355 1919 413 CIESARSENSIS
1952 356 2099 411 OPP.
2141 356 2317 410 PARS
2352 353 2440 414 ιιι.
2471 386 2541 396 -
2574 354 2976 409 EXEGETICA.

3554 356 3695 411 H23

446 484 689 538 nisinter
717 481 863 536 illam
897 490 947 535 et
990 496 1052 536 ea
1080 496 1203 550 quae
1240 497 1305 535 ex
1330 488 1485 533 utero
1521 483 1835 549 gignuntur.
1866 478 1999 531 Cum

2113 480 2189 541 είς
2218 478 2333 546 φῶς
2380 476 2677 548 προελθεῖν,
2709 476 2802 529 καὶ
2834 476 3105 544 ἀνακύψαι
3141 477 3219 539 εἰς
3256 474 3492 546 καθαρὸν
3532 477 3689 545 ἀέρα.

446 573 610 642 igitur
635 587 700 625 ex
726 572 884 641 aquis
917 585 1130 624 emersa
1168 569 1430 639 prodiret,
1455 577 1587 623 tunc
1617 569 1761 638 gigni
1783 577 1836 623 et
1864 569 2013 623 nasci

445 663 728 717 videbatur
764 681 776 716 :
811 669 938 716 ante
966 669 1147 715 ortum
1180 676 1308 715 vero
1348 661 1497 715 intus
1536 660 1590 714 in
1635 660 1794 729 aquis
1838 659 1895 713 in
1934 660 2017 713 lu-

443 761 556 808 tum
608 760 909 822 compacta,
943 760 997 807 et
1031 752 1203 806 instar
1231 752 1347 805 limi
1391 752 1447 805 in
1491 754 1708 822 propria
1754 752 2018 821 gravitate

443 843 754 898 subsistens
787 851 840 897 et
887 843 1206 906 considens,
1245 851 1377 895 tunc
1418 841 1868 910 concipiebatur;
1921 840 2015 895 de-

445 952 700 1006 mumque
724 938 882 1006 quasi
906 954 969 991 ex
1013 946 1169 991 utero
1208 942 1389 998 enata,
1422 944 1874 1001 terrenorumque
1901 933 2018 985 ani-

444 1029 668 1082 malium
709 1029 1080 1082 habitaculum
1135 1027 1326 1082 ell‘ecta
1354 1036 1455 1081 est.
1489 1024 1691 1079 Verum
1724 1034 2015 1093 antequam

444 1120 555 1173 haec
587 1119 798 1185 tierent,
823 1127 878 1173 et
908 1128 1033 1173 ante
1057 1117 1244 1171 mundi
1277 1116 1753 1178 constitutionem,
1786 1121 1841 1167 tu
1876 1115 2013 1183 ipse,

443 1219 640 1285 inquit,
695 1215 855 1278 Deus,
896 1231 976 1269 es.
1008 1214 1073 1267 Et
1104 1214 1331 1284 pulchre
1364 1213 1581 1281 quidem
1616 1228 1748 1276 non,
1781 1220 1836 1264 tu
1872 1228 2012 1273 eras.

443 1309 551 1375 ait;
580 1307 696 1370 sed,
726 1317 781 1359 tu
803 1321 892 1360 es:
912 1321 1037 1360 nam
1070 1315 1124 1359 tu
1158 1306 1292 1374 ipse,
1327 1305 1525 1374 inquit,
1547 1318 1769 1366 eras,es
1800 1310 1853 1356 et
1870 1303 2014 1369 eris;

443 1397 553 1451 imo
587 1402 768 1467 potius
801 1396 940 1450 idem
979 1410 1193 1465 semper
1222 1411 1303 1456 es,
1336 1404 1387 1450 et
1408 1396 1548 1449 idem
1598 1409 1657 1449 es
1713 1393 2015 1448 secundum

444 1489 585 1541 hanc
622 1487 943 1555 theologiam
985 1503 997 1537 :
1041 1484 1119 1536 Tu
1168 1495 1343 1537 autem
1388 1484 1524 1537 idem
1560 1485 1666 1551 ipse
1696 1500 1771 1546 es,
1802 1491 1851 1535 et
1890 1482 2016 1534 anni

444 1580 521 1632 tui
543 1595 643 1631 non
675 1577 915 1645 de/icient
940 1578 1008 1629 δι.
1042 1575 1162 1629 Non
1192 1576 1336 1629 enim
1375 1575 1456 1630 fas
1481 1583 1562 1629 est
1584 1576 1651 1629 de
1691 1575 1782 1628 illo
1812 1575 2013 1638 dicere,

443 1688 582 1733 eras,
613 1678 726 1733 aut,
762 1679 896 1731 erat,
950 1676 1063 1730 ant,
1111 1670 1253 1723 erit:
1287 1684 1409 1721 nam
1457 1667 1611 1732 illud,
1645 1668 2012 1737 praeteritum;

444 1764 568 1827 hoc,
606 1761 848 1814 futurum
906 1769 1121 1828 tempus
1178 1760 1448 1829 signiticat
1491 1778 1505 1813 :
1539 1773 1770 1827 quorum
1804 1757 2011 1811 nullum

444 1852 538 1907 Dei
571 1854 776 1906 nomini
817 1852 1106 1917 convenit;
1141 1867 1266 1903 nam
1303 1850 1403 1919 ipsi
1444 1850 1545 1903 soli
1581 1850 1840 1918 competit
1869 1863 2013 1903 sem-
2046 1824 2086 1879 Β

444 1960 539 2012 per
556 1959 697 1998 esse.
719 1942 1084 2008 Quamobrem
1115 1941 1203 1993 hic
1232 1939 1644 1994 accuratissime
1666 1939 1872 1995 dictum
1894 1947 2010 1994 est:

443 2036 480 2086 Α
516 2035 708 2088 swculo
746 2050 906 2103 usque
949 2034 1002 2085 in
1034 2032 1285 2085 swculum
1318 2041 1373 2083 tu
1404 2048 1477 2094 es,
1507 2030 1679 2093 Deus;
1702 2032 1830 2084 alibi
1862 2046 2012 2094 vero,

446 2124 519 2178 Τιι
551 2134 725 2177 autem
748 2124 883 2176 idem
907 2125 1017 2192 ipse
1054 2140 1107 2175 es
1130 2130 1179 2176 et
1225 2123 1351 2175 anni
1377 2122 1453 2173 tui
1485 2138 1586 2174 non
1610 2122 1871 2190 deﬁcient.
1907 2120 2013 2175 Ob-

443 2216 769 2268 servandum
808 2223 986 2268 autem
1021 2222 1107 2267 est
1167 2214 1269 2265 hoc
1318 2213 1373 2265 in
1416 2212 1557 2273 loco,
1602 2211 1844 2274 Domine,
1869 2212 2014 2280 refu-

439 2307 582 2374 gium
616 2306 789 2372 factus
828 2320 881 2357 es
938 2303 1107 2365 nobis,
1144 2301 1299 2365 illud,
1356 2300 1595 2365 Domine,
1631 2317 1740 2355 non
1779 2310 2015 2371 quatuor

442 2395 745 2447 litterarum
775 2393 1037 2447 vocabulo
1099 2393 1240 2461 apud
1300 2390 1555 2446 Hebraeos
1612 2392 1882 2461 exprimi;
1920 2392 2015 2447 sed

441 2486 758 2554 vulgaribus
785 2493 838 2537 et
865 2484 1141 2538 consuetis
1171 2484 1475 2545 elementis,
1503 2483 1593 2552 qui
1629 2483 1793 2537 etiam
1830 2483 1883 2536 in
1908 2483 2014 2537 hu-

445 2591 603 2628 mana
654 2576 1019 2644 appellatione
1054 2582 1415 2643 usurpantur,
1447 2574 1495 2628 si
1554 2574 1776 2643 quando
1823 2575 2013 2629 herum

442 2669 753 2736 quempiam
807 2666 862 2720 in
894 2666 1209 2719 hominibus
1260 2664 1541 2718 dominum
1568 2681 1846 2720 vocemus.
1879 2665 2014 2719 Nam

443 2760 496 2812 in
529 2760 780 2827 praesenti
816 2759 972 2823 illud,
1000 2757 1230 2815 Adonai.
1252 2757 1559 2825 explicatur
1595 2756 1869 2819 Dominus,
1889 2772 2015 2811 cum

441 2861 677 2922 quatuor
708 2853 1011 2906 litterarum
1043 2850 1426 2920 nomen,quod
1455 2865 1708 2904 arcanam
1744 2851 1834 2905 Dei
1861 2851 2016 2905 theo-

442 2947 636 3014 IOgiam
665 2946 962 3015 signiﬁcat,
1001 2946 1055 2998 in
1087 2945 1341 3013 praesenti
1372 2945 1605 2998 lectione
1640 2959 1751 2998 non
1787 2958 2013 3012 compa-

442 3046 592 3101 reat,
634 3039 728 3092 sed
772 3037 1036 3090 Dominus
1069 3044 1379 3107 opportune
1409 3037 1734 3107 appelletur,
1771 3043 1831 3090 ut
1865 3037 2012 3091 indi-

442 3138 596 3181 cetur
635 3142 824 3181 curam
873 3128 1412 3197 sollicitudinemque
1438 3142 1628 3197 gerere
1675 3126 2010 3182 domestico-
2039 3166 2080 3222 ο

440 3237 561 3273 rum
612 3236 859 3285 suorum,
892 3235 1127 3289 quorum
1169 3218 1441 3291 refugium
1470 3230 1572 3274 est.
1619 3218 1685 3272 Et
1718 3218 2008 3288 perpende,

439 3325 571 3363 num
607 3310 746 3364 forte
776 3309 843 3363 ad
878 3308 1047 3363 Deum
1076 3306 1315 3363 Verbum
1368 3309 1483 3363 haec
1532 3309 1782 3363 doctrina
1807 3307 2012 3362 refera-

438 3408 704 3453 turznon
751 3401 898 3454 enim
954 3400 1188 3454 multum
1237 3401 1367 3455 huic
1417 3401 1699 3456 sententiae
1747 3407 2014 3471 repugnat

440 3491 556 3545 haec
594 3490 1127 3563 lectiozl’riusquam
1159 3504 1358 3548 montes
1393 3494 1597 3563 ﬁerent,
1632 3502 1727 3547 aut
1753 3493 2015 3554 formare-

439 3590 526 3635 ιιι·
558 3591 697 3637 terra
720 3591 769 3637 et
802 3584 965 3647 orbis,
994 3593 1047 3637 tu
1078 3600 1155 3649 es,
1181 3583 1323 3638 Deus
1342 3599 1361 3638 :
1392 3599 1513 3638 cum
1550 3584 1652 3638 hoc
1704 3583 2010 3638 Salomonis

438 3674 643 3730 dictum
676 3692 743 3730 ex
770 3691 1007 3746 persona
1044 3676 1323 3744 sapientia:
1354 3674 1684 3745 proferatur,
1720 3676 2012 3743 Antequam

436 3777 637 3821 montes
670 3769 1031 3837 ﬁrmarentur,
1049 3777 1098 3821 et
1120 3777 1240 3821 ante
1264 3783 1439 3821 omnes
1467 3767 1624 3820 colles
1653 3767 1818 3836 gignit
1844 3783 1925 3820 me
1944 3767 2011 3831 δ’,

436 3860 594 3927 queis
627 3860 981 3913 subindicare
1017 3858 1235 3913 videtur
1263 3859 1615 3925 incorporeas
1647 3866 1702 3910 et
1738 3858 2014 3927 angelicas

436 3952 687 4015 virtutes,
732 3953 933 4022 quibus
989 3952 1083 4005 Dei
1132 3951 1366 4005 Verbum
1417 3960 1473 4006 et
1534 3951 1631 4006 Dei
1687 3952 2011 4023 sapientiam

436 4045 815 4113 praeexsistere
846 4047 1007 4098 docet
1034 4045 1149 4113 ipsa
1173 4043 1462 4112 sapientia.

2119 570 2225 621 Καὶ
2250 570 2341 633 ἰδὲ,
2372 569 2446 632 ὼς
2480 569 2629 622 οὐδὲν
2654 568 2763 619 τῶν
2794 567 3151 636 γεννωμένων
3179 568 3287 619 ἀπὸ
3312 567 3545 636 γαστρὸς
3574 567 3692 618 δια-

2120 661 2301 729 φέρειν
2325 659 2498 712 ὲδόκει
2520 659 2661 711 τότε.
2687 658 2816 709 Ὅτε
2844 657 2941 727 μὲν
2964 656 3057 709 οῦν
3078 657 3414 728 προϐέϐλητο
3434 657 3542 709 τῶν
3569 656 3697 708 ὑδά-

2116 767 2222 802 των
2263 750 2602 820 ἀνακύψασα,
2638 750 2925 819 τικτομένη
2980 749 3073 802 καὶ
3124 749 3438 819 γεννωμένη
3495 748 3690 801 ὲοίκει·

2118 842 2224 911 πρὸ
2245 841 2300 893 δὲ
2326 842 2422 911 τῆς
2446 842 2751 911 γεννήσεως
2777 841 2923 893 ἔνδον
2951 843 3008 892 ὲν
3041 843 3153 902 τοῖς
3192 839 3345 893 ὕδασι
3378 840 3691 909 συμπηλου-

2121 934 2255 1003 μένη
2299 932 2618 1002 πηγνυμένη
2650 948 2732 997 τε,
2768 932 2861 984 καὶ
2900 928 3239 1001 δίκην-·ίλύος
3274 931 3366 983 ἐπὶ
3405 929 3464 983 τὸ
3495 932 3691 982 οἰκεῖον

2120 1024 2281 1095 βάρος
2300 1024 2637 1092 ὑφισταμένη
2665 1024 2759 1076 καί
2782 1021 3157 1085 συνιζάνουσα,
3176 1022 3235 1074 τὸ
3253 1021 3548 1093 τηνικαῦτα
3569 1039 3693 1074 συν-

2118 1115 2449 1186 ελαμϐάνετο
2470 1130 2485 1145 ’
2521 1116 2595 1178 ὡς
2618 1114 2840 1186 ὕστερον
2860 1114 2915 1167 δὲ
2944 1114 3037 1168 καὶ
3056 1114 3377 1183 ὠδινηθείσα
3396 1114 3688 1183 άπετέχθη,

2117 1209 2212 1260 καὶ
2255 1208 2474 1276 γέγονεν
2527 1208 2839 1277 οἰκητήριον
2872 1206 2978 1259 τῶν
3024 1207 3119 1259 ἐπὶ
3150 1208 3251 1277 γῆς
3298 1206 3479 1269 ζώων.
3531 1207 3692 1286 ἶΑλλὲι

2118 1298 2224 1368 πρὸ
2263 1297 2357 1350 τοῦ
2400 1297 2550 1350 ταῦθ’
2581 1297 2722 1350 οὕτω
2751 1297 3026 1365 γενέσθαι,
3074 1299 3167 1350 καὶ
3214 1299 3321 1368 πρό
3357 1316 3420 1367 γε
3450 1299 3549 1369 τῆς
3598 1299 3692 1350 τοῦ

2118 1393 2322 1462 κόσμου
2351 1390 2679 1453 συστάσεως,
2704 1392 2790 1456 σὺ,
2827 1392 3009 1460 φησὶν,
3034 1391 3194 1453 αὐτὸς
3222 1385 3293 1455 εἴ,
3342 1393 3371 1443 6
3396 1391 3548 1447 Θεός.
3586 1393 3695 1444 Καὶ

2116 1482 2295 1546 καλῶς
2319 1499 2382 1549 γε
2428 1483 2489 1534 οὐ
2516 1481 2598 1535 σὺ
2645 1478 2825 1551 ἦσθα,
2867 1484 3051 1550 φησὶν,
3084 1481 3240 1545 ἀλλὰ,
3282 1482 3362 1535 σὺ
3396 1483 3478 1535 εἷ’
3509 1484 3537 1535 6
3585 1482 3695 1552 γάρ

2116 1575 2279 1637 αὐτὸς
2300 1575 2393 1627 καὶ
2416 1570 2505 1645 ἦς,
2531 1577 2624 1627 καὶ
2654 1569 2724 1637 εἴ,
2752 1574 2846 1627 καὶ
2882 1573 3010 1647 ἔσῃ·
3043 1575 3241 1645 μᾶλλον
3273 1575 3329 1627 δὲ
3354 1578 3382 1627 ὁ
3414 1575 3577 1638 αὐτὸς
3609 1576 3695 1627 ἀεὶ

2116 1664 2191 1719 ὣν
2220 1666 2522 1736 τυγχάνεις,
2555 1665 2648 1718 καὶ
2672 1665 2831 1728 αὐτὸς
2863 1660 2933 1731 εἴ,
2960 1665 3097 1719 κατά
3122 1666 3221 1736 τὴν
3244 1666 3554 1735 φάσκουσαν
3580 1664 3695 1717 Θεο-

2118 1758 2301 1825 λογίαν
2319 1774 2332 1786 ·
2362 1757 2446 1811 Σὺ
2466 1757 2533 1811 δὲ
2551 1762 2583 1811 ὁ
2609 1757 2791 1823 αὐτὸς
2807 1754 2881 1821 εἴ,
2906 1758 3005 1812 καὶ
3026 1758 3098 1811 τὰ
3119 1760 3222 1827 ἐτη
3240 1774 3355 1813 σου
3371 1762 3482 1813 οὐκ
3503 1759 3695 1812 ἐκλεί-

2116 1853 2363 1917 ψουσιν.
2405 1850 2539 1902 Οὐδὲ
2568 1850 2677 1920 γάρ
2711 1849 2869 1920 Θέμις
2912 1851 2998 1902 ἐπ’
3028 1851 3192 1904 αὑτοῦ
3221 1851 3385 1920 φάναι
3413 1849 3493 1915 τὺ,
3532 1846 3629 1919 ἧς,
3660 1850 3693 1919 ἢ

2115 1941 2194 2005 τὸ,
2220 1937 2318 2010 ἦν,
2352 1940 2385 2010 ἢ
2424 1941 2503 2005 τὸ,
2538 1943 2738 1994 ἔσται’
2768 1941 2839 1993 τά
2885 1941 2983 2012 μὲν
3016 1942 3124 2013 γὰρ
3154 1942 3248 1994 τοῦ
3284 1943 3693 2012 παρῳχηκότος,

2116 2032 2183 2086 τὰ
2212 2032 2267 2085 δὲ
2298 2032 2392 2085 τοῦ
2422 2033 2703 2102 μέλλοντος
2732 2033 2948 2086 ἔσεσθαι
2975 2035 3165 2105 χρόνου
3193 2033 3465 2105 δηλωτικὰ
3490 2034 3693 2102 τυγχά-

2115 2140 2229 2177 νει”
2266 2117 2341 2175 ὧν
2377 2125 2528 2177 οὐδὲν
2568 2125 2793 2197 ἁρμόζει
2844 2128 2909 2195 τῇ
2965 2125 3084 2197 θείᾳ
3128 2126 3501 2197 προσηγορίαν
3535 2126 3695 2195 μόνον

2116 2215 2225 2287 γὰρ
2250 2217 2385 2286 αὑτῆ
2421 2216 2481 2268 τὸ
2503 2216 2588 2268 ἀεὶ
2627 2212 2765 2269 εἶναι
2796 2216 3073 2287 ἁρμόττει.
3107 2217 3195 2269 Διὸ
3222 2216 3422 2287 σφόδρα
3453 2216 3694 2285 ἀκριϐῶς

2115 2307 2347 2361 ἐνταῦθά
2400 2325 2457 2359 τε
2512 2307 2753 2379 εἴρηταιο
2840 2309 2968 2362 Am)
3018 2308 3123 2362 τοῦ
3175 2308 3387 2373 αἰῶνος
3426 2308 3535 2373 ἕως
3587 2308 3695 2359 τοῖς

2115 2398 2328 2465 αἰῶνος
2360 2398 2440 2452 σὺ
2486 2398 2560 2463 εἷ,
2604 2403 2637 2452 ό
2670 2400 2813 2466 Θεός
2837 2415 2850 2427 ·
2885 2400 2978 2453 καὶ
3004 2403 3062 2453 ἐν
3094 2400 3297 2470 ἑτέροις
3337 2400 3419 2463 τὸ,
3446 2398 3529 2453 Σὺ
3556 2397 3625 2450 δὲ
3663 2401 3695 2448 ὁ

2115 2492 2295 2558 αὐτὸς
2323 2488 2395 2555 εἷ,
2432 2493 2527 2546 καὶ
2566 2491 2637 2545 τὰ
2676 2493 2779 2560 ἔτη
2828 2508 2944 2546 σου
2981 2495 3093 2546 οὐκ
3135 2493 3548 2559 ἐκλείψουσιν.
3581 2492 3693 2559 Τη-

2117 2585 2309 2655 ρητέον
2356 2585 2432 2649 δὲ,
2462 2585 2544 2637 ὅτι
2598 2586 2656 2637 ὲν
2696 2584 2792 2654 τῷ,
2823 2586 3018 2652 Κύριε,
3051 2582 3363 2652 καταφυγὴ
3404 2581 3691 2651 ἐγενήθης

2113 2675 2276 2744 ἡμῖν,
2312 2676 2394 2740 τὸ,
2429 2678 2625 2744 Κύριε.
2664 2677 2723 2728 οὐ
2754 2675 2842 2728 διὰ
2884 2675 2977 2728 τοῦ
3012 2675 3436 2747 τετραγράμμου
3468 2672 3695 2742 φέρεται

2116 2772 2247 2841 παρ’
2289 2770 2580 2841 Ἑϐραίοις,
2614 2769 2751 2824 ἀλλά
2792 2768 2881 2822 διά
2927 2768 3034 2821 τῶν
3077 2767 3268 2821 κοινῶν
3309 2766 3403 2819 καὶ
3450 2765 3695 2836 συνήθων

2115 2862 2473 2934 γραφομένων
2504 2863 2798 2931 στοιχείων,
2829 2861 2937 2913 τῶν
2967 2860 3060 2913 καὶ
3086 2859 3176 2911 ἐπὶ
3206 2860 3303 2928 τῆς
3349 2856 3694 2928 ἀνθρωπίνης

2115 2955 2490 3027 προσηγορίας
2533 2954 2896 3024 ταττομένων,
2932 2952 3115 3005 εἴποτε
3153 2950 3243 3003 τὸν
3285 2953 3343 3003 ὲν
3386 2948 3694 3019 ἀνθρώποις

2113 3046 2401 3117 δεσπότην,
2438 3045 2624 3117 κύριον
2668 3044 2944 3114 καλοῖμεν.
2981 3042 3136 3097 Κατά
3183 3041 3250 3095 τά
3289 3040 3426 3094 αὐτὰ
3452 3041 3557 3112 γάρ
3598 3042 3695 3094 καὶ.

2113 3139 2207 3191 ἐπὶ
2264 3137 2357 3190 τοῦ
2402 3138 2668 3209 παρόντος
2721 3136 2782 3189 τὸ
2827 3134 3063 3189 Ἀδωναῒ
3102 3136 3438 3205 ἡρμήνευται
3478 3134 3557 3196 είς
3601 3132 3695 3185 τὸν

2112 3230 2353 3296 Κύριον,
2377 3227 2469 3282 τοῦ
2500 3227 2925 3299 τετραγράμμου
2950 3225 3233 3294 ὀνόματος,
3264 3224 3292 3276 ὃ
3320 3225 3418 3294 τὴν
3446 3225 3695 3295 ἀπόρρη-

2112 3335 2204 3370 τον
2235 3318 2328 3371 τοῦ
2359 3317 2494 3371 Θεοῦ
2534 3317 2810 3386 θεολογίαν
2841 3315 3116 3386 σημαίνει,
3151 3315 3226 3385 μὴ
3260 3314 3512 3385 κειμένου
3554 3315 3694 3367 κατὰ

2112 3411 2212 3481 τὴν
2240 3408 2517 3480 παροῦσαν
2546 3407 2710 3474 λέξιν,
2743 3408 2879 3463 ἀλλὰ
2910 3408 3004 3461 τοῦ
3031 3408 3292 3460 δεσπότου
3340 3405 3574 3476 μάλιστα
3600 3406 3692 3457 ευ-

2116 3502 2322 3570 καίρως
2363 3500 2774 3570 ὡνομασμένου,
2814 3502 2895 3563 είς
2923 3497 3265 3569 παράστασιν
3298 3494 3391 3549 τοῦ
3437 3493 3692 3564 κήδεσθαι

2114 3590 2275 3644 αὑτὸν
2309 3591 2403 3644 καὶ
2431 3590 2733 3661 φροντίζειν
2762 3590 2869 3643 τῶν
2901 3588 3064 3643 αὑτοῦ
3095 3588 3341 3653 οἰκετῶν,
3366 3581 3439 3641 ὧν
3472 3588 3568 3640 καὶ
3590 3603 3696 3639 κα·

2115 3681 2332 3752 ταφυγὴ
2358 3683 2633 3751 τυγχάνει.
2664 3683 2772 3736 Καὶ
2803 3683 2903 3752 ὅρα
2934 3682 3145 3752 μήποτε
3183 3680 3276 3732 ἐπὶ
3306 3678 3396 3732 τὸν
3432 3677 3564 3731 Θεὸν
3594 3678 3695 3729 Λέα-

2123 3790 2218 3841 γον
2275 3774 2599 3844 ἀναφέρεται
2645 3776 2675 3844 ὴ
2729 3772 2977 3843 παροῦσα
3026 3769 3376 3839 διδασκαλίαο
3418 3769 3538 3821 οὐδὲ
3583 3767 3692 3838 γὰρ

2123 3865 2341 3936 μακρὰν
2380 3866 2573 3936 ἀπᾴδει
2604 3868 2635 3936 ἠ
2676 3864 2911 3918 ἐνταῦθα
2948 3866 3166 3936 φήσασα
3223 3862 3397 3928 λέξις-
3427 3860 3547 3928 Πρὸ
3583 3858 3693 3912 τοῦ

2118 3957 2224 4024 ὅρη
2265 3955 2585 4026 γενηθῆναι
2619 3957 2717 4009 καὶ
2765 3953 3109 4023 πλασθῆναι
3143 3953 3257 4021 τὴν
3293 3951 3404 4021 γῆν
3435 3950 3535 4004 καὶ
3578 3950 3694 4015 τὴν

2116 4048 2476 4116 οἰκουμένην
2513 4047 2593 4101 σὺ
2626 4045 2698 4111 εἷ,
2731 4052 2763 4101 ό
2808 4049 2969 4112 Θεός·
3010 4048 3108 4117 τῆς
3137 4046 3287 4117 παρὰ
3321 4042 3591 4115 Σολομῶνι
3626 4042 3693 4094 ὲκ

434 4132 724 4203 προσώπου
747 4135 845 4203 τῆς
873 4134 1059 4201 σοφίας
1080 4132 1413 4204 φασκούσης,
1431 4132 1552 4202 Πρὸ
1574 4134 1682 4188 τοῦ
1704 4134 1814 4203 ὅρη
1841 4135 2227 4205 ἑδρασθῆναι,
2263 4138 2374 4205 πρὸ
2416 4138 2483 4190 δὲ
2530 4137 2771 4191 πάντων
2810 4137 3056 4202 βουνῶν
3100 4135 3283 4206 γεννᾷ
3328 4151 3437 4205 με’
3500 4135 3567 4187 δι’
3615 4129 3692 4197 ὧν

434 4226 610 4279 ἔοικεν
640 4224 968 4277 αἰνίττεσθαι
998 4225 1096 4287 τὰς
1125 4225 1449 4295 ἀσωμάτους
1478 4228 1572 4280 καὶ
1600 4226 1895 4295 ἀγγελικὰς
1924 4229 2201 4299 δυνάμεις,
2231 4222 2306 4283 ὧν
2335 4230 2709 4301 προϋπάρχειν
2740 4228 2831 4285 τὸν
2865 4229 2958 4282 τοῦ
3010 4227 3145 4281 Θεοῦ
3204 4228 3373 4295 Λόγον
3432 4228 3526 4280 καὶ
3592 4228 3692 4297 τὴν

436 4319 628 4388 σοφίαν
661 4316 753 4370 τοῦ
778 4316 931 4381 Θεοῦ,
969 4315 1107 4387 αῦτη
1134 4318 1168 4387 ή
1205 4318 1365 4386 σοφία
1392 4318 1651 4372 διδάσκει.

504 4433 671 4489 Vens.
702 4433 809 4487 5-7.
855 4431 937 4503 Ne
973 4442 1179 4487 avertas
1225 4434 1487 4488 hominem
1521 4437 1575 4487 in
1606 4434 1959 4488 humilitatem
1988 4450 2006 4487 :

2180 4434 2276 4502 Μὴ
2305 4433 2698 4503 ἀποστρέψας
2723 4432 3037 4502 ἄνθρωπον
3061 4435 3147 4499 εὶς
3173 4433 3554 4485 ταπείνωσιν·
3588 4431 3685 4483 καὶ

430 4536 480 4581 et
523 4526 754 4579 dixisti:
801 4502 1202 4588 Convertimini,
1255 4526 1356 4595 ﬁlii
1411 4527 1704 4582 hominum.
1745 4526 2009 4592 Quoniam

432 4620 576 4673 mille
607 4620 732 4671 anni
757 4620 811 4671 in
834 4617 1000 4671 oculis
1026 4618 1152 4681 tuis,
1188 4627 1440 4686 tanquam
1474 4617 1585 4672 dies
1610 4619 1873 4682 hesterna,
1893 4635 2009 4689 qum

430 4711 708 4779 prwteriit,
727 4719 777 4762 et
806 4708 1044 4761 custodia
1076 4710 1130 4761 in
1157 4719 1327 4763 nocte.
1361 4709 1492 4774 Qum
1511 4726 1607 4779 pro
1630 4710 1791 4764 nihilo
1817 4711 2010 4765 haben-

326 4850 329 4853 .
433 4811 537 4863 tur,
579 4816 762 4853 eorum
792 4801 919 4852 anni
953 4808 1128 4854 erunt.
1170 4799 1334 4853 Mane
1378 4802 1512 4853 sicut
1555 4801 1717 4855 herba
1748 4811 2005 4868 transeat,

432 4905 585 4942 mane
615 4890 802 4957 ﬂoreat
831 4899 880 4942 et
914 4898 1184 4953 transeat;
1214 4906 1419 4959 vespere
1449 4891 1680 4955 decidat,
1714 4892 2007 4957 induret,et

431 4990 659 5034 arescat.
695 4981 833 5044 Quia
860 4980 1145 5049 defecimus
1171 4982 1224 5033 in
1269 4983 1353 5033 ira
1393 4990 1505 5045 tua,
1531 4990 1582 5034 et
1614 4984 1668 5035 in
1702 4982 1880 5050 furore
1917 4994 2006 5038 tuo

435 5072 632 5125 turbati
678 5087 879 5125 sumus.
914 5071 1052 5137 Quia
1104 5072 1203 5127 has
1256 5087 1418 5126 voces
1452 5072 1653 5143 Moysis
1691 5090 1813 5130 esse
1849 5076 2008 5132 docet

433 5164 645 5223 titulus,
684 5162 813 5215 dum
843 5178 936 5217 eas
967 5162 1167 5234 Moysis
1198 5179 1445 5232 personae
1475 5172 1663 5233 aptare
1688 5181 1878 5229 conor,
1901 5184 2009 5223 me-

431 5269 555 5309 cum
591 5262 783 5323 reputo
816 5269 947 5307 num
999 5255 1084 5309 his
1121 5254 1376 5309 latentem
1430 5253 1633 5326 Moysis
1664 5259 2004 5326 prophetiam

433 5361 612 5400 sermo
637 5345 836 5398 tradat.
879 5344 1066 5415 Neque
1093 5346 1238 5398 enim
1271 5346 1514 5413 psalmus
1543 5362 1666 5401 esse
1699 5350 1831 5402 mihi
1861 5350 2005 5405 vide-

433 5445 557 5501 tur;
590 5436 707 5498 sed,
741 5443 799 5489 ut
833 5436 991 5490 docet
1019 5438 1323 5507 inscriptio,
1350 5440 1524 5493 oratio
1552 5439 1773 5510 Moysis.
1806 5440 2002 5506 Quaaro

433 5535 613 5580 autem
643 5543 749 5597 quo
783 5534 1026 5596 tempore
1060 5526 1271 5598 Moyses
1315 5528 1417 5583 hac
1458 5544 1593 5583 usus
1619 5531 1865 5584 oratione
1887 5530 1995 5595 sit;

432 5624 486 5669 et
513 5631 641 5669 num
684 5616 809 5685 ipsi,
834 5617 919 5669 vel
947 5616 1127 5685 potius
1157 5617 1357 5686 populo
1385 5620 1707 5673 conveniat:
1741 5633 1870 5674 num
1905 5635 1996 5689 ge-

504 5769 545 5799 "
586 5767 731 5827 Psal.
767 5786 840 5835 cr,
876 5770 969 5824 (ὶῦ.
1048 5772 1091 5801 δ’
1130 5767 1288 5825 Prov.
1331 5786 1447 5837 vm,
1478 5769 1574 5827 25.

2108 4524 2304 4592 εἶπας,
2323 4525 2773 4594 Ἑπιστρέψατε,
2802 4529 2856 4578 οι
2888 4525 3008 4579 υἱοί
3039 4524 3157 4578 τῶν
3185 4522 3530 4591 ἀνθρώπωικ
3558 4524 3689 4575 Ὅτι

2111 4618 2276 4685 χίλια
2301 4617 2404 4684 ἔτη
2433 4619 2504 4670 ἐν
2528 4617 2856 4686 ὀφθαλμοῖς
2877 4634 3014 4681 σου,
3032 4617 3125 4683 -ὠς
3150 4618 3188 4684 ἡ
3220 4615 3409 4685 ἡμέρα
3428 4618 3467 4685 ἠ
3490 4616 3685 4684 ἐχθὲς,

2110 4708 2241 4775 ἥτις
2270 4706 2498 4775 διῆλθε,
2532 4708 2630 4760 καὶ
2666 4707 2910 4776 φυλακὴ
2942 4709 3011 4761 ἐν
3037 4708 3234 4759 νυκτί.
3269 4704 3347 4759 Τὰ
3360 4704 3688 4769 ἐξουδενὼ-

2104 4815 2263 4867 ματα
2278 4798 2498 4861 αὐτῶν,
2520 4798 2623 4865 ἐτη
2652 4799 2917 4854 ἔσονται.
2943 4798 3013 4853 Τὸ
3033 4798 3275 4865 πρωῒὼς
3298 4797 3336 4863 ἠ
3360 4799 3512 4865 χλόη
3538 4814 3687 4865 παρ-

2105 4890 2289 4952 ἐλθοι,
2350 4890 2414 4943 τὸ
2450 4891 2597 4957 πρωῒ
2626 4889 2884 4957 ἀνθῆσαι
2927 4891 3028 4944 καί
3066 4890 3369 4958 παρέλθοι,
3405 4889 3467 4943 τὸ
3503 4888 3687 4943 ἐσπέ-

2098 4998 2213 5049 ρας
2249 4981 2566 5046 ἀποπέσοι,
2614 4982 3024 5049 σκληρυνθείη
3066 4983 3165 5044 καὶ
3208 4980 3527 5048 ξηρανθείη
3546 4997 3561 5011 ·
3598 4980 3688 5033 ὅτι

2105 5072 2465 5142 ἐξελίπομεν
2485 5074 2556 5131 ἐν
2587 5073 2660 5141 τῇ
2693 5072 2835 5143 ὀργῇ
2869 5089 3006 5137 σου,
3038 5074 3135 5127 καὶ
3165 5074 3234 5126 ἐν
3265 5072 3344 5137 τῷ
3376 5072 3542 5141 θυμῷ
3569 5089 3687 5126 σου

2104 5164 2530 5234 ἐταράχθημεν.
2576 5165 2790 5236 Ἐπειδὴ
2827 5166 3068 5227 Μωσέως
3104 5165 3367 5234 ὑπάρχειν
3402 5165 3500 5227 τὰς
3545 5181 3689 5233 παρα

2104 5257 2270 5319 ούσας
2302 5258 2486 5326 φωνάς
2516 5260 2548 5327 ἠ
2579 5258 2869 5329 προγραφὴ
2900 5257 3160 5318 διδάσκει,
3221 5255 3562 5327 πειρώμενος
3588 5258 3686 5308 αὺ-

2102 5348 2203 5412 τάς
2252 5349 2559 5419 ἐφαρμόσαι
2604 5348 2682 5419 τῷ
2725 5349 2967 5410 Μωσέως
3036 5348 3330 5419 προσώπῳ,
3383 5347 3684 5417 ὲφίστημι,

2113 5441 2321 5510 μήποτε
2351 5439 2713 5493 λανθάνουσαν
2746 5440 2835 5493 διὰ
2875 5440 3080 5493 τούτων
3106 5440 3135 5491 6
3165 5439 3318 5508 λόγος
3349 5439 3685 5510 παραδίδωσι

2107 5532 2442 5602 προφητείαν
2495 5533 2756 5595 Μωσέως.
2823 5533 2956 5585 Οὐδὲ
3001 5533 3107 5606 γὰρ
3147 5533 3358 5602 ψαλμὸς
3406 5528 3545 5585 εἶναί
3594 5549 3685 5602 μοι

2101 5622 2265 5687 δοκεῖ,
2306 5623 2420 5678 ἀλλ’
2450 5624 2525 5687 ὼς
2563 5627 2595 5696 η
2634 5626 2925 5697 προγραφὴ
2965 5625 3222 5693 διδάσκει,
3270 5623 3546 5696 προσευχὴ
3588 5622 3684 5678 τοῦ
