4068 6394
314 401 453 465 1129

1476 380 1981 456 COMMENTARIA
2017 393 2086 455 IN
2124 397 2464 458 PSALMOS.

3418 402 3556 463 “30

305 505 534 582 Μωῦσῇ.
564 488 720 583 Ζητῶ
834 486 973 566 κατὰ
1021 488 1170 566 ποῖον
1200 512 1308 584 ἄρα
1353 514 1543 585 καιρὸν
1583 515 1755 587 ταύτῃ
1795 514 1884 567 κέ-

1990 515 2257 569 nerationi
2289 530 2402 571 sua:
2430 522 2484 569 et
2517 516 2718 586 populo
2740 530 2926 573 secum
2965 517 3226 581 versanti,
3255 526 3349 573 aut
3377 509 3563 577 subse-

306 622 503 677 χρηται
523 607 589 675 τῇ
621 607 893 676 προσευχῇ
917 606 1179 677 Μωῦσῆς,
1204 606 1298 660 καὶ
1327 607 1485 679 εἴπερ
1509 609 1675 679 αὐτῷ,
1699 611 1730 681 ῆ
1759 613 1886 682 μᾶλ-

304 696 396 750 λον
420 693 494 765 τῷ
526 693 641 775 λαῷ
663 692 993 764 κατάλληλος
1014 695 1288 763 τυγχάνει,
1308 695 1535 767 πότερον
1550 698 1616 766 τῇ
1639 699 1799 769 γενεᾷ
1816 701 1882 771 τῇ

304 790 425 844 κατ’
452 786 636 851 αὐτὸν,
663 787 759 841 καὶ
778 785 856 858 τῷ
880 787 1092 839 συνόντι
1120 788 1268 858 αὑτῷ
1294 787 1480 859 λαῷ,ἢ
1505 791 1570 859 τῇ
1606 791 1720 860 μετ’
1743 790 1885 845 ὲκεί-

303 899 427 944 νους
451 879 667 949 διαδοχῇ
692 878 1061 951 ἐφαρμοστέον
1088 879 1274 951 αὑτήν.
1300 880 1421 932 Ὅτι
1448 878 1545 950 μὲν
1571 876 1664 934 οῦν
1683 879 1782 934 οὐκ
1805 883 1885 946 είς

302 971 466 1029 αὑτὸν
518 973 787 1043 προσήκει
846 971 917 1024 τὰ
969 970 1302 1043 προκείμενα
1358 972 1677 1044 ἀναφέρειν,
1734 969 1885 1044 οἶμαι

303 1062 461 1118 πάνθ’
492 1063 730 1117 ὁντινοῦν
746 1064 1118 1135 ὁμολογήσειν.
1137 1063 1262 1126 Πῶς
1275 1063 1382 1134 γὰρ
1405 1063 1624 1118 δύναται
1645 1066 1887 1136 Μωῦσῆς

301 1157 331 1209 6
363 1154 649 1227 ἄνθρωπος
678 1155 772 1208 τοῦ
787 1155 943 1221 Θεοῦ,
964 1155 1092 1226 περὶ
1125 1154 1291 1208 αὐτοῦ
1318 1154 1518 1223 λέγειν,
1547 1156 1667 1209 Ὅτι
1696 1156 1886 1220 ἐξελί-

304 1264 496 1317 πομεν
549 1248 619 1301 ἐν
658 1245 733 1316 τῇ
771 1246 918 1316 ὀργῇ
967 1264 1117 1302 σου·
1170 1246 1205 1318 ἣ
1245 1248 1384 1305 κατὰ
1424 1246 1516 1301 τὸν
1569 1246 1883 1319 Σύμμαχον,

305 1340 435 1393 Ὅτι
463 1338 855 1407 ἁνηλώθημεν
877 1339 948 1391 ἐν
967 1336 1042 1406 τῇ
1064 1336 1212 1408 ὀργῇ
1233 1355 1369 1403 σου,
1394 1338 1494 1391 καὶ
1523 1337 1593 1392 ἐν
1622 1338 1701 1404 τῷ
1724 1338 1887 1408 θυμῷ

303 1446 419 1485 σου
452 1428 877 1501 ἐταράχθημεν.
914 1432 1095 1484 Ἔθου
1122 1430 1228 1496 τὰς
1248 1431 1499 1500 ἀνομίας
1521 1430 1688 1501 ἡμῶν
1716 1432 1887 1483 ἐναν-

302 1523 434 1576 τίον
474 1537 619 1575 σου’
652 1522 745 1575 καὶ
783 1514 978 1573 πάλιν’
1014 1521 1083 1573 Αἱ
1135 1520 1351 1589 ἡμέραι
1392 1519 1561 1589 ἡμῶν
1603 1519 1887 1584 ἐξέλιπον

302 1615 373 1667 ἐν
406 1612 480 1681 τῇ
514 1610 660 1683 ὀργῇ
690 1629 806 1667 σου
827 1631 839 1643 ·
872 1613 966 1665 καὶ
996 1613 1186 1687 πάλιν·
1224 1615 1319 1679 Τίς
1344 1614 1618 1682 γινώσκει
1652 1616 1717 1669 τὸ
1743 1614 1885 1683 κρά-

304 1720 407 1770 τος
434 1703 546 1773 τῆς
591 1699 771 1773 ὀργῆς
802 1719 938 1768 σου,
970 1705 1066 1759 καὶ
1098 1703 1218 1760 ἀπὸ
1264 1705 1371 1759 τοῦ
1410 1707 1600 1774 φόϐου
1634 1720 1749 1760 σου
1782 1706 1887 1760 τὸν

304 1795 496 1866 θυμόν
552 1808 709 1859 σου;
758 1795 896 1848 Ἀλλ’
942 1796 1023 1848 ὅτι
1060 1796 1159 1866 μὲν
1197 1794 1373 1850 ταῦτα
1424 1796 1524 1849 οὐκ
1572 1796 1638 1850 ἂν
1681 1800 1760 1861 εἰς
1795 1797 1886 1851 τὸν

303 1887 542 1945 Μωῦσέα
588 1889 931 1961 ἀναφέροιτο,
971 1889 1032 1942 οὐ
1071 1890 1229 1960 μόνον
1266 1889 1376 1943 ἀπὸ
1406 1888 1500 1942 τοῦ
1534 1890 1712 1944 πάντα
1756 1890 1885 1960 περὶ

301 1980 472 2051 ὀργῆς
498 1980 632 2034 Θεοῦ
662 1981 934 2053 εἰρῆσθαι,
965 1982 1100 2036 ἀλλὰ
1131 1982 1227 2037 καὶ
1258 1983 1365 2037 ἀπὸ
1391 1983 1485 2036 τοῦ
1510 1983 1885 2054 πληθυντικῶς

303 2072 694 2144 προενηνέχθαι
719 2073 786 2127 τὰ
803 2073 1091 2146 εἰρημένα,
1108 2072 1263 2146 δῆλόν
1280 2076 1445 2128 ἐστιν.
1465 2075 1624 2138 Εἰκὸς
1649 2070 1739 2129 οὖν
1765 2092 1886 2127 τινα

302 2166 396 2218 ἐπὶ
419 2165 512 2219 τὸν
547 2168 773 2220 συνόντα
817 2166 967 2237 αὐτῷ
998 2166 1139 2221 κατὰ
1170 2166 1267 2238 τὴν
1311 2166 1515 2238 ἔρημον
1547 2165 1674 2220 λαὸν
1715 2167 1887 2221 ταῦτα

302 2259 619 2329 ἀναφέρειν.
661 2259 799 2313 Ἀλλ’
837 2261 958 2315 οὐδὲ
990 2260 1146 2315 τοῦτο
1185 2265 1461 2333 συγχωρεῖ
1484 2263 1623 2315 νοεῖν
1654 2263 1682 2314 6
1708 2261 1883 2329 λόγος.

307 2348 373 2401 Τί
405 2351 511 2422 γὰρ
541 2349 633 2405 καί
662 2352 828 2424 φησι·
859 2353 929 2408 Τὸ
957 2355 1108 2423 πρωῒ
1132 2356 1212 2422 ὡς
1233 2356 1271 2423 τ’,
1304 2356 1454 2424 χλόη
1480 2353 1785 2423 παρέλθοι,
1818 2352 1885 2406 τὸ

304 2441 456 2509 πρωῒ
494 2440 755 2507 ἀνθῆσαι
786 2442 885 2495 καὶ
920 2443 1233 2511 παρέλθοι·
1267 2444 1334 2499 τὸ
1361 2443 1623 2513 ἑσπέρας
1657 2443 1887 2498 ἀποπέ-

304 2547 425 2592 σοι,
458 2531 866 2599 σκληρυνθείη
892 2530 988 2583 καὶ
1016 2531 1363 2599 ξηρανθείη·
1406 2533 1493 2586 ὅτι
1530 2533 1889 2602 ἐξελίπομεν

302 2622 372 2674 ἐν
394 2620 470 2689 τῇ
490 2619 636 2691 ὀργῆ
665 2637 815 2685 σου;
849 2621 1056 2675 Οὐκοῦν
1082 2623 1141 2674 οὐ
1176 2622 1254 2693 τῷ
1280 2625 1425 2694 πρωΐ
1459 2642 1622 2695 φησιν
1652 2625 1881 2681 ἐκλελοι-

305 2708 485 2776 πέναι,
528 2712 665 2767 ἀλλὰ
692 2716 759 2767 Τὸ
792 2713 889 2784 μὲν
920 2714 1069 2782 πρωῒ
1093 2715 1174 2780 ὡς
1202 2714 1240 2782 ἠ
1267 2715 1420 2783 χλόη
1449 2716 1733 2784 παρέλθοι
1754 2735 1765 2747 ·
1792 2717 1885 2773 καὶ

305 2803 488 2870 πάλιν,
510 2803 592 2865 οὐ,
622 2804 785 2858 Κατὰ
824 2803 892 2858 τὸ
920 2804 1070 2872 πρωῒ
1093 2804 1409 2871 ἀποπέσοι,
1427 2806 1563 2870 οὐδὲ,
1610 2808 1771 2862 Κατὰ
1820 2809 1884 2861 τὸ

302 2890 455 2965 πρωῒ
482 2897 890 2966 σκληρυνθείη
915 2899 1016 2951 καὶ
1048 2898 1388 2967 ξηρανθείη,
1421 2900 1535 2952 ἀλλ’
1578 2901 1882 2967 Ἀνθήσαι,

304 2987 468 3056 φησὶν
500 2987 529 3039 6
571 2986 746 3055 λόγος,
786 2987 934 3043 κατὰ
961 2988 1028 3040 τὸ
1063 2988 1213 3057 πρωῒ
1237 2988 1333 3041 καὶ
1369 2989 1653 3057 παρέλθοι
1674 3006 1689 3022 ·
1737 2990 1797 3042 τὸ
1830 2990 1887 3043 δὲ

303 3072 599 3130 ἀποπεσεῖν
640 3078 735 3131 καὶ
783 3078 1181 3151 σκληρυνθῆναι
1209 3081 1304 3133 καὶ
1339 3079 1667 3151 ξηρανθῆναι
1721 3080 1887 3134 ἐσπέ-

1920 1863 1959 1916 Β

1989 606 2173 676 quenti
2206 607 2544 664 successioni
2575 609 2880 677 coaptanda
2906 610 2998 669 sit.
3037 609 3193 676 Quod
3229 618 3409 666 autem
3445 611 3562 666 haec

1986 698 2091 769 ipsi
2120 698 2326 755 referre
2354 715 2464 754 non
2494 700 2809 763 conveniat,
2842 702 2985 771 apud
3016 716 3207 757 omnes
3240 701 3476 756 arbitror
3504 703 3560 756 in

1986 787 2237 845 confesso
2271 788 2513 844 futurum
2543 806 2684 846 esse.
2706 790 2808 857 Qui
2839 791 2983 845 enim
3015 792 3186 860 possit
3212 789 3444 861 Moyses,
3475 792 3564 847 bo-

1986 896 2077 935 mo
2114 880 2228 946 Dei,
2261 882 2329 937 de
2384 898 2444 938 se
2477 883 2661 939 dicere
2695 902 2706 936 :
2744 882 2885 949 Quia
2911 882 3194 952 defecimus
3216 883 3269 935 in
3300 885 3384 937 ira
3431 894 3562 948 tua;

1986 974 2070 1027 vel
2100 974 2400 1029 secundum
2433 974 2819 1046 Symmachum
2843 993 2856 1030 :
2880 974 3020 1041 Quia
3048 978 3345 1044 consumpti
3378 992 3562 1031 sumus

1988 1067 2042 1119 in
2081 1067 2166 1120 ira
2210 1077 2321 1130 tua,
2350 1077 2399 1121 et
2441 1069 2495 1120 in
2524 1068 2706 1137 furore
2736 1079 2824 1122 tuo
2854 1068 3057 1122 turbati
3089 1084 3290 1122 sumus.
3324 1067 3565 1122 Posuisti

1988 1156 2289 1226 iniquitates
2336 1168 2546 1212 nostras
2591 1161 2649 1213 in
2697 1169 2975 1228 conspectu
3023 1169 3148 1223 tuo;
3188 1173 3252 1213 ac
3296 1175 3560 1215 rursum:

1986 1247 2113 1303 Dies
2164 1253 2330 1303 nostri
2374 1251 2675 1320 defecerunt
2702 1253 2757 1304 in
2790 1253 2874 1305 ira
2904 1261 3031 1315 tua;
3058 1253 3363 1320 iterumque
3390 1270 3401 1305 :
3431 1251 3562 1316 Quis

1988 1343 2129 1395 novit
2164 1343 2267 1394 vim
2295 1344 2391 1396 ira:
2416 1353 2539 1407 tuae,
2573 1353 2623 1397 et
2660 1360 2694 1397 α
2725 1336 2912 1397 timore
2944 1352 3031 1395 tuo
3059 1343 3196 1395 iram
3233 1342 3420 1394 tuam?
3453 1340 3561 1394 νεα

1987 1451 2108 1490 rum
2137 1435 2282 1505 quod
2318 1436 2431 1491 haec
2465 1438 2531 1489 ad
2562 1436 2803 1507 Moysem
2832 1450 2939 1490 non
2973 1434 3300 1497 referantur,
3335 1449 3444 1489 non
3479 1449 3564 1489 so—

1989 1527 2098 1580 lum
2128 1527 2257 1596 quia
2283 1527 2466 1579 omnia
2494 1528 2629 1580 iram
2658 1526 2752 1581 Dei
2776 1526 3110 1597 exprimunt,
3133 1525 3229 1579 sed
3250 1525 3412 1579 etiam
3433 1522 3563 1592 quia

1987 1619 2102 1673 huic
2153 1619 2436 1688 pluraliter
2485 1618 2857 1688 proferuntur,
2886 1617 3237 1672 manifestum
3284 1622 3389 1671 est.
3424 1613 3565 1670 Hinc

1988 1712 2153 1782 igitur
2176 1712 2469 1766 verisimile
2488 1720 2589 1773 est,
2616 1712 2728 1766 hth
2751 1710 3059 1781 quempiam
3090 1708 3292 1780 populo
3320 1708 3413 1779 qui
3438 1723 3562 1762 cum

1987 1803 2106 1873 ipso
2140 1803 2193 1856 in
2221 1803 2440 1858 deserto
2469 1811 2608 1866 erat,
2642 1804 3007 1872 ascripturum
3031 1817 3173 1857 esse.
3204 1799 3273 1854 At
3303 1800 3357 1854 id
3383 1815 3452 1854 ne
3478 1800 3564 1855 vel

1986 1893 2226 1963 cogitare
2266 1892 2516 1946 concedit
2563 1892 2751 1947 series.
2782 1892 2894 1945 Cur
2940 1893 3085 1947 enim
3124 1890 3374 1945 diceret:
3406 1888 3567 1944 Mane

1987 1985 2121 2037 sicut
2164 1983 2325 2037 herba
2365 1992 2622 2048 transeat,
2688 2000 2841 2038 mane
2872 1984 3063 2054 floreat
3090 1992 3139 2038 st
3164 1990 3438 2045 transeat;
3476 1999 3566 2037 ve-

1997 2092 2145 2144 spere
2170 2074 2402 2139 decidat,
2435 2075 2643 2131 induret
2674 2086 2724 2131 et
2768 2084 3006 2139 arescat;
3033 2077 3157 2145 quia
3188 2074 3472 2143 defecimus
3508 2075 3566 2128 iu

1988 2170 2069 2222 ira
2099 2169 2229 2222 tua?
2260 2168 2444 2238 Itaque
2479 2184 2585 2223 nou
2616 2168 2748 2223 dicit
2781 2183 2941 2223 mane
2968 2166 3266 2230 defecisse,
3297 2164 3423 2221 sed:
3444 2163 3567 2219 Ha-

1989 2272 2050 2312 ne
2090 2260 2224 2312 sicut
2271 2257 2432 2311 herba
2463 2266 2735 2320 transeat;
2777 2271 2954 2326 neque
3005 2271 3223 2311 rursum
3257 2255 3334 2308 ait
3364 2273 3378 2310 :
3412 2253 3567 2315 Mane

1988 2349 2217 2413 decidat,
2245 2366 2458 2420 neque:
2492 2348 2650 2403 Mane
2685 2348 2893 2403 induret
2926 2357 2975 2402 et
3007 2355 3246 2410 arescat;
3287 2347 3381 2404 sed
3423 2346 3565 2403 dici—

1991 2449 2080 2494 tur
2114 2460 2126 2494 :
2161 2439 2320 2495 Mane
2352 2441 2538 2508 ﬂoreat
2587 2449 2635 2494 et
2684 2448 2959 2503 transeat;
2992 2447 3053 2497 ut
3097 2449 3278 2495 autem
3324 2438 3560 2506 decidat,

1990 2532 2206 2586 induret
2237 2543 2287 2586 et
2319 2540 2553 2595 arescat,
2576 2547 2800 2601 vespere
2820 2530 3063 2585 futurum
3090 2545 3212 2585 esse
3228 2529 3304 2584 ait
3327 2529 3414 2585 his
3440 2544 3563 2584 ver-

1990 2625 2076 2680 bis
2107 2644 2118 2676 :
2164 2620 2381 2691 Vespere
2409 2623 2639 2688 decidat,
2658 2621 2867 2677 induret
2912 2631 2962 2676 et
2989 2630 3236 2685 arescat;
3266 2620 3401 2675 illud
3428 2633 3566 2689 quoa

1990 2733 2097 2789 que
2132 2737 2144 2772 :
2175 2718 2314 2784 Quia
2366 2717 2652 2785 defecimus
2698 2717 2756 2770 in
2799 2715 2883 2769 ira
2924 2723 3037 2779 tua,
3065 2729 3292 2785 vespere
3318 2712 3562 2769 futurum

1988 2825 2111 2865 esse
2145 2809 2350 2863 dictum
2382 2816 2465 2865 est
2506 2828 2519 2863 :
2550 2822 2678 2862 nam
2728 2806 2855 2870 hoc,
2888 2805 3161 2876 inquiunt,
3195 2812 3441 2875 tempore
3468 2806 3564 2859 de-

1990 2901 2236 2955 fecimus.
2270 2900 2539 2966 Quoniam
2568 2914 2692 2954 cum
2727 2912 2888 2952 mane
2933 2896 3118 2962 ﬂores,
3151 2896 3318 2951 herba
3349 2903 3403 2952 et
3429 2905 3565 2950 tem-

1989 3007 2227 3063 poranea
2259 2991 2504 3062 quaedam
2542 2990 2752 3061 species
2775 2989 3097 3053 exstitisset,
3128 3001 3355 3057 vespere
3382 2998 3565 3041 emar-

1989 3084 2103 3137 cuit
2132 3084 2323 3149 herba,
2356 3090 2408 3137 et
2457 3082 2620 3138 ﬂores
2665 3081 2927 3137 exsiccati
2975 3080 3314 3136 defecerunt.
3349 3077 3415 3132 Et
3450 3078 3567 3132 haec

309 3184 408 3238 ρας
438 3166 661 3221 ἔσεσθαί
704 3185 859 3241 φησι,
895 3168 1069 3237 λέγων
1090 3168 1170 3233 τὸ,
1221 3169 1518 3237 Ἐσπέρας
1559 3170 1879 3235 ἀποπέσοι,

1988 3176 2206 3245 quidem
2239 3176 2416 3229 oratio
2444 3174 2623 3245 quoad
2669 3174 2905 3228 litteram
2936 3172 3011 3226 ita
3047 3188 3105 3227 se
3136 3172 3334 3237 habet;
3367 3183 3564 3225 sensus

304 3260 711 3327 σκληρυνθείη
745 3261 841 3314 καὶ
880 3260 1233 3328 ξηρανθεὶη’
1276 3261 1371 3314 καὶ
1417 3263 1497 3315 τό·
1538 3264 1667 3315 Ὅτι
1694 3262 1885 3327 ἐξελί-

305 3364 495 3420 πομεν
516 3351 584 3405 ἐν
607 3349 682 3421 τῇ
710 3350 856 3421 ὀργῇ
883 3369 1021 3419 σου,
1052 3354 1193 3407 κατὰ
1216 3353 1277 3406 τὸ
1307 3353 1545 3426 ἑσπέρας
1570 3353 1785 3407 ἔσεσθαι
1809 3354 1887 3407 εἴ-

307 3460 468 3515 ρηται
489 3461 502 3476 ο
534 3445 592 3497 ἐν
618 3440 791 3515 τούτῳ
814 3445 941 3518 γὰρ,
977 3445 1161 3517 φησὶν,
1206 3445 1523 3515 ὲξελίπομεν
1544 3459 1556 3473 ⁸
1593 3446 1886 3518 ἐπειδήπερ

306 3535 367 3587 τὸ
395 3534 540 3606 πρωῒ
570 3535 737 3607 ἄνθης
766 3536 1083 3608 γενομένης,
1115 3537 1209 3591 καὶ
1242 3537 1401 3609 χλόης
1426 3538 1517 3591 καὶ
1552 3540 1884 3612 προσκαίρου

305 3622 450 3691 τινὸς
492 3626 796 3698 ὠραϊσμοῦ,
834 3629 973 3681 κατὰ
1004 3628 1102 3700 τὴν
1140 3626 1378 3702 ἑσπέραν
1423 3630 1817 3702 σκληρυνθεῖσα
1851 3636 1884 3705 ή

306 3716 435 3788 χλόη
472 3718 565 3770 καὶ
596 3717 1091 3791 ἁποξηρανθεῖσαὴ
1128 3720 1260 3791 ἄνθη
1296 3721 1532 3786 ἐξέλιπε.
1557 3723 1666 3775 Καὶ
1696 3723 1765 3776 τὰ
1790 3724 1886 3793 μὲν

304 3809 404 3880 τῆς
430 3809 629 3875 λέξεως
653 3811 751 3882 τῆς
782 3811 1063 3883 παρούσης
1092 3813 1400 3883 προσευχῆς
1427 3813 1613 3866 τοῦτον
1653 3813 1765 3884 ἔχει
1794 3812 1887 3867 τὸν

306 3902 536 3971 τρόπον’
571 3902 638 3955 τὰ
674 3903 732 3956 δὲ
762 3901 862 3974 τῆς
901 3904 1137 3967 διανοίας
1162 3905 1261 3957 οὐκ
1303 3900 1586 3976 ἐπιτρέπει
1635 3906 1727 3958 ἐπὶ
1758 3908 1885 3971 τοὺς

306 3982 584 4058 Μωῦσέως
604 3990 829 4066 χρόνους
849 3996 940 4048 καὶ
962 3995 1058 4066 τὴν
1082 3998 1203 4048 κατ’
1222 3997 1382 4050 αὑτὸν
1407 3998 1597 4065 γενεὰν
1631 3998 1885 4067 συνάγειν

304 4086 374 4139 τὰ
392 4085 676 4157 εἰρημένα.
704 4087 776 4139 Οὐ
810 4087 919 4159 γὰρ
945 4086 1152 4159 ἑσπέρα
1184 4084 1252 4160 ἦν
1277 4090 1416 4154 τότε,
1448 4090 1571 4143 οὐδὲ
1590 4090 1658 4143 τὰ
1681 4088 1886 4145 ὕστατα

306 4176 398 4229 τοῦ
433 4180 497 4230 ἐκ
537 4178 837 4250 περιτομῆς
880 4179 1011 4233 λαοῦ
1035 4197 1048 4209 ·
1082 4181 1249 4252 ἀρχαὶ
1273 4180 1329 4233 δὲ
1365 4177 1505 4252 ἦσαν
1546 4183 1745 4247 αὐτῶν,
1793 4184 1886 4238 καὶ

305 4269 427 4323 τότε
464 4271 680 4342 πρῶτον
709 4272 891 4335 αὐτοῖς
919 4273 1268 4326 ἀνατετάλκει
1298 4275 1360 4326 τὸ
1392 4275 1455 4327 ὲκ
1485 4274 1618 4328 Θεοῦ
1660 4276 1881 4345 φέγγος.

307 4362 397 4416 Διὸ
415 4364 509 4416 καὶ
527 4363 588 4416 τὸ
610 4362 756 4436 πρωῒ
803 4364 1093 4435 ὠνομάσθη
1114 4367 1145 4435 ἡ
1165 4364 1354 4417 τούτου
1385 4382 1443 4417 τε
1482 4366 1673 4439 καιροῦ
1710 4368 1878 4420 κατά-

307 4470 515 4519 στασις,
531 4456 625 4509 καὶ
649 4458 681 4526 ἠ
708 4454 802 4508 τοῦ
821 4455 957 4510 Θεοῦ
982 4458 1060 4521 είς
1084 4457 1280 4519 αὐτοὺς
1308 4459 1598 4529 ὲπισκοπή.
1646 4458 1885 4530 Ἑσπέρα

304 4545 362 4599 δὲ
390 4547 511 4600 τότε
555 4548 736 4609 αὐτοῖς
764 4546 1009 4615 γέγονεν,
1039 4548 1072 4619 ἡ
1104 4549 1195 4601 ἐπὶ
1219 4549 1498 4620 συντελείᾳ
1531 4549 1621 4602 τοῦ
1665 4549 1878 4614 αἰῶνος,
1919 4582 1959 4634 D

306 4638 426 4691 καθ’
467 4640 533 4709 ἣν
566 4637 652 4690 ἔδυ
681 4639 865 4702 αὐτοῖς
920 4641 948 4692 6
992 4636 1113 4692 τότε
1140 4640 1424 4705 ἀνατείλας
1469 4640 1659 4709 Λόγος.
1721 4641 1884 4693 Ἀλλὰ

304 4731 426 4784 τότε
458 4716 555 4801 μὲν
606 4730 936 4784 ἀνατέταλκε
977 4730 1068 4783 καὶ
1113 4731 1326 4802 πρωῖαν
1360 4730 1543 4794 αὐτοῖς
1580 4731 1881 4803 εἰργάζετο,

304 4818 393 4873 ὅτε
433 4821 525 4874 καὶ
560 4820 708 4891 ἧνθει
737 4821 806 4874 τὰ
852 4822 971 4875 κατ’
1002 4822 1195 4885 αὐτοὺς
1227 4822 1545 4893 πράγματα.
1584 4825 1658 4876 Οὐ
1717 4825 1884 4897 παρέ-

310 4928 459 4983 μεινε
488 4912 543 4964 δὲ
573 4913 631 4964 ὲν
661 4915 726 4983 τῇ
750 4912 979 4983 ἀληθείᾳ
999 4930 1013 4944 ο
1040 4912 1175 4965 ἀλλὰ
1203 4914 1312 4986 γὰρ
1338 4914 1648 4985 ἀνθήσαντα
1673 4916 1887 4988 παρῆλ-

306 5004 387 5067 θε,
417 5003 511 5056 καὶ
555 5005 713 5067 σκιᾶς
753 5003 908 5075 δίκην
963 5005 1312 5076 παρέδραμεο
1354 5004 1434 5058 διὸ
1482 5005 1767 5059 λέλεκταιο
1815 5006 1886 5060 T6

304 5095 455 5161 πρωῒ
489 5094 569 5160 ὡς
595 5097 633 5164 ἡ
663 5096 814 5164 χλόη
848 5097 1153 5163 παρέλθοι.
1190 5096 1344 5150 Μετὰ
1376 5097 1432 5150 δὲ
1471 5098 1569 5169 τὴν
1605 5098 1883 5161 Μωΰσέως

305 5187 561 5259 τελευτὴν
601 5188 761 5241 πάλιν
792 5190 850 5242 ὲν
870 5192 985 5253 τοῖς
1016 5189 1153 5260 μετὰ
1184 5190 1358 5243 ταῦτα
1379 5190 1590 5262 χρόνοις
1611 5191 1885 5253 ἐπιδόντες

305 5279 385 5341 είς
408 5278 631 5349 αὔξησιν
663 5281 757 5332 καὶ
792 5279 1206 5351 μείζοναίφυὴν,
1265 5280 1383 5333 οὐδὲ
1418 5280 1558 5333 οὕτω
1585 5281 1882 5351 διέμειναν,

1985 3284 2116 3322 vero
2151 3267 2217 3322 ad
2247 3264 2449 3339 Moysis
2480 3276 2724 3342 tempora
2745 3273 2799 3320 et
2822 3265 2888 3319 ad
2915 3265 2998 3320 sui
3030 3265 3127 3319 aevi
3150 3264 3562 3335 generationem

1988 3359 2226 3415 conferri
2261 3358 2677 3430 nequit.Neque
2700 3357 2843 3413 enim
2877 3365 3007 3410 tunc
3039 3370 3264 3425 vespera
3295 3362 3434 3416 erat,
3475 3367 3567 3408 ne-

1987 3468 2094 3524 que
2116 3459 2357 3507 extrema
2381 3452 2566 3521 populi
2596 3466 2663 3505 ex
2692 3448 3109 3505 circumcisione
3136 3456 3376 3515 tempora
3402 3458 3567 3500 vene-

1986 3553 2140 3610 rant;
2174 3543 2269 3598 scd
2303 3550 2432 3596 tunc
2460 3541 2685 3596 exordia
2730 3540 2850 3609 ejus
2881 3544 3056 3603 erant,
3093 3547 3146 3592 et
3171 3544 3303 3590 tunc
3328 3537 3565 3607 primum

1986 3653 2051 3691 ex
2102 3635 2213 3691 Deo
2262 3635 2355 3687 lux
2409 3640 2527 3687 orta
2556 3640 2692 3687 erat.
2728 3616 3089 3697 Quamobrem
3126 3626 3387 3697 temporis
3416 3626 3567 3682 illiul

1988 3727 2249 3788 conditio,
2280 3734 2329 3779 ct
2381 3724 2473 3779 Dei
2528 3723 2795 3794 inspectio
2847 3735 3129 3784 concessa,
3165 3733 3326 3773 mane
3372 3722 3567 3772 vocat:

1987 3829 2089 3877 est.
2123 3818 2281 3873 Tunc
2311 3826 2490 3873 autem
2525 3829 2750 3886 vespera
2777 3812 2879 3867 fuit
2906 3813 3033 3875 illis,
3059 3826 3183 3866 cum
3214 3811 3270 3863 in
3304 3822 3565 3864 consum-

1988 3914 2228 3969 matione
2263 3912 2446 3967 smculi
2473 3909 2735 3971 Verbum,
2765 3906 2911 3977 quod
2942 3905 3071 3959 hinc
3105 3911 3285 3958 ortum
3314 3913 3450 3967 erat,
3475 3906 3567 3956 ooi

1989 4007 2117 4062 cidit
2150 4007 2278 4061 illis.
2313 4004 2514 4059 Verum
2542 4011 2675 4055 tunc
2701 3998 2921 4071 quidem
2953 4006 3133 4054 ortum
3160 4002 3266 4062 est,
3296 4003 3351 4052 et
3378 4003 3565 4049 matuc

1988 4099 2165 4153 tinum
2194 4098 2329 4167 ipsis
2353 4094 2550 4159 eﬂ‘ecit,
2585 4108 2707 4147 cum
2752 4107 2841 4146 res
2887 4094 3131 4160 ipsorum
3156 4087 3433 4144 ﬂorerent.
3464 4085 3567 4143 N9

1990 4204 2096 4260 que
2143 4204 2273 4243 sane
2308 4188 2363 4240 in
2394 4185 2622 4240 veritate
2671 4190 3121 4253 permanserunt;
3170 4178 3268 4235 sed
3304 4192 3428 4234 cum
3465 4178 3566 4233 ilo-

1993 4278 2252 4343 ruissent,
2283 4274 2640 4335 transierunt,
2668 4278 2721 4326 et
2746 4272 2953 4324 umbra:
2984 4270 3160 4323 instar
3197 4267 3561 4340 aufugerunt:

1991 4368 2343 4438 quamobrem
2375 4365 2581 4419 dictum
2612 4370 2694 4417 est
2728 4382 2739 4416 :
2770 4360 2930 4416 Mane
2951 4361 3084 4415 sicut
3108 4359 3269 4413 herba
3296 4367 3555 4414 transeat.

1989 4459 2121 4515 Post
2164 4456 2367 4528 Moysis
2414 4464 2595 4509 autem
2641 4454 2871 4522 obitum,
2902 4452 2959 4508 in
3008 4452 3365 4524 sequentibus
3396 4452 3561 4507 etiam

1990 4551 2348 4621 temporibus,
2380 4549 2433 4601 in
2466 4548 2744 4601 meliorem
2776 4554 2978 4601 statum
3013 4546 3158 4600 aucti
3200 4552 3255 4600 et
3297 4542 3562 4615 provecti,

1990 4660 2098 4697 non
2156 4644 2229 4696 ita
2287 4646 2689 4705 remanserunt,
2742 4637 2837 4692 sed
2894 4639 3227 4692 transierunt
3259 4653 3273 4689 :
3305 4636 3565 4705 quocirca

1988 4736 2151 4789 etiam
2180 4732 2423 4789 secundo
2449 4732 2657 4786 dictum
2680 4737 2800 4784 est:
2827 4727 2987 4783 Mane
3012 4727 3199 4798 ﬂoreat
3228 4737 3277 4781 et
3306 4732 3563 4781 transeat.

1986 4826 2270 4881 Postrema
2317 4838 2445 4877 vero
2493 4836 2679 4878 eorum
2715 4820 2819 4876 sub
2855 4821 2969 4875 haec
3014 4821 3089 4874 ita
3133 4817 3510 4890 signiﬁcantur
3542 4830 3563 4873 ξ

2002 4916 2218 4985 Vespere
2245 4914 2477 4977 decidat,
2503 4912 2711 4967 induret
2751 4920 2801 4965 et
2857 4919 3105 4964 arescat:
3144 4923 3269 4962 nam
3300 4905 3446 4978 quod
3472 4920 3566 4962 se-

1990 5009 2166 5063 nescit
2193 5014 2247 5061 et
2273 5007 2629 5067 inveteratur,
2668 5017 2916 5073 proxime
2959 5002 3238 5056 interitum
3271 5008 3373 5055 est.
3405 4992 3565 5064 Quod

1985 5115 2115 5155 sane
2140 5099 2246 5152 illis
2270 5097 2499 5167 contigit
2528 5096 2815 5151 occidente
2834 5094 3061 5164 justitiae
3083 5093 3227 5158 Sole,
3263 5091 3565 5148 secundum

1986 5190 2325 5261 prophetiam
2350 5203 2471 5259 quae
2502 5188 2576 5241 ait
2612 5205 2625 5242 :
2668 5185 2734 5242 Et
2763 5186 2957 5241 occidet
2982 5185 3061 5239 sat
3087 5200 3241 5253 super
3260 5182 3563 5253 prophetas,

1982 5283 2071 5353 qui
2097 5295 2275 5334 errare
2304 5280 2506 5348 faciunt
2534 5286 2786 5346 populum
2813 5294 2982 5330 meum
3004 5276 3069 5331 ⁵³.
3097 5273 3563 5341 Quemadmodum

307 5371 441 5425 ἀλλὰ
469 5372 743 5442 παρῆλθον
761 5389 775 5403 ·
811 5373 892 5429 διὸ
924 5372 1016 5425 καὶ
1043 5370 1293 5442 δεύτερον
1322 5371 1570 5425 λέλεκται
1592 5389 1605 5403 ’
1638 5373 1709 5426 Τὸ
1736 5371 1887 5440 πρωϊ

1988 5374 2129 5427 enim
2157 5371 2224 5426 de
2248 5371 2414 5439 justis
2444 5370 2652 5424 dictum
2681 5378 2766 5423 est
2793 5387 2805 5422 :
2830 5367 3046 5423 Orietur
3069 5367 3369 5420 timentibus
3398 5364 3573 5418 Deum

305 5458 565 5529 ἀνθῆσαι
596 5464 693 5516 καὶ
729 5463 1031 5532 παρέλθοι.
1068 5463 1148 5517 Τὰ
1180 5463 1237 5515 δέ
1269 5480 1331 5531 γε
1376 5464 1661 5517 τελευταῖα
1702 5462 1882 5517 αὐτῶν

1990 5465 2086 5521 Sol
2114 5464 2434 5535 justitim“;
2468 5463 2548 5519 sic
2574 5472 2739 5517 etiam
2764 5462 2830 5517 de
2856 5461 3037 5531 impiis
3059 5460 3264 5514 dictum
3296 5467 3380 5513 est
3411 5474 3423 5512 :
3460 5454 3572 5512 0c-

309 5555 447 5624 μετὰ
480 5556 652 5607 ταῦτα
687 5557 1007 5626 σημαίνεται
1048 5558 1136 5611 διὰ
1184 5558 1361 5610 τοῦτο·
1407 5556 1700 5623 Ἑσπέρας
1729 5556 1880 5609 ἀπο-

1991 5558 2125 5611 cidet
2149 5557 2230 5611 sui
2262 5570 2418 5623 super
2453 5554 2634 5609 illos"
2654 5574 2667 5610 :
2706 5570 2769 5609 ac
2805 5568 3024 5608 rursum
3061 5551 3187 5606 alibi
3223 5567 3235 5604 :
3270 5549 3339 5603 Et
3365 5548 3569 5603 occidet

305 5645 501 5711 πέσοι,
532 5650 629 5702 καὶ
675 5651 1083 5718 σκληρυνθείη
1137 5651 1233 5702 καὶ
1279 5650 1633 5717 ξηρανθείηο
1684 5648 1745 5701 τὸ
1778 5650 1883 5720 γὰρ

1992 5648 2072 5701 sol
2102 5649 2155 5700 in
2178 5646 2410 5709 meridie,
2454 5657 2502 5699 et
2532 5646 2663 5700 luna
2708 5662 2810 5701 non
2842 5643 2988 5699 dabit
3018 5643 3184 5698 lucem
3225 5659 3379 5697 suam
3404 5641 3474 5697 “.
3504 5636 3571 5696 II

380 5827 426 5861 ’⁸
466 5829 625 5885 Mich.
667 5848 758 5895 ιιι,
794 5833 845 5887 6.
926 5833 970 5865 ³⁸
1009 5832 1238 5889 Malacb.
1276 5849 1359 5901 IV,
1394 5834 1450 5889 2.
1526 5833 1570 5867 ⁵⁵
1611 5831 1718 5889 Jer.
1754 5849 1842 5899 xv,
1876 5832 1930 5888 9.

635 5928 899 5989 ΡΑτιιοι..
952 5928 1069 5991 Gn.
1103 5926 1340 5989 XXIII.

2033 5832 2079 5865 ”
2119 5830 2283 5885 Amos
2312 5830 2446 5901 viui,
2479 5826 2532 5883 9.

3163 5916 3244 5983 36
