4068 6394
551 397 685 448 HM

1248 391 1519 448 EUSEBII
1556 391 2044 450 CAESARIENSIS
2081 393 2236 449 OPP.
2284 395 2466 452 PARS
2505 395 2590 453 lll.
2615 427 2684 436 —-—
2724 395 3136 454 EXEGETICA.

3673 397 3839 456 H52

553 507 1023 570 consummatione
1053 507 1220 578 igitur
1249 509 1432 563 saeculi
1464 517 1589 579 post
1611 507 1922 563 Servatoris
1953 511 2120 564 nostri

2236 512 2631 584 παλαιούμενον
2656 513 2749 567 καὶ
2777 513 3057 585 γηράσκον
3088 514 3255 582 ἐγγὺς
3289 512 3621 586 ἀφανισμοῦ.
3658 518 3728 570 Ὀ
3758 513 3842 588 δὴ

545 601 866 661 adventum,
900 613 1024 652 cum
1049 613 1274 668 vespera
1307 599 1441 668 ipsis
1472 598 1808 665 advenisset,
1835 613 1898 654 ac
1922 598 2011 653 lux
2046 615 2133 653 ve-

539 692 734 745 ritatis
763 691 921 760 plane
955 689 1272 755 occidisset,
1310 691 1367 744 in
1419 690 1639 745 ruinam
1685 699 1739 744 et
1768 692 2130 761 abjectionem

534 783 767 851 -penitus
815 781 1174 846 devenerunt,
1211 789 1376 851 atque
1408 782 1511 837 hoc
1535 785 1818 838 oraculum
1850 784 2129 853 impletum

535 881 632 929 est
665 893 677 928 :
718 873 940 942 Vespere
967 873 1197 939 decidat,
1241 875 1451 928 induret
1477 884 1526 930 et
1561 885 1790 931 arescat.
1817 876 1958 942 Quia
1989 877 2132 945 defe-

541 967 715 1019 cimus
745 966 799 1019 in
823 967 908 1020 ira
941 977 1053 1030 tua,
1081 976 1129 1021 et
1154 968 1209 1020 in
1235 967 1415 1033 furore
1442 978 1531 1022 tuo
1561 970 1760 1023 turbati
1789 986 1990 1024 sumus.
2016 969 2132 1024 His-

546 1072 652 1127 que
705 1056 922 1112 videtur
972 1059 1107 1112 mihi
1162 1058 1378 1130 Moyses
1412 1061 1722 1115 orationem
1773 1063 2126 1125 concinnare,

546 1151 733 1220 populi
779 1160 902 1220 post
951 1150 1251 1207 Salvatoris
1285 1154 1465 1207 nostri
1507 1153 1801 1209 adventum
1831 1155 2129 1209 conditioni

546 1253 993 1298 consentaneum.
1051 1243 1185 1297 Nam
1216 1245 1480 1315 propheta
1517 1262 1641 1298 cum
1675 1257 1840 1310 esset,
1866 1254 1919 1300 et
1948 1245 2129 1300 divina

547 1334 891 1404 praescientia
929 1333 1291 1403 abjectionem
1338 1351 1530 1389 eorum
1583 1337 1829 1390 ultimam
1871 1347 1923 1391 et
1952 1345 2131 1392 extre-

546 1440 692 1478 mam
722 1427 934 1480 ruinam
959 1428 1312 1496 prospiceret,
1344 1428 1583 1482 salutare
1611 1430 1743 1499 ipsis
1769 1430 2129 1498 pharmacum

549 1522 616 1574 ad
646 1520 912 1575 medelam
944 1523 1290 1592 suggerebat,
1325 1525 1467 1578 hanc
1511 1525 1761 1579 videlicet
1800 1525 2125 1587 orationem,

548 1627 715 1683 quam
749 1613 802 1666 in
835 1614 1075 1678 arcanis,
1108 1623 1165 1667 ut
1195 1614 1510 1678 ,verisimile
1558 1625 1663 1681 est,
1695 1626 1747 1670 et
1778 1626 1931 1670 extra
1968 1617 2129 1669 aliam

551 1704 884 1774 scripturam
921 1720 1101 1767 suam,
1135 1705 1201 1758 iis
1243 1707 1338 1776 qui
1379 1723 1579 1760 arcana
1611 1722 1777 1782 penes
1812 1722 1869 1759 se
1899 1707 2131 1761 retinere

551 1805 778 1868 possent
824 1797 1090 1859 tradidit;
1126 1800 1452 1870 videturque
1485 1800 1630 1870 apud
1660 1801 1780 1855 illos
1812 1800 1902 1852 diu
1935 1808 1988 1854 et
2024 1801 2132 1868 pri-

487 1917 496 1942 ι
550 1887 720 1941 vatim
770 1903 891 1943 eam
939 1889 1185 1952 latuisse,
1221 1906 1284 1944 ac
1332 1890 1549 1946 demum
1603 1892 1738 1944 libro
1784 1889 2129 1946 Psaimorum

550 1981 863 2036 necessario
910 1983 1172 2035 insertam
1226 1983 1416 2048 fuisse,
1461 1999 1530 2038 ne
1580 1982 1839 2036 diuturno
1885 1992 2124 2054 tempore

548 2072 739 2128 multis
773 2073 949 2128 latens
980 2081 1032 2128 et
1056 2075 1301 2144 neglecta
1331 2077 1625 2132 excideret.
1660 2075 1730 2129 Ut
1754 2076 1917 2144 igitur
1947 2092 2125 2130 serva»

548 2173 722 2227 retur,
756 2165 1121 2237 omnibusque
1153 2179 1278 2221 nota
1308 2178 1575 2228 maneret,
1608 2169 1749 2222 libro
1779 2167 2122 2223 Psalmorum

546 2259 754 2314 inserta
789 2259 912 2326 fuit,
939 2263 1040 2316 etsi
1071 2262 1328 2338 psalmus~
1350 2277 1456 2315 non
1484 2262 1574 2337 sit.
1602 2259 1788 2331 Neque
1817 2263 1961 2316 enim
1987 2263 2126 2331 psal-

543 2352 620 2406 mi
652 2351 930 2422 quidpiam
965 2353 1347 2422 complectitur
1380 2372 1394 2408 :
1429 2354 1674 2423 psalmus
1702 2353 1902 2423 quippe
1932 2353 1997 2405 ad
2026 2355 2119 2407 lae.

458 2452 469 2462 ‘
545 2444 720 2498 titiam
746 2446 914 2500 animi
946 2453 1189 2516 spectat;
1224 2447 1337 2500 haec
1365 2455 1547 2500 autem
1580 2446 1756 2500 oratio
1793 2447 1929 2498 iram
1963 2453 2016 2499 et
2042 2446 2127 2498 fu-

545 2549 724 2591 rorem
753 2536 867 2604 Dei,
901 2539 1114 2609 aliaque
1143 2540 1323 2594 tristia
1374 2547 1766 2594 commemorat
1801 2559 1813 2593 :
1851 2540 2126 2593 divinum-

545 2643 651 2698 quc
680 2645 880 2684 numen
912 2630 979 2684 iis
1010 2631 1209 2700 placat,
1237 2631 1330 2700 qui
1366 2631 1500 2700 lapsi
1539 2639 1688 2684 sunt.
1724 2629 1936 2700 Moyses
1967 2632 2125 2700 quip-

543 2735 613 2791 pe
642 2722 786 2778 hunc
812 2723 1145 2794 propitiandi
1178 2724 1398 2778 modum
1433 2723 1599 2778 tradit
1635 2724 1854 2792 populo,
1879 2727 1972 2792 qui
2004 2732 2124 2794 post

545 2809 849 2869 Salvatoris
880 2816 1055 2870 nostri
1089 2814 1381 2869 adventum
1410 2815 1466 2869 in
1503 2824 1726 2886 peccata
1757 2817 1977 2872 decidit.

2231 605 2325 658 xa‘t
2348 607 2474 676 περὶ
2511 606 2692 668 αὐτοῖς
2723 605 2946 674 γέγονεν
2974 604 3253 668 ἐπιδόντος
3283 605 3467 670 αὐτοῖς
3489 607 3583 660 τοῦ
3610 607 3715 677 τῆς
3745 609 3844 662 διμ-

2232 697 2740 766 καιοσύνηςἪλίου,
2767 697 2906 750 κατά
2933 697 3030 768 τὴν
3055 699 3304 769 φήσασαν
3327 699 3684 770 προφητείαν·
3706 698 3842 754 Kal

2231 789 2478 843 δύσεται
2503 792 2536 842 ὁ
2559 789 2730 856 ἣλιος
2754 790 2851 842 ἐπὶ
2881 790 3022 855 τοὺς
3044 789 3355 860 προφήτας
3378 790 3520 857 τοὺς
3540 791 3841 845 πλανῶν-

2231 899 2338 946 τας
2370 881 2476 933 τὸν
2506 883 2659 934 λαόν
2691 899 2831 950 μου.
2863 883 3070 953 Ὥσπερ
3112 882 3220 953 γὰρ
3261 883 3392 954 περὶ
3433 883 3541 937 τῶν
3583 885 3837 939 δικαίων

2231 973 2424 1044 ἐλέχθη
2441 973 2517 1037 τὸ,
2537 974 2839 1027 Ἀνατελεῖ
2860 975 2984 1041 τοῖς
3004 975 3392 1044 φοϐουμένοις
3407 976 3835 1043 αὑτὸνἨλιος

2231 1066 2643 1135 δικαιοσύνης,
2688 1067 2828 1120 οὕτω
2879 1069 3132 1139 καὶπερὶ
3181 1067 3288 1120 τῶν
3336 1068 3547 1123 ἀσεϐῶν
3597 1071 3830 1140 εἴρηται

2230 1161 2309 1223 τὸ,
2340 1162 2591 1213 daverat
2621 1163 2653 1213 ὀ
2680 1160 2852 1228 ἣλιος
2870 1162 2966 1214 ἐπὶ
2992 1161 3213 1215 τοῖσδεο
3244 1162 3338 1215 κού⁴
3366 1160 3526 1214 πάλιν
3554 1161 3828 1232 ἀλλαχοῦο

2230 1254 2340 1307 Καὶ
2369 1253 2663 1307 δύσεταιό
2687 1253 2859 1320 ἣλιος
2881 1254 3270 1323 μεσημϐρίας,
3296 1255 3392 1307 καὶ
3418 1255 3454 1321 ἡ
3478 1253 3713 1322 σελήνη
3745 1256 3830 1308 οὐ

2230 1347 2404 1400 δώσει
2436 1348 2500 1400 τὸ
2543 1346 2763 1416 φέγγος
2790 1347 2997 1415 αὐτῆς.
3039 1347 3160 1400 Ἐπὶ
3209 1347 3486 1419 συντελείᾳ
3517 1347 3694 1400 τοίνυν
3719 1348 3829 1401 τοῦ

2231 1438 2424 1503 αἰῶνος
2449 1440 2585 1508 μετὰ
2604 1439 2702 1510 τὴν
2717 1439 2810 1492 τοῦ
2830 1439 2980 1510 Σωτῆ
2990 1442 3122 1510 ροςὴ
3134 1440 3248 1510 μῶν
3267 1440 3586 1512 παρουσίαν,
3606 1440 3697 1492 ὅτε
3712 1439 3828 1493 a6-

2230 1533 2341 1592 τοῖς
2371 1533 2404 1601 ή
2435 1530 2640 1601 ἑσπέρα
2665 1530 2889 1600 ἐπῆλθε,
2922 1530 3107 1594 δύντος
3145 1533 3324 1594 αὐτοῖς
3365 1530 3440 1594 ὡς
3468 1530 3686 1601 ἀληθῶς
3715 1528 3827 1586 τοῦ

2229 1622 2326 1690 τῆς
2351 1619 2607 1690 ἀληθείας
2635 1621 2829 1689 φωτὸς,
2856 1620 3178 1690 ήέκπτωσις
3205 1621 3383 1672 αὐτῶν
3407 1621 3500 1673 καί
3521 1622 3554 1691 ἡ
3572 1621 3827 1692 ἀποϐολὴ

2229 1712 2414 1775 τέλους
2444 1712 2621 1781 ἔτυχε,
2641 1713 2735 1763 καὶ
2762 1711 2824 1764 τὸ
2853 1713 3025 1783 παρὸν
3055 1711 3346 1783 ἐπληρώθη
3381 1713 3562 1781 λόγιον
3597 1713 3824 1783 φῆσαν·

2236 1804 2305 1857 Τὸ
2345 1806 2606 1873 ἑσπέρας
2652 1804 2966 1870 ἀποπέσοι,
3002 1807 3411 1874 σκληρυνθείη
3459 1805 3558 1860 καὶ
3590 1807 3824 1876 ξηραν-

2231 1897 2378 1964 θείη.
2406 1897 2532 1949 ’Ὅτι
2567 1895 2924 1966 ἑξελίπομεν
2952 1897 3022 1949 ἐν
3050 1897 3124 1966 τῇ
3157 1897 3303 1968 ὀργῇ
3330 1915 3467 1962 σου,
3498 1898 3599 1952 καὶ
3635 1899 3706 1952 ἐν
3729 1899 3823 1966 τῷ

2231 1987 2395 2056 θυμῴ
2416 2007 2530 2042 σου
2564 1990 2987 2059 ἐταράχθημεν.
3017 1991 3124 2043 Καί
3148 2009 3236 2062 μοι
3258 1991 3403 2044 δοκεῖ
3421 1991 3510 2045 διὰ
3546 1992 3752 2047 τούτων
3788 1994 3821 2046 ὁ

2230 2081 2469 2151 Μωῦσῆς
2506 2083 2813 2153 προσευχὴν
2861 2083 3116 2148 συντάξαι
3161 2083 3505 2154 ἁρμόζουσαν
3533 2087 3600 2155 τῇ
3638 2101 3816 2137 κατα-

2232 2173 2415 2226 στάσει
2441 2172 2534 2226 τοῦ
2560 2174 2710 2238 λαοῦ,
2738 2178 2805 2246 τῇ
2828 2174 2963 2245 μετὰ
2989 2175 3087 2246 τὴν
3111 2173 3410 2245 παρουσίαν
3433 2174 3527 2227 τοῦ
3556 2175 3816 2246 Σωτῆρος

2229 2266 2260 2335 ή
2271 2264 2406 2336 μῶν.
2449 2266 2741 2336 Προφήτης
2766 2262 2858 2320 οὖν
2885 2265 2980 2330 ὢν,
3006 2265 3312 2338 προγνώσει
3341 2283 3400 2319 τε
3435 2265 3553 2338 θείᾳ
3574 2266 3637 2318 τὸ
3662 2266 3817 2330 τέλος

2229 2359 2409 2412 αὐτῶν
2434 2361 2531 2430 τῆς
2556 2359 2824 2430 ἀποϐολῆς
2854 2359 2947 2413 καὶ
2973 2359 3070 2430 τὴν
3098 2360 3332 2430 ἐσχάτην
3352 2359 3666 2412 ἀπόπτωσιν
3687 2375 3815 2410 συν-

2228 2451 2387 2522 ορῶν,
2425 2452 2714 2522 φάρμακον
2761 2451 2942 2511 αὐτοῖς
2982 2451 3247 2521 σωτήριον
3276 2450 3370 2502 καὶ
3415 2433 3813 2519 θεραπευτικὸν

2230 2543 2534 2606 ὑπετίθετο,
2571 2543 2666 2614 τὴν
2706 2542 2984 2614 παροῦσαν
3028 2540 3335 2611 προσευχὴν
3367 2541 3423 2592 ἐν
3453 2539 3808 2609 ἀπορρήτοις,

2227 2635 2303 2698 ὡς
2332 2635 2496 2698 εἰκὸς,
2541 2635 2814 2703 παραδοὺς
2853 2635 3023 2706 αὐτὴν
3049 2632 3246 2698 ἔξωθεν
3286 2619 3387 2703 τῆς
3437 2632 3602 2702 ἄλλης
3641 2630 3811 2684 αὐτοῦ

2227 2726 2447 2798 γραφῆς
2489 2727 2600 2787 τοῖς
2648 2725 2961 2794 δυναμένοις
3006 2724 3072 2777 τὰ
3116 2723 3403 2795 ἀπόρρητα
3440 2723 3572 2792 παρ’
3597 2721 3811 2783 ἑαυτοῖς

2225 2817 2476 2886 κατέχειν
2499 2833 2512 2845 ο
2539 2816 2668 2886 παρ’
2687 2809 2768 2878 οἷς
2798 2816 2890 2868 καὶ
2915 2816 3062 2879 εἰκὸς
3085 2814 3449 2885 φυλάττεσθαι
3475 2811 3644 2882 αὐτὴν
3675 2812 3810 2864 ίδια-

543 2903 744 2970 ζόντως
775 2910 869 2961 καὶ
901 2907 1200 2979 λεληθότως
1239 2911 1397 2980 μέχρι
1423 2909 1617 2963 πολλοῦ
1639 2927 1652 2942 ο
1687 2910 1910 2984 ὕστερόν
1935 2929 1996 2980 γε
2022 2912 2126 2983 μὴν
2163 2912 2625 2983 ἐγκαταλεχθῆναι
2647 2911 2958 2982 ἀναγκαίως
2981 2914 3050 2983 τῇ
3084 2911 3252 2982 βίϐλῳ
3277 2911 3382 2963 τῶν
3407 2907 3675 2978 Ψαλμῶν,
3733 2905 3812 2970 ὡς

542 2996 610 3051 ἂν
646 3001 718 3071 μὴ
750 3001 828 3072 τῷ
870 3003 1064 3074 μακρῷ
1087 3005 1260 3074 χρόνῳ
1292 3004 1535 3056 διαπέσοι
1569 3003 1808 3056 λαθοῦσα
1834 3006 1960 3068 τοὺς
1993 3006 2220 3070 πολλοὺς
2255 3008 2349 3060 καὶ
2400 3006 2753 3077 ἀμεληθεῖσα.
2791 3007 2885 3059 ”Ιν’
2916 3001 3009 3059 οὖν
3080 3002 3326 3068 σώζοιτο,
3391 3002 3485 3056 καὶ
3551 3000 3808 3073 παραμέο

543 3109 625 3145 νοι
655 3095 1028 3166 γινωσκομένη
1065 3095 1169 3147 ὑπὸ
1198 3095 1434 3158 πάντων,
1457 3097 1523 3166 τῇ
1559 3095 1724 3166 βίϐλῳ
1754 3095 1863 3149 τῶν
1898 3097 2145 3167 Ψαλμῶν
2184 3099 2582 3170 παρενεϐλήθη,
2627 3099 2702 3169 μὴ
2732 3094 2863 3151 οὖσα
2904 3098 3134 3168 ψαλμός.
3170 3097 3302 3151 Οὐδὲ
3341 3097 3447 3167 γὰρ
3485 3095 3700 3166 ψαλμοῦ
3756 3111 3808 3147 τι

544 3186 820 3257 περιέχει”
868 3185 1129 3256 θυμηδίας
1171 3187 1278 3255 γὰρ
1334 3187 1361 3237 ὁ
1405 3185 1648 3256 ψαλμός·
1684 3188 1714 3256 ἡ
1771 3186 1825 3239 δὲ
1873 3187 2120 3257 παροῦσα
2153 3189 2425 3259 προσευχὴ
2457 3188 2627 3258 ὀργῆς
2663 3187 2989 3258 μνημονεύει
3020 3189 3115 3242 καὶ
3169 3186 3343 3257 θυμοῦ
3383 3186 3516 3239 Θεοῦ
3567 3187 3660 3240 καὶ
3699 3184 3809 3238 ἑτέο

548 3300 656 3356 ρων
704 3283 1060 3355 σκυθρωπῶν,
1109 3283 1385 3336 ίλάσκεταί
1426 3301 1486 3335 τε
1544 3283 1604 3336 τὸ
1635 3283 1787 3334 Θεῖον
1837 3284 1975 3353 ὑπὲρ
2017 3283 2123 3336 τῶν
2189 3285 2692 3338 ἀποπεπτωκότωψ
2738 3284 2828 3337 τὸν
2878 3284 3101 3355 ἱλασμὸν
3145 3271 3334 3337 τοῦτον
3395 3282 3676 3344 Μωῡσέως
3723 3280 3808 3333 διὰ

540 3379 645 3448 τῆς
679 3381 982 3451 προσευχῆς
1031 3379 1368 3441 διδάσκοντος
1410 3379 1586 3446 λέγειν
1634 3378 1725 3431 τὸν
1773 3379 2116 3432 ἀποπεσόντα
2151 3380 2245 3433 τοῦ
2287 3381 2422 3433 Θεοῦ
2457 3380 2581 3433 λαὸν
2626 3380 2765 3451 μετὰ
2794 3381 2890 3451 τὴν
2917 3379 3011 3432 τοῦ
3057 3379 3310 3450 Σωτῆρος
3377 3376 3535 3448 ἡμῶν
3603 3392 3806 3445 παρου-

547 3473 687 3526 σίαν.

615 3592 950 3663 Videturque
997 3591 1128 3646 mihi
1184 3591 1326 3646 hanc
1364 3589 1568 3662 Moysis
1602 3591 1943 3655 orationem,
1995 3599 2120 3661 post

2292 3589 2402 3643 Καί
2444 3606 2532 3660 μοι
2579 3589 2724 3643 δοκεῖ
2750 3590 2850 3642 οὐκ
2889 3588 3145 3651 ἀσκόπως
3180 3600 3318 3658 μετα
3352 3585 3442 3640 τὸν
3470 3592 3560 3657 πη⁹
3593 3586 3806 3657 ψαλμὸν

543 3702 784 3744 Lxxxvm
815 3686 1103 3755 psalmum,
1137 3693 1190 3738 et
1220 3700 1284 3738 ea
1315 3698 1436 3753 qua:
1468 3683 1538 3736 ibi
1574 3682 1640 3736 de
1676 3682 1882 3737 semine
1930 3681 2118 3747 David,

542 3782 718 3851 deque
761 3778 962 3832 throno
1030 3776 1107 3830 illi
1162 3777 1434 3847 promisso
1482 3777 1954 3846 praenuntiantur,
2009 3793 2117 3830 non

543 3875 663 3930 sine
701 3871 933 3927 consilio
975 3870 1208 3940 positam
1265 3869 1564 3925 fuissezac
1629 3886 1933 3925 sermonem
1997 3887 2122 3940 pro-

543 3954 796 4017 fundiore
849 3961 1086 4032 quodam
1139 3960 1459 4030 speculandi
1509 3975 1680 4025 more,
1726 3959 1962 4014 futuram
2024 3959 2122 4014 Ju-

542 4053 683 4106 daici
743 4053 947 4123 populi,
996 4058 1118 4121 post
1155 4051 1450 4106 adventum
1488 4050 1609 4121 ejus
1667 4051 1758 4121 qui
1799 4068 1864 4105 ex
1915 4053 2121 4106 semine

542 4143 710 4197 David
762 4143 1081 4213 proditurus
1143 4149 1303 4209 erat,
1377 4143 1592 4196 ruinam
1653 4152 1707 4196 et
1760 4142 2118 4213 abjectionem

541 4235 891 4291 subindicare
924 4234 1104 4304 :quod
1167 4250 1298 4290 sane
1350 4251 1530 4289 rerum
1589 4243 1816 4289 eventus
1844 4235 2114 4304 obsignat.

539 4327 612 4383 At
642 4327 787 4382 enim
811 4327 1113 4381 orationem
1140 4328 1275 4396 ipsis
1305 4326 1468 4380 tradit
1510 4325 1743 4399 Moyses,
1807 4327 2117 4396 prophetica

539 4423 741 4479 virtute
795 4420 1060 4477 orationis
1108 4422 1272 4476 verba
1331 4437 1579 4490 persona:
1636 4421 1820 4492 populi
1871 4420 2007 4490 lapsi
2065 4427 2120 4474 et

540 4513 739 4583 abjecti
792 4510 1231 4566 accommodans.
1290 4511 1425 4566 Cum
1485 4513 1649 4582 igitur
1677 4512 1772 4573 ait,
1802 4510 1884 4565 Ne
1912 4521 2118 4566 avertas

540 4604 800 4659 hominem
829 4605 885 4657 in
922 4603 1271 4658 humilitatem
1299 4622 1316 4657 :
1353 4603 1416 4657 Et
1451 4604 1675 4658 dixisti:
1715 4604 2115 4667 Convertimini,

538 4698 947 4769 ﬁliiltomimtm,
1001 4697 1145 4751 hanc
1196 4698 1328 4766 ipsis
1386 4697 1690 4750 doctrinam
1737 4696 1954 4750 tradere
1984 4697 2115 4748 mihi

536 4788 788 4854 videtur,
822 4797 881 4842 ut
911 4788 1116 4844 scilicet
1147 4789 1422 4858 precando
1443 4789 1627 4842 dicant
1671 4809 1682 4842 :
1715 4786 1759 4842 Ο
1792 4787 2037 4851 Domine,
2058 4795 2116 4840 tu

536 4882 707 4936 variis
755 4880 1104 4951 temporibus.
1154 4879 1422 4951 refugium
1475 4880 1632 4934 nobis
1684 4879 1860 4934 factus
1916 4894 1976 4934 es
2019 4893 2116 4948 per

2224 3682 2318 3735 xui
2342 3680 2408 3733 τὰ
2441 3681 2506 3733 δι’
2543 3680 2706 3732 αὐτοῦ
2737 3680 2864 3750 περὶ
2900 3679 2993 3731 τοῦ
3035 3679 3348 3749 σπέρματος
3379 3676 3541 3730 Δαυῖδ
3584 3678 3682 3731 καὶ
3711 3676 3805 3730 τοῦ

2224 3773 2634 3845 ἐπηγγελμένον
2676 3771 2824 3841 αὑτῷ
2849 3771 3039 3842 θρόνου
3076 3770 3456 3834 θεσπισθέντος
3487 3772 3521 3840 ή
3554 3771 3806 3842 παροῦσα

2224 3864 2499 3937 προσευχὴ
2531 3863 2809 3927 Μωῦσέως
2831 3863 3098 3933 συνῆφθαι
3117 3879 3132 3893 ’
3169 3863 3307 3934 μετά
3333 3879 3474 3924 τινος
3495 3863 3551 3916 δὲ
3581 3862 3806 3933 βαθυτέο

2226 3975 2322 4030 ρας
2350 3957 2576 4028 θεωρίας
2611 3954 2980 4024 αἰνιττομένου
3015 3952 3106 4006 τοῦ
3141 3953 3298 4021 λόγου
3337 3954 3652 4006 ἀπόπτωσιν
3687 3955 3806 4008 ἔσε-

2224 4049 2347 4101 σθαι
2371 4049 2463 4100 καὶ
2485 4045 2753 4116 ἀποϐολὴν
2775 4044 2868 4097 τοῦ
2910 4043 3175 4096 Ἰουδαίων
3202 4043 3385 4107 ἔθνους
3413 4043 3550 4114 μετά
3577 4045 3677 4116 τὴν
3704 4062 3807 4098 πα-

2224 4139 2441 4211 ρουσίαν
2470 4137 2562 4191 τοῦ
2607 4138 2671 4190 ἐκ
2707 4137 3019 4208 σπέρματος
3047 4135 3208 4190 Δαυῒδ
3247 4135 3742 4208 προελευσομένου”
3773 4137 3805 4191 ὃ

2220 4233 2282 4303 δὴ
2318 4233 2410 4285 καὶ
2443 4228 2898 4302 ἐπισφραγίζεται
2943 4230 2978 4300 ἡ
3017 4229 3123 4282 τῶν
3165 4229 3508 4300 πραγμάτων
3550 4229 3798 4292 ἔκϐασις.

2233 4325 2392 4377 Ἀλλά
2420 4323 2528 4392 γὰρ
2551 4322 2857 4393 προσευχὴν
2883 4323 3064 4384 αὐτοῖς
3086 4321 3446 4392 παραδίδωσιν
3475 4324 3503 4374 ὁ
3535 4322 3798 4391 Μωῦσῆς,

2219 4419 2532 4488 προφητικῇ
2570 4414 2795 4486 δυνάμει
2825 4414 3142 4485 ἐφαρμόσας
3167 4415 3292 4478 τοὺς
3329 4414 3386 4466 ἐν
3423 4416 3488 4484 τῇ
3524 4416 3800 4484 προσευχῇ

2218 4505 2408 4575 λόγους
2430 4506 2508 4576 τῷ
2541 4505 2816 4576 προσώπῳ
2839 4505 2932 4558 τοῦ
2981 4506 3304 4569 ἐκπεσόντος
3330 4507 3423 4559 καὶ
3459 4505 3800 4576 ἀποϐληθέν-

2217 4615 2308 4661 τος
2337 4598 2487 4650 λαοῦ.
2527 4597 2694 4650 Ἐπάν
2719 4593 2810 4650 οὖν
2833 4598 2964 4667 λέγῃ
2987 4614 2998 4627 ·
3026 4599 3122 4665 Μὴ
3156 4597 3547 4666 ἀποστρέψῃς
3578 4596 3803 4666 ἅνθρω-

2218 4704 2337 4743 πον
2379 4692 2465 4756 εὶς
2498 4690 2857 4743 ταπείνωσιν
2876 4707 2888 4720 ·
2933 4688 3046 4743 Καὶ
3089 4686 3291 4754 εἴπας*
3341 4687 3799 4757 Ἐπιστρέψατε,

2217 4779 2406 4834 οὶυὶοὶ
2450 4780 2568 4834 τῶν
2599 4778 2944 4847 ἀνθρώπων,
2989 4779 3176 4832 τοῦτόν
3219 4796 3308 4850 μοι
3346 4779 3495 4832 δοκεί
3524 4781 3802 4837 διδάσκειν

2217 4872 2415 4934 αὐτοὺς
2444 4870 2535 4923 τὸν
2561 4869 2704 4934 νοῦν,
2740 4871 3210 4940 προσευχομένους
3245 4870 3421 4938 λέγειν
3445 4888 3460 4903 ’
3500 4867 3569 4923 Ὦ
3599 4873 3795 4942 Κύριε,

538 4973 781 5044 singulas
811 4972 1189 5043 generationes
1224 4988 1236 5022 :
1277 4987 1402 5025 nam
1428 4972 1605 5041 primo
1631 4987 1753 5025 cum
1782 4971 1838 5024 in
1875 4969 2111 5042 lEgypto

2223 4966 2281 5017 σὺ
2317 4963 2459 5016 κατὰ
2487 4963 2708 5034 χρόνους
2753 4963 2882 5033 ἡμῖν
2932 4962 3161 5030 γέγονας
3203 4963 3489 5034 καταφυγὴ
3532 4965 3628 5016 καὶ
3674 4964 3799 5017 καθ’

536 5079 904 5127 versaremur,
942 5071 1104 5132 atque
1131 5077 1160 5115 a
1192 5061 1478 5115 Pharaone
1523 5069 1576 5115 et
1617 5061 1888 5131 [Egyptiis
1927 5063 2110 5131 oppri-

535 5171 830 5220 meremur,
864 5154 1134 5226 refugium
1173 5155 1330 5210 nobis
1359 5155 1506 5208 fuisti
1534 5172 1548 5220 ;
1602 5156 1907 5224 iterumque
1938 5155 1994 5208 in
2017 5153 2112 5210 de-

538 5257 684 5304 serto
738 5248 1034 5319 oppugnati
1094 5263 1216 5302 cum
1266 5247 1334 5300 ab
1360 5246 1674 5301 Amalecitis
1699 5253 1814 5299 tum
1841 5260 1871 5299 a
1891 5243 2108 5299 Chana-

535 5339 690 5404 naeis,
726 5345 780 5393 te
800 5340 856 5393 in
886 5338 1189 5394 subsidium
1217 5353 1280 5392 ac
1306 5335 1575 5408 refugium
1631 5337 1952 5403 habuimus;
2003 5338 2111 5394 imo

536 5431 699 5485 etiam
756 5445 880 5484 cum
934 5431 1163 5501 ingressi
1204 5430 1257 5483 in
1307 5436 1513 5484 terram
1545 5429 1924 5499 promissionis
1970 5429 2101 5484 allo—

536 5523 715 5594 phylis
761 5524 971 5579 subacti
1025 5539 1290 5587 essemus,
1349 5537 1414 5577 ac
1441 5523 1761 5593 plerumque
1783 5529 1972 5592 postea
2000 5523 2103 5578 sub

536 5614 756 5683 regibus
790 5614 1016 5679 nostris,
1044 5614 1261 5670 demum
1289 5614 1345 5669 in
1369 5614 1701 5686 Babylonica
1762 5614 2099 5684 captivitate,

537 5705 748 5777 refugio
782 5706 939 5764 nobis
973 5705 1144 5761 fuisti.
1207 5705 1272 5758 Et
1325 5720 1472 5760 nunc
1512 5706 1694 5776 itaque
1731 5706 2103 5775 supplicamus

536 5797 690 5866 naria
728 5797 823 5854 abs
854 5804 908 5852 te
937 5797 1214 5868 consequi,
1248 5805 1406 5868 teque
1441 5798 1496 5853 in
1521 5796 1791 5869 refugium
1848 5804 2098 5853 nostrum

2208 5056 2446 5127 ἑκάστην
2489 5055 2680 5124 γενεάν
2705 5071 2718 5084 ο
2757 5053 2969 5125 πρῶτον
3005 5056 3104 5126 μὲν
3141 5055 3250 5127 γάρ
3277 5056 3334 5108 ἐν
3364 5055 3624 5126 Αἰγύπτῳ
3663 5073 3800 5125 τυγ-

2209 5151 2463 5220 χάνουσιν
2501 5151 2652 5219 ἡμῖν,
2690 5149 2783 5200 καὶ
2821 5148 2926 5201 ὑπὸ
2951 5148 3046 5202 τοῦ
3079 5149 3278 5221 Φαραῶ
3330 5149 3426 5203 καὶ
3471 5149 3577 5202 τῶν
3628 5150 3798 5217 Αἰγυ-

2210 5242 2378 5296 πτίων
2413 5242 2906 5312 καταπονουμένοις
2942 5243 3232 5314 καταφυγὴ
3259 5241 3487 5311 γέγονας
3505 5259 3518 5272 ·
3541 5241 3705 5295 πάλιν
3735 5242 3795 5295 δὲ

2210 5335 2302 5387 ἐπὶ
2334 5335 2431 5404 τῆς
2463 5336 2669 5406 ἐρήμου
2716 5333 3110 5405 πολεμούμενοι
3144 5336 3265 5388 τοτὲ
3291 5335 3390 5405 μὲν
3427 5336 3530 5388 ὑπὸ
3561 5335 3654 5388 τοῦ
3702 5336 3792 5388 ’Δ-

2214 5427 2412 5499 μαλὴκ,
2474 5428 2599 5480 τοτὲ
2631 5427 2687 5480 δὲ
2729 5427 2834 5479 ὑπὸ
2861 5427 2954 5479 τοῦ
2998 5428 3324 5492 Χαναναίου,
3361 5429 3420 5481 σὲ
3465 5429 3791 5499 καταφυγὴν

2209 5520 2520 5591 ἐσχήκαμεν
2540 5536 2552 5548 ·
2583 5518 2640 5570 οὐ
2672 5519 2778 5589 μὴν
2813 5517 2948 5571 ἀλλὰ
2978 5519 3072 5572 καὶ
3109 5519 3439 5584 εἰσελθόντες
3462 5521 3543 5583 εἰς
3561 5519 3659 5590 τὴν
3684 5520 3790 5590 γῆν

2208 5611 2308 5682 τῆς
2352 5609 2706 5680 ἐπαγγελίας,
2742 5611 2845 5664 ὑπὸ
2885 5610 3203 5680 ἀλλοφύλοις
3231 5629 3290 5664 τε
3327 5611 3629 5682 γενόμενοι,
3659 5612 3791 5665 πολ-

2210 5702 2365 5766 λάκις
2407 5718 2464 5754 τε
2497 5702 2590 5756 καὶ
2625 5701 2762 5772 μετὰ
2811 5702 2983 5756 ταῦτα
3015 5703 3106 5755 ἐπὶ
3151 5704 3260 5755 τῶν
3309 5702 3570 5772 βασιλέων
3605 5702 3788 5772 ἡμῶν,

2210 5797 2302 5850 καὶ
2335 5796 2486 5859 τέλος
2541 5797 2632 5850 ἐπὶ
2682 5796 2780 5868 τῆς
2827 5797 2904 5859 είς
2942 5793 3238 5851 Βαϐυλῶνα
3287 5795 3681 5865 αἰχμαλωσίας,
3724 5795 3788 5848 σὲ
