4068 6394
286 443 426 503 H53

1379 439 1881 504 COMMENTARIA
1917 439 1985 497 IN
2025 438 2364 500 PSALMOS.

3401 446 3541 506 “34

284 566 606 637 καταφυγὴν
640 567 888 638 ἔσχομεν.
922 563 1032 620 καὶ
1069 567 1184 620 νυνὶ
1217 567 1506 638 τοιγαροῦν
1548 566 1856 636 ἱκετεύομεν

1961 563 2206 617 obtinere
2238 581 2252 616 :
2285 578 2455 633 quare
2510 575 2787 630 rogamus,
2839 550 2921 614 Ne
2964 570 3170 616 avertas
3192 557 3452 618 hominem
3481 567 3540 620 in

281 657 390 712 τῶν
421 659 620 728 ὁμοίων
654 658 803 728 παρά
831 657 923 711 σοῦ
956 661 1155 728 τυχεῖν,
1201 659 1293 711 καί
1329 676 1387 711 σε
1421 656 1722 730 κτήσασθαι
1757 674 1857 709 κα-

280 750 565 819 ταφυγήψ
597 749 677 802 διὸ
710 749 961 820 δεόμεθα,
996 754 1053 804 Μ
1061 750 1093 817 ὴ
1127 749 1520 818 ἀποστρέψῃς
1546 748 1860 818 ἄνθρωπον

280 840 368 903 εἰς
393 839 754 892 ταπείνωσιν
772 853 784 867 °
809 839 1074 902 τουτέστι,
1110 839 1200 910 Μὴ
1231 840 1578 911 ἁποστρέψῃς
1604 840 1750 908 ἡμᾶς
1779 838 1858 901 είς

280 929 490 984 τελείαν
513 931 827 985 ἀπόπτωσιν
860 932 950 984 καὶ
973 933 1318 985 ταπείνωσιν.
1352 932 1423 984 Σὺ
1447 932 1556 1003 γὰρ
1586 934 1652 1002 τῇ
1683 933 1748 1002 σῇ
1772 949 1860 1000 φι-

281 1019 601 1093 λανθρωπίᾳ
645 1020 824 1088 εἶπας,
861 1024 954 1077 καὶ
988 1022 1317 1094 κηρύγματα
1347 1025 1508 1076 πᾶσιν
1553 1022 1858 1094 ἀνθρώποις

280 1113 598 1186 ἐξενήνοχας
617 1116 805 1184 λέγων·
826 1117 1273 1186 Ἐπιστρέψιιτε,
1294 1123 1345 1173 οὶ
1368 1117 1484 1172 υἱοὶ
1503 1117 1620 1170 τῶν
1639 1116 1859 1185 ἀνθρώ-

280 1218 430 1261 πων.
466 1208 528 1260 Et
553 1209 615 1279 δὴ
639 1207 730 1262 οὖν
755 1210 931 1263 πάντα
961 1210 1030 1263 τὰ
1053 1211 1298 1282 ἔθνη-καῖ
1330 1211 1540 1274 πάντας
1563 1214 1686 1274 τοὺς
1711 1211 1859 1273 υἱοὺς

279 1296 392 1350 τῶν
431 1297 734 1372 ἀνθρώπων
783 1279 1203 1373 προᾶκέκληταί
1237 1320 1331 1356 σου
1364 1305 1398 1374 ἡ
1458 1303 1854 1375 φιλανθρωπία,

281 1392 378 1444 καὶ
410 1394 534 1454 τοὺς
567 1395 731 1448 πάλαι
760 1396 1206 1468 ἀποστραφέντας
1237 1398 1343 1451 ἀπὸ
1374 1397 1487 1462 σοῦ,
1522 1399 1614 1450 καὶ
1642 1398 1857 1468 δαίμοσι

281 1484 377 1537 καὶ
415 1484 686 1556 πνεύμασι
714 1490 967 1558 πονηροῖς
990 1487 1493 1550 καταδουλωθέντας
1521 1486 1859 1559 ἐπιστραφῆ-

281 1592 370 1629 ναι
399 1578 488 1629 ἐπὶ
524 1577 582 1628 σὲ
618 1577 914 1642 κελεύσεις,
959 1579 1092 1650 μηδὲ
1126 1581 1271 1649 ἡμᾶς
1300 1581 1672 1649 ἀποστραφῇς,
1725 1577 1858 1649 μηδὲ

281 1669 360 1730 είς
400 1668 634 1738 παντελῆ
662 1671 938 1740 ἐρήμωσιν
967 1670 1301 1745 καταλείπῃς
1326 1671 1499 1724 ἐλθεῖν
1533 1672 1658 1733 τοὺς
1691 1669 1856 1723 πάλαι

283 1775 378 1811 σου
405 1759 726 1828 γενομένους
781 1761 1032 1824 οἰκείους,
1066 1762 1257 1824 οἵτινες
1301 1761 1435 1832 πρὸς
1477 1759 1656 1828 ὀλίγον
1694 1759 1858 1831 ἀνθή-

284 1867 473 1914 σαντες
505 1851 805 1922 χειμάρρου
840 1850 993 1922 δίκην
1027 1851 1470 1924 παρεδράμομεν.
1506 1852 1550 1904 Τ
1554 1851 1589 1904 ἀ
1620 1850 1750 1919 γοῦν
1773 1850 1856 1921 χί-

282 1941 373 1995 λια
421 1943 575 2014 ἡμῶν
606 1943 720 2014 ἔτη,
757 1946 814 1996 ὲν
855 1939 936 2007 οἷς
985 1943 1332 2014 ῆκμάσαμεν,
1380 1943 1553 1996 ταῦτα
1583 1941 1857 2013 παρῆλθεν

281 2034 356 2096 ὡς
383 2035 414 2105 ἡ
449 2034 620 2103 ἐχθὲς,
652 2035 772 2104 ἥτις
797 2034 996 2105 διῆλθε.
1022 2034 1316 2104 Γενόμενος
1337 2033 1394 2087 δὲ
1433 2035 1490 2086 ἐν
1510 2032 1720 2095 τούτοις
1761 2034 1858 2101 ἐφ-

291 2127 482 2196 ίστημι
519 2126 636 2189 πῶς
661 2126 871 2196 εἴρηται
902 2126 970 2178 τά
999 2125 1142 2196 χίλια
1177 2126 1349 2178 ταῦτα
1373 2125 1489 2196 ἔτη.
1523 2126 1586 2178 Εἰ
1617 2125 1716 2196 μὲν
1745 2125 1856 2196 γάρ

280 2219 466 2271 ἕνεκεν
495 2217 799 2285 δοξολογίας
835 2215 927 2268 τοῦ
958 2216 1093 2269 Θεοῦ
1128 2213 1221 2269 καὶ
1253 2219 1332 2280 είς
1378 2217 1718 2288 παράστασιν
1759 2217 1857 2286 τῆς

280 2312 449 2364 ἀϊδίου
483 2309 628 2380 ζωῆς
657 2309 750 2362 τοῦ
782 2307 938 2370 Θεοῦ,
969 2310 1118 2362 οὐδὲν
1145 2306 1296 2378 οἶμαι
1328 2308 1417 2361 τὸν
1445 2308 1598 2377 λόγον
1625 2308 1856 2380 μεγαλο-

283 2402 490 2472 πρεπὲς
541 2402 832 2472 περιέχειν.
877 2400 1009 2453 Οὐδὲ
1055 2398 1162 2471 γὰρ
1204 2399 1296 2452 τὸν
1328 2399 1618 2470 σύμπαντα
1663 2399 1854 2464 αἰῶνα,

281 2494 404 2548 οὐδὲ
436 2494 525 2547 τὸν
556 2494 664 2548 ἀπὸ
694 2493 914 2565 πρώτης
948 2494 1176 2555 κτίσεως
1195 2493 1288 2545 τοῦ
1331 2493 1534 2564 κόσμου
1576 2493 1666 2546 καὶ
1695 2493 1857 2562 μέχρι

280 2584 382 2656 τῆς
407 2585 709 2649 συντελείας
735 2586 1125 2657 παρατείνοντα
1156 2585 1364 2656 χρόνον,
1387 2585 1448 2637 τὸ
1472 2586 1672 2656 ἀκαρὲς
1691 2584 1857 2656 ἠγοῦ-

283 2694 383 2748 μαι
409 2674 566 2740 εἶναι,
601 2677 698 2748 ούχ
727 2679 808 2730 ὃτι
839 2678 938 2748 τῆς
970 2679 1204 2748 ἡμέρας,
1247 2677 1358 2731 ἀλλ’
1385 2676 1503 2729 οὐδὲ
1530 2677 1628 2748 τῆς
1655 2677 1857 2748 βραχυ-

283 2770 450 2840 τάτης
483 2769 632 2841 ὥρας
667 2769 962 2841 παραθέσει
1002 2767 1099 2840 τῆς
1145 2770 1378 2841 ἀνάρχου
1421 2770 1516 2824 καὶ
1562 2771 1856 2842 ἀγεννήτου

281 2863 427 2933 ζωῆς
455 2863 547 2916 τοῦ
570 2863 724 2926 Θεοῦ,
767 2863 873 2936 πρὸ
904 2863 1118 2917 πάντων
1144 2864 1480 2936 ὑπάρχοντος
1510 2863 1739 2930 αἰώνων,
1765 2865 1858 2919 καὶ

285 2955 393 3025 πρὸ
430 2954 629 3018 παντὸς
658 2955 1042 3026 ὲπινοουμένου
1075 2956 1168 3009 καὶ
1201 2957 1280 3019 εἰς
1302 2957 1527 3027 ἄπειρον
1551 2957 1857 3028 ἐκτεινομέ-

280 3060 375 3100 νου
401 3046 682 3117 λογισμοῦ,
714 3047 855 3118 ὑπέρ
894 3063 955 3099 τε
986 3047 1111 3110 τοὺς
1143 3047 1279 3118 μετά
1313 3047 1482 3101 ταῦτα
1523 3049 1856 3121 ἀπεράντους

1961 655 2348 721 humilitatem;
2376 656 2478 709 hoc
2501 663 2608 720 est,
2663 654 2739 710 Ne
2767 663 2986 710 avertas
3014 671 3112 710 nos
3146 655 3213 710 ad
3240 663 3540 712 extremam

1959 747 2174 801 ruinam
2199 757 2252 804 et
2283 749 2666 803 humilitatem.
2692 747 2775 802 Tu
2808 763 3042 819 namque
3069 749 3118 804 vi
3146 750 3224 803 tui
3258 765 3387 820 erga
3440 750 3541 804 ho-

1958 837 2134 892 mines
2168 839 2372 892 amoris
2403 838 2516 893 btec
2551 837 2759 902 dixisti,
2798 847 2961 911 atque
3016 841 3270 896 omnibus
3307 839 3542 895 homini-

1956 930 2062 986 bus
2092 931 2230 984 hanc
2258 931 2698 1000 praedicationem
2727 932 2954 985 attulisti
3004 932 3214 1000 dicens,
3270 932 3542 988 Converti-

1959 1023 2113 1086 mini,
2149 1023 2251 1092 ﬁlii
2289 1023 2579 1078 hominum.
2612 1021 2667 1076 Si
2710 1023 2896 1094 itaque
2923 1025 3210 1080 clementia
3229 1033 3322 1079 tua
3346 1042 3542 1083 omnes

1958 1122 2168 1183 gentes,
2225 1130 2523 1184 omnesque
2591 1114 2731 1170 ﬁlios
2789 1115 3068 1171 hominum
3097 1119 3366 1185 evocavit,
3407 1120 3541 1174 etsi

1957 1223 2052 1261 eos
2081 1208 2171 1276 qui
2200 1207 2327 1260 olim
2356 1208 2454 1262 abs
2481 1216 2530 1262 te
2565 1208 2764 1269 aversi,
2823 1223 2889 1262 ac
2931 1209 3271 1264 daemonibus
3335 1212 3542 1280 spiriti-

1958 1298 2165 1369 busque
2193 1299 2444 1367 malignis
2467 1299 2672 1354 subditi
2698 1309 2874 1364 erant,
2905 1301 2973 1354 ad
3003 1307 3059 1356 te
3081 1303 3538 1372 convertijubes;

1959 1406 2028 1444 ne
2060 1406 2159 1445 nos
2178 1390 2470 1453 averseris,
2500 1406 2676 1461 neque
2706 1391 2764 1445 in
2791 1398 3092 1447 extremam
3120 1408 3283 1449 ruere
3309 1397 3541 1451 vastita-

1958 1489 2064 1536 tem
2091 1481 2263 1545 sinas,
2293 1487 2304 1491 "
2323 1483 2415 1552 qui
2471 1483 2597 1535 olim
2651 1483 2732 1536 tui
2767 1467 3092 1546 l‘uimus,‘ac
3113 1501 3237 1539 cum
3267 1488 3541 1541 tantillum

1959 1574 2216 1643 temporis
2249 1573 2646 1639 ﬂoruissemus,
2681 1575 3131 1630 torrentisinstar
3159 1576 3536 1631 transivimus.

1957 1665 2091 1719 Nam
2123 1667 2268 1722 mille
2292 1667 2419 1721 anni
2452 1669 2644 1731 nostri,
2705 1668 2862 1738 queis
2910 1668 3047 1723 bene
3082 1673 3201 1722 rem
3244 1669 3538 1738 gessimus,

1958 1759 2294 1815 transierunt
2323 1760 2464 1815 sicut
2493 1761 2610 1816 dies
2640 1760 2920 1824 hesterna,
2955 1776 3077 1831 quae
3096 1762 3374 1831 praeteriit.
3439 1761 3539 1816 Hic

1960 1868 2090 1907 vero
2111 1852 2442 1922 perpendere
2480 1853 2629 1917 libet,
2653 1869 2753 1908 cur
2774 1853 2827 1906 hi
2854 1854 3004 1908 mille
3045 1853 3174 1907 anni
3229 1869 3541 1910 memoren-

1957 1951 2067 2001 tur.
2103 1945 2160 1999 Si
2187 1946 2330 2001 enim
2364 1946 2580 2000 dicatur
2606 1947 2719 2001 haec
2752 1946 2817 1999 ad
2845 1947 3073 2018 gloriam
3109 1945 3200 2000 Dei
3223 1962 3364 2011 esse,
3399 1957 3452 2002 et
3469 1948 3538 2003 ad

1960 2038 2347 2108 sempiternam
2371 2037 2464 2093 Dei
2497 2039 2662 2092 vitam
2702 2037 3109 2104 declarandam,
3163 2039 3300 2092 nihil
3354 2042 3537 2111 magni

1959 2130 2062 2184 hoc
2088 2137 2218 2200 puto
2242 2145 2491 2185 sermone
2515 2129 2768 2200 proferri.
2803 2128 3013 2184 Etenim
3048 2143 3148 2185 nec
3163 2145 3325 2185 omne
3363 2147 3540 2185 saecu-

1959 2218 2093 2282 lum,
2127 2235 2302 2288 neque
2331 2220 2491 2274 etiam
2519 2228 2692 2273 totum
2726 2219 2860 2274 illud
2884 2225 3098 2290 tempus
3147 2219 3291 2290 quod
3315 2236 3342 2274 a
3364 2222 3538 2290 prima

1959 2309 2145 2364 mundi
2179 2310 2454 2365 creatione
2477 2325 2651 2380 usque
2703 2310 2769 2366 ad
2815 2311 2935 2380 ejus
2989 2313 3535 2378 consummationem,

1959 2407 2041 2460 vel
2072 2422 2170 2476 pro
2201 2408 2434 2471 tantillo,
2469 2423 2578 2462 non
2608 2408 2785 2462 dicam
2837 2408 3000 2463 unius
3051 2407 3179 2475 diei,
3233 2409 3329 2464 sed
3375 2409 3539 2463 unius

1959 2497 2294 2553 brevissimae
2352 2498 2499 2552 horae
2547 2498 2744 2566 spatio,
2804 2496 3113 2551 habendum
3155 2512 3276 2552 esse
3306 2506 3456 2568 puto,
3488 2499 3538 2553 si

1959 2599 2306 2660 comparetur
2334 2606 2457 2644 cum
2492 2590 2582 2643 illa
2612 2589 2731 2645 sine
2770 2589 3042 2659 principio
3091 2595 3145 2644 et
3187 2589 3540 2659 generatione

1957 2683 2069 2737 vita
2103 2682 2218 2743 Dei,
2247 2683 2341 2752 qui
2392 2690 2518 2737 ante
2560 2683 2740 2736 omnia
2799 2683 2998 2738 saecula
3041 2681 3273 2745 exsistit,
3323 2695 3538 2736 necnon

1960 2781 2085 2830 ante
2116 2789 2331 2829 omnem
2357 2774 2742 2846 cogitationem
2801 2775 2885 2829 vel
2930 2775 2987 2827 in
3048 2773 3319 2828 inﬁnitum
3351 2783 3540 2828 exten-

1960 2884 2105 2934 sam;
2136 2869 2338 2938 quique
2362 2870 2545 2922 omnia
2567 2866 2772 2931 futura,
2815 2866 3026 2922 inﬁnita
3083 2873 3138 2922 et
3190 2867 3539 2922 interminata

1959 2961 2156 3015 saecula
2178 2959 2465 3014 duratione
2521 2959 2750 3014 excedit.
2795 2957 3158 3025 Quamobrem
3211 2958 3372 3012 aliam
3403 2956 3536 3010 mihi

1958 3051 2280 3106 sententiam
2335 3049 2546 3108 videtur
2615 3050 2731 3103 haec
2795 3050 2972 3103 oratio
3031 3064 3354 3119 suggerere,
3412 3063 3538 3102 cum

283 3141 379 3192 καὶ
410 3139 799 3209 ἀτελευτήτους
831 3139 1033 3203 αἰῶνας
1051 3139 1420 3212 διαρκοῦντος.
1448 3141 1647 3212 Διόπερ
1671 3140 1856 3212 ἕτερόν

1959 3145 2216 3215 populum
2250 3143 2316 3199 ad
2352 3145 2468 3199 haec
2495 3143 2724 3198 dicenda
2782 3143 3060 3198 instituit:
3096 3143 3358 3209 Quoniam
3389 3141 3542 3195 mille

285 3249 374 3301 μοι
403 3231 548 3284 δοκεῖ
575 3232 699 3284 νοῦν
745 3232 1064 3286 ὑποϐάλλειν
1099 3233 1131 3302 ἡ
1171 3233 1419 3304 παροῦσα
1453 3233 1749 3305 προσευχὴ,
1780 3234 1855 3286 δι-

284 3323 555 3376 δάσκουσα
573 3323 664 3376 τὸν
692 3322 818 3376 λαὸν
840 3323 1019 3391 λέγειν
1037 3341 1050 3354 ο
1078 3324 1199 3376 Ὅτι
1219 3325 1385 3392 χίλια
1404 3322 1507 3390 ἔτη
1536 3323 1606 3376 ἑν
1637 3325 1857 3392 ὀφθαλ-

286 3416 416 3486 μοῖς
446 3431 561 3470 σου
610 3416 690 3481 ὡς
721 3416 758 3482 ἠ
806 3415 995 3485 ἡμέρα
1025 3417 1060 3484 ἡ
1099 3415 1291 3486 ἐχθὲς,
1321 3415 1452 3484 ἣτις
1493 3413 1719 3485 διῆλθε,
1755 3415 1853 3469 καὶ

286 3509 528 3579 φυλακὴ
561 3509 631 3562 ἐν
660 3508 854 3561 νυκτί.
888 3507 969 3560 Τὰ
987 3505 1115 3576 γοῦν
1150 3507 1322 3578 σεμνὰ
1349 3507 1448 3578 τῆς
1481 3507 1852 3580 Ἰερουσαλὴμ,

285 3600 344 3652 εν
373 3593 454 3662 οἷς
487 3598 547 3651 τὸ
579 3601 686 3652 πᾶν
713 3597 861 3660 ἔθνος
885 3597 1064 3651 αὐτῶν
1095 3599 1310 3669 ἧκμασέ
1339 3615 1397 3651 τε
1424 3601 1517 3651 καὶ
1537 3597 1767 3669 ῆνθησεν
1797 3600 1855 3652 ἐν

284 3689 537 3761 ἡμέραις,
562 3689 752 3761 ὥσπερ
783 3688 876 3743 καὶ
915 3689 1055 3758 φωτὶ
1083 3689 1294 3758 γέγονε,
1337 3689 1485 3743 ταῦτ’
1509 3686 1577 3762 ῆν
1612 3691 1678 3744 τὰ
1711 3691 1856 3760 χίλια

286 3783 400 3854 ετη.
440 3783 560 3837 Ἐπὶ
587 3784 766 3855 μόνοις
789 3783 894 3855 γὰρ
915 3784 1100 3855 χιλίοις
1118 3784 1259 3836 ἔτεσι
1281 3784 1573 3853 συνέστηκε
1602 3785 1857 3855 καίδιήρ-

285 3887 412 3925 κεσε
446 3872 515 3926 τὰ
546 3876 646 3944 τῆς
687 3874 746 3926 ὲν
773 3873 922 3943 τόπῳ
948 3873 1230 3945 λατρείας·
1260 3872 1295 3926 ἃ
1330 3872 1392 3944 δὴ
1421 3874 1513 3925 καὶ
1545 3873 1854 3944 ἀριθμεῖται

284 3963 472 4018 τοῦτον
499 3965 590 4018 τὸν
637 3965 854 4037 τρόπον.
897 3967 1028 4019 Ἀπὸ
1075 3966 1171 4036 μὲν
1193 3965 1294 4036 τῆς
1329 3965 1550 4037 πρώτης
1585 3966 1679 4018 τοῦ
1709 3966 1854 4037 ἱεροῦ

286 4057 629 4127 κατασκευῆς
677 4057 771 4110 καὶ
803 4057 910 4109 τῶν
958 4056 1268 4128 Σολομῶνος
1310 4057 1516 4128 χρόνων
1555 4058 1715 4128 μέχρι
1758 4058 1858 4128 τῆς

285 4148 393 4201 ὑπὸ
417 4147 769 4202 Βαϐυλωνίων
797 4148 1108 4220 πολιορκίας
1142 4148 1236 4218 ἐτη
1271 4148 1561 4216 συνάγεται
1593 4148 1727 4200 υλ6”
1757 4162 1856 4218 με-

284 4241 354 4294 τὰ
376 4241 431 4293 δὲ
454 4241 625 4295 ταῦτα
646 4243 724 4304 είς
752 4241 956 4312 ἔρημον
990 4242 1341 4312 περιστάντος
1364 4236 1459 4294 τοῦ
1482 4241 1668 4306 τόπου,
1701 4236 1857 4303 αὖθις

299 4331 505 4404 Ἰησοῦς
536 4333 631 4386 καὶ
643 4332 962 4404 Ζοροϐάϐελ,
990 4331 1126 4385 ότοῦ
1160 4331 1446 4402 Σαλαθιὴλ,
1480 4330 1619 4384 κατά
1649 4330 1711 4384 τὸ
1733 4330 1855 4382 δεύ-

285 4439 442 4494 τερον
473 4423 589 4487 ἔτος
621 4423 845 4494 Δαρείου
885 4423 976 4475 τοῦ
1005 4422 1214 4492 Πέρσου
1248 4421 1528 4475 ἀνανεοῦσι
1560 4421 1650 4474 τὸν
1675 4416 1854 4474 οἷκον·

286 4515 345 4580 ἐξ
371 4515 576 4568 ἐκείνου
605 4533 664 4567 τε
699 4516 792 4568 καὶ
823 4515 914 4568 ἐπὶ
947 4514 1010 4567 τὸ
1045 4515 1524 4568 πεντεκαιδέκατον
1557 4514 1675 4578 ἔτος
1701 4514 1858 4566 Τιϐε-

1961 3238 2086 3290 anni
2109 3237 2162 3289 in
2193 3235 2355 3290 oculis
2387 3237 2514 3300 tuis,
2551 3243 2802 3305 tanquam
2832 3234 2943 3288 dies
2968 3233 3232 3298 hesterna,
3257 3248 3372 3302 qua
3402 3248 3540 3301 prte-

1962 3328 2122 3393 teriit,
2155 3337 2202 3380 et
2237 3325 2479 3399 custodia
2514 3327 2569 3380 in
2601 3335 2770 3381 nocte.
2800 3324 3122 3380 Veneranda
3145 3340 3276 3395 ergo
3309 3306 3398 3378 illa
3415 3339 3539 3394 quae

1958 3421 2012 3475 in
2047 3419 2351 3476 Jerusalem
2391 3427 2568 3483 erant,
2601 3418 2803 3488 quibus
2838 3426 2949 3472 tota
2990 3433 3123 3488 gens
3171 3416 3261 3470 illa
3313 3415 3540 3470 ﬂorebat

1956 3519 2009 3568 et
2033 3513 2202 3566 multo
2230 3510 2440 3566 dierum
2471 3511 2746 3565 curriculo
2774 3510 2912 3566 bene
2943 3525 3056 3564 rem
3085 3508 3326 3579 gerebat,
3379 3509 3536 3576 quasi

1957 3604 2012 3658 in
2037 3606 2156 3659 luce
2188 3605 2426 3673 degens;
2455 3603 2592 3666 haec,
2621 3604 2866 3673 inquam,
2930 3617 3030 3672 pro
3080 3601 3226 3655 mille
3252 3600 3410 3655 annis
3438 3599 3538 3654 ha-

1955 3693 2152 3752 benda.
2206 3694 2341 3748 Nam
2402 3695 2563 3750 annis
2605 3693 2753 3750 mille
2814 3694 3080 3748 duntaxat
3132 3693 3310 3748 cultus
3345 3692 3451 3746 hoc
3480 3692 3536 3745 in

1957 3788 2078 3842 loco
2125 3795 2364 3842 statutus
2399 3787 2620 3841 duravit
2667 3795 2721 3841 et
2771 3785 3018 3841 constitit
3055 3805 3067 3838 :
3101 3785 3196 3855 qui
3256 3783 3386 3838 anni
3433 3784 3538 3838 hoc
3619 3779 3622 3781 Α

1957 3887 2115 3950 pacto
2145 3887 2518 3934 numerantur.
2580 3878 2625 3930 A
2675 3879 2848 3948 prima
2895 3877 3079 3946 templi
3129 3875 3449 3930 l‘undatione
3481 3883 3540 3929 et

1959 3971 2295 4039 temporibus
2350 3970 2682 4033 Salomonis,
2752 3969 2818 4022 ad
2875 3984 3053 4037 usque
3114 3967 3536 4038 Babyloniorum

1957 4064 2318 4126 obsidionem,
2336 4064 2464 4116 anni
2485 4069 2874 4132 computantur
2897 4058 3281 4130 quadringenti
3307 4059 3537 4130 triginta

1958 4157 2085 4211 duo.
2119 4155 2249 4211 Post
2272 4156 2388 4209 hac
2416 4161 2595 4208 autem
2620 4158 2742 4207 com
2775 4153 2928 4206 locus
2951 4152 3004 4205 in
3041 4150 3391 4206 solitudinem
3421 4164 3539 4204 ver-

1959 4261 2054 4303 sus
2069 4253 2234 4312 esset,
2266 4261 2481 4300 rursum
2498 4243 2658 4299 Jesus
2675 4251 2728 4298 et
2747 4243 3068 4306 Zorobabel,
3090 4243 3231 4297 ﬁlius
3252 4241 3536 4306 Salathiel,

1960 4351 2108 4391 anno
2148 4335 2390 4392 secundo
2438 4335 2585 4388 Darii
2631 4333 2811 4390 Persa:
2844 4335 3064 4388 domum
3130 4340 3532 4389 restaurarunt.

1958 4429 2041 4485 Ab
2065 4430 2159 4484 illo
2187 4437 2364 4483 autem
2396 4435 2639 4496 tempore
2675 4442 2846 4496 usque
2879 4425 2945 4480 ad
2977 4425 3229 4495 quintum
3264 4425 3536 4481 decimum

1961 4535 2164 4574 annum
2193 4519 2397 4573 Tiberii
2422 4517 2677 4581 Caesaris,
2715 4517 3048 4586 colliguntur
3068 4516 3195 4569 anni
3253 4513 3536 4584 quingenti

288 4607 405 4679 ρίου
455 4607 730 4676 Καίσαρος
763 4607 858 4677 ἐτη
915 4607 1202 4676 συνάγεται
1236 4614 1396 4677 mm"
1445 4606 1585 4660 ὥστε
1621 4604 1756 4661 εῖναι
1788 4605 1856 4659 τὰ

1960 4607 2318 4681 quadraginta
2343 4621 2396 4662 et
2417 4616 2576 4671 octo;
2605 4608 2675 4660 ita
2706 4614 2764 4660 ut
2790 4620 2981 4660 omnes
3006 4606 3077 4660 'ad
3110 4620 3374 4659 summam
3397 4619 3536 4657 non-

287 4702 466 4755 πάντα
493 4703 615 4768 ἒπκ
657 4700 901 4771 Διέμεινέ
929 4717 988 4753 τε
1012 4698 1383 4770 χειμαζομένη
1421 4700 1514 4752 καὶ
1550 4697 1858 4753 ἀστατοῦσα

285 4794 321 4865 ἡ
356 4793 510 4856 πόλις
545 4793 681 4864 μετὰ
719 4794 815 4865 τὴν
856 4792 996 4845 κατὰ
1024 4791 1116 4845 τοῦ
1151 4793 1400 4863 Σωτῆρος
1436 4790 1595 4862 ἡμῶν
1635 4791 1856 4844 ἐπιϐου-

284 4884 384 4956 λὴν
416 4886 592 4940 αὐτῶν
643 4886 848 4957 ἑτέροις
875 4884 1016 4937 ἔτεσι
1054 4885 1124 4954 μ’·
1161 4884 1276 4954 μεθ’
1307 4885 1342 4937 ἃ
1383 4886 1412 4937 ό
1449 4883 1715 4954 παντελὴς
1762 4884 1858 4936 αύ-

285 4980 412 5040 τοὺς
465 4977 726 5047 μετῆλθεν
772 4976 1010 5048 ὄλεθρος.
1051 4977 1145 5029 καὶ
1180 4979 1213 5046 ή
1241 4976 1443 5045 ὑστάτη
1490 4975 1857 5046 πολιορκία,ἡ

287 5071 393 5123 ὑπὸ
426 5072 708 5142 Ῥωμαίων
730 5070 992 5142 γενομένη
1021 5069 1160 5123 κατά
1181 5070 1338 5123 Τίτον
1383 5069 1477 5122 καὶ
1518 5069 1858 5122 Οὐεσπασια-

287 5163 376 5216 νὺν
414 5164 832 5236 αὐτοκράτορας.

358 5256 520 5310 Ταῦτ’
551 5253 641 5310 οὖν
669 5254 735 5328 ἦν
762 5258 831 5310 τὰ
861 5257 1004 5327 χίλια
1031 5255 1125 5326 ἔτη
1162 5257 1289 5327 περὶ
1315 5249 1390 5308 ὧν
1419 5255 1653 5326 εἴρηται,
1697 5255 1792 5318 Ὠς
1820 5255 1857 5322 ἡ

287 5348 477 5417 ἡμέρα
500 5351 538 5417 ἡ
577 5348 774 5419 ἐχθὲς,
812 5349 944 5415 ἣτις
976 5347 1202 5415 διῆλθε.
1238 5347 1522 5400 Διελθόντα
1553 5347 1660 5417 γὰρ
1688 5345 1857 5398 ταῦτα

287 5443 382 5494 καὶ
419 5442 611 5512 μηκέτι
653 5442 783 5494 ὄντα
816 5439 1201 5494 ἁποκλαίονται
1232 5442 1279 5492 ot
1305 5440 1392 5493 διὰ
1419 5440 1516 5510 τῆς
1551 5438 1858 5509 προσευχῆς

285 5531 377 5584 τὸν
407 5532 538 5585 Θεὸν
577 5534 870 5604 ἱλεούμενοι
895 5551 908 5564 ’
941 5532 1075 5586 ἀλλὰ
1098 5534 1190 5586 καὶ
1221 5533 1296 5594 ὡς
1328 5531 1571 5602 φυλακὴν
1611 5547 1858 5601 νυκτερι-

287 5623 384 5695 νὴν
416 5624 588 5679 ταῦτά
620 5644 749 5695 φασι
781 5627 848 5680 τὰ
870 5627 1016 5697 χίλια
1047 5627 1140 5698 ἔτη
1175 5626 1622 5697 παρεληλυθέναι.
1654 5625 1859 5694 Λύχνος

287 5720 396 5789 γάρ
425 5714 542 5789 ἦνό
585 5721 858 5783 Μωῦσέως
905 5721 1065 5792 νόμος
1107 5723 1164 5774 ἐν
1209 5721 1360 5773 νυκτὶ
1394 5720 1599 5789 φαίνων
1641 5720 1854 5782 αὐτοῖς·

287 5812 421 5864 ἀλλὰ
451 5812 545 5863 καὶ
568 5813 615 5863 οἱ
644 5813 940 5882 προφῆται,
973 5815 1020 5865 οἱ
1057 5811 1193 5883 μετὰ
1215 5813 1476 5874 Μωῦσέα,
1506 5810 1686 5880 λύχνοι
1718 5806 1858 5881 ἦσαν

287 5904 319 5969 ἦ
353 5903 448 5958 καί
471 5903 695 5967 ἀστέρες
730 5905 784 5957 ἐν
838 5904 991 5959 νυκτὶ
1024 5903 1324 5966 φαίνοντες,
1355 5903 1508 5959 οῦπω
1556 5904 1646 5958 τοῦ
1683 5903 1858 5963 φωτὸς

1959 4709 2244 4772 gentorum
2279 4708 2332 4755 et
2357 4700 2634 4769 octoginta
2677 4704 3060 4767 supputentur.
3120 4695 3250 4751 Post
3305 4693 3535 4749 insidias

1958 4810 2088 4849 vero
2119 4794 2186 4847 ab
2214 4794 2283 4848 iis
2302 4799 2493 4847 contra
2521 4792 2854 4845 Salvatorem
2883 4799 3128 4843 nostrum
3159 4794 3416 4848 structas,
3441 4795 3534 4840 tu-

1961 4883 2220 4936 multibus
2255 4890 2307 4936 et
2339 4881 2699 4936 seditionibus
2729 4879 2928 4948 agitata
2951 4877 3160 4952 civitas,
3193 4875 3370 4930 adhuc
3398 4889 3536 4944 qua-

1960 4974 2208 5045 draginta
2232 4974 2391 5028 annis
2413 4973 2710 5043 permansit
2743 4969 2982 5040 :quibus
3042 4969 3262 5037 elapsis,
3299 4968 3533 5020 accessit

1961 5075 2204 5121 extrema
2231 5081 2419 5120 eorum
2447 5063 2737 5134 pernicies,
2768 5070 2820 5114 et
2850 5061 3041 5113 ultima
3067 5058 3302 5122 obsidio,
3333 5055 3452 5111 Tito
3477 5065 3532 5110 et

1963 5159 2299 5228 Vespasiano
2329 5157 2772 5226 imperatoribus,
2805 5168 2833 5205 a
2858 5151 3125 5206 Romanis
3159 5150 3318 5203 facta.

2034 5253 2098 5306 l-li
2141 5254 2320 5321 itaque
2370 5250 2518 5304 mille
2571 5247 2699 5300 anni
2746 5253 2922 5307 erant,
2973 5244 3040 5297 de
3085 5241 3284 5310 quibus
3307 5239 3528 5306 dicitur,

1965 5344 2236 5416 Tanquam
2271 5343 2381 5396 dies
2404 5343 2643 5395 hesterna
2667 5354 2784 5410 qua:
2809 5335 3083 5406 praeteriit.
3110 5332 3245 5386 Nam
3283 5332 3403 5386 illos
3428 5347 3529 5386 an-

1963 5455 2063 5493 nos
2088 5453 2183 5492 ceu
2217 5435 2516 5507 praeteritos
2544 5440 2597 5487 et
2623 5433 2836 5500 elapsos
2858 5428 3161 5497 deplorant,
3207 5425 3300 5494 qui
3331 5425 3384 5478 in
3405 5439 3534 5477 ora-

1962 5530 2286 5602 tioneiDeum
2301 5528 2516 5598 placare
2527 5532 2796 5578 conantur
2814 5539 2828 5589 ;
2847 5521 2955 5574 imo
2965 5519 3126 5574 etiam
3140 5517 3294 5587 quasi
3309 5523 3540 5569 noctur-

1961 5642 2088 5681 nam
2121 5623 2446 5687 custodiam,
2480 5620 2626 5674 mille
2655 5633 2828 5672 annos
2855 5617 2976 5671 illos
3018 5612 3289 5668 ellluxisse
3317 5610 3529 5664 dicunt.

1962 5717 2096 5770 Nam
2133 5714 2333 5784 Moysis
2365 5712 2449 5767 lex
2479 5711 2702 5763 lucerna
2725 5714 2844 5762 erat
2902 5706 2958 5760 in
3022 5711 3180 5757 nocte
3239 5699 3536 5771 splendens

1963 5809 2133 5878 ipsis;
2164 5803 2584 5877 pr0phetaeitem
2614 5803 2705 5870 qui
2739 5808 2860 5871 post
2887 5797 3124 5868 Moysem
3158 5795 3398 5855 fuerunt,
3439 5793 3536 5846 .lu-

1963 5916 2138 5956 ccruaz
2166 5905 2344 5959 erant.
2376 5897 2490 5952 sive
2533 5895 2698 5950 stellae
2759 5891 2814 5950 in
2877 5897 3034 5946 nocte
3059 5887 3357 5951 fulgentes,
3407 5897 3536 5940 cum
