4068 6394
560 376 698 444 “55

1230 382 1501 443 EUSEBH
1540 383 2019 441 CAESARIENSIS
2061 383 2211 440 OPP.
2265 382 2447 439 PARS
2488 383 2574 438 Ill.
2604 414 2673 425 —
2704 380 3115 439 EXEGETICA.

3659 374 3811 440 H36

556 508 798 564 nondum
827 508 915 561 lux
952 508 1168 573 solaris,
1205 508 1258 561 id
1307 517 1391 563 est
1442 508 1698 564 salutaris
1764 507 1947 573 Verbi,
1992 523 2114 578 pro-

2220 504 2313 558 τοῦ
2347 504 2589 577 ἡλιακοῦ,
2624 505 2864 557 τουτέστι
2912 503 3005 556 τοῦ
3038 503 3303 574 σωτηρίου
3346 490 3542 571 Λόγου,
3575 504 3679 574 τὴν
3727 504 3816 556 οι-

556 601 730 672 priam
751 599 891 654 diem
918 614 980 653 ac
1012 600 1292 654 meridiem
1326 600 1581 655 omnibus
1631 600 1883 670 gentibus
1928 600 2122 669 ,lueere

558 690 797 745 fecisset.
822 688 1079 743 Custodia
1107 704 1244 743 vero
1276 698 1562 754 nocturna,
1617 688 1889 759 quoddam
1944 687 2125 742 noctis

553 791 768 853 tempus
797 791 1040 837 vocatur.
1073 780 1188 836 Hoc
1206 796 1369 851 porro
1412 781 1682 851 intelligas
1711 795 1777 835 ex
1809 779 2123 849 Evangelia,

553 874 610 929 in
645 889 753 943 quo
777 873 981 928 dictum
1032 882 1115 928 est
1144 891 1157 926 :
1190 872 1398 939 Quarta
1448 883 1621 925 autem
1664 870 1907 925 custodia
1953 872 2123 925 noctis

553 970 689 1022 venit
709 966 865 1021 Iesus
890 964 1166 1019 ambulans
1201 981 1361 1034 supra
1400 982 1544 1019 mare
1572 964 1614 1027 ⁸7
1640 981 1659 1029 ;
1690 980 1753 1019 ac
1794 980 2033 1030 rursum,
2066 964 2126 1020 Si

552 1061 708 1113 sciret
723 1058 1112 1127 paterfamilias
1130 1074 1233 1127 qua
1257 1058 1494 1110 custodia
1515 1059 1601 1125 fur
1616 1058 1806 1111 veniret
1819 1058 1883 1112 ⁸⁸.
1910 1056 1972 1111 Hi
1996 1073 2125 1127 ergo

550 1153 698 1207 mille
732 1152 859 1206 anni
893 1168 998 1205 non
1030 1151 1189 1205 modo
1222 1150 1348 1211 diei,
1378 1166 1497 1218 qua:
1542 1151 1800 1219 praeteriit
1841 1166 1939 1205 nec
1982 1152 2123 1203 ultra

552 1244 788 1307 exsistit,
820 1242 1183 1298 conferuntur
1202 1243 1324 1307 ;sed
1344 1243 1504 1295 etiam
1523 1242 1748 1296 modica:
1764 1243 1938 1297 noctis
1951 1243 2088 1311 parti
2108 1260 2121 1307 ;

551 1336 625 1389 ita
659 1342 716 1388 ut
740 1350 849 1388 non
881 1334 1089 1403 integra
1125 1349 1251 1393 nox,
1273 1334 1363 1387 sed
1394 1334 1513 1402 ejus
1552 1349 1677 1403 pars
1702 1334 2031 1397 declaretur,
2066 1334 2120 1387 in

555 1441 664 1496 qua
717 1425 1022 1481 custodiam
1078 1426 1325 1494 corporei
1362 1425 1496 1493 legis
1518 1425 1699 1479 cultus
1734 1425 2118 1479 observabant.

556 1516 670 1570 Sub
699 1516 814 1571 hzec
837 1515 1037 1570 dicitur
1070 1532 1081 1566 :
1120 1516 1251 1582 Quae
1275 1530 1369 1583 pro
1406 1515 1569 1569 nihilo
1608 1515 1863 1569 habentur
1913 1530 2115 1579 eorum,

551 1611 679 1666 anni
732 1618 899 1663 erunt.
964 1607 1169 1664 Horum
1221 1608 1355 1663 mihi
1403 1610 1517 1663 haec
1577 1608 1791 1663 videtur
1850 1608 2119 1662 sententia

549 1716 718 1758 esse:
772 1700 914 1754 Anni
955 1715 1143 1755 eorum
1199 1715 1299 1770 pro
1344 1700 1515 1753 nihilo
1566 1706 1747 1754 erunt.
1807 1698 1927 1753 Non
1972 1700 2116 1754 enim

550 1793 778 1848 ulterius
808 1792 936 1846 anni
988 1792 1066 1846 illi
1126 1793 1179 1845 in
1244 1792 1454 1846 honore
1505 1802 1685 1854 erunt,
1728 1807 1835 1847 non
1865 1791 2114 1853 curandi,

2227 600 2378 652 κείαν
2403 598 2617 669 ἡμέραν
2649 614 2708 649 τε
2743 597 2835 649 καὶ⁸
2889 595 3233 667 μεσημϐρίαν
3272 596 3405 649 πᾶσι
3432 597 3545 659 τοῖς
3584 595 3811 649 ἔθνεσιν

2224 691 2648 762 ἐπιλάμψαντος.
2679 689 2895 759 Φυλακὴ
2928 689 2985 742 δὲ
3029 687 3316 759 νυκτερινὴ
3363 686 3551 757 καιρὸς
3582 687 3815 757 ὠνόμα-

2227 799 2347 834 σται
2374 781 2474 851 τῆς
2510 781 2700 843 νυκτός
2720 797 2732 810 ⁸
2758 780 2916 832 τοῦτο
2949 780 3004 832 δὲ
3038 781 3247 849 νοήσεις
3278 778 3383 831 ἀπὸ
3409 777 3501 831 τοῦ
3544 778 3809 845 Εὐαγγε-

2223 873 2357 935 λίου,
2382 874 2439 925 ἐν
2462 866 2505 940 ᾧ
2532 873 2743 943 εἴρηται
2762 888 2774 900 ·
2810 870 3058 939 Τετάρτῃ
3084 870 3152 922 δὲ
3183 868 3427 938 φυλακῇ
3447 868 3557 937 τῆς
3577 870 3813 935 νυκτὸς

2222 962 2408 1036 ἦλθεν
2446 969 2478 1019 ό
2516 966 2735 1033 Ἰησοῦς
2793 963 3127 1032 περιπατῶν
3157 964 3253 1016 ἐπὶ
3295 962 3403 1031 τῆς
3442 963 3807 1031 θαλάσσης·

2225 1061 2317 1113 καὶ
2353 1059 2541 1113 πάλων
2578 1062 2645 1113 El
2680 1058 2807 1127 ᾔδει
2853 1062 2885 1112 ὁ
2915 1057 3344 1123 οἰκοδεσπότης
3379 1056 3518 1124 ποίᾳ
3548 1055 3810 1125 φυλακῇ

2224 1155 2256 1205 ό
2303 1152 2569 1219 κλέπτης
2615 1150 2867 1219 ἔρχεται.
2897 1148 3158 1219 Δηλοῦται
3202 1148 3381 1201 τοίνυν
3413 1147 3483 1200 τὰ
3511 1148 3659 1217 χίλια
3700 1148 3803 1218 ἐτη

2224 1243 2322 1311 οὺχ
2347 1242 2420 1305 ῶς
2442 1242 2623 1311 ἡμέρα
2644 1242 2677 1311 ἡ
2711 1240 3072 1310 παρελθοῦσα,
3104 1241 3197 1292 καὶ
3224 1240 3413 1310 μηκέτ’
3439 1235 3571 1292 οὖσα
3613 1240 3803 1309 μόνον,

2224 1332 2358 1383 ἀλλὰ
2395 1331 2487 1384 καὶ
2519 1332 2595 1395 ὼς
2636 1331 2810 1401 βραχύ
2840 1349 2892 1382 τι
2932 1331 3116 1401 μόριον
3156 1326 3369 1393 νυκτὸς,
3396 1330 3471 1393 ὡς
3500 1331 3634 1400 μηδέ
3669 1331 3805 1399 ὃλην

2224 1423 2394 1476 νύκτα
2426 1423 2634 1493 νοῆσαι,
2681 1422 2818 1476 ἀλλὰ
2859 1422 3022 1493 μέρος
3062 1438 3114 1473 τι
3146 1420 3368 1491 ταύτης,
3405 1423 3463 1474 ἐν
3490 1414 3535 1488 ᾧ
3564 1421 3663 1493 τὴν
3694 1440 3803 1491 φυ-

2220 1512 2391 1583 λακὴν
2416 1512 2511 1583 τῆς
2543 1514 2856 1584 σωματικῆς
2887 1513 2981 1566 τοῦ
3024 1513 3185 1583 νόμου
3213 1513 3466 1583 λατρείας
3493 1516 3801 1583 περιεῖπον.

2221 1606 2444 1669 Τούτοις
2492 1605 2620 1675 ἑξῆς
2668 1606 2915 1678 είρηται’
2974 1609 3049 1660 Τὰ
3105 1605 3554 1675 ὲξουδενώματα
3596 1606 3804 1661 αὐτῶν

2219 1698 2321 1764 ἐτη
2350 1697 2610 1750 ἔσονται.
2638 1699 2796 1750 Δοκεῖ
2821 1716 2912 1769 μοι
2934 1699 3027 1751 καὶ
3060 1698 3092 1768 ἡ
3120 1697 3320 1750 τούτων
3341 1699 3546 1752 διάνοια
3572 1699 3800 1770 τοιαύτη

2221 1805 2303 1852 τις
2334 1785 2472 1842 εἶναι
2496 1806 2508 1818 ·
2541 1788 2622 1841 Τὰ
2644 1788 2737 1859 ἐτη
2770 1789 2948 1842 αὐτῶν
2978 1788 3385 1860 ἐξουδενώματα
3417 1789 3648 1843 ἔσονται.
3682 1791 3801 1843 Οὐκ

551 1898 661 1941 non
695 1882 988 1937 necessarii
1040 1882 1426 1948 habebuntur;
1485 1882 1575 1936 sed
1622 1881 1863 1950 despecti
1911 1896 1975 1936 ac
2024 1896 2114 1952 pro

2224 1878 2303 1931 ἐτι
2336 1880 2444 1950 γὰρ
2499 1880 2692 1951 ἔντιμα
2738 1880 2852 1952 ἐτη,
2887 1881 3006 1935 ούδέ
3054 1882 3309 1935 σπουδαῖα
3362 1883 3456 1937 καὶ
3500 1883 3798 1951 ἀναγκαῖα,

548 1973 720 2028 nihilo
778 1975 1010 2044 reputati
1062 1983 1241 2029 erunt.
1296 1972 1579 2039 Quomodo
1629 1981 1812 2028 autem
1860 1973 1988 2028 anni
2025 1989 2117 2027 eo-

547 2079 668 2117 rum
708 2079 806 2134 pro
850 2064 1021 2118 nihilo
1074 2065 1357 2134 reputandi
1413 2064 1543 2125 sint,
1591 2063 1849 2134 deinceps
1877 2063 2118 2117 declarat

550 2154 776 2211 dicens:
816 2156 973 2211 Mane
1048 2158 1185 2211 sicut
1263 2156 1423 2210 herba
1490 2165 1763 2223 transeat,
1813 2173 1966 2209 mane
2020 2157 2114 2224 flo-

544 2255 660 2299 reat
686 2255 735 2299 et
761 2254 1015 2311 transeat,
1042 2261 1245 2314 vespere
1277 2245 1505 2308 decidat,
1540 2245 1751 2299 induret
1784 2254 1835 2299 et
1871 2254 2116 2308 arescat,

545 2338 669 2406 quia
703 2337 983 2406 defecimus
1016 2339 1070 2391 in
1102 2340 1185 2391 ira
1211 2347 1320 2393 tua.
1348 2337 1487 2393 Olim
1514 2339 1755 2409 quidem,
1775 2340 1871 2404 ait,
1898 2339 2119 2409 quando

545 2444 634 2483 res
668 2439 869 2484 nostra:
890 2430 1174 2484 exordium
1206 2429 1501 2494 ducebant,
1533 2438 1587 2488 et
1620 2430 1675 2485 in
1711 2431 1979 2485 matutino
2000 2446 2120 2485 era-

544 2536 690 2583 mus,
722 2522 877 2591 quasi
902 2521 1070 2576 herba
1104 2520 1304 2575 fuimus
1338 2539 1351 2574 :
1400 2519 1497 2574 sed
1537 2536 1662 2576 cum
1716 2521 1808 2575 illa
1843 2522 2119 2591 generatio

543 2613 916 2681 prasteriisset,
941 2613 1107 2667 herba
1150 2612 1389 2666 transiit.
1424 2612 1539 2667 Sub
1568 2613 1683 2667 haec
1712 2621 1895 2669 autem
1930 2612 2119 2667 ﬂorui-

544 2714 688 2767 mus,
720 2712 773 2759 et
805 2705 1038 2774 amplius
1067 2703 1197 2775 quid
1224 2718 1286 2757 ac
1312 2704 1492 2772 majus
1521 2719 1684 2774 quam
1717 2704 1941 2759 herbam
1972 2703 2117 2758 nacti

546 2812 767 2861 sumus,
804 2797 879 2849 ita
932 2804 989 2851 ut
1043 2797 1144 2853 flos
1192 2798 1247 2852 in
1307 2798 1469 2852 nobis
1507 2797 1875 2867 reperiretur:
1925 2804 1981 2849 at
2032 2796 2121 2851 hic

546 2890 765 2957 quoque
794 2887 893 2944 llos
924 2889 1201 2958 praeteriit.
1238 2888 1509 2945 Extremis
1559 2904 1691 2943 vero
1742 2888 2077 2957 temporibus
2101 2928 2117 2954 ,

546 2978 827 3033 occidente
856 2994 1081 3049 prorsus
1116 2979 1274 3034 nobis
1311 2978 1550 3041 lumine,
1604 2990 1729 3031 cum
1764 2992 1865 3031 nos
1892 2990 2119 3045 vespera

542 3080 885 3141 occupasset,
905 3071 1206 3127 escidimus
1244 3085 1473 3141 prorsus
1506 3069 1766 3124 exsiccati
1792 3076 1845 3123 et
1870 3067 2113 3134 arefacti;

545 3163 709 3225 idque
733 3163 971 3232 perpessi
1000 3179 1213 3227 sumus,
1250 3163 1389 3229 Quia
1411 3163 1695 3231 defecimus
1711 3162 1766 3216 in
1789 3162 1871 3215 ira
1901 3170 1990 3214 tua
2013 3201 2029 3226 ,
2068 3167 2117 3214 et

542 3254 598 3309 in
626 3254 802 3324 furore
836 3265 924 3309 tuo
960 3255 1160 3308 turbati
1207 3272 1409 3310 sumus.
1447 3254 1761 3309 Secundum
1794 3255 1954 3307 aliam
1981 3269 2107 3308 vero

542 3346 867 3401 sententiam
895 3354 1075 3416 potest
1098 3347 1231 3402 dicti
1258 3347 1425 3415 hujus
1457 3347 1682 3417 physica
1710 3345 1855 3399 ratio
1909 3344 2113 3407 aﬂ‘erri;

540 3436 687 3505 quod
736 3436 945 3492 scilicet
997 3436 1236 3490 humana
1273 3444 1467 3490 natura
1500 3436 1553 3489 in
1602 3435 1890 3503 juventute
1941 3433 2117 3489 instar

541 3525 723 3580 h'erbm
760 3534 959 3582 tenerae
1015 3527 1281 3597 pullulet:
1321 3534 1509 3595 postea
1544 3541 1673 3581 vero
1727 3526 1782 3581 in
1807 3524 1983 3579 astatis
2030 3525 2112 3578 vi-

541 3630 679 3684 gere.
694 3614 918 3683 ﬂoreat;
968 3625 1245 3685 postremo
1276 3625 1459 3672 autem
1493 3616 1550 3670 in
1583 3616 1881 3671 senectutis
1926 3615 2115 3669 limine

541 3707 775 3772 decidat,
808 3724 907 3763 nec
940 3710 1044 3762 alio
1104 3709 1263 3763 modo
1288 3751 1303 3774 ,
1363 3724 1527 3780 quam
1559 3710 1688 3778 quia
1730 3708 1963 3777 primum
2003 3722 2113 3778 pra:

541 3807 822 3853 senectute
856 3798 1107 3852 indurata
1137 3798 1344 3863 fuerat,
1378 3816 1442 3853 ac
1474 3808 1660 3869 postea
1694 3800 1910 3869 penitus
1936 3801 2115 3852 exsic-

541 3900 694 3955 cata;
750 3898 804 3944 et
854 3890 1000 3960 quod
1041 3904 1265 3959 vespera
1322 3891 1657 3962 signiﬁcetur
1695 3899 1937 3945 extrema
1990 3890 2113 3944 vita:

542 3983 811 4037 humanae.

610 4174 776 4229 Vens.
811 4175 960 4233 840.
1008 4175 1243 4231 Posuisti
1272 4178 1573 4249 iniquitates
1617 4190 1827 4237 nostras
1884 4184 1937 4236 in
1987 4200 2111 4238 con-

536 4276 715 4335 spectu
752 4277 841 4321 tuo
870 4284 887 4320 :
920 4269 1170 4322 swculum
1201 4279 1437 4324 nostrum
1477 4274 1532 4326 in
1561 4273 1955 4329 illuminatioue
1992 4277 2109 4330 vul-

536 4364 623 4411 tus
648 4359 745 4413 tui.
782 4358 1045 4424 Quoniam
1071 4376 1246 4413 omnes
1269 4360 1379 4414 dies
1420 4364 1589 4416 nostri
1629 4363 1947 4432 defecerunt,
1974 4380 2022 4420 et
2055 4366 2109 4419 in

536 4452 621 4505 ira
650 4459 741 4504 tua
767 4451 1069 4520 defecimus.
1106 4450 1493 4524 Symmachus,
1520 4455 1827 4525 Apposuisti
1850 4458 2107 4527 iniquita-

536 4552 613 4598 tes
645 4552 853 4598 nostras
882 4545 935 4597 in
978 4556 1250 4614 conspectu
1290 4556 1399 4611 tuo,
1435 4549 1776 4618 negligentias
1806 4560 2016 4604 nostras
2050 4559 2107 4604 ut

2222 1969 2335 2023 ἀλλ’
2365 1969 2758 2041 ἐξουθενημένα
2796 1971 2889 2025 καὶ
2923 1974 3001 2035 είς
3032 1973 3092 2024 τὸ
3127 1971 3288 2043 μηδέν
3319 1972 3675 2043 λελογισμένα
3701 1990 3796 2041 γε-

2219 2063 2457 2133 νήσεται.
2489 2063 2612 2126 Πῶς
2642 2064 2697 2116 δὲ
2732 2066 2810 2126 εἰς
2838 2063 2987 2117 οὐδὲν
3010 2064 3364 2134 λελογισμένα
3385 2067 3674 2135 γενήσεται
3696 2066 3798 2119 αὺ-

2218 2152 2325 2205 τῶν
2372 2154 2438 2206 τὰ
2484 2152 2598 2223 έτη,
2627 2154 2883 2223 διασαφεῖ
2928 2155 3101 2222 λέγων
3148 2155 3303 2225 ἑξῆς·
3341 2156 3413 2209 Τὸ
3462 2156 3612 2224 πρωῒ
3636 2157 3719 2223 ὡς
3754 2157 3795 2225 ἠ

2220 2247 2371 2313 χλόη
2396 2244 2697 2313 παρέλθοι,
2722 2246 2788 2298 τὸ
2812 2248 2960 2314 πρωῒ
2981 2247 3241 2315 ἀνθῆσαι
3265 2247 3361 2301 καὶ
3385 2247 3667 2315 παρέλθοι
3688 2266 3702 2280 '
3730 2249 3798 2302 τὸ

2219 2335 2478 2403 ἑσπέρας
2512 2337 2827 2401 ἀποπέσοι,
2868 2340 3267 2405 σκληρυνθείη
3320 2340 3417 2393 καὶ
3451 2338 3795 2408 (inpar-Bel”,

2220 2427 2307 2481 ὅτι
2325 2429 2681 2498 ἐξελίπομεν
2702 2430 2770 2482 ἐν
2799 2429 2873 2497 τῇ
2897 2430 3041 2498 ὀργῇ
3072 2447 3207 2484 σου.
3239 2430 3411 2484 Πάλαι
3438 2432 3533 2502 μὲν
3553 2428 3669 2493 οὖν,
3695 2448 3797 2503 φη-

2222 2521 2324 2574 σὶν.
2356 2521 2444 2573 ὅτε
2475 2522 2648 2592 ἀρχὰς
2676 2518 2786 2591 εἶχε
2819 2522 2884 2574 τὰ
2912 2516 3031 2576 ἔξιθ’
3063 2525 3208 2593 ἡμᾶς
3233 2525 3324 2577 καὶ
3344 2526 3401 2576 ἐν
3422 2525 3604 2595 πρωῖα
3631 2520 3794 2595 ἦμεν,

2219 2610 2520 2680 γεγόναμεν
2548 2611 2621 2674 ὡς
2645 2613 2675 2681 ἡ
2696 2611 2822 2681 χλόη
2844 2629 2857 2641 ·
2890 2612 3022 2664 ἀλλὰ
3053 2613 3427 2686 παρελθούσης
3455 2615 3669 2686 ἐκείνης
3700 2616 3797 2685 τῆς

2220 2703 2433 2771 γενεᾶς,
2460 2701 2733 2773 παρῆλθεν
2768 2704 2799 2774 ὴ
2833 2702 2983 2774 χλόη.
3010 2706 3164 2759 Μετὰ
3188 2705 3359 2759 ταῦτα
3379 2706 3435 2759 δὲ
3457 2706 3795 2777 ὴνθήσαμεν,

2223 2794 2406 2864 μεῖζόν
2430 2811 2490 2846 τε
2522 2796 2615 2847 καὶ
2653 2796 2812 2849 πλέον
2848 2796 2946 2865 τῆς
2975 2795 3136 2866 χλόης
3167 2798 3499 2867 ἐσχήκαμεν,
3537 2798 3678 2852 ὥστε
3702 2797 3796 2849 καὶ

2220 2884 2380 2947 ἄνθος
2422 2888 2479 2937 ἐν
2516 2888 2645 2956 ἡμῖν
2686 2886 3010 2957 εὑρεθῆναι·
3047 2888 3140 2941 καὶ
3176 2887 3334 2941 τοῦτο
3368 2888 3423 2941 δὲ
3462 2888 3708 2959 παρῆλθε
3736 2889 3795 2939 τὺ

2219 2974 2396 3039 ἄνθος.
2436 2978 2551 3029 Ἐπ’
2596 2978 2836 3047 ἐσχάτων
2884 2978 2940 3030 δὲ
2996 2978 3102 3030 τῶν
3157 2978 3381 3051 καιρῶν,
3424 2978 3611 3042 δύντος
3664 2980 3795 3049 ἡμῖν

2220 3069 2495 3133 παντελῶς
2527 3069 2619 3123 τοῦ
2652 3071 2847 3139 φωτὸς,
2870 3072 2965 3123 καὶ
3008 3072 3243 3142 ἑσπέρας
3273 3074 3420 3143 ἡμᾶς
3459 3073 3792 3126 καταλαϐού-

2222 3176 2340 3229 σης,
2387 3159 2861 3230 ἁποπεπτώκαμεν
2910 3160 3335 3230 σκληρυνθέντες
3369 3162 3463 3215 καὶ
3506 3161 3792 3234 ξηρανθέν-

2213 3267 2303 3313 τες
2327 3268 2339 3280 ·
2365 3251 2460 3303 καὶ
2486 3250 2657 3305 ταῦτα
2686 3251 3056 3321 πεπόνθαμεν,
3084 3252 3212 3305 *Οτι
3242 3252 3598 3322 ἐξελίπομεν
3619 3255 3689 3306 ἐν
3719 3253 3792 3322 τῇ

2219 3338 2364 3409 ὀργῇ
2393 3355 2529 3403 σου,
2556 3342 2650 3394 καὶ
2678 3343 2747 3395 ἐν
2780 3340 2857 3405 τῷ
2892 3341 3055 3411 θυμῷ
3081 3356 3196 3396 σου
3228 3342 3658 3412 ἐταράχθημεν.
3689 3344 3790 3396 AG-

2218 3446 2371 3482 ναται
2400 3429 2455 3481 δὲ
2479 3430 2570 3482 καὶ
2596 3430 2715 3483 καθ’
2748 3431 2939 3501 ἑτέραν
2966 3430 3200 3484 διάνοιαν
3224 3430 3449 3500 φυσικὸν
3474 3432 3631 3499 Λόγον
3660 3433 3792 3485 ἀπο-

2214 3518 2409 3573 διδόναι
2436 3519 2523 3573 διὰ
2563 3520 2766 3575 τούτων
2796 3524 2829 3591 ἡ
2860 3521 3027 3587 λέξις,
3073 3522 3147 3586 ὡς
3179 3523 3274 3593 τῆτ-
3317 3522 3668 3595 ἀνθρωπίνης
3690 3524 3791 3591 (ιτύ⁸

2216 3629 2351 3675 σεως
2380 3615 2436 3665 ἐν
2472 3613 2568 3683 μὲν
2603 3617 2667 3684 τῇ
2700 3614 2909 3683 νεότητι
2929 3614 3081 3684 δίκην
3117 3615 3330 3684 ἁπαλῆς
3362 3615 3523 3686 χλόης
3554 3615 3794 3686 βλαστώ-

2217 3720 2335 3772 σης,
2376 3703 2513 3773 μετὰ
2544 3703 2599 3755 δέ
2629 3702 2800 3756 ταῦτα
2835 3706 2892 3756 ἐν
2935 3707 2999 3775 τῇ
3037 3706 3186 3775 ἀκμῇ
3233 3706 3329 3775 τῆς
3354 3705 3793 3775 ήλικίαςὰνθού-

2216 3810 2333 3865 σης’
2354 3790 2449 3847 εἷθ’
2480 3793 2703 3865 ὕστερον
2725 3795 2816 3847 ἐπὶ
2846 3796 3048 3865 γήραος
3067 3796 3203 3866 οὺδῴ
3232 3796 3669 3867 ἀποπιπτούσης,
3693 3799 3795 3850 οὐκ

2212 3885 2428 3955 ἄλλωςῆ
2455 3885 2665 3955 πρῶτον
2697 3886 2828 3955 σκλη
2841 3888 3134 3957 ρυνομένης
3155 3888 3292 3941 κατὰ
3307 3888 3365 3941 τὸ
3387 3888 3793 3957 γῆρας,εττειτα

2213 3978 2487 4041 παντελῶς
2538 3966 2946 4049 ξηραινομένης.
3016 3978 3283 4051 Ἑσπέραν
3324 3981 3379 4034 δὲ
3429 3982 3793 4052 σημαίνεσθαι

2211 4068 2277 4121 τὰ
2308 4069 2587 4122 τελευταῖα
2614 4070 2711 4141 τῆς
2742 4068 2848 4122 τῶν
2875 4068 3172 4141 ἀνθρώπων
3201 4070 3365 4141 ζωῆς.

2284 4184 2457 4237 Ἕθου
2481 4182 2588 4247 τὰς
2618 4182 2868 4252 ἀνομίας
2897 4182 3065 4252 ἡμῶν
3094 4184 3371 4237 ἐναντίον
3398 4198 3544 4238 σουο
3581 4188 3614 4238 ό
3642 4183 3796 4237 αἰὼν

2209 4275 2377 4344 ἡμῶν
2405 4278 2491 4341 εὶς
2519 4278 2825 4346 φωτισμὸν
2856 4277 2961 4330 τοῦ
2988 4276 3309 4343 προσώπου
3350 4292 3489 4331 σου.
3521 4278 3642 4329 Ὅτι
3675 4276 3791 4331 πᾶ-

2208 4380 2314 4421 σαι
2357 4368 2416 4418 αἱ
2471 4366 2683 4434 ἡμέραι
2724 4365 2893 4435 ἡμῶν
2930 4367 3231 4432 ἐξέλιπον,
3268 4367 3367 4420 καὶ
3404 4368 3473 4420 ὲν
3510 4366 3586 4436 τῇ
3646 4366 3793 4437 ὀργῇ

2208 4469 2326 4508 σου
2375 4454 2750 4523 ἑξελίπομεν.
2787 4452 2845 4509 Ὁ
2896 4456 3214 4527 Σύμμαχος·
3258 4455 3645 4525 Προσέθηκας
3683 4458 3792 4523 τὰς

2208 4546 2458 4614 ἀνομίας
2495 4545 2661 4611 ἡμῶν
2685 4546 2965 4614 ἄντικρύς
2992 4564 3129 4611 σου,
3170 4548 3277 4613 τὰς
3306 4549 3588 4616 ἀμελείας
3619 4548 3793 4617 ἡμῶν

537 4645 824 4705 appareant
849 4637 1015 4691 vultui
1048 4646 1157 4693 tuo.
1193 4637 1385 4693 Omnes
1424 4642 1561 4693 enim
1591 4640 1702 4694 dies
1748 4644 1917 4696 nostri
1946 4644 2105 4713 aufu-

2216 4638 2524 4705 φαίνεσθαι
2552 4637 2632 4701 τῷ
2668 4638 2963 4706 προσώπῳ
3000 4654 3136 4693 σου.
3167 4638 3361 4693 Πᾶσαι
3400 4639 3509 4708 γὰρ
3544 4643 3605 4693 al
3640 4641 3789 4710 ὴμέ-

535 4740 740 4799 gerunt,
767 4730 822 4783 in
846 4730 929 4783 ira
959 4737 1051 4783 tua
1076 4729 1339 4799 absumpti
1365 4748 1568 4785 sumus.
1608 4731 1732 4787 Haec
1764 4734 1817 4787 in
1848 4738 2101 4804 praesenti

2216 4747 2304 4794 ραι
2319 4728 2486 4798 ἡμῶν·
2504 4728 2844 4797 διέδρασαν,
2864 4729 2933 4783 ἐν
2948 4729 3026 4794 τῷ
3049 4732 3209 4798 χόλῳ
3232 4748 3346 4784 σου
3370 4731 3787 4800 ἀνηλώθημεν.

534 4821 848 4877 conditione
876 4823 1059 4894 populi
1081 4839 1147 4878 ex
1170 4824 1585 4879 circumcisione
1615 4826 1798 4881 dicere
1825 4830 2099 4882 convenit.

534 4903 693 4966 Nunc
714 4913 857 4966 enim
890 4924 1080 4968 omnes
1106 4928 1295 4968 eorum
1344 4914 1561 4983 pristini
1586 4915 1704 4971 dies
1740 4932 1867 4971 vere
1892 4916 2103 4974 defece-

533 5012 682 5067 runt,
706 5018 830 5057 cum
857 5020 1083 5073 vespera
1138 5005 1261 5060 illos
1314 5007 1621 5075 occupavit,
1652 5016 1706 5063 et
1737 5024 1862 5063 cum
1893 5009 2105 5065 defece-

534 5105 663 5150 runt
687 5095 740 5149 in
782 5095 861 5148 ira
892 5095 1005 5150 Dei.
1052 5095 1320 5162 Quoniam
1360 5098 1488 5151 olim
1521 5097 1740 5167 quidem
1788 5099 2104 5165 iniquitates

532 5203 722 5242 eorum
738 5188 1182 5255 praetermittebat
1197 5196 1249 5241 et
1276 5189 1815 5259 praetergrediehatur
1833 5207 1847 5255 ;
1873 5191 1966 5245 sed
1983 5199 2106 5261 post

533 5293 723 5333 eorum
761 5278 817 5331 in
851 5276 1192 5332 Salvatorem
1217 5278 1673 5348 conspirationem
1687 5279 2022 5348 implebatur
2042 5279 2108 5333 il-

534 5368 648 5429 lud,
671 5367 791 5421 Non
807 5368 950 5421 ultra
975 5368 1141 5437 feram
1171 5378 1385 5435 peccata
1426 5378 1599 5423 vestra
1634 5369 1711 5436 Ι⁵⁹;
1744 5368 1866 5424 ideo
1884 5370 1979 5436 ait,
2005 5369 2107 5423 Po-

533 5460 687 5512 suisti
704 5461 1001 5528 iniquitates
1020 5470 1226 5513 nostras
1243 5461 1299 5514 in
1316 5471 1587 5531 conspectu
1606 5472 1714 5526 tuo,
1740 5470 1812 5527 et,
1844 5462 2107 5517 Sazculum

2208 4823 2317 4875 Kal.
2346 4822 2520 4876 ταῦτα
2564 4822 2738 4890 λέγειν
2789 4822 3014 4893 ἁρμόζει
3054 4824 3121 4894 τῇ
3166 4822 3413 4895 παρούσῃ
3453 4824 3789 4878 καταστάσει

2206 4912 2299 4966 τοῦ
2328 4912 2455 4966 λαοῦ
2486 4912 2575 4965 τοῦ
2606 4915 2669 4966 ἐκ
2693 4913 3013 4984 περιτομῆς.
3053 4913 3166 4966 Νῦν
3199 4915 3306 4985 γὰρ
3335 4915 3409 4977 ὡς
3439 4914 3655 4985 ἀληθῶς
3679 4918 3788 4969 πᾶ-

2211 5022 2300 5058 σαι
2320 5006 2378 5059 αἱ
2409 5006 2665 5076 πρότεραι
2692 5006 2891 5077 ἡμέραι
2920 5006 3095 5059 αὐτῶν
3122 5007 3385 5074 ἐξέλιπον,
3405 5009 3492 5061 ὅτε
3521 5011 3554 5079 ἡ
3576 5010 3789 5078 ἑσπέρα

2208 5099 2405 5162 αὐτοὺς
2446 5100 2729 5163 κατέλαϐε,
2765 5101 2857 5153 καὶ
2892 5101 2980 5153 ὅτε
3020 5100 3264 5166 ἐξέλιπον
3296 5104 3353 5155 ἐν
3398 5105 3463 5171 τῇ
3506 5103 3643 5171 ὀργῇ
3688 5103 3789 5155 τοῦ

2206 5189 2363 5244 Θεοῦ,
2408 5191 2621 5263 Ἐπειδὴ
2671 5192 2838 5246 πάλαι
2893 5193 2992 5263 μὲν
3052 5193 3251 5265 παρῄει
3311 5193 3405 5246 καὶ
3459 5194 3786 5265 ὑπερέϐαινε

2205 5281 2304 5345 τὰς
2330 5281 2559 5352 ἀνομίας
2590 5282 2787 5347 αὐτῶν,
2826 5282 2961 5352 μετὰ
3004 5282 3059 5335 δὲ
3104 5284 3202 5355 τὴν
3232 5284 3371 5337 κατὰ
3400 5282 3494 5337 τοῦ
3530 5284 3787 5353 Σωτῆρος

2207 5372 2499 5444 ἐπιϐουλὴν
2525 5374 2823 5445 ἐπληροῦτο
2854 5376 2931 5437 είς
2964 5374 3158 5438 αὐτοὺς
3182 5375 3270 5428 τό·
3310 5378 3430 5429 Οὐκ
3458 5374 3543 5427 ἐτι
3571 5373 3788 5439 ἀνήσω

2206 5464 2313 5530 τὰς
2352 5466 2628 5534 ἁμαρτίας
2681 5464 2871 5534 ὑμῶν·
2923 5465 3002 5518 διό
3048 5482 3239 5535 φησιν·
3279 5467 3452 5519 Ἔθου
3495 5467 3602 5530 τὰς
3642 5466 3783 5518 ἀνο-

534 5564 771 5608 nostrum
793 5556 845 5606 in
875 5554 1260 5607 illuminatione
1282 5558 1453 5609 vultus
1480 5556 1577 5609 tui.
1625 5553 1730 5607 Pro
1760 5570 1869 5624 quo
1896 5556 2100 5611 clarius

2216 5556 2343 5622 μίας
2374 5557 2541 5625 ἡμῶν
2573 5559 2847 5611 ἐναντίον
2889 5574 3026 5623 σου,
3068 5558 3181 5622 καὶ,
3218 5559 3270 5610 Ὀ
3314 5558 3457 5611 αἰὼν
3491 5556 3661 5625 ἡμῶν
3692 5558 3784 5622 εις

537 5631 894 5716 Sybnnachus
925 5644 1119 5710 edidit,
1157 5644 1515 5717 Negligentias
1543 5655 1752 5703 nostras
1783 5656 1840 5700 ut
1884 5664 2099 5717 appare-

602 5798 648 5831 ³⁷
687 5796 875 5855 Matth.
911 5815 1021 5866 xw,
1053 5798 1141 5853 25.
1220 5802 1263 5832 ⁸⁸
1304 5801 1491 5858 Matth.
1528 5819 1689 5869 XXIV,
1725 5805 1812 5860 45.

2205 5650 2508 5717 φωτισμὸν
2534 5649 2641 5704 τοῦ
2680 5650 3002 5719 προσώπου
3040 5667 3175 5705 σου.
3247 5648 3385 5703 Ἀνθ’
3414 5642 3475 5702 οῦ
3511 5648 3781 5719 σαφέστε-

1890 5804 1934 5838 ⁸⁹
1969 5801 2075 5859 Jer.
2114 5818 2238 5870 xxv,
2282 5804 2472 5869 12,14.
