4068 6404
273 368 414 425 1157

1438 369 1944 428 COMMENTARIA
1981 371 2049 428 IN
2086 373 2423 431 PSALMOS.

3366 376 3507 432 “'58

267 507 360 562 ρον
409 489 437 543 6
478 487 770 558 Σύμμαχος
823 485 1104 541 ἀπέδωκεν
1152 487 1352 542 εἰπών’
1397 490 1506 556 Τὰς
1559 491 1832 561 ἀμελείας

1944 503 2055 547 rent
2087 493 2255 548 vultui
2284 502 2393 548 tuo.
2423 492 2565 547 Anni
2596 493 2765 547 nostri
2796 493 2931 548 sicut
2954 509 3150 548 aranea
3183 492 3512 549 meditaban-

262 575 434 644 ἡμῶν
459 575 779 644 φαίνεσθαι
806 573 885 639 τῷ
925 575 1219 643 προσώπῳ
1246 592 1362 631 σου
1422 579 1497 634 Τὰ
1529 579 1633 648 ἔτη
1671 580 1840 649 ἡμῶν

260 666 405 721 ὡσεὶ
456 665 689 735 ἀράχνῃ
748 666 1060 736 ἐμελέτων.
1121 671 1192 722 Al
1246 669 1455 738 ἡμέραι
1513 670 1631 726 τῶν
1690 673 1840 735 ἐτῶν

260 755 431 826 ἡμῶν
482 757 554 810 ἐν
601 757 805 824 αὐτοῖς
850 764 895 812 o'
929 759 1056 826 ἐτη.
1098 758 1233 812 Ἐὰν
1265 759 1332 812 δὲ
1363 761 1432 813 ἐν
1458 761 1840 831 δυναστείαις

262 847 629 919 ὀγδοήκοντα
653 849 782 917 ἐτη,
817 850 918 908 καὶ
945 850 1011 904 τὸ
1045 853 1255 910 πλεῖον
1285 852 1483 907 αὐτῶν
1513 857 1700 924 κόπος
1740 858 1842 912 καὶ

261 942 467 1007 πόνος.
539 941 799 996 Ἐνταῦθα
873 943 1013 997 κατά
1077 945 1265 1016 καιρὸν
1337 947 1670 1019 παραθετέον
1741 952 1840 1022 τὴν

271 1031 490 1105 Ἦσαῖίου
533 1034 902 1105 προφητείαν,
949 1035 1017 1088 δι’
1060 1031 1129 1108 ἦς
1180 1055 1374 1107 φησιν’
1421 1039 1520 1096 Ὠὰ
1564 1041 1840 1096 ἀσπίδων

254 1125 520 1193 ἕρῤηξαν
547 1127 646 1180 καί
679 1127 852 1184 ἰστὸν
879 1127 1149 1199 ἀράχνης
1175 1132 1519 1200 ὑφαίνουσι.
1568 1135 1753 1190 Ταῦτα
1781 1137 1838 1189 δὲ

256 1216 540 1281 ὲθέσπιζεν
563 1220 591 1272 6
617 1221 931 1292 Προφήτης,
963 1220 1302 1293 ἀναπέμπων
1325 1223 1416 1278 τὸν
1440 1224 1595 1294 λόγον
1615 1228 1706 1280 ἐπὶ
1737 1228 1837 1298 τὴν

254 1310 585 1364 κατάστασιν
603 1310 696 1365 τοῦ
720 1311 847 1368 λαοῦ
869 1313 966 1386 τὴν
985 1315 1121 1385 μετά
1150 1317 1248 1388 τὴν
1275 1318 1578 1388 παρουσίαν
1606 1320 1701 1374 τοῦ
1733 1322 1838 1374 Σω-

252 1401 417 1474 τῆρος
440 1403 620 1474 ἡμῶν,
650 1404 772 1471 καθ’
803 1405 869 1476 ἢν
909 1409 956 1460 οἱ
998 1405 1256 1479 ἄρχοντες
1289 1410 1468 1474 αὐτῶν
1500 1411 1653 1483 δίκην
1695 1412 1838 1484 ὅρνι-

252 1494 342 1558 θος
366 1495 655 1568 τικτούσης
675 1497 743 1550 τὰ
772 1498 977 1552 ἑαυτῶν
1003 1500 1426 1572 ἀπογεννώμενα
1448 1502 1687 1558 τοσαῦτα
1710 1521 1838 1575 προ-

252 1585 556 1652 ϐάλλονται,
585 1588 662 1652 ὡς
692 1589 916 1654 ἀσπίδος
945 1591 1260 1659 ὁμοιοῦσθαι
1285 1595 1582 1665 γεννήμασι
1620 1593 1708 1647 διὰ
1743 1595 1835 1648 τὸν

251 1678 527 1749 ἐνιέμενον
570 1681 662 1734 ὑπ’
690 1681 864 1735 αὐτῶν
912 1685 1008 1755 τῆς
1057 1684 1198 1739 κατά
1239 1685 1331 1738 τοῦ
1381 1686 1632 1757 Σωτῆρος
1677 1687 1834 1758 ἡμῶν

252 1771 600 1842 βλασφημίας
647 1774 724 1829 ίὸν
766 1778 859 1830 καὶ
893 1778 993 1847 τῆς
1021 1777 1188 1849 ἄλλης
1227 1780 1308 1841 είς
1347 1779 1511 1833 αὑτὸν
1557 1779 1830 1844 ἀπιστίας.

1943 596 2048 640 tur.
2080 585 2204 640 Dies
2256 602 2514 640 annorum
2546 594 2848 640 nostrorum
2907 585 2962 639 in
3007 585 3132 654 ipsis
3187 588 3512 657 septuaginta

1941 678 2088 733 anni.
2119 676 2179 733 Si
2209 665 2381 733 autem
2437 680 2496 732 in
2549 674 2902 743 potentatibus
2942 676 3210 747 octoginta
3252 678 3380 732 anni
3412 718 3428 744 ,
3459 687 3510 733 et

1942 770 2166 838 amplius
2194 786 2372 824 eorum
2391 769 2539 823 labor
2565 778 2614 824 et
2641 769 2814 823 dolor.
2839 767 2940 821 Hic
2959 775 3262 838 opportune
3288 768 3514 838 adjicia-

1941 870 2032 916 tur
2055 861 2206 916 Isaia:
2221 861 2524 931 prophetia,
2543 876 2651 931 qua
2675 861 2771 922 ait,
2794 859 2905 914 Ova
2935 860 3177 926 aspidum
3206 869 3509 926 eruperunt,

1941 961 1990 1006 et
2014 951 2170 1005 telam
2191 967 2399 1005 araneae
2422 961 2599 1004 texunt
2623 950 2690 1003 ⁸ο.
2719 949 2844 1004 Haec
2879 963 3044 1019 porro
3075 949 3401 1005 vaticinatus
3425 959 3513 1006 est

1940 1045 2231 1114 Propheta,
2255 1058 2557 1098 seruionem
2592 1041 2658 1094 ad
2694 1041 2875 1111 populi
2912 1048 3036 1112 post
3071 1041 3360 1095 adventum
3391 1040 3508 1096 Sal—

1941 1137 2145 1192 vatoris
2172 1135 2344 1191 nostri
2373 1141 2575 1190 statum
2605 1132 2871 1199 referens,
2888 1149 2997 1204 quo
3024 1135 3301 1204 principes
3321 1148 3510 1189 eorum

1940 1242 2040 1283 ceu
2071 1229 2269 1299 gallina
2299 1227 2539 1299 pariens,
2562 1241 2680 1280 eam
2707 1226 3027 1280 emittebant
3050 1226 3412 1297 prolem,qum
3439 1225 3510 1281 ob

1939 1321 2247 1377 immissum
2291 1320 2358 1374 ab
2405 1319 2514 1375 illis
2541 1319 2694 1374 virus
2730 1318 3080 1389 blasphemiae
3121 1318 3178 1372 in
3209 1318 3508 1380 Christum,

1939 1425 1994 1472 et
2019 1415 2088 1470 ob
2111 1414 2372 1484 reliquam
2408 1413 2554 1467 circa
2598 1412 2750 1467 illum
2799 1411 3268 1475 incredulitatem,
3329 1419 3516 1481 posset

1944 1504 2196 1577 aspidum
2242 1503 2378 1560 fetui
2422 1503 2750 1574 comparari.
2795 1501 2934 1557 Olim
2967 1502 3186 1573 quidem
3245 1500 3514 1557 sacerdoti

1937 1598 2194 1654 texebant
2232 1603 2433 1661 vestes,
2465 1602 2518 1650 et
2545 1594 2715 1651 stolas
2741 1603 2996 1662 sanctas;
3035 1609 3183 1649 nunc
3219 1603 3398 1648 autem
3427 1598 3516 1646 to-

1937 1698 2048 1743 tam
2087 1703 2276 1745 eorum
2319 1695 2592 1746 texturam
2617 1727 2632 1752 ,
2683 1694 2736 1743 et
2790 1693 2958 1741 totam
3002 1693 3318 1756 apparatam
3365 1685 3514 1739 illam

1938 1781 2088 1837 verbi
2120 1781 2448 1842 doctrinam,
2488 1792 2652 1849 quam
2707 1791 2805 1848 per
2845 1776 3153 1830 divinarum
3203 1773 3516 1845 Scriptura-

251 1862 426 1917 Πάλαι
450 1865 548 1935 μὲν
577 1861 670 1919 οὗν
699 1864 921 1936 ὕφαινον
945 1868 1178 1938 χιτῶνας
1209 1868 1287 1940 τῷ
1316 1871 1563 1942 ἀρχιερεῖ
1590 1871 1683 1924 καὶ
1720 1888 1832 1924 στο-

1938 1889 2058 1928 rum
2090 1873 2558 1942 complicalionem
2577 1877 2633 1925 et
2651 1878 2918 1925 texturam
2951 1868 3281 1938 producunt,
3301 1881 3516 1921 aranea:

250 1953 346 2018 λὰς
383 1956 574 2025 ἁγίας·
609 1955 706 2011 νῦν
734 1959 792 2012 δὲ
832 1961 1008 2025 πᾶσαν
1049 1959 1146 2031 τὴν
1197 1961 1338 2032 ὑφὴν
1374 1960 1553 2014 αὐτῶν
1599 1963 1690 2014 καὶ
1738 1962 1837 2034 τὴν

248 2045 336 2100 διὰ
360 2047 452 2102 τοῦ
479 2049 635 2118 λόγου
671 2051 1217 2124 κατασκευαζομένην
1245 2053 1612 2118 διδασκαλίαν,
1647 2055 1713 2125 ἣν
1751 2054 1838 2108 διὰ

248 2139 346 2209 τῆς
381 2139 489 2194 τῶν
525 2140 685 2196 θείων
717 2143 948 2214 Γραφῶν
980 2145 1296 2215 συμπλοκῆς
1331 2163 1390 2198 τε
1426 2147 1519 2199 καὶ
1553 2146 1835 2214 ὑφάνσεως

247 2229 665 2300 προϐάλλονται,
693 2235 937 2307 ἀράχνης
971 2237 1248 2308 ὑφάσματι
1282 2238 1614 2309 παρείκασεν
1640 2241 1668 2292 ὁ
1698 2256 1834 2310 προα

247 2323 473 2392 φητικὸς
521 2324 696 2394 λόγος.
746 2329 837 2381 Διό
881 2345 1070 2400 φησιν·
1115 2329 1304 2383 Ἰστὸν
1350 2329 1620 2399 ἀράχνης
1658 2332 1834 2399 ὑφαί-

247 2428 441 2470 νουσι.
489 2417 600 2472 Καὶ
639 2421 668 2472 ὁ
712 2419 902 2492 παρὼν
944 2421 1002 2475 δὲ
1034 2421 1267 2492 ψαλμὸς,
1298 2422 1394 2494 τὴν
1439 2425 1502 2476 ὲκ
1541 2422 1832 2495 προσώπου

246 2506 422 2572 αὐτῶν
449 2510 719 2582 περιέχων
747 2511 1150 2585 ἐξομολόγησίν,
1179 2515 1346 2585 φησί’
1400 2514 1476 2569 Τὰ
1515 2515 1621 2582 ἐτη
1665 2514 1835 2584 ἡμῶν

245 2598 324 2664 ὡς
345 2600 579 2671 ἀράχνῃ
626 2598 941 2673 ἐμελέτων.
975 2607 1268 2678 Ἀντικρυς
1312 2606 1420 2679 γὰρ
1468 2606 1566 2672 τὰς
1603 2608 1835 2679 μελέτας

246 2692 353 2745 τῶν
382 2693 615 2765 Γραφῶν
649 2699 707 2750 ὲν
740 2693 829 2762 αἷς
860 2699 1297 2770 κατατρίϐονται,
1325 2699 1537 2764 καὶτὰς
1564 2700 1832 2769 δευτερώ-

245 2803 393 2851 σεις,
442 2787 510 2840 δι’
557 2781 632 2843 ὧν
679 2791 975 2862 ὑφάσματά
1023 2808 1143 2846 τινα
1188 2791 1534 2856 διδασκαλίας
1583 2792 1832 2848 δοκοῦσιν

244 2878 672 2948 ἀπεργάζεσθαι,
702 2883 946 2954 ἀράχνης
975 2884 1274 2939 ἀπείκασεν
1307 2884 1508 2956 ἔργοις.
1549 2883 1705 2938 Ἀλλά
1738 2885 1832 2938 καὶ

243 2968 340 3040 τὴν
374 2970 518 3044 ζωὴν
550 2973 729 3027 αὐτῶν
779 2975 946 3046 μόνην
991 2977 1153 3045 φασιν
1195 2971 1460 3047 εἶναιτὴν
1499 2976 1833 3048 πρόσκαιρον

1936 1966 2060 2023 telis
2096 1963 2308 2024 confert
2351 1963 2704 2033 prOpheticus
2752 1976 2954 2017 sermo.
3006 1960 3348 2030 Quapropter
3397 1960 3513 2026 ait,

1937 2059 2120 2114 Telam
2145 2071 2360 2111 aranea:
2390 2063 2595 2111 texunt.
2647 2052 2901 2110 Praesens
2929 2067 3147 2122 quoque
3175 2050 3418 2121 psalmus
3447 2065 3515 2104 ex

1933 2164 2120 2205 eorum
2156 2161 2389 2217 persona
2430 2143 2827 2200 confessionem
2861 2142 3118 2197 emittens
3147 2179 3162 2206 ,
3225 2141 3320 2205 ait,
3372 2139 3513 2194 Anni

1934 2239 2100 2299 nostri
2127 2239 2264 2292 sicut
2309 2253 2506 2291 aranea
2548 2234 2966 2290 meditabantur.
3027 2231 3228 2301 Aperte
3278 2244 3514 2300 namque

1935 2329 2312 2386 meditationes
2357 2327 2766 2397 Scripturarum
2815 2326 2872 2380 in
2903 2324 3104 2395 quibus
3134 2329 3351 2377 aetatem
3383 2337 3515 2375 cun-

1930 2422 2132 2485 ferunt,
2158 2432 2213 2476 et
2234 2421 2573 2483 deuteroses,
2602 2419 2717 2473 sive
2744 2416 3015 2476 secundas
3059 2414 3382 2469 traditiones
3414 2427 3512 2468 eo-

1929 2529 2074 2579 rum,
2098 2513 2299 2584 quibus
2328 2511 2466 2574 telas
2494 2507 2756 2580 quasdam
2781 2508 3046 2563 doctrinae
3076 2505 3332 2561 videntur
3347 2503 3516 2559 ador-

1930 2619 2083 2667 nare,
2123 2618 2338 2658 araneae
2368 2601 2584 2673 opiﬁcio
2623 2607 2925 2671 comparat.
2979 2599 3092 2652 lmo
3121 2597 3286 2655 etiam
3337 2595 3508 2651 vitam

1931 2713 2087 2756 suam
2125 2707 2532 2766 temporaneam
2558 2696 2736 2774 solum
2765 2709 2890 2750 esse
2929 2693 3140 2754 dicunt,
3170 2689 3515 2760 septuaginta

1933 2793 2019 2848 vel
2043 2790 2321 2863 octoginta
2349 2790 2508 2847 annis
2543 2786 3040 2855 circumscriptam.
3070 2782 3128 2837 Id
3162 2797 3328 2851 porro
3359 2781 3515 2834 aiunt

1933 2885 2002 2940 de
2032 2891 2235 2939 aeterna
2262 2887 2315 2937 et
2361 2880 2543 2934 futura
2592 2881 2727 2944 vita,
2758 2892 2880 2948 quae
2926 2873 3199 2946 religiosis
3231 2871 3364 2928 viris
3387 2885 3514 2942 pro-

1935 2977 2166 3032 mittitur
2187 3014 2202 3038 ,
2235 2974 2609 3042 desperantes.

243 3064 300 3115 ὲν
344 3070 385 3116 o'
427 3067 519 3119 καὶ
569 3073 622 3118 π’
656 3065 800 3121 ἔτεσι
842 3069 1376 3142 συμπεραιουμένην..
1409 3069 1579 3124 Τοῦτο
1603 3071 1660 3124 δέ
1694 3088 1826 3142 φασι
1861 3069 1964 3141 τὴν.
1990 3067 2204 3122 αἰώνιον
2243 3065 2340 3120 καὶ⁹
2378 3065 2670 3138 μέλλουσαν
2708 3061 2852 3133 ζωὴν
2881 3060 2979 3129 τὴν
3043 3061 3153 3121 τοῖς
3213 3053 3512 3124 θεοφιλέσιν

245 3155 722 3228 ἐπαγγελλομένην
752 3158 1242 3228 ἀπογινώσκοντες,

315 3281 442 3336 *Οτι
516 3281 745 3350 ἐπῆλθε
809 3283 1079 3352 πραΰτης
1131 3283 1230 3337 καὶ
1289 3283 1828 3354 παιδευθησόμεθα.

2001 3279 2170 3338 Vens.
2208 3280 2297 3343 Η,
2349 3277 2436 3332 12.
2514 3275 2778 3344 Quoniam
2831 3273 3123 3342 supervenit
3165 3269 3512 3326 mansuetudo

247 3373 343 3438 Τίς
374 3371 652 3442 γινώσκει
696 3374 763 3426 τὸ
807 3373 1025 3442 κράτος
1054 3373 1164 3442 τῆς
1193 3375 1376 3444 ὀργῆς
1398 3389 1534 3442 σου,
1578 3375 1678 3428 καὶ
1707 3375 1825 3430 ἀπὸ

242 3464 349 3520 τοῦ
381 3467 574 3534 φόϐου
612 3480 728 3520 σου
761 3465 871 3519 τὸν
898 3467 1088 3536 θυμόν
1116 3481 1233 3520 σου
1281 3466 1826 3536 ἐξαριθμήσασθαι;

242 3555 356 3625 τὴν
379 3555 586 3621 δεξιάν
617 3573 733 3611 σου
770 3556 923 3610 οὕτω
971 3557 1286 3627 γνώρισον,
1319 3559 1416 3611 καὶ
1447 3561 1591 3625 τοὺς
1626 3573 1828 3612 πεπαι-

240 3646 569 3717 δευμένους
611 3646 688 3716 τῇ
724 3647 938 3717 καρδίᾳ
976 3648 1046 3701 ἐκ
1097 3649 1306 3718 σοφίᾳ.
1349 3649 1497 3704 Ἀντὶ
1550 3649 1667 3715 τοῦ,
1705 3651 1829 3704 Ὅτι

240 3738 464 3807 ἐπῆλθε
497 3741 766 3810 πραΰτης
792 3740 890 3794 καὶ
913 3739 1454 3810 παιδευθησόμεθα,
1479 3742 1507 3793 ὁ
1531 3741 1602 3795 Σύ
1611 3741 1828 3813 μμαχός

241 3847 403 3902 φησι·
442 3831 768 3900 Τμηθέ-ντες
794 3831 905 3901 τὰρ
933 3831 1101 3901 ἄφνω
1127 3833 1633 3902 ἐκπεταννύμεθα.
1669 3835 1830 3904 Ἐχε-

240 3940 328 3976 ται
357 3922 413 3975 δὲ
442 3921 543 3992 τῆς
572 3921 1009 3994 προδηλωθείσης
1039 3922 1276 3986 διανοίας
1315 3925 1409 3977 καὶ
1446 3924 1474 3976 6
1508 3922 1698 3994 παρὼν
1735 3924 1827 3982 λά-

241 4013 468 4082 γος.Τά
498 4012 606 4084 γὰρ
639 4012 733 4084 ἐτη
786 4013 965 4084 ἡμῶν,
1017 4014 1172 4084 φησι,
1226 4014 1294 4067 τὰ
1339 4015 1438 4084 τῆς
1489 4013 1827 4085 προσκαίρου

244 4105 390 4175 ζωῆς
417 4107 496 4168 είς
524 4112 566 4158 ο¹
600 4105 695 4158 καὶ
724 4112 777 4158 π’
805 4105 1036 4178 ἀριθμὸν
1071 4105 1208 4159 ἐτῶν
1239 4107 1504 4161 συντείνει
1522 4123 1535 4136 °
1566 4109 1660 4160 καὶ
1688 4106 1825 4178 αῦτη

244 4197 392 4251 ἐστὶν
431 4197 465 4267 ὴ
513 4195 670 4267 ἡμῶν
712 4196 889 4267 ἐλπὶς,
942 4197 1058 4268 μεθ’
1090 4199 1158 4268 ἣν
1207 4197 1432 4268 οὐδεμία
1490 4197 1622 4269 άλλη
1679 4200 1829 4269 ἡμᾶς

241 4287 574 4354 διαδέξεται·
603 4288 904 4359 τμηθέντες
935 4290 1038 4362 γὰρ
1075 4290 1226 4358 ἄφνω
1251 4290 1392 4344 κατά
1423 4291 1520 4362 τὴν
1551 4291 1828 4362 τελευτὴν,

242 4380 719 4450 ὲκπεταννύμεθα·
750 4380 890 4450 μετά
911 4380 967 4432 δὲ
999 4378 1170 4433 ταῦτα
1197 4383 1249 4433 τί
1271 4399 1403 4434 ποτε
1426 4384 1576 4453 ἡμᾶς
1595 4381 1831 4448 διαδέξε-

241 4489 354 4536 ται,
383 4471 467 4536 τίς
506 4469 648 4538 aloe;
697 4473 794 4538 Τίς
832 4473 942 4545 γὰρ
988 4472 1323 4545 ἑρμηνεῦσαι
1362 4473 1604 4539 δύναται,
1656 4473 1690 4544 ἢ
1736 4475 1831 4537 καὶ

243 4561 489 4634 ἀκριϐῶς
513 4562 713 4631 γνῶναι
745 4563 840 4617 καὶ
871 4562 1128 4629 ἐξειπεῖν,
1155 4562 1312 4616 ὁποία
1346 4564 1428 4626 τίς
1457 4566 1603 4617 ἐστιν
1632 4566 1666 4635 ἡ
1693 4565 1830 4634 μετά

1932 3383 1981 3428 et
2003 3373 2323 3428 erudiemur.
2359 3370 2488 3438 Quis
2518 3369 2661 3424 novit
2691 3375 3002 3437 potestatem
3042 3366 3138 3419 ine
3177 3373 3300 3428 tute,
3324 3373 3372 3417 et
3401 3379 3513 3431 pra:

1935 3467 2120 3520 timore
2147 3475 2234 3518 tuo
2256 3465 2488 3533 furorem
2511 3471 2658 3516 tuum
2686 3460 3056 3515 dinumerare?
3075 3456 3343 3510 dexteram
3367 3463 3512 3507 tuam

1934 3557 2010 3611 sic
2041 3565 2222 3610 notant
2258 3553 2364 3624 fac,
2397 3561 2446 3606 et
2478 3549 2710 3613 eruditos
2772 3547 2926 3604 corde
2975 3547 3032 3600 in
3062 3545 3342 3614 sapientia.
3407 3541 3514 3598 Pro

1934 3650 2048 3715 illo,
2084 3648 2348 3715 Quoniam
2377 3643 2674 3714 superuenit
2711 3639 3082 3704 mansuetudo,
3116 3646 3165 3691 et
3186 3636 3508 3700 erudiemur,

1937 3740 2297 3814 Symmachus
2315 3738 2412 3801 ait,
2438 3735 2645 3792 Succisi
2667 3734 2824 3797 enim,
2849 3739 3054 3799 repente
3082 3729 3374 3782 avolamus.
3411 3726 3514 3782 Su-

1933 3834 2125 3905 perius
2153 3835 2471 3889 memorata:
2499 3826 2784 3882 sententiae
2812 3823 2904 3878 hic
2927 3836 3109 3878 sermo
3130 3819 3353 3885 insistit.
3371 3819 3512 3873 Nam

1935 3927 2032 3989 ait,
2062 3924 2192 3979 anni
2223 3922 2397 3978 nostri
2431 3919 2596 3989 hujus
2622 3925 2986 3986 temporaneaa
3021 3913 3142 3967 vitae
3188 3912 3244 3965 in
3293 3916 3514 3980 septua-

1935 4019 2084 4087 ginta
2126 4015 2210 4071 vel
2243 4012 2519 4083 octoginta
2553 4022 2826 4063 annorum
2875 4020 3165 4061 numerum
3199 4001 3516 4074 producun-

1934 4116 2064 4163 tur:
2099 4115 2153 4161 et
2183 4107 2298 4162 haec
2332 4111 2519 4159 nostra
2567 4115 2694 4172 spes
2721 4106 2826 4164 est,
2855 4107 2981 4168 post
3025 4111 3189 4167 quam
3225 4095 3376 4150 nulla
3408 4095 3515 4148 alia

1935 4217 2036 4256 nos
2064 4199 2315 4269 excipiet.
2363 4195 2578 4251 Succisi
2607 4194 2753 4250 enim
2787 4198 3012 4263 repente
3039 4190 3096 4242 in
3124 4197 3369 4258 tempore
3397 4185 3517 4240 obi-

1938 4302 2046 4357 tus,
2081 4292 2360 4347 avolamus
2389 4309 2401 4343 :
2435 4298 2621 4358 postea
2653 4301 2782 4347 vero
2829 4283 2963 4355 quid
3014 4297 3117 4338 nos
3158 4287 3517 4350 excepturum

1937 4382 2009 4438 sit
2040 4381 2165 4451 quis
2192 4378 2378 4434 novit?
2407 4377 2543 4442 Quis
2582 4374 2727 4431 enim
2753 4373 3028 4443 explicare
3058 4377 3253 4440 potest,
3277 4377 3372 4422 aut
3391 4370 3516 4437 quis

1937 4479 2191 4529 accurate
2228 4486 2392 4528 nosse
2433 4476 2612 4539 poteSt
2659 4483 2723 4521 ac
2767 4466 2969 4530 dicere,
3005 4479 3128 4533 quae
3159 4463 3230 4518 sit
3264 4463 3343 4515 ira
3386 4461 3511 4526 illa,

1938 4581 2058 4637 quae.
2085 4571 2207 4635 post
2238 4564 2380 4618 hanc
2407 4563 2576 4617 vitam
2607 4566 2923 4628 peccatores
2952 4555 3214 4610 invasura
3235 4551 3361 4607 est?
3390 4549 3516 4605 ldeo

243 4653 416 4706 ταῦτα
469 4653 596 4716 τοὺς
641 4652 999 4724 ἁμαρτωλοὺς
1054 4651 1472 4723 καταληψομένη
1522 4653 1688 4725 ὀργή;
1736 4653 1828 4706 Διό

1936 4659 2026 4720 ait,
2059 4658 2194 4724 Quis
2221 4655 2362 4709 novit
2392 4659 2701 4721 potestatem
2739 4651 2832 4704 ira:
2871 4661 3011 4712 tuae,
3072 4656 3123 4700 et
3170 4661 3279 4706 pra:
3329 4644 3517 4696 timore

245 4762 379 4815 φησι
396 4761 411 4777 ο
447 4745 542 4812 Τις
580 4745 858 4815 γινώσκει
886 4744 953 4798 τὸ
977 4742 1198 4812 κράτος
1221 4743 1332 4812 τῆς
1358 4743 1539 4821 όργῆς
1561 4761 1699 4809 σου,
1728 4746 1826 4800 καὶ

243 4837 361 4891 ἀπὸ
393 4837 500 4891 τοῦ
533 4839 721 4906 φόϐου
744 4851 861 4891 σου
890 4837 995 4892 τὸν
1017 4840 1208 4909 θυμόν
1239 4855 1392 4902 σου;
1423 4838 1518 4902 Τίς
1543 4837 1599 4891 δὲ
1631 4832 1742 4902 οἶός
1768 4838 1828 4892 τέ

244 4930 394 4981 ἐστιν
426 4925 894 5000 ἐξαριθμήσασθαι
941 4928 1040 5000 τὴν
1071 4929 1249 4994 δεξιάν
1296 4945 1429 4994 σου;
1473 4926 1632 4981 Ἀλλὰ
1668 4927 1730 4980 σύ
1764 4945 1828 4996 γε

243 5021 374 5092 ἡμῖν
400 5020 430 5073 6
461 5018 595 5082 Θεὸς
624 5020 872 5073 ἐντεῦθεν
900 5021 1001 5092 ἤδη
1041 5020 1306 5093 γνώρισον
1356 5021 1455 5092 τὴν
1501 5021 1678 5086 δεξιάν
1713 5038 1826 5085 σου,

246 5111 327 5173 εἰς
357 5109 418 5162 τὸ
461 5108 719 5164 δύνασθαι
753 5113 900 5183 ἡμᾶς
932 5115 1072 5166 νοεῖν
1111 5130 1172 5165 τε
1201 5114 1370 5184 αὐτὴν
1415 5115 1509 5167 καὶ
1535 5113 1634 5178 τὰς
1666 5113 1828 5168 δυνά-

248 5216 370 5272 μεις
407 5199 577 5271 αὐτῆς
597 5201 1046 5274 ἀπαριθμείσθαι.
1078 5203 1267 5269 Δεξιὰν
1301 5206 1358 5259 δὲ
1409 5204 1544 5258 Θεοῦ
1576 5205 1664 5259 τὸν
1701 5207 1832 5276 Χρι-

246 5292 371 5345 στὸν
418 5292 584 5346 αὐτοῦ
620 5294 878 5358 πολλάκις
924 5296 1169 5360 ἐδίδαξαν
1217 5298 1270 5365 οἱ.
1319 5299 1455 5370 ίεροὶ
1480 5297 1647 5366 λόγοι.
1698 5298 1832 5350 Παι-

243 5381 495 5440 δεύονται
520 5384 698 5439 τοίνυν
725 5388 774 5439 οἱ
807 5386 1108 5458 δηλούμενα
1153 5388 1291 5457 μετὰ
1329 5390 1428 5459 τὴν
1453 5387 1835 5460 ἐξομολόγησιν

245 5472 498 5546 εὔχεσθαι
547 5475 944 5549 καταξιωθῆναι
992 5479 1208 5551 πρῶτον
1265 5482 1363 5550 μὲν
1409 5481 1509 5551 τῆς
1560 5481 1653 5534 τοῦ
1700 5480 1833 5534 Θεοῦ

248 5569 581 5639 πραΰτητος,
612 5569 688 5632 ὡς
719 5568 787 5623 ἂν
819 5571 1159 5625 παιδευθεῖεν
1187 5570 1251 5624 δι’
1276 5572 1445 5644 αὐτῆς
1471 5587 1486 5600 ο
1521 5571 1711 5625 ἔπειτα
1735 5572 1835 5642 τῆς

247 5659 426 5726 δεξιᾶς
443 5661 630 5727 αὑτοῦ,
648 5662 847 5736 δηλαδὴ
872 5664 973 5736 τῆς
991 5664 1243 5735 γνώσεως
1261 5664 1356 5719 τοῦ
1385 5664 1425 5718 Χ
1437 5666 1618 5739 ριστοῦ
1648 5664 1834 5732 αὐτοῦ,

323 5820 368 5855 ⁴⁰
408 5818 510 5887 tsa.
553 5835 676 5888 tlx.
713 5820 769 5886 5.,

1937 4761 2025 4804 tuo
2057 4751 2197 4802 iram
2223 4757 2370 4800 tuam
2391 4749 2416 4801 ?
2439 4745 2572 4812 Quis
2621 4745 2970 4798 dinumerare
3009 4744 3190 4808 potest
3235 4737 3520 4791 dexteram

1937 4840 2120 4894 tuam?
2160 4838 2264 4893 Sed
2297 4843 2354 4890 tu
2391 4836 2533 4891 Deus
2586 4835 2680 4892 hic
2727 4833 2885 4888 nobis
2934 4831 3214 4886 dexteram
3245 4837 3394 4881 tuam
3425 4842 3518 4880 no-

1935 4938 2048 4982 tam
2077 4928 2184 4991 fac,
2221 4935 2280 4981 ut
2307 4927 2584 4995 possimus
2615 4924 2762 4977 illam
2815 4921 3151 4991 intelligere,
3203 4927 3258 4971 et
3287 4917 3518 4972 virtutes

1937 5023 2056 5092 ejus
2104 5021 2474 5080 dinumerare.
2512 5016 2801 5072 Dexteram
2848 5027 3013 5084 porro
3060 5010 3192 5074 Dei,
3235 5008 3515 5064 Christum

1936 5114 2056 5181 ejus
2089 5109 2573 5180 esse,plerumque
2600 5106 2907 5160 docuerunt
2950 5115 3124 5157 sacra:
3167 5099 3380 5154 litteras.
3434 5097 3517 5152 Illi

1939 5206 2123 5274 itaque
2159 5203 2275 5272 jam
2319 5199 2609 5256 memorati
2651 5196 3036 5256 instituuntur,
3064 5198 3124 5246 ut
3153 5199 3274 5262 post
3307 5188 3519 5244 confes-

1940 5301 2151 5357 sionem
2179 5291 2419 5349 conferri
2465 5291 2574 5345 sibi
2609 5294 2903 5359 precentur
2928 5325 2942 5350 ,
2985 5283 3164 5355 primo
3209 5281 3305 5336 Dei
3360 5296 3516 5336 man-

1939 5386 2302 5449 suetudinem,
2327 5390 2386 5437 ut
2416 5363 2972 5442 abillaerudiantur,
2997 5373 3195 5428 deinde
3233 5372 3514 5426 dexteram

1938 5482 2080 5552 ejus,
2113 5478 2324 5536 scilicet
2351 5475 2715 5545 cognitionem
2745 5468 2952 5525 Christi
2981 5467 3178 5537 ipsius,
3204 5473 3260 5520 et
3293 5464 3516 5518 mirabi-

1939 5575 2070 5628 lium
2107 5571 2228 5641 ejus
2278 5569 2578 5630 virtutum,
2639 5573 2695 5618 ut
2753 5563 2947 5616 horum
3004 5559 3199 5612 notitia
3260 5557 3516 5612 meliores

1940 5665 2194 5731 evadant,
2225 5669 2277 5719 et
2306 5670 2363 5727 ut
2403 5668 2583 5716 mente
2626 5655 2859 5719 eruditi,
2922 5652 3015 5708 Dei
3051 5649 3333 5730 sapientiae
3381 5663 3516 5713 con.—
