4068 6394
544 401 685 458 “'59

1175 404 1448 463 EUSEBII
1480 405 1962 464 CASSARIENSIS
2003 406 2154 465 OPP.
2198 409 2380 465 PARS
2416 407 2503 464 111.
2558 439 2628 453 --
2669 408 3078 466 EXEGETICA.

3663 402 3822 458 11ιο

541 523 726 572 sortes
788 516 897 571 sint
928 534 942 570 :
976 515 1230 574 Christus
1289 527 1469 576 autem
1500 528 1586 577 est
1615 521 1705 577 Dei
1741 523 1918 578 virtus
1953 531 2006 578 et
2031 523 2111 579 De.

2227 523 2335 577 τῶν
2373 541 2431 577 τε
2479 522 2795 594 παραδόξων
2823 523 2987 578 αὑτοῦ
3020 521 3319 593 δυνάμεων,
3354 520 3430 583 ὡς
3459 519 3524 573 ἂν
3567 517 3820 590 βελτίους

541 604 815 674 Sapientia
849 605 913 657 ⁶¹.

2223 615 2400 669 αὐτῶν
2447 616 2685 684 γένοιντο
2733 615 2839 668 ἀπὸ
2877 616 2978 685 τῆς
3015 615 3216 668 τούτων
3261 611 3544 683 γνώσεως,
3592 610 3692 665 καὶ
3736 611 3824 674 ὡς

539 695 626 766 ἂν,
662 701 1038 767 παιδευθέντες
1085 702 1184 774 τὴν
1223 701 1478 768 διάνοιαν,
1530 706 1848 780 μετάσχοιεν
1896 711 1995 782 τῆς
2029 710 2122 765 τοῦ
2197 712 2328 768 Θεοῦ
2413 713 2628 781 σοφίας·
2685 711 2916 782 Χριστὸς
2957 711 3012 764 δὲ
3059 709 3193 764 Θεοῦ
3231 709 3477 780 δύναμις,
3527 707 3619 762 καὶ
3669 703 3818 759 Θεοῦ

542 796 721 863 σοφία.

611 887 775 944 Vens.
814 890 991 944 l5—l7.
1033 890 1364 958 Convertere,
1422 892 1674 960 Domine,
1721 913 1984 968 usquequo
2010 941 2026 965 ,
2065 908 2116 952 et

534 979 880 1049 deprecabilis
928 992 1039 1037 esto
1068 1000 1223 1053 super
1269 1001 1443 1039 servos
1488 995 1626 1041 tuos.
1674 987 1875 1057 Repleti
1933 1007 2114 1043 sumus

535 1075 1087 1130 mane-misericordia
1122 1087 1234 1141 tua,
1265 1087 1314 1132 et
1351 1080 1732 1135 exsultavimus
1780 1092 1831 1136 et
1875 1081 2118 1136 delectati

533 1181 716 1220 sumus
766 1169 1006 1222 omnibus
1059 1169 1243 1223 diebus
1293 1173 1511 1224 nostris.
1558 1171 1754 1227 Lwtati
1802 1191 1984 1228 sumus
2021 1190 2115 1244 pro

532 1257 715 1312 diebus
743 1260 930 1328 quibus
961 1277 1054 1313 nos
1094 1260 1413 1323 Itumiliasti,
1447 1263 1600 1316 annis
1654 1264 1845 1333 quibus
1888 1265 2112 1318 vidimus

533 1349 700 1404 mala.
733 1347 801 1401 Et
834 1353 1028 1418 respice
1057 1351 1111 1402 in
1131 1366 1304 1403 servos
1335 1359 1450 1404 tuos
1482 1361 1531 1405 et
1560 1353 1614 1405 in
1637 1368 1792 1420 opera
1815 1363 1926 1416 tua,
1953 1364 2002 1407 et
2029 1354 2115 1407 di-

530 1442 642 1509 rige
669 1441 808 1510 ﬁlios
836 1457 1018 1495 eorum
1045 1456 1062 1493 :
1093 1450 1143 1495 et
1179 1443 1249 1494 sit
1279 1441 1526 1509 splendor
1556 1442 1772 1498 Domini
1812 1444 1911 1499 Dei
1947 1446 2116 1498 nostri

528 1548 688 1600 super
707 1550 824 1596 nos,
853 1543 902 1586 et
931 1549 1088 1600 opera
1122 1551 1374 1588 manuum
1431 1544 1734 1589 nostrarum
1763 1537 1929 1608 dirige
1958 1554 2116 1606 super

529 1641 646 1687 nos,
679 1635 728 1677 et
752 1640 880 1693 opus
913 1641 1162 1678 manuum
1195 1637 1500 1681 nostrarum
1518 1627 1704 1699 dirige.
1733 1629 1866 1684 Post
1893 1630 2112 1687 confes-

531 1716 740 1769 sionem
797 1718 854 1770 in
910 1717 1345 1786 prmcedentibus
1407 1719 1697 1784 traditam,
1750 1728 2117 1792 congruenter

2305 893 2724 960 Ἐπίστρεψον,
2757 891 2953 957 Κύριε,
2991 888 3102 955 ἕως
3146 890 3309 951 πότε,
3348 887 3447 941 καὶ
3494 889 3814 957 παρακλή-

2222 990 2353 1054 οητι
2399 985 2496 1038 ἐπὶ
2529 983 2669 1048 τοὺς
2713 982 2975 1048 δούλους
3020 997 3155 1034 σου.
3199 980 3688 1054 Ἐνεπλήσθημεν
3726 982 3814 1048 τῷ

2221 1078 2369 1147 πρωϊ
2415 1076 2522 1130 τοῦ
2561 1074 2772 1140 ἐλέους
2821 1089 2957 1137 σου,
3002 1072 3101 1126 καὶ
3151 1072 3643 1142 ὴγαλλιασάμεθα
3704 1077 3808 1129 καὶ

2219 1169 2636 1240 εὐφράνθημεν
2671 1167 2742 1220 ἐν
2776 1165 2999 1231 πάσαις
3038 1165 3164 1232 ταῖς
3196 1165 3440 1234 ἡμέραις
3463 1166 3649 1235 ἡμῶν.
3683 1171 3808 1222 Εὐ-

2219 1262 2564 1333 φράνθημεν
2601 1260 2730 1314 ἀνθ’
2767 1252 2856 1312 ὧν
2893 1255 3126 1326 ἡμερῶν
3164 1257 3568 1324 ἐταπείνωσας
3621 1257 3805 1328 ἡμᾶς,

2219 1355 2370 1410 ἐτῶν
2389 1351 2476 1410 ὧν
2497 1355 2734 1424 εἴδομεν
2757 1352 2930 1407 κακά.
2963 1353 3074 1406 Καὶ
3129 1351 3218 1405 ἴδε
3247 1351 3347 1405 ἐπὶ
3369 1352 3510 1418 τοὺς
3541 1352 3808 1420 δούλους

2221 1466 2337 1503 σου
2381 1450 2479 1503 καὶ
2521 1447 2622 1501 ἐπὶ
2673 1445 2746 1500 τὰ
2793 1447 2939 1515 ἔργα
2987 1461 3122 1508 σου,
3164 1444 3262 1497 καὶ
3308 1443 3616 1513 όδήγησον
3660 1446 3808 1511 τοὺς

2221 1541 2389 1606 υἱοὺς
2417 1540 2643 1594 αὐτῶν·
2678 1538 2778 1592 καὶ
2806 1540 2962 1591 ἔστω
2989 1539 3026 1605 ἡ
3057 1538 3402 1605 λαμπρότης
3442 1538 3663 1604 Κυρίου
3697 1538 3807 1592 τοῦ

2225 1631 2372 1684 Θεοῦ
2422 1630 2593 1700 ἡμῶν
2633 1631 2725 1700 ἐφ’
2759 1628 2936 1698 ἡμᾶς,
2980 1629 3076 1682 καὶ
3125 1628 3196 1681 τὰ
3241 1629 3384 1698 ἔργα
3427 1627 3544 1682 τῶν
3591 1629 3807 1697 χειρῶν

2223 1724 2392 1792 ἡμῶν
2429 1724 2796 1777 κατεύθυνον
2841 1722 2932 1790 ἐφ’
2966 1719 3142 1790 ἡμᾶς,
3194 1720 3295 1773 καὶ
3339 1719 3404 1773 τὸ
3457 1720 3635 1790 ἔργον
3685 1719 3808 1774 τῶν

534 1807 750 1879 Moyses
797 1809 990 1862 orandi
1039 1810 1260 1863 modum
1310 1811 1477 1864 tradit
1523 1811 1592 1864 iis
1635 1828 1704 1866 ex
1747 1813 1969 1876 lsraele,
2019 1813 2111 1882 qui

2225 1812 2436 1882 χειρῶν
2475 1810 2644 1881 ἡμῶν
2687 1811 3075 1863 κατεύθυνον.
3139 1807 3470 1870 Ἀκολούθως
3521 1806 3659 1877 μετά
3705 1806 3806 1876 τὴν

531 1909 656 1969 post
685 1899 990 1955 Salvatoris
1023 1901 1202 1955 nostri
1234 1902 1525 1956 adventum
1561 1902 1698 1972 lapsi
1731 1911 1883 1968 sunt,
1905 1912 1963 1956 ut
1993 1913 2116 1974 post

531 1991 836 2062 praemissa,
872 1992 1009 2057 haec,
1059 2009 1179 2063 qum
1220 1995 1334 2062 jam
1366 1995 1678 2057 traduntur,
1714 1995 1990 2066 precando
2033 1994 2117 2049 di-

528 2091 658 2136 cant
705 2101 720 2137 :
762 2099 998 2152 quorum
1064 2085 1397 2139 sententiam
1449 2085 1654 2140 clarius
1720 2087 2118 2158 interpretatus

531 2174 894 2246 Symmachus
941 2186 1026 2231 est
1074 2178 1178 2232 hoc
1237 2185 1444 2249 pacto:
1481 2176 1811 2244 Convertere,
1863 2179 2113 2243 Domine,

527 2283 796 2337 usquequo
823 2284 840 2331 ;
866 2268 1210 2337 deprecabilis
1242 2279 1352 2322 esto
1385 2284 1540 2338 super
1567 2287 1740 2325 servos
1775 2281 1911 2326 tuos.
1960 2272 2119 2327 Satia

530 2376 625 2412 nos
663 2362 926 2414 matutina
960 2362 1330 2414 misericordia
1361 2370 1473 2425 tua,
1504 2371 1562 2414 ut
1592 2361 1920 2416 dormiamus
1951 2373 2000 2417 et
2025 2363 2118 2417 la:-

531 2453 957 2506 temuromnibus
987 2451 1168 2506 diebus
1201 2453 1415 2506 nostris.
1453 2451 1691 2522 Laeti/ica
1740 2472 1832 2508 nos
1873 2455 2116 2509 omnibus

528 2542 734 2608 diebus,
768 2544 955 2612 quibus
981 2562 1075 2598 nos
1101 2545 1358 2615 aﬂliristi,
1395 2548 1549 2600 annis
1582 2547 1635 2600 in
1669 2546 1857 2616 quibus
1893 2547 2117 2601 vidimus

528 2634 693 2688 mala.
725 2633 1031 2703 Appareant
1061 2636 1200 2702 apud
1238 2653 1410 2690 servos
1445 2647 1560 2690 tuos
1598 2651 1766 2705 opera
1804 2645 1916 2699 tu-a,
1946 2637 2117 2704 et

527 2727 704 2796 gnitas
749 2742 905 2794 super
952 2727 1092 2796 ﬁlios
1134 2737 1340 2781 nostros
1369 2746 1386 2782 :
1414 2741 1464 2783 et
1508 2731 1575 2784 sit
1622 2729 1962 2798 pulchritudo
2008 2729 2118 2782 Do-

527 2816 660 2870 mini
694 2816 791 2870 Dei
819 2819 987 2870 nostri
1017 2834 1172 2886 super
1200 2837 1318 2883 nos,
1349 2830 1399 2874 et
1431 2837 1588 2889 opera
1621 2837 1874 2875 manuum
1904 2822 2118 2874 nostra-

527 2922 650 2960 rum
683 2908 839 2976 ﬁrma
879 2909 966 2977 {ac
1011 2927 1168 2978 super
1199 2928 1314 2974 nos,
1350 2921 1398 2964 et
1427 2914 1687 2965 actionem
1733 2929 1986 2966 manuum
2020 2931 2116 2968 no-

526 3011 764 3053 strarum
814 3002 1023 3070 perﬁce.
1084 3001 1181 3057 His
1233 3018 1398 3072 porro
1454 3004 1632 3071 docet,
1685 3013 1742 3058 ut
1790 3008 2114 3061 matutinam

529 3089 966 3144 misericordiam
1008 3095 1270 3162 consequi
1305 3094 1606 3163 postulent,
1659 3102 1719 3149 ut
1749 3103 1874 3150 ortu
1923 3096 2115 3150 Salva—

2222 1903 2606 1975 ἐξομολόγησιν
2639 1903 2737 1974 τὴν
2763 1901 2850 1954 διὰ
2879 1900 2986 1954 τῶν
3024 1901 3454 1972 προτεινομένων
3481 1899 3807 1969 παραδοθεῐς

2223 2015 2340 2062 σαν,
2365 1997 2557 2068 ἔτιτὴν
2585 1993 2892 2065 προσευχὴν
2917 1995 2945 2045 ό
2976 1992 3217 2062 Μωῦσῆς
3237 1992 3476 2045 διδάσκει
3511 1993 3637 2052 τοὺς
3665 1990 3806 2060 μετὰ

2217 2087 2315 2158 τὴν
2348 2087 2440 2139 τοῦ
2458 2087 2708 2157 Σωτῆρος
2722 2084 2879 2156 ἡμῶν
2901 2084 3202 2155 παρουσίαν
3224 2083 3686 2146 ἀποπεπτωκότας
3705 2081 3799 2135 τοῦ

2233 2172 2466 2246 Ἰσραὴλ,
2507 2175 2584 2235 εἰς
2612 2173 2672 2225 τὸ
2701 2173 2880 2240 λέγειν
2914 2173 3109 2234 αὐτοὺς
3143 2172 3629 2244 προσευχομένους,
3664 2172 3802 2242 μετὰ

2219 2263 2327 2316 τῶν
2355 2261 2724 2316 ἀποδοθέντων
2751 2263 2845 2316 καὶ
2867 2263 2935 2316 τά
2958 2262 3320 2333 προκείμενα·
3348 2255 3423 2314 ὧν
3450 2262 3548 2332 τὴν
3567 2262 3804 2316 διάνοιαν

2220 2355 2549 2425 σαφέστερον
2574 2355 2909 2425 ἑρμήνευσεν
2951 2356 2979 2407 ὁ
3020 2355 3333 2425 Σύμμαχος,
3362 2345 3546 2407 τοῦτον
3571 2355 3807 2419 ἀποδοὺς

2217 2447 2308 2500 τὸν
2337 2448 2533 2518 τρόπον
2554 2464 2566 2478 ·
2624 2445 3065 2515 Ἐπιστριίφηθι,
3101 2446 3299 2513 Κύριε,
3336 2446 3446 2512 ἕως
3474 2448 3648 2499 πότε·
3689 2461 3804 2499 πα-

2209 2538 2546 2612 ρακλήθητι
2574 2538 2724 2608 ὑπὲρ
2749 2537 2866 2591 τῶν
2892 2538 3127 2592 δούλων
3148 2553 3284 2592 σου.
3318 2541 3626 2606 Χόρτασον
3648 2536 3807 2607 ἡμᾶς

2218 2629 2491 2698 ὁρθρινοῦ
2521 2629 2733 2696 ἐλέους
2761 2645 2899 2694 σου,
2931 2631 3030 2683 ἵνα
3062 2629 3432 2699 ὑπνώσωμεν
3457 2630 3558 2688 καὶ
3585 2632 3809 2699 eugepae

2217 2721 2447 2790 νώμεθα
2473 2721 2543 2774 ἐν
2565 2721 2790 2787 πάσαις
2815 2720 2942 2787 ταῖς
2980 2722 3227 2790 ἡμέραις
3258 2720 3443 2791 ἡμῶν.
3485 2722 3809 2789 Εὗφρανον

2215 2811 2373 2879 ἡμᾶς
2414 2810 2617 2877 πάσας
2643 2811 2868 2880 ἡμέρας
2896 2811 2970 2877 ἃς
3009 2811 3321 2878 ὲκιίκωσας
3371 2809 3548 2881 ἡμᾶς,
3590 2811 3696 2879 ἔτη
3735 2812 3810 2866 ἐν

2215 2897 2305 2967 οἷς
2328 2902 2566 2972 εἴδομεν
2596 2902 2768 2957 κακά.
2813 2902 3061 2971 Φανήτω
3087 2903 3247 2971 παρὰ
3272 2903 3395 2968 τοῖς
3418 2903 3661 2966 δούλοις
3687 2919 3809 2958 σου

2215 2995 2287 3047 τὰ
2333 2995 2478 3066 ἔργα
2520 3011 2658 3059 σου,
2695 2995 2794 3049 καὶ
2845 2997 2911 3048 τὸ
2965 2996 3327 3064 ἀξιοπρεπὲς
3365 2996 3464 3048 ἐπὶ
3509 2996 3580 3050 τὰ
3621 2995 3811 3049 τέκνα

2215 3087 2413 3158 ἡμῶν·
2441 3090 2538 3142 καὶ
2577 3089 2734 3142 ἔστω
2761 3091 2828 3142 τὸ
2856 3088 3082 3156 κάλλος
3117 3090 3223 3143 τοῦ
3261 3091 3480 3157 Κυρίου
3510 3088 3616 3141 τοῦ
3656 3089 3808 3143 Θεοῦ

530 3184 673 3237 toris
710 3181 1025 3253 dignentur.
1073 3183 1391 3239 Matutinam
1425 3186 1627 3256 quippe
1675 3187 2111 3244 misericordiam

2214 3181 2383 3251 ἡμῶν
2405 3181 2605 3236 ἐπάνω
2625 3181 2815 3251 τῖμῶν,
2853 3183 2952 3236 καὶ
2983 3183 3054 3236 τὰ
3085 3181 3229 3252 ἔργα
3257 3180 3376 3235 τῶν
3394 3180 3612 3251 χειρῶν
3635 3181 3810 3252 ἡμῶν

526 3274 733 3332 Christi
761 3291 880 3330 eam
907 3275 1038 3330 dicit
1067 3292 1212 3341 esse,
1243 3293 1362 3347 quae
1393 3277 1460 3332 ad
1489 3294 1681 3334 omnes
1708 3281 1971 3349 homines
1993 3282 2074 3335 ori
2093 3311 2108 3322 -

530 3372 641 3420 tur.
680 3364 817 3419 Nam
848 3371 907 3420 ut
934 3366 1064 3419 olim
1100 3367 1268 3436 priori
1300 3370 1502 3437 populo
1533 3371 1860 3424 matutinum
1893 3379 2108 3441 tempus

528 3457 655 3522 fuit,
707 3473 819 3529 quo
863 3459 918 3513 in
960 3458 1198 3530 Aigypto
1241 3461 1446 3530 degens
1497 3462 1841 3532 inspectione
1870 3463 2108 3520 donatus

525 3562 646 3620 est;
685 3554 764 3608 sic
796 3553 852 3608 in
886 3555 1190 3608 novissimo
1225 3553 1436 3608 dierum
1477 3556 1746 3611 matutina
1796 3556 2109 3610 misericor-

523 3643 614 3700 dia
645 3645 904 3700 omnibus
933 3646 1185 3716 gentibus
1225 3645 1438 3702 etTulsit!
1466 3661 1563 3715 per
1592 3648 1886 3702 salutarem
1925 3648 2110 3702 orien-

525 3748 659 3800 tem,
683 3754 846 3809 quam
875 3740 1163 3795 memorati
1195 3739 1274 3793 illi
1309 3740 1560 3796 homines
1593 3741 1872 3811 postulare
1904 3741 2109 3795 docen-

523 3838 618 3885 tur
655 3831 710 3885 in
738 3831 1022 3899 oratione;
1057 3832 1167 3885 imo
1199 3832 1363 3885 etiam
1393 3831 1536 3886 inter
1566 3832 1672 3885 alia
1706 3831 1908 3894 dicere,
1943 3831 2011 3885 Et
2036 3834 2107 3886 sit

522 3924 772 3992 splendor
802 3923 1015 3976 Domini
1047 3923 1144 3976 Dei
1175 3925 1346 3977 nostri
1377 3939 1532 3992 super
1571 3941 1689 3987 nos,
1735 3933 1784 3979 et
1814 3935 2106 3994 appareant

523 4016 664 4081 apud
701 4016 875 4068 servos
909 4023 1036 4074 tuos,
1075 4030 1234 4082 opera
1278 4024 1393 4076 tua,
1432 4024 1482 4067 et
1507 4014 1740 4085 dignitas
1767 4024 1878 4079 tua,
1915 4025 1964 4069 et
1995 4015 2110 4083 pul-

523 4103 766 4158 chritudo
810 4103 1025 4160 Domini
1056 4103 1154 4157 Dei
1185 4105 1386 4167 nostri;
1426 4112 1485 4158 ut
1517 4114 1572 4158 et
1618 4105 1720 4174 ipsi
1755 4105 1942 4158 divina
1987 4103 2108 4158 Sal-

523 4197 732 4251 vatoris
785 4196 1078 4266 praesentia
1122 4196 1438 4266 dignentur,
1489 4212 1706 4251 necnon
1752 4197 1938 4251 divina
1981 4197 2107 4266 ejus,

523 4289 696 4358 gloria
732 4303 796 4342 ac
825 4287 1257 4361 pulchritudine,
1285 4287 1354 4341 de
1385 4302 1494 4357 quo
1523 4288 1731 4342 dictum
1754 4298 1860 4354 est,
1893 4287 2108 4356 Specio-

520 4397 612 4434 sus
643 4381 816 4448 forma
845 4396 957 4449 pra:
995 4379 1125 4448 ﬁliis
1148 4378 1420 4431 hominum
1444 4380 1511 4442 “,
1550 4395 1614 4433 ac
1641 4379 1865 4450 insuper
1892 4379 2106 4435 caneris

521 4472 780 4527 omnibus
804 4471 963 4526 bonis
991 4486 1112 4542 qua:
1165 4471 1221 4525 in
1279 4470 1502 4526 Christo
1536 4469 1629 4526 Dei
1690 4471 1918 4542 intelligi
1977 4487 2106 4542 pos-

527 4575 678 4620 sunt.

2213 3274 2416 3342 ἐδραῖα
2459 3275 2717 3342 ποίησον
2753 3275 2903 3344 ὑπὲρ
2937 3275 3127 3344 ἡμῶν,
3166 3276 3266 3329 καί
3301 3274 3416 3342 τὴν
3442 3273 3665 3343 πρᾶξιν
3690 3275 3808 3328 τῶν

2211 3363 2428 3436 χειρῶν
2463 3364 2631 3434 ἡμῶν
2658 3365 3030 3420 ἐπιτέλεσον.
3068 3367 3316 3436 Διδάσκει
3361 3368 3416 3421 δὲ
3467 3367 3558 3422 διὰ
3598 3367 3810 3420 τούτων

2212 3456 2478 3510 αἰτεῖσθαι
2523 3460 2704 3528 τυχεῖν
2739 3457 2832 3510 τοῦ
2885 3456 3136 3533 ὀρθρινοῦ
3175 3457 3382 3522 ἐλέους,
3417 3458 3495 3522 ὼς
3538 3459 3605 3511 ἂν
3636 3476 3808 3512 κατα-

2215 3551 2454 3620 ξιωθεῖεν
2483 3554 2581 3622 τῆς
2607 3553 2868 3624 ἀνατολῆς
2897 3553 2989 3606 τοῦ
3021 3553 3288 3626 Σωτῆρος.
3321 3556 3393 3606 Τὸ
3419 3554 3668 3626 ὀρθρινδν
3697 3554 3807 3624 γὰρ

2211 3644 2358 3708 ελεος
2393 3643 2631 3716 Χριστοῦ
2665 3645 2726 3697 τὸ
2759 3647 2852 3700 ἐπὶ
2892 3645 3099 3709 πάντας
3134 3646 3417 3700 ἁνατεῖλαν
3458 3645 3802 3717 ἀνθρώπους.

2223 3737 2311 3800 Ὧς
2335 3739 2443 3806 γὰρ
2471 3737 2634 3792 πάλαι
2666 3738 2858 3806 γέγονε
2908 3740 3090 3810 πρωῖα
3130 3738 3208 3811 τῷ
3237 3739 3485 3811 προτέρῳ
3517 3738 3633 3810 λαῷ
3662 3738 3809 3798 κατά

2209 3825 2307 3897 τὴν
2337 3827 2641 3897 ἐπισκοπὴν
2671 3821 2738 3900 ἧς
2769 3827 3184 3900 κατηξιώθησαν
3220 3831 3276 3888 ἐν
3299 3828 3561 3900 Αἰγύπτῳ
3597 3828 3807 3900 διατρίο

2211 3920 2417 3984 6οντες,
2457 3920 2627 3984 οῦτως
2677 3921 2764 3974 ἐπ’
2811 3923 3041 3994 ἐσχάτου
3067 3923 3174 3976 τῶν
3206 3922 3430 3995 ἡμερῶν
3464 3921 3524 3974 τὸ
3553 3921 3808 3993 ὁρθρινδνΔ

2211 4011 2356 4075 ἔλεος
2382 4014 2495 4075 τοῖς
2527 4014 2690 4068 πᾶσιν
2721 4011 2990 4084 ἐξέλαμψε
3028 4017 3139 4078 τοῖς
3172 4014 3347 4067 ἔθνεσι
3371 4013 3462 4066 διὰ
3490 4012 3586 4084 τῆς
3622 4029 3800 4082 σωτη-

2215 4105 2330 4174 ρίου
2355 4104 2641 4176 ἀνατολῆς,
2672 4101 2740 4178 ἦς
2767 4105 3164 4176 καταξιωθῆναι
3191 4106 3528 4160 διδάσκονται
3558 4105 3606 4156 οἱ
3636 4103 3807 4173 δηλωο

2213 4196 2395 4260 θέντες
2445 4197 2535 4258 διὰ,
2572 4197 2673 4268 τῆς
2711 4199 3020 4269 προσευχῆς
3064 4201 3261 4253 αἰτεῖν·
3307 4198 3445 4252 ἀλλὰ
3491 4198 3583 4250 καὶ
3621 4197 3806 4266 λέγειν

2213 4288 2352 4366 μετά
2382 4289 2490 4343 τῶν
2531 4288 2735 4344 ἄλλων·
2775 4290 2887 4344 Καὶ
2937 4292 3094 4345 ἔστω
3122 4291 3160 4358 ἡ
3187 4293 3536 4360 λαμπρότης
3577 4291 3806 4357 Κυρίου

2210 4380 2318 4434 τοῦ
2360 4381 2506 4435 Θεοῦ
2545 4381 2714 4451 ἡμῶν
2737 4383 2830 4451 ἐφ’
2856 4381 3034 4452 ἡμᾶς,
3077 4383 3176 4436 καὶ
3211 4381 3454 4452 φανήτω
3487 4383 3647 4449 παρά
3677 4379 3807 4447 τοῖς

2210 4473 2450 4538 δούλοις
2479 4488 2595 4529 σου
2628 4475 2699 4528 τὰ
2738 4475 2882 4544 ἔργα
2922 4491 3038 4528 σου
3076 4475 3174 4530 καὶ
3217 4475 3283 4528 τὸ
3323 4474 3551 4540 κάλλος
3580 4474 3809 4540 Κυρίου,

2138 4547 2182 4605 Ῐ)
2213 4564 2318 4620 τοῦ
2355 4563 2502 4618 Θεοῦ
2527 4562 2722 4636 ἡμῶν·
2751 4565 2826 4629 ὡς
2867 4565 2934 4620 ἂν
2965 4565 3058 4620 καὶ
3099 4566 3255 4618 αὐτοὶ
3287 4564 3670 4629 καταξιωθεῖεν
3705 4567 3808 4634 τῆς

525 4658 794 4732 σωτηρίου
831 4659 1187 4729 θεοφανείας,
1231 4660 1325 4714 καί
1367 4654 1465 4728 τῆς
1511 4659 1691 4713 ἐνθέου
1731 4660 1889 4732 δόξης
1943 4657 2133 4725 αὐτοῦ,
2165 4657 2257 4712 τοῦ
2305 4675 2365 4711 τε
2411 4657 2670 4723 κάλλους,
2720 4660 2848 4729 περὶ
2895 4655 2954 4714 οὗ
2998 4661 3241 4730 εἴρηται,
3319 4658 3542 4726 Ὡραῐος
3589 4656 3806 4710 κάλλει

518 4757 680 4825 παρὰ
708 4756 852 4822 τοὺς
889 4739 1062 4824 υίοὺς
1107 4755 1229 4811 τῶν
1260 4803 1268 4806 -
1303 4767 1609 4826 raptentur,
1657 4759 1748 4811 καὶ
1785 4757 1892 4810 τῶν
1926 4756 2127 4811 λοιπῶν
2165 4756 2418 4815 ἁπάντων
2449 4753 2559 4808 τῶι
2590 4754 2733 4813 κατά
2774 4756 2865 4810 τὸν
2894 4755 3127 4826 Χριστὸν
3167 4754 3262 4809 τοῦ
3297 4754 3432 4808 Θεοῦ
3485 4752 3804 4822 ἑπινοουμέ-

519 4866 626 4903 νων
652 4851 891 4919 ἀγαθῶν.

1260 4966 1374 5020 XC.

593 5051 760 5108 Vens.
814 5054 866 5117 1,
900 5053 956 5108 ‘2.
999 5043 1104 5122 Qui
1153 5056 1359 5111 habitat
1394 5059 1448 5111 in
1491 5057 1762 5128 adjutorio
1818 5058 2099 5122 Altissimi,

527 5143 587 5198 in
619 5153 911 5214 legumento
952 5145 1050 5200 Dei
1084 5147 1200 5202 cteli
1260 5148 1697 5203 commorabitur.
1737 5148 1835 5202 Hic
1862 5150 2105 5219 psalmus

529 5236 890 5307 inscriptione
917 5247 1086 5294 caret.
1111 5241 1196 5294 An
1233 5240 1372 5297 forte
1406 5257 1582 5311 neque
1615 5241 1858 5312 psalmus
1883 5252 1986 5304 est,
2009 5242 2105 5298 sed

525 5329 812 5400 prophetia
854 5333 1103 5399 quaedam
1139 5334 1531 5404 protundiores
1573 5334 1641 5390 de
1677 5334 1899 5389 Christo
1943 5349 2008 5388 ac
2035 5334 2105 5389 de

516 5419 608 5484 iis,
639 5436 761 5491 qua:
789 5422 844 5476 in
874 5423 994 5493 ipso
1031 5437 1412 5480 consummata
1451 5433 1602 5491 sunt,
1638 5441 1921 5482 sermones
1949 5440 2103 5480 com-

516 5511 805 5584 plectens?
852 5512 980 5569 Haec
1013 5532 1179 5586 porro
1209 5534 1332 5588 quae
1357 5519 1471 5588 jam
1515 5527 1818 5574 tractamus
1867 5519 2097 5573 multam

517 5601 864 5658 habentcum
896 5607 1221 5676 praecedenti
1249 5612 1460 5680 psalmo
1487 5611 1931 5682 discrepantiam.
1965 5609 2102 5664 Nam

516 5689 610 5748 ille
638 5694 858 5764 quidem
907 5713 1003 5764 per
1047 5698 1254 5774 Moysis
1297 5704 1626 5769 orationem,
1674 5712 1974 5760 extremam
2007 5701 2105 5760 Ju-

588 5847 628 5882 “
671 5847 690 5906 ι
724 5850 848 5907 Cor.
897 5868 950 5913 t,
987 5851 1073 5909 “2-2.
1156 5855 1199 5888 θ’
1240 5855 1382 5912 Psal.
1423 5872 1565 5919 XLIV,
1602 5858 1654 5912 5.

2978 4968 3049 5031 Lg.

2294 5057 2347 5108 Ὀ
2372 5055 2754 5112 κατοικῶν-κέν
2766 5057 3022 5126 βοηθείᾳ
3045 5057 3152 5111 τοῦ
3181 5057 3486 5126 Ὑψίστου,
3505 5057 3577 5110 ἑν
3599 5057 3803 5127 σκέπῃ

2206 5149 2313 5204 τοῦ
2345 5148 2492 5203 Θεοῦ
2524 5148 2631 5202 τοῦ
2677 5149 2939 5218 οὐρανοῦ
2977 5149 3434 5216 αὑλισθήσεται.
3475 5148 3802 5222 Ἀνεπίγρα-

2211 5259 2308 5310 φος
2332 5243 2360 5294 ὁ
2381 5241 2616 5311 ψαλμός.
2637 5241 2863 5311 Μήποτε
2893 5241 2950 5294 δὲ
2973 5239 3095 5293 οὔτε
3115 5241 3328 5312 eam;
3353 5241 3635 5312 τυγχάνει,
3663 5242 3803 5296 ἀλλά

2208 5351 2293 5396 τις
2325 5331 2631 5405 προφητεία
2665 5331 3000 5404 βαθυτέρους
3053 5333 3380 5405 περιέχουσα
3426 5332 3622 5401 λόγους
3669 5335 3802 5406 περὶ

2207 5427 2444 5499 Χριστοῦ
2473 5425 2701 5480 καὶτῶν
2735 5427 2794 5478 ἐν
2851 5424 3000 5496 αὐτῷ
3033 5424 3460 5496 τελειουμένων;
3499 5426 3708 5497 Πολλὴν
3741 5425 3802 5480 δὲ

2212 5521 2569 5592 ἀσυμφωνίαν
2616 5519 2729 5590 ἔχει
2755 5518 2823 5572 τὰ
2864 5518 3200 5590 προκείμενα
3235 5517 3373 5590 πρὸς
3412 5519 3503 5572 τὸν
3541 5519 3805 5588 ἀνωτέρω

2211 5612 2424 5683 ψαλμὸν
2463 5611 2564 5683 τὴν
2607 5611 2946 5664 ἀκολουθίαν.
2993 5611 3051 5663 '0
3102 5611 3200 5683 μὲν
3244 5612 3352 5683 γὰρ
3404 5612 3504 5683 τὴν
3559 5611 3804 5684 ἐσχάτην

2218 5704 2486 5776 ἀποϐολὴν
2547 5703 2636 5758 τοῦ
2679 5703 2947 5759 Ἰουδαίων
2985 5703 3170 5768 ἔθνους
3226 5703 3312 5758 διὰ
3365 5706 3466 5775 τῆς
3514 5705 3804 5776 Μωῦσέωιτ
