4068 6394
336 381 473 438 HM

1462 375 1966 440 COMM‘ENTARIA
1998 373 2066 429 IN
2105 373 2448 432 PSALMOS.

3439 371 3583 428 μιν

337 499 648 570 προσευχῆς
677 499 986 564 ἑθέσπιζεν·
1023 501 1052 552 6
1092 499 1150 553 δὲ
1184 501 1373 572 παρὼν
1406 503 1532 566 τοὺς
1565 502 1780 571 ἀγῶνας
1815 502 1902 553 καὶ

2012 496 2184 551 (ιιιίοω
2228 496 2406 567 gentis
2453 493 2815 564 abjectiouem
2869 491 3300 558 vaticinabatur;
3331 489 3419 546 hic
3452 507 3583 549 vero

335 590 405 644 τὰ
437 593 763 663 πειρατήρια
791 591 884 644 τοῦ
913 590 1053 645 κατὰ
1083 592 1285 662 Κύριον
1324 592 1694 663 τελειουμένου
1730 591 1914 662 περιέ-

336 698 448 752 χει’
487 681 623 736 ἀλλά
657 683 759 736 καὶ-
783 683 947 736 αὐτοῦ
980 682 1075 735 τοῦ
1109 684 1363 753 Σωτῆρος
1415 684 1572 755 ἡμῶν
1615 685 1706 737 τὸν
1744 685 1802 736 ὲν
1843 686 1910 754 τῇ

335 772 529 844 ἐρήμῳ
571 774 875 846 πειρασμὸν
904 774 1270 850 προφητεύει,
1301 777 1388 828 ὅτε
1419 777 1627 848 ἀνήχθη
1661 777 1765 830 ὑπὸ
1816 775 1911 830 τοῦ

333 861 650 934 ΙΙνεύματος
680 866 759 929 είς
788 865 887 938 τὴν
913 865 1115 937 ἔρημον
1149 867 1509 939 πειρασθῆναι
1536 869 1640 921 ὑπὸ
1668 869 1761 922 τοῦ
1793 869 1911 922 δια-

333 952 511 1020 ϐόλου,
540 955 634 1009 καὶ
659 957 758 1027 τὴν
788 958 880 1010 ἐπὶ
910 960 1043 1011 πᾶσι
1070 960 1226 1030 νίκην
1253 960 1436 1013 αὐτοῦ.
1464 961 1528 1012 Τί
1547 961 1610 1032 δὴ
1638 957 1730 1014 οὖν
1748 979 1910 1033 φησιν

330 1043 362 1096 6
397 1047 730 1118 προφητικὸς
760 1048 948 1118 λόγος;
987 1051 1044 1103 Ὁ
1072 1050 1170 1120 μὲν
1203 1051 1466 1124 πρότερος
1495 1052 1620 1116 λαὸς
1645 1055 1673 1107 6
1697 1052 1786 1106 διὰ
1814 1053 1911 1124 τῆς

335 1138 752 1208 προηγουμένης
786 1141 1062 1203 Μωῡσέως
1095 1142 1402 1213 προσευχῆς
1430 1143 1912 1214 ἀποκλαυσάμενος

331 1226 586 1295 ὁμολογεί
611 1229 856 1296 φάσκων,
879 1232 997 1284 Ὅτι
1023 1232 1378 1302 ἐξελίπομεν
1404 1233 1473 1286 ἐν
1494 1232 1567 1301 τῇ
1594 1233 1738 1304 ὀργῇ
1770 1247 1907 1299 σου,

333 1318 424 1371 καὶ¹
455 1317 524 1371 τὰ
553 1317 735 1385 λοιπὰ,
771 1322 869 1374 ὅσα
895 1323 1147 1394 ἑδηλοῦτο
1179 1323 1266 1377 διὰ
1296 1323 1403 1377 τῶν
1428 1325 1846 1395 ἐμφερομένων
1881 1326 1910 1378 6

330 1408 389 1461 δὲ
423 1408 632 1479 μέλλων
663 1412 1024 1483 συστήσεσθαι
1059 1415 1176 1484 μετ’
1205 1417 1410 1470 ἐκεῖνον
1440 1413 1517 1484 τῷ
1547 1413 1666 1485 Θεῷ
1695 1415 1782 1468 διὰ
1814 1415 1907 1468 τοῦ

331 1499 566 1570 Χριστοῦ
596 1499 741 1567 λαὸς,
779 1503 871 1556 ἐπὶ
913 1506 978 1574 τῇ
1022 1503 1243 1576 βοηθείᾳ
1272 1504 1366 1557 τοῦ
1421 1503 1677 1573 Ὑψίστου
1723 1521 1910 1557 πεποι-

330 1587 460 1657 θὼς,
488 1592 581 1644 καὶ
611 1592 697 1646 ἀεὶ
739 1593 800 1647 ὲν
829 1594 964 1666 αὐτῇ
998 1594 1290 1659 κατοικῶν,
1325 1595 1600 1667 ἀτάραχος
1635 1596 1730 1650 καὶ
1769 1596 1906 1650 ἀσά-

330 1681 516 1746 λευτος
542 1683 817 1755 διαμένει·
864 1686 942 1750 ὡς
976 1685 1072 1750 ἂν,
1107 1687 1212 1740 ὑπὸ
1238 1686 1336 1759 τὴν
1375 1687 1586 1761 σκέπην
1635 1687 1728 1741 τοῦ
1772 1689 1906 1744 Θεοῦ

328 1771 698 1844 αὐλιζόμενος,
729 1775 919 1828 οὐδένα
948 1794 1008 1830 τε
1052 1776 1160 1830 τῶν
1203 1776 1525 1850 πειρασμῶν
1573 1779 1909 1850 ἐπιστραφή-

2013 588 2315 643 certamina
2348 597 2402 644 et
2437 586 2767 642 tentationes
2793 585 2914 656 ejus
2944 586 3038 656 qui
3070 584 3371 642 secundum
3401 583 3583 637 Domi-

2013 697 2142 734 num
2179 687 2613 742 consummatur,
2643 676 3060 748 complectitur;
3105 675 3215 730 imo
3256 678 3418 730 etiam
3465 671 3582 726 Sa!-

2012 771 2218 827 vatoris
2256 771 2432 826 nostri
2488 770 2542 823 in
2592 771 2810 824 deserto
2841 768 3196 824 tentationem
3233 765 3580 836 praenuntiat,

2013 864 2234 935 quando
2277 871 2594 931 assumptus
2651 867 2736 914 est
2765 874 2797 913 a
2840 859 3047 929 Spiritu
3096 859 3150 912 in
3194 856 3490 921 desertum,
3526 862 3584 909 ut

2011 961 2318 1010 tentaretur
2349 967 2378 1005 a
2415 951 2652 1024 diabolo,
2692 949 3046 1020 praedicitque
3079 948 3197 1018 ejus
3228 949 3284 1002 in
3326 947 3582 1002 omnibus

2013 1046 2324 1101 victoriam.
2389 1043 2531 1110 Quid
2595 1043 2781 1112 itaque
2835 1041 2911 1094 ait
2962 1040 3318 1111 propheticus
3365 1037 3584 1095 sermo?

2010 1137 2168 1192 Prior
2217 1135 2436 1206 quidem
2477 1134 2733 1205 p0pulus,
2783 1132 2877 1202 qui
2913 1134 2965 1185 in
3014 1131 3341 1201 praecedenti
3376 1129 3583 1201 Moysis

2011 1229 2261 1284 oratione
2302 1227 2570 1298 plorabat,
2623 1225 2740 1280 haec
2783 1223 3166 1286 conﬁtebatur,
3204 1222 3345 1288 Quia
3386 1220 3582 1290 deieci.-

2012 1339 2128 1376 mus
2154 1321 2209 1374 in
2237 1321 2320 1373 ira
2351 1331 2464 1384 tua,
2492 1326 2546 1372 et
2575 1325 2793 1381 caetera,
2829 1332 2950 1388 quae
2974 1316 3176 1371 ibidem
3201 1315 3578 1379 declarantur;

2010 1414 2243 1485 populus
2285 1427 2415 1466 vero
2462 1412 2556 1481 qui
2594 1418 2718 1482 post
2745 1410 2894 1463 illum
2936 1423 2965 1461 a
3004 1407 3114 1462 Deo
3163 1423 3258 1476 per
3301 1405 3584 1462 Christum

2009 1504 2434 1560 constituendus
2487 1509 2625 1566 erat,
2675 1499 2950 1570 adjutorio
2993 1498 3260 1553 Altissimi
3315 1497 3584 1565 conﬁsus.

2015 1599 2070 1652 in
2099 1598 2330 1668 ipsoque
2357 1610 2574 1664 semper
2601 1593 2880 1658 habitans,
2914 1591 3327 1663 perturbatione
3355 1597 3409 1646 et
3430 1605 3584 1646 com.

2013 1692 2253 1745 motione
2284 1703 2492 1742 vacuus
2535 1695 2750 1754 manet;
2791 1696 2974 1756 utpote
2997 1684 3090 1755 qui
3136 1684 3239 1740 sub
3271 1690 3582 1753 legumento

2009 1781 2102 1837 Dei
2133 1782 2290 1837 sedes
2325 1780 2540 1844 haheat,
2599 1778 3072 1844 tentationumque
3120 1775 3323 1828 nultam
3358 1787 3580 1828 aversa-

329 1879 500 1927 σεται,
531 1863 644 1918 ἀλλ’
667 1866 751 1935 ἐφ’
774 1866 988 1939 ἑκάστῳ
1017 1870 1133 1940 ἑρεῖ
1151 1867 1229 1940 τῷ
1257 1868 1477 1940 Κυρίῳ⁶
1511 1869 1902 1938 Ἀντιλήπτωρ

2006 1874 2190 1940 bitur,
2242 1873 2337 1929 sed
2388 1872 2446 1926 in
2508 1870 2736 1941 singulis
2785 1868 2930 1923 dicet
2986 1866 3263 1920 Domino:
3301 1863 3583 1934 Susceptor

320 1969 441 2020 μου
473 1953 531 2006 εἷ
583 1954 681 2008 καὶ
712 1959 1024 2028 καταφυγή
1066 1975 1205 2027 μου,
1255 1961 1287 2012 d
1338 1959 1481 2024 Θεός
1507 1975 1662 2029 μου,
1712 1959 1902 2013 ἐλπιῶ

324 2043 419 2097 ἐπ’
451 2046 652 2101 αὐτόν.
697 2048 842 2102 Ἀντὶ
879 2048 936 2102 δὲ
973 2049 1090 2113 τοῦ,
1125 2050 1178 2103 '0
1233 2050 1521 2104 κατοικῶν
1554 2051 1624 2104 ἐν
1648 2051 1902 2119 βοηθείᾳ

325 2137 434 2192 τοῦ
478 2139 779 2208 Ὑψίστου,
802 2141 830 2193 6
877 2141 976 2212 μὲν
1010 2141 1342 2214 Σύμμαχος,”
1367 2143 1424 2195 '0
1460 2143 1750 2197 κατοικῶν
1781 2144 1900 2198 ὑπὸ

324 2229 564 2300 σκέπην
594 2230 701 2285 τοῦ
729 2231 1010 2301 Ὑψίστου
1031 2250 1044 2264 ·
1078 2235 1107 2286 6
1135 2235 1192 2288 δὲ
1221 2233 1471 2298 Ἀκύλας,
1496 2235 1590 2288 καὶ
1614 2237 1645 2306 ἡ
1679 2235 1901 2307 πέμπτη

323 2320 564 2386 έκδοσις,
605 2322 659 2376 Ὁ
702 2323 1038 2394 καθήμενος
1089 2326 1160 2380 ἐν
1210 2327 1536 2395 ἀποκρύφῳ
1596 2327 1900 2396 Ὑψίστου,

324 2417 687 2472 ἐκδεδώκασι·
725 2421 1081 2491 σημαίνοντος
1129 2420 1221 2474 τοῦ
1269 2420 1426 2490 λόγου
1475 2420 1569 2474 τοῦ
1601 2421 1742 2475 κατὰ
1768 2423 1901 2475 Θεὸν

324 2511 384 2564 ὲν
405 2511 624 2582 Χριστῷ
647 2512 1048 2590 ἀγωνιζομένου
1073 2513 1134 2567 16
1154 2515 1364 2586 ἑδραῖον
1390 2515 1482 2568 καὶ
1505 2516 1773 2586 ὰπτόητον
1801 2515 1903 2587 τῆς

323 2601 597 2669 διανοίας,
636 2603 731 2657 καὶ
764 2605 840 2669 ὡς
894 2607 952 2659 ἑν
1006 2605 1308 2677 ἀποκρύφῳ
1359 2607 1459 2677 τῆς
1507 2605 1673 2658 αὐτοῦ·
1720 2604 1900 2676 ψυχῆς

323 2691 531 2757 ἐνοικος
589 2694 942 2762 ἐγκαθέζεται
972 2698 1066 2750 καὶ
1114 2697 1306 2768 βοηθὸς
1349 2697 1509 2761 αὐτὸς
1550 2700 1579 2752 6
1613 2699 1894 2769 ’Ύψιστος⁸

324 2786 492 2863 Πάλιν
518 2785 576 2840 δὲ
607 2788 727 2841 ἀντὶ
758 2787 875 2855 τοῦ,
919 2789 1021 2843 Ἐν
1049 2790 1245 2859 σκέπῃ
1278 2791 1385 2844 τοῦ
1417 2791 1564 2845 Θεοῦ
1597 2790 1702 2844 τοῦ
1725 2793 1899 2859 οὐρα-

321 2868 933 2946 νοῦ-αὐλισθήσεται,
987 2883 1016 2934 6
1073 2883 1169 2953 μὲν
1213 2881 1466 2946 Ἀκύλας,
1542 2883 1640 2936 Ἐν
1701 2883 1898 2952 σκέπῃ

324 2969 534 3024 ἱκανοῦ
555 2970 988 3039 αὑλισθήσεται
1009 2991 1022 3002 ·
1053 2975 1081 3025 6
1115 2974 1171 3027 δὲ
1201 2973 1517 3044 Σύμμαχος,
1555 2973 1690 3028 Ὑπὸ
1717 2974 1898 3028 σκιὰν

321 3061 430 3116 τοῦ
474 3063 683 3117 ἱκανοῦ
721 3065 1122 3132 νυκτερεύων,
1156 3067 1461 3137 εἰρήκασιν.
1523 3066 1682 3120 Ἀλλὰ
1726 3067 1898 3121 ταῦτα

326 3155 426 3226 μὲν
459 3155 535 3220 ὠς
558 3157 616 3210 ὲν
647 3159 954 3230 προοιμίοις
985 3159 1046 3211 16
1067 3159 1218 3227 ἆγιον
1243 3158 1465 3230 Πνεῦμα
1489 3159 1768 3230 διελάλησε
1787 3176 1800 3190 ·
1827 3159 1900 3213 τὰ

319 3248 366 3301 δ’
394 3248 519 3320 ἑξῆς
562 3249 711 3321 αὐτῷ
761 3254 1105 3323 προσφωνεῖ,
1132 3253 1226 3304 καὶ
1256 3252 1346 3304 τὸν
1391 3253 1569 3307 πάντα
1612 3251 1768 3322 λόγον
1815 3255 1899 3318 είς

319 3340 486 3395 αὐτοῦ
523 3343 814 3413 πρόσωπον
851 3343 1216 3409 ἀποτείνεται,
1253 3344 1373 3415 ἦτοι
1417 3344 1512 3398 τοῦ
1555 3343 1633 3416 τῷ
1677 3345 1897 3417 Χριστῷ

321 3433 724 3505 ἀγωνιζομένου
780 3435 874 3488 καὶ
931 3433 1288 3505 νικῶντος,ἢ
1341 3434 1434 3487 καὶ
1483 3433 1577 3487 τοῦ
1617 3433 1755 3488 κατὰ
1805 3433 1897 3487 τὸν

320 3515 547 3599 Σωτῆρα
574 3527 866 3598 νοουμένου
915 3526 1236 3599 ἀνθρώπου,
1268 3519 1312 3596 ᾧ
1345 3528 1500 3599 δίκην
1539 3528 1771 3599 ὀργάνου
1807 3525 1900 3580 κέ-

321 3635 490 3690 χρητο
520 3621 548 3672 6
583 3618 764 3691 προὼν
803 3618 898 3673 τοῦ
935 3618 1071 3674 Θεοῦ
1103 3620 1273 3688 Λόγος
1294 3638 1308 3651 ·
1352 3621 1446 3674 καὶ
1491 3620 1600 3693 γὰρ
1634 3637 1805 3683 ουτος,
1837 3621 1900 3671 ὲν

321 3710 543 3783 βοηθείᾳ
595 3710 864 3770 κατοικῶν
914 3710 1009 3765 τοῦ
1045 3711 1322 3782 Ὑψίστου,
1372 3713 1476 3766 ὑπὸ
1530 3712 1628 3784 τὴν
1687 3710 1897 3782 σκέπην

318 3799 566 3871 ηὐλίζετο
594 3802 687 3855 τοῦ
731 3802 1064 3866 ἐνοικοῦντος
1117 3802 1267 3873 αὐτῷ
1320 3802 1454 3856 Θεοῦ
1500 3803 1712 3871 Λόγου,
1771 3802 1894 3854 ἑπι-

321 3893 634 3960 σκιάζοντος
668 3894 816 3964 αὐτῷ
847 3898 916 3967 τῇ
947 3892 1112 3948 αὐτοῦ
1147 3893 1383 3965 θεότητι,
1441 3889 1554 3964 εἶχέ
1583 3911 1642 3946 τε
1679 3892 1899 3964 ἀντιλή-

319 3993 498 4056 πτορα
538 3985 634 4038 καὶ
682 3987 1005 4058 καταφυγὴν
1029 3985 1124 4040 καὶ
1171 3985 1390 4050 ἐλπίδας
1420 3985 1584 4040 αὐτοῦ
1633 3987 1730 4058 τὴν
1761 3985 1896 4056 πλη-

323 4072 520 4145 ροῦσαν
571 4074 732 4129 αὐτὸν
770 4075 864 4129 τοῦ
921 4069 1067 4129 Θεοῦ“
1087 4076 1261 4146 Λόγου
1308 4075 1554 4148 δύναμιν.
1588 4077 1798 4148 Ὥσπερ
1837 4076 1898 4130 δὲ

320 4165 482 4236 σῶμα
520 4165 758 4238 Χριστοῦ
792 4167 852 4220 τὸ
886 4166 1224 4240 ἀνθρώπειον
1271 4167 1435 4223 αὐτοῦ
1465 4168 1696 4242 ὄργανον
1728 4170 1894 4240 ἑχρη·

320 4259 568 4330 μάτισεν,
587 4259 728 4313 οὕτω
749 4259 844 4313 καὶ
870 4261 899 4313 6
928 4260 1058 4325 λαὸς
1075 4260 1239 4314 αὐτοῦ
1268 4261 1507 4334 Χριστοῦ
1542 4261 1697 4332 σῶμα
1728 4277 1896 4333 προσ-

319 4350 609 4422 ηγόρευται
643 4352 748 4404 ὑπὸ
769 4351 861 4406 τοῦ
900 4352 1381 4424 ιεροῦἌποστόλου
1405 4353 1678 4422 λέγοντος·
1713 4351 1902 4423 Ὑμεῗςς

319 4439 387 4494 δέ
407 4441 547 4495 ἐστε
579 4442 749 4512 σῶμα
776 4441 1054 4511 Χριστοῦ,
1091 4443 1189 4496 καὶ
1215 4443 1372 4512 μέλη
1399 4443 1467 4496 ἐκ
1487 4442 1731 4512 μέρους.

1923 3221 1966 3279 C

2006 1983 2150 2021 meus
2190 1975 2326 2020 es-tu
2354 1976 2404 2018 et
2439 1963 2698 2033 refugium
2754 1975 2945 2022 meum,
2977 1958 3116 2012 Deus
3157 1973 3323 2020 meus,
3359 1955 3579 2025 sperabo

2005 2059 2059 2111 in
2111 2073 2250 2112 eum.
2287 2054 2395 2110 Pro
2430 2055 2524 2108 illo
2564 2060 2765 2118 autem,
2815 2050 2918 2116 Qui
2961 2047 3171 2105 habitat
3209 2048 3264 2100 in
3307 2045 3578 2114 adjutorio

2003 2149 2288 2215 Altissimi,
2329 2145 2712 2218 Symmachus,
2767 2143 2872 2209 Qui
2906 2141 3113 2194 habitat
3155 2139 3251 2193 sub
3282 2146 3576 2209 tegumenta

2002 2238 2267 2292 Altissimi
2288 2255 2312 2301 ;'
2351 2237 2545 2307 Aquila
2595 2252 2722 2290 vero
2766 2242 2818 2290 et
2854 2235 3044 2304 quinta
3071 2231 3260 2293 editio,
3296 2230 3401 2296 Qui
3433 2230 3572 2284 sedet

2002 2332 2056 2384 in
2088 2329 2392 2384 abscondito
2430 2328 2716 2393 Altissimi,
2753 2327 3062 2383 ediderunt.
3085 2323 3204 2390 Quo
3240 2321 3576 2393 signiﬁcatur

2003 2421 2141 2491 ejus,
2195 2422 2285 2490 qui
2333 2418 2638 2475 secundum
2691 2417 2860 2472 Deum
2911 2418 2966 2470 in
3008 2415 3228 2470 Christo
3268 2421 3572 2479 concertat,

2002 2512 2234 2567 ﬁrmitas
2286 2519 2340 2567 et
2381 2509 2788 2582 imperterritus
2837 2507 3074 2571 animus,
3124 2514 3178 2561 et
3209 2505 3484 2576 quomodo
3517 2505 3576 2560 in

2003 2617 2219 2658 recessu
2255 2604 2447 2657 animae
2473 2601 2593 2671 ejus
2627 2601 2835 2655 habitet
2867 2598 3163 2668 sedeatque
3209 2596 3427 2664 adjutor
3451 2596 3574 2665 ejus

1999 2694 2340 2751 Altissimus.
2373 2694 2745 2762 Rursumque,
2775 2706 2874 2762 pro
2902 2690 3014 2753 illo,
3045 2687 3114 2742 In
3163 2696 3453 2759 legumento
3473 2687 3574 2742 Dei

2001 2787 2118 2841 caeli
2139 2786 2573 2851 commorabitur,
2596 2783 2814 2854 Aquila,
2841 2781 2907 2836 In
2941 2789 3229 2851 tegumenta
3253 2779 3406 2848 [ortis
3431 2796 3576 2833 ωηι-

2000 2877 2332 2940 morabitur;
2386 2873 2750 2946 Symmachus
2801 2879 3005 2936 autem,
3058 2870 3166 2923 Sub
3199 2870 3384 2923 umbra
3415 2870 3572 2940 fortis
3682 2915 3689 2921 .

1996 2977 2330 3036 pernoctans,
2358 2964 2706 3035 interpretati
2727 2970 2875 3018 sunt.
2905 2960 3151 3017 Sedhaec
3173 2961 3398 3040 quidem
3415 2961 3572 3031 quasi

2000 3063 2054 3118 in
2089 3062 2371 3134 prommiis
2405 3060 2645 3131 Spiritus
2681 3068 2906 3114 sanctus
2940 3057 3155 3110 locutus
3181 3065 3262 3111 est
3293 3075 3305 3110 :
3336 3072 3457 3126 qua:
3484 3071 3573 3110 se-

2002 3162 2246 3225 quuntur
2274 3163 2454 3208 autem
2495 3151 2563 3206 ad
2589 3167 2738 3206 eum
2781 3150 2990 3220 dirigit,
3030 3158 3320 3220 totumque
3363 3165 3572 3206 sermo-

1998 3263 2120 3302 nem
2145 3246 2209 3300 ad
2241 3245 2362 3316 ejus
2400 3259 2692 3315 personam
2724 3243 2913 3307 refert,
2944 3243 3038 3312 qui
3066 3242 3410 3312 pro-Christo
3438 3256 3570 3296 con-

1998 3345 2172 3393 certat
2199 3353 2263 3391 ac
2301 3344 2562 3407 superat;
2615 3336 2730 3390 sive
2768 3336 2928 3390 etiam
2973 3335 3038 3389 ad
3073 3335 3346 3389 hominem
3379 3335 3472 3405 qui
3511 3334 3569 3389 in

1999 3429 2284 3484 Salvatore
2337 3443 2459 3484 esse
2505 3426 2852 3496 intelligitur,
2911 3441 3022 3496 quo
3064 3441 3164 3480 ceu
3208 3426 3570 3480 instrumento

1997 3538 2155 3577 usum
2196 3528 2285 3576 est»
2306 3519 2397 3575 Dei
2428 3518 2668 3574 Verbum
2702 3520 2848 3589 quod
2897 3519 3324 3592 praeexsistebat.
3357 3517 3571 3572 Etenim

1996 3613 2088 3668 ἤιε
2117 3612 2170 3666 in
2200 3610 2477 3681 adjutorio
2510 3610 2777 3666 Altissimi
2805 3611 3082 3674 habitans,
3129 3610 3230 3665 sub
3259 3616 3572 3679 legumento

1997 3703 2357 3758 inhabitantis
2409 3702 2462 3755 in
2512 3717 2572 3756 se
2615 3701 2706 3756 Dei
2747 3701 2912 3756 Verbi
2964 3701 3424 3765 commorabatur,
3477 3699 3571 3770 qui

1996 3797 2197 3851 deitate
2228 3809 2328 3848 sua
2368 3795 2546 3863 ipsum
2591 3793 2964 3859 inumbrabat;
2998 3802 3157 3863 atque
3186 3793 3232 3847 is
3263 3792 3319 3845 in
3367 3806 3560 3848 susceo

1997 3898 2228 3960 ptorem,
2251 3885 2531 3957 refugium
2561 3893 2616 3940 et
2639 3899 2790 3956 spem
2821 3887 3056 3940 habebat
3085 3887 3260 3956 ipsam
3289 3884 3382 3939 Dei
3404 3883 3570 3942 Verbi

1995 3981 2272 4044 virtutem,
2329 3994 2440 4050 qua
2498 3978 2832 4048 replebatur.
2880 3977 3345 4048 Quemadmodum
3391 3986 3571 4034 autem

1995 4064 2434 4140 Christi'corpus
2469 4070 2768 4124 humanum
2799 4069 2947 4125 illius
2975 4070 3395 4124 instrumentum
3422 4077 3568 4138 erat;

1997 4162 2078 4218 sic
2101 4170 2156 4218 et
2183 4162 2418 4232 populus
2451 4159 2593 4230 ejus,
2621 4159 2828 4215 Christi
2875 4175 3081 4230 corpus
3128 4174 3158 4213 a
3203 4168 3395 4215 sancto
3422 4160 3569 4231 Apo-

1997 4255 2137 4309 stolo
2186 4260 2414 4308 vocatur
2461 4253 2549 4308 his
2582 4252 2805 4307 verbis:
2844 4250 2948 4309 Vos
2989 4261 3161 4307 autent
3210 4253 3335 4306 estis
3383 4268 3570 4321 corpus

1997 4345 2220 4411 Christi,
2253 4354 2303 4399 et
2332 4342 2569 4400 membra
2598 4358 2663 4398 ea:
2687 4351 2838 4413 parte
2861 4342 2927 4396 ".

390 4556 631 4620 Εἰκότως
668 4558 956 4629 τοιγαροῦν
983 4556 1054 4611 τὰ
1085 4560 1142 4612 ἑν
1178 4560 1290 4622 τοῖς
1329 4558 1708 4629 προκειμένοις
1737 4557 1893 4626 λεγὸ-

2060 4541 2263 4608 ’Μενὶιο
2295 4549 2463 4622 igitur
2494 4565 2616 4622 qum
2667 4550 2756 4605 hic
2785 4551 2946 4621 quasi
2994 4549 3062 4606 de
3094 4563 3326 4619 corpore
3363 4544 3569 4602 Christi

324 4665 462 4718 μενα
491 4648 566 4712 ὡς
600 4650 727 4721 περὶ
771 4649 864 4703 τοῦ
921 4649 1171 4721 σώματος
1202 4651 1438 4722 Χριστοῦ
1480 4649 1785 4722 ἀναφέροιέ
1827 4649 1893 4703 ἂν

322 4738 415 4790 καὶ
446 4740 526 4802 είς
557 4740 618 4793 16
665 4739 1001 4812 ἀνθρώπειον
1038 4741 1133 4795 τοῦ
1175 4743 1425 4814 Σωτῆρος
1468 4742 1644 4814 ἡμῶν,
1674 4742 1766 4796 καὶ
1814 4729 1923 4822 εἰςδΧ

320 4829 410 4883 τὸν
455 4832 512 4883 ἑν
568 4830 718 4901 αὐτῷ
758 4831 1153 4903 τελειούμενον.
1193 4827 1294 4886 Ὧν
1325 4833 1497 4898 οὕτως
1552 4835 1892 4906 εἰρημένων,

321 4920 446 4993 ἑξῆς
476 4925 504 4976 ὁ
530 4922 687 4991 λόγος
710 4922 1042 4996 διεξέρχεται
1067 4927 1167 4980 ὅσα
1200 4926 1350 4998 παρὰ
1381 4926 1473 4980 τοῦ
1504 4926 1637 4980 Θεοῦ
1664 4928 1895 5000 ὑπάρξει

320 5017 399 5090 τῷ
449 5018 792 5074 κατοικοῦντι
825 5023 882 5074 ἑν
927 5020 1147 5094 βοηθείᾳ
1187 5021 1282 5075 τοῦ
1322 5021 1575 5092 Ὑψίστου
1605 5023 1700 5076 καῖ
1747 5023 1898 5077 αὐλι-

322 5107 534 5182 ζομένῳ
567 5111 672 5165 ὑπὸ
719 5111 818 5184 τὴν
863 5114 1070 5186 σκέπην
1117 5113 1209 5167 τοῦ
1243 5113 1400 5180 Θεοῦ,
1456 5113 1665 5184 λέγοντί
1721 5133 1780 5168 τε
1819 5115 1896 5188 τῷ

322 5203 542 5276 Κυρίῳ’
588 5206 978 5274 Ἀντιλψττωρ
1019 5226 1139 5277 μου
1169 5205 1229 5262 εἷ
1267 5207 1366 5262 καὶ
1404 5208 1714 5278 καταφυγή
1752 5227 1892 5278 μου,

323 5298 359 5350 ὀ
388 5299 531 5363 Θεός
549 5315 692 5367 μου,
715 5299 814 5353 καὶ
844 5298 1027 5353 ἐλπιῶ
1055 5301 1149 5353 ἐπ’
1177 5302 1382 5355 αὐτόν.
1413 5301 1546 5355 Τίνα
1579 5301 1639 5354 δέ
1672 5303 1787 5354 ἑστι
1825 5299 1895 5355 τὰ

324 5387 454 5459 περὶ
481 5388 642 5445 αὐτὸν
680 5390 1034 5461 γενησόμενα,
1067 5391 1352 5460 καταλέγει
1393 5390 1481 5445 διὰ
1533 5390 1639 5444 τῶν
1691 5392 1895 5464 ἑπομέ-

324 5496 430 5533 νων
449 5496 463 5510 ·
484 5479 612 5534 Ὀτι
636 5481 818 5549 αὐτὸς
834 5485 1088 5552 ῥύσεταί
1105 5503 1182 5555 με
1201 5487 1269 5540 ἐκ
1291 5485 1545 5558 παγίδος
1571 5486 1891 5555 θηρευτῶν,

325 5567 444 5623 ἀπὸ
496 5571 682 5640 ,λόγου
728 5573 1128 5644 ταραχώδους.
1187 5577 1283 5630 Ἐν
1330 5576 1452 5643 τοῖς
1501 5576 1894 5646 μεταφρένοις
1931 5591 1950 5607 τ

324 5663 510 5722 αὑτοῦ
561 5663 899 5723 ἐπισκιάσει
938 5684 1068 5735 σοι,
1123 5670 1226 5726 καὶ·
1269 5670 1387 5726 ὑπὸ
1442 5669 1548 5738 τὰς
1600 5669 1897 5742 πτέρυγας

401 5819 445 5852 ⁸³
485 5817 666 5881 lCor.
705 5837 822 5883 xu.
857 5823 946 5882 27.
1069 5887 1076 5892 ,
1159 5843 1195 5892 ς
1231 5837 1248 5848 ·’
1708 5807 1763 5839 ’ζ’

1937 4649 2280 4713 “dicuntur,
2313 4647 2473 4702 etiam
2515 4646 2584 4701 ad
2623 4644 3014 4699 humanitatem
3062 4640 3360 4696 Salvatoris
3395 4639 3585 4694 nostri-

1999 4743 2327 4805 referantur,
2359 4748 2522 4811 atque
2555 4739 2624 4794 ad
2652 4753 2778 4794 eum
2803 4737 2898 4808 qui
2929 4737 2983 4791 in
3010 4735 3128 4805 ipso
3157 4739 3570 4789 consummatus

1999 4845 2102 4892 est.
2149 4836 2282 4902 Quae
2329 4849 2454 4890 cum
2504 4834 2607 4888 hac
2658 4832 2872 4887 ratione
2924 4829 3072 4885 dicta
3123 4828 3253 4891 sint,
3304 4827 3585 4897 deinceps.

1999 4935 2310 4991 enarratur,
2348 4933 2551 4996 quanta
2591 4939 2623 4978 a
2654 4923 2767 4980 Deo
2803 4920 3134 4978 conferenda
3165 4919 3276 4975 sint
3315 4916 3370 4971 in
3419 4932 3565 4981 eum,

1997 5021 2091 5092 qui
2112 5020 2322 5075 habitat
2352 5021 2408 5072 in
2436 5016 2712 5088 adjutorio
2735 5013 3025 5077 Altissimi,
3050 5019 3104 5067 et
3130 5011 3232 5067 sub
3256 5013 3585 5078 legumento.

2001 5111 2091 5167 Dei
2128 5120 2525 5177 commoratur,
2559 5122 2624 5163 ac
2667 5107 2800 5185 dicit
2831 5105 3081 5172 Domino,
3113 5102 3394 5170 Susceptor
3422 5115 3567 5154 meus

1996 5221 2074 5268 es,
2103 5211 2153 5257 et
2176 5202 2434 5273 refugium
2466 5217 2660 5265 meum,
2700 5197 2841 5252 Deus
2876 5213 3040 5260 meus,
3078 5193 3298 5261 sperabo
3333 5193 3581 5246 incum.-

1999 5294 2256 5361 Quaenam
2293 5305 2470 5349 autem
2509 5295 2588 5348 illi
2621 5291 2952 5348 conferenda
2982 5290 3093 5344 sint
3123 5288 3175 5340 in
3211 5284 3567 5356 sequentibus

1998 5395 2188 5442 narrat
2214 5406 2229 5442 :
2255 5416 2324 5426 —
2345 5385 2512 5442 Vens.
2548 5385 2665 5441 3-9.
2694 5384 2958 5451 Quoniam
2990 5381 3097 5450 ipse
3127 5376 3368 5432 liberabit
3399 5392 3480 5430 me
3502 5374 3582 5431 de-

2003 5479 2184 5549 laqueo
2216 5478 2533 5543 venantium,
2565 5487 2615 5532 et
2663 5494 2698 5531 a
2734 5476 2884 5532 verbo
2919 5472 3236 5526 turbulento.
3272 5467 3340 5523 In
3377 5484 3570 5537 scapu-

2005 5570 2069 5625 lis
2102 5573 2212 5625 suis
2251 5569 2583 5626 obumbrabit
2613 5569 2730 5632 tibi,
2755 5578 2802 5622 et
2825 5565 2917 5621 sub
2955 5563 3135 5633 pennis
3163 5562 3276 5633 ejus
3307 5561 3561 5628 sperabis.

2007 5670 2165 5728 Scuto
2198 5666 2544 5724 circumdabit
2577 5675 2622 5721 te
2653 5665 2842 5719 veritas
2873 5661 3009 5730 ejus,
3055 5675 3157 5714 non
3185 5655 3387 5712 timebis
3426 5672 3459 5708 a
3498 5655 3586 5711 ti...
