4068 6394
500 404 644 462 1145

1196 396 1465 451 EUSEBII
1504 393 1982 459 CAESARIENSIS
2022 394 2169 455 OPP.
2216 393 2397 449 PARS
2433 392 2499 449 Ill
2525 421 2596 434 ——
2620 388 3029 446 EXEGETICA.

3601 391 3761 446 1141»

500 530 648 571 more
675 522 950 574 nocturno,
989 528 1021 564 a
1068 510 1269 580 sagitta
1308 509 1515 565 volante
1556 510 1611 563 in
1650 508 1755 574 die,
1796 526 1830 563 a
1860 511 2064 581 negotio

2178 507 2357 562 αὐτοῦ
2401 505 2646 571 ἐλπιεῖς.
2696 504 2897 570 Ὅπλῳ
2940 499 3233 555 κυκλώσει
3282 501 3358 553 ’σε
3410 500 3447 567 ἡ
3488 498 3763 566 ἀλήθεια

499 604 897 677 perambulante
925 604 980 655 in
1007 601 1252 666 tenebris,
1285 618 1317 653 α
1345 603 1501 655 ruina
1537 611 1587 656 et
1617 601 1877 656 dmmonio
1906 603 2063 657 meri-

2168 599 2377 661 αὺτοῦ,
2404 600 2476 652 οὺ
2497 596 2809 666 φοϐηθήσῃ
2845 594 2963 648 ἀπὸ
3008 593 3194 661 φόϐου
3226 588 3594 656 νυκτερινοῦ,
3618 587 3764 643 ἀπὸ

498 694 683 748 diano.
713 695 910 747 Cadent
957 711 988 747 a
1019 694 1181 747 latere
1219 701 1308 747 tuo
1348 694 1513 758 mille,
1554 703 1602 748 et
1631 695 1807 763 decem
1828 696 2002 749 millia
2035 713 2068 749 a

2178 689 2397 755 βέλους
2442 686 2769 756 πετομένου
2820 684 3044 753 ἡμέρας
3068 723 3082 746 ,
3125 681 3240 745 ἀπὸ
3292 680 3632 750 πράγματος
3679 679 3764 732 ἐν

498 786 699 841 dextris
746 787 872 847 tuis,
906 785 974 838 ad
1023 794 1072 841 te
1121 796 1292 841 autem
1332 802 1435 840 non
1464 787 1919 857 appropinquabit.
1967 786 2066 841 Ve-

2168 781 2373 833 σκότει
2430 774 2960 845 διαπορευομένου,
3014 773 3131 827 ἀπὸ
3170 770 3600 853 συμπτώματος
3644 770 3764 824 καὶ

498 886 797 933 rumtamen
829 876 996 929 oculis
1046 876 1148 931 tuis
1183 876 1561 941 considerabis,
1593 887 1641 930 et
1676 877 2069 931 retributionem

2178 869 2478 938 δαιμονίου
2500 862 3237 937 μεσημϐρινοῦ.¹Πεσεῖται
3257 862 3326 915 ἐκ
3357 861 3463 915 τοῦ
3496 861 3763 926 κλίτους

496 976 829 1040 peccatorum
863 965 1078 1021 videbis.
1114 966 1378 1033 Quoniam
1413 977 1467 1021 tu
1521 983 1630 1036 spes
1670 986 1808 1034 mea,
1852 968 2083 1022 Altini--

498 1076 641 1114 mum
668 1060 894 1128 posuisti
924 1059 1185 1128 refugium
1226 1069 1393 1114 tuum.
1428 1058 1667 1117 lnsultus
1714 1061 1978 1131 plurimos
2014 1060 2070 1115 in

496 1162 623 1203 eum
659 1147 776 1203 fore
816 1150 1164 1219 prtenuntiat,
1199 1150 1292 1219 qui
1333 1150 1387 1203 in
1437 1151 1692 1205 vaticinio
1730 1156 2065 1219 enuntiatur.

498 1236 599 1292 Hic
633 1254 760 1293 vero
791 1253 1048 1307 perrarus
1083 1248 1201 1297 erat
1228 1248 1282 1294 et
1324 1240 1607 1304 mirabilis,
1650 1242 1707 1295 in
1750 1242 2072 1297 abscondito

496 1329 761 1385 Altissimi
805 1330 1023 1397 sedens,
1079 1331 1181 1385 sub
1214 1330 1405 1387 umbra
1434 1331 1589 1389 fortis
1634 1348 1981 1389 commorans
2017 1340 2073 1389 et

501 1421 733 1476 Domino
784 1422 991 1488 dicens,
1038 1422 1322 1493 Susceptor
1351 1441 1494 1479 meus
1526 1442 1579 1479 es
1610 1435 1665 1479 tu
1711 1436 1763 1481 et
1811 1427 2073 1497 refugium

498 1530 691 1581 meum,
714 1514 856 1569 Deus
877 1532 1043 1579 meus,
1071 1524 1120 1569 et
1142 1516 1358 1583 sperabo
1386 1517 1439 1569 in
1466 1533 1607 1581 eum;
1631 1518 1745 1573 sive
1775 1520 2072 1575 secundum

499 1606 777 1676 Aquilam,
808 1605 950 1664 Deus
982 1622 1157 1669 meus,
1192 1606 1453 1675 conﬁdam
1492 1609 1547 1661 in
1580 1609 1717 1672 illo;
1751 1618 1843 1664 aut
1873 1625 2071 1665 secun-

498 1695 628 1750 dum
674 1694 1083 1767 Symmachum,
1120 1696 1259 1751 Deus
1288 1714 1454 1762 meus,
1504 1707 1553 1751 et
1600 1697 1790 1752 bonam
1822 1699 2074 1768 ﬁduciam

500 1788 697 1843 habebo
736 1789 803 1843 in
853 1788 965 1843 illo.
1009 1787 1283 1843 Adversus
1325 1804 1448 1843 eum
1490 1790 1676 1858 igitur,
1722 1792 1815 1861 qui
1855 1806 1921 1844 eo
1967 1803 2076 1859 quo

500 1874 707 1929 dictum
736 1882 820 1930 est
848 1875 1008 1929 modo
1035 1875 1089 1931 in
1122 1873 1214 1929 Dei
1247 1876 1449 1929 auxilio
1477 1878 1749 1945 repositus
1776 1884 1913 1942 erat,
1941 1878 2077 1933 insi-

499 1966 603 2021 diae
631 1967 875 2037 quandam
895 1975 949 2022 et
975 1968 1383 2037 conjurationes
1422 1977 1805 2023 sexcentarum
1833 1969 2072 2025 hostium

500 2059 953 2118 insurrexerunt:
983 2075 1103 2129 quae
1144 2061 1353 2115 scilicet
1384 2062 1561 2133 laquei
1582 2063 1919 2127 venantium,
1958 2078 2078 2118 ser-

498 2163 688 2207 mones
720 2148 1047 2216 turbulenti,
1102 2150 1269 2205 timor
1299 2160 1623 2215 nocturnus,
1658 2154 1853 2224 sagitta
1885 2157 2075 2214 volans

498 2245 555 2293 in
610 2238 719 2301 die,
754 2241 1031 2309 negotium
1088 2242 1474 2309 perambulans
1538 2244 1594 2297 in
1628 2246 1869 2301 tenebris
1912 2248 2073 2302 ruina

498 2328 751 2383 daemonii
781 2330 1069 2384 meridiani
1090 2340 1294 2386 vocatae
1311 2341 1438 2388 sunt
1466 2354 1477 2389 :
1502 2334 1568 2388 ad
1594 2334 1707 2389 haec
1736 2351 1886 2401 vero,
1906 2339 2076 2393 millia

496 2430 553 2472 et
602 2415 788 2475 decem
838 2419 1042 2486 millia;
1097 2420 1169 2473 ita
1218 2431 1278 2475 ut
1319 2423 1486 2478 millia
1534 2424 1843 2491 sinistram;
1886 2427 2074 2482 decem

496 2521 629 2561 vero
678 2506 848 2561 millia
898 2507 1174 2564 dexteram
1210 2511 1329 2580 ejus
1378 2522 1731 2582 occuparent.
1777 2514 1911 2568 Nam
1958 2516 2075 2571 haac

498 2597 709 2654 dextris
756 2600 1027 2671 partibus,
1060 2611 1246 2672 utpote
1279 2602 1609 2661 ﬁrmioribus
1648 2615 1702 2661 et
1734 2605 2071 2675 fortioribus,

497 2691 918 2748 insidiabantur.
966 2694 1056 2752 Ait
1095 2710 1221 2751 vero
1251 2696 1463 2751 nullum
1504 2698 1698 2753 horum
1740 2715 1863 2754 eum
1897 2702 1990 2771 qui
2018 2702 2074 2756 in

497 2783 759 2845 vaticinio
793 2782 967 2847 fertur
1018 2785 1283 2857 attingere
1333 2804 1513 2858 posse.
1564 2788 1832 2845 Praeterea
1874 2792 2075 2847 dicitur

496 2887 622 2929 eum
655 2873 997 2929 incessurum
1028 2892 1150 2932 esse
1181 2893 1290 2933 non
1330 2880 1493 2935 modo
1522 2896 1687 2951 supra
1719 2891 1999 2953 serpentes
2021 2893 2075 2940 et

501 2968 841 3037 scorpiones,
888 2984 1014 3025 nam
1046 2970 1161 3029 haec
1191 2972 1403 3025 modica
1432 2984 1627 3041 erant;
1657 2977 1749 3031 sed
1791 2993 1954 3048 super
1981 2995 2073 3035 as-

499 3057 677 3129 pidem
706 3067 760 3114 et
782 3059 1119 3126 basiliscum,
1162 3070 1215 3118 et
1244 3065 1687 3119 conculcaturum
1709 3083 1830 3123 esse
1862 3069 2073 3123 leonem

499 3153 557 3202 et
584 3148 876 3203 draconem
905 3165 917 3201 :
953 3166 1074 3220 quae
1101 3168 1231 3207 sane
1260 3154 1402 3209 inter
1429 3156 1573 3211 feras
1591 3166 1645 3211 et
1677 3159 1888 3227 reptilia
1916 3158 2070 3229 prin-

498 3237 676 3307 cipem
719 3240 967 3296 obtinent
1000 3243 1202 3298 locum.
1234 3245 1500 3303 Existimo
1538 3257 1719 3303 autem
1748 3250 1835 3303 bis
1867 3251 2073 3321 princi-

498 3347 596 3404 pes
642 3333 807 3403 bug’us
854 3337 1038 3393 saeculi
1084 3338 1402 3409 signiﬁcari,
1444 3355 1656 3395 necnon
1689 3341 1991 3397 invisibiles
2019 3350 2074 3397 et

2173 977 2287 1015 σου
2325 959 2541 1028 χιλιὰς,
2576 960 2674 1011 καὶ
2705 958 2919 1027 μυριὰς
2948 956 3016 1009 ἐκ
3049 954 3263 1017 δεξιῶν
3290 970 3434 1020 σου,
3474 952 3623 1021 πρὸς
3670 950 3761 1006 σὲ

2172 1052 2241 1106 δὲ
2276 1055 2387 1106 οὐκ
2433 1050 2632 1121 ἐγγιεῒ.
2667 1049 2842 1116 Πλὴν
2880 1048 3001 1113 τοῖς
3034 1047 3359 1117 ὀφθαλμοῖς
3398 1062 3515 1100 σου
3561 1062 3759 1099 κατα-

2172 1144 2435 1209 νοήσεις,
2462 1141 2562 1196 καῑ
2588 1138 2995 1195 ἀνταπόδοσιν
3032 1136 3395 1208 ἁμαρτωλῶν
3424 1139 3578 1207 ὄψει.
3624 1139 3759 1192 ’Ότι

2174 1235 2255 1289 σὺ
2288 1236 2327 1303 ή
2360 1236 2536 1301 ἐλπίς
2571 1251 2712 1303 μου,
2740 1231 2845 1285 τὸν
2880 1232 3168 1300 Ὕψιστον
3207 1231 3347 1285 ἑθου
3390 1228 3758 1298 καταφυγήν

2174 1344 2311 1380 σου.
2349 1325 2554 1388 Πολλὰς
2583 1322 2979 1386 ἐπαναστάσεις
3007 1324 3035 1374 ὁ
3068 1322 3152 1390 Mx
3166 1341 3223 1386 ος
3262 1321 3623 1394 προαγορεύει
3654 1338 3759 1389 γε-

2174 1417 2430 1489 νήσεσθαι
2463 1416 2540 1487 τῷ
2581 1416 3061 1488 προφητεύομένῳ.
3107 1412 3271 1479 Οὗτος
3315 1415 3371 1467 δὲ
3408 1411 3475 1485 ἦν
3522 1415 3760 1479 σπάνιός

2174 1526 2258 1572 τις
2303 1510 2396 1562 καὶ
2438 1507 2769 1579 θαυμαστὸς,
2811 1509 2867 1561 ἐν
2898 1508 3199 1579 ἀποκρύφῳ
3225 1506 3318 1561 τοῦ
3357 1507 3612 1576 Ὑψίστου
3647 1524 3760 1561 κα-

2177 1601 2445 1672 θήμενος,
2483 1601 2589 1654 ὑπὸ
2633 1600 2731 1671 τὴν
2776 1602 2933 1653 σκιὰν
2987 1599 3081 1653 τοῦ
3132 1598 3316 1653 ἱκανοῦ
3363 1599 3755 1669 αὐλιζόμενος,

2178 1694 2272 1746 καὶ
2298 1692 2471 1761 λέγων
2501 1692 2578 1763 τῷ
2615 1691 2833 1764 Κυρίῳ·
2875 1692 3267 1760 Ἀντιλήπτωρ
3284 1709 3403 1760 μου
3442 1690 3540 1745 καὶ
3568 1708 3755 1745 κατα-

2177 1784 2337 1853 φυγή
2377 1802 2516 1853 μου,
2568 1787 2599 1837 ό
2638 1786 2781 1849 Θεός
2806 1802 2947 1853 μου,
2984 1784 3081 1837 καὶ
3112 1781 3299 1837 ἐλπιῶ
3345 1782 3438 1835 ἐπ’
3468 1784 3685 1835 αὐτόν·
3719 1782 3754 1853 ἢ

2177 1877 2317 1929 κατὰ
2354 1877 2444 1929 τὸν
2482 1877 2731 1941 ’Δκύλαν,
2749 1879 2811 1929 ὐ
2841 1879 2984 1943 Θεός
3006 1894 3148 1946 μου.
3173 1876 3518 1943 πεποιθήσω
3549 1876 3619 1927 ἐν
3641 1877 3754 1928 αὐ-

2177 1968 2286 2033 τῷ’
2319 1969 2373 2039 ἢ,
2404 1971 2466 2022 '0
2500 1970 2641 2035 Θεός
2659 1987 2800 2039 μου,
2827 1970 2923 2023 καί
2942 1967 3299 2037 εὐθαρσήσω
3318 1970 3391 2021 ἐν
3415 1967 3592 2032 αὐτῷ,
3611 1966 3757 2021 κατὰ

2177 2058 2267 2111 τὸν
2323 2059 2636 2131 Σύμμαχον.
2693 2061 2879 2131 Τούτῳ
2921 2060 2986 2131 δὴ
3043 2057 3135 2113 οὖν
3171 2060 3247 2130 τῷ
3288 2060 3396 2113 τῶν
3445 2060 3756 2130 εἰρημένων

2176 2151 2361 2221 τρόπῳ
2405 2152 2746 2222 ἀνακειμένῳ
2796 2155 2863 2224 τῇ
2910 2152 3003 2205 τοῦ
3038 2151 3172 2204 Θεοῦ
3209 2151 3428 2222 βοηθείᾳ
3470 2150 3756 2204 ἐπιϐουλαί

2176 2259 2319 2306 τινες
2341 2243 2723 2295 καὶσυσκευαὶ
2751 2243 2959 2313 μυρίων
2982 2243 3100 2296 κατ’
3118 2241 3283 2295 αὐτοῦ
3307 2242 3755 2313 στρατευομένων

2176 2334 2549 2403 ἐπανέστησαν
2568 2351 2581 2363 ο
2615 2334 2841 2401 παγίδες
2863 2332 2993 2402 γοῦν
3018 2332 3295 2404 Οηρευτῶν
3328 2330 3750 2401 ὠνομάσθησαν,

2177 2427 2271 2478 καὶ
2322 2424 2465 2493 λόγοι
2515 2425 2885 2497 ταραχώδεις,
2921 2426 3015 2479 καὶ
3057 2425 3221 2493 φόϐος
3266 2424 3611 2494 νυκτερινὸς,
3658 2422 3755 2476 καὶ

2178 2518 2329 2588 βέλος
2364 2518 2655 2589 πετόμενον
2679 2518 2912 2589 ἡμέρας,
2939 2520 3033 2571 καὶ
3068 2520 3300 2589 πρᾶγμα
3331 2519 3387 2570 ἐν
3415 2517 3594 2569 σκότει
3631 2516 3751 2568 δια-

2175 2610 2559 2679 πορευόμενον,
2592 2610 2687 2663 καὶ
2710 2609 3022 2680 σύμπτωμα
3044 2610 3318 2680 δαιμονίου
3345 2605 3717 2680 μεσημϐρινῶ
3736 2622 3749 2631 ·

2175 2703 2270 2757 καὶ
2303 2703 2442 2775 πρὸς
2478 2703 2687 2765 τούτοις
2714 2702 2886 2756 ἆπασι
2939 2702 3174 2773 χιλιάδες
3216 2702 3311 2755 καὶ
3362 2700 3654 2771 μυριάδες’
3691 2698 3752 2756 αι

2179 2793 2277 2863 μὲν
2306 2792 2539 2864 χιλιάδες
2565 2792 2634 2845 τὰ
2657 2793 2919 2865 ἀριστερὰ
2942 2792 3107 2849 αὐτοῦ
3152 2791 3650 2861 ἀπολαμϐάνουσαι,
3692 2788 3754 2844 αἱ

2175 2886 2231 2939 δὲ
2264 2886 2331 2939 τὰ
2360 2885 2507 2950 δεξιὰ
2544 2886 2821 2957 μυριάδες.
2866 2885 3035 2939 Αύταὶ
3076 2884 3185 2957 γὰρ
3212 2887 3323 2947 τοῖς
3354 2883 3546 2949 δεξιοῖς
3577 2882 3652 2944 ὡς
3686 2880 3756 2935 ἂν

2178 2979 2585 3050 κραταιοτέροις
2608 2980 2701 3031 καὶ
2730 2978 3094 3050 ἰσχυροτέροις
3129 2978 3349 3047 μέρεσιν
3377 2974 3751 3055 ἐπεϐούλευον.

2176 3070 2390 3124 Τούτων
2422 3070 2478 3123 δὲ
2513 3070 2730 3124 πάντων
2752 3070 2903 3124 οὐδὲν
2930 3070 3266 3141 προσψαύειν
3291 3066 3367 3139 τῷ
3396 3067 3523 3138 περὶ
3540 3060 3599 3119 οὗ
3632 3067 3759 3119 ὀλό-

2176 3181 2271 3233 γος
2298 3162 2651 3235 προφητεύει.
2694 3164 2813 3217 Ἔτι
2852 3162 2907 3215 δὲ
2968 3162 3102 3233 πρὸς
3130 3161 3338 3224 τούτοις
3400 3158 3756 3229 ἐπιϐήσεσθαι

2173 3255 2407 3324 λέγεται,
2463 3256 2537 3325 (l)
2574 3257 2655 3308 ὃτι
2704 3256 2797 3309 καὶ
2852 3254 3036 3307 ἐπάνω
3078 3253 3253 3322 ὄφεων
3322 3252 3414 3305 καὶ
3445 3251 3752 3322 σκορπίων·

2182 3345 2355 3417 μικρὰ
2380 3348 2488 3418 γὰρ
2514 3342 2583 3417 ἦν
2599 3344 2804 3399 ταῦτα’
2832 3344 2945 3399 ἀλλ’
2975 3344 3061 3397 ἐπ’
3076 3344 3277 3397 ἀσπίδα
3294 3343 3388 3396 καὶ⁵
3423 3341 3755 3411 βασιλίσκον,

501 3425 789 3495 primarius
813 3434 1130 3497 potestates.
1164 3428 1549 3486 Verumtamen
1578 3433 1670 3502 qui
1703 3432 1757 3486 in
1788 3433 2073 3503 prephetia

2178 3438 2579 3507 καταπατήσειν
2607 3454 2667 3490 τε
2692 3436 2881 3488 λέοντα
2922 3434 3016 3488 καὶ
3056 3434 3323 3505 δράκοντα
3342 3448 3357 3462 ⁸
3394 3431 3428 3486 ἂ
3447 3431 3510 3502 δὴ
3545 3429 3759 3500 βασιλι-

500 3515 674 3572 fertur
697 3532 887 3573 omnes
918 3520 1081 3577 simul
1099 3522 1519 3578 conculcaturus
1540 3538 1662 3579 esse
1691 3523 1905 3577 dicitur.
1938 3522 2073 3576 Nam

2178 3524 2395 3579 κώτατα
2433 3526 2527 3579 καὶ
2554 3523 2903 3595 ἀρχικώτατα
2928 3522 3035 3575 τῶν
3064 3524 3122 3575 ἐν
3150 3520 3359 3593 θηρίοις
3384 3522 3478 3573 καὶ
3508 3520 3759 3591 ἑρπετοῖς

500 3625 655 3678 super
702 3610 960 3681 aspidem,
997 3612 1190 3681 inquit,
1222 3622 1272 3666 et
1312 3612 1620 3668 basiliscum
1680 3613 1997 3679 ambulabis,
2023 3622 2074 3667 et

2178 3614 2452 3684 τυγχάνει.
2482 3608 2646 3683 Οἶμαι
2682 3612 2811 3681 γοῦν
2849 3612 2938 3665 διὰ
2966 3611 3167 3664 τούτων
3203 3612 3328 3673 τοὺς
3368 3610 3634 3682 ἄρχοντας
3662 3607 3757 3675 τοῦ

500 3701 829 3757 conculcabis
856 3703 1053 3759 leonem
1078 3714 1127 3761 et
1159 3704 1459 3760 draconem.

2178 3706 2373 3769 αἰῶνος
2420 3706 2610 3759 τούτου
2653 3703 3047 3775 σημαίνεσθαι,
3084 3704 3177 3779 καὶ.
3209 3702 3307 3766 τὰς
3358 3703 3619 3773 ἀοράτους
3664 3699 3760 3753 καὶ

500 3794 823 3863 ἀρχθντικὰς
851 3796 1124 3867 δυνάμεις.
1153 3797 1296 3870 Πλὴν
1334 3799 1482 3868 ὅμως
1528 3800 1557 3851 ὁ
1602 3799 2075 3870 προφητεύομενος
2123 3799 2528 3868 καταπατήσειν
2566 3796 2776 3870 ἁθρόως
2810 3796 3025 3863 λέγεται
3070 3794 3169 3857 τὰς
3222 3795 3422 3856 πάσας.
3466 3790 3759 3859 Ἐπιόήσῃ

500 3888 627 3959 γάρ,
654 3890 836 3960 φησὶν,
871 3890 971 3944 ἐπὶ
1012 3892 1242 3945 ἀσπίδα
1289 3894 1385 3959 καὶ
1422 3893 1819 3957 βασιλίσκον,
1860 3892 1960 3946 καὶ
2007 3893 2449 3958 καταπατήσεις
2484 3890 2703 3944 λέοντα
2731 3890 2829 3944 καὶ
2858 3888 3176 3957 δράκοντα.

568 3999 701 4065 Quis
722 4002 887 4071 igitur
910 4003 1000 4057 hic
1022 4003 1311 4068 luerit,cui
1339 4008 1464 4059 talia
1494 4016 1804 4077 competere
1834 4007 2071 4076 possint;

501 4102 554 4146 et
582 4094 705 4162 quis
731 4095 964 4165 populus
999 4111 1158 4167 quem
1189 4097 1377 4151 decem
1420 4099 1587 4163 millia
1620 4099 1966 4151 inimicorum
2008 4099 2075 4153 ad

501 4182 778 4237 dexteram
806 4172 1142 4257 oppugnant,
1182 4188 1249 4249 ad
1289 4190 1520 4244 alterum
1559 4205 1685 4243 vero
1708 4191 1852 4259 latus
1880 4191 2073 4255 millia,

503 4290 678 4344 neque
720 4276 921 4332 audent
964 4279 1031 4334 ad
1066 4295 1189 4335 eum
1223 4282 1502 4345 accedere,
1548 4282 1644 4337 sed
1680 4297 1866 4336 coram
1892 4298 1958 4337 eo
1984 4297 2078 4336 ca-

501 4365 675 4433 dunt;
705 4383 803 4438 age
844 4369 1234 4441 disquiramus.
1288 4370 1418 4439 Dico
1458 4382 1639 4427 autem
1689 4374 1870 4443 aliquo
1915 4374 2077 4429 modo

502 4474 664 4529 posse
696 4463 807 4535 haec
842 4462 1034 4517 referri
1064 4465 1129 4518 ad
1161 4464 1433 4518 hominem
1484 4465 1538 4517 in
1572 4464 1791 4523 Christo
1821 4480 2076 4520 consum-

2248 4005 2343 4069 Τίς
2375 4002 2466 4059 οὖν
2508 4005 2701 4073 γένοιτ’
2734 4004 2799 4058 ἂν
2840 4002 3100 4066 τοιοῦτος,
3142 4002 3217 4064 ὡς
3250 3999 3579 4071 ἐφαρμόζειν
3608 3996 3758 4067 αύτῷ

2179 4098 2438 4152 δύνασθαι
2471 4097 2541 4150 τὰ
2568 4096 2813 4159 τοιαῦτα,
2849 4096 2942 4149 καὶ
2966 4094 3024 4157 ὃς
3055 4097 3084 4147 ὁ
3116 4094 3241 4157 λαὸς
3276 4094 3372 4164 μὲν
3413 4090 3621 4162 ἐχθρῶν
3655 4090 3756 4160 μὲν

2184 4190 2449 4261 μυριάδας
2497 4188 2947 4261 ἐπιστρατεύεται
2978 4186 3141 4241 αὑτοῦ
3167 4189 3279 4249 τοῖς
3311 4186 3523 4249 δεξιοῖς,
3562 4185 3674 4246 τοῖς
3700 4182 3757 4236 δὲ

2182 4282 2325 4335 κατὰ
2365 4282 2591 4352 θάτερον
2637 4282 2799 4352 μέρος
2828 4281 3088 4352 χιλιάδας,
3139 4280 3212 4350 μὴ
3250 4279 3451 4349 τολμᾷν
3493 4278 3549 4330 δὲ
3591 4274 3757 4330 αύτοῦ

2183 4374 2539 4447 προσψαύειν,
2576 4360 3027 4427 καταπίπτεινδὲ
3058 4370 3367 4442 ἔμπροσθεν
3398 4369 3585 4433 αὐτοῦ,
3626 4370 3759 4441 φέρε

2183 4467 2624 4536 κατανοήσωμεν.
2651 4464 2796 4535 Φημὶ
2828 4464 2884 4517 δὲ
2913 4464 3031 4517 καθ’
3058 4464 3155 4516 ἕνα
3177 4463 3375 4534 τρόπον
3396 4460 3761 4531 ἀναφέρεσθαι

504 4558 744 4617 malum;
776 4552 955 4621 qualis
984 4562 1101 4611 erat
1134 4553 1358 4617 Paulus,
1399 4555 1493 4624 qui
1542 4555 1777 4618 dicebat,
1830 4554 1951 4625 Scio
1984 4555 2074 4627 lto-

2182 4558 2353 4611 ταῦτα
2387 4556 2479 4609 ἐπὶ
2509 4556 2599 4611 τὸν
2628 4557 2686 4609 ἐν
2730 4556 2951 4626 Χριστῷ
2981 4555 3395 4625 τετελειωμένον
3440 4554 3757 4624 ἄνθρωπον·

503 4644 692 4697 minem
723 4645 777 4698 in
809 4644 1020 4700 Christo
1043 4647 1087 4677 ⁸⁵
1112 4664 1131 4701 ,ο
1161 4656 1213 4701 et
1238 4646 1306 4700 ad
1332 4662 1523 4702 omnes
1554 4647 1644 4715 qui
1670 4647 1894 4715 perinde
1918 4656 2074 4716 atque

2182 4644 2292 4713 οἶος
2316 4645 2384 4721 ἧν
2408 4649 2660 4719 ὁ-Παῦλος
2684 4650 2855 4719 λέγων
2880 4666 2893 4678 ·
2922 4646 3064 4702 Οἶδα
3083 4649 3396 4716 ἄνθρωπον
3422 4644 3757 4713 ὲνΧριστῷ·

504 4734 597 4789 ille
624 4735 807 4790 dicere
856 4739 1087 4807 possint,
1143 4738 1272 4809 Quis
1306 4756 1399 4793 nos
1432 4738 1698 4806 separabit
1731 4755 1765 4792 a
1820 4738 2080 4793 charitate

506 4826 642 4883 Dei?
669 4828 965 4894 tribulatio,
991 4848 1059 4883 an
1091 4833 1439 4901 angustia,an
1462 4832 1772 4899 persecutio,
1800 4849 1866 4884 an
1886 4832 2073 4901 fames,

503 4934 572 4972 an
603 4918 841 4983 nuditas,
874 4937 941 4972 an
974 4920 1287 4987 periculum,
1347 4938 1413 4974 an
1443 4922 1653 4992 gladius
1707 4922 1753 4952 ⁶³
1779 4924 1803 4975 ?
1833 4935 1897 4974 ac
1953 4937 2076 4974 rur-

503 5024 646 5073 sum,
685 5008 872 5064 Certus
901 5028 1019 5065 sum
1047 5013 1187 5065 enim
1218 5014 1340 5081 quia
1370 5029 1529 5081 neque
1561 5030 1725 5077 mors,
1756 5029 1915 5083 neque
1944 5014 2072 5072 vita,

503 5118 663 5169 neque
692 5102 973 5177 instantia,
1015 5122 1176 5175 neque
1204 5104 1409 5173 futura,
1443 5122 1602 5175 neque
1642 5106 1881 5165 virtutes,
1916 5121 2077 5173 neque

504 5194 752 5259 altitudo,
786 5212 946 5265 neque
976 5198 1318 5269 profundum,
1351 5215 1510 5268 neque
1531 5209 1775 5253 creatura
1802 5199 1911 5252 alia
1927 5208 2076 5265 pole-

505 5285 575 5339 rit
606 5301 699 5337 nos
723 5302 969 5355 separare
1010 5304 1043 5340 a
1072 5286 1329 5341 charitate
1364 5285 1484 5350 Dei,
1518 5303 1633 5355 qua:
1663 5294 1740 5339 est
1771 5289 1823 5339 in
1868 5284 2079 5340 Christo

506 5373 631 5428 Iesu
654 5377 698 5407 ⁸⁸
728 5392 747 5429 :
778 5377 846 5430 ad
881 5377 995 5431 hazc
1027 5393 1156 5432 vero
1180 5378 1432 5447 quisquis
1463 5378 1642 5432 dicere
1672 5385 1871 5448 potest,
1902 5375 2002 5430 Sed
2022 5375 2076 5427 in

506 5466 584 5519 his
626 5467 863 5521 omnibus
896 5485 1203 5537 superamus
1232 5470 1300 5534 ⁶⁷,
1326 5469 1523 5537 dignus
1568 5484 1698 5524 sane
1732 5469 1894 5523 fuerit
1922 5478 1981 5525 ut
2010 5471 2077 5525 de

508 5553 625 5623 ipso
658 5556 739 5610 ha:
770 5572 930 5612 voces
966 5559 1333 5627 proferantur.
1371 5557 1519 5614 Talis
1552 5565 1748 5628 quippe
1790 5561 1952 5614 homo
1982 5561 2078 5613 ha-

508 5645 683 5708 bitans
720 5650 775 5701 in
818 5649 1092 5719 adjutorio
1129 5650 1417 5717 Altissimi,
1449 5659 1501 5703 et
1542 5651 1596 5703 in
1642 5658 1951 5721 legumento
1986 5651 2078 5706 Dei

2183 4742 2274 4793 ἐπὶ
2305 4742 2479 4796 πάντα
2510 4759 2569 4795 τε
2618 4742 2710 4794 τὸν
2746 4742 2945 4812 ὁμοίως
2986 4740 3176 4811 ἐκείνῳ
3212 4740 3389 4806 λέγειν
3422 4739 3720 4808 δυνάμενον
3742 4755 3759 4769 °

2190 4833 2282 4896 Τίς
2332 4832 2491 4902 ἡμᾶς
2524 4834 2766 4902 χωρίσει
2818 4833 2935 4887 ἀπὸ
2994 4832 3103 4899 τῆς
3140 4830 3376 4901 ἀγάπης
3418 4830 3524 4884 τοῦ
3576 4829 3725 4883 Θεοῦ
3741 4846 3765 4895 ;

2183 4921 2406 4989 θλίψις,
2440 4921 2477 4991 ἡ
2525 4923 2891 4991 στενοχωρία
2916 4962 2929 4986 ,
2977 4922 3014 4989 ἢ
3056 4921 3308 4990 διωγμὸς
3331 4961 3345 4985 ,
3394 4919 3431 4987 ἢ
3463 4920 3638 4984 λιμὸς
3662 4960 3678 4984 ,
3723 4918 3760 4986 ἦ

2183 5015 2514 5082 γυμνότης,
2563 5014 2602 5083 ἢ
2638 5015 2957 5079 κίνδυνος,
2998 5014 3036 5080 ἢ
3070 5012 3369 5083 μάχαιρα;
3423 5011 3515 5067 καὶ
3564 5010 3759 5065 πάλινο

2181 5106 2509 5175 Πέπεισμαι
2528 5108 2654 5178 γὰρ,
2690 5108 2781 5160 ὅτι
2810 5108 2949 5161 οὔτε
2971 5106 3245 5172 θάνατος,
3277 5106 3419 5159 οὔτε
3459 5102 3593 5171 ζωὴ,
3624 5102 3763 5155 οὔτε

2183 5198 2503 5265 ἐνεστῶτα,
2544 5202 2681 5254 οὔτε
2722 5200 3063 5270 μέλλοντα,
3090 5198 3229 5250 οὔτε
3276 5195 3579 5264 δυνάμεις,
3624 5194 3763 5247 οὔτε

2185 5290 2423 5359 ὕψωμα,
2459 5292 2595 5345 οὔτε
2619 5293 2831 5357 βάθος,
2859 5292 2998 5344 οὔτε
3030 5308 3119 5357 τις
3149 5290 3345 5355 κτίσις
3373 5287 3543 5355 ἑτέρα
3570 5286 3759 5353 δυνήι

2183 5393 2354 5433 σεται
2395 5381 2553 5449 ἡμᾶς
2587 5380 2986 5450 χωρίσαιάπό
3040 5379 3147 5447 τῆς
3177 5378 3414 5450 ἀγάπης
3465 5377 3571 5429 τοῦ
3612 5375 3760 5428 Θεοῦ

2183 5470 2290 5538 τῆς
2320 5474 2389 5525 ἐν
2420 5474 2650 5542 Χριστῷ
2696 5474 2922 5542 Ἰησοῦ·
2965 5476 2993 5527 ὁ
3038 5473 3094 5545 δέ
3128 5473 3263 5543 πρὸς
3303 5470 3512 5532 τούτοις
3556 5463 3667 5529 οἷός
3698 5483 3757 5519 τε

2184 5560 2258 5614 ὢν
2285 5564 2493 5632 λέγειν’
2538 5567 2685 5619 Ἀλλ’
2738 5567 2805 5619 ἐν
2849 5567 3078 5631 τούτοις
3110 5563 3299 5618 πᾶσιν
3326 5560 3756 5631 ὑπερνικῶμεν,

2187 5654 2334 5722 ἄξιος
2367 5656 2431 5709 ἂν
2456 5658 2664 5725 γένοιτο
2686 5658 2781 5713 τοῦ
2809 5659 2902 5715 καὶ
2928 5660 3014 5713 ἐπ’
3045 5656 3192 5729 αὐτῷ
3219 5656 3473 5729 λεχθῆναι
3495 5653 3594 5720 τὰς
3624 5668 3759 5727 προτ

578 5756 623 5786 ⁸⁸
662 5756 703 5809 11
738 5758 865 5813 Cor.
906 5778 981 5815 xu
1009 5803 1021 5827 ,
1053 5762 1107 5817 2.
1186 5764 1229 5795 “
1272 5761 1428 5817 Rom.
1468 5778 1563 5817 vm
1598 5762 1687 5817 55.
1768 5763 1811 5793 ⁸⁸
1852 5763 1983 5820 ibid.
2022 5765 2074 5820 δε

2178 5768 2237 5823 ι9.
2312 5770 2354 5801 ⁸⁷
2398 5768 2529 5825 ibid.
2570 5769 2658 5826 37.

681 5852 801 5906 ’Ότι
853 5852 945 5921 μή.
