4068 6394
338 444 481 517 ius

1507 426 2017 493 COMMENTARIA
2053 427 2122 484 ΙΝ
2160 422 2500 481 PSALMOS.

3460 422 3599 479 ιιιε

339 558 596 632 κειμένας
633 554 833 625 φωνάς.
871 554 931 607 '0
973 553 1082 625 γὰρ
1109 551 1366 617 τοιοῦτος,
1400 550 1668 622 κατοικῶν
1709 550 1766 601 ὲν
1792 546 1916 619 βοη-

2033 554 2382 611 :ommorans,
2426 542 2573 597 dicet
2621 540 2851 596 Domino
2885 555 2898 591 :
2934 538 3218 609 Susceplor
3260 556 3403 595 meus
3439 557 3493 595 es
3548 551 3600 597 et

340 653 462 724 θείᾳ
493 647 587 703 τοῦ
631 647 908 717 Ὑψίστου,
946 645 1040 699 καὶ
1070 645 1130 699 ὲν
1180 642 1360 715 σκέπῃ
1391 640 1485 694 τοῦ
1536 640 1671 694 Θεοῦ
1702 638 1919 703 αὐλιζό-

344 760 523 816 μενος,
558 742 675 812 ἐρεῖ
720 738 798 810 τῷ
845 739 1070 809 Κυρίῳ’
1118 734 1518 802 Ἀντιλήπτωρ
1560 749 1679 804 μου
1721 726 1781 784 εἷ
1820 729 1921 783 καὶ

340 834 656 905 καταφυγή
701 851 862 903 μου,
903 836 935 887 ὀ
976 832 1150 897 Θεὸς,
1194 830 1294 895 καί
1336 827 1522 883 ἐλπιῶ
1569 828 1662 881 ἐπ’
1711 827 1920 883 αὐτόν.

342 930 528 985 Ταῦτα
555 928 611 982 δὲ
639 925 806 981 αὐτοῦ
837 925 1074 981 διαθέσει
1121 923 1305 994 τελείᾳ
1338 922 1640 994 εἰρηκότος,
1675 917 1922 983 θεσπίζει

277 1052 295 1081 -;
341 1021 491 1094 αὐτῷ
517 1022 577 1075 τὸ
598 1021 740 1075 θεῖον
769 1017 1016 1089 Πνεῦμα,
1034 1018 1115 1070 ὅτι
1136 1015 1199 1086 δὴ
1228 1014 1447 1087 ἀσφαλῆ
1477 1012 1658 1066 εἵλατο
1682 1011 1919 1081 φύλακα,

342 1119 436 1172 καὶ
466 1115 637 1188 καλὴν
671 1114 939 1184 ἐκτήσατο
957 1109 1279 1180 καταφυγὴν
1306 1110 1398 1171 τὸν
1422 1107 1646 1177 Κύριον.
1670 1104 1923 1158 Τοιοῦτον

341 1209 450 1281 γὰρ
484 1207 621 1278 ἔχων
656 1204 848 1276 βοηθὸν
879 1204 972 1259 καὶ
1018 1202 1301 1272 πρόμαχον
1335 1200 1429 1254 καὶ
1473 1194 1920 1267 ὑπερασπιστὴν,

342 1300 530 1354 οὐδένα
567 1297 677 1351 τῶν
728 1294 941 1367 ἐχθρῶν
1002 1293 1402 1364 φοϐηθήσεται,
1458 1289 1553 1357 ειτε
1611 1282 1775 1342 αὐτοῦ
1827 1287 1923 1341 τοῦ

340 1394 552 1465 Κυρίου
598 1390 863 1463 ῥυομένου
912 1388 1071 1441 αὐτὸν
1113 1385 1172 1452 ἐξ
1218 1382 1496 1443 ἁπάντων.
1543 1380 1654 1434 Καὶ
1707 1379 1814 1452 γάρ
1859 1381 1926 1433 ἐκ

342 1484 571 1554 παγίδος
610 1480 890 1554 θηρευτῶν
942 1478 1202 1545 ἐξελεῖται
1242 1474 1401 1529 αὐτὸν
1425 1515 1440 1539 ,
1486 1472 1582 1528 καὶ
1625 1472 1733 1525 ἀπὸ
1765 1470 1925 1540 λόγου

341 1574 688 1648 ταραχώδους
719 1574 832 1637 τοῖς
880 1569 1234 1642 μεταφρένοις
1272 1564 1435 1619 αὐτοῦ
1470 1563 1778 1617 ἐπισκιάσει
1825 1564 1923 1615 αὐ-

340 1669 419 1739 τῷ
440 1685 453 1698 ·
487 1668 582 1721 καὶ
614 1667 790 1720 πάντα
811 1664 868 1717 δὲ
888 1662 956 1716 τὰ
990 1661 1116 1731 ὲξῆς
1138 1656 1597 1729 κατηριθμημένα
1632 1656 1723 1708 ἐπὶ
1746 1655 1926 1707 πάντα

341 1759 435 1813 τὸν
458 1760 516 1812 ὲν
549 1754 773 1828 Χριστῷ
804 1753 1010 1806 τέλειον
1039 1749 1325 1821 ἄνθρωπον
1353 1745 1771 1815 ἀνενεχθήσεται
1789 1783 1803 1807 ,
1831 1744 1927 1796 καὶ

343 1850 436 1903 ἐπὶ
456 1846 516 1901 τὸ
550 1847 707 1918 σῶμα
744 1845 801 1898 δὲ
832 1841 1087 1915 Χριστοῦ,
1123 1840 1241 1910 ἦτοι
1274 1838 1366 1890 τὸν
1395 1837 1459 1890 ὲκ
1493 1835 1711 1888 τελείων
1738 1833 1925 1905 ψυχῶν

2020 637 2281 708 refugium
2306 651 2500 699 meum,
2531 634 2695 700 Deus,
2726 646 2778 688 et
2804 632 3023 702 sperabo
3049 633 3101 685 in
3132 648 3269 687 eum.
3295 631 3419 688 Hiec
3440 635 3603 706 quip-

2020 746 2089 802 pe
2115 748 2183 785 ex
2224 728 2468 800 perfecto
2501 733 2556 782 et
2586 727 2804 783 sincero
2852 724 3048 780 affectu
3083 723 3377 789 dicentem,
3409 725 3603 781 vatici-

2021 831 2187 877 natur
2214 822 2435 878 divinus
2477 818 2714 890 Spiritus
2744 825 2924 873 tutum
2954 816 3185 887 elegisse
3218 817 3522 881 custodem,
3546 824 3603 873 et

2023 919 2313 991 pulchrum
2350 916 2661 972 obtinuisse
2709 914 3006 985 refugium,
3043 915 3252 970 scilicet
3288 911 3601 970 Dominum.

2022 1014 2159 1069 Cum
2194 1015 2355 1067 talem
2401 1010 2603 1081 quippe
2660 1008 2986 1078 adiutorem,
3040 1014 3498 1078 propugnatorem
3550 1013 3605 1060 et

2022 1110 2390 1175 proteclorem
2443 1108 2640 1155 nactus
2687 1098 2781 1165 sit,
2816 1098 3025 1152 nullum
3054 1096 3400 1151 inimicorum
3432 1096 3606 1166 perti-

2022 1202 2252 1260 mescet,
2283 1194 2412 1265 quia
2444 1195 2621 1263 ipsum
2648 1190 2912 1246 Dominus
2941 1206 3008 1245 ex
3035 1189 3291 1245 omnibus
3324 1189 3487 1243 eruit.
3511 1186 3607 1242 Et-

2023 1289 2167 1344 enim
2194 1302 2260 1342 ex
2281 1287 2477 1357 laqueo
2511 1284 2826 1341 venantium
2847 1282 3104 1338 liberabit
3129 1298 3275 1345 eum,
3305 1290 3362 1337 et
3382 1296 3413 1335 a
3438 1281 3607 1336 verbo

2023 1380 2364 1444 turbulento,
2396 1378 2638 1449 scapulis
2660 1367 2776 1432 suis
2795 1375 3146 1431 obumbrabit
3173 1376 3222 1429 ei
3252 1393 3265 1428 :
3294 1375 3609 1445 pariterque

2024 1472 2207 1528 omnia
2242 1486 2365 1542 quae
2415 1470 2518 1526 sub
2565 1471 2681 1524 haec
2715 1475 3094 1530 recensentur,
3143 1466 3212 1521 ad
3252 1467 3503 1537 quemvis
3550 1468 3608 1523 in

2025 1561 2248 1617 Christo
2264 1560 2567 1632 perfectum
2601 1560 2876 1613 hominem
2918 1556 3249 1625 referentur;
3275 1558 3609 1627 itemquead

2026 1668 2227 1724 corpus
2260 1652 2488 1716 Christi,
2524 1650 2774 1706 videlicet
2808 1651 2875 1704 ad
2914 1657 3215 1721 martyrum
3266 1651 3494 1704 chorum
3540 1664 3610 1705 ex

2025 1745 2282 1816 perfectis
2311 1744 2599 1799 animabus
2632 1742 3029 1812 compositum;
3062 1740 3177 1797 sive
3213 1741 3277 1794 ad
3314 1741 3609 1810 perfectam

2028 1836 2329 1903 Ecclesiam
2365 1836 2560 1906 ipsius,
2584 1849 2747 1905 quam
2778 1835 2896 1904 ipse
2930 1834 3034 1890 sibi
3077 1840 3258 1889 astare
3290 1833 3437 1897 fecit,
3457 1833 3609 1888 nulla

343 1936 846 2009 κατεσκευασμένον
899 1932 1193 2005 μαρτύρων
1244 1929 1436 2000 χορόν⁸
1486 1928 1519 1999 ἢ
1570 1928 1669 1999 τὴν
1711 1925 1924 1984 τελείαν

2033 1930 2243 1985 macula
2276 1937 2371 1983 aut
2402 1929 2525 1983 labe
2557 1935 2651 1982 aut
2681 1928 2937 1996 quopiam
2979 1925 3145 1981 simili
3196 1924 3465 1979 affectam.
3506 1923 3609 1990 Qui

356 2033 682 2105 Ἐκκλησίαν
712 2029 898 2092 αὐτοῦ,
927 2029 995 2099 ἣν
1014 2026 1177 2090 αὐτὸς
1207 2023 1385 2095 ἑαυτῷ
1413 2023 1814 2094 παρεστήσατο,
1848 2020 1923 2092 μὴ

342 2127 571 2198 ἔχουσαν
606 2124 792 2177 σπῖλον
820 2121 853 2191 ἢ
884 2118 1090 2191 ῥυτίδα,
1117 2118 1151 2188 ἦ
1184 2134 1237 2170 τι
1264 2116 1374 2170 τῶν
1392 2113 1669 2168 τοιούτων.
1706 2113 1766 2165 Ὁ
1794 2111 1925 2180 γοῦν

344 2219 436 2273 ἐπὶ
468 2217 566 2289 τὴν
597 2216 802 2286 πέτραν
827 2210 1202 2282 οἰκοδομήσειν
1235 2205 1643 2279 ὲπηγγελμένος
1661 2203 1761 2275 τὴν
1802 2204 1926 2255 Ἐκ-

344 2310 573 2381 κλησίαν
595 2305 782 2371 αὐτοῦ,
807 2304 880 2368 ὡς
909 2303 982 2375 μὴ
1007 2301 1181 2365 πύλας
1210 2300 1338 2371 ᾅδου
1362 2296 1710 2368 κατισχύσειν
1735 2296 1923 2365 αὐτῆς,

344 2398 506 2475 αὐτὸς
554 2397 725 2468 αὐτῆς
769 2394 864 2448 καὶ
916 2392 1089 2463 φύλαξ
1139 2393 1234 2447 καὶ
1282 2390 1517 2462 φρουρὸς
1560 2387 1734 2451 ἔσται,
1769 2402 1925 2456 περι-

346 2480 598 2564 ippon-raw
620 2488 790 2560 αὐτὴν
818 2487 913 2541 καὶ
957 2484 1389 2554 ἀσφαλιζόμενος
1408 2521 1422 2545 ,
1454 2480 1589 2551 πρὸς
1616 2479 1679 2533 τὸ
1719 2478 1793 2549 μὴ
1828 2476 1926 2540 τὰς

346 2585 522 2647 πύλας
551 2569 646 2635 τοῦ
692 2580 820 2652 ᾅδου
876 2576 1192 2647 κατισχύειν
1221 2575 1412 2645 αὐτῆς.
1465 2572 1557 2625 Διὸ
1603 2574 1670 2643 τῇ
1703 2568 1927 2640 τοιαύτῃ

358 2675 655 2747 Ἐκκλησία
675 2715 689 2739 ,
723 2674 819 2727 καὶ
857 2670 935 2741 τῷ
967 2668 1192 2739 τοιούτῳ
1234 2668 1299 2737 δὴ
1333 2664 1573 2738 Χριστοῦ
1633 2662 1927 2735 μαρτύρων

346 2768 525 2842 χορῷ,
561 2766 638 2838 τῷ
668 2763 951 2819 κατοικίαν
989 2762 1084 2833 μὲν
1127 2758 1390 2831 μηδαμῶς
1442 2756 1620 2827 ἔχοντι
1673 2756 1765 2809 ἐπὶ
1801 2756 1925 2825 γῆς,

346 2859 630 2931 δυναμένῳ
660 2857 717 2911 δὲ
750 2856 952 2924 λέγειν,
998 2850 1186 2922 Ἡμῶν
1242 2849 1309 2904 δὲ
1366 2849 1430 2903 τὸ
1482 2848 1813 2916 πολίτευμα
1859 2846 1930 2899 ἐν

348 2946 625 3021 οὐρανοῖς
674 2946 965 3015 ὑπάρχει,
1010 2942 1361 3015 λεχθήσεται·
1414 2940 1470 2993 Ὁ
1517 2938 1814 2993 κατοικῶν
1858 2937 1930 2991 ἐν

342 3043 594 3112 βοηθείᾳ
626 3040 731 3095 τοῦ
747 3039 1054 3107 Ὑψίστου,
1079 3035 1357 3101 ἐνσκέπῃ
1382 3032 1489 3086 τοῦ
1519 3031 1669 3085 Θεοῦ
1697 3029 1806 3093 τοῦ
1824 3030 1926 3083 οὐ·

342 3136 534 3213 ρανοῦ
551 3132 1007 3203 αὐλισθήσεται.
1025 3125 1136 3183 Εἶτ’
1154 3129 1268 3199 ὲρεῖ
1286 3126 1381 3197 μὲν
1413 3124 1577 3188 αὐτὸς
1608 3123 1686 3195 τῷ
1712 3122 1927 3195 Κυρίῳ,

2029 2022 2191 2091 igitur
2213 2019 2515 2075 Ecclesiam
2543 2033 2701 2075 suam
2734 2034 2792 2074 se
2816 2032 2980 2087 supra
3008 2024 3217 2087 petram
3253 2015 3612 2071 fundaturum

2026 2128 2150 2170 esse
2179 2112 2461 2184 pollicitus
2498 2119 2618 2177 est;
2658 2110 2730 2163 ita
2775 2116 2833 2163 ut
2880 2115 3053 2178 porta:
3112 2106 3273 2161 inferi
3328 2120 3611 2175 nunquam

2026 2207 2353 2278 pmvaleant
2399 2204 2664 2259 adversus
2703 2216 2845 2265 eam,
2882 2200 3032 2254 illius
3084 2199 3202 2268 ipse
3231 2205 3284 2253 et
3332 2206 3523 2253 custos
3560 2207 3616 2252 et

2027 2298 2403 2370 praesidiarius
2432 2298 2558 2361 erit,
2591 2296 2765 2366 ipsam
2791 2292 3259 2348 circummuniens
3289 2298 3345 2346 et
3376 2292 3608 2355 vallans,

2027 2409 2097 2448 ne
2126 2402 2297 2464 porta:
2327 2390 2488 2446 inferi
2509 2386 2841 2461 prmValeant
2874 2386 3139 2442 adversus
3166 2400 3307 2441 eam.
3338 2383 3617 2451 Quamob-

2027 2500 2142 2540 rem
2210 2482 2529 2554 huiusmodi
2581 2478 2871 2548 Ecclesiae,
2929 2488 2983 2535 et
3037 2478 3355 2549 huiusmodi
3408 2476 3616 2533 Christi

2028 2583 2332 2647 martyrum
2368 2574 2556 2637 choro,
2609 2574 2703 2644 qui
2753 2571 3128 2627 habitaculum
3162 2570 3385 2641 quidem
3437 2569 3617 2623 nulla-

2028 2679 2192 2726 tenus
2220 2671 2277 2725 in
2309 2678 2456 2725 terra
2489 2669 2655 2724 habet
2681 2708 2696 2734 ,
2729 2668 2821 2724 sed
2859 2667 2976 2722 haec
3029 2665 3135 2720 fari
3179 2672 3377 2735 potest,
3411 2662 3618 2717 Nostra

2032 2774 2207 2817 autem
2236 2763 2561 2817 conversatio
2588 2762 2643 2814 in
2665 2761 2807 2815 caelis
2830 2769 2905 2814 est
2930 2760 2995 2824 ⁸⁸,
3019 2759 3253 2822 dicetur,
3288 2758 3391 2823 Qui
3412 2756 3617 2810 habitat

2028 2855 2082 2908 in
2106 2854 2373 2924 adjutorio
2415 2852 2700 2915 Altissimi,
2726 2852 2781 2905 in
2814 2860 3108 2921 tegumenta
3132 2849 3228 2903 Dei
3257 2849 3371 2901 arti
3393 2863 3619 2901 commo-

2030 2945 2256 2999 rabitur.
2288 2942 2495 2999 Deinde
2530 2942 2677 2996 dicet
2712 2940 2931 3012 quidem
2961 2940 3079 3009 ipse
3106 2937 3360 2999 Domino,
3397 2935 3500 2990 sub
3521 2949 3620 2989 cu-

2025 3036 2119 3106 jus
2155 3043 2469 3107 legumento
2522 3033 2769 3087 habitare
2803 3032 3100 3101 cooptavit,
3144 3028 3429 3098 Susceptor
3472 3042 3617 3080 meus

2029 3145 2084 3183 es
2128 3138 2177 3182 et
2202 3127 2464 3197 refugium
2494 3141 2687 3189 meum,
2721 3122 2862 3177 Deus
2888 3139 3054 3188 meus,
3078 3130 3128 3183 et
3151 3120 3372 3191 sperabo
3402 3121 3455 3173 in
3476 3134 3616 3172 eum.

347 3226 408 3286 οῦ
438 3231 616 3285 εἵλατο
663 3227 941 3282 κατοικεῖν
978 3221 1086 3275 ὑπὸ
1116 3221 1216 3292 τὴν
1248 3219 1457 3291 σκέπην
1478 3232 1494 3250 ’
1537 3216 1929 3284 Ἁντιλήπτωρ

2033 3219 2168 3274 Cum
2200 3227 2380 3273 autem
2439 3218 2603 3272 talem
2654 3214 2939 3271 custodem
2991 3220 3190 3270 nactus
3223 3212 3317 3277 sit,
3366 3218 3421 3265 et
3453 3210 3620 3265 talem

343 3342 463 3396 μου
493 3319 553 3377 ετ
575 3321 675 3375 καί
699 3315 1013 3387 καταφυγή
1039 3332 1180 3384 μου,
1206 3316 1240 3366 ό
1270 3312 1413 3377 Θεός
1436 3329 1578 3380 μου,
1616 3310 1715 3363 καὶ
1742 3308 1929 3363 ἐλπιῶ

2036 3311 2140 3366 sibi
2173 3316 2507 3364 servatorem
2552 3316 2607 3361 et
2649 3305 2952 3375 adiutorem
2980 3302 3322 3373 ascripserit,
3365 3301 3510 3355 dicet
3541 3299 3619 3353 illi
3668 3314 3671 3319 ν

347 3392 440 3470 ἐπ’
470 3413 677 3470 αὐτόν.
702 3407 1049 3482 Κτησαμένῳ
1074 3406 1132 3459 δὲ
1161 3403 1310 3476 αὐτῷ
1330 3402 1569 3456 τοιοῦτον
1595 3401 1812 3471 φύλακα
1835 3403 1930 3455 καὶ

2038 3403 2278 3475 Spiritus
2309 3402 2548 3464 divinus,
2581 3399 2845 3470 optimam
2901 3397 3078 3467 ipsum
3114 3394 3420 3466 portionem
3489 3392 3618 3447 ade-

349 3507 588 3562 τοιοῦτον
639 3503 860 3575 σωτῆρα
906 3501 1001 3554 κα)⁵
1039 3499 1231 3571 βοηθὸν
1264 3495 1698 3569 ὲπιγραψαμένῳ
1732 3494 1929 3567 λεχθή-

2036 3507 2190 3570 ptum
2226 3511 2370 3561 esse,
2399 3509 2619 3549 murum
2642 3492 3034 3560 firmissimum,
3056 3487 3473 3558 inexpugnabile
3495 3502 3623 3540 scu-

351 3619 501 3656 σεται
532 3599 636 3652 ὐπὸ
662 3595 757 3650 τοῦ
795 3595 942 3649 θείου
990 3593 1329 3663 Πνεύματος,
1365 3591 1442 3653 ῶς
1478 3590 1586 3659 ἄρα
1619 3587 1705 3659 εἴη
1760 3586 1930 3658 καλὴν

2037 3597 2176 3653 tum,
2206 3586 2417 3642 scilicet
2448 3584 2736 3639 Dominum
2778 3598 2960 3638 suum.
2996 3580 3152 3634 Hunc
3172 3579 3373 3648 quippe
3399 3585 3617 3639 nactus,

350 3690 651 3767 εὐρὰμενος
691 3682 870 3755 ἑαυτῷ
907 3681 1100 3754 μερίδα
1133 3682 1228 3734 καὶ
1282 3682 1459 3749 τεῖχος
1508 3677 1733 3749 ὀχυρὸν,
1768 3678 1930 3731 ὅπλον

2033 3682 2091 3736 in
2122 3688 2240 3735 tuto
2269 3688 2325 3733 et
2350 3680 2467 3732 sine
2506 3674 2877 3732 sollicitudine
2908 3672 3087 3742 deget,
3120 3676 3309 3739 utpote
3337 3668 3429 3738 qui
3460 3668 3620 3721 habi-

350 3758 653 3854 τε-ἄμαχον
679 3780 770 3833 τὸν
811 3775 1004 3831 ἑαυτοῦ
1054 3776 1280 3847 Κύριον.
1314 3772 1517 3826 Τοῦτον
1547 3772 1657 3843 γὰρ
1695 3770 1833 3840 ἔχων
1871 3769 1930 3822 ἐν

2033 3779 2112 3828 tet
2157 3772 2214 3826 in
2255 3769 2531 3839 adiutorio
2578 3764 2869 3831 Altissimi,
2899 3772 2953 3820 et
2993 3764 3050 3817 in
3093 3768 3408 3834 legumento
3464 3758 3620 3815 fortis

351 3872 587 3953 ἀσφαλεῖ
631 3871 726 3926 καὶ
772 3870 1092 3941 ἀμερίμνως
1140 3867 1370 3937 οἰκήσει,
1415 3864 1509 3921 ἆτε
1554 3862 1824 3917 κατοικῶν
1874 3862 1931 3914 ὲν

2034 3864 2422 3917 commoretur.

353 3967 574 4047 βοηθείᾳ
596 3964 691 4019 τοῦ
750 3963 1021 4034 Ὑψίστου,
1080 3962 1175 4016 καὶ
1208 3962 1267 4014 ὲν
1307 3958 1484 4031 σκέπῃ
1527 3957 1619 4011 τοῦ
1680 3954 1865 4010 ἱκανοῦ
1908 3954 2276 4029 αὐλιζόμενος.

360 4056 361 4059 “
425 4065 488 4117 Ei
523 4058 653 4133 γοῦν
681 4077 832 4125 ποτε,
873 4060 1056 4132 φησὶν,
1098 4059 1146 4111 oi
1186 4055 1297 4110 τῶν
1341 4052 1695 4127 ἀνθρωπείων
1745 4050 1933 4122 ψυχῶν

354 4156 652 4229 θηρευταὶ,
688 4154 913 4223 ἀφανεῖς
960 4152 1054 4205 καὶ
1106 4149 1327 4222 ἀόρατοι
1375 4146 1631 4217 δυνάμεις
1681 4144 1821 4198 κατὰ
1873 4145 1936 4198 τὸ

356 4246 587 4318 σύνηθες
636 4245 820 4307 αὐτοῖς
875 4242 1111 4311 παγίδας
1170 4237 1444 4318 λαθραίως
1494 4235 1931 4306 ὲγκρύπτοντες,

355 4316 753 4412 προϐάλλεσθαι
784 4335 926 4389 κατὰ
961 4333 1055 4388 σοῦ
1080 4316 1368 4404 πειρῷντο,
1396 4330 1546 4383 οὐδὲν
1580 4331 1761 4403 αὐτοῖς
1784 4328 1936 4382 ἔσται

356 4430 545 4490 πλέον·
578 4431 661 4485 ὅτι
708 4428 869 4491 αὐτὸς
902 4428 1107 4498 Κύριος
1136 4424 1358 4496 ῥύσεταί
1394 4440 1454 4475 σε
1489 4423 1554 4474 ὲκ
1583 4421 1808 4491 παγίδος
1841 4419 1938 4490 θη-

360 4523 584 4597 ρευτῶν,
621 4523 684 4578 Ἠ
716 4520 896 4591 παγίς
927 4517 1267 4585 συνετρίϐη,
1313 4515 1414 4569 καὶ
1444 4515 1615 4584 ’ἡμεῖς
1641 4515 1934 4583 ἐῤῥύσθη-

355 4633 487 4687 μεν.
518 4615 583 4667 El
610 4614 669 4668 δὲ
717 4612 813 4665 καὶ
850 4610 1029 4679 λόγοις
1071 4606 1319 4678 θορυϐεῖν
1363 4605 1691 4673 ἐπιχειροῖεν
1765 4602 1935 4665 ἱέντες

360 4708 568 4764 ἑαυτῶν
588 4688 679 4760 τὸν
700 4706 799 4776 τῆς
821 4701 1072 4764 ἀσεϐείας
1103 4700 1178 4753 ἱὸν
1200 4698 1287 4751 διὰ
1306 4699 1407 4768 τῆς
1432 4694 1639 4749 ἑαυτῶν
1663 4693 1936 4765 γλώσσης,

359 4802 493 4857 ἀλλὰ
528 4801 623 4855 καὶ
655 4796 859 4851 τούτων
906 4793 1085 4849 αὐτῶν
1128 4790 1340 4859 πάλινρ
1376 4788 1581 4859 Κύριος
1608 4786 1821 4857 ἀϐλαϐῆ
1848 4785 1940 4839 τὸν

360 4893 553 4949 ἑαυτοῦ
572 4891 855 4964 ἄνθρωπον
877 4884 1250 4957 φυλάξει.”Ινα
1279 4882 1353 4954 μὴ
1384 4883 1413 4935 ὁ
1446 4879 1686 4952 φλογμὸς
1713 4879 1809 4932 τοῦ
1832 4878 1941 4932 τῶν

359 4985 661 5058 ἀνθρώπων
684 4982 798 5054 βίου
832 4978 929 5032 καὶ
959 4979 988 5030 ὁ
1011 4976 1117 5046 τῆς,
1128 4974 1325 5036 κακίας
1365 4972 1608 5036 καύσων,
1636 4972 1730 5023 ἐπὶ
1758 4970 1941 5035 πλεῖον

359 5077 684 5141 ὲκκαυθεὶς,
726 5074 901 5145 ἐξάψῃ
929 5070 997 5125 τὰ
1042 5068 1188 5141 κακὰ
1228 5067 1368 5121 κατὰ
1402 5065 1499 5118 τοῦ
1543 5064 1637 5133 τῆς
1664 5061 1943 5124 εὐσεϐείας

360 5171 615 5244 ἀθλητοῦ,
631 5168 875 5232 θεσπίζει
890 5165 1112 5235 φάσκων
1141 5164 1167 5216 ὁ
1190 5161 1347 5231 λόγος
1382 5157 1530 5229 αὐτῷ
1546 5175 1560 5188 ·
1579 5158 1676 5209 Ἐγ
1697 5155 1821 5221 τοῖς
1836 5171 1942 5224 με-

360 5264 675 5334 ταφρένοις
731 5259 917 5316 αὐτοῦ
963 5254 1309 5310 ἐπισκιάσει
1358 5269 1491 5315 σοι,
1537 5250 1638 5316 καὶ
1672 5248 1790 5305 ὑπὸ
1833 5246 1941 5313 τὰς

362 5358 661 5428 πτέρυγας
687 5352 875 5409 αὐτοῦ
907 5348 1233 5428 ἐλπιεῒς.Εί
1258 5346 1315 5401 δὲ
1344 5344 1440 5398 καὶ
1475 5341 1749 5413 πολεμίων
1777 5338 1939 5408 στίφη

364 5468 507 5505 πεπυ
517 5426 735 5522 ρωμένα
776 5447 870 5502 κα)⁴
897 5426 1251 5513 θανατηφόρα
1273 5438 1400 5509 βέλη
1424 5437 1597 5505 λόγων
1618 5432 1826 5504 ψευδῶν
1847 5430 1944 5485 καὶ

364 5545 462 5615 τῆς
481 5542 739 5613 ἀληθείας
757 5538 1016 5593 ἐναντίων
1034 5532 1303 5596 ἀκοντίζοι
1319 5529 1461 5584 κατὰ
1478 5527 1573 5581 τοῦ
1592 5527 1750 5596 δηλου
1760 5524 1945 5596 μένου,

364 5636 527 5699 αὐτὸς
556 5635 654 5707 μὲν
694 5626 957 5703 ἡσυχάσει
990 5628 1141 5699 νόμῳ
1180 5626 1314 5695 θείῳ
1363 5620 1673 5692 πειθαρχῶν
1712 5621 1943 5688 λέγοντι⁹

368 5727 581 5795 Κύριος
618 5721 951 5791 πολεμήσει
985 5718 1139 5787 ὑπὲρ
1176 5714 1377 5785 ὑμῶν,
1419 5714 1518 5768 καὶ
1562 5710 1729 5780 ὑμεῖς
1769 5709 1943 5781 σιγή-

441 5883 487 5917 ⁶⁸
525 5880 723 5947 Philip.
765 5893 857 5944 ιιι,
890 5876 979 5931 20.
1058 5874 1100 5941 (ξε
1146 5871 1293 5951 ξἐιιι.
1332 5884 1497 5926 cum
1521 5909 1537 5955 ,Ι
1572 5868 1623 5939 7.

2114 4048 2174 4108 Si
2202 4050 2386 4118 itaque
2406 4046 2507 4111 illi,
2538 4053 2636 4109 ait,
2658 4044 3025 4098 humanarum
3053 4040 3356 4095 animarum
3401 4047 3622 4093 venato-

2041 4161 2155 4210 res,
2179 4141 2481 4198 invisibiles
2499 4140 2710 4195 scilicet
2733 4145 2788 4192 et
2816 4134 3046 4191 occultae
3071 4134 3325 4197 virtutes,
3354 4146 3453 4201 pro
3474 4144 3626 4184 more

2043 4238 2207 4293 solito
2234 4236 2460 4305 laqueos
2491 4232 2632 4287 clam
2676 4229 3041 4291 occultantes,
3073 4232 3129 4281 te
3166 4238 3407 4295 unquam
3438 4236 3627 4293 aggre—

2042 4330 2286 4392 diantur,
2332 4325 2468 4380 nihil
2520 4322 2763 4394 proderit
2814 4320 2922 4375 illis
2964 4338 2976 4373 :
3025 4318 3151 4388 quia
3198 4317 3316 4387 ipse
3364 4314 3627 4369 Dominus

2040 4427 2199 4495 eruet
2230 4427 2283 4475 te
2296 4419 2362 4474 de
2392 4418 2588 4489 laqueo
2617 4414 2957 4477 venantium,
2986 4410 3223 4481 Laqueus
3253 4408 3510 4463 contritus
3526 4414 3626 4470 est,

2041 4525 2091 4569 et
2123 4529 2216 4567 nos
2250 4509 2460 4571 liberati
2488 4523 2671 4562 sumus
2706 4507 2772 4560 ‘9.
2817 4504 2973 4571 Quod
3018 4505 3062 4558 si
3109 4516 3235 4557 eum
3283 4497 3629 4556 sermonibus

2044 4620 2264 4677 quoque
2308 4602 2534 4658 turbare
2563 4598 2928 4663 tentaverint,
2974 4594 3272 4665 impietatis
3333 4607 3446 4647 sua:
3480 4591 3629 4645 virus

2044 4698 2229 4768 lingua
2285 4695 2631 4756 emittentes,
2696 4690 2783 4744 his
2841 4689 3004 4744 etiam
3060 4686 3290 4741 illaesum
3352 4681 3627 4736 hominem

2043 4804 2204 4844 suum
2236 4786 2500 4842 Dominus
2532 4782 2791 4840 servabit.
2821 4779 2901 4835 Ac
2934 4795 3003 4835 ne
3032 4779 3285 4833 humana:
3320 4774 3442 4828 vitae
3462 4779 3630 4827 aestus

2043 4890 2096 4937 et
2129 4880 2291 4935 ardor
2322 4877 2546 4936 malitia:
2576 4874 2749 4945 magis
2797 4873 3083 4943 magisque
3109 4870 3401 4930 incensus,
3437 4870 3629 4919 contra
3710 4919 3712 4922 ,

2042 4969 2261 5040 pietatis
2294 4967 2551 5021 athletam
2567 4965 2710 5018 mala
2728 4962 3050 5026 succendat,
3077 4960 3194 5014 haec
3218 4971 3399 5013 sermo
3417 4954 3521 5022 ipsi
3539 4967 3630 5006 va—

2043 5061 2326 5115 ticinatur:
2347 5056 2415 5111 In
2442 5054 2674 5122 scapulis
2694 5055 2805 5108 suis
2827 5049 3161 5107 obumbrabit
3185 5048 3301 5112 tibi,
3318 5055 3366 5101 et
3383 5044 3477 5100 sub
3508 5058 3631 5098 ven-

2046 5152 2129 5206 nis
2152 5151 2265 5221 ejus
2287 5146 2546 5217 sperabis.
2565 5144 2724 5213 Quod
2742 5144 2789 5200 si
2824 5142 3173 5197 inimicorum
3199 5137 3439 5210 agmina,
3460 5136 3630 5207 ignita

2048 5251 2102 5307 et
2147 5241 2400 5299 lethifera
2448 5238 2797 5294 mendacium
2829 5243 3041 5290 etcum
3086 5247 3218 5288 vero
3265 5229 3627 5302 pugnantium

2049 5349 2364 5392 sermonum
2384 5333 2490 5388 tela
2514 5331 2830 5402 iaculentur
2851 5327 3116 5383 adversus
3137 5329 3497 5380 memoratum
3532 5322 3629 5376 ho-

2049 5430 2273 5495 minem,
2304 5428 2396 5483 ille
2423 5425 2645 5497 quidem
2671 5423 2939 5493 quiescet,
2972 5418 3173 5474 divinae
3217 5418 3322 5488 legi
3352 5416 3630 5486 obtempe-

2048 5538 2183 5578 rans
2214 5536 2335 5591 qua:
2362 5519 2440 5573 ait
2491 5536 2505 5572 :
2555 5516 2815 5570 Dominus
2844 5530 2940 5582 pro
2969 5511 3111 5566 vobis
3158 5506 3431 5580 pugnabit,
3462 5514 3513 5561 et
3543 5523 3631 5561 vos

2054 5612 2291 5667 tacebitis
2351 5625 2370 5663 :
2426 5614 2737 5679 opportune
2794 5615 2975 5660 autem
3038 5602 3145 5673 ipsi
3177 5600 3379 5656 dicitur
3417 5617 3429 5651 :
3469 5597 3631 5653 Scuto

2052 5703 2397 5761 circumdabit
2447 5712 2493 5757 te
2524 5700 2718 5756 veritas
2776 5698 2912 5769 ejus.
2975 5696 3095 5767 ipsa
3148 5708 3385 5765 namque
3427 5689 3629 5747 Christi
