4068 6394
472 436 607 492 ΗΠ

1147 438 1417 496 EUSEBlI
1455 437 1935 495 CASSARIENSIS
1972 438 2127 495 OPP.
2170 438 2354 496 PARS
2392 439 2479 494 lll.
2520 421 2597 482 -ί
2629 437 3041 496 EXEGETICA.

3583 436 3726 493 1148

468 550 735 607 doctrinae
767 552 989 617 veritas,
1016 552 1273 608 virtutem
1316 568 1566 624 magnam
1604 552 1877 616 obtinens,
1916 566 2042 606 eum

2155 556 2327 607 78068
2350 571 2363 583 ·
2398 553 2719 625 λεχθήσεται
2754 554 2812 607 δὲ
2834 553 2981 621 αὑτῷ
3000 551 3141 606 κατὰ
3168 551 3358 623 καιρὸν
3381 549 3472 615 τδ,
3518 551 3731 618 ὐπλῳ

469 647 911 707 circummuniet,
950 648 1005 699 in
1056 648 1291 700 circuitu
1323 647 1500 715 posita
1543 660 1607 700 ac
1650 653 1808 699 scuto
1858 652 2047 714 tegens

470 750 593 798 suo,
626 744 685 788 ut
714 751 797 798 ne,
828 736 1118 790 accedente
1137 744 1317 799 nocte,
1355 744 1410 789 et
1446 735 1687 789 tenebris
1716 734 1927 796 ollusis,
1957 750 2050 788 re-

474 825 724 881 formidet
768 828 877 890 ille,
913 834 1007 880 aut
1040 844 1151 896 prie
1184 836 1327 883 metu
1359 828 1639 892 turbetur;
1692 842 1867 896 neque
1904 826 2049 895 pari-

470 926 556 974 ter
576 920 631 973 in
674 919 763 975 die
794 921 1038 975 immissa
1073 922 1179 974 tela
1218 920 1580 975 metuatJ’er
1612 930 1828 975 noctem
1867 928 2048 973 autem

468 1018 522 1065 et
552 1012 806 1067 tenebras
863 1012 1193 1068 calamitatis
1230 1020 1477 1082 tempora
1508 1012 1801 1082 signiﬁcat,
1843 1012 1897 1064 in
1928 1010 2049 1080 qui-

470 1102 574 1158 bus
605 1104 742 1157 nihil
780 1103 1265 1157 reformidaturum
1296 1104 1371 1156 ait
1397 1120 1521 1157 eum
1552 1144 1567 1170 ,
1592 1104 1685 1173 qui
1722 1109 1878 1157 scuto
1906 1101 2051 1155 veri-

469 1198 599 1251 tatis
632 1197 1123 1253 circummunietur
1158 1217 1170 1251 :
1206 1212 1302 1266 per
1349 1196 1493 1251 diem
1555 1212 1704 1259 vero,
1757 1195 2049 1264 tranquilla

467 1290 525 1338 et
553 1290 747 1352 pacata
777 1290 1023 1352 tempora
1054 1282 1274 1346 indicat,
1309 1283 1365 1336 in
1388 1282 1588 1353 quibus
1628 1282 1834 1336 inimici
1874 1281 2050 1335 nostri

470 1375 699 1446 sagittas
732 1378 948 1432 eminus
980 1377 1248 1440 volantes,
1279 1376 1601 1445 blasphema
1646 1390 1840 1444 nempe
1868 1384 1923 1428 et
1956 1374 2050 1427 im-

470 1471 561 1540 pia
596 1470 765 1532 dicta,
796 1471 851 1524 in
885 1485 987 1524 nos
1020 1469 1273 1524 emittere
1314 1470 1512 1524 solent.
1544 1468 1679 1522 Nam
1709 1469 2050 1539 persecutio-

469 1578 605 1618 num
636 1571 884 1633 tempore
913 1577 1023 1616 non
1058 1563 1272 1617 eminus
1316 1561 1423 1616 tela
1462 1561 1706 1626 mittunt,
1746 1561 1840 1616 sed
1881 1561 2051 1615 comi-

470 1672 576 1713 nus
604 1658 868 1727 impetum
899 1657 1185 1721 facientes,
1215 1672 1316 1713 nos
1344 1657 1632 1713 universos
1654 1656 1937 1721 devorare,
1961 1663 2051 1711 ut-

2150 645 2451 699 κυκλώσει
2481 662 2555 699 σε
2586 648 2623 714 ὴ
2653 646 2901 714 ἀλήθεια
2932 644 3136 699 αὑτοῦ.
3212 644 3351 713 Αὕτη
3384 642 3493 713 γὰρ
3522 644 3556 713 ἡ
3588 642 3727 713 ἀλή-

2151 737 2271 790 θεια
2300 737 2407 790 τῶν
2431 738 2665 808 Χριστοῦ
2695 738 3001 808 δογμάτων,
3022 736 3261 807 μεγάλην
3294 734 3603 807 κεκτημένη
3630 734 3727 786 δύ-

2151 848 2351 901 ναμιν,
2410 831 2500 883 τὸν
2557 831 2746 901 ἔχοντα
2801 830 2969 901 αὐτὴν
3021 828 3383 900 περιφράξει,
3456 825 3728 881 κυκλοῦσα

2150 924 2312 975 αὑτὸν
2331 964 2345 988 ,
2382 924 2476 977 καὶ
2518 924 2917 994 περιϐάλλουσα
2949 921 3026 992 τῷ
3066 922 3261 991 ἐαυτῆς
3291 920 3439 989 ὅπλῳ
3462 962 3475 983 ,
3513 919 3644 990 πρὸς
3666 918 3727 971 τὸ

2154 1017 2289 1087 μήτε
2317 1017 2507 1079 νυκτὸς
2535 1016 2884 1088 ἐπελθούσης,
2915 1018 3049 1087 μήτε
3074 1016 3289 1077 σκοτίας
3314 1012 3727 1081 καταλαϐούσης

2150 1108 2401 1193 δεδιέναι,
2436 1110 2559 1180 μηδ’
2591 1108 2694 1162 ὑπὸ
2722 1108 2900 1177 φόϐων
2928 1106 3321 1179 ταράττεσθαι,
3361 1108 3497 1177 μήτε
3529 1106 3636 1158 τῶν
3667 1106 3726 1156 ἐν

2152 1200 2333 1272 ἡμέρᾳ
2379 1200 2746 1271 πεμπομένων
2789 1198 2957 1269 βελῶν
2987 1198 3306 1270 φροντίζειν.
3370 1197 3529 1269 Δηλοῖ
3553 1196 3611 1249 δὲ
3637 1194 3728 1249 διὰ

2154 1294 2253 1363 μὲν
2284 1293 2385 1363 τῆς
2416 1292 2608 1356 νυκτὸς
2634 1292 2728 1345 καὶ
2760 1293 2859 1362 τῆς
2896 1293 3115 1354 σκοτίας
3144 1292 3270 1353 τοὺς
3309 1288 3728 1361 περιστατικοὺς

2151 1384 2374 1456 καιροὺς
2393 1424 2407 1447 ,
2450 1386 2569 1438 καθ’
2602 1385 2694 1449 οὓς
2720 1403 2853 1456 φησι
2880 1386 3045 1457 μηδὲν
3079 1384 3478 1457 φοϐηθήσεσθαι
3504 1384 3593 1437 τὸν
3621 1382 3728 1437 ὑπὸ

2149 1477 2243 1530 τοῦ
2269 1478 2367 1547 τῆς
2395 1477 2650 1548 ἀληθείας
2676 1478 2841 1531 ὅπλου
2866 1477 3379 1549 περιπεφραγμένον
3398 1494 3412 1508 ·
3442 1475 3530 1529 διὰ
3552 1476 3609 1529 δέ
3628 1476 3728 1546 τῆς

2150 1569 2363 1639 ἡμέρας
2390 1571 2515 1632 τοὺς
2545 1571 2602 1623 ἐν
2622 1569 2831 1640 γαλήνῃ
2864 1572 2958 1623 καὶ
2990 1569 3140 1641 εὐδίᾳ
3165 1569 3256 1622 καὶ¹
3283 1570 3532 1640 εἰρηνικῇ
3562 1586 3730 1622 κατα-

2152 1660 2358 1725 στάσει,
2395 1660 2517 1714 καθ’
2536 1660 2629 1724 οὒς
2660 1662 2941 1733 πόρρωθεν
2974 1660 3099 1732 βέλη
3129 1660 3401 1731 πετόμενα
3429 1659 3550 1713 καθ’
3573 1659 3729 1730 ἡμῶν

470 1758 598 1822 pote
646 1756 879 1805 mortem
931 1757 1246 1817 expetentes
1297 1758 1539 1804 nostram
1568 1790 1583 1814 ,
1632 1756 1933 1813 conantur;
1989 1755 2051 1802 ut

2155 1753 2390 1824 πέμπειν
2442 1753 2695 1825 είώθασιν
2741 1758 2788 1808 οἱ
2825 1755 3044 1826 ἐχθροὶ,
3081 1755 3203 1817 τοὺς
3252 1752 3602 1824 βλασφήμους
3636 1753 3731 1805 καὶ

470 1841 767 1912 aliquando
811 1841 901 1896 ille
935 1856 1060 1896 eum
1094 1842 1270 1911 potuit
1301 1840 1603 1897 devoravit.
1642 1841 1713 1894 At
1760 1856 1860 1896 nos
1891 1846 2050 1896 scuto

2155 1844 2366 1908 ἀσεϐεῖς
2399 1845 2607 1899 ἑαυτῶν
2634 1843 2841 1914 λόγους.
2872 1844 3029 1899 Κατὰ
3055 1843 3162 1915 γὰρ
3187 1846 3315 1907 τοὺς
3342 1843 3449 1896 τῶν
3473 1840 3729 1912 διωγμῶν

470 1934 580 2004 iam
604 1941 905 1989 memorato
934 1934 1188 2004 protecti,
1219 1933 1466 1988 dicem‘us
1496 1951 1509 1988 :
1540 1931 1665 1987 Nisi
1694 1933 1820 2004 quia
1862 1931 2049 1986 Domi-

2155 1937 2395 2008 καιροὺς,
2426 1939 2487 1991 ού
2512 1912 2792 2010 πόρρωθεν
2825 1912 3217 2006 ἐστῶτεςβέλη
3246 1934 3553 2004 πέμπουσιν
3573 1971 3587 1995 ,
3614 1932 3728 1985 ἀλλ’

469 2044 568 2081 nus
608 2038 718 2082 erat
751 2028 806 2081 in
840 2028 1009 2090 nobis,
1044 2043 1163 2080 cum
1206 2034 1545 2097 exsurgerent
1581 2026 1814 2081 homines
1847 2027 1901 2080 in
1928 2044 2046 2092 nos,

470 2119 606 2188 forte
637 2121 774 2173 vivos
813 2118 1154 2189 deglutissent
1195 2135 1288 2172 nos
1316 2119 1383 2173 7“.
1436 2118 1622 2189 Neque
1668 2126 1830 2174 nocte
1884 2119 2051 2189 igitur

469 2220 648 2280 neque
704 2211 941 2265 interdiu
990 2209 1124 2280 quid
1169 2218 1359 2265 contra
1398 2225 1501 2265 nos
1539 2218 1798 2281 poterunt
1840 2210 2051 2264 inimici

470 2304 642 2357 nostri
674 2312 896 2373 propter
943 2301 1234 2356 Dominum
1265 2311 1727 2373 propugnatorem
1776 2309 2048 2358 nostrum.

470 2392 652 2460 Quare
685 2394 893 2448 dictum
933 2401 1019 2448 est
1046 2412 1059 2447 :
1094 2390 1217 2445 Non
1250 2392 1453 2446 timebis
1490 2410 1521 2445 a
1554 2394 1739 2446 timore
1767 2401 2047 2457 nocturno,

470 2505 505 2541 a
554 2490 751 2558 sagitta
793 2487 1002 2541 volante
1030 2487 1083 2539 in
1111 2486 1215 2549 die,
1260 2503 1293 2539 a
1336 2486 1537 2555 negotio
1572 2487 1967 2553 perambulante
1998 2487 2053 2539 in

472 2580 727 2643 tenebris;
763 2580 874 2633 imo
901 2594 1077 2648 neque
1107 2595 1140 2631 a
1170 2579 1327 2631 ruina
1365 2585 1416 2631 et
1451 2576 1713 2631 damonio
1759 2577 2051 2631 meridiano

470 2674 805 2728 timebimus.
842 2672 997 2739 Quod
1026 2673 1073 2726 si
1102 2672 1270 2725 millia
1299 2679 1354 2725 et
1381 2670 1568 2725 decem
1600 2670 1793 2734 millia,
1820 2671 1935 2725 sive
1967 2671 2053 2724 in-

469 2765 768 2821 1isibilium
816 2779 912 2819 seu
940 2763 1241 2817 visibilium
1297 2761 1647 2816 inimicorum
1692 2769 1746 2815 et
1794 2761 2050 2825 hostium,

472 2864 666 2912 contra
706 2855 910 2910 Christi
947 2855 1209 2924 p0pulum
1251 2861 1306 2909 et
1353 2860 1544 2907 contra
1594 2851 1892 2906 Ecclesiam
1931 2853 2052 2921 ejus

470 2948 907 3009 insurrexerint;
935 2961 1126 3001 omnes
1158 2960 1289 3000 sane
1315 2960 1423 2998 una
1451 2944 1624 2999 virtus
1654 2944 1773 3012 ejus
1802 2960 1910 2997 uno
1938 2960 2054 2999 mo-

473 3046 660 3093 mento
697 3038 963 3105 destruet,
996 3047 1057 3091 ut
1096 3051 1198 3092 nos
1229 3036 1365 3107 ipsis
1402 3036 1579 3091 oculis
1606 3035 1907 3091 vindictam
1937 3052 2054 3107 per-

471 3131 797 3203 spiciamus.
842 3129 968 3184 ldeo
1016 3129 1216 3183 dicitur
1255 3146 1269 3183 :
1323 3127 1694 3183 Verumtamen
1728 3129 1895 3182 oculis
1949 3130 2052 3183 tuis

2152 2030 2383 2100 ἐγγύθεν
2416 2031 2695 2103 ὁρμῶντες
2715 2072 2729 2097 ,
2765 2032 3055 2089 καταπιεῖν
3084 2031 3229 2101 ἡμᾶς
3262 2028 3414 2091 ὅλους
3450 2022 3539 2081 οἷα
3566 2026 3731 2080 θανά-

2150 2139 2245 2175 του
2281 2122 2420 2191 φίλοι
2453 2122 2748 2194 πειρῶνται
2771 2140 2784 2152 ο
2819 2122 2877 2185 ὃς
2902 2121 3129 2174 κατέπιε
3161 2120 3280 2173 τότε
3308 2120 3550 2189 ίσχύσας.
3588 2117 3728 2169 Ἀλλ’

2153 2217 2311 2287 ἡμεῖς
2341 2233 2405 2285 γε
2429 2255 2443 2279 ,
2478 2216 2556 2287 τῷ
2587 2214 2875 2287 δηλωθέντι
2914 2206 3061 2284 ὅπλῳ
3100 2212 3539 2283 πεφυλαγμένοι,
3570 2209 3731 2283 ἐροῦ-

2156 2325 2255 2378 μεν
2275 2324 2288 2337 ·
2341 2310 2409 2361 Et
2434 2307 2519 2376 μὴ
2554 2307 2642 2360 ὅτι
2674 2308 2891 2375 Κύριος
2914 2302 2994 2377 ἦν
3018 2307 3088 2359 ἐν
3112 2304 3278 2374 ἡμῖν,
3306 2302 3477 2369 ἐν.τῷ
3504 2303 3732 2357 ἐπανα-

2153 2397 2371 2465 στῆναι
2397 2397 2747 2465 ἀνθρώπους
2770 2397 2860 2465 ἐφ’
2893 2394 3051 2465 ’ἡμᾶς
3071 2435 3086 2460 ,
3121 2394 3237 2463 ἄρα
3260 2392 3478 2459 ζῶντας
3511 2392 3587 2447 ἂν
3625 2408 3733 2445 κα-

2153 2491 2360 2545 τέπιον
2388 2490 2565 2560 ἡμᾶς.
2597 2491 2720 2545 οὔτ’
2750 2487 2842 2545 οὖν
2875 2491 3087 2562 ἡμέρας
3112 2488 3235 2543 οὗτε
3265 2487 3457 2549 νυκτὸς
3482 2486 3732 2557 δυνήσονο

2152 2583 2240 2638 ταί
2258 2601 2310 2637 τι
2334 2583 2456 2637 καθ’
2480 2583 2636 2654 ἡμῶν
2654 2585 2703 2636 οἱ
2720 2583 2903 2655 ἐχθροὶ
2925 2583 3011 2638 διὰ
3031 2583 3121 2636 τὸν
3139 2579 3556 2654 ὑπερμαχοῦντα
3574 2577 3734 2648 ἡμῶν

2153 2673 2376 2745 Κύριον.
2447 2674 2537 2727 Διὸ
2587 2665 2863 2728 λέλεκταν
2916 2676 3000 2727 Οὐ
3047 2674 3361 2742 φοϐηθὴσῃ
3392 2671 3510 2725 ἀπὸ
3544 2670 3734 2739 φόϐου

2153 2768 2523 2835 νυκτερινοῦ,
2548 2766 2663 2821 ἀπὸ
2693 2766 2925 2832 βέλους
2953 2764 3281 2835 πετομένου
3314 2763 3571 2831 ἡμέρας,
3613 2761 3735 2815 ἀπὸ

2154 2856 2495 2928 πράγματος
2524 2858 2593 2911 ἐν
2622 2860 2825 2913 σκότει
2866 2856 3369 2926 διαπορευομένου
3390 2873 3403 2885 ⁸
3455 2854 3568 2908 ἀλλ’
3614 2853 3736 2906 οὐδὲ

2153 2949 2271 3003 ἀπὸ
2330 2950 2766 3019 συμπτώματος
2814 2949 2910 3002 καὶ
2964 2948 3271 3019 δαιμονίου
3326 2943 3736 3018 μεσημϐρινοῦ

2156 3037 2597 3110 φοϐηθησόμεθα,
2655 3041 2719 3093 Εἰ
2751 3040 2807 3093 δὲ
2842 3038 2935 3093 κα)⁴
2963 3040 3199 3110 χιλιάδες
3230 3038 3323 3092 καὶ
3357 3038 3614 3109 μυριάδες
3640 3039 3732 3089 άο-

2157 3131 2334 3201 ράτων
2362 3130 2394 3201 ἢ
2423 3130 2518 3183 καὶ
2553 3132 2761 3203 ὁρατῶν
2794 3132 3002 3204 ἐχθρῶν
3030 3133 3124 3186 καὶ
3162 3131 3433 3202 πολεμίων
3468 3130 3609 3184 κατὰ
3639 3128 3736 3182 τοῦ

471 3221 857 3287 considerabis,
897 3230 947 3276 et
967 3222 1023 3274 in
1054 3219 1447 3275 retributionem
1474 3229 1806 3289 peccatorum
1834 3220 2049 3276 videbis.

2155 3220 2285 3274 λαοῦ
2332 3221 2427 3275 τοῦ
2480 3223 2716 3295 Χριστοῦ
2756 3226 2851 3279 καὶ
2883 3226 3024 3280 κατὰ
3064 3227 3163 3298 τῆς
3201 3223 3526 3295 Ἐκκλησίας
3571 3222 3736 3276 αὐτοῦ

471 3314 585 3370 Nos
630 3321 810 3369 autem
864 3314 1135 3369 sermonis
1176 3314 1461 3369 veritatem
1512 3314 1631 3384 ipsa
1678 3314 2051 3384 exemplorum

2158 3314 2542 3379 ἐπανασταῖεν,
2574 3315 2709 3369 ἀλλά
2739 3318 2834 3371 καὶ
2873 3317 3081 3382 πάντας
3105 3315 3315 3388 ἀθρόως
3337 3314 3474 3385 ὁμοῦ
3508 3314 3602 3366 καὶ
3630 3313 3737 3366 πά-

471 3405 925 3474 interpretatione
946 3403 1311 3473 percepimus,
1335 3411 1631 3474 conspecto
1657 3404 1825 3458 variis
1847 3412 2051 3473 tempo-

2161 3421 2261 3467 σας
2286 3406 2319 3475 ἡ
2348 3404 2512 3459 αὐτοῦ
2536 3405 2763 3477 δύναμις
2790 3407 2849 3460 ἐν
2880 3409 2978 3478 μιᾷ
3005 3409 3144 3478 ῥοπῇ
3180 3404 3430 3470 καθελεῖ,
3460 3403 3535 3466 ὡς
3555 3403 3737 3464 αὐτοῖς

471 3496 624 3551 ribus
645 3492 944 3552 Ecclesiam
970 3494 1175 3550 Christi
1203 3496 1639 3567 impugnantium
1658 3494 1783 3559 line,
1806 3496 1898 3566 qui
1916 3511 2050 3551 con-

2155 3495 2451 3567 ὀφθαλμοῖς
2486 3497 2818 3569 παραλαϐεῖν
2847 3500 2995 3569 ἡμᾶς
3022 3506 3119 3570 την
3149 3497 3449 3563 ἐκδίκησιν.
3534 3494 3625 3547 Διὸ
3651 3493 3737 3545 λέ-

471 3589 676 3652 festim,
694 3604 795 3643 nec
822 3588 983 3659 longo
1007 3598 1128 3659 post
1154 3596 1396 3658 tempore
1426 3604 1458 3642 a
1481 3586 1592 3642 Deo
1614 3588 1874 3643 debellati
1899 3594 2045 3643 sunt.

2155 3588 2362 3646 λεκταιο
2421 3590 2597 3659 Πλὴν
2623 3591 2747 3658 τοῖς
2785 3591 3115 3661 ὀφθαλμοῖς
3158 3607 3275 3645 σου
3316 3588 3737 3656 κατανοήσεις,

472 3686 573 3738 καὶ
623 3685 1035 3739 ἀνταπόδοσιν
1082 3684 1446 3753 ἁμαρτωλῶν
1496 3684 1651 3753 ὄψει.
1706 3684 1896 3755 Ἡμεῖς
1921 3685 1978 3739 δὲ
2019 3684 2113 3737 τοῦ
2150 3685 2308 3754 λόγου
2346 3686 2447 3757 τὴν
2487 3687 2747 3759 ἀλήθειαν
2793 3686 2853 3753 ἐξ
2890 3687 3058 3759 αὐτῆς
3089 3687 3191 3758 τῆς
3220 3685 3514 3758 ἑρμηνείας
3542 3700 3738 3752 παρει-

471 3779 722 3852 λήφαμεν
746 3820 760 3845 ,
795 3780 936 3834 κατὰ
965 3781 1190 3852 καιροὺς
1238 3780 1307 3833 τά
1351 3780 1480 3851 τέλη
1546 3781 1879 3851 συνορῶντες
1910 3781 2025 3834 τῶν
2043 3780 2141 3852 τὴν
2190 3782 2514 3855 Ἐκκλησίαν
2544 3784 2638 3838 τοῦ
2666 3783 2801 3838 Θεοῦ
2832 3783 3279 3855 πολεμησάντων,
3312 3778 3652 3851 παραχρῆμά
3678 3795 3738 3830 τε

471 3872 566 3924 καὶ
593 3872 693 3925 ούκ
729 3874 809 3936 είς
838 3874 1046 3944 μακρὸν
1078 3873 1182 3925 ὑπὸ
1204 3873 1297 3925 τοῦ
1328 3872 1463 3926 Θεοῦ
1497 3874 1934 3945 πολεμηθέντων.

544 3980 670 4035 Hiec
701 3997 863 4051 porro
893 3983 1098 4046 omnia,
1135 3990 1190 4038 et
1231 3990 1426 4038 caetera
1447 3983 1550 4039 sub
1578 3983 1696 4039 haec
1725 3991 2047 4051 memorata,

474 4075 543 4132 ad
577 4077 854 4132 hominem
891 4077 1054 4132 etiam
1089 4078 1182 4148 qui
1230 4078 1285 4132 in
1336 4078 1558 4134 Christo
1592 4090 1677 4135 est
1720 4078 2051 4145 referentur,

472 4186 689 4224 necnon
730 4169 797 4223 ad
844 4185 1034 4225 omnes
1064 4172 1164 4241 qui
1193 4170 1374 4226 dicere
1405 4171 1622 4225 valeant
1657 4190 1669 4225 :
1703 4170 1896 4226 Omnia
1926 4187 2052 4240 pos-

474 4279 591 4318 sum
614 4264 667 4315 in
689 4280 747 4316 eo
769 4263 859 4332 qui
894 4279 973 4316 me
996 4263 1257 4330 confortat
1290 4262 1500 4317 Christo
1528 4263 1728 4318 Iesu."
1760 4263 1859 4319 Hic
1888 4280 2053 4334 porro

477 4352 640 4408 fuerit
667 4354 874 4408 Christi
896 4353 1119 4417 chorus,
1150 4353 1243 4423 qui
1268 4370 1331 4408 ex
1357 4355 1561 4409 sanctis
1587 4361 1640 4409 et
1672 4355 1927 4423 perfectis
1962 4354 2053 4411 Dei

2226 3987 2412 4042 Πάντα
2431 3986 2671 4041 δὲταῦτα
2686 3988 2779 4041 καὶ
2790 3998 2859 4042 τά
2884 3984 3095 4049 τούτοις
3118 3984 3243 4057 ἑξῆς
3264 3985 3622 4053 ἐπιλεγόμενα
3646 3985 3737 4040 ἐπὶ

2157 4080 2247 4133 τὸν
2268 4082 2325 4133 ἐν
2340 4079 2560 4151 Χριστῷ
2579 4078 2863 4151 ἄνθρωπον
2884 4078 3319 4151 ἀνενεχθήσεται,
3342 4078 3434 4130 καὶ
3453 4077 3544 4129 ἐπὶ.
3561 4075 3737 4130 πάντα

2158 4173 2249 4226 τὸν
2294 4167 2404 4225 οἷόν
2452 4190 2512 4224 τε
2550 4171 2761 4241 λέγειν’
2807 4170 3012 4225 Πάντα
3056 4171 3245 4239 ἰσχύω
3279 4170 3351 4223 ἐν
3381 4167 3462 4234 τῷ
3488 4168 3738 4223 ἐνδυνα-

2154 4262 2371 4333 μοῦντί
2394 4279 2470 4331 με
2500 4260 2729 4331 Χριστῷ
2769 4260 2985 4330 Ἰησοῦ.
3056 4254 3225 4324 Οὗτος
3255 4260 3299 4314 δ’
3336 4260 3401 4315 ἂν
3433 4259 3517 4331 εἴη
3546 4261 3575 4313 ὀ
3604 4261 3650 4312 Χ
3662 4278 3739 4331 ρι-

2162 4354 2288 4408 στοῦ
2332 4354 2522 4426 χορὸς,
2560 4357 2587 4407 ὁ
2617 4353 2674 4421 ἐξ
2716 4353 2883 4423 ἁγίων
2917 4354 3010 4407 καὶ
3036 4352 3256 4407 τελείων
3280 4350 3415 4405 Θεοῦ
3447 4350 3739 4422 μαρτύρων

475 4445 810 4516 martyribus
862 4452 1101 4511 constat,
1133 4446 1335 4514 quique
1399 4445 1467 4499 ad
1515 4446 1833 4516 sanguinem
1884 4463 2051 4517 usque

2162 4446 2449 4510 συνεστὼς,
2485 4450 2512 4500 ὁ
2536 4446 2728 4519 μέχρις
2758 4446 2990 4518 αἵματος
3018 4443 3417 4516 ἀγωνιζόμενος
3439 4445 3580 4515 ὑπὲρ
3600 4443 3734 4514 άλη-

475 4552 575 4608 pro
609 4538 837 4592 veritate
863 4537 1186 4600 decertavit,
1220 4546 1273 4592 et
1304 4537 1490 4591 bravia
1520 4538 1762 4591 victoria:
1795 4553 1917 4591 cum
1948 4538 2051 4593 Deo

2159 4540 2342 4606 θείας,
2384 4539 2478 4592 καὶ
2508 4538 2577 4592 τά
2624 4538 2851 4610 βραϐεῖα
2879 4540 2979 4610 τῆς
3024 4541 3083 4592 ἐν
3112 4537 3230 4607 Θεῷ
3268 4538 3425 4607 νίκης
3460 4536 3602 4589 κατὰ
3629 4535 3739 4590 τῶν

474 4634 645 4697 partae
668 4627 933 4682 adversus
964 4628 1218 4683 inimicos
1246 4629 1449 4683 retulit.
1487 4628 1610 4682 Haec
1646 4630 1798 4693 item,
1830 4646 1952 4700 quae
1972 4632 2051 4685 di-

2159 4632 2467 4685 ἀντιπάλων
2518 4632 2823 4704 αἰρόμενος.
2870 4632 2981 4685 Καὶ
3009 4632 3101 4684 ἐπὶ
3128 4630 3217 4684 τὸν
3249 4630 3535 4699 ἄνθρωπον
3561 4629 3617 4683 δὲ
3645 4628 3739 4683 τοῦ

472 4727 559 4774 cta
589 4727 736 4787 sunt,
763 4718 968 4776 Christi
1021 4720 1231 4774 homini
1269 4721 1669 4789 coaplabuntur
1710 4740 1722 4775 :
1771 4720 1875 4776 hoc
1907 4723 2053 4778 enim

476 4814 715 4867 declarat
752 4814 1025 4870 dictorum
1064 4813 1253 4868 series.
1289 4810 1425 4866 Nam
1475 4829 1597 4867 cum
1640 4814 1707 4868 ad
1742 4815 2053 4884 quempiam

420 4948 431 4951 -
474 4906 707 4962 dixisset
740 4926 754 4963 :
788 4907 1052 4974 Quoniam
1085 4909 1191 4976 ipse
1227 4907 1471 4962 liberabit
1522 4908 1585 4962 de
1636 4909 1821 4979 laqueo
1865 4926 2055 4964 venan-

477 5000 629 5064 tium,
655 5009 702 5053 et
723 5018 754 5054 a
780 5000 933 5055 verbo
968 5000 1289 5064 turbulento,
1318 5010 1370 5055 et
1403 5018 1416 5055 :
1452 5000 1515 5054 In
1551 5002 1782 5069 scapulis
1811 5004 1920 5057 suis
1960 5002 2053 5056 ob-

474 5092 738 5146 umbrabit
789 5093 903 5157 tibi,
948 5104 995 5148 et
1028 5093 1123 5147 sub
1156 5094 1336 5162 pennis
1371 5094 1481 5161 ejus
1516 5093 1794 5161 sperabis;
1840 5104 1889 5148 ct
1926 5111 2050 5149 cum

475 5184 724 5239 eumdem
756 5185 1037 5254 alloquens
1070 5185 1403 5239 subdidisset
1452 5204 1464 5238 :
1509 5183 1670 5238 Scuto
1703 5185 2052 5238 circumdabit

478 5288 527 5331 te
558 5278 749 5332 veritas
779 5278 933 5347 ejus;
967 5286 1021 5333 et
1047 5277 1180 5331 illud
1216 5296 1229 5333 :
1271 5276 1394 5331 Non
1429 5277 1632 5332 timebis
1674 5295 1707 5331 a
1750 5279 1934 5332 timore
1963 5295 2054 5333 no-

475 5379 694 5433 cturno;
734 5370 970 5440 itemque
1006 5388 1019 5425 :
1055 5369 1257 5425 Cadent
1292 5387 1325 5423 a
1365 5371 1528 5425 latere
1567 5379 1655 5426 tuo
1695 5371 1921 5437 mille,et
1963 5370 2055 5425 de-

478 5476 587 5514 cem
622 5459 795 5513 millia
832 5478 864 5514 a
892 5461 1092 5515 dextris
1142 5461 1269 5525 tuis,
1315 5459 1383 5513 ad
1416 5469 1463 5514 te
1511 5469 1685 5513 autem
1719 5476 1823 5514 non
1860 5466 2059 5528 appro-'

477 5550 783 5622 pinquabit;
827 5560 881 5607 et
921 5552 1212 5621 adiecisset
1254 5571 1267 5607 :
1322 5550 1690 5606 Verumtamen
1728 5552 1893 5605 oculis
1944 5551 2049 5605 tuis

476 5642 856 5707 considerabis,
904 5653 953 5698 et
996 5643 1393 5698 retributionem
1426 5651 1763 5710 peccatorum
1815 5640 2048 5703 videbis;

476 5750 600 5791 cum
646 5738 829 5791 omnia
853 5737 1202 5808 singulariter
1230 5739 1384 5810 quasi
1414 5740 1479 5793 dc
1504 5754 1613 5792 uno
1646 5739 1858 5795 locutus
1883 5743 2049 5805 esset,

476 5942 497 5951 ,η
548 5892 595 5924 ⁷⁸
637 5889 777 5945 Psal.
813 5908 999 5947 cum.
1039 5893 1155 5947 l-I}.
1232 5895 1271 5925 τι
1316 5893 1513 5947 Philip.
1558 5909 1627 5946 tv.
1668 5892 1750 5946 15.

2158 4724 2395 4795 Χριστοῦ
2424 4725 2825 4797 ἀρμίοσθήσεται
2852 4725 2921 4778 τά
2954 4724 3219 4797 λεγόμενα
3240 4740 3254 4753 ·
3276 4720 3433 4776 τοῦτο
3450 4719 3580 4791 γοῦν
3599 4739 3740 4793 παρ-

2165 4818 2373 4889 ίστησιν
2404 4816 2543 4889 αῦτη
2597 4818 2630 4888 ἡ
2670 4816 2775 4870 τῶν
2803 4816 3193 4889 ἐμφερομένων
3214 4812 3519 4868 ἀκολουθία.
3555 4811 3741 4866 Εἰπὼν

2159 4910 2268 4981 γὰρ
2297 4912 2324 4963 ὁ
2348 4910 2505 4979 λόγος
2534 4909 2670 4980 πρὸς
2695 4908 2791 4962 ἕνα
2821 4908 2945 4962 τινὰ
2964 4949 2979 4973 ,
3024 4909 3153 4962 Ὅτι
3189 4907 3372 4974 αὐτὸς
3394 4907 3649 4974 ῥύσεται
3674 4905 3742 4958 ἐκ

2163 5003 2411 5073 παγίδος
2429 5001 2726 5071 θηρευτῶν
2746 5002 2845 5056 καὶ
2865 5002 2984 5057 ἀπὸ
3003 5003 3189 5072 λόγου
3206 4998 3603 5069 ταραχώδους,
3623 5000 3739 5061 καὶ,

2172 5095 2275 5148 Ἐν
2297 5093 2419 5158 τοῖς
2449 5092 2839 5163 μεταφρένοις
2867 5092 3054 5146 αὑτοῦ
3090 5090 3430 5145 ἐπισκιάσει
3467 5104 3565 5143 σοι
3587 5128 3600 5153 ,
3641 5089 3740 5142 καὶ

2164 5185 2282 5239 ὑπὸ
2330 5183 2437 5251 τὰς
2477 5184 2765 5256 πτέρυγας
2815 5186 3001 5239 αὐτοῦ
3033 5183 3291 5249 ἐλπιεῖς·
3349 5183 3440 5235 καὶ
3473 5181 3610 5254 πρὸς
3650 5180 3741 5235 τὸν

2166 5279 2327 5333 αύτδν
2356 5280 2576 5348 ἐπάγων
2604 5279 2663 5333 τὸ
2683 5321 2698 5347 ,
2742 5279 2947 5346 ’Ὂπλῳ
2990 5275 3291 5332 κυκλώσει
3318 5292 3393 5331 σε
3422 5276 3460 5345 ἡ
3491 5274 3738 5345 ἀλήθεια

2161 5369 2347 5423 αὑτοῦ
2368 5386 2381 5399 ·
2412 5369 2507 5421 καὶ
2543 5367 2605 5420 τδ
2624 5408 2638 5432 ,
2668 5369 2751 5422 Οὐ
2776 5366 3093 5437 φοϐηθήσῃ
3120 5366 3238 5420 ἀπὸ
3262 5366 3738 5435 φόϐουνυκτερι-

2154 5460 2266 5515 νοῦ
2288 5477 2302 5491 ο
2328 5460 2422 5513 καὶ
2448 5459 2528 5522 τὸ,
2566 5458 2840 5512 Πεσεῖται
2866 5458 2936 5512 ἐκ
2956 5458 3063 5513 τοῦ
3098 5457 3343 5521 κλίτους
3372 5472 3486 5509 σου
3519 5454 3737 5536 χιλιὰς⁸

2154 5551 2253 5604 καὶ
2278 5550 2496 5619 μυριὰς
2517 5549 2585 5602 ἑκ
2607 5548 2821 5613 δεξιῶν
2839 5564 2955 5602 σου
2970 5588 2984 5613 ,
3019 5547 3170 5618 πρὸς
3192 5546 3267 5600 σὲ
3289 5544 3358 5600 δὲ
3378 5546 3489 5600 οὐκ
3525 5541 3737 5613 ἐττιεῖ·

2157 5642 2249 5696 καὶ
2270 5641 2475 5705 τούτοις
2498 5640 2807 5711 προστιθεὶς
2832 5640 2911 5705 τὸ,
2938 5640 3112 5709 Πλὴν
3131 5638 3254 5705 τοῖς
3275 5635 3601 5707 ὀφθαλμοῖς
3624 5651 3737 5690 σου

2156 5733 2574 5803 κατανοήσεις,
2610 5733 2707 5788 καί
2741 5732 3148 5787 ἀνταπόδοσιν
3171 5728 3532 5801 ἁμαρτωλῶν
3565 5726 3735 5797 ὄψει·
