4068 6394
355 365 492 411 1149

1477 363 1983 416 υυιιιιΕΜΑιιιΑ
2022 365 2086 416 ΞΝ
2128 363 2466 419 ΡδΑιιιιυδ.

3471 367 3611 415 1150

354 470 532 523 ⁸πάντα
568 467 624 523 δὲ
649 469 719 523 τὰ
746 468 944 534 ἑνικῶς
968 468 1136 524 εἰπὼν
1157 468 1233 534 ὡς
1260 469 1398 542 πρὸς
1424 470 1520 525 ἕνα
1543 475 1682 540 τινὰ,
1714 475 1937 529 ὲπισυν-

2043 478 2122 532 sic
2156 476 2318 533 infert
2351 497 2363 532 :
2388 475 2654 542 Quoniam
2681 481 2739 527 ιιι
2763 489 2839 538 es,
2874 472 3116 540 Domine,
3141 489 3254 542 spes
3277 489 3413 535 mea,
3447 475 3614 528 Altis—

354 562 514 616 ἀπτει
554 561 746 630 λέγων,
789 563 911 616 Ὅτι
937 561 1038 627 σὺ,
1076 565 1272 632 Κύριε,
1291 566 1465 633 ἐλπίς
1474 584 1613 635 μου,
1636 569 1742 620 τὸν
1764 569 1933 638 ’Ὑψι-

356 670 504 708 στον
528 653 668 708 ἔθου
703 655 1055 725 καταφυγήν
1074 670 1190 710 σου
1208 675 1221 687 ο
1249 657 1558 726 σαφέστατα
1583 658 1931 730 παρίσταται,

354 743 435 796 ὅτι
474 741 680 814 Κύριος
717 738 786 813 ἦν
819 742 952 812 πρὸς
980 741 1038 795 ὃν
1062 743 1234 797 ταῦτα
1264 744 1440 798 πάντα
1467 745 1701 815 ἐλέγετο.
1751 748 1934 820 Μηδε-

357 835 486 904 μιᾶς
515 833 626 905 γὰρ
665 833 921 904 διαμέσου
952 834 1250 906 ὲναλλαγῆς
1284 835 1575 907 προσώπου
1616 825 1934 911 γενομένης,

356 925 592 996 συνῆψεν
617 927 646 980 6
690 927 846 995 λόγος
878 928 983 980 ὑπὸ
1033 929 1160 998 μίαν
1191 927 1427 982 διάνοιαν
1460 929 1536 992 ὡς
1565 930 1701 1000 πρὸς
1741 929 1836 982 ἕνα
1868 931 1938 984 τὰ

355 1017 564 1071 πάντα·
600 1017 914 1089 παρέστησέ
943 1036 1001 1071 τε
1035 1017 1120 1082 τίς
1169 1036 1297 1072 ποτε
1345 1014 1414 1090 ἦν
1440 1014 1614 1082 οὗτος,
1662 1019 1938 1089 διασαφῶν

355 1109 484 1180 ἑξῆς
516 1110 610 1164 καὶ
639 1110 813 1179 λέγων
833 1127 848 1146 ε
884 1112 1004 1163 Ὅτι
1043 1110 1124 1164 σὺ
1145 1151 1159 1175 ,
1195 1110 1403 1180 Κύριε,
1437 1111 1615 1177 ἐλπίς
1647 1131 1765 1181 μου
1785 1153 1798 1177 ,
1834 1112 1939 1165 τὸν

357 1202 662 1272 ’Ὕψιστον
692 1203 832 1258 ἔθου
881 1199 1235 1272 καταφυγήν
1277 1218 1414 1258 σου.
1463 1203 1678 1276 Ἐπειδὴ
1709 1204 1815 1277 γὰρ
1851 1205 1936 1268 σὺ,

357 1294 522 1364 φησὶν
541 1333 556 1357 ,
586 1287 631 1347 ὦ
663 1292 868 1364 Κύριε,
903 1295 991 1363 ἐφ’
1015 1293 1075 1347 ὃν
1103 1292 1214 1362 ἐγὼ
1247 1293 1449 1363 ἤλπισα
1472 1332 1487 1356 ,
1520 1293 1613 1347 τὸν
1659 1294 1938 1364 Ὕψιστον,

355 1384 554 1456 δηλαδὴ
573 1384 664 1437 τὸν
691 1383 950 1437 ἀνωτάτω
969 1383 1130 1447 Θεὸν,
1161 1383 1254 1436 καὶ
1281 1383 1479 1436 σαυτοῦ
1504 1384 1741 1456 Πατέρα,
1771 1402 1940 1438 κατα-

357 1475 535 1548 φυγὴν
573 1474 694 1528 ἔθου
725 1475 953 1528 σεαυτοῦ
974 1516 988 1541 ,
1019 1474 1108 1528 διὰ
1132 1473 1292 1528 τοῦτο
1322 1476 1382 1528 ού
1409 1475 1832 1546 προσελεύσεταί
1861 1493 1941 1530 σοι

354 1564 477 1619 οὗτε
499 1563 694 1636 χιλιὰς,
721 1562 847 1616 οῦτε
875 1562 1094 1637 μυριὰς,
1127 1563 1250 1617 οὔτε
1277 1563 1505 1633 παγίδες
1528 1564 1826 1636 θηρευτῶν,
1854 1564 1944 1618 οῦ-

354 1675 415 1711 τε
434 1675 486 1711 τι
517 1656 703 1729 ἕτερον
723 1656 832 1710 τῶν
853 1655 1355 1728 κατηριθμημένων
1373 1674 1387 1687 ο
1417 1657 1513 1710 καὶ
1537 1657 1832 1729 ἐπειδήπερ
1855 1659 1940 1722 σὺ,

354 1743 400 1803 ὧ
425 1749 618 1821 Κύριε,
653 1743 706 1801 εἴ
730 1765 830 1820 μου
851 1746 944 1800 τοῦ
973 1746 1146 1801 ταῦτα
1167 1748 1414 1818 λέγοντος
1442 1748 1619 1812 ἐλπὶς,
1651 1750 1945 1818 Τὸν”Υιῤ·ι-

353 1857 508 1896 στον
539 1840 678 1894 ἔθου
711 1839 1064 1909 καταφυγήν
1089 1855 1205 1896 σου
1228 1858 1242 1870 °
1278 1839 1367 1894 διὰ
1397 1839 1556 1894 τοῦτο
1584 1841 1678 1894 καὶ
1699 1841 1936 1912 ἀρχόμε-
1970 1827 2014 1887 Β

354 1950 446 1998 νος
486 1931 672 2001 ἔλεγον
718 1933 846 2004 περὶ
902 1933 1018 1997 σοῦ,
1056 1935 1111 1986 Ὀ
1138 1933 1430 1988 κατοικῶν
1453 1933 1523 1986 ἐν
1546 1933 1810 2002 βοηθείᾳ
1833 1935 1939 1989 τοῦ

366 2021 678 2094 Ὑψίστου,
695 2024 750 2095 ἢ,
767 2024 830 2076 '0
845 2023 1180 2094 καθήμενος
1191 2026 1261 2078 ἐν
1278 2025 1604 2093 ἀποκρύφῳ
1617 2025 1632 2045 '
1644 2025 1908 2094 Υψίστου
1924 2042 1938 2057 ⁸

354 2116 654 2187 ἐπειδήπερ
697 2117 755 2169 ὲν
791 2117 1123 2189 ἀπορρήτοις
1168 2117 1261 2170 καὶ
1303 2117 1645 2188 ἀποκρύφοις
1692 2116 1942 2188 σύνεδρον

356 2225 417 2261 σε
448 2209 544 2262 καὶ
585 2207 872 2280 σύνθρονον
903 2211 931 2262 6
963 2209 1223 2278 Ὗψιστος
1255 2209 1566 2280 ἐποιήσατο,
1595 2209 1775 2280 φήσας
1802 2209 1942 2280 πρὸς

357 2300 450 2354 σέ·
506 2298 703 2354 Κάθου
735 2301 805 2354 ἐκ
833 2299 954 2354 τῶν
985 2299 1200 2365 δεξιῶν
1221 2318 1376 2370 μου,
1411 2301 1524 2367 ἕως
1565 2301 1644 2354 ἂν
1681 2299 1761 2354 θῶ
1801 2301 1943 2367 τοὺς

353 2393 607 2461 ἐχθρούς
635 2409 752 2448 σου
776 2394 1114 2448 ὑποπόδιον
1145 2394 1264 2447 τῶν
1297 2393 1500 2448 ποδῶν
1527 2411 1665 2448 σου.

438 2484 691 2553 Ὑψίστου
707 2484 903 2561 δὲονοου
912 2485 1070 2556 μένου
1087 2487 1146 2538 ἐν
1165 2487 1374 2549 τούτοις
1393 2485 1486 2538 τοῦ
1504 2485 1780 2539 ἀνωτάτου
1805 2484 1941 2538 Θεοῦ

353 2575 465 2628 τῶν
497 2575 634 2630 ὅλων
651 2593 665 2606 ·
693 2577 899 2646 Κυρίου
927 2576 984 2629 δὲ
1012 2576 1142 2629 Υἱοῦ
1171 2576 1266 2629 τοῦ
1293 2576 1448 2641 Θεοῦ,
1479 2577 1538 2632 ὃς
1567 2576 1658 2629 τὸν
1678 2575 1941 2646 ’Ὕψιστον

356 2665 507 2720 ἔθετο
538 2667 854 2737 καταφυγὴν
881 2666 1066 2733 αὑτοῦ,
1098 2667 1325 2731 εἰκότως
1362 2668 1456 2721 καὶ
1474 2667 1714 2738 Μωῦσῆς
1738 2667 1815 2738 τῷ
1848 2667 1946 2722 αύ-

355 2753 434 2825 τῷ
455 2754 582 2826 θείῳ
604 2756 879 2826 Πνεύματι
896 2755 1156 2828 θεοφορού
1167 2774 1326 2826 μενος
1349 2758 1628 2812 ἐδίδασκεν
1648 2758 1705 2809 ὲν
1731 2757 1944 2830 μεγάλῃ

355 2843 466 2916 ᾠδῇ
495 2845 694 2914 λέγων’
753 2847 891 2900 Ὅτε
923 2846 1240 2916 διεμέριζεν
1271 2851 1304 2902 ὁ
1334 2849 1630 2916 ’Υψιστος
1658 2849 1800 2916 ἔθνη
1823 2887 1837 2912 ,
1865 2849 1945 2914 ὠς

355 2934 696 3005 διέσπειρεν
726 2937 895 3002 υἱοὺς
927 2937 1122 3006 Ἀδὰμ,
1149 2937 1415 3005 ἔστησεν
1436 2937 1564 3006 ὅρια
1583 2937 1772 2992 ἐθνῶν
1797 2939 1946 2993 κατὰ

2034 565 2226 616 simum
2269 564 2490 631 posuisti
2536 563 2795 632 refugium
2831 571 3012 625 tuum;
3061 563 3406 633 apertissime
3430 563 3613 617 decla-

2034 667 2162 706 rans
2184 651 2472 706 Dominum
2502 666 2623 706 esse
2648 651 2714 704 ad
2731 666 2890 721 quem
2916 651 3029 704 haec
3061 651 3242 705 omnia
3265 651 3608 706 dicebantur.

2035 739 2170 795 Cum
2207 742 2357 794 nulla
2400 740 2545 795 enim
2582 741 2638 794 in
2677 739 2858 794 medio
2901 755 3148 809 personae
3196 741 3428 794 mutatio
3465 739 3611 795 facta

2037 833 2129 898 sit,
2168 833 2350 887 omnia
2383 848 2489 886 una
2523 832 2810 894 sententia,
2846 833 3000 900 quasi
3051 833 3141 886 uni
3185 833 3354 895 dicta,
3386 833 3614 888 concin-

2038 933 2165 980 nata
2194 935 2340 988 sunt,
2372 939 2437 977 ac
2476 924 2561 980 his
2600 923 2782 978 verbis
2814 923 2960 978 clare
2990 923 3331 993 signiﬁcatur
3359 924 3576 979 declara
3596 953 3610 965 -

2039 1025 2234 1087 turquc
2267 1018 2388 1086 quis
2426 1017 2515 1070 ille
2547 1015 2618 1070 sit
2653 1033 2665 1067 :
2694 1015 2957 1081 Quoniam
2991 1023 3044 1067 tu
3090 1031 3165 1080 es,
3210 1013 3454 1081 Domine,
3496 1029 3612 1084 spes

2039 1127 2176 1173 mea,
2201 1108 2533 1162 Altis-simum
2564 1109 2788 1176 posuisti
2809 1107 3069 1177 refugium
3092 1116 3259 1162 tuum.
3281 1106 3418 1172 Quia
3441 1107 3611 1172 enim,

2039 1199 2236 1269 inquit,
2285 1206 2365 1263 tu,
2414 1197 2659 1260 Domine,
2695 1197 2752 1250 in
2791 1213 2953 1268 quem
3000 1213 3100 1268 ego
3137 1198 3370 1266 speravi,
3397 1197 3614 1252 Altissi-

2039 1305 2209 1353 mum,
2260 1289 2313 1342 id
2364 1297 2447 1343 est
2482 1303 2798 1358 supremum
2855 1286 3027 1341 Deum
3070 1297 3124 1346 et
3179 1287 3396 1342 Patrem
3434 1295 3611 1354 tuum,

2039 1381 2306 1452 refugium
2342 1391 2492 1434 tuum
2541 1380 2798 1451 posuisti,
2837 1378 2961 1434 ideo
2993 1394 3103 1433 non
3133 1378 3395 1435 accedent
3431 1379 3496 1434 ad
3533 1389 3609 1443 te,

2041 1489 2216 1544 neque
2250 1474 2439 1537 millia,
2476 1488 2653 1542 neque
2684 1472 2869 1527 decem
2920 1472 3109 1536 millia,
3159 1487 3258 1526 nec
3310 1473 3488 1542 laquei
3519 1487 3615 1526 ve-

2041 1567 2310 1631 nanlium,
2344 1581 2518 1635 neque
2557 1564 2702 1619 aliud
2747 1563 3024 1635 quidpiam
3072 1580 3139 1619 ex
3174 1563 3526 1619 memoratis:
3561 1571 3618 1619 et

2043 1661 2169 1730 quia
2196 1669 2275 1724 tu,
2318 1659 2563 1722 Domine,
2597 1673 2721 1728 spes
2760 1658 2865 1712 mei
2898 1674 2958 1713 es
2989 1657 3104 1712 haec
3132 1656 3363 1712 dicentis
3398 1676 3410 1710 :
3447 1656 3617 1710 Altis-

2045 1751 2237 1804 simum
2263 1751 2488 1818 posuisti
2520 1749 2780 1820 refugium
2813 1757 3001 1811 tuum;
3041 1747 3163 1803 ideo
3206 1748 3363 1800 initio
3407 1760 3617 1802 sermo—

2043 1841 2128 1897 nis
2160 1841 2226 1896 de
2256 1849 2308 1896 te
2352 1841 2599 1896 dicebam
2639 1859 2652 1892 :
2689 1839 2792 1906 Qui
2817 1839 3021 1892 habitat
3064 1839 3120 1892 in
3154 1838 3420 1908 adjutorio
3451 1838 3618 1894 Altis-

2043 1933 2183 1995 simi,
2221 1939 2314 1986 aut
2343 1949 2356 1985 :
2392 1932 2498 1999 Qui
2519 1931 2724 1985 habitat
2746 1933 2801 1985 in
2832 1931 3140 1986 abscondito
3169 1931 3453 1992 Altissimi,
3486 1931 3616 2002 quia

2043 2023 2098 2077 in
2127 2024 2344 2078 arcanis
2377 2032 2429 2078 et
2459 2023 2692 2079 occultis
2728 2032 2783 2078 te
2821 2023 3136 2078 Altissimus
3166 2023 3311 2078 sedis
3349 2031 3403 2078 et
3433 2022 3615 2078 throni

2042 2122 2351 2172 consortem
2377 2114 2575 2180 eﬂ'ecit,
2607 2124 2662 2171 te
2699 2117 2780 2171 sic
2821 2116 3106 2184 alloquens
3145 2134 3158 2169 :
3191 2113 3324 2169 Sede
3351 2133 3383 2168 a
3412 2114 3616 2170 dextris

2043 2207 2194 2270 meis,
2235 2205 2398 2260 donec
2436 2222 2629 2275 ponam
2672 2208 2912 2262 inimicos
2946 2217 3064 2261 tuos
3112 2206 3396 2262 scabellum
3429 2207 3619 2278 pedum

2046 2309 2256 2354 tuorum
2277 2301 2346 2354 ⁸⁸⁸.

2113 2457 2250 2513 Cum
2297 2467 2477 2514 autem
2505 2459 2819 2514 Altissimus
2841 2459 2933 2514 hic
2964 2475 3062 2528 pro
3093 2474 3349 2530 supremo
3374 2460 3618 2515 omnium

2044 2548 2157 2605 Deo
2185 2551 2550 2621 intelligatur;
2602 2550 2866 2606 Dominus
2920 2557 3102 2604 autem
3165 2566 3264 2620 pro
3322 2549 3460 2604 Filio
3504 2549 3619 2615 Dei,

2044 2643 2138 2712 qui
2179 2643 2519 2698 Altissimum
2553 2644 2734 2714 posuit
2767 2643 3037 2714 refugium
3080 2658 3238 2697 suum
3264 2662 3278 2710 ;
3303 2643 3429 2714 jure
3475 2641 3624 2714 Moy-

2046 2747 2135 2787 ses
2157 2732 2401 2802 ejusdem
2435 2731 2674 2802 Spiritus
2690 2732 2914 2787 numine
2934 2731 3146 2786 amatus
3175 2731 3228 2785 in
3252 2747 3449 2802 magno
3493 2746 3626 2787 can-

2044 2829 2152 2882 tico
2187 2828 2300 2882 hac
2340 2827 2524 2882 docuit
2559 2847 2572 2881 :
2605 2825 2828 2893 Quando
2869 2824 3133 2880 dividebat
3167 2825 3470 2879 Altissimus
3501 2840 3627 2896 gess-

2047 2929 2142 2983 tes,
2174 2929 2232 2974 ut
2254 2919 2634 2974 disseminabat
2667 2919 2810 2988 ﬁlios
2843 2917 3038 2981 Adam,
3071 2917 3342 2971 constituit
3376 2916 3624 2971 terminos

353 3029 607 3098 ἀριθμὸν
625 3028 895 3099 ἀγγέλων
919 3028 1087 3083 Θεοῦ.
1113 3028 1224 3084 Καὶ
1247 3027 1500 3098 ἐγενήθη
1520 3029 1702 3098 μέρος
1722 3033 1944 3098 Κυρίου

2047 3015 2380 3084 populorum,
2414 3011 2699 3068 secundum
2744 3028 3019 3066 numerum
3060 3011 3365 3081 angelorum
3409 3007 3520 3063 Dei.
3556 3007 3626 3060 Et

357 3122 506 3188 λαὸς
523 3121 706 3176 αὑτοῦ
741 3121 956 3185 Ἰακὼϐ,
981 3121 1312 3190 σχοίνισμα
1334 3123 1738 3190 κληρονομίας
1760 3120 1944 3176 αὐτοῦ

2049 3107 2195 3176 facta
2233 3114 2310 3160 est
2349 3107 2521 3174 portio
2555 3103 2770 3158 Domini
2798 3103 3020 3172 populus
3047 3103 3160 3172 ejus
3187 3100 3379 3164 Jucob,
3416 3099 3628 3167 funicu-

371 3187 629 3280 Ἰσραήλ.
656 3209 754 3264 Διά
778 3210 981 3263 τούτων
1021 3187 1151 3279 γοῦν
1201 3187 1294 3264 καὶ
1325 3214 1353 3264 6
1388 3187 1633 3280 Μωῦσῆς
1685 3187 1944 3281 Ὕψιστον

2048 3199 2130 3252 lus
2178 3196 2504 3252 hwreditatis
2561 3196 2674 3265 ejus
2742 3194 2914 3249 Israel
2956 3195 3027 3252 ⁷³.
3084 3193 3179 3247 llis
3220 3193 3362 3247 enim
3414 3190 3627 3263 Moyses

359 3303 549 3372 σαφῶς
567 3305 828 3375 προσεῖπε
870 3303 962 3356 τὸν
994 3303 1292 3372 ἀγέννητον
1323 3303 1456 3355 Θεὸν
1479 3343 1494 3366 ,
1529 3302 1850 3373 διανέμοντα
1878 3304 1944 3356 τὰ

2045 3291 2212 3345 Deum
2247 3289 2547 3359 ingenitum
2573 3287 2783 3358 liquido
2811 3286 3152 3342 Altissimum
3190 3284 3502 3354 appellavit,
3534 3282 3628 3353 qui

357 3394 454 3446 ἐπὶ
467 3395 569 3465 γῆς
592 3393 718 3465 ἔθνη
735 3397 847 3458 τοῖς
869 3393 1063 3446 ἑαυτοῦ
1090 3393 1341 3462 ἀγγέλοις
1358 3411 1371 3424 ·
1401 3394 1606 3465 Κύριον
1626 3395 1684 3448 δὲ
1707 3395 1798 3448 τὸν
1818 3395 1944 3448 Υἱδν

2045 3391 2232 3454 gentes
2293 3390 2448 3436 terra:
2505 3381 2711 3452 angelis
2769 3380 2886 3434 suis
2946 3378 3262 3441 distribuit;
3339 3375 3628 3430 Dominum

359 3486 461 3539 τοῦ
479 3485 740 3550 Θεοῦ,τδν
765 3486 916 3557 παρά
938 3484 1032 3538 τοῦ
1081 3486 1296 3556 Πατρὸς
1326 3485 1417 3539 τὸν
1453 3485 1666 3557 Ἰσραὴλ
1695 3486 1944 3540 ὑποδεδε-

2043 3489 2174 3529 vero
2222 3471 2420 3526 Filium
2469 3471 2587 3540 Dei,
2622 3471 2716 3542 qui
2767 3470 3020 3526 lsraelem
3063 3485 3092 3522 a
3145 3468 3307 3523 Patre
3365 3467 3627 3536 suscepit.

363 3576 588 3647 γμένον.
620 3577 792 3640 Αὐτὸς
813 3577 857 3630 δ’
881 3573 974 3629 οὖν
994 3568 1149 3638 οὗτος
1180 3578 1208 3628 6
1233 3576 1437 3649 Κύριος
1467 3577 1557 3630 καὶ
1583 3576 1671 3630 διὰ
1684 3577 1792 3630 τῶν
1816 3594 1946 3649 προ-

361 3667 628 3738 κειμένων
658 3669 716 3720 ὲν
747 3666 966 3738 βοηθείᾳ
989 3665 1082 3718 τοῦ
1116 3664 1376 3734 Ὑψίστου
1405 3670 1682 3722 κατοικεῖν
1707 3669 1942 3738 ἐλέγετο,

362 3760 689 3829 καταφυγήν
715 3776 776 3811 τε
808 3759 1001 3812 ἑαυτοῦ
1027 3759 1116 3813 τὸν
1139 3759 1407 3828 ’Υψιστον
1427 3758 1720 3823 τεθεῖσθαι,
1747 3759 1946 3833 δηλαδὴ

359 3847 453 3899 τὸν
481 3847 674 3900 ἑαυτοῦ
728 3847 976 3918 Πατέρα.
1011 3847 1104 3900 Διὸ
1136 3847 1383 3900 λέλεκται
1418 3848 1554 3918 πρὸς
1583 3850 1774 3903 αὐτόν’
1828 3851 1948 3904 ’Ὁτι

362 3939 445 3992 σὺ
469 3980 484 4004 ,
510 3940 686 4006 Κύριε
705 3979 719 4003 ,
755 3940 931 4005 ἐλπίς
957 3958 1113 4009 μου,
1139 3940 1247 3994 τὸν
1278 3941 1568 4008 Ὕψιστον
1594 3942 1733 3996 ἔθου
1764 3959 1945 3998 κατα-

363 4025 568 4097 φυγήν
595 4042 731 4082 σου.
792 4029 942 4081 Ἐπεὶ
967 4029 1024 4083 δὲ
1068 4029 1497 4100 Ἰουδαῖκώτερον
1524 4031 1553 4082 6
1595 4030 1824 4096 Ἀκύλας
1855 4034 1948 4086 καὶ

365 4119 393 4171 6
418 4118 710 4191 Σύμμαχος
737 4121 838 4191 τὴν
869 4121 1162 4200 ἑρμηνείαν
1193 4122 1534 4176 ὲκτεθείκασι
1555 4163 1568 4186 ,
1607 4123 1948 4196 ὑφορώμενοι

366 4212 426 4265 τὸ
461 4215 591 4283 περὶ
632 4213 725 4267 τοῦ
773 4213 1023 4283 Ὑψίστου
1058 4214 1153 4266 καὶ
1187 4215 1431 4286 περὶτοῦ
1459 4215 1664 4285 Κυρίου
1695 4217 1948 4272 ἀποδεδο-

369 4305 529 4376 μένον
561 4307 692 4378 ήμῖν
733 4307 941 4378 δόγμαο
979 4307 1073 4360 καὶ
1103 4308 1132 4359 6
1180 4308 1278 4378 μὲν
1333 4307 1563 4372 Ἀκύλας
1606 4311 1951 4380 ήρμήνευσεν

365 4395 565 4450 είπώνο
601 4397 729 4450 Ὅτι
759 4397 860 4459 σὺ,
884 4398 1080 4465 Κύριε,
1113 4397 1288 4464 ἐλπίς
1310 4416 1462 4468 μου,
1516 4399 1781 4467 ὕψιστον
1823 4400 1953 4469 ἔθη-

2044 3564 2144 3621 llic
2193 3581 2322 3638 ergo
2374 3568 2492 3636 ipse
2567 3563 2830 3618 Dominus
2902 3563 2958 3616 in
3023 3559 3296 3629 adiutorio
3362 3556 3629 3612 Altissimi

2045 3658 2290 3714 habitare
2362 3657 2750 3719 alIirmabatur,
2823 3662 2878 3709 et
2949 3652 3291 3706 Altissimum
3377 3651 3632 3720 posuisse

2043 3750 2310 3821 refugium
2359 3765 2540 3815 suum,
2581 3747 2835 3802 videlicet
2881 3745 3096 3798 Patrem
3141 3759 3322 3799 suum.
3356 3743 3632 3808 Quamob-

2044 3859 2158 3899 rem
2198 3842 2403 3898 dictum
2464 3849 2548 3898 est
2605 3841 2683 3896 illi
2741 3859 2753 3895 :
2810 3839 3076 3906 Quoniam
3129 3847 3186 3891 tu
3246 3853 3322 3897 es,
3387 3834 3628 3898 Domine,

2045 3949 2159 4002 spes
2193 3949 2328 3995 mea,
2359 3932 2694 3987 Altissimum
2725 3927 2953 3999 posuisti
2990 3925 3253 3996 refugium
3291 3936 3458 3979 tuum.
3491 3922 3631 3990 Quia

2045 4040 2175 4081 vero
2239 4024 2436 4096 Aquila
2485 4031 2539 4078 et
2585 4021 2946 4093 Symmachus
3001 4017 3165 4072 modo
3220 4016 3287 4071 ad
3345 4015 3632 4070 .Iudaicarn

2048 4117 2376 4172 sententiam
2438 4115 2665 4186 propius
2721 4113 3021 4169 accedente
3079 4109 3420 4179 interpretati
3479 4117 3630 4173 sunt,

2051 4203 2359 4258 doctrinam
2395 4218 2426 4256 a
2457 4203 2617 4257 nobis
2648 4202 2714 4256 de
2745 4202 3028 4257 Altissimo
3063 4208 3116 4254 et
3147 4199 3214 4254 de
3249 4198 3480 4252 Domino
3522 4207 3636 4251 tra-

2049 4293 2217 4348 ditam
2267 4302 2578 4364 suspectam
2622 4293 2929 4358 habentes;
2967 4291 3163 4362 Aquila
3218 4291 3363 4346 eliim
3428 4288 3632 4350 cllidis,

2053 4385 2312 4451 Quoniam
2339 4395 2415 4450 tu,
2465 4383 2708 4448 Domine,
2744 4400 2860 4452 spes
2920 4401 3058 4445 mea,
3110 4382 3432 4436 altissimum
3480 4380 3634 4448 posui

367 4504 447 4541 κα
498 4487 955 4556 κατοικητήριόν
986 4501 1134 4541 σου’
1179 4490 1207 4540 6
1250 4487 1306 4540 δὲ
1349 4489 1670 4559 Σύμμαχος
1708 4491 1792 4543 Σὺ
1819 4491 1944 4560 γὰρ,

2055 4477 2419 4531 habitaculum
2478 4485 2666 4540 tuum;
2715 4475 3078 4546 Symmachus
3129 4487 3290 4535 vero,
3351 4470 3428 4524 Tu
3471 4470 3632 4533 enim,

2068 4569 2195 4591 n----
2247 4569 2438 4591 cJ----_
2471 4586 2584 4591 ----_
2640 4567 2951 4591 _I.:--:-....--
3001 4566 3224 4591 ---μεμε
3260 4563 3632 4591 ’.ηιεοηιὲωηηκο

369 4578 497 4644 Θεὲ,
529 4579 747 4648 ἀφοϐία
785 4597 931 4648 μου,
965 4580 1238 4647 ὐψίστην
1270 4579 1412 4635 ἔθου
1450 4579 1564 4646 τὴν
1596 4581 1954 4647 κατοίκησίν

2056 4569 2218 4628 Deus.
2239 4569 2438 4639 fiducia
2467 4586 2605 4632 mea,
2632 4567 2955 4622 altissimam
2999 4566 3225 4636 posuisti
3254 4563 3635 4617 habitationem

367 4687 512 4727 σου·
549 4671 813 4743 τηρητέον
853 4670 1069 4742 πρῶτον
1102 4671 1199 4742 μὲν
1224 4709 1240 4733 ,
1284 4670 1358 4733 ὡς
1401 4671 1434 4741 ἡ
1475 4670 1696 4741 πέμπτη
1743 4670 1944 4734 ἕκδοσις

2055 4673 2232 4722 tuam;
2264 4661 2662 4716 observandum
2696 4659 2873 4730 primo
2892 4665 2996 4721 est,
3025 4657 3277 4727 quintam
3342 4653 3634 4709 editionem

369 4764 584 4835 συνᾴδει
616 4766 729 4826 τοῖς
761 4763 1194 4833 Ἐϐδομήκοντα,
1237 4762 1458 4831 φήσασα
1488 4760 1583 4813 καὶ
1607 4760 1741 4831 αὐτή
1761 4776 1775 4790 ο
1825 4760 1944 4819 Ὅτι

2056 4750 2407 4822 Septuaginta
2435 4750 2831 4820 lnterpretibus
2859 4748 3133 4814 accinere,
3165 4761 3290 4800 nam
3321 4757 3374 4799 et
3405 4746 3524 4815 ipsa
3553 4743 3635 4799 sic

367 4855 471 4919 σὺ,
497 4856 695 4923 Κύριε,
719 4855 892 4919 ἐλπίς
917 4870 1056 4922 μου,
1083 4852 1190 4906 τὸν
1216 4854 1505 4920 Ὕψιστον
1527 4851 1668 4906 ἔθου
1698 4867 1944 4920 καταφυ-

2051 4843 2236 4907 babet,
2270 4843 2531 4908 Quoniam
2568 4851 2645 4906 tu,
2694 4840 2938 4905 Domine,
2971 4855 3084 4910 spes
3134 4855 3272 4903 mea,
3310 4837 3634 4892 altissimum

367 4946 485 5016 γῆν
512 4960 630 5000 σου
652 4962 665 4974 ⁸
701 4944 984 5016 δεύτερον,
1018 4944 1094 5008 ὡς
1126 4946 1160 5014 ἠ
1201 4943 1466 5016 Ἐϐραῖκὴ
1504 4942 1690 5014 φωνὴ,
1740 4942 1944 4996 Ἐλίων

2051 4935 2280 5003 posuisti
2327 4934 2590 5004 refugium
2647 4943 2796 4987 tuum
2839 4948 2858 4996 ;
2897 4931 3159 4997 secundo,
3192 4929 3510 4985 Hebraicam
3538 4943 3636 4983 vo-

367 5037 697 5110 περιέχουσα
729 5036 821 5089 τὸν
853 5035 1111 5105 Ὕψιστον
1133 5035 1302 5104 δηλοῖ.
1334 5033 1581 5104 Εὖρομεν
1611 5031 1744 5102 γοῦν
1768 5034 1824 5085 ὲν
1851 5038 1944 5096 νς¹

2055 5042 2195 5090 cem,
2223 5041 2344 5096 qua:
2382 5025 2540 5078 Elian
2568 5024 2731 5079 habet
2748 5023 3081 5078 Altissimum
3103 5021 3428 5092 signiﬁcare.
3464 5019 3520 5075 In
3548 5034 3636 5075 LVI

366 5129 566 5201 ψαλμῷ
595 5129 843 5200 κείμενον
868 5128 929 5181 τὸ
949 5169 962 5192 ,
983 5127 1351 5196 Κεκράξομαι
1376 5127 1526 5195 πρὸς
1547 5125 1653 5179 τὸν
1673 5125 1820 5180 Θεὸν
1844 5124 1944 5178 τὸν

2054 5118 2197 5176 enim
2214 5117 2423 5188 psalmo
2439 5117 2518 5171 sic
2532 5130 2851 5186 expressum
2868 5113 3174 5169 invenimus
3191 5115 3236 5144 "
3257 5132 3268 5166 :
3296 5111 3550 5167 Clamabo
3567 5111 3636 5165 ad

367 5222 662 5290 ὕψιστον·
699 5220 828 5274 ἔνθα
862 5220 980 5274 ἀντὶ
1011 5217 1104 5272 τοῦ
1129 5259 1141 5282 ,
1169 5217 1274 5270 τὸν
1307 5217 1604 5286 ὕψιστον,
1635 5217 1701 5269 τὸ
1731 5215 1944 5290 Ἐβραϊ-

2055 5208 2223 5264 Deum
2252 5207 2571 5262 altissimum
2604 5223 2622 5260 :
2661 5207 2752 5262 ubi
2778 5221 2877 5276 pro
2903 5205 3018 5269 illo,
3045 5203 3384 5268 altissimum,
3411 5202 3637 5258 Hebrai-

369 5287 464 5369 κδν
530 5313 743 5367 Ἐλίων
797 5312 1062 5382 περιέχει,
1111 5311 1186 5375 ὼς
1232 5311 1326 5374 καὶ
1387 5311 1480 5362 ἐπὶ
1530 5309 1623 5364 τοῦ
1663 5287 1944 5381 παρόντος.

2056 5315 2180 5353 eum
2206 5299 2500 5368 exemplar,
2528 5297 2705 5358 Elian,
2739 5292 3074 5359 circumfert,
3098 5302 3159 5348 ut
3184 5301 3239 5348 et
3273 5294 3326 5346 in
3359 5292 3633 5360 prmsenti.

370 5406 485 5458 Οὐκ
513 5405 619 5475 ἄρα
647 5403 751 5475 χρὴ
783 5402 1137 5474 βιαζομένους
1174 5403 1274 5473 τὴν
1301 5399 1565 5470 ἀλήθειαν.
1584 5397 1944 5469 διαστρέφειν.

2052 5390 2172 5445 Non
2207 5399 2421 5460 oportet
2449 5404 2580 5460 ergo
2611 5387 2869 5443 violentia
2899 5393 3118 5441 utentes
3168 5385 3452 5440 veritatem
3482 5401 3638 5440 ever-

370 5493 482 5550 Καὶ
733 5472 822 5555 δέ,
853 5493 1009 5563 εῐπερ
1048 5489 1187 5544 κατά
1221 5472 1312 5552 τὸν
1359 5487 1589 5541 Ἀκύλαν
1626 5487 1764 5559 πρὸς
1792 5485 1944 5539 αὑτὸν

2056 5490 2192 5537 tere.
2224 5479 2291 5535 Et
2318 5479 2559 5549 alioquin
2580 5479 2627 5533 si
2651 5475 2953 5534 secundum
2981 5475 3234 5546 Aquilam
3270 5474 3372 5544 ipsi
3402 5472 3637 5530 Domino

372 5585 465 5638 τὸν
515 5583 717 5656 Κύριον
769 5582 1040 5647 λέλεκται,
1147 5582 1274 5634 Ὅτι
1329 5578 1448 5642 σὺ,
1514 5579 1727 5647 Κύριε,
1779 5576 1944 5642 ἐλπίς

2055 5574 2262 5630 dictum
2297 5573 2388 5641 sit,
2421 5572 2685 5640 Quoniam
2718 5579 2773 5624 tu
2798 5586 2876 5636 es,
2900 5567 3143 5636 Domine,
3177 5582 3290 5636 spes
3322 5583 3458 5631 mea,
3481 5565 3634 5621 altis-

369 5695 511 5749 μου,
583 5675 848 5744 ὕψιστον
897 5674 1083 5742 ἔθηκα
1130 5671 1474 5742 οἰκητήριον
1519 5683 1667 5726 σου·
1725 5667 1758 5740 ἢ
1814 5667 1944 5722 κατὰ

2057 5667 2252 5722 simum
2299 5666 2452 5736 posui
2505 5663 2867 5721 habitaculum
2934 5671 3117 5726 tuum;
3177 5666 3270 5714 aut
3334 5657 3635 5717 secundum

445 5832 490 5863 "
529 5828 674 5888 πεδί.
710 5844 832 5894 crx,
868 5829 918 5888 1.
993 5828 1040 5860 ’³
1082 5825 1234 5884 Deut.
1270 5841 1418 5883 xxxii
1444 5866 1457 5886 ,
1497 5827 1548 5884 8.
1588 5825 1640 5879 9.
1719 5826 1764 5857 ⁷⁵
1819 5823 1963 5880 Psal.
1997 5839 2085 5882 Lvt
2154 5823 2212 5884 5,
