4068 6394
474 373 609 429 “51

1152 363 1423 421 EUSEBH
1462 364 1941 421 CIESARIENSIS
1980 364 2128 423 OPP.
2166 363 2347 419 PARS
2384 363 2469 422 ΙΙΙ.
2508 394 2580 404 -—-
2616 361 3028 418 EKEGETICA.

3581 361 3727 417 1152

470 485 877 558 Symmachum,
911 484 988 537 Tu
1020 484 1179 547 enim,
1212 482 1371 545 Deus,
1414 482 1612 552 ﬁducia
1662 501 1800 547 mea,
1845 483 2036 538 altissi-

2152 484 2240 538 τὸν
2258 484 2571 555 Σύμμαχον,
2594 481 2677 536 Σὺ
2693 478 2822 550 γὰρ,
2841 481 3034 547 Κύριε,
3062 477 3279 548 ἀφοϐία
3293 496 3433 549 μου,
3456 480 3728 550 ὑψίστην

468 594 612 631 mam
650 578 874 648 posuisti
916 575 1298 628 habitationem
1334 583 1516 637 tuam;
1545 586 1598 629 et
1629 590 1832 639 sermo,
1864 584 1923 628 ut
1952 573 2047 628 Ju-

466 669 569 725 dzni
596 671 910 740 opinantur,
962 668 1029 722 ad
1080 667 1248 722 Deum
1299 669 1681 724 universorum
1728 667 2042 723 referatur:

465 776 566 815 cur
613 761 869 830 deinceps
929 760 1167 822 additur,
1226 758 1526 814 secundum
1579 759 1853 829 Aquilam.
1920 758 2044 813 Non

464 852 837 919 importabitur
865 850 957 903 tibi
982 851 1210 914 malitia,
1244 860 1294 903 et
1324 850 1483 919 plaga
1512 867 1617 903 non
1651 850 2045 919 appropinqua-

465 941 538 995 bit
572 952 861 1015 tegumento
892 952 1003 1006 tuo,
1026 943 1275 1012 quoniam
1304 943 1505 1013 angelis
1546 944 1660 1007 suis
1688 945 1958 1012 prwcipiet
1986 952 2045 996 ut

462 1035 766 1089 custodiant
810 1044 857 1088 te
896 1036 951 1087 in
1002 1035 1242 1089 omnibus
1273 1036 1369 1088 viis
1404 1038 1528 1090 tuis.
1558 1035 1626 1089 In
1668 1034 1908 1090 manibus
1945 1035 2045 1089 tol-

462 1127 569 1181 lent
604 1140 673 1190 te,
707 1143 768 1180 ne
797 1127 933 1196 forte
977 1127 1211 1196 o/fendat
1239 1128 1294 1181 in
1340 1127 1514 1197 lapide
1540 1143 1628 1197 pes
1661 1138 1815 1192 tuus;
1848 1143 2047 1183 secun-

460 1219 589 1272 dum
648 1218 1031 1290 Symmachum
1081 1236 1231 1284 vero,
1287 1231 1412 1290 post
1459 1221 1616 1284 illud,
1667 1221 1770 1299 lla,
1797 1220 2041 1283 Domine,

461 1309 661 1377 ﬁducia
692 1328 827 1375 mea,
854 1311 1175 1365 altissimam
1198 1313 1423 1379 posuisti
1455 1312 1832 1367 habitationem
1860 1323 2041 1377 tuam;

462 1416 569 1469 qua
594 1400 662 1455 de
691 1417 861 1455 causa
890 1401 1334 1471 subjicitur,Non
1363 1404 1665 1473 prwvalebit
1695 1404 1971 1458 adversum
1995 1417 2043 1460 le

462 1493 684 1561 malum,
712 1510 873 1561 neque
902 1494 1058 1563 plaga
1095 1496 1533 1566 appropinquabit
1566 1498 1905 1551 tabernaculo
1929 1508 2037 1553 tuo.

462 1584 726 1649 Quoniam
771 1587 969 1656 angelis
1008 1587 1120 1639 suis
1160 1587 1435 1641 mandabit
1459 1588 1523 1643 de
1553 1599 1620 1653 te,
1652 1602 1709 1643 ut
1740 1590 2040 1644 custodiant

460 1687 508 1731 te
540 1678 597 1730 in
627 1677 866 1731 omnibus
893 1680 987 1732 uiis
1019 1680 1147 1732 tuis.
1183 1677 1249 1730 In
1280 1680 1523 1733 manibus
1565 1680 1842 1750 gestabant
1882 1691 1948 1743 te,
1984 1690 2041 1747 ut

459 1786 523 1822 ne
555 1769 819 1838 impingas
872 1771 926 1823 in
981 1770 1209 1839 lapidem
1248 1770 1374 1839 pede
1419 1776 1549 1827 tuo?
1576 1772 1700 1827 "are
1735 1776 1934 1844 quippe
1972 1774 2039 1829 de

2149 574 2289 628 ἔθου
2316 573 2429 641 τὴν
2456 572 2699 640 οἴκησίν
2742 587 2859 625 σου
2878 588 2890 599 ⁸
2924 569 3256 641 ἀναφέρεταί
3287 587 3348 622 τε
3372 571 3401 622 ὁ
3430 570 3619 638 λόγος,
3648 572 3730 636 ὡς

2146 664 2211 719 ἂν
2238 667 2471 737 οἰηθεῖεν
2512 665 2780 719 Ἰουδαίων
2806 663 3009 727 παῖδες,
3038 663 3131 716 ἐπὶ
3158 664 3246 717 τὸν
3270 662 3375 716 τῶν
3408 662 3544 716 ὅλων
3569 663 3723 727 Θεὸν,

2146 760 2264 824 πῶς
2299 759 2565 829 συνῆπται
2600 758 2725 829 ἑξῆς
2774 757 2914 811 κατὰ
2950 756 3048 827 μὲν
3087 757 3179 809 τὸν
3231 755 3461 809 Ἀκύλαν
3506 754 3600 819 τὸ,
3642 758 3727 809 Οὐ

2140 852 2579 922 μεταχθήσεται
2609 850 2756 919 πρὸς
2776 850 2850 903 σὲ
2879 849 3059 903 κακία
3078 888 3093 913 ,
3118 847 3215 901 καὶ
3245 846 3368 916 ἁφὴ
3403 850 3513 901 οὐκ
3545 846 3729 916 ἐγγιεῖ

2144 948 2213 1000 ἐν
2243 945 2442 1013 σκέπῃ
2472 958 2588 998 σου
2607 960 2621 974 ο
2653 943 2741 996 ὅτι
2778 941 3057 1011 ἀγγέλοις
3083 941 3269 995 αὑτοῦ
3294 939 3618 993 ἐντελεῖταί
3649 955 3727 994 σε

2144 1036 2410 1108 φυλάξαι
2430 1036 2501 1089 ἐν
2524 1034 2750 1099 πάσαις
2772 1033 2934 1099 ὁδοῖς
2958 1048 3096 1087 σου.
3140 1032 3265 1085 Ἐπὶ
3287 1029 3526 1099 ταρσῶν
3554 1030 3728 1098 ἀροῦ-

2144 1149 2228 1195 σι,
2257 1131 2489 1200 μήποτε
2528 1130 2849 1196 προσκόψῃ
2871 1127 2941 1179 ἐν
2970 1127 3117 1190 λίθῳ
3144 1128 3177 1178 ὁ
3210 1124 3365 1191 ποῦς
3396 1139 3511 1176 σου
3531 1139 3544 1153 ·
3577 1121 3718 1175 κατὰ

2142 1222 2199 1275 δὲ
2226 1222 2319 1274 τὸν
2342 1220 2658 1290 Σύμμαχον,
2694 1216 2830 1288 μετὰ
2851 1216 2911 1269 τὸ
2929 1257 2943 1280 ,
2968 1216 3082 1279 Σὺ,
3106 1216 3312 1283 Κύριε,
3340 1214 3557 1283 ἀφοϐία
3577 1230 3714 1281 μου,

2143 1316 2416 1383 ﬁgi-{0'th
2447 1314 2587 1368 ἔθου
2619 1311 2732 1381 τὴν
2762 1310 3006 1378 οἴκησίν
3053 1324 3199 1363 σου·
3256 1307 3373 1371 πῶς
3411 1306 3722 1373 ὲπιλέγεται

2142 1409 2222 1470 τὸ,
2251 1410 2334 1462 Οὐ
2366 1407 2722 1475 κατισχύσει
2754 1420 2870 1457 σου
2899 1402 3121 1458 κακόν.
3162 1399 3303 1455 οὐδὲ
3328 1400 3451 1467 ἁφὴ
3496 1398 3723 1467 ἐγγίσει

2142 1499 2214 1567 τῇ
2238 1498 2441 1567 σκηνῇ
2467 1514 2603 1553 σου.
2638 1498 2766 1550 ’Ὅτι
2792 1495 2916 1561 τοῖς
2930 1494 3208 1563 ἀγγέλοις
3235 1490 3561 1545 ἐντελεῖται
3589 1489 3723 1557 περὶ

2141 1592 2257 1647 σοῦ
2278 1591 2626 1661 φυλάσσειν
2648 1606 2720 1643 σε
2740 1590 2809 1642 ἐν·
2833 1587 3058 1652 πάσαις
3074 1585 3203 1651 ταῖς
3223 1584 3384 1650 ὁδοῖς
3409 1598 3544 1637 σου.
3590 1580 3723 1635 Ἐπὶ

2140 1685 2354 1755 χειρῶν
2367 1684 2762 1749 βαστάσουσί
2789 1697 2883 1744 σε,
2911 1682 3011 1733 ἵνα
3034 1679 3119 1748 μὴ
3150 1678 3503 1746 προσπαίσῃ
3530 1676 3601 1729 ἐν
3623 1674 3722 1728 λί-

2140 1782 2220 1842 θῳ
2246 1777 2384 1830 ποδί
2414 1792 2565 1839 σου;
2614 1774 2801 1827 Ταῦτα
2837 1772 2946 1844 γὰρ
2989 1771 3126 1843 πρὸς
3157 1770 3249 1823 τὸν
3273 1769 3382 1822 τῶν
3427 1767 3563 1821 ὅλων
3590 1766 3724 1819 Θεὸν

459 1858 572 1913 Deo
630 1860 1011 1915 universorum
1059 1862 1204 1917 dicta
1256 1872 1467 1931 putare.
1497 1865 1589 1933 qui
1643 1879 1751 1919 non
1790 1866 2034 1919 omnium

2143 1870 2397 1939 λέγεσθαι
2432 1868 2547 1931 πῶς
2587 1868 2687 1919 οὐκ
2718 1865 2784 1918 ἂν
2816 1865 2900 1933 εἴη
2933 1865 3149 1917 πάντων
3187 1860 3586 1924 ἀσεϐέστατον;
3626 1859 3724 1921 Τίς

460 1950 846 2019 impiissimum
899 1952 1099 2006 fuerit?
1124 1952 1262 2020 Quis
1301 1956 1447 2008 enim
1490 1957 1695 2025 angelis
1728 1957 1843 2012 suis
1885 1973 2039 2010 man-

456 2041 549 2096 det
588 2042 656 2097 de
708 2042 815 2097 Deo
868 2045 1271 2107 universorum,
1331 2054 1391 2099 ut
1451 2048 1761 2103 custodiant
1807 2066 1930 2103 eum
1984 2051 2040 2107 in

456 2135 711 2189 onmibus
764 2136 867 2190 viis
912 2136 1119 2205 ipsius?
1148 2145 1243 2193 aut
1291 2139 1566 2206 quomodo
1590 2139 1899 2209 Deum,qui
1943 2158 2040 2196 su-

456 2241 552 2295 pra
581 2227 765 2280 omnia
798 2234 905 2293 est,
948 2229 1200 2284 manibus
1231 2231 1541 2300 gestabunt,
1575 2240 1635 2285 ut
1664 2246 1773 2286 non
1803 2232 2041 2287 oﬂ‘endat

456 2318 523 2370 ad
558 2317 790 2387 lapidem
830 2333 927 2388 pes
958 2318 1118 2387 ejus?
1155 2320 1222 2377 At
1272 2318 1424 2375 vides
1452 2337 1559 2375 non
1592 2322 1760 2377 licere
1797 2338 1894 2392 per
1923 2339 2042 2378 ser-

455 2407 634 2463 monis
684 2408 903 2472 seriem,
952 2410 1066 2463 haec
1114 2411 1181 2465 ad
1234 2428 1523 2481 personam
1575 2413 1687 2478 Dei,
1735 2416 1827 2485 qui
1872 2432 2041 2487 supra

454 2502 637 2552 omnia
684 2508 789 2566 est,
823 2500 1031 2556 referre
1062 2521 1074 2557 :
1110 2518 1286 2572 neque
1336 2505 1463 2559 item
1504 2506 1759 2575 superius
1792 2508 1936 2563 dicta
1973 2509 2040 2563 ab

453 2588 568 2655 illo,
597 2588 861 2654 Quoniam
882 2593 991 2660 ipse
1027 2593 1269 2647 liberabit
1312 2605 1360 2648 te
1397 2596 1460 2649 de
1491 2596 1677 2667 laqueo
1711 2600 2036 2663 venantium,

455 2698 487 2734 a
535 2681 686 2736 verba
735 2683 1055 2740 turbulento.
1091 2685 1149 2741 In
1185 2688 1415 2753 scapulis
1446 2690 1556 2751 suis
1583 2689 1916 2743 obumbrabit
1946 2690 2041 2743 tibi

452 2782 502 2826 et
532 2773 627 2827 sub
653 2776 834 2842 pennis
864 2777 976 2844 ejus
1003 2780 1257 2845 sperabis,
1275 2786 1327 2832 et
1346 2788 1542 2835 caetera
1567 2797 1689 2850 qum
1711 2794 2035 2851 sequuntur.

523 2866 680 2930 Quod
728 2868 774 2922 si
817 2868 943 2937 quis
984 2868 1098 2923 haec
1138 2871 1369 2939 accipiat
1403 2872 1469 2926 de
1508 2872 1732 2927 Christo
1772 2872 1888 2936 Dei,
1945 2876 2039 2942 qui

450 2952 562 3020 hic,
592 2965 651 3009 ut
690 2957 853 3010 etiam
886 2958 1037 3024 alibi,
1070 2957 1334 3019 Dominus
1365 2970 1624 3028 vocatur,
1661 2965 1707 3019 is
1734 2980 1843 3019 non
1876 2967 2036 3021 aber-

2141 1960 2213 2027 γὰ
2220 1977 2250 2029 ρ
2272 1960 2299 2010 ὁ
2322 1962 2432 2021 τοῖς
2462 1956 2711 2024 ἀγγέλοις
2733 1953 2896 2007 αὑτοῦ
2922 1951 3297 2022 ἐντελλόμενος
3326 1952 3453 2022 περὶ
3473 1949 3566 2003 τοῦ
3584 1947 3724 2001 Θεοῦ

2140 2050 2247 2103 τῶν
2273 2050 2427 2111 ὅλων,
2455 2048 2594 2101 ὥστε
2627 2046 2916 2116 φυλάττειν
2936 2045 3097 2099 αὐτὸν
3130 2044 3188 2095 ὲν
3219 2044 3420 2107 πάσαις
3444 2046 3564 2105 ταῖς
3582 2041 3725 2103 ὁδοῖς

2140 2141 2336 2206 αὑτοῦ;
2384 2143 2416 2212 ἢ
2450 2140 2567 2204 πῶς
2610 2139 2700 2193 τὸν
2737 2138 2831 2191 ἐπὶ
2862 2138 3078 2192 πάντων
3103 2138 3235 2191 Θεὸν
3273 2136 3589 2208 ἐπιχειρῶν
3629 2136 3727 2205 βα-

2142 2236 2429 2288 στάσουσιν
2455 2275 2471 2299 ,
2521 2234 2607 2286 ἵνα
2661 2232 2735 2304 μὴ
2786 2229 3103 2303 προσπαίσῃ
3133 2227 3267 2297 λίθῳ
3294 2230 3323 2281 ὀ
3352 2227 3485 2290 ποῦς
3521 2225 3721 2291 αὐτοῦς

2153 2324 2292 2376 Ἀλλ’
2318 2325 2450 2395 ὁρᾷς
2469 2364 2483 2387 ,
2514 2324 2589 2387 ὡς
2618 2326 2646 2376 ό
2680 2323 2840 2392 λόγος
2872 2323 2973 2375 οὐκ
3006 2320 3293 2392 ἐπιτρέπει
3318 2320 3399 2382 είς
3432 2318 3724 2389 πρόσωπον

2139 2412 2232 2465 τοῦ
2260 2415 2350 2465 ἐπὶ
2379 2413 2595 2466 πάντων
2633 2414 2765 2466 Θεοῦ
2803 2413 2977 2467 ταῦτα
3006 2409 3404 2482 ἁναφένρεσθαισ
3434 2409 3557 2462 ἐπεὶ
3590 2408 3726 2479 μηδὲ

2139 2505 2208 2558 τὰ
2231 2505 2487 2577 ἀνωτέρω
2512 2505 2620 2557 ἀπὸ
2644 2504 2737 2558 τοῦ
2753 2546 2768 2571 ,
2801 2506 2922 2557 Ὅτι
2951 2505 3134 2570 αὐτὸς
3153 2502 3408 2571 ῥύσεταί
3430 2517 3503 2555 σε
3522 2501 3593 2554 ἐκ
3615 2514 3731 2555 πα-

2140 2598 2304 2669 γίδος
2332 2596 2654 2664 θηρευτῶν,
2684 2597 2803 2651 ἀπὸ
2835 2599 3021 2666 λόγου
3051 2594 3455 2665 ταραχώδους.
3474 2596 3577 2647 Ἐν
3598 2594 3726 2661 τοίζ·

2135 2688 2527 2758 μεταφρένοις
2568 2688 2753 2741 αὐτοῦ
2790 2687 3136 2742 ἐπισκιάσει
3166 2703 3297 2751 σοι,
3334 2687 3433 2740 καὶ
3470 2686 3589 2741 ὑπὸ
3615 2685 3727 2753 τὰς

2140 2778 2438 2847 πτέρυγας
2464 2778 2650 2832 αὐτοῦ
2687 2778 2914 2844 ἐλπιεῖς
2933 2818 2948 2844 ,
2988 2780 3082 2831 καὶ
3110 2777 3176 2831 τὰ
3202 2778 3415 2843 τούτοις
3458 2778 3723 2848 ἑπόμενα.

2216 2873 2278 2924 Ei
2301 2872 2357 2924 δέ
2379 2890 2462 2935 τις
2492 2872 2661 2925 ταῦτα
2688 2872 2909 2925 ἐκλάϐοι
2937 2874 3029 2924 ἐπὶ
3058 2873 3148 2925 τὸν
3178 2873 3413 2945 Χριστὸν
3438 2872 3533 2925 τοῦ
3560 2871 3723 2938 Θεοῦ,

2140 2966 2236 3018 καὶ
2260 2965 2494 3020 ἐνταῦθα
2534 2968 2767 3038 Κύριον,
2820 2966 3008 3037 ὥσπερ
3038 2962 3131 3020 οὖν
3160 2967 3255 3021 καὶ
3284 2969 3342 3020 ὲν
3380 2966 3560 3030 ἄλλοις
3588 2967 3722 3019 ὠνο-

450 3047 654 3101 ravcrit
696 3063 729 3101 a
781 3064 909 3104 vero
952 3069 964 3104 :
1002 3065 1129 3103 nam
1176 3050 1468 3121 Apostolus
1501 3070 1719 3124 quoque
1744 3057 1859 3110 ait:
1892 3055 2036 3112 Unus

2145 3058 2419 3128 μασμένον
2440 3098 2454 3121 ,
2478 3058 2578 3111 οὐκ
2618 3058 2683 3111 ἂν
2713 3058 3001 3129 διαμάρτοι
3026 3059 3126 3128 τῆς
3155 3058 3413 3130 ἀληθείας
3431 3076 3444 3089 °
3476 3060 3598 3111 ἐπεὶ
3628 3060 3729 3112 καὶ

450 3137 595 3192 Deus
638 3154 703 3193 ex
744 3156 845 3210 quo
893 3143 1091 3207 omnia,
1128 3154 1178 3197 et
1222 3160 1357 3199 unus
1426 3145 1686 3203 Dominus
1745 3165 1835 3217 per
1885 3168 2036 3221 quem

2140 3152 2168 3201 ό
2203 3149 2556 3211 Ἀπόστολος,
2590 3143 2695 3214 Εἷς
2723 3148 2902 3214 Θεὸς,
2935 3148 3006 3214 ἐξ
3030 3145 3103 3204 οὗ
3134 3150 3205 3203 τὰ
3242 3148 3437 3202 πάντα
3458 3189 3473 3213 ,
3510 3150 3606 3203 καὶ
3636 3145 3727 3215 εἷς

452 3231 730 3285 omnia":
768 3247 831 3286 ac
855 3248 1097 3297 rursum,
1132 3234 1278 3289 Unus
1332 3236 1607 3300 Dominus,
1657 3239 1869 3309 inquit,
1929 3258 2035 3298 una

2139 3240 2349 3306 Κύριος
2370 3280 2383 3303 ,
2416 3239 2491 3292 δι’
2527 3234 2598 3293 οὗ
2626 3240 2699 3293 τὰ
2730 3238 2953 3293 πάντασ
2987 3241 3082 3294 καὶ
3125 3239 3287 3294 πάλιν
3307 3279 3323 3305 ,
3355 3238 3456 3306 Εἷς
3488 3242 3723 3309 Κύριος,

452 3323 606 3391 ﬁdes,
650 3340 814 3377 unum
853 3324 1138 3395 baptisma.
1192 3327 1337 3383 Unus
1390 3329 1554 3395 Deus,
1599 3332 1688 3399 qui
1746 3343 1826 3385 est
1883 3349 2036 3400 super

2139 3331 2291 3401 φησὶ,
2311 3332 2419 3399 μία
2435 3333 2657 3398 πίστις,
2679 3332 2749 3386 ἐν
2759 3334 3095 3403 βάπτισμα.
3118 3335 3164 3385 Ε
3170 3329 3225 3400 ἲς
3243 3333 3388 3399 Θεὸς
3409 3336 3440 3387 ὀ
3455 3334 3552 3386 ἐπὶ
3575 3333 3727 3387 πάν-

451 3404 651 3475 omnia,
701 3426 750 3468 et
793 3430 885 3482 per
935 3419 1137 3481 omnia,
1168 3428 1217 3473 et
1262 3420 1319 3473 in
1360 3421 1684 3478 omnibus".
1713 3422 1829 3476 Duo
1857 3432 2034 3478 autem

2139 3441 2255 3476 των
2288 3424 2384 3477 καὶ
2418 3424 2515 3478 διὰ
2548 3426 2791 3480 πάντων
2821 3427 2918 3479 καὶ
2947 3427 3016 3479 ἐν
3056 3426 3227 3481 πᾶσι.
3285 3425 3479 3497 Κύριοί
3526 3442 3587 3477 τε
3633 3423 3727 3477 δύο

453 3502 667 3560 Domini
695 3515 881 3577 aperte
912 3525 941 3562 a
975 3508 1177 3565 Davide
1204 3512 1335 3566 dicti
1361 3521 1490 3567 sunt
1515 3515 1569 3568 in
1602 3515 1715 3578 illo,
1745 3514 1889 3568 Dixit
1924 3514 2035 3569 Do-

452 3600 629 3657 minus
672 3601 898 3655 Domino
928 3620 1063 3667 meo,
1097 3602 1228 3659 Sede
1264 3624 1296 3659 a
1322 3606 1525 3661 dextris
1562 3609 1714 3673 meis,
1742 3608 1905 3662 donec
1942 3625 2037 3675 po-

450 3708 579 3761 nam
638 3693 880 3748 inimicos
945 3704 1061 3748 tuos
1117 3698 1407 3751 scabellum
1457 3698 1647 3766 pedum
1724 3702 2033 3767 tuorum";

2137 3515 2395 3585 ἄντικρυς
2427 3517 2521 3569 καὶ
2554 3517 2657 3570 ὑπὸ
2685 3518 2779 3570 τοῦ
2827 3517 2990 3571 Δαυῒδ
3023 3516 3422 3588 ὠνομάσθησαν
3462 3516 3606 3569 κατὰ
3642 3514 3725 3579 τὸ,

2140 3604 2324 3661 Εἶπεν
2355 3611 2387 3661 ὀ
2425 3611 2639 3676 Κύριος
2676 3609 2756 3675 τῷ
2778 3611 2975 3678 Κυρίῳ
2999 3626 3150 3678 μου·
3184 3607 3381 3663 Κάθου
3411 3608 3481 3660 ἐκ
3510 3605 3729 3670 δεξιῶν⁹

2131 3717 2283 3769 μου,
2315 3699 2424 3765 ἕως
2451 3698 2528 3753 ἂν
2558 3701 2637 3753 θῶ
2666 3701 2809 3767 τοὺς
2831 3702 3083 3770 ἐχθρούς
3108 3714 3224 3755 σου
3246 3698 3586 3754 ὑποπόδιον
3610 3696 3724 3750 τῶν

451 3784 562 3839 imo
587 3784 753 3840 etiam
782 3784 916 3840 illud
949 3786 1170 3859 Moysis,
1201 3788 1350 3844 Pluit
1386 3790 1644 3845 Dominus
1674 3809 1707 3845 a
1730 3792 1955 3846 Domino
1980 3793 2036 3846 in

2139 3790 2337 3844 ποδῶν
2369 3807 2484 3845 σου
2505 3809 2517 3821 ·
2540 3791 2674 3844 ἀλλὰ
2697 3792 2793 3846 καὶ
2822 3791 3064 3863 Μωῦσῆς
3096 3791 3292 3860 λέγων,
3333 3788 3573 3857 Ἔϐρεξε
3607 3788 3725 3842 Κύ-

452 3878 739 3935 Sodomam
770 3890 821 3936 et
869 3881 1221 3936 Gomorrham
1257 3882 1479 3950 sulphur
1504 3893 1555 3936 et
1584 3884 1835 3954 ignem",
1858 3885 2034 3939 eidem

2139 3898 2260 3947 ριος
2300 3880 2459 3949 παρὰ
2489 3882 2710 3949 Κιιρίου
2738 3880 2837 3934 ἐπὶ
2866 3881 3105 3950 Σόδομα
3129 3881 3227 3934 καὶ
3267 3880 3545 3949 Γόμορρα
3566 3876 3727 3932 θεῖον

451 3975 736 4028 sententia:
767 3975 1126 4045 astipuletur;
1194 3974 1657 4046 quemadmodum
1702 3976 1866 4031 etiam
1910 3992 2036 4033 cum

2139 3972 2235 4024 καὶ
2288 3972 2441 4040 πῦρ,
2488 3976 2587 4043 τῆς
2631 3973 2798 4044 αὐτῆς
2835 3971 2901 4027 ἂν
2935 3972 3145 4042 γένοιτο
3183 3971 3340 4041 δόξης
3362 3989 3374 4001 ·
3412 3970 3603 4041 ὥσπερ
3630 3966 3726 4024 οὖν

449 4066 678 4129 diceret,
710 4067 935 4133 Quando
958 4068 1221 4123 dividebat
1240 4068 1548 4122 Altissimus
1570 4080 1767 4139 gentes,
1797 4071 1941 4139 facta
1957 4081 2035 4126 est

2139 4065 2231 4119 καὶ
2259 4066 2317 4119 ὲν
2347 4060 2429 4129 οἷς
2468 4065 2673 4135 ἔφασκε
2711 4065 2806 4134 τὸ,
2845 4067 2974 4120 Ὅτε
3004 4064 3322 4136 διεμέριζεν
3363 4069 3395 4119 ὀ
3426 4066 3727 4133 "ﬁll-totoq-

447 4172 573 4227 pars
594 4158 807 4212 Domini
822 4160 1048 4229 populus
1075 4161 1191 4230 ejus
1223 4159 1487 4228 Jacob";
1519 4160 1809 4217 manifeste
1838 4164 2036 4232 quippe

2139 4158 2277 4225 ἔθνη
2298 4196 2311 4221 ,
2356 4157 2609 4227 ἐγενήθη
2647 4158 2817 4227 μερὶς
2841 4160 3063 4227 Κυρίου
3087 4158 3239 4225 λαὸς
3258 4158 3445 4213 αὐτοῦ
3487 4156 3697 4210 Ἰακώϐ
3710 4176 3721 4185 ·

447 4248 577 4303 hinc
626 4258 679 4305 et
730 4250 1078 4306 Altissimum
1129 4260 1183 4306 et
1235 4252 1527 4307 Dominum
1572 4269 1736 4308 nosse
1780 4255 2031 4323 videtur;

447 4339 790 4395 Altissimum
849 4341 1070 4411 quidem
1122 4357 1269 4407 eum,
1306 4344 1395 4413 qui
1446 4344 1729 4398 distribuit
1758 4352 1812 4399 et
1858 4353 2034 4402 sortes

447 4430 539 4485 dat
562 4430 768 4501 angelis
802 4433 953 4498 suis;
998 4431 1288 4487 Dominum
1329 4450 1477 4498 vero,
1532 4436 1622 4505 qui
1670 4452 1794 4489 cum
1826 4438 2033 4505 angelis

445 4520 844 4589 praecellentem
877 4522 1121 4575 omnium
1156 4524 1396 4592 gentium
1424 4533 1623 4578 sortem
1654 4525 1872 4594 accipit.
1896 4526 2033 4591 Quia

447 4612 613 4684 igitur
640 4612 925 4689 Dominus,
962 4615 1055 4685 qui
1098 4615 1190 4669 hic
1224 4616 1516 4681 indicatur,
1550 4617 1724 4671 forma
1764 4619 1907 4673 servi
1937 4634 2030 4673 aco

446 4714 625 4774 cepta,
659 4706 714 4759 in
747 4706 1160 4763 similitudinem
1204 4707 1487 4763 hominum
1514 4709 1691 4765 factus
1722 4718 1806 4765 est
1840 4718 1893 4764 et
1930 4711 2029 4765 ha-

448 4797 562 4851 bitu
614 4797 867 4853 inventus
910 4805 971 4852 ut
1017 4797 1202 4863 homo,
1233 4812 1296 4852 ac
1321 4805 1446 4869 post
1470 4799 1802 4869 baptismum
1828 4800 1882 4854 in
1905 4800 2029 4856 Jor-

446 4888 587 4947 dano
637 4906 853 4946 omnem
894 4907 1092 4961 passus
1127 4892 1482 4947 tentationem
1513 4901 1617 4959 est,
1676 4895 1897 4964 quando
1928 4894 2029 4949 du-

445 4989 568 5039 ctus
604 4988 689 5037 est
715 4996 744 5034 a
777 4980 982 5050 Spiritu
1015 4981 1073 5037 in
1113 4982 1391 5037 desertum
1428 4989 1487 5037 ut
1515 4992 1821 5039 tentaretur
1849 4999 1879 5038 a
1907 4984 2028 5038 dia-

445 5072 591 5135 bolo,
618 5079 672 5127 et
700 5072 756 5127 in
787 5074 1080 5128 solitudine
1109 5075 1469 5151 quadraginta
1496 5077 1689 5133 diebus
1709 5086 1763 5135 et
1792 5079 2029 5149 quadra-

447 5163 595 5232 ginta
640 5164 898 5220 noctibus
948 5172 1190 5222 tentatus
1238 5175 1343 5232 est,
1376 5176 1429 5223 et
1471 5177 1589 5226 erat
1619 5186 1743 5225 cum
1787 5171 1939 5235 feris,
1969 5181 2029 5227 ut

446 5255 523 5319 ait
562 5257 984 5328 evangelista“;
1015 5258 1141 5327 jure
1176 5259 1291 5314 hmo
1318 5264 1500 5315 omnia
1536 5262 1772 5332 Spiritus
1802 5273 2027 5320 sanctus

446 5350 808 5418 praenuntiare
830 5357 1079 5420 occupat,
1108 5352 1423 5422 signiﬁcans
1446 5363 1650 5428 quanta
1679 5356 1870 5411 diebus
1892 5373 2028 5427 qua-

446 5431 699 5503 draginta
740 5443 1005 5496 tentatus.
1037 5446 1240 5505 quanta
1273 5440 1500 5495 totidem
1571 5441 1824 5495 noctibus
1861 5443 2030 5498 susti-

448 5526 585 5585 nuit.
637 5526 775 5582 Cum
814 5530 960 5583 enim
1008 5530 1077 5584 ad
1127 5529 1482 5604 Evangelium
1524 5534 1678 5605 regni
1702 5533 1799 5590 Dei
1831 5535 2028 5605 praedi-

605 5728 620 5779 l
654 5727 778 5784 Cor,
811 5745 947 5805 _v_m,
985 5731 1037 5787 6.
1114 5733 1160 5763 ⁷⁸
1198 5732 1397 5803 Ephcs.
1443 5750 1512 5800 Iv,
1552 5734 1621 5801 5,
1664 5733 1716 5795 6-
1798 5736 1840 5767 ⁷⁷
1882 5732 2032 5799 P531-

2139 5752 2181 5800 ς,
2226 5736 2274 5790 l.
2349 5738 2395 5769 ⁷⁸
2434 5736 2567 5805 Gen.
2606 5752 2731 5803 XIX,
2767 5738 2854 5792 94.

426 5798 491 5854 ,βο
520 5797 684 5863 Marc.
721 5816 769 5857 ι.
804 5800 889 5865 15.

2137 4248 2395 4319 ἄντικρυς
2418 4248 2526 4319 γὰρ
2559 4250 2646 4302 διὰ
2670 4250 2784 4315 τοῦ,
2813 4250 2906 4303 τὸν
2924 4250 3188 4319 ’Ὕψιστον
3214 4250 3308 4303 καὶ
3334 4249 3541 4320 Κύριον
3567 4246 3726 4311 εἰδὼς

2138 4335 2414 4401 φαίνεται·
2479 4338 2743 4407 ’Ὕψιστον
2779 4338 2877 4409 μὲν
2914 4338 3007 4392 τὸν
3039 4339 3363 4416 διανέμοντα
3397 4339 3492 4392 καὶ
3524 4338 3727 4409 κληρο-

2135 4426 2389 4481 δοτοὖντα
2434 4431 2545 4492 τοῖς
2573 4429 2761 4482 ἑαυτοῦ
2795 4430 3079 4499 ἀγγέλοις,
3110 4430 3313 4502 Κύριον
3358 4431 3416 4483 δὲ
3456 4431 3547 4484 τὸν
3585 4428 3725 4500 μετὰ

2136 4515 2246 4569 τῶν
2299 4516 2543 4586 ἀγγέλων
2585 4519 2955 4590 κληρούμενον
2991 4520 3091 4591 τὴν
3135 4521 3354 4574 πάντων
3399 4519 3509 4573 τῶν
3551 4518 3723 4573 ἐθνῶν

2138 4608 2498 4681 διαφέρουσαν
2546 4611 2759 4682 μερίδα..
2830 4613 2982 4665 Ἐπεὶ
3021 4612 3199 4667 τοίνυν
3241 4615 3270 4665 ὁ
3297 4612 3626 4683 δηλούμενος
3663 4611 3724 4663 ὲν

2135 4701 2343 4765 τούτοις
2384 4703 2585 4773 Κύριος
2637 4703 2847 4776 μορφὴν
2878 4704 3064 4758 δούλου
3094 4704 3273 4759 λαϐὼν
3318 4706 3375 4759 ὲν
3415 4704 3726 4776 ὁμοιώματι

2139 4791 2441 4862 ἀνθρώπων
2467 4794 2656 4863 γέγονε
2680 4835 2694 4861 ,
2732 4796 2826 4849 καὶ
2883 4796 3121 4867 σχήματι
3167 4796 3366 4868 εὑρέθη
3399 4796 3475 4859 ὡς
3505 4795 3720 4866 ἄνθρω-

2135 4902 2255 4947 πος,
2288 4885 2546 4955 ὑπέμεινέ
2566 4903 2626 4939 τε
2650 4886 2826 4941 πάντα
2856 4888 3160 4958 πειρασμὸν
3191 4888 3329 4958 μετὰ
3350 4888 3409 4942 τὸ
3438 4888 3723 4958 βάπτισμα

2133 4979 2195 5031 τὸ
2236 4981 2293 5031 ἐν
2334 4978 2606 5052 Ἰορδάνῃ,
2639 4980 2728 5032 ὅτε
2760 4980 2970 5051 ἀνήχθη
3016 4980 3121 5034 ὑπὸ
3155 4980 3250 5033 τοῦ
3292 4979 3608 5050 Πνεύματος
3640 4982 3720 5043 είς

2132 5070 2232 5139 τὴν
2266 5056 2471 5140 ἔρημον
2498 5071 2856 5141 πειρασθῆναι
2883 5073 2986 5125 ὑπὸ
3009 5072 3102 5126 τοῦ
3128 5072 3373 5126 διαϐόλου
3394 5112 3408 5137 ,
3440 5073 3534 5126 καὶ
3561 5074 3620 5125 ὲν
3649 5074 3717 5143 τῇ

2133 5165 2325 5235 ἐρήμῳ
2368 5172 2430 5234 μ’
2465 5165 2682 5238 ἡμέρας
2712 5166 2809 5220 καὶ
2839 5172 2898 5237 μ’
2932 5166 3134 5230 νύκτας
3162 5167 3588 5238 πειραζόμενος,
3623 5166 3718 5218 καὶ

2134 5250 2201 5327 ἦν
2233 5256 2370 5326 μετὰ
2393 5257 2498 5310 τῶν
2525 5258 2748 5329 θηρίων,
2785 5257 2862 5321 ὥς
2891 5276 3055 5329 φησιν
3088 5262 3117 5313 ό
3141 5258 3550 5330 εύαγγελιστὴς·
3576 5256 3718 5310 εἰκό-

2134 5365 2242 5410 τως
2284 5349 2455 5402 ταῦτα
2489 5351 2665 5403 πάντα
2693 5351 2755 5403 τὸ
2785 5350 3010 5421 Πνεῦμα
3037 5352 3098 5404 τὸ
3133 5350 3285 5419 ἆγιον
3313 5350 3581 5421 προλαὸὸν
3622 5348 3712 5401 θε-

2138 5439 2340 5503 σπίζει,
2365 5444 2625 5511 σημαῖνον
2643 5444 2742 5495 ὅσα
2761 5460 2819 5495 τε
2842 5444 2899 5495 ἐν
2920 5446 3039 5505 ταῖς
3058 5444 3465 5513 τεσσαράκοντα
3482 5440 3713 5511 ἡμέραις

2137 5533 2527 5603 πειραζόμενος
2555 5534 2833 5604 ὑπέμεινε,
2867 5536 2959 5587 καὶ
2984 5535 3084 5587 ὅσα
3111 5534 3251 5588 κατὰ
3270 5532 3369 5597 τὰς
3393 5531 3713 5601 ἰσαρίθμους

2964 5740 3008 5772 ⁷ο
3052 5736 3204 5805 Deut.
3271 5752 3416 5803 χχιιι
3520 5734 3586 5801 8,
3646 5731 3702 5797 9.
