4068 6394
391 354 529 410 1155

1513 332 2021 411 COMMENTARIA
2057 344 2124 409 in
2164 334 2505 412 PSALMOS.

3507 367 3647 422 H54

383 469 503 529 ταῖς
536 465 769 537 ἡμέραις
806 466 1023 531 νύκτας.
1045 450 1271 521 Μέλλων
1295 469 1404 539 γὰρ
1426 470 1517 523 ἐπὶ
1536 470 1599 524 τὸ
1625 470 1953 549 Εὐαγγέλιον

2061 471 2295 526 candum
2331 472 2646 542 proditurus
2681 467 2845 539 esset,
2884 483 3173 548 antequam
3204 457 3649 548 praedicationem

382 559 481 629 τῆς
508 558 600 612 τοῦ
626 558 760 612 Θεοῦ
792 559 1066 630 βασιλείας
1100 561 1387 632 παριέναι,
1419 566 1547 635 πρὶν
1572 564 1836 637 ἄρξασθαι
1862 566 1956 619 τοῦ

384 649 767 722 κηρύγματος,
795 653 889 705 καὶ
913 653 1017 721 πρὸ
1042 655 1140 724 τῆς
1173 654 1252 717 είς
1276 653 1593 724 ἀνθρώπους
1615 656 1955 726 εὐεργεσίας,

380 744 472 796 ἐπὶ
486 743 584 807 τὰς
604 742 803 814 ἐχθρὰς
818 744 911 797 καὶ
932 743 1195 817 πολεμίας
1213 744 1307 799 τοῦ
1325 746 1432 800 τῶν
1448 747 1544 800 ἀνθ
1556 746 1749 819 ρώπων
1768 750 1960 817 γένους

378 835 635 905 δυνάμεις
663 836 920 907 ἀνήγετο·
956 837 1133 903 ὅπως,
1164 837 1377 901 ὲκείνας
1406 838 1626 909 πρώτας
1654 857 1960 910 καταγωνι-

382 929 614 999 σάμενος
642 929 737 981 καὶ
767 928 1027 993 καθελὼν,
1050 929 1221 993 οὕτως
1243 930 1336 984 ἐπὶ
1356 930 1453 1001 τὴν
1475 931 1584 984 τῶν
1605 933 1770 987 πάλαι
1794 951 1959 987 κατα-

382 1020 728 1091 πονουμένων
770 1021 1036 1095 λύτρωσίν
1075 1041 1133 1077 τε
1175 1023 1267 1077 καὶ
1316 1024 1624 1094 ἐλευθερίαν
1675 1026 1955 1099 παρέλθοι.

394 1113 592 1185 Ἐχρῆν
624 1113 730 1185 γάρ
768 1116 964 1177 αὐτοὺς
996 1115 1059 1187 δὴ
1092 1116 1327 1186 μάλιστα
1357 1117 1610 1190 πρώτους
1642 1121 1767 1183 τοὺς
1806 1121 1956 1191 παρά

384 1209 657 1270 πᾶσιτοῖς
686 1207 862 1261 ἔθνεσι
891 1207 1045 1271 θεοὺς
1070 1203 1207 1262 εἶναι
1240 1210 1585 1280 νομίσαντας,
1616 1212 1710 1265 καὶ
1733 1212 1831 1275 τὰς
1851 1213 1959 1266 τῶν

383 1297 480 1372 ἀνθ
490 1298 686 1370 ρώπων
707 1298 883 1369 ψυχάς
902 1298 1303 1370 αἰχμαλώτους,
1329 1299 1436 1353 ἀπὸ
1456 1300 1558 1371 τῆς
1582 1300 1675 1353 τοῦ
1692 1301 1800 1355 τῶν
1821 1302 1959 1355 ὅλων

380 1391 517 1445 Θεοῦ
540 1391 793 1460 γνώσεώς
819 1411 879 1445 τε
902 1393 994 1446 καὶ
1015 1392 1293 1455 εὐσεϐείας
1315 1392 1765 1464 ἀφαρπάσαντας,
1793 1394 1961 1449 καθυ-

382 1483 611 1548 ποτάξαι
630 1487 724 1537 καὶ
746 1484 846 1553 τῆς
868 1486 1177 1555 τυραννίδος
1196 1474 1470 1542 καθελεῗνο
1507 1484 1609 1541 εἴθ’
1630 1487 1801 1551 οὕτως
1824 1488 1959 1541 άπα-

381 1592 467 1629 σιν
501 1575 808 1647 ἀνθρώποις
828 1573 888 1630 τὸ
917 1577 1249 1648 Εὐαγγέλιον
1276 1579 1377 1650 τῆς
1397 1578 1492 1633 τοῦ
1520 1579 1654 1634 Θεοῦ
1683 1579 1958 1651 βασιλείας

378 1669 734 1742 παραδοῦναι.
790 1670 882 1725 Διὸ
914 1670 977 1742 δὴ
1019 1671 1125 1743 πρὸ
1165 1673 1344 1744 πάσης
1375 1673 1760 1745 ἱστορουμένης
1790 1673 1954 1727 αὐτοῦ

379 1761 631 1831 πράξεως
674 1762 905 1834 ἀνήγετο
950 1764 1030 1826 είς
1059 1761 1156 1834 τὴν
1206 1762 1411 1836 έρημον
1456 1763 1817 1834 πειρασθῆναι
1853 1762 1956 1817 ὑπὸ

377 1852 471 1906 τοῦ
502 1852 747 1907 διαϐόλου
767 1870 780 1884 ο
826 1855 921 1909 καὶ
950 1850 1019 1925 ἦν
1060 1854 1195 1925 μετά
1361 1854 1565 1927 θηρίων
1586 1896 1599 1917 ,
1630 1854 1706 1918 ὥς
1739 1872 1901 1925 φησιν
1929 1856 1956 1908 6
1990 1834 2028 1889 Β

377 1942 797 2014 εὐαγγελιστὴς,
832 1943 995 2015 θηρία
1038 1943 1348 2015 προσειπὼν
1381 1947 1478 2009 τὰς
1523 1946 1955 2018 ἀπηγριωμένας

376 2032 472 2084 καὶ
498 2030 783 2103 θηριώδεις
810 2036 1051 2103 πονηρὰς
1077 2034 1352 2105 δυνάμεις.
1404 2035 1553 2089 Αὐτά
1575 2035 1638 2108 δὴ
1665 2032 1766 2112 οῦν,
1782 2036 1956 2089 ταῦτα

375 2115 525 2177 καΥὸ
568 2123 756 2194 παρὼν
788 2124 1001 2195 ψαλμὺς
1031 2128 1413 2196 προαναφωνεϊ
1439 2128 1760 2198 προφητικῷ
1786 2127 1956 2181 Πνεύ-

377 2230 503 2285 ματι
523 2213 849 2283 ἀναγκαίως.
876 2214 987 2285 Χρὴ
1006 2214 1131 2287 γὰρ,
1145 2215 1231 2269 διὰ
1243 2216 1351 2268 τῶν
1368 2215 1669 2287 ἔμπροσθεν
1685 2218 1959 2290 διδαχθέν-

374 2324 470 2369 τας
492 2306 557 2359 τὰ
581 2307 707 2377 περὶ
731 2306 830 2376 τῆς
849 2310 928 2371 είς
951 2307 1273 2380 ἀνθρώπους
1294 2310 1597 2379 παρουσίας
1623 2311 1716 2365 τοῦ
1743 2329 1957 2383 προφη-

373 2396 686 2467 τευομένου,
705 2398 798 2451 καὶ
813 2399 880 2452 τὰ
902 2416 967 2450 πε
978 2397 1027 2470 pi.
1049 2399 1147 2471 τῆς
1162 2401 1424 2473 ὲνσάρκου
1443 2404 1746 2473 γεννήσεως
1764 2404 1953 2471 αὐτοῦ,

373 2487 442 2540 τά
462 2505 521 2539 τε
548 2492 678 2559 περὶ
699 2488 795 2542 τοῦ
832 2490 1083 2555 θανάτου,
1109 2492 1257 2555 ὅπως
1277 2509 1335 2545 τε
1359 2494 1423 2545 ἐκ
1459 2493 1770 2565 σπέρματος
1799 2496 1960 2550 Δαυτδ

372 2578 664 2651 προελεύσε
672 2579 793 2634 σθαι
810 2582 1553 2655 προκεκήρυκτο,ἀκολούθως
1567 2586 1759 2639 καὶτὸν
1771 2587 1959 2655 ἀγῶνα

374 2672 563 2742 μαθεῖν
591 2673 737 2742 ἡμᾶς
769 2673 827 2725 όν
860 2676 1030 2747 ἤρατο
1060 2676 1201 2730 κατά
1237 2677 1345 2731 τῶν
1375 2678 1767 2748 ἀντικειμένων
1798 2679 1958 2731 δυνά-

374 2780 538 2835 μεων.
559 2765 744 2819 Ταῦτα
766 2762 904 2837 οῦνὴ
926 2768 1175 2840 παροῦσα
1198 2766 1492 2841 παρίστησι
1515 2771 1816 2841 προφητεία
1839 2787 1963 2842 προ-

372 2855 619 2924 λέγουσα,
633 2859 731 2911 ὅσα
751 2859 891 2913 κατά
913 2861 1011 2931 τὴν
1030 2860 1231 2932 ἔρημον
1250 2860 1535 2933 ὑπέμεινεν
1559 2863 1641 2930 ἐφ’
1661 2862 1808 2927 ὅλαις
1827 2864 1963 2934 ἡμέ-

372 2966 495 3020 ραις
513 2956 562 3021 μ¹
581 2951 672 3004 καὶ
689 2952 804 3018 νυξὶ
824 2956 944 3016 ταῖς
970 2954 1108 3017 ῐσαις
1127 2952 1517 3026 πειραζόμενος
1544 2954 1646 3008 ὑπὸ
1664 2955 1758 3009 τοῦ
1787 2955 1964 3009 διαϐό-

370 3042 481 3096 λου.
502 3043 773 3115 Θηρευταὶ
795 3045 904 3117 γὰρ
933 3041 1073 3115 ἦσαν
1101 3048 1227 3117 περὶ
1252 3047 1413 3100 αὐτὸν
1436 3047 1657 3119 ἀόρατοι
1679 3047 1959 3118 δυνάμεις,

371 3134 601 3204 παγίδας
653 3135 802 3205 αὐτῴ
834 3136 1357 3201 κατασκευάζουσαι.
1392 3139 1503 3190 Καὶ
1537 3138 1593 3191 αἱ
1645 3138 1745 3209 μὲν
1776 3138 1955 3205 λόγοις

369 3227 737 3298 ταραχώδεσιν
770 3228 931 3282 αὐτὸν
964 3229 1209 3300 θορυϐεῖν
1230 3228 1586 3301 πειρώμεναι,
1620 3231 1675 3285 αί
1692 3231 1746 3284 δὲ
1776 3230 1960 3300 φοϐεῖν

369 3324 509 3378 κατὰ
549 3323 646 3387 τὰς
695 3323 926 3387 νύκτας,
963 3320 1058 3377 καὶ
1104 3323 1265 3377 πάλιν
1310 3323 1443 3377 ἄλλα
1477 3323 1544 3375 δι’
1578 3324 1793 3394 ἡμέρας
1824 3322 1952 3393 βέλη

368 3419 533 3490 νοητὰ
574 3418 887 3489 πέμπουσαι
930 3419 1051 3470 κατ’
1082 3417 1246 3471 αὐτοῦ
1265 3434 1276 3444 ·
1324 3418 1420 3471 καὶ
1453 3412 1608 3480 αὖθις
1639 3416 1822 3487 ἕτεραι
1852 3416 1953 3469 οὐκ

368 3506 680 3578 ὠνομάσθαι
710 3509 840 3578 ἡμῖν
868 3546 882 3570 ,
933 3507 1052 3559 οὐδὲ
1101 3506 1355 3578 λεχθῆναι
1387 3506 1681 3578 δυνάμεναι
1731 3506 1953 3578 θνηταῖς

366 3602 584 3664 ἀκοαῖς,
612 3598 705 3652 τὸν
733 3600 852 3653 κατ’
874 3599 1039 3654 αὐτοῦ
1070 3600 1374 3672 πειρασμὸν
1401 3599 1947 3673 πραγματευόμεναι·

365 3689 395 3742 ὃ
426 3690 489 3761 δὴ
527 3689 780 3760 σημαίνει
814 3689 1039 3759 φάσκων
1066 3693 1093 3744 ὁ
1126 3691 1301 3758 λόγος,
1349 3690 1491 3743 Ἀπὸ
1515 3690 1856 3760 πράγματος
1881 3690 1951 3742 ἐν

366 3775 571 3835 σκότει
595 3780 1128 3851 διαπορευομένου·
1148 3780 1287 3833 Ἀνθ’
1321 3774 1381 3834 οὗ
1406 3782 1433 3833 6
1469 3780 1565 3851 μὲν
1602 3779 1829 3842 Ἀκύλας
1851 3781 1883 3850 ἡ
1894 3796 1950 3851 ρ-

369 3874 657 3945 μήνευσεν,
676 3872 818 3927 Ἀπὸ
832 3873 1097 3945 ῥήματος
1112 3874 1179 3926 ἐν
1194 3872 1538 3943 σκοτομήνῃ
1557 3871 1950 3941 περιπατοῦν-

365 3984 468 4034 τος
487 3985 499 3997 ·
535 3966 564 4019 6
592 3967 648 4020 δὲ
678 3964 997 4039 Σύμμαχος,
1031 3967 1183 4021 Οὐδὲ
1218 3968 1433 4037 λοιμὸν
1462 3965 1614 4036 ζόφῳ
1640 3966 1946 4021 ὀδεύοντα.

438 4119 579 4191 Ἤδη
607 4120 773 4173 δὲκαὶ
798 4119 866 4173 τὰ
883 4119 1235 4172 ἀναιδέστατα
1263 4118 1357 4172 καὶ
1385 4117 1679 4189 ἀρχοντικὰ
1705 4118 1810 4171 τῶν
1828 4117 1948 4170 δαι-

367 4210 587 4282 μονίων,
620 4210 687 4264 τά
708 4212 765 4264 ὲν
785 4212 923 4281 αὐτῇ
944 4213 1009 4282 τῇ
1043 4210 1358 4282 μεσημϐρίᾳ
1388 4211 1482 4263 καὶ
1511 4212 1577 4281 τῇ
1605 4209 1697 4263 τοῦ
1719 4207 1946 4281 ἡλιακοῦ

364 4302 543 4374 φωτὸς
587 4304 741 4374 ἀκμῇ
793 4302 1075 4373 τολμῶντα
1107 4302 1584 4373 παραφαίνεσθαι,
1633 4301 1946 4373 προσῄεσαν

362 4394 535 4467 αὐτῷ.
569 4393 691 4447 Τῶν
723 4393 834 4466 γὰρ
883 4394 1058 4449 ἄλλων
1100 4393 1160 4446 τὸ
1212 4396 1411 4448 οἰκεῖον
1446 4392 1635 4457 σκότος
1682 4393 1947 4463 μεταδιω-

364 4488 589 4551 κόντων,
623 4492 718 4541 καὶ
754 4488 811 4540 ἐν
844 4487 979 4559 μόνῃ
1012 4486 1169 4539 νυκτὶ
1195 4484 1523 4555 φαντασιοῦν
1552 4484 1842 4549 εἰωθότων,
1876 4484 1944 4538 τὰ

2060 564 2243 629 iniret,
2274 576 2329 619 et
2357 573 2649 636 antequam
2680 566 2941 621 beneﬁcia
2978 568 3292 626 hominibus
3324 572 3648 643 impertiret,

2061 655 2129 709 ad
2160 656 2413 711 inimicas
2437 667 2493 712 et
2518 658 2863 715 adversarias
2896 662 3085 731 generi
3135 662 3377 717 humano
3415 666 3655 724 virtutes

2060 747 2331 803 adductus
2383 757 2495 817 est;
2549 756 2606 803 ut
2639 766 2764 804 cum
2824 751 2947 807 illas
3004 753 3217 822 priores
3240 753 3569 811 debellasset
3596 764 3653 813 et

2059 840 2437 905 destruxisset,
2476 841 2557 895 sic
2612 841 2678 895 ad
2727 856 2916 896 eorum
2960 844 3053 913 qui
3102 843 3231 897 olim
3275 845 3653 916 amigebantur

2059 932 2488 1001 redemptionem
2534 942 2587 989 et
2640 933 2947 989 libertatem
2979 935 3277 989 curandam
3302 938 3644 1006 procederet.

2059 1024 2357 1095 Oportebat
2399 1026 2547 1080 enim
2583 1026 2763 1097 primo
2798 1027 2921 1082 illos
2945 1029 3038 1097 qui
3070 1029 3215 1097 apud
3239 1043 3429 1087 omnes
3458 1038 3652 1101 gentes

2059 1132 2160 1187 pro
2179 1117 2286 1173 diis
2304 1119 2720 1189 reputabantur,
2754 1119 3149 1190 hominumque
3170 1121 3381 1177 animas
3405 1123 3652 1193 captivas

2060 1227 2091 1265 a
2121 1210 2435 1281 cognitione
2467 1210 2562 1266 Dei
2595 1213 2976 1267 universorum
3007 1219 3061 1266 et
3090 1227 3120 1265 a
3150 1213 3355 1282 pietate
3395 1214 3652 1282 abripue-

2059 1309 2201 1363 rant,
2234 1300 2509 1369 subigere,
2552 1315 2743 1355 eorum
2785 1302 3129 1369 tyrannidem
3164 1302 3347 1357 delere
3377 1322 3389 1355 :
3422 1302 3649 1358 deinde-

2058 1410 2165 1464 que
2195 1394 2451 1448 omnibus
2484 1393 2805 1448 hominibus
2840 1393 3193 1464 Evangelium
3229 1394 3384 1464 regni
3416 1393 3510 1449 Dei
3536 1402 3650 1450 tra-
3708 1382 3719 1400 “

2058 1488 2206 1542 dere.
2260 1486 2609 1558 Quapropter
2656 1494 2784 1540 ante
2831 1498 3022 1541 omnes
3054 1486 3192 1541 alias
3225 1486 3345 1555 ejus
3377 1487 3645 1551 actiones,

2057 1596 2180 1651 qua:
2203 1580 2257 1635 in
2293 1580 2522 1635 historia
2550 1578 2821 1642 feruntur,
2852 1578 3053 1634 ductus
3075 1586 3161 1633 est
3179 1578 3233 1631 in
3255 1578 3556 1644 desertum,
3583 1585 3646 1632 ut

2056 1679 2362 1728 tentaretur
2382 1687 2413 1726 a
2438 1671 2679 1738 diabolo,
2700 1678 2924 1740 eratque
2946 1674 3069 1725 eum
3096 1670 3247 1735 feris,
3282 1678 3342 1725 ut
3366 1671 3442 1724 ait
3477 1686 3648 1725 evan-

2057 1764 2274 1835 gelista,
2324 1764 2468 1819 feras
2515 1779 2841 1834 nuncupans
2890 1772 3136 1835 agrestes
3188 1765 3312 1820 illas
3358 1773 3412 1820 et
3440 1763 3646 1821 ferinas

2059 1854 2325 1923 malignas
2358 1854 2609 1910 virtutes.
2644 1854 2770 1910 Haec
2796 1856 2964 1925 igitur
2986 1856 3102 1926 ipsa
3134 1872 3375 1926 praesens
3398 1857 3647 1927 psalmus

2058 1944 2376 2014 prophetico
2396 1944 2602 2014 Spiritu
2621 1946 2935 2000 necessario
2952 1948 3298 2014 praenuntiat.
3318 1944 3423 1999 Par
3444 1945 3647 2016 quippe

2058 2043 2176 2089 erat
2204 2049 2305 2089 nos
2337 2042 2463 2089 ante
2500 2035 2726 2090 edoctos
2766 2051 2831 2089 ea
2882 2050 3004 2107 quae
3047 2037 3167 2105 ejus
3199 2038 3293 2107 qui
3326 2037 3378 2091 in
3408 2038 3644 2108 prophe-

2059 2128 2133 2183 tia
2191 2129 2512 2183 enuntiatur
2573 2128 2865 2183 adventum
2928 2129 2994 2184 ad
3058 2130 3309 2185 homines
3371 2138 3641 2201 spectant,

2058 2236 2270 2277 necnon
2307 2235 2428 2291 qua:
2471 2221 2539 2275 ad
2568 2221 2690 2291 ejus
2714 2222 2993 2276 carnalem
3029 2223 3434 2292 generationem
3468 2224 3641 2293 peni-

2059 2319 2210 2377 nent,
2244 2312 2309 2365 ad
2366 2318 2595 2367 mortem
2648 2312 2778 2366 item
2806 2312 2946 2382 ejus,
2978 2319 3031 2367 et
3074 2313 3141 2367 ad
3189 2313 3410 2367 modum
3438 2328 3548 2383 quo
3573 2329 3641 2367 ex

2060 2403 2269 2458 semine
2296 2402 2464 2458 David
2490 2404 2808 2473 proditurus
2838 2403 3330 2472 praenuntiabatur,
3358 2403 3640 2469 ediscere;

2060 2508 2123 2547 ac
2154 2502 2553 2565 consequenter
2573 2496 2737 2549 etiam
2764 2495 2831 2549 de
2861 2499 3160 2550 certamine
3183 2496 3324 2565 ejus,
3350 2496 3495 2566 quod
3516 2511 3645 2551 con-

2062 2596 2145 2641 tra
2164 2586 2504 2643 adversarias
2530 2594 2828 2657 potestates
2857 2589 3120 2657 suscepit,
3140 2588 3367 2643 erudiri.
3393 2586 3519 2643 llaec
3540 2589 3643 2660 igi-

2060 2688 2151 2734 tur
2180 2695 2419 2752 prassens
2448 2682 2732 2751 prophetia
2764 2682 3025 2746 declarat,
3044 2682 3419 2752 praenuntians
3437 2690 3642 2752 quanta

2062 2773 2119 2827 in
2152 2773 2372 2845 deserto
2416 2773 2699 2841 sustinuit,
2737 2773 2931 2828 diebus
2977 2772 3343 2842 quadraginta
3383 2773 3643 2828 totidem-

2062 2882 2167 2937 que
2196 2866 2445 2921 noctibus
2500 2874 2737 2921 tentatus
2767 2880 2796 2919 a
2846 2864 3083 2920 diabolo.
3110 2864 3414 2921 Venatores
3441 2865 3643 2936 quippe

2064 2959 2217 3013 illum
2260 2957 2699 3024 circumdabant,
2733 2957 3043 3013 invisibiles
3078 2973 3273 3029 nempe
3314 2954 3636 3027 potestates,

2062 3050 2287 3120 laqueos
2351 3050 2456 3120 ipsi
2507 3059 2785 3119 parantes.
2863 3048 2931 3103 Et
3000 3050 3119 3104 aliae
3181 3049 3399 3119 quidem
3456 3050 3640 3105 verbis

2062 3142 2394 3197 turbulentis
2438 3140 2768 3196 conturbare
2825 3140 3004 3210 ipsum
3052 3142 3369 3208 tentabant;
3413 3141 3533 3195 alite
3581 3140 3637 3194 in

2062 3243 2222 3290 nocte
2252 3233 2696 3305 perterrefacere.
2727 3233 2861 3288 Aliae
2907 3234 3037 3288 item
3088 3233 3144 3289 in
3198 3232 3287 3288 die
3326 3232 3633 3302 spiritualia

2053 3328 2160 3383 tela
2207 3327 2573 3381 immittebant
2609 3326 2664 3379 in
2716 3341 2875 3393 eum;
2911 3342 3126 3381 rursum
3180 3326 3319 3390 aliae,
3361 3340 3483 3395 quae
3533 3339 3636 3379 nec

2052 3420 2326 3475 nominari
2360 3419 2539 3487 nobis,
2570 3434 2673 3473 nec
2737 3418 2847 3472 dici
2898 3418 3225 3472 mortalibus
3254 3418 3480 3472 auribus
3506 3433 3637 3487 pos-

2051 3520 2199 3575 sunt,
2239 3511 2596 3566 tentationem
2635 3511 2690 3564 in
2753 3525 2878 3564 eum
2937 3509 3327 3564 adornabant:
3361 3509 3508 3578 quod
3553 3510 3638 3563 his

2050 3602 2414 3674 significatur,
2434 3602 2476 3654 Α
2511 3602 2715 3671 negotio
2744 3599 3144 3668 perambulante
3164 3600 3219 3652 in
3255 3598 3501 3653 tenebris.
3524 3597 3632 3652 Pro

2050 3710 2159 3764 quo
2192 3693 2387 3762 Aquila
2438 3693 2656 3763 quidem
2702 3692 3095 3761 interpretatus
3137 3702 3241 3749 est,
3295 3690 3340 3741 A
3373 3689 3525 3743 verbo
3577 3690 3632 3743 in

2050 3795 2199 3839 nocte
2231 3785 2381 3837 illum
2406 3782 2809 3852 perambulante
2833 3798 2851 3843 ;
2883 3780 3249 3853 Symmachus
3272 3795 3422 3848 vero,
3450 3779 3631 3851 Neque

2047 3885 2240 3944 pestem
2264 3878 2318 3929 in
2350 3875 2573 3944 caligine
2614 3873 2972 3928 ambulantem

2121 4121 2201 4175 Ad
2232 4122 2346 4175 haec
2372 4136 2503 4175 vero
2532 4120 2696 4175 etiam
2739 4118 3204 4191 impudentissimi
3230 4118 3629 4175 daemoniorum

2047 4213 2346 4285 principes,
2383 4212 2475 4281 qui
2510 4210 2563 4264 in
2597 4210 2850 4274 meridie,
2885 4210 3099 4280 vigente
3136 4211 3268 4265 solis
3289 4210 3432 4273 luce,
3464 4224 3632 4285 appa-

2046 4320 2167 4360 rere
2194 4302 2313 4358 ausi
2347 4309 2494 4364 sunt,
2520 4309 2878 4355 accesserunt
2913 4301 2978 4355 ad
3024 4316 3170 4356 eum.
3205 4300 3341 4354 Nam
3369 4315 3494 4355 cum
3539 4300 3633 4354 alii

2046 4398 2297 4470 proprias
2325 4395 2431 4451 sibi
2488 4394 2745 4450 tenebras
2780 4401 3079 4457 sectentur,
3117 4400 3170 4449 et
3213 4394 3267 4447 in
3299 4394 3416 4448 sola
3473 4400 3635 4447 nocte

2047 4487 2366 4560 phantasias
2432 4500 2651 4540 movere
2712 4484 2962 4552 soleant;
3028 4483 3121 4554 qui
3170 4483 3633 4554 impudentissimi

363 4578 723 4635 ἀναιδέστατα
756 4581 850 4633 καὶ
880 4579 945 4632 δι’
969 4579 1180 4651 ἡμέρας
1212 4579 1387 4648 τολμᾷ
1416 4577 1720 4646 φαίνεσθαι,
1758 4578 1852 4629 καὶ
1886 4577 1943 4628 ὲν

2054 4588 2198 4643 sunt,
2227 4578 2391 4632 etiam
2444 4577 2501 4630 in
2531 4576 2619 4632 die
2651 4590 2917 4646 apparere
2951 4576 3185 4639 audent,‘
3219 4582 3273 4630 et
3326 4576 3381 4629 in
3435 4575 3632 4631 mediis

366 4672 562 4744 μέσαις
586 4672 783 4740 αὐγαῖς
809 4671 981 4742 ἡλίου.
997 4670 1233 4725 Τοιαῦτα
1252 4671 1308 4723 δὲ
1330 4666 1399 4741 ἧν
1420 4668 1489 4722 τὰ
1516 4669 1609 4722 καὶ
1631 4668 1708 4738 τῷ
1728 4668 1944 4739 Σωτῆρι

364 4765 616 4820 ἐπιόντα·
656 4763 773 4834 μεθ’
807 4764 1021 4835 ἡμέραν
1081 4764 1179 4834 μὲν
1225 4758 1318 4816 οῦν
1365 4759 1594 4814 τοιαῦτά
1633 4777 1754 4813 τινα
1795 4759 1945 4830 αὐτῷ

364 4856 614 4930 προσῄει,
645 4854 785 4910 κατά
808 4855 863 4909 δὲ
883 4856 982 4920 τὰς
1002 4854 1202 4918 νύκτας
1222 4854 1307 4907 ἓτε
1318 4870 1404 4925 ρα.
1424 4851 1513 4905 Διὸ
1541 4852 1753 4923 εἴρηται
1777 4850 1905 4921 ἑξῆς
1926 4867 1940 4881 ⁸

2050 4670 2327 4727 solaribus
2350 4668 2540 4725 radiis.
2576 4668 2737 4723 Tales
2767 4677 2926 4722 erant
2955 4668 3049 4737 qui
3089 4666 3427 4722 Salvatorem
3453 4667 3633 4723 adorti

2048 4764 2289 4829 sunt;in
2325 4761 2413 4816 die
2456 4776 2694 4832 namque
2746 4758 3067 4829 huiusmodi
3120 4758 3353 4827 spiritus
3400 4758 3632 4813 accedes

2046 4852 2177 4907 bant
2214 4853 2280 4906 ad
2314 4867 2461 4917 eum,
2496 4853 2551 4907 in
2580 4851 2835 4906 noctibus
2870 4861 3049 4905 autem
3073 4850 3186 4903 alii.
3212 4849 3393 4915 Quare
3428 4848 3631 4905 dicitur

367 4949 451 5000 Οὐ
484 4945 802 5016 φοϐηθήσῃ
840 4944 960 4999 ἀπὸ
1004 4947 1191 5014 φόϐου
1241 4943 1619 5013 νυκτερινοῦ,
1670 4943 1766 4996 καὶ
1818 4942 1938 4996 ἀπὸ

2054 4952 2253 5014 postea,
2285 4943 2408 4997 Non
2440 4945 2643 4997 timebis
2673 4960 2705 4995 a
2737 4944 2922 4997 timore
2961 4950 3237 5007 nocturno,
3269 4950 3320 4995 et
3363 4959 3395 4995 a
3423 4944 3629 5013 negotio

362 5036 704 5107 πράγματος
724 5036 795 5089 ἐν
821 5037 1025 5089 σκότει
1052 5034 1575 5105 διαπορευομένου.
1614 5034 1853 5106 Ὀρῶντα
1882 5033 1938 5085 δὲ

2054 5036 2444 5091 oerambulante
2495 5038 2551 5090 in
2603 5036 2846 5090 tenebris.
2882 5035 3019 5090 Cum
3065 5043 3245 5089 autem
3291 5034 3546 5089 invictam
3578 5043 3633 5089 et

362 5130 523 5184 αὐτοῦ
550 5130 647 5199 τὴν
672 5129 884 5200 ἄμαχον
911 5130 1007 5182 καὶ
1038 5130 1303 5201 ἀήττητον
1328 5126 1577 5199 δύναμιν,
1608 5126 1744 5199 ὁμοῦ
1780 5126 1941 5180 πάλιν

362 5224 723 5295 ἀθροιζόμενα
778 5224 922 5278 κατὰ
981 5224 1146 5295 στίφη
1207 5223 1503 5294 προσίεσαν
1555 5221 1703 5292 αὐτῷ
1759 5218 1937 5291 πλήθη

361 5314 641 5385 δυνάμεων
682 5314 1091 5387 ἀντικειμένων.
1124 5314 1235 5367 Καί
1281 5332 1370 5386 μοι
1397 5310 1646 5366 δοκοῦσιν
1687 5313 1736 5364 οἱ
1770 5311 1939 5365 πάλαι

363 5407 493 5475 παρ’
522 5407 827 5481 ἀνθρώποις
851 5407 1191 5479 νομιζόμενοι
1212 5406 1344 5468 θεοὶ,
1378 5405 1471 5459 καὶ
1501 5405 1567 5458 τά
1587 5403 1940 5475 ἀντικείμενα

366 5499 686 5569 πνεύματα,
718 5501 876 5571 ξένην
923 5500 1045 5553 τινά
1098 5499 1259 5569 φύσιν
1299 5499 1393 5552 καὶ¹
1442 5497 1669 5567 δύναμιν
1724 5496 1945 5549 πάντων

363 5591 543 5646 αὐτῶν
577 5592 964 5663 καθαιρετικὴν
1010 5590 1258 5662 θεώμενα
1304 5593 1362 5645 ἐν
1403 5589 1480 5661 τῷ
1523 5588 1796 5661 ἀνθρώπῳ
1847 5586 1942 5641 τοῦ

365 5682 615 5754 Σωτῆρος
644 5684 831 5754 ἡμῶν,
862 5682 997 5753 ὁμοῦ
1033 5682 1292 5753 συνῆχθαι
1335 5680 1726 5752 ἁπανταχόθεν,
1771 5678 1944 5751 ἀθρόα

363 5792 421 5825 τε
458 5775 737 5827 προσιέναι
772 5776 865 5828 καὶ
900 5776 1263 5829 ποοσοήσσειν
1297 5774 1500 5827 ἐθέλειν
1529 5772 1697 5830 αὐτῷ.
1731 5771 1843 5825 Καὶ
1873 5771 1941 5828 τὰ

2048 5131 2472 5200 insuperabilem
2508 5129 2628 5197 ejus
2662 5129 2917 5182 virtutem
2950 5135 3274 5191 cernerent,
3307 5128 3525 5199 agmine
3551 5128 3630 5182 si-

2048 5221 2162 5275 mul
2203 5220 2498 5284 instructo,
2554 5218 2848 5272 multitudo
2900 5216 3340 5272 adversariarum
3389 5224 3630 5289 potesta-

2048 5320 2165 5366 tum
2224 5312 2401 5382 ipsum
2462 5325 2720 5381 aggressa
2759 5320 2861 5365 est.
2926 5308 3264 5379 Videturque
3315 5308 3469 5372 mihi,
3502 5309 3626 5364 illos

2047 5407 2200 5469 olim,
2244 5405 2336 5475 qui
2381 5404 2525 5474 apud
2556 5405 2806 5458 homines
2835 5401 2910 5455 dii
2953 5402 3432 5468 existimabantur,
3467 5402 3628 5456 item-

2050 5514 2158 5570 que
2182 5496 2529 5552 adversarios
2561 5496 2811 5566 spiritus,
2846 5494 3173 5564 stupendam
3216 5492 3509 5565 quamdam
3531 5509 3629 5548 na-

2047 5598 2226 5644 turam
2262 5594 2317 5642 et
2345 5586 2605 5640 virtutem
2632 5585 2736 5641 sibi
2759 5586 3016 5640 omnibus
3043 5586 3333 5641 exitiosam
3361 5586 3417 5639 in
3449 5585 3627 5640 homi-

2045 5697 2115 5735 ne
2143 5678 2444 5734 Salvatoris
2473 5678 2650 5733 nostri
2688 5664 2951 5743 videntes,
2979 5693 3088 5733 una
3125 5686 3485 5750 congregatos
3525 5693 3627 5730 un-

2043 5770 2208 5833 dique
2236 5770 2526 5829 confertim
2551 5769 2870 5833 accessisse,
2908 5778 2966 5824 ut
3002 5769 3371 5836 irrumperent
3393 5768 3449 5823 in
3476 5782 3624 5824 eum.
