4068 6394
463 388 602 444 1153

1168 379 1433 438 susse"
1473 379 1953 438 CESARIENSIS
1994 379 2145 436 ore.
2180 380 2362 436 mas
2394 380 2485 438 ιιι.
2524 410 2596 423 --
2633 372 3043 441 EXEGETICA.’

3579 392 3730 448 “56

461 503 530 561 Et
554 505 730 576 primo
758 504 976 574 quidem
1023 501 1300 557 diabolum
1335 505 1567 558 aliorum
1619 504 2034 574 particularium

2145 504 2242 575 μὲν
2275 505 2465 576 πρῶτα
2484 505 2551 558 δι’
2582 507 2785 576 ἐτέρων
2813 509 3057 580 μερικῶν
3087 508 3410 579 πνευμάτων
3439 510 3724 582 πειράζειν

462 599 752 669 spirituum
785 612 949 666 opera
985 596 1159 666 ipsum
1189 605 1432 649 tentasse
1460 615 1473 649 :
1506 611 1675 666 quare
1696 595 1899 649 dictum
1929 603 2033 662 est,

460 685 532 741 Et
563 695 678 741 erat
711 702 830 739 cum
861 685 987 754 feris
1022 684 1086 737 ⁸³.
1130 684 1471 751 Quibusnam
1513 686 1674 740 feris?
1702 686 1754 740 id
1778 689 1951 756 aperit
1982 689 2036 741 in

459 780 818 851 sequentibus
849 795 1029 835 sermo
1069 795 1314 850 prtesens
1337 779 1424 834 his
1457 780 1662 844 verbis,
1698 779 1866 849 Super
1893 782 2036 850 aspi-

455 871 574 927 dem
600 881 650 926 et
674 871 980 925 basiliscum
1015 870 1345 934 ambulabis,
1377 879 1426 923 et
1468 871 1798 924 conculcabis
1838 872 2037 924 leonem

454 974 506 1020 et
535 966 840 1019 draconem.
899 964 1134 1024 Etenim,
1174 971 1234 1016 ut
1265 962 1561 1016 verisimile
1589 970 1694 1026 est,
1725 963 1818 1016 tali
1857 965 2038 1033 specie

457 1055 666 1124 talique
695 1055 866 1109 forma
899 1064 1153 1122 suscepta
1174 1094 1188 1117 ,
1218 1053 1469 1123 maligna:
1511 1054 1759 1123 quaedam
1785 1055 2035 1121 virtutes,

460 1145 804 1214 principatus
834 1152 887 1198 et
920 1153 1220 1212 potestates
1241 1183 1256 1205 ,
1282 1149 1526 1196 rectores
1565 1143 1751 1197 mundi
1785 1143 2036 1197 tenebra-

458 1250 580 1288 rum
612 1235 829 1301 harum,
854 1249 917 1287 ac
954 1234 1261 1303 spiritualia
1300 1235 1577 1304 nequitiaa,
1608 1251 1705 1305 per
1726 1250 1905 1289 aerem
1941 1249 2035 1288 vo-

456 1327 632 1382 lantes
656 1345 670 1392 ;
701 1326 818 1382 sive
846 1326 1140 1396 allegorico
1169 1341 1342 1390 more,
1369 1327 1607 1396 aspides,
1628 1327 1890 1390 basilisci,
1924 1327 2038 1382 leo-

456 1434 556 1472 nes
587 1426 641 1473 et
691 1419 960 1473 dracones
991 1426 1233 1484 vocatte;
1261 1419 1376 1473 sive
1425 1419 1497 1472 ob
1530 1419 1749 1472 malitia:
1781 1419 2039 1472 similitu-

455 1510 636 1564 dinem
675 1509 761 1564 his
795 1520 1140 1579 comparatae,
1175 1525 1337 1564 omne
1375 1511 1740 1565 tentationum
1772 1526 1944 1581 genus
1979 1511 2036 1565 in

457 1602 635 1671 ipsum
671 1610 978 1657 moverunt.
1011 1601 1066 1655 In
1101 1601 1206 1656 fine
1240 1609 1422 1656 autem
1448 1602 1715 1664 omnium,
1752 1603 2040 1672 conspica—

456 1702 546 1746 tus
576 1691 825 1748 diabolus
871 1708 993 1748 eum
1025 1709 1188 1763 super
1213 1694 1455 1763 aspidem
1496 1702 1546 1749 et
1583 1695 1900 1750 basiliscum
1927 1709 2041 1748 am-

457 1784 664 1845 bulare,
695 1800 992 1854 omnesque
1027 1785 1128 1854 ipsi
1165 1786 1411 1841 subditas
1442 1785 1787 1856 operationes
1815 1785 2039 1839 concul-

456 1892 585 1931 care
605 1896 618 1932 :
637 1879 752 1948 ipse
780 1878 997 1933 demum
1027 1879 1257 1932 accessit
1292 1877 1517 1933 humilis
1545 1889 1600 1934 et
1625 1877 2032 1938 formidolosus,
2069 1900 2110 1954 Β

458 1965 672 2037 ipsique
728 1967 1185 2037 interrogationes
1238 1967 1292 2021 in
1367 1966 1677 2036 Evangeliis
1733 1967 2037 2036 descriptas

458 2060 763 2130 proposuit,
796 2069 1012 2144 tentans
1041 2074 1164 2113 eum
1194 2075 1257 2113 ac
1279 2059 1468 2114 dicens
1497 2079 1510 2112 :
1548 2058 1603 2113 Si
1635 2059 1804 2114 Filius
1831 2059 1923 2114 Dei
1953 2075 2034 2125 es,

461 2150 577 2204 haec
604 2149 794 2215 dicito,
828 2150 919 2203 illa
953 2149 1137 2202 facito.
1180 2147 1441 2218 Impetum
1467 2151 1652 2219 itaque
1678 2149 1964 2204 confertim
2006 2165 2038 2204 a

459 2239 712 2309 tuulignis
764 2239 1048 2309 spiritibus
1091 2237 1317 2301 factum,
1359 2252 1660 2308 eorumque
1703 2239 1914 2294 cladem
1951 2238 2040 2294 de-

460 2331 650 2386 scribit
681 2332 794 2385 ltzec
823 2331 1104 2400 prophetia
1137 2345 1296 2399 τίμιαι
1317 2329 1440 2384 illos
1465 2328 1578 2384 'una
1621 2330 1840 2409 quidem
1909 2346 2039 2384 coa-

459 2434 578 2477 ctos
603 2438 724 2478 esse
751 2421 928 2485 docet,
947 2437 1122 2490 neque
1140 2429 1320 2475 tamen
1348 2421 1550 2490 aliquid
1573 2437 1730 2491 agere
1757 2422 2034 2490 potuisse;

459 2516 556 2570 sed
587 2531 711 2570 cum
744 2517 1250 2586 appropinquarent
1279 2515 1402 2583 ipsi,
1425 2514 1574 2568 humi
1598 2515 1888 2570 decidisse.
1915 2513 2038 2570 ldeo

458 2608 664 2660 dictum
698 2621 803 2670 εει,
847 2606 1048 2660 Cadent
1081 2623 1111 2658 a
1140 2597 1304 2659 latere
1328 2615 1416 2658 tuo
1450 2605 1615 2669 mille,
1647 2614 1695 2658 et
1721 2606 1894 2658 decem
1921 2607 2038 2659 mil-

459 2698 535 2750 lia
559 2717 590 2750 α
608 2697 810 2752 dextris
839 2699 964 2751 tuis.
990 2695 1206 2760 Ptoillo
1237 2707 1438 2760 autem,
1459 2699 1498 2749 Α
1521 2697 1682 2750 latere
1709 2707 1820 2762 tua,
1846 2697 2038 2768 Aquila

457 2800 511 2843 et
561 2777 945 2859 Symmachus,
985 2805 1049 2843 ex
1089 2798 1392 2843 transverso
1441 2797 1551 2851 tuo,
1599 2788 1922 2855 ediderunt;
1958 2791 2038 2844 sic

460 2879 739 2932 sinistram
789 2879 1091 2936 Salvatoris
1137 2887 1488 2949 nuncupante
1517 2879 1700 2933 divina
1732 2879 2035 2951 Scriptura,

461 2972 588 3039 quia
625 2969 854 3026 fortasse
884 2987 1050 3040 penes
1081 2987 1204 3026 eum
1235 2970 1369 3024 nihil
1405 2970 1600 3026 laavum
1629 2979 1722 3025 aut
1754 2973 2037 3027 sinistrum

459 3071 565 3118 est.
594 3063 860 3118 Caeterum
883 3065 950 3118 de
974 3065 1230 3118 omnibus
1262 3063 1426 3117 simul
1457 3063 1785 3118 adversariis
1807 3074 2041 3134 potesta-

461 3157 610 3209 tibus
633 3155 836 3210 dirtunt
872 3163 956 3211 est
999 3156 1152 3218 illud,
1195 3155 1270 3210 Ad
1314 3166 1361 3210 te
1389 3165 1564 3209 autem
1609 3173 1712 3210 non
1757 3160 2039 3227 appropin-

2140 596 2299 648 αὐτὸν
2334 598 2628 667 ἐπιχειρεῖν
2651 599 2742 650 τὸν
2775 598 3014 652 διάϐολον
3035 617 3048 629 ·
3079 600 3159 652 διὸ
3187 600 3436 654 λέλεκται
3458 618 3470 630 ·
3502 603 3607 655 Kal
3639 597 3727 671 ἦν

2135 691 2284 758 μετὰ
2316 689 2436 743 τῶν
2463 691 2701 759 θηρίων.
2731 692 2907 744 Ποίων
2941 692 2998 743 δέ
3028 691 3264 763 θηρίων;
3296 694 3324 744 ὁ
3362 692 3500 763 μετὰ
3530 698 3724 764 χεῖρας

2141 781 2434 852 παρίστησι
2468 781 2625 850 λόγος
2660 782 2862 854 προῖὼν
2900 784 3028 853 ἑξῆς
3051 786 3145 838 καὶ
3165 785 3357 854 λέγων·
3387 789 3512 841 Ἐπ’
3539 789 3724 842 ἀσπί-

2140 872 2215 925 δα
2249 873 2346 926 καὶ
2391 875 2770 937 βασιλίσκων
2801 878 3092 944 ἐπιϐήσῃ,
3135 879 3234 931 καὶ
3275 881 3724 948 καταπατήσεις

2139 964 2356 1018 λέοντα
2401 965 2499 1018 καὶ
2549 965 2865 1032 δράκοντα.
2916 967 3192 1031 Τοιούτοις
3244 969 3353 1039 γάρ
3408 986 3584 1032 τισιν,
3643 969 3723 1031 ὡς

2139 1055 2307 1118 εἰκὸς,
2342 1054 2507 1107 εἴδεσι
2539 1073 2598 1107 τε
2647 1057 2740 1109 καὶ
2802 1062 3037 1128 μορφαῖς
3091 1059 3579 1131 σχηματιζόμεναι,
3625 1061 3722 1116 τὸν

2138 1145 2321 1214 ἀέριον
2351 1146 2513 1199 τόπον
2555 1147 2906 1218 διιπτάμεναί
2959 1167 3104 1213 τινες
3158 1151 3414 1222 δυνάμεις
3446 1153 3718 1223 πονηραὶ,

2138 1237 2304 1306 ἀρχαί
2329 1254 2390 1289 τε
2424 1238 2516 1290 καὶ
2547 1236 2807 1303 ἐξουσίαι,
2842 1240 2936 1294 καὶ
2977 1243 3420 1314 κοσμοκράτορες
3462 1243 3554 1296 τοῦ
3596 1245 3721 1298 σκό-

2137 1345 2262 1390 τους
2310 1328 2530 1394 τούτου,
2590 1332 2684 1384 καὶ
2742 1334 3089 1402 πνευματικά
3145 1336 3448 1405 πονηρίας,
3495 1336 3721 1406 τρόποις

2139 1420 2466 1491 ἀλληγορίας
2510 1422 2735 1485 ἀσπίδες
2781 1425 2872 1476 καὶ
2919 1423 3222 1494 βασιλίσκω
3274 1427 3368 1480 καὶ
3427 1427 3720 1498 δράκοντες

2138 1506 2232 1557 καὶ
2259 1505 2466 1569 λέοντες
2504 1507 2918 1580 ὀνομαζόμεναι,
2950 1513 2983 1582 ἢ
3013 1513 3105 1565 καὶ
3135 1513 3222 1566 διὰ
3254 1515 3315 1567 τὸ
3346 1516 3584 1586 ἐμφερὲς
3615 1517 3720 1587 τῆς

2140 1595 2337 1660 κακίας
2365 1597 2576 1661 τούτοις
2623 1600 3145 1672 παραϐαλλόμεναι,
3181 1603 3358 1657 πάντα
3413 1605 3719 1676 πειρασμὸν

2138 1685 2350 1740 ἐκίνουν
2383 1689 2502 1740 κατ’
2533 1689 2715 1742 αὑτοῦ.
2737 1691 2858 1742 Ἐπὶ
2888 1691 3028 1743 τέλει
3065 1693 3122 1744 δὲ
3152 1695 3387 1756 πάντων,
3417 1696 3492 1758 ὡς
3526 1693 3664 1748 εἶδεν
3685 1697 3716 1749 ὀ

2138 1776 2380 1841 διάϐολος
2403 1780 2489 1832 ἐπ’
2515 1780 2716 1834 ἀσπίδα
2736 1782 2829 1834 καὶ
2846 1782 3156 1851 βασιλίσκον
3178 1785 3543 1857 ἐπιϐεϐηκότα
3557 1787 3718 1841 αὐτὸν

2139 1871 2233 1923 καὶ
2264 1874 2764 1944 καταπεπατηκότα
2788 1875 2966 1938 πάσας
2987 1873 3086 1938 τὰς
3112 1877 3202 1929 ὑπ’
3226 1878 3386 1930 αὐτὸν
3415 1879 3718 1948 ἐνεργείας,

2140 1963 2304 2025 αὐτὸς
2333 1963 2435 2033 ῆδη
2468 1963 2651 2018 λοιπὸν
2686 1967 2752 2018 δι’
2799 1967 2992 2021 ἐαυτοῦ
3041 1969 3271 2040 προσῄει
3326 1971 3577 2033 ταπεινὸς
3624 1972 3720 2024 καὶ

2140 2053 2516 2118 ύποδεδοικὼς,
2548 2055 2850 2128 προσέφερέ
2890 2075 2949 2110 τε
2982 2059 3127 2130 αύτῴ
3163 2059 3261 2122 τὰς
3285 2061 3582 2132 ἐρωτήσεις
3619 2063 3720 2124 τὰς

2138 2145 2196 2197 ἐν
2225 2148 2336 2208 τοῖς
2368 2145 2719 2214 Εὑαγγελίοις
2760 2149 3278 2221 ἀναγεγραμμένας,
3315 2151 3592 2223 πειράζων
3621 2153 3721 2204 αὑ·

2137 2237 2228 2290 τὸν
2263 2238 2358 2291 καὶ
2399 2238 2591 2307 λέγων,
2624 2240 2686 2292 Εἰ
2713 2240 2837 2304 Υἱὸς
2869 2236 2918 2293 εἴ
2938 2241 3032 2294 τοῦ
3069 2241 3225 2306 Θεοῦ,
3267 2243 3387 2295 είπέ
3427 2243 3574 2306 τάδε,
3627 2244 3721 2296 καὶ.

2139 2327 2364 2396 ποίησον
2396 2328 2541 2382 τάδε.
2579 2329 2690 2399 Τὴν
2719 2325 2812 2384 οῦν
2858 2330 3060 2402 ἀθρόαν
3107 2331 3284 2403 ὁρμὴν
3311 2331 3422 2386 τῶν
3465 2335 3719 2404 πονηρῶν

2139 2421 2462 2490 πνευμάτων
2510 2422 2601 2474 καὶ
2634 2423 2732 2494 τὴν
2768 2419 2936 2494 ἧτταν
2969 2423 3145 2477 αὐτῶν
3208 2427 3240 2494 ἡ
3297 2425 3545 2496 παροῦσα
3579 2443 3723 2496 παρ-

2142 2509 2318 2581 ίστησι
2364 2511 2705 2583 προφητεία·
2756 2511 2891 2582 ὁμοῦ
2925 2513 3024 2582 μέν
3067 2513 3328 2584 συνῆχθαι
3374 2515 3721 2583 διδάσκουσα,

2142 2601 2216 2671 μὴ
2255 2601 2360 2670 μὴν
2412 2601 2729 2672 δεδυνῆσθαι
2773 2621 2825 2655 τι
2873 2603 2994 2673 μηδ’
3037 2604 3351 2673 ίσχυκέναιο
3388 2605 3500 2658 ἀλλ’
3547 2608 3603 2659 ἐν
3640 2607 3722 2677 τῷ

2139 2693 2460 2763 πλησιάζειν
2495 2694 2643 2764 αύτῷ
2685 2695 3050 2748 καταπίπτειν
3080 2697 3270 2766 χαμαί.
3302 2697 3394 2749 Διὸ
3438 2697 3718 2752 λέλεκται’

2137 2785 2413 2838 Πεσεῖται
2438 2787 2507 2840 ἐκ
2539 2787 2644 2840 τοῦ
2684 2789 2930 2853 κλίτους
2954 2805 3071 2841 σου
3110 2789 3330 2857 χιλιὰς,
3379 2790 3474 2842 καὶ
3509 2791 3723 2858 μιφιὰς

2137 2877 2207 2930 ἐκ
2252 2875 2467 2940 δεξιῶν
2521 2894 2656 2932 σου.
2695 2879 2840 2932 Ἀντὶ¹
2883 2879 2940 2932 δὲ
2984 2878 3108 2931 τοῦ·
3164 2883 3264 2933 Ἐκ
3319 2880 3425 2933 τοῦ
3476 2882 3722 2947 ultori;

2139 2981 2276 3029 σου,
2313 2967 2541 3030 Ἀκύλας
2567 2968 2660 3020 καὶ
2689 2968 3003 3040 Σύμμαχος,
3041 2971 3142 3024 Ἐκ
3169 2971 3274 3024 τοῦ
3296 2971 3558 3039 πλαγίου
3580 2987 3720 3033 σου,

2139 3057 2501 3111 ἐκδεὸὼκασιν
2520 3079 2534 3090 ·
2563 3058 2705 3112 οὕτω
2745 3062 2844 3130 τῆς
2875 3060 3062 3132 θεῖκῆς
3085 3062 3306 3133 Γραφῆς
3338 3061 3408 3114 τὰ
3459 3063 3721 3133 ἀριστερά

2141 3150 2232 3202 τοῦ
2273 3151 2522 3222 Σωτῆρος
2551 3151 2926 3224 ὀνομαζούσης
2947 3193 2961 3215 ,
3007 3154 3150 3224 τάχα
3183 3154 3242 3206 τὸ
3273 3155 3437 3225 μηδὲν
3484 3151 3622 3208 εἶναι
3663 3158 3722 3208 ὲν

463 3245 736 3315 quabunt;
790 3245 1029 3316 itemque
1071 3246 1226 3312 illud,
1287 3245 1656 3300 Verumtamen
1712 3250 1879 3302 oculis
1931 3250 2034 3302 tuis

2140 3240 2287 3311 αὐτῷ
2319 3243 2504 3295 σκαιδν
2540 3244 2672 3314 μηδὲ
2704 3245 3009 3316 ἀριστερόν.
3043 3245 3187 3315 Πλὴν
3210 3245 3345 3298 ἀλλά
3370 3246 3497 3317 περὶ
3527 3246 3720 3298 πασῶν

463 3337 846 3403 considerabis,
879 3350 926 3394 et
955 3339 1348 3394 retributionem
1369 3349 1701 3410 peccatorum
1726 3339 1941 3394 videbis.
1971 3339 2036 3393 Et

465 3430 600 3496 liter,
634 3431 831 3500 inquit,
866 3433 1050 3486 omnia
1083 3433 1180 3487 tibi
1217 3432 1494 3499 aecident;
1525 3431 1789 3500 quoniam
1832 3439 1910 3494 tu,
1941 3431 2038 3484 Do-

465 3523 640 3587 mine,
707 3538 833 3595 spes
892 3538 1048 3590 mea,
1110 3523 1440 3579 Altissimum
1497 3524 1720 3592 posuisti
1776 3523 2036 3594 refugium

465 3625 635 3670 tuum.

535 3909 771 3968 Ᾱίειίηιο
802 3921 982 3968 autem
1018 3914 1118 3971 has
1153 3913 1455 3969 invisibiles
1487 3920 1542 3968 et
1570 3911 1908 3968 adversarias
1942 3927 2040 3982 po-

463 4011 716 4068 testates,
756 4021 879 4074 quae
932 4007 1039 4061 sub
1071 4009 1329 4062 universo
1382 4006 1524 4061 caelo
1566 4013 1742 4067 erant,
1778 4004 2040 4059 adversus

464 4109 590 4149 cum
638 4092 924 4148 confertim
961 4102 1318 4166 congregatas
1357 4093 1546 4156 fuisse,
1581 4093 1724 4162 quod
1759 4092 2041 4162 perturba-

463 4193 657 4242 rentur
689 4200 757 4240 ex
787 4186 950 4239 allata
981 4187 1081 4255 ipsi
1113 4201 1264 4250 voce,
1298 4183 1518 4254 quando
1545 4188 1597 4238 in
1621 4184 1885 4238 columba:
1917 4199 2041 4253 spe-

465 4281 549 4336 cie
583 4280 822 4351 Spiritus
858 4291 1084 4336 sanctus
1127 4280 1408 4335 descendit
1439 4280 1491 4334 in
1535 4279 1708 4342 illum,
1745 4287 1798 4332 et
1855 4279 2040 4332 audita

465 4387 570 4426 vox
603 4380 689 4428 est
722 4371 959 4441 desuper
997 4371 1185 4425 dicens
1222 4389 1236 4424 :
1275 4370 1375 4423 Hic
1407 4379 1484 4424 est
1531 4367 1706 4422 Filius
1738 4385 1880 4422 meus
1908 4369 2041 4422 dile-

466 4477 604 4529 ctus,
642 4464 695 4518 in
745 4480 846 4533 quo
901 4461 1030 4516 mihi
1075 4463 1370 4531 complacui
1399 4462 1465 4515 δ’.
1515 4459 1629 4514 Hac
1661 4461 1824 4530 igitur
1855 4460 2039 4514 audita

2139 3334 2349 3405 ἀθρόως
2378 3334 2486 3386 τῶν
2507 3335 2895 3405 ἀντικειμένων
2928 3335 3202 3406 δυνάμεων
3222 3337 3434 3407 εἴρηται
3459 3338 3537 3397 τὸ,
3563 3336 3722 3404 Πρὸς

2139 3427 2216 3478 σὲ
2244 3425 2312 3478 δὲ
2339 3428 2450 3480 οὐκ
2478 3427 2765 3496 ἐπῪιοῦσι,
2800 3430 2894 3482 καὶ
2928 3429 3005 3494 τὸ,
3039 3427 3209 3488 Πλὴν
3245 3430 3366 3495 τοῖς
3395 3431 3723 3500 ὀφθαλμοῖς

2138 3536 2254 3572 σου
2314 3519 2712 3586 κατανοήσεις
2730 3561 2744 3584 ,
2771 3521 2869 3574 καὶ
2923 3520 3333 3575 ἀνταπόδοσιν
3358 3522 3722 3590 ἁμαρτωλῶν

2140 3610 2294 3678 ὄψει.
2332 3611 2443 3664 Καὶ
2482 3612 2674 3677 ταῦτα,
2698 3613 2852 3682 φησι,
2907 3613 3084 3668 πάντα
3116 3613 3268 3668 ἔσται
3297 3616 3425 3685 περὶ
3457 3617 3536 3681 σὲ,
3572 3619 3722 3668 ἐπει-

2139 3701 2312 3774 δήπερ
2340 3704 2426 3766 σὺ,
2465 3697 2510 3757 ὦ
2560 3703 2731 3775 Κύριε
2759 3745 2772 3769 ,
2814 3704 2848 3774 ἡ
2898 3703 3006 3775 ἐμὶη
3055 3705 3242 3769 ἐλπὶς,
3292 3707 3402 3760 τὸν
3432 3709 3723 3776 Ὕψιστον

2139 3795 2278 3848 ἔθου
2307 3794 2660 3865 καταφυγήν
2689 3811 2825 3850 σου.

2224 3909 2493 3980 Ἣγοῦμαι
2535 3909 2590 3962 δὲ
2627 3911 2724 3974 τὰς
2751 3911 3014 3984 ἀοράτους
3040 3913 3242 3976 ταύτας
3273 3913 3366 3965 καὶ
3410 3912 3722 3982 ἀντικειμέ-

2141 4018 2237 4064 νας
2266 4001 2560 4072 δυνάμεις,
2592 4003 2691 4066 τὰς
2735 4004 2840 4056 ὑπὸ
2886 4005 3048 4057 παντὶ
3093 4005 3170 4075 τῷ
3205 4004 3417 4076 οὐρανῷ
3461 4003 3723 4074 συνῆχθαι

2142 4093 2320 4155 πάσας
2371 4094 2582 4165 ἀθρόως
2629 4096 2750 4146 κατ’
2795 4094 2958 4147 αὑτοῦ
3008 4093 3404 4166 θορυϐηθείσας
3462 4094 3569 4146 ἀπὸ
3620 4093 3724 4162 τῆς

2141 4185 2454 4256 ἐνεχθείσης
2501 4187 2636 4257 πρὸς
2667 4186 2828 4238 αὐτὸν
2855 4185 3058 4255 φωνῆς,
3091 4187 3180 4239 ὅτε
3207 4187 3264 4238 ἐν
3309 4186 3437 4238 εῖδει
3470 4202 3726 4256 περιστε-

2144 4279 2244 4348 ρᾶς
2269 4277 2330 4330 τὸ
2359 4277 2584 4347 Πνεῦμα
2611 4278 2671 4330 τὸ
2705 4278 2857 4345 ἅγιον
2897 4279 3218 4332 κατέϐαινεν
3248 4279 3335 4330 ἐπ’
3374 4278 3558 4340 αὐτὸν,
3593 4279 3628 4346 ἦ
3661 4295 3725 4330 τε

2142 4368 2346 4422 ἀνωθεν
2396 4369 2547 4440 φωνὴ
2603 4369 2845 4441 ἠκούσθη
2899 4370 3167 4438 λέγουσα·
3233 4365 3413 4434 Οὗτός
3466 4369 3636 4422 ἐστιν
3693 4373 3726 4422 ό

2151 4461 2283 4526 Υἱός
2303 4478 2420 4530 μου
2447 4465 2479 4515 o'
2511 4462 2838 4530 ἀγαπητὸς,
2861 4462 2931 4516 ἐν
2961 4455 3009 4527 ᾧ
3036 4461 3363 4528 εὐδόκησα.
3395 4460 3726 4514 Ἀκούσασαι

465 4572 622 4623 voce,
652 4555 982 4624 conspicata:
1009 4554 1137 4608 item
1175 4570 1204 4606 a
1240 4553 1446 4624 Spiritu
1482 4561 1672 4607 sancto
1705 4567 1802 4620 per
1826 4553 2038 4605 colurn-

2144 4553 2273 4620 γοῦν
2303 4553 2404 4623 τῆς
2440 4555 2620 4625 φωνῆς
2646 4554 2870 4624 ταύτης,
2900 4558 2994 4607 καὶ
3026 4555 3354 4624 θεασάμεναι
3380 4553 3471 4606 τὸν
3501 4553 3606 4606 ὑπὸ
3627 4552 3725 4604 τοῦ

464 4649 587 4704 bam
621 4656 1111 4702 commonstratum
1167 4645 1337 4700 fuisse
1376 4645 1649 4699 hominem
1702 4641 1898 4697 Filium
1945 4642 2038 4699 Dei

465 4741 823 4812 appellatum,
858 4753 1035 4807 neque
1065 4737 1184 4791 voci
1204 4751 1312 4790 non
1345 4735 1592 4798 credere,
1619 4749 1818 4803 neque,
1858 4734 2037 4787 homi-

466 4849 592 4888 nem
633 4847 798 4888 carne
832 4831 1082 4885 indutum
1122 4828 1596 4891 cernentes,hunc
1628 4827 1887 4880 dilectum
1917 4842 2040 4881 esse

468 4923 561 4979 Dei
602 4938 924 4993 persuasum
955 4922 1156 4975 habere
1195 4928 1465 4989 poterant.
1498 4917 1680 4984 Quare
1711 4918 2039 4987 stupendum

466 5015 765 5086 quidpiam,
799 5024 851 5069 et
895 5029 1091 5069 novam
1137 5011 1373 5066 hominis
1417 5020 1668 5064 naturam
1727 5017 2037 5074 cernentes,

469 5122 625 5162 suam
671 5107 931 5176 operandi
979 5107 1085 5160 vim
1125 5103 1490 5176 prmslantiori
1529 5105 1731 5157 virtute
1755 5102 2040 5158 delendam

468 5213 592 5254 esse
642 5199 1052 5269 exspectabant.
1096 5195 1304 5252 Idcirco
1347 5197 1496 5250 illum
1531 5197 1735 5250 adorta:
1767 5203 1916 5258 sunt,
1947 5197 2038 5264 qui

470 5306 590 5345 sese
633 5291 802 5345 alacri
863 5290 1046 5344 animo
1086 5290 1338 5344 omnibus
1385 5289 1779 5344 tentationibus
1819 5288 2037 5350 obtulit,

468 5394 606 5448 quas
645 5395 746 5450 pro
770 5381 944 5434 salute
979 5378 1256 5432 hominum
1289 5385 1624 5447 susceperat.
1653 5377 1788 5432 Nam
1821 5386 2044 5441 cum,ut

469 5470 606 5533 dixi,
647 5472 1042 5542 praedicaturus
1095 5478 1240 5526 esset
1288 5472 1507 5537 captivis
1551 5472 1934 5535 dimissionem,
1991 5478 2040 5524 et

469 5563 621 5614 circis
643 5563 781 5616 visus
805 5563 1184 5616 restitutionem
1203 5601 1218 5626 ,
1265 5562 1566 5616 secundum
1613 5562 1951 5633 prophetiam
1975 5561 2043 5617 de

469 5651 589 5722 ipso
607 5653 870 5720 prolatam
887 5655 962 5720 ⁸³;
989 5663 1150 5724 atque
1171 5653 1410 5708 futurum
1432 5661 1600 5717 esset,
1621 5662 1680 5706 ut
1702 5653 1913 5709 animas
1943 5654 2042 5708 Ιιοα

2143 4645 2298 4713 ἁγίου
2346 4645 2662 4715 Πνεύματος
2707 4646 2796 4700 διά
2833 4647 2931 4718 τῆς
2970 4649 3298 4718 περιστερᾶς
3341 4645 3726 4716 ἀναδειχθέντα

2142 4735 2424 4807 ἄνθρωπον
2459 4735 2584 4788 Υἰὺν
2639 4735 2774 4789 Θεοῦ
2829 4737 3241 4808 ὠνομασμένον,
3291 4735 3414 4790 οῦτε
3463 4741 3528 4808 τῇ
3570 4737 3724 4807 φωνῇ

2141 4827 2388 4879 ἀπιστεῖν
2437 4823 2602 4898 εἶχον,
2656 4826 2780 4880 οῦτε
2836 4828 2930 4882 τὸν
2965 4828 3250 4900 ἄνθρωπον
3297 4829 3501 4898 ὁρῶσαι
3547 4829 3727 4900 σάρκα

2141 4919 2516 4988 ἠμφιεσμένον
2541 4917 2814 4972 πιστεύειν
2840 4919 3028 4971 τοῦτον
3052 4916 3190 4972 εἶναι
3210 4919 3300 4972 τὸν
3321 4918 3599 4990 ἀγαπητὸν
3631 4917 3728 4969 τοῦ

2142 5009 2402 5064 Θεοῦ.Διδ
2429 5011 2574 5076 ξένον
2607 5029 2659 5063 τι
2690 5011 2879 5082 χρῆμα
2916 5011 3006 5065 καὶ
3030 5012 3221 5083 καινὴν
3245 5011 3530 5082 ἀνθρώπου
3561 5012 3730 5078 φύσιν

2145 5101 2412 5173 θεώμεναι
2435 5144 2450 5166 ,
2479 5102 2578 5167 τὰς
2620 5104 2825 5166 οἰκείας
2857 5103 3139 5174 ἐνεργείας
3177 5103 3404 5172 δυνάμει
3458 5101 3730 5173 κρείττονι

2145 5194 2641 5266 καθαιρεθήσεσθαι
2666 5195 3092 5266 προσεδόκησαν.
3112 5195 3202 5247 Διὸ
3221 5195 3284 5265 δὴ
3309 5193 3547 5264 ἐπῄεσαν
3579 5192 3728 5260 αὑτῷ

2147 5283 2375 5336 ἐπιδόντι
2409 5280 2468 5337 εὖ
2513 5284 2656 5356 μάλα
2691 5284 2986 5356 προθύμως
3013 5285 3205 5338 ἑαυτὸν
3240 5287 3321 5347 είς
3362 5284 3570 5346 πάντας
3601 5282 3729 5345 τοὺς

2148 5377 2504 5447 πειρασμοὺς,
2537 5375 2628 5439 οὓς
2651 5376 2791 5447 ὑπὲρ
2817 5377 2917 5446 τῆς
2954 5375 3256 5447 ἀνθρώπων
3289 5374 3562 5445 σωτηρίας
3596 5373 3728 5425 ἀνα-

2145 5468 2378 5521 δέδεκτο.
2396 5469 2619 5521 Μέλλων
2640 5465 3001 5540 γοῦν,·ὦσπερ
3021 5469 3178 5538 ἔφην,
3193 5466 3485 5538 κηρύττειν
3518 5466 3731 5531 αἰχμα-

2144 5560 2355 5625 λώτοις
2379 5558 2620 5628 ἄφεσιν,
2657 5559 2756 5612 καὶ
2788 5559 3039 5628 τυφλοῖς
3068 5558 3423 5627 ἀνάϐλεψιν,
3458 5555 3598 5610 κατά
3626 5555 3728 5624 τὴν

2146 5651 2274 5726 περὶ
2307 5651 2470 5706 αὐτοῦ
2505 5652 2862 5725 προφητείαν,
2896 5653 3150 5722 ἀφέλκειν
3177 5669 3237 5704 τε
3261 5651 3360 5717 τὰς
3384 5649 3493 5704 τῶν
3515 5644 3726 5718 ἀνθρὼ-

545 5805 590 5838 ⁸¹
629 5803 795 5860 Marc.
835 5824 881 5871 ι,
922 5810 1003 5864 l5.
1080 5809 1124 5841 "
1167 5809 1355 5864 Matth.
1391 5826 1488 5875 ιιι,
1527 5810 1612 5866 l7.
1682 5811 1726 5842 ⁸⁸
1768 5808 1899 5863 Luc.
1932 5826 2006 5875 tv,

2178 5808 2282 5864 lsa.
2317 5825 2404 5866 LXI
2425 5851 2439 5873 .
2477 5814 2529 5868 l.
