4068 6394
307 391 442 457 “57

1473 384 1977 445 COMMENTARIA
2015 387 2081 444 IN
2117 387 2456 446 PSALMOS.

3432 392 3572 450 “58

305 527 422 564 πων
448 507 623 579 ψυχὰς
663 504 770 560 ἀπὸ
807 498 916 559 τῶν
958 504 1124 560 πάλαι
1182 503 1641 577 ᾐχμαλωτικότων
1674 507 1845 572 αὐτὰς
1869 549 1884 573 ,

1993 509 2197 562 minum
2240 509 2309 563 ab
2339 509 2428 572 iis,
2457 506 2552 579 qui
2593 508 2741 578 ipsas
2774 507 2903 562 olim
2943 507 3000 564 in
3032 509 3400 582 captivitatem
3446 509 3576 564 abe-

303 598 620 672 ἐλευθεροῦν
653 617 713 652 τε
740 599 909 662 αὐτὰς
943 599 1050 652 ἀπὺ
1088 599 1187 668 τῆς
1226 599 1616 672 είδωλολάτρου
1656 601 1886 670 πλάνης,

303 691 614 762 ἀναγκαίως
641 691 851 762 πρῶτον
882 690 1136 743 ἁπάντων
1173 692 1292 743 κατ’
1321 690 1502 744 αὐτῶν
1526 690 1888 763 ἐστρατεύετο

303 781 410 836 τῶν
460 781 549 835 τὸν
608 779 817 850 μακρὸν
855 777 1028 831 αἰῶνα
1056 780 1559 849 τετυραννηκότων.
1626 782 1779 835 Ἐπεὶ
1831 783 1888 835 δὲ

302 873 512 937 τούτοις
548 871 960 943 κατηγωνίσατο
1016 870 1082 924 δι’
1117 872 1396 944 ὑπομονῆς
1439 873 1640 938 παντὸς
1698 887 1890 947 πειρα-

306 964 465 1037 σμοῦ,
492 964 572 1018 διό
598 982 760 1036 φησιν
787 966 815 1016 ὁ
843 965 1056 1026 Λουκᾶς
1085 981 1098 993 ·
1129 965 1240 1018 Καὶ
1282 967 1662 1033 συντελέσας
1693 967 1890 1022 πάντα

303 1058 636 1128 πειρασμὸν
669 1061 702 1112 ό
739 1057 1019 1122 διάϐολος
1057 1056 1296 1127 ἀπέστη
1349 1058 1449 1112 ἀπ’
1489 1059 1694 1114 αὐτοῦ.
1732 1062 1888 1114 Μετὰ

305 1151 476 1205 ταῦτα
525 1151 616 1203 ἐπὶ
665 1149 761 1221 τὴν
803 1149 910 1202 τῶν
962 1149 1267 1220 ἀνθρώπων
1323 1147 1621 1222 θεραπείαν
1655 1151 1885 1224 ἐχώρει·

307 1241 456 1296 ἔνθεν
505 1243 599 1296 καὶ
654 1241 902 1315 ἔφριττον
953 1241 1116 1294 αὑτὸν
1145 1243 1192 1294 οἱ
1243 1240 1533 1312 δαίμονες,
1573 1243 1889 1314 ὡμολόγουν

305 1350 365 1386 τε
391 1331 554 1387 αὐτὸν
604 1331 801 1385 εἰδέναι
852 1331 999 1395 ὅστις
1025 1330 1142 1402 εἴη,
1182 1330 1413 1401 βοῶντες
1462 1333 1554 1384 καὶ
1609 1332 1885 1400 λέγοντες·

310 1425 435 1487 Ἔα,
464 1424 520 1476 τί
544 1423 690 1492 ἡμῖν
720 1424 823 1477 καί
864 1439 985 1485 σοι,
1041 1421 1135 1476 Υἱὲ
1164 1422 1272 1476 τοῦ
1310 1423 1496 1487 Θεοῠ;
1544 1422 1790 1493 οἴδαμέν
1817 1437 1892 1478 σε

305 1517 397 1581 τίς
423 1512 500 1579 εἷ,
528 1518 560 1569 ὁ
589 1515 755 1584 ἅγιος
786 1515 893 1568 τοῦ
917 1514 1087 1568 Θεοῦ.
1134 1514 1266 1567 Ἀπὸ
1304 1514 1413 1586 γὰρ
1446 1515 1544 1586 τῆς
1566 1515 1702 1587 πρὸς
1730 1514 1890 1569 αὑτὸν

307 1606 616 1678 ἐνεχθείσης
645 1607 830 1677 φωνῆς
864 1605 1278 1678 μεμαθήκεισαν
1304 1606 1452 1669 ὅστις
1483 1601 1551 1678 ἦν
1572 1623 1584 1637 ’
1627 1605 1764 1660 ἀλλά
1796 1607 1890 1659 καὶ

307 1697 402 1767 ἀφ’
446 1690 521 1751 ὧν
567 1695 862 1768 εἰργάσατο
903 1696 1045 1750 κατὰ
1082 1695 1175 1749 τὸν
1221 1694 1314 1749 τοῦ
1354 1697 1662 1769 πειρασμοῦ
1702 1697 1890 1769 καιρὸν

307 1787 503 1860 ᾔδεσαν
541 1787 705 1844 αὑτοῦ
731 1788 830 1860 τὴν
857 1787 1109 1858 δύναμιν.

382 1898 464 1950 Οὐ
492 1898 962 1965 προσελεύσεται
995 1897 1145 1966 πρὸς
1189 1896 1265 1951 σὲ
1307 1898 1482 1961 κακὰ,
1517 1899 1617 1951 καὶ
1661 1897 1888 1968 μάστιξ

307 1990 419 2042 οὐκ
450 1988 634 2058 ἑγγιεῖ
652 1989 730 2054 τῷ
764 1988 1110 2058 σκηνώματι
1142 2003 1282 2043 σου.
1306 1990 1426 2042 Ὅτι
1455 1988 1580 2054 τοῖς
1611 1987 1886 2058 ἀγγέλοις

308 2080 494 2138 αὐτοῦ
548 2080 871 2136 ἐντελεῖται
915 2081 1050 2150 περὶ
1098 2080 1215 2135 σοῦ
1268 2081 1375 2134 τοῦ
1407 2079 1769 2150 διαφυλάξαι
1815 2097 1888 2134 σε

309 2173 378 2226 ἐν
421 2171 645 2238 πάσαις
682 2171 813 2239 ταῖς
851 2171 1012 2238 ὁδοῖς
1058 2187 1194 2226 σου.
1246 2173 1371 2225 Ἐπὶ
1414 2170 1627 2241 χειρῶν
1671 2171 1890 2241 ἁροῦσί

309 2275 404 2329 σε,
425 2265 657 2334 μήποτε
682 2267 1040 2334 προσκόψῃς
1066 2264 1214 2332 πρὸς
1237 2265 1412 2319 λίθον
1439 2266 1543 2318 τὸν
1568 2263 1723 2318 πόδα
1748 2279 1884 2318 σου.

309 2356 420 2412 Καὶ
441 2353 614 2409 ταῦτα
644 2354 724 2426 ’τῷ
754 2353 895 2407 κατὰ
918 2354 1152 2426 Χριστὸν
1180 2354 1587 2425 τετελειωμένῳ
1611 2354 1768 2425 ἀνδρὶ
1795 2353 1889 2406 καὶ

309 2445 386 2517 τῷ
418 2446 561 2518 χορῷ
601 2445 710 2498 τῶν
743 2445 834 2500 τοῦ
886 2445 1121 2516 Χριστοῦ
1163 2446 1494 2517 μαρτύρων,
1541 2448 1607 2517 τῇ
1655 2462 1713 2498 τε
1758 2446 1890 2516 ἁγίᾳ

311 2536 476 2590 αὐτοῦ
516 2536 830 2608 Ἐκκλησίᾳ,
861 2537 1038 2609 καὶδὴ
1064 2539 1158 2590 καὶ
1203 2531 1359 2608 αὐτῷ’
1386 2536 1462 2608 τῷ
1501 2537 1736 2609 Χριστοῦ
1783 2537 1889 2590 σώ-

313 2643 446 2697 ματι
476 2627 762 2698 ἁρμόσειεν
791 2626 856 2680 ἂν
907 2625 1193 2694 λέγεσθαι·
1235 2627 1297 2679 Ei
1341 2626 1450 2698 γάρ
1487 2625 1890 2696 παρεμϐάλλει

310 2716 565 2788 ἄγγελος
595 2720 811 2787 Κυρίου
842 2719 1046 2782 κύκλῳ
1090 2717 1208 2771 τῶν
1261 2717 1647 2786 φοϐουμένων
1683 2718 1888 2783 αὐτὸν,

313 2810 409 2863 καὶ
427 2811 676 2878 ῥύσεται
709 2809 954 2876 αὐτοὺς,
985 2809 1092 2862 τῶν
1122 2809 1578 2881 ὑπερϐεϐηκότων
1607 2810 1697 2864 τὸν
1729 2810 1892 2879 φόϐον

314 2903 410 2955 καὶ
438 2903 495 2955 ὲν
542 2902 650 2967 ἕξει
697 2901 877 2972 τελείᾳ
910 2901 1010 2971 τῆς
1060 2900 1200 2954 κατὰ
1231 2901 1408 2973 ψυχὴν
1444 2901 1644 2974 ἀρετῆς
1689 2919 1892 2972 τυγχα-

312 2996 531 3060 νόντων,
561 2997 741 3059 ὁποῖός
768 2998 912 3048 ἐστιν
942 2997 976 3048 ὁ
1013 2995 1358 3063 καθήμενος
1387 2994 1456 3048 ἐν
1482 2995 1734 3062 βοηθείᾳ
1787 2995 1893 3048 τοῦ

327 3087 638 3156 Ὑψίστου,
668 3085 766 3141 καὶ
794 3085 910 3140 ὑπὸ
938 3085 1051 3154 τὴν
1078 3088 1262 3140 σκιὰν
1277 3084 1382 3139 τοῦ
1407 3085 1618 3139 ἱκανοῦ
1663 3085 1896 3146 αὐλιζό-

309 3197 523 3250 μενος·
580 3180 688 3233 τῶν
745 3175 833 3232 οὖν
895 3177 1148 3230 τοιούτων
1197 3179 1293 3247 οὐχ
1345 3173 1424 3240 εἷς
1476 3177 1722 3246 ἄγγελος,
1759 3176 1894 3231 ἀλλὰ

315 3272 657 3344 παρεμϐολαὶ
697 3271 914 3332 πλείους
955 3269 1307 3322 καθίστανται
1346 3269 1605 3337 φύλακες,
1641 3269 1760 3322 ὅσαι
1805 3270 1897 3322 καὶ

316 3363 532 3427 πλείους
579 3364 628 3415 οἱ
677 3361 757 3433 τῷ
815 3361 956 3414 κατὰ
1011 3360 1143 3414 Θεὸν
1182 3360 1372 3430 τελείῳ
1433 3359 1892 3423 ἐπιϐουλεύοντες.

315 3458 469 3511 Οὕτω
513 3454 643 3524 γοῦν
666 3455 760 3508 καὶ
802 3454 894 3507 τὸν
938 3453 1222 3524 προφήτην
1290 3451 1586 3504 Ἐλισσαῖον
1637 3450 1896 3504 ὲκύκλουν

316 3545 518 3614 πλῆθος
543 3543 854 3614 δορυφόρων
877 3541 1143 3610 ἀγγέλων.
1169 3541 1261 3593 Διὸ
1289 3541 1437 3593 οὐδὲν
1457 3541 1563 3594 τῶν
1589 3540 1896 3611 βλαπτικιῖψ

313 3634 711 3690 ἐπελεύσεσθαι
738 3634 956 3702 λέγεται
989 3632 1065 3704 τῷ
1093 3633 1180 3687 διὰ
1201 3631 1292 3685 τοῦ
1315 3631 1530 3708 φαλμοῦ
1561 3649 1899 3704 προφητευο-

317 3732 463 3800 μένῳ
483 3744 495 3757 ’
531 3726 644 3780 ἀλλ’
685 3726 804 3779 οὐδὲ
834 3725 1030 3796 μάστιξ
1057 3726 1148 3778 ἐπὶ
1169 3725 1229 3777 τὸ
1260 3724 1417 3795 σῶμα
1443 3724 1753 3794 ἐφάψασθαι
1802 3724 1894 3778 τοῦ

316 3820 672 3890 σκηνώματος
703 3818 869 3871 αὐτοῦ
890 3834 904 3848 ο
947 3817 1184 3887 μάστιγα
1212 3816 1474 3870 νοούντων
1513 3815 1668 3888 ἡμῶν
1707 3816 1766 3869 οὐ
1798 3818 1896 3888 τὴν

315 3913 616 3982 κοινότερον
642 3910 966 3981 λεγομένηνο
1001 3908 1174 3982 ταύτῃ
1211 3909 1318 3980 γὰρ
1349 3909 1752 3981 ὲμαστίχθησαν
1792 3928 1896 3980 μυ-

317 4004 420 4076 ρίοι
435 4004 542 4057 τῶν
559 4003 725 4073 ἁγίων
743 4002 836 4056 τοῦ
851 4001 983 4055 Θεοῦ
1002 4001 1288 4073 μαρτύρων
1310 4001 1402 4053 καὶ
1422 4001 1586 4054 αὐτοῦ
1604 4001 1661 4054 δὲ
1672 4002 1763 4054 τοῦ
1785 4002 1897 4054 Σω-

315 4098 382 4167 τῆ
391 4113 479 4168 ρος
495 4096 650 4168 ἡμῶν
668 4095 729 4148 τὸ
741 4094 1048 4166 σωματικὸν
1065 4094 1327 4165 σκήνωμα
1345 4094 1481 4164 καὶή
1498 4092 1631 4164 σὰρξ
1649 4092 1896 4163 μάστιξιν

315 4187 514 4259 ᾐκίσθη
573 4187 712 4241 κατὰ
764 4188 856 4240 τὸν
903 4187 1092 4259 καιρὸν
1141 4185 1235 4238 τοῦ
1295 4186 1533 4251 πάθους,
1589 4185 1896 4249 ἀκολούθως

315 4281 383 4350 τῇ
443 4277 724 4350 φασκούσῃ
777 4280 904 4350 περὶ
947 4278 1109 4333 αὑτοῦ
1168 4280 1503 4351 προφητείᾳ,
1551 4280 1662 4333 Τὸν
1703 4279 1896 4333 νῶτόν

310 4387 431 4439 μου
471 4368 661 4423 ἔδωκα
691 4372 778 4435 εἰς
806 4368 1141 4439 μάστιγας,
1189 4371 1296 4436 τὰς
1339 4371 1408 4424 δὲ
1448 4372 1735 4440 σιαγόνας
1773 4389 1893 4440 μου

315 4465 404 4529 εἰς
421 4463 802 4532 ,ῥαπίσματαο
833 4461 913 4514 διὸ
943 4462 1183 4532 μάστιγα
1211 4462 1304 4515 νῦν
1338 4461 1626 4534 δηλοῦσθαι
1662 4463 1758 4532 τὴν
1786 4464 1895 4516 ἀπὸ

316 4539 632 4625 δαιμονικῆς
675 4555 952 4625 ἐνεργείας
999 4555 1211 4624 πληγὴν
1245 4555 1551 4625 νομιστέον,
1583 4557 1774 4619 ὁποίας
1820 4555 1896 4608 εί-

321 4655 480 4718 ρηται
516 4647 677 4709 αὐτὸς
719 4647 748 4698 ὁ
801 4647 991 4718 Σωτὴρ
1041 4646 1294 4700 ἰάσασθαι
1343 4648 1438 4698 καὶ
1483 4646 1804 4717 θεραπεύειν
1835 4649 1892 4700 ἐν

319 4738 624 4810 ἀνθρώποις
656 4738 920 4809 δαιμόνων
946 4737 1269 4809 ἀκαθάρτων
1307 4739 1592 4809 μάστιγας.
1627 4738 1893 4809 Τοιαύτην

318 4828 410 4885 οὖν
451 4831 688 4903 μάστιγά
735 4849 899 4902 φησιν
938 4832 966 4883 ὁ
1015 4829 1204 4902 παρὼν
1237 4829 1392 4899 λόγος
1425 4831 1499 4901 μὴ
1535 4831 1774 4898 ἐγγίσειν
1815 4829 1892 4901 τῷ

322 4921 756 4994 σκηνώματιλτοῦ
798 4922 1298 4994 προφητευομένου,
1323 4923 1412 4976 διὰ
1437 4923 1496 4974 τὸ
1529 4922 1891 4992 φυλάττεσθαι

320 5015 424 5070 ὑπὸ
456 5017 562 5069 τῶν
589 5015 1008 5086 καθεσταμένων
1037 5017 1128 5069 ἐπὶ
1154 5015 1215 5068 τὸ
1255 5019 1512 5088 φρουρεῖν
1543 5016 1702 5068 αὐτὸν
1728 5016 1894 5084 ἀγγέ-

320 5107 448 5172 λων,
477 5109 525 5162 οἶ
565 5107 627 5177 δὴ
667 5108 759 5160 καὶ
809 5107 900 5159 ἐπὶ
948 5105 1147 5178 χειρῶν
1199 5105 1360 5159 αὑτὸν
1387 5107 1659 5176 μετέωρον
1697 5106 1894 5177 ἀναλήσ

319 5200 514 5271 ψεσθαι
540 5200 806 5268 λέγονται,
838 5199 974 5270 πρὸς
1000 5198 1060 5251 τὸ
1084 5198 1156 5269 μὴ
1182 5199 1547 5270 προσκόπτειν
1572 5198 1736 5251 αὑτοῦ
1763 5197 1894 5268 λίθῳ

319 5293 410 5346 τὸν
440 5294 593 5347 πόδα.
634 5295 905 5364 Σκήνωμα
944 5292 1000 5344 δὲ
1044 5291 1206 5344 αὐτοῦ
1241 5291 1362 5345 καθ’
1397 5293 1492 5346 ἕνα
1544 5291 1642 5362 μὲν
1695 5292 1894 5363 τρόπον

321 5387 464 5458 ἐρεῖς
508 5382 646 5440 εἶναι
693 5386 790 5457 τὴν
826 5384 1150 5454 Ἐκκλησίαν
1188 5382 1374 5446 αὐτοῦ,
1424 5383 1566 5436 κατὰ
1610 5384 1670 5436 τὸ
1695 5424 1708 5447 ,
1748 5384 1896 5448 Ἕως

320 5475 399 5528 ἄν
445 5475 596 5544 εὕρω
655 5479 843 5530 τόπον
897 5474 979 5541 τῷ
1022 5476 1246 5543 Κυρίῳ,
1309 5473 1596 5544 σκήνωμα
1642 5473 1722 5539 τῷ
1774 5471 1895 5538 Θεῷ

331 5567 556 5622 Ἰακώϐ·
593 5568 733 5622 οὕτω
779 5567 871 5621 καὶ
905 5566 1126 5621 πλείονα
1157 5566 1489 5637 σκηνώματα
1517 5565 1614 5630 τὰς
1651 5566 1894 5618 ἁπαντα-

429 5723 474 5755 ⁸⁶
509 5722 643 5778 Luc.
684 5741 758 5788 tv,
801 5724 887 5779 15.

319 5792 365 5825 ⁸⁹
402 5793 544 5849 Psal.
579 5810 806 5855 Lxxxnt.
841 5795 895 5850 2.

1922 1865 1962 1918 Β

1925 3241 1965 3297 C

1992 607 2204 671 gerant,
2239 598 2555 664 abduceret,
2588 600 2956 671 liberaretque
3002 601 3071 655 ab
3112 600 3383 656 idolorum
3416 615 3574 656 erro-

1991 708 2085 760 re;
2121 694 2432 748 necessario
2468 694 2669 748 bellum
2732 695 2908 764 primo
2965 695 3186 764 gerebat
3242 694 3296 748 in
3355 709 3449 749 eos
3478 696 3573 764 qui

1991 783 2256 838 diuturno
2293 791 2538 853 tempore
2567 784 2915 855 tyrannidem
2958 784 3304 840 obtinebant.
3345 785 3411 840 Et
3445 787 3574 856 quia

1990 874 2142 945 ipsos
2179 889 2275 944 per
2314 877 2678 930 tentationum
2731 877 2976 931 omnium
3017 876 3361 931 tolerantiam
3403 892 3576 949 oppu-

1990 965 2218 1036 gnabat,
2245 965 2366 1021 ideo
2391 965 2571 1022 Lucas
2606 966 2683 1020 ait
2712 985 2725 1021 :
2764 965 2833 1020 Et
2867 983 2983 1018 cum
3006 979 3427 1022 consummasset
3461 986 3577 1022 om-

1991 1074 2106 1111 nem
2147 1059 2489 1114 tentationem
2521 1058 2788 1125 diabolus,
2818 1061 3062 1115 discessit
3098 1061 3163 1113 ab
3191 1077 3251 1114 eo
3282 1061 3349 1115 ⁸⁵.
3371 1059 3575 1116 Deinde

1989 1164 2120 1204 vero
2153 1148 2220 1203 ad
2253 1150 2539 1207 hominum
2573 1152 2911 1207 curationem
2945 1159 2998 1206 et
3035 1151 3302 1206 medelam
3351 1152 3577 1206 accede—

1990 1241 2084 1297 bat
2136 1261 2148 1296 :
2192 1257 2360 1312 quare
2414 1242 2720 1298 fremebant
2752 1243 2807 1297 in
2859 1258 2982 1298 eum
3021 1243 3320 1308 daemones,
3350 1243 3577 1298 conﬁte-

1991 1333 2301 1402 banturquc
2334 1348 2393 1389 se
2427 1347 2591 1388 nosse
2613 1334 2738 1404 quis
2779 1340 2947 1397 esset,
2977 1334 3277 1388 clamantes
3308 1341 3363 1387 et
3384 1334 3576 1388 dicen-
3641 1388 3652 1407 .

1992 1436 2072 1482 tes
2103 1447 2115 1480 :
2154 1420 2299 1491 Sine,
2331 1426 2457 1496 quid
2491 1427 2641 1481 nobis
2684 1436 2733 1480 et
2784 1426 2896 1491 tibi,
2935 1424 3041 1479 Fili
3064 1424 3204 1480 Dei?
3241 1423 3498 1479 Nouimus
3529 1434 3578 1480 te

1991 1521 2106 1590 quis
2137 1518 2236 1585 sis,
2273 1531 2486 1575 sanctus
2511 1519 2608 1574 Dei
2640 1519 2805 1576 “.Ab
2822 1519 2972 1573 illata
2991 1520 3139 1576 enim
3166 1518 3244 1572 illi
3286 1531 3417 1573 voce
3445 1519 3576 1572 didi-

1992 1619 2182 1665 cerant
2213 1611 2467 1680 quisnam
2498 1619 2676 1677 esset;
2713 1609 2824 1663 imo
2855 1611 3020 1664 etiam
3049 1623 3117 1664 ex
3148 1607 3217 1663 iis
3248 1621 3370 1678 qua:
3398 1613 3577 1662 tenta-

1991 1702 2157 1759 tionis
2190 1713 2434 1774 tempore
2472 1709 2738 1774 gesserat,
2765 1701 2887 1770 ejus
2917 1701 3176 1756 virtutem
3215 1707 3504 1755 noverant.

2060 1909 2228 1964 Vens.
2246 1908 2430 1965 10-12.
2457 1907 2581 1962 Non
2606 1906 2849 1962 accedent
2873 1905 2942 1960 ad
2975 1916 3022 1960 te
3046 1905 3210 1972 mala,
3234 1914 3283 1960 et
3306 1903 3576 1976 ﬂagellum

1987 2020 2091 2057 non
2119 2001 2560 2072 appropinquabit
2585 1999 2925 2054 tabernaculo
2951 2009 3059 2053 tuo.
3081 1998 3347 2064 Quoniam
3376 1997 3575 2067 angelis

1989 2095 2099 2148 suis
2132 2091 2404 2147 mandabit
2435 2093 2498 2146 de
2523 2101 2591 2153 te,
2624 2100 2682 2143 ut
2711 2090 3012 2144 custodiant
3048 2098 3095 2142 te
3126 2089 3180 2142 in
3210 2088 3451 2143 omnibus
3473 2088 3573 2142 viis

1990 2188 2115 2242 tuis.
2142 2185 2207 2239 In
2240 2184 2485 2238 manibus
2507 2182 2792 2253 portabunt
2823 2191 2890 2246 te,
2910 2199 2972 2236 ne
2988 2198 3220 2252 unquam
3251 2179 3487 2251 oﬂ'ondas
3506 2179 3575 2233 ad

1990 2276 2217 2346 lapidem
2245 2276 2428 2346 pedem
2461 2286 2626 2331 tuum.
2655 2275 2781 2330 Haec
2813 2275 2881 2330 de
2911 2274 3030 2328 viro
3069 2274 3369 2329 secundum
3417 2272 3577 2327 Chri-

1990 2378 2134 2424 stum
2167 2375 2568 2428 consummato,
2592 2366 2658 2421 de
2689 2367 2859 2420 choro
2897 2373 3199 2434 martyrum
3230 2361 3458 2430 Christi,
3489 2362 3575 2418 vel

1991 2462 2058 2516 de
2092 2470 2283 2516 sancta
2319 2460 2439 2530 ejus
2489 2459 2769 2526 Ecclesia;
2805 2459 2914 2512 imo
2939 2475 3070 2514 vero
3103 2458 3170 2513 de
3213 2458 3334 2528 ipso
3362 2456 3572 2512 Christi

1988 2565 2220 2619 corpore
2257 2557 2561 2618 opportune
2593 2548 2700 2602 dici
2737 2555 2983 2618 possunt.
3013 2548 3153 2600 Nam
3195 2549 3244 2602 si
3274 2557 3576 2601 castrame-

1993 2650 2138 2694 tatur
2165 2640 2381 2708 angelus
2412 2637 2627 2692 Domini
2658 2639 2713 2691 in
2745 2639 2970 2691 circuitu
3004 2636 3300 2690 timentium
3344 2652 3482 2700 eum,
3518 2643 3572 2688 et

1991 2731 2175 2798 eripiet
2203 2746 2290 2783 eos
2314 2731 2381 2792 ⁸⁸,
2408 2730 2500 2798 qui
2525 2728 2870 2782 formidinem
2896 2736 3244 2798 superarunt,
3259 2734 3311 2781 et
3342 2728 3399 2781 in
3426 2727 3576 2782 bono

1991 2821 2228 2883 virtutis,
2263 2835 2385 2890 qua:
2423 2819 2722 2875 secundum
2759 2819 3008 2874 animam'
3047 2829 3129 2876 est
3156 2859 3170 2882 ,
3223 2819 3421 2873 aﬂ'ectu
3453 2834 3576 2873 vcr-

1994 2923 2205 2978 santur,
2235 2913 2413 2982 qualis
2456 2921 2538 2966 est
2570 2912 2660 2981 qui
2709 2911 2849 2965 sedet
2881 2912 2935 2964 in
2965 2911 3232 2981 adjutorio
3287 2910 3576 2975 Altissimi,

1995 3014 2043 3059 et
2073 3004 2167 3059 sub
2195 3004 2384 3058 umbra
2441 3005 2599 3074 fortis
2641 3013 3036 3067 commoratur;
3084 3004 3152 3060 iis
3193 3019 3325 3059 sane
3355 3003 3448 3074 qui
3498 3004 3578 3058 sic

1997 3095 2172 3150 aﬂ‘ecti
2208 3103 2356 3161 sunt,
2392 3110 2501 3149 non
2532 3095 2758 3166 angelus
2784 3111 2948 3156 unus,
2987 3093 3080 3149 sed
3112 3102 3296 3149 castra
3338 3093 3576 3163 plurima

1998 3187 2054 3242 in
2076 3187 2381 3242 custodiam
2411 3185 2612 3239 tradita
2634 3193 2780 3250 sunt,
2806 3193 2860 3240 et
2899 3191 3053 3239 tanto
3083 3185 3341 3255 plurima,
3366 3189 3575 3253 quanto

1998 3278 2089 3348 qui
2124 3278 2238 3331 viro
2269 3275 2569 3331 secundum
2602 3274 2772 3331 Deum
2811 3273 3060 3345 profecto
3091 3273 3445 3330 insidiantur.
3487 3271 3580 3328 Sic

1999 3369 2184 3438 itaque
2225 3366 2480 3421 Elisaeum
2535 3366 2856 3437 prophetam
2914 3365 3234 3420 muniebant
3285 3365 3578 3420 satellitum

1998 3461 2312 3531 angelorum
2371 3467 2565 3514 turma:
2639 3457 3004 3524 Quamobrem
3072 3457 3386 3512 nocumenti
3436 3456 3578 3510 nihil

1997 3567 2265 3624 passurus
2291 3568 2413 3607 esse
2438 3552 2640 3606 dicitur
2667 3552 2761 3620 qui
2794 3552 2850 3604 in
2888 3551 3101 3620 psalmo
3130 3549 3535 3619 praenuntiatur
3562 3567 3576 3615 ;

1997 3653 2173 3707 neque
2207 3636 2476 3708 ﬂagellum
2506 3637 2724 3706 corpori
2754 3635 3090 3690 tabernaculi
3137 3636 3258 3704 ejus
3306 3635 3580 3688 incutien-

1997 3728 2124 3783 dum
2179 3730 2510 3800 praedicitur.
2561 3727 2664 3783 Per
2693 3727 2960 3798 ﬂagellum
3011 3742 3143 3781 vero
3194 3743 3303 3782 non
3359 3727 3580 3795 vulgare

1997 3821 2128 3876 illud
2162 3821 2547 3891 intelligimus;
2584 3834 2708 3873 nam
2740 3833 2804 3872 eo
2834 3817 2959 3872 cassi
2989 3826 3119 3873 sunt
3146 3817 3578 3872 innumerabiles

1997 3915 2172 3970 sancti
2209 3913 2301 3968 Dei
2337 3919 2625 3983 martyres,
2657 3918 2821 3981 atque
2861 3911 3041 3981 ipsum
3088 3917 3412 3981 corporeum
3446 3909 3578 3965 Ser-

1996 4009 2199 4061 vatoris
2247 4003 2424 4058 nostri
2460 4001 2869 4056 tabernaculum
2918 4007 2972 4055 et
3013 4014 3143 4054 caro
3176 4000 3296 4070 ejus
3329 4006 3580 4070 tempore

1996 4096 2267 4167 passionis
2297 4094 2524 4165 ﬂagellis
2551 4094 2826 4147 lancinata
2871 4100 2975 4156 est,
3008 4091 3310 4147 secundum
3342 4092 3578 4162 promo.

1996 4189 2126 4242 tiam
2151 4203 2271 4258 quae
2305 4186 2371 4241 de
2395 4188 2512 4257 ipso
2535 4185 2696 4248 fatur,
2727 4184 2959 4238 Dorsum
3009 4201 3179 4238 meum
3202 4183 3323 4238 dedi
3353 4183 3422 4238 ad
3469 4186 3577 4254 ﬂa-

1995 4282 2181 4350 gellas,
2201 4289 2248 4333 et
2279 4296 2437 4349 genas
2466 4295 2607 4332 meas
2635 4277 2703 4330 ad
2736 4276 2923 4346 alapas
2946 4276 2990 4306 ⁸⁷
3021 4295 3033 4330 :
3069 4275 3163 4329 sed
3187 4274 3457 4346 ﬂagellum
3490 4276 3579 4332 hic

1996 4373 2204 4441 plagam
2227 4369 2528 4424 daemonica
2559 4369 2610 4422 vi
2647 4368 2903 4422 inﬂictam
2925 4365 3238 4437 signiﬁcare
3267 4367 3574 4436 putandum
3639 4419 3642 4423 .

1995 4471 2115 4522 est,
2169 4460 2347 4529 qualia
2391 4460 2508 4529 ipse
2562 4457 2818 4512 Servator
2877 4461 3216 4527 impurorum
3266 4456 3575 4511 daemonum

1997 4553 2311 4607 hominibus
2342 4553 2562 4606 incussa
2586 4550 2793 4622 ﬂagella
2818 4566 3042 4606 curasse
3065 4558 3345 4605 narratur.
3367 4549 3576 4618 Hujus-

1929 4627 1973 4684 ί)
2001 4645 2146 4698 modi
2177 4643 2450 4715 ﬂagellum
2484 4643 2686 4697 dicitur
2711 4660 2820 4697 non
2853 4643 3414 4713 appropinquaturum
3457 4657 3578 4697 esse

984 5723 1032 5759 ⁸⁸
1069 5722 1239 5781 Marc.
1275 5740 1315 5792 ι,
1347 5721 1447 5790 24;
1483 5720 1617 5778 Luc.
1650 5720 1843 5795 rv,_54.
1922 5719 1969 5755 “
2005 5720 2151 5780 Psal.
2187 5737 2392 5797 χχχιιι,
2427 5725 2480 5782 8.

2000 4738 2358 4792 tabernaculo
2405 4737 2546 4806 ejus,
2579 4737 2672 4806 qui
2705 4737 2758 4790 in
2789 4737 3048 4791 vaticinio
3092 4735 3298 4802 fertur;
3352 4736 3478 4805 quia
3509 4737 3578 4791 ab

2000 4828 2206 4898 angelis
2236 4827 2301 4881 ad
2337 4828 2640 4882 custodiam
2673 4826 2791 4896 ejus
2823 4826 3096 4896 deputatis
3132 4825 3457 4889 servabitur,
3483 4827 3576 4896 qui

1999 4920 2161 4975 etiam
2189 4935 2312 4974 eum
2351 4920 2406 4973 in
2442 4919 2695 4974 manibus
2742 4919 3027 4973 sublimem
3079 4918 3416 4988 assumpturi
3454 4932 3576 4973 esse

2003 5009 2280 5076 dicuntur,
2315 5017 2372 5063 ut
2411 5025 2479 5065 ne
2532 5025 2626 5079 pes
2658 5010 2777 5078 ejus
2805 5011 2873 5062 ad
2904 5008 3136 5079 lapidem
3168 5007 3424 5062 oﬂendat.
3466 5007 3574 5062 Ta-

2002 5104 2360 5158 bernaeulum
2391 5119 2553 5173 porro
2601 5103 2720 5172 ejus
2757 5103 2937 5173 aliqua
2985 5103 3198 5156 ratione
3247 5101 3399 5157 dicas
3456 5117 3578 5158 esse

2002 5192 2301 5248 Ecclesiatn
2333 5195 2528 5264 ipsius,
2561 5193 2858 5248 secundum
2893 5192 3046 5257 illud,
3088 5191 3266 5246 Donec
3315 5193 3578 5248 inveniam

2005 5285 2176 5340 locum
2204 5286 2432 5340 Domino
2454 5326 2468 5350 ,
2510 5284 2907 5339 tabernaculum
2942 5284 3050 5338 Deo
3091 5283 3257 5337 Iacob
3288 5283 3363 5352 ‘3;
3411 5283 3492 5339 sic
3523 5293 3577 5342 et

2003 5380 2127 5432 illas
2159 5395 2254 5448 per
2283 5379 2468 5432 orbem
2523 5379 2787 5432 ecclesias
2829 5378 3056 5446 plurima
3080 5377 3429 5432 tabernacula
3452 5392 3575 5433 esse

2002 5473 2155 5526 novit
2186 5472 2277 5541 qui
2307 5470 2462 5535 dixit,
2493 5469 2662 5535 Quam
2691 5469 2885 5523 dilecta
2916 5469 3258 5524 tabernacula
3297 5479 3419 5535 tua,
3464 5469 3574 5524 Do-

2002 5563 2141 5616 mine
2165 5563 2420 5616 virtutum
2452 5561 2530 5613 l“ll
2579 5560 2702 5616 Alio
2728 5568 2910 5615 autem
2943 5561 3127 5628 modo,
3164 5576 3488 5631 corporeum
3515 5563 3578 5618 il-

2586 5719 2629 5753 ⁸⁷
2670 5718 2773 5776 lsa.
2807 5734 2858 5789 ι,
2883 5718 2936 5775 6.
3033 5719 3078 5752 ³⁸
3116 5717 3261 5775 Psal.
3298 5733 3484 5787 οχχχι,
3518 5717 3572 5773 5.
