4068 6394
512 298 650 362 “59
1178 298 1965 377 EUSEBII_C/ESARIENSIS
2002 308 2154 365 OPP.
2195 308 2376 365 PARS
2408 310 2497 368 ιιι.
2530 343 2599 353 -—
2640 300 3049 373 EXEGETICA.
3625 332 3762 381 “tiu

507 427 601 481 lud
632 426 1077 489 instrumentum,
1112 426 1165 481 in
1198 444 1307 497 quo
1363 428 1629 483 habitavit
1686 428 1779 485 Dei
1806 429 2043 486 Verbum

2158 484 2161 493 .
2188 434 2285 506 χοῦ
2326 434 2431 505 γῆς
2463 436 2761 507 εἰρημένας
2799 439 3093 509 ἐκκλησίας
3115 433 3255 493 οἶδεν
3286 442 3314 495 6
3348 443 3526 514 φήσας
3569 445 3725 514 λόγος
3744 465 3759 478 -

507 515 711 570 dixeris
734 516 1143 569 tabernaculum
1176 517 1296 586 ejus
1325 534 1465 572 esse.

2204 526 2299 591 Ὠς
2322 527 2597 595 ἀγαπητὰ
2618 526 2690 581 τὰ
2723 529 3085 599 σκηνώματά
3114 548 3252 593 σου,
3286 536 3466 600 Κύριε
3497 535 3617 589 τῶν
3656 538 3758 591 δυ-

505 606 774 701 ὴάμεωνᾉί
794 606 928 659 Καθ’
959 606 1143 677 ἕτερον
1168 607 1457 679 δὲτρόπον
1486 610 1547 663 τὸ
1587 611 1897 683 σωματικὸν
1927 614 2174 683 ὄργανον,
2233 620 2290 671 ἐν
2336 614 2381 688 ᾧ
2439 622 2852 693 κατεσκήνωσεν
2902 624 2931 675 6
2977 624 3069 677 106
3107 624 3241 677 Θεοῦ
3303 628 3492 695 Λόγος,
3546 629 3759 701 λεχθείη

507 699 573 752 ἂν
603 699 765 753 αὑτοῦ
803 703 1087 773 σκήνωμα.

574 793 640 847 Et
669 794 886 886 quidem
936 796 1208 865 praecipua
1258 807 1311 852 et
1346 798 1551 868 majOra
1591 809 1742 869 gesta
1774 800 1953 867 illius,
1990 819 2055 873 qu

2239 806 2336 859 -Τά
2366 806 2465 877 μὲν
2496 805 2999 881 κεφαλαιωδέστερα
3034 808 3131 861 καὶ
3171 809 3389 880 μείζονα
3426 812 3535 867 τῶν
3559 832 3756 886 κατορ-

504 880 558 934 in
589 881 870 951 prophetia
895 883 1228 945 enuntiatur,
1262 899 1426 953 opera
1467 887 1863 954 prazstantioris
1893 890 2052 960 cujus

2185 892 2451 964 θωμάτων
2470 893 2562 946 106
2585 894 2672 946 διὰ
2694 895 2795 963 τῆς
2816 880 3148 966 προφητείας
3174 898 3500 971 δηλουμένου
3523 903 3608 956 διὰ
3631 880 3755 958 συν-

500 973 645 1042 piam
678 974 1009 1040 edebantur;
1043 990 1166 1028 nam
1199 976 1244 1030 is
1276 976 1367 1045 qui
1410 977 1712 1031 secundum
1762 994 1983 1033 carnem
2013 997 2055 1035 e:

2185 986 2403 1057 εργείας
2432 988 2525 1040 106
2558 988 2800 1059 μείζονος
2825 989 3189 1061 κατωρθοῦτο.
3221 994 3543 1064 Καθήμενος
3567 997 3677 1069 γὰρ
3698 1000 3756 1052 ἐν

501 1065 709 1119 semine
740 1064 959 1120 Davidis
987 1081 1109 1121 esse
1137 1080 1166 1119 a
1209 1068 1367 1122 nobis
1400 1068 1739 1139 intelligitur,
1765 1085 1888 1124 cum
1923 1071 2051 1127 sede

2187 1078 2408 1149 βοηθείᾳ
2440 1078 2535 1132 106
2572 1080 2826 1150 Ὑψίστου
2859 1083 2887 1134 6
2922 1083 3062 1135 κατά
3093 1083 3271 1155 σάρκα
3303 1086 3588 1158 νοούμενος
3627 1092 3755 1161 ἡμῖν

498 1165 583 1209 ret
614 1156 669 1210 in
695 1156 966 1227 adjutorio
992 1158 1279 1221 AltisSimi,
1312 1166 1367 1212 et
1426 1175 1552 1214 cum
1584 1161 1924 1217 Altissimum
1981 1179 2055 1234 po

2181 1173 2210 1223 6
2262 1172 2328 1225 ἐκ
2381 1172 2695 1245 σπέρματος
2751 1173 2912 1227 Δαυῖδ
2967 1174 3239 1243 γεγονὼς,
3275 1178 3303 1231 6
3354 1156 3516 1244 αὐτὸς
3558 1183 3617 1234 δέ
3650 1156 3755 1237 ,τὸν

499 1248 700 1301 sitisset
727 1246 995 1318 refugium
1034 1263 1216 1311 suum,
1246 1248 1371 1317 jure
1406 1250 1476 1304 ab
1509 1251 1787 1306 Altissimo
1818 1255 2047 1310 servaba

2183 1264 2447 1333 ’Ὕψιστον
2481 1264 2705 1336 θέμενος
2766 1267 2930 1319 αὑτοῦ
2983 1270 3342 1339 καταφυγὴν,
3385 1272 3610 1336 εἰκότως
3650 1276 3753 1327 ὑπὸ

500 1346 606 1392 tur.
628 1336 990 1403 Quamobrem
1008 1339 1222 1392 dicebat
1253 1340 1351 1403 illi,
1371 1341 1654 1409 Susceptor
1680 1360 1826 1397 meus
1854 1362 1908 1399 es
1941 1354 1996 1398 tu
2024 1363 2050 1399 e

2179 1355 2273 1408 τοῦ
2332 1356 2585 1424 Ὑψίστου
2636 1356 2993 1425 ἐφυλάττετο·
3052 1357 3130 1411 διὸ
3178 1359 3273 1412 καὶ
3320 1359 3467 1429 αὐτῷ
3528 1361 3747 1428 ἔλεγεν·

497 1428 758 1498 refugium
787 1445 979 1493 meum,
1011 1429 1147 1482 Deus
1180 1446 1345 1492 meus,
1375 1440 1423 1483 et
1448 1431 1669 1500 sperabo
1702 1435 1754 1487 in
1782 1451 1920 1489 eum.
1955 1435 2055 1506 lpSt

2194 1442 2584 1512 Ἀντιλήπτωρ
2629 1462 2749 1513 μου
2787 1440 2845 1497 εἴ
2881 1444 2978 1497 καὶ
3007 1443 3317 1515 καταφυγή
3346 1428 3487 1515 μοι),
3534 1449 3567 1499 ό
3609 1448 3751 1512 Θεός

498 1536 733 1590 namque
761 1522 987 1577 eruebat
1019 1537 1143 1576 eum
1178 1522 1242 1576 de
1275 1522 1468 1592 laqueo
1502 1526 1816 1579 venantium
1842 1567 1856 1591 ,
1911 1534 1965 1581 et
2017 1529 2055 1582 it

2174 1552 2333 1605 μου,
2388 1536 2488 1589 καὶ
2542 1534 2729 1589 ἐλπιῶ
2782 1536 2873 1587 ἐπ’
2932 1537 3136 1589 αὐτόν.
3198 1536 3369 1599 Αὐτὸς
3420 1540 3528 1609 γὰρ
3589 1538 3751 1589 αὑτὸν

498 1614 736 1682 scapulis
772 1615 886 1670 suis
908 1615 1265 1669 obumbrabat
1326 1616 1437 1682 illi;
1472 1619 1603 1686 quin
1635 1620 1796 1672 etiam
1832 1621 2055 1675 circum.

2179 1628 2401 1701 ἐρρύετο
2430 1631 2495 1681 ἐκ
2550 1627 2773 1695 παγίδος
2837 1627 3144 1698 θηρευτῶν,
3174 1627 3269 1681 καὶ
3322 1629 3380 1681 ἐν
3425 1631 3537 1691 τοῖς
3585 1645 3749 1698 μετα-

495 1701 659 1756 dabat
693 1702 845 1756 illum
872 1702 1117 1757 veritatis
1174 1709 1331 1757 scuto
1381 1704 1662 1774 obtegens.
1724 1708 1790 1759 Et
1847 1707 1962 1762 haec
1996 1709 2049 1761 ill

2179 1722 2396 1793 φρένοις
2424 1721 2588 1774 αὐτοῦ
2616 1721 2942 1786 ἐπεσκίαζεν
2979 1722 3172 1777 αὐτόν·
3216 1722 3353 1775 ἀλλά
3391 1723 3483 1776 καὶ
3516 1722 3746 1775 ἐκύκλου

495 1795 678 1851 omnia
708 1794 1023 1849 Altissimus
1044 1796 1353 1864 praestabat,
1384 1803 1446 1848 ut
1479 1812 1547 1850 ne
1591 1797 1904 1852 turbaretur
1940 1815 1968 1853 a
2002 1800 2055 1852 ti-

2174 1814 2333 1867 αὑτὸν
2362 1813 2704 1883 περιϐάλλων
2737 1813 2995 1885 ἀληθείας
3024 1815 3190 1886 ὅπλῳ.
3221 1815 3332 1869 Καὶ
3362 1814 3536 1868 ταῦτα
3568 1815 3747 1868 πάντα

496 1902 648 1941 more
679 1894 967 1949 nocturno,
1002 1887 1085 1939 vel
1120 1901 1149 1939 a
1195 1886 1391 1955 sagitta
1419 1888 1633 1941 volante
1679 1888 1734 1941 in
1767 1888 1875 1952 die,
1919 1900 2055 1943 aut:

2175 1907 2433 1977 παρεῖχεν
2465 1903 2614 1975 αὐτῷ
2639 1903 2929 1972 ”Υψιστος,
2964 1906 3110 1968 ὅπως
3155 1906 3230 1976 μὴ
3263 1906 3597 1976 ταράττηται
3637 1907 3745 1959 ἀπὸ

494 1978 711 2047 negotio
749 1976 1161 2046 perambulante
1190 1976 1245 2029 in
1279 1976 1517 2030 tenebris
1551 2014 1565 2037 ,
1619 1984 1711 2029 aut
1763 1992 1791 2029 a
1824 1978 1982 2031 ruina
2018 1987 2055 2032 οι

2172 1976 2336 2065 φόϐου
2367 2012 2704 2067 νυκτερινου,
2740 1997 2877 2066 μήτε
2912 1994 3019 2049 ἀπὸ
3055 1994 3241 2064 βέλους
3276 1995 3573 2064 πετομένου
3601 1996 3741 2064 ἡμέ-

493 2067 762 2121 daemonio
796 2065 1116 2120 meridiano.
1153 2066 1231 2118 Ad
1272 2066 1385 2119 haec
1417 2082 1547 2120 vero
1593 2066 1911 2123 Altissimus
1965 2084 2055 2121 au-

2172 2100 2292 2153 ρας,
2331 2082 2463 2152 μηδὲ
2486 2065 2595 2135 ἀπὸ
2620 2065 2947 2154 πράγματος
2970 2084 3029 2136 ἐν
3063 2084 3244 2136 σκότει
3266 2082 3738 2154 διαπορευομένου,

494 2157 712 2211 xiliatus
740 2156 788 2210 ei
816 2156 881 2210 de
908 2170 1016 2224 quo
1055 2154 1233 2225 agitur
1260 2170 1451 2209 omnes
1498 2154 1847 2209 inimicorum
1884 2164 1938 2211 et
1977 2155 2055 2209 ho

2172 2172 2308 2242 μηδὲ
2330 2171 2436 2224 ἀπὸ
2471 2171 2876 2243 συμπτώματος
2913 2175 3007 2227 καὶ
3041 2173 3314 2245 δαιμονίου
3344 2174 3739 2245 μεσημϐρινοῦ.

492 2247 659 2301 stium
696 2246 816 2313 ejus
855 2245 1085 2299 virtutes
1130 2243 1197 2298 de
1248 2244 1430 2297 medio
1481 2244 1703 2297 tollebat
1754 2253 1808 2299 et
1839 2245 2069 2314 pedibus

491 2338 612 2407 ejus
635 2336 982 2406 subjiciebat.
1020 2334 1199 2400 Quare
1235 2334 1438 2389 dictum
1470 2343 1576 2397 est,
1606 2334 1806 2389 Cadent
1832 2353 1864 2389 a
1905 2336 2069 2390 latere

492 2440 581 2483 tuo
619 2430 782 2494 mille,
807 2439 854 2481 et
894 2428 1067 2481 decem
1098 2427 1270 2480 millia
1306 2445 1339 2480 a
1386 2427 1589 2481 dextris
1615 2430 1742 2493 tuis,
1778 2429 1845 2482 ad
1886 2438 1934 2483 te
1970 2447 2068 2483 au-

491 2528 593 2576 tem
628 2538 729 2575 non
756 2519 1216 2590 appropinquabit.
1250 2518 1442 2589 Magna
1479 2519 1683 2590 itaque,
1714 2529 1772 2576 ut
1816 2522 1929 2575 dixi
1957 2562 1972 2586 ,
2011 2530 2066 2577 et

489 2611 729 2683 perfecta
758 2627 923 2682 opera
950 2612 1266 2667 Altissimus
1298 2611 1435 2680 ipse,
1467 2620 1765 2667 memorato
1789 2614 1906 2667 viro
1941 2614 2064 2683 opi-

488 2706 707 2771 tulans,
748 2705 977 2769 edebat;
1018 2703 1230 2757 minora
1263 2712 1463 2768 autem,
1497 2712 1556 2757 ut
1587 2706 1710 2775 quis
1734 2705 1971 2773 dixerit,
2010 2714 2065 2762 et

488 2795 693 2850 leviora
725 2806 1113 2864 corporcaque,
1156 2793 1363 2863 angelis
1395 2796 1740 2864 procuranda
1770 2797 2064 2851 demanda-

486 2890 598 2944 bat.
624 2888 757 2959 llam.
772 2903 934 2957 porro
955 2895 1112 2941 erant
1138 2903 1259 2956 qua).
1278 2886 1345 2940 ad
1378 2888 1810 2955 tabernaculum,
1843 2890 1957 2945 sive
1989 2890 2062 2945 ad

486 2996 813 3051 corporeum
844 2982 1269 3035 instrumentum
1315 2985 1479 3050 atque
1510 2980 1578 3033 ad
1624 2981 1797 3050 ipsam
1840 2997 2060 3037 carnem

485 3070 860 3140 pertinebant;
891 3076 945 3122 et
984 3068 1119 3130 haec,
1154 3075 1339 3138 utpote
1370 3084 1491 3138 qua:
1518 3069 1753 3133 modica,
1777 3078 1938 3139 atque
1966 3087 2058 3125 su-

2173 2263 2293 2315 ’Έτι
2324 2262 2381 2315 δὲ
2407 2262 2543 2333 πρὸς
2573 2262 2782 2327 τούτοις
2815 2265 2977 2330 αὐτὸς
3008 2268 3036 2318 6
3066 2266 3326 2335 ’Υψιστος
3360 2264 3637 2336 συνεργῶν
3664 2264 3744 2335 τῷ

2167 2354 2296 2423 περὶ
2327 2348 2385 2407 06
2412 2357 2441 2407 6
2472 2354 2650 2423 λόγος,
2690 2356 2870 2420 πάσας
2899 2357 2997 2420 τὰς
3033 2356 3142 2410 τῶν
3186 2356 3396 2427 ἐχθρῶν
3446 2355 3610 2409 αὐτοῦ
3646 2356 3745 2408 καὶ

2168 2445 2441 2517 πολεμίων
2492 2448 2751 2519 δυνάμεις
2796 2448 3023 2520 καθῄρει
3065 2450 3161 2502 καὶ
3214 2448 3319 2502 ὑπὸ
3361 2448 3529 2512 πόδας
3574 2448 3741 2501 αὑτοῦ

2167 2538 2485 2592 κατέϐαλλε.
2513 2539 2604 2592 Διὸ
2637 2539 2880 2607 ἐλέγετο·
2930 2541 3205 2594 Πεσεῖται
3245 2541 3313 2593 ἐκ
3346 2540 3452 2593 τοῦ
3492 2541 3741 2606 κλίτους

2166 2644 2281 2682 σου
2323 2630 2520 2697 χιλιὰς
2551 2631 2650 2683 καὶ
2699 2630 2920 2700 μυριὰς
2951 2632 3018 2684 ἐκ
3047 2630 3261 2695 δεξιῶν
3295 2646 3442 2695 σου,
3476 2631 3625 2698 πρὸς
3663 2630 3741 2685 σὲ

2165 2719 2233 2772 δὲ
2258 2724 2367 2774 οὐκ
2392 2721 2591 2790 ἑγγιεῒ.
2638 2722 2718 2777 Τὰ
2773 2723 2869 2793 μὲν
2895 2718 3016 2786 οὖν,
3048 2723 3123 2785 ὡς
3169 2722 3339 2792 ἔφην,
3393 2722 3604 2792 μεγάλα
3648 2723 3741 2774 καὶ

2164 2813 2351 2883 ἐντελῆ
2385 2815 2780 2887 κατορθώματα
2799 2817 2828 2868 6
2857 2816 3118 2885 ’Υψιστος
3156 2814 3334 2878 αὐτὸς.
3353 2814 3629 2886 συνεργῶν
3658 2814 3739 2883 τῷ

2162 2906 2472 2978 δηλουμένῳ
2526 2907 2788 2974 ὲξετέλει⁹
2814 2908 2884 2962 τὰ
2913 2908 2990 2973 δὲ,
3028 2909 3102 2973 ὡς
3150 2908 3215 2962 ἂν
3248 2908 3389 2961 εῐποι
3415 2925 3519 2972 τις,
3566 2905 3740 2959 λεπτξ

2162 2999 2257 3052 καὶ
2326 2998 2757 3071 σωματικώτερα
2809 3000 3061 3069 ἀγγέλοις
3134 3000 3494 3055 διακονεῖσθαι
3567 3018 3739 3071 προσ-

2161 3088 2369 3141 έταττε.
2414 3088 2597 3140 Ταῦτα
2626 3088 2682 3142 δέ
2728 3084 2796 3160 ἦν
2833 3089 2901 3142 τὰ
2950 3090 3079 3161 περὶ
3121 3090 3181 3143 16
3234 3094 3495 3161 σκήνωμα
3544 3089 3735 3152 αὐτοῦ,

485 3169 671 3240 perius
700 3167 1013 3221 memoratis
1058 3167 1292 3227 collata,
1346 3167 1471 3221 vilia
1515 3177 1732 3229 essent,
1790 3167 2055 3223 ministris

2161 3178 2360 3250 δηλαδὴ
2392 3181 2454 3232 16
2486 3157 2794 3251 σωματικόν
2830 3157 3087 3253 ὄργανον,
3122 3182 3217 3233 καὶ
3266 3157 3335 3234 τά
3388 3157 3517 3252 περὶ
3565 3182 3740 3252 αὐτὴν

484 3262 693 3334 angelis
721 3260 789 3314 ad
821 3259 1129 3314 custodiam
1153 3261 1641 3328 concredebantur,
1679 3275 1746 3316 ne
1787 3261 1917 3331 quid
1963 3278 2059 3316 no-

483 3359 724 3413 cumenti
785 3357 1003 3427 corpori
1050 3358 1171 3428 ejus
1216 3358 1511 3414 inferretur
1540 3400 1555 3423 ,
1611 3376 1746 3415 neve
1788 3359 2058 3431 ﬂagellum

482 3449 795 3520 quodpiam,
820 3465 927 3502 non
954 3449 1077 3519 ipsi,
1099 3447 1193 3503 sed
1225 3450 1573 3505 tabernaculo
1620 3450 1739 3519 ejus
1763 3450 2061 3504 .incutere-

480 3549 573 3596 tur
607 3560 621 3596 :
653 3557 778 3595 nam
813 3541 916 3611 ipsi
974 3556 1151 3611 neque
1205 3541 1374 3596 millia
1401 3582 1415 3606 ,
1450 3557 1627 3613 neque
1669 3542 1854 3597 decem
1888 3544 2057 3596 millia

479 3640 843 3710 malignarmn
911 3641 1173 3694 virtutum
1249 3641 1688 3711 appropinquare
1762 3640 2053 3695 audebant.

478 3732 645 3788 Carni
680 3748 807 3787 vero
830 3743 880 3786 et
910 3732 1125 3802 corpori
1147 3731 1285 3800 ejus,
1320 3732 1414 3800 qui
1460 3731 1515 3785 in
1549 3731 1832 3802 prophetia
1861 3731 2055 3795 fertur,

479 3825 656 3895 angeli
690 3824 1076 3879 ministrabant
1111 3822 1193 3876 vel
1226 3822 1283 3875 in
1326 3823 1569 3877 minimis
1616 3831 1671 3876 et
1722 3824 2006 3879 vilissimis
2037 3844 2049 3879 :

477 3914 623 3985 quod
648 3931 778 3970 sane
800 3915 885 3969 his
916 3914 1226 3967 declaratur
1250 3952 1265 3979 ,
1320 3911 1402 3966 Ne
1444 3913 1680 3983 offendas
1711 3913 1780 3967 ad
1828 3915 2057 3984 lapidem

475 4008 659 4080 pedem
696 4017 862 4061 tuum.
898 4007 992 4062 llis
1023 4007 1222 4076 quippe
1263 4005 1493 4060 indicari
1527 4006 1767 4060 arbitror
1799 4046 1814 4070 ,
1866 4008 1946 4062 vel
2000 4009 2055 4062 in

478 4100 720 4154 minimis
765 4107 819 4154 et
850 4098 1002 4167 parvi
1026 4097 1281 4151 momenti
1314 4098 1478 4151 rebus
1506 4112 1626 4166 quae
1661 4097 1878 4165 corpori
1908 4099 2054 4153 acci-

476 4190 606 4245 dere
639 4190 905 4254 solebant,
943 4190 1162 4259 angelos
1224 4187 1329 4256 ipsi
1369 4188 1733 4242 ministrasse.
1778 4186 1836 4241 ln
1874 4186 2057 4243 Evan-

475 4284 632 4355 geliis
665 4297 826 4353 porro
880 4282 984 4335 hoc
1020 4280 1086 4334 de
1118 4278 1399 4333 Salvatore
1432 4279 1805 4333 testimonium
1857 4278 2054 4351 depre-

475 4376 721 4441 hendas;
755 4374 970 4427 Marcus
1002 4373 1147 4426 enim
1189 4372 1413 4440 scripsit
1443 4379 1688 4441 tempore
1733 4373 2051 4427 tentationis

2161 3270 2262 3340 τὴν
2318 3270 2528 3340 σάρκα,
2566 3270 2601 3324 ἂ
2658 3272 2722 3342 δὴ
2768 3273 2843 3335 ὠς
2892 3274 3100 3343 σμικρά
3150 3274 3245 3326 καὶ
3276 3271 3575 3343 παραθέσει
3624 3272 3742 3325 τῶν

2160 3360 2466 3431 ἔμπροσθεν
2536 3363 3041 3434 κατωνομασμένων
3117 3363 3308 3435 εὐτελῆ
3337 3403 3352 3426 ,
3434 3363 3739 3435 ὑπηρέταις

2160 3453 2410 3522 ἀγγέλοις
2438 3454 2751 3524 παρεδίδοτο
2789 3455 2869 3517 είς
2920 3455 2979 3507 16
3012 3454 3320 3523 φυλάττειν,
3356 3456 3429 3525 μή
3475 3472 3528 3507 τι
3569 3471 3739 3507 κακο-

2161 3543 2312 3597 ποιὸν
2353 3544 2569 3597 ἐπέλθοι
2619 3544 2696 3615 τῷ
2734 3543 2944 3616 σώματι
2994 3546 3190 3614 αὐτοῦ,
3239 3546 3372 3618 μηδέ
3409 3564 3501 3617 ,τις
3535 3546 3739 3617 μάστιξ

2159 3636 2538 3708 ἐγχρίμψειεν,
2573 3637 2673 3689 οὐκ
2699 3636 2865 3707 αὐτῷ,
2901 3636 3037 3690 ἀλλά
3082 3636 3159 3707 τῷ
3194 3637 3509 3709 σκηνώματι
3534 3637 3733 3690 αὐτοῦ·

2158 3726 2306 3797 αὑτῴ
2340 3730 2449 3799 γὰρ
2478 3727 2601 3782 οὔτε
2654 3728 2922 3800 χιλιάδες,
2970 3729 3093 3782 οὔτε
3132 3728 3389 3803 μυριάδες
3449 3730 3740 3799 δυνάμεων

2158 3819 2410 3890 πονηρῶν
2445 3820 2762 3890 πλησιάζειν
2776 3821 3035 3890 ἐτόλμων.
3052 3820 3407 3891 Διηκονοῦντο
3428 3820 3485 3872 δὲ
3512 3819 3735 3888 ἄγγελοι

2155 3913 2222 3982 τῇ
2258 3914 2420 3981 σαρκὶ
2447 3911 2538 3964 τοῦ
2586 3914 3061 3984 προφητευομένου
3101 3912 3196 3965 καὶ
3238 3911 3316 3982 τῷ
3356 3912 3601 3981 σώματι,
3639 3911 3736 3963 καὶ

2160 4002 2321 4073 μέχρι
2362 4000 2455 4054 106
2501 4001 2862 4071 σμικροτάτου
2905 4003 2997 4054 καὶ
3026 4000 3405 4054 εὐτελεστάτου
3426 4016 3441 4029 ·
3475 3999 3503 4051 6
3540 3999 3604 4069 δὴ
3637 3999 3735 4052 καὶ

2156 4094 2483 4164 παρίστησιν
2512 4096 2539 4145 6
2572 4093 2726 4162 λόγος
2756 4094 2978 4162 φάσκων
2997 4111 3011 4124 ·
3039 4095 3229 4159 Ὅπως
3249 4093 3334 4163 μὴ
3368 4095 3735 4161 προσκόιεηις

2155 4183 2306 4252 πρὸς
2360 4186 2535 4238 λίθον
2562 4184 2669 4238 τὸν
2708 4185 2865 4238 πόδα
2901 4201 3036 4239 σου.
3095 4186 3391 4256 Σημαίνειν
3437 4185 3547 4256 γὰρ
3578 4182 3733 4255 οἶμαι

2154 4276 2242 4328 διὰ
2267 4276 2456 4328 τούτου
2482 4276 2541 4329 τὸ
2565 4277 2658 4329 καὶ
2690 4275 2850 4346 μέχρι
2878 4274 2971 4329 τοῦ
2998 4277 3247 4345 τυχόντος
3271 4277 3364 4330 καὶ
3389 4276 3733 4348 βραχυτάτου

2154 4367 2477 4437 συμϐαίνειν
2510 4367 2699 4431 εἰωθὸς
2732 4367 2858 4439 περὶ
2897 4366 2991 4420 τοῦ
3024 4367 3271 4437 σώματος
3310 4368 3575 4436 ἀγγέλους
3613 4369 3732 4421 δια-

476 4464 813 4520 Salvatorem
870 4479 992 4518 cum
1052 4462 1179 4517 leris
1240 4462 1431 4525 fuisse,
1467 4471 1521 4516 et
1552 4463 1774 4532 angelos
1807 4464 1855 4517 ei
1893 4463 2053 4516 mini-

2158 4460 2431 4512 κονεῖσθαι
2473 4458 2640 4530 αὐτῷ.
2685 4461 2870 4529 Ἔχεις
2916 4459 2973 4512 δὲ
3018 4461 3112 4513 καὶ
3155 4462 3211 4513 ἐν
3242 4459 3593 4528 Εὑαγγελίοις
3640 4461 3733 4513 ἐπὶ

477 4568 685 4616 strasse
714 4558 791 4622 ’°;
825 4554 1111 4609 Matthams
1147 4569 1275 4609 vero
1308 4554 1544 4622 idipsum
1580 4562 1794 4623 tempus
1841 4553 2051 4623 signili-—

473 4665 607 4705 cans
636 4648 711 4702 ait
740 4667 753 4702 :
788 4647 933 4700 Tunc
954 4645 1173 4697 dimittit
1208 4661 1325 4697 eum
1355 4643 1600 4697 diabolus
1618 4682 1632 4708 ,
1660 4653 1709 4696 et
1736 4660 1848 4697 ecce
1877 4645 2051 4714 angeli

476 4747 806 4793 accesserunt
834 4746 883 4792 et
912 4735 1287 4789 ministrabant
1317 4735 1365 4787 ei
1390 4736 1457 4786 θ’.
1492 4732 1635 4788 Sane
1679 4734 1823 4804 quod
1874 4734 2051 4804 angeli

478 4832 583 4903 ipsi
616 4829 1084 4893 ministraverint,
1137 4828 1484 4898 evangelista:
1534 4826 1845 4891 declarant;
1906 4826 2049 4896 quod

473 4932 653 4978 autem
692 4922 979 4977 ministerii
1001 4936 1169 4991 genus
1223 4920 1327 4989 ipsi
1377 4918 1753 4990 praestiterint,
1784 4932 1891 4972 non
1943 4933 2049 4973 me-

472 5022 755 5069 morarunt
790 5014 904 5068 illi:
940 5012 1033 5067 sed
1081 5012 1135 5067 id
1191 5026 1434 5082 prarsens
1488 5009 1771 5079 prophetia
1828 5009 2043 5073 docnit,

471 5109 723 5164 videlicet
755 5108 902 5163 circa
929 5121 1191 5177 corporea
1224 5116 1279 5161 et
1309 5105 1533 5158 minima
1571 5119 1761 5158 eorum
1800 5103 2049 5158 ministe-

472 5203 614 5256 rium
644 5202 834 5257 fuisse.
878 5199 1013 5255 Nam
1048 5199 1169 5269 ejus
1202 5200 1614 5275 tabernaculum
1643 5197 2047 5262 custodiebant,

472 5309 541 5348 ne
568 5292 835 5364 ﬂagellum
885 5293 990 5361 ipsi
1036 5291 1532 5361 appropinquaret;
1574 5288 1694 5358 ejus
1740 5296 1917 5343 autem
1949 5305 2044 5358 pe-

472 5384 567 5440 des
595 5385 930 5449 tutabantur,
957 5393 1016 5437 ut
1041 5400 1108 5438 ne
1136 5383 1218 5438 vel
1243 5382 1298 5435 in
1328 5382 1554 5435 minimo
1580 5396 1643 5435 ac
1658 5381 1936 5435 levissimo
1963 5380 2046 5433 of-

477 5478 776 5532 l'enderent.

2154 4553 2246 4606 106
2278 4554 2529 4625 Σωτῆρος
2571 4553 2735 4606 αὑτοῦ
2776 4552 2977 4624 ταύτην
3015 4552 3113 4623 τὴν
3162 4554 3486 4624 μαρτυρίαν.
3530 4554 3587 4606 ’0
3633 4554 3735 4623 μὲν

2154 4646 2263 4719 γὰρ
2296 4647 2521 4717 Μάρκος
2566 4645 2841 4717 ἀνέγραψε
2890 4646 3031 4699 κατὰ
3059 4645 3151 4699 τὸν
3190 4645 3380 4717 καιρὸν
3411 4645 3505 4698 τοῦ
3538 4660 3735 4715 πειρα-

2156 4738 2294 4806 σμοῦ
2328 4738 2423 4791 τοῦ
2456 4738 2725 4809 Σωτῆρος,
2756 4739 2832 4802 ὡς
2853 4739 2960 4811 ἄρα
2979 4733 3047 4809 ἦν
3076 4737 3213 4810 μετά
3232 4737 3340 4791 τῶν
3364 4738 3591 4809 θηρίων,
3636 4738 3733 4792 καὶ

2153 4829 2202 4881 οί
2243 4828 2466 4896 ἄγγελοι
2515 4829 2795 4899 διηκόνουν
2845 4828 3023 4899 αὐτῷ·
3064 4833 3092 4882 6
3119 4829 3392 4891 Ματθαῖος
3445 4828 3607 4881 πάλιν
3641 4828 3733 4881 16v

2153 4921 2315 4973 αὑτὸν
2343 4921 2531 4992 καιρὸν
2581 4920 3059 4992 ἐπισημηνάμενός
3086 4937 3250 4992 φησι·
3308 4921 3443 4974 Τότε
3474 4920 3733 4987 ἀφίησιν

2142 5011 2339 5065 ἀὐτὸν
2378 5016 2410 5066 o'
2439 5012 2746 5081 διάϐολος,
2798 5013 2897 5067 καὶ
2933 5013 3063 5066 ίδοὺ
3109 5012 3350 5084 ἄγγελοι
3378 5011 3735 5079 προσῆλθον

2153 5107 2252 5159 καὶ
2284 5107 2609 5174 διηκόνουν
2639 5108 2819 5172 αὐτῷ.
2838 5108 2995 5161 Ἀλλά
3036 5109 3119 5161 ὅτι
3164 5108 3263 5178 μὲν
3290 5107 3339 5159 οἱ
3368 5103 3585 5173 ἄγγελοι
3610 5101 3731 5172 διη-

2153 5197 2341 5250 κόνουν
2363 5198 2531 5269 αὐτῷ,
2560 5199 2765 5264 ἔδειξαν
2791 5201 2840 5253 οί
2876 5197 3259 5267 εὐαγγελισταί
3279 5212 3293 5227 ο
3327 5195 3484 5257 ποίας
3514 5194 3571 5245 δὲ
3606 5191 3729 5244 δια-

2154 5289 2336 5352 κονίας
2366 5290 2512 5361 αὐτῷ
2546 5294 2824 5363 παρεῖχον,
2861 5284 3007 5344 οὗτοι
3043 5290 3141 5361 μὲν
3165 5289 3264 5342 οὐκ
3282 5285 3724 5359 ἐμνημόνευσαν

2156 5383 2188 5450 ἡ
2219 5380 2274 5433 δέ
2310 5384 2643 5454 προκειμένη
2695 5384 3000 5455 προφητεία
3037 5381 3301 5445 ἐδίδαξεν,
3335 5380 3417 5432 ὅτι
3464 5376 3562 5446 τὴν
3599 5372 3732 5443 περὶ

2152 5473 2221 5525 τά
2248 5475 2532 5544 σωματικά
2566 5478 2658 5530 καὶ
2692 5476 2897 5546 σμικρὰ
2924 5475 3217 5530 διακονίαν.
3263 5470 3590 5540 Ἐφύλαττον
3617 5465 3729 5535 γὰρ

478 5569 641 5622 αὑτοῦ
665 5569 725 5621 16
750 5569 1034 5639 σκήνωμα,
1054 5568 1199 5630 ὅπως
1234 5567 1308 5637 μὴ
1345 5564 1543 5637 μάστιξ
1562 5565 1709 5635 αὑτῷ
1735 5563 2007 5636 πλησιάσῃ
2025 5580 2036 5593 ’
2080 5564 2379 5635 ἐφρούρουν
2409 5566 2465 5619 δέ
2495 5567 2661 5621 αὐτοῦ
2687 5568 2783 5621 κα)⁵
2810 5568 2935 5631 τοὺς
2966 5567 3152 5630 πόδας,
3186 5564 3261 5629 ὡς
3288 5564 3355 5617 ἂν
3420 5561 3495 5632 μὴ
3560 5568 3733 5629 προσι-

480 5665 699 5733 κόψειαν
732 5664 890 5734 μέχρι
920 5664 1013 5716 τοῦ
1046 5664 1405 5733 σμικροτάτου
1442 5662 1534 5715 καὶ
1564 5663 1965 5718 εὐτελεστάτου.

548 5784 593 5817 ⁹⁰
635 5783 801 5836 Marc.
840 5798 887 5843 ι,
923 5783 1009 5837 l5.
1086 5784 1129 5814 ⁹¹
1176 5782 1367 5841 Matth.
1406 5799 1457 5837 tv
1488 5820 1502 5845 ,
1546 5783 1629 5835 ll.
