4068 6394
340 374 471 425 Hb}

1457 373 1784 427 LUMh-EN'I
1796 373 1963 427 ARIA
2002 373 2064 426 IN
2109 372 2452 428 PSALMOS.

3412 376 3578 456 ιιιδξ

407 483 515 537 Καὶ
564 484 733 538 ταῦτα
767 484 862 555 μὲν
914 485 1035 538 κατ’
1069 482 1238 555 αὐτὴν
1290 483 1387 554 τὴν
1440 483 1616 550 λέξινο
1669 484 1805 556 πρὸς
1851 484 1907 537 δὲ

2078 483 2144 538 Ει
2172 484 2285 539 haec
2311 485 2529 555 quidem
2566 485 2863 540 secundum
2910 484 3111 541 nudam
3150 485 3436 542 lectionem
3472 505 3485 541 :
3526 497 3581 540 at

336 576 569 630 διάνοιαν
601 575 957 647 ὲπισκήνωμα
989 575 1083 628 τοῦ
1101 575 1350 645 Σωτῆρος
1380 574 1585 645 ήμῶνὴ
1616 575 1909 645 Ἐκκλησία

336 662 501 720 αὐτοῦ
548 664 924 719 ἀποδέδεικται
952 682 966 696 °
1022 663 1159 720 ἀλλά
1200 665 1293 717 καί
1325 664 1483 735 σῶμα
1525 662 1691 716 αὐτοῦ
1725 666 1753 716 6
1784 664 1908 727 λαὸς

336 755 498 809 αὐτοῦ
523 754 662 809 κατά
687 756 777 809 τὸν
813 757 1057 827 φήσαντα
1083 755 1428 808 Ἀπόστολον·
1462 754 1647 824 Ὑμεῖς
1666 754 1741 808 δέ
1768 754 1908 808 ἐστε

335 847 509 916 σῶμα
527 847 784 915 Χριστοῦ
801 886 816 911 ,
849 848 949 902 καὶ
976 847 1132 916 μέλη
1160 846 1228 899 ἐκ
1256 844 1507 915 μέρους.
1556 840 1680 898 Εἶεν
1710 844 1775 898 ἂν
1802 844 1907 898 τῶν

337 933 517 1004 μελῶν
547 937 596 987 oi
638 934 738 1005 μὲν
766 934 1050 1006 όφθαλμοὶζ
1070 934 1164 988 τοῦ
1198 933 1436 1006 Χριστοῦ
1469 933 1740 1005 σώματος,
1771 936 1818 987 οί
1849 935 1906 988 δὲ

330 1026 426 1078 καὶ
443 1018 581 1088 ὦτα,
610 1027 661 1078 ot
683 1026 739 1078 δὲ
768 1026 864 1079 καὶ
887 1029 1067 1098 χεῖρες
1088 1040 1104 1058 ο
1132 1026 1272 1080 κατά
1294 1026 1465 1081 ταῦτα
1488 1026 1666 1082 τοίνυν
1695 1027 1908 1083 ἔσονται

329 1114 495 1169 αὐτοῦ
522 1116 618 1169 καὶ⁵
646 1116 803 1180 πόδες
822 1116 1021 1188 ἕτεροι,
1052 1118 1183 1189 περὶ
1209 1109 1287 1171 ὧν
1312 1117 1528 1191 εἴρηται
1547 1136 1561 1150 ο
1598 1118 1693 1186 Ὧς
1707 1120 1908 1188 ὡραῖοι

330 1210 385 1261 οἱ
418 1208 600 1274 πόδες
638 1205 761 1261 τῶν
787 1206 1327 1279 εὐαγγελιζομένων
1353 1209 1544 1280 ἀγαθά
1558 1210 1580 1263 !
1604 1211 1819 1265 Τούτων
1843 1211 1906 1284 δὴ

329 1287 423 1347 οὖν
447 1292 556 1346 τῶν
579 1293 777 1360 ποδῶν,
804 1295 953 1357 ὅπως
982 1296 1055 1368 μή
1079 1313 1161 1361 τις
1182 1298 1465 1369 προσκόψῃ
1491 1298 1627 1370 πρὸς
1649 1297 1794 1352 λίθον
1816 1299 1906 1353 τὸν

330 1386 490 1450 πόδα,
525 1385 660 1456 μηδέ
693 1384 1110 1457 σκανδαλίζηται
1142 1389 1199 1441 ἐν
1225 1387 1305 1459 τῷ
1352 1388 1558 1460 δρόμῳ,
1598 1389 1816 1460 ὁμαλῶς
1844 1407 1905 1443 τε

331 1476 426 1530 καὶ
445 1474 740 1539 ἀκωλύτως
766 1476 1023 1551 διατρέχῃ
1050 1476 1150 1549 τὴν
1181 1478 1277 1532 τοῦ
1297 1479 1629 1549 Εὐαγγελίου
1660 1480 1903 1551 πορείαν,

240 1608 241 1611 η
329 1566 551 1636 ἄγγελοι
614 1566 971 1623 καθέστανται
1024 1569 1387 1642 φρουροῦντες
1430 1570 1524 1623 τοῦ
1576 1571 1907 1643 δηλωθέντος

332 1658 686 1729 σκηνώματός
711 1657 968 1726 φύλακες.
988 1660 1158 1713 Πάλιν
1179 1660 1356 1733 ἕτεροι
1379 1660 1600 1729 ἄγγελοι
1626 1664 1676 1716 οί
1694 1664 1794 1727 τάς
1816 1664 1905 1717 ἐκο

331 1749 561 1820 κλησίας
590 1749 684 1804 τοῦ
723 1749 960 1823 Χριστοῦ
993 1749 1094 1814 τὰς
1118 1752 1432 1823 ἁπανταχοῦ
1466 1754 1570 1824 γῆς
1602 1754 1906 1826 ίδρυθείσας

328 1840 768 1911 πεπιστευμένοι.
800 1838 985 1896 Ταῦτα
1011 1840 1069 1893 δὲ
1095 1841 1169 1912 μὴ
1199 1843 1398 1907 συνιεὶς
1420 1846 1449 1896 6
1477 1843 1753 1909 διάϐολοςο
1788 1847 1905 1911 πῶς

328 1929 439 2001 γὰρ
467 1930 499 2001 ἢ
529 1929 691 1984 πόθεν
719 1930 866 2003 αὐτῷ
889 1930 984 1985 τοῦ
1014 1931 1155 1986 θείου
1180 1933 1496 2004 Πνεύματος
1526 1936 1763 1991 συνιέναι
1791 1956 1904 2008 φω-

328 2023 463 2087 νάς;
492 2023 550 2075 ἐν
578 2021 658 2093 τῷ
689 2022 969 2095 πειράζειν
995 2023 1088 2077 τὸν
1130 2025 1379 2097 Σωτῆρα,
1403 2028 1487 2090 είς
1526 2027 1588 2081 τὸ
1613 2028 1905 2102 πτερύγιον

328 2110 492 2165 αὑτὸν
518 2111 610 2164 τοῦ
632 2111 778 2183 ίεροῦ
803 2110 1114 2181 ἀναγαγὼν,
1138 2108 1260 2166 εἶπε
1286 2113 1423 2185 πρὸς
1446 2116 1607 2170 αὐτόν
1624 2133 1637 2148 ·
1668 2121 1740 2172 Et
1776 2120 1907 2185 Υἱὸς

326 2197 388 2256 ετ
410 2201 518 2257 τοῦ
546 2202 715 2268 Θεοῦ,
744 2201 902 2268 βάλε
930 2202 1193 2259 σεαυτὸν
1212 2204 1389 2261 κάτω.
1419 2208 1752 2278 Γέγραπται
1772 2213 1903 2282 γὰρ,

326 2291 419 2346 ὅτι
439 2292 563 2359 τοῖς
600 2294 876 2365 ἀγγέλοις
904 2296 1094 2351 αὐτοῦ
1123 2297 1449 2353 ἐντελεῖται
1476 2301 1611 2369 περὶ
1637 2303 1774 2367 σοῦ,
1807 2304 1906 2358 καὶ

328 2384 429 2438 ἐπὶ
463 2383 677 2453 χειρῶν
708 2386 928 2453 ἀροῦσι
961 2401 1055 2452 σε,
1088 2386 1323 2456 μήποτε
1362 2393 1722 2462 προσκόψῃς
1758 2396 1906 2463 πρὸς

328 2473 506 2528 λίθον
538 2472 645 2529 τὸν
684 2475 842 2529 πόδα
878 2489 1015 2530 σου.
1066 2479 1298 2534 Συνιδὼν
1340 2481 1450 2553 γὰρ
1494 2480 1677 2554 ἔργοις
1726 2484 1906 2548 αὐτοῖς

327 2568 410 2630 είς
441 2566 531 2619 τὸν
563 2566 790 2638 Σωτῆρα
821 2570 1261 2643 πεπληρωμένην
1292 2574 1392 2645 τὴν
1432 2575 1489 2628 ἐν
1531 2578 1643 2640 τοῖς
1686 2594 1907 2647 προκει-

331 2658 516 2729 μένοις
560 2658 916 2730 προφητείαν,
947 2661 1088 2732 όρῶν
1116 2680 1177 2715 τε
1208 2663 1357 2731 ξένον
1387 2665 1567 2737 θέαμα
1610 2668 1669 2720 ἐν
1703 2667 1907 2740 ἀνθρώ-

328 2764 436 2803 που
468 2749 647 2819 φύσει,
681 2751 757 2816 ὡς
774 2752 969 2806 ’τᾶσαν
1006 2753 1171 2808 αὐτοῦ
1201 2755 1301 2828 τὴν
1347 2758 1634 2828 στρατείαν
1664 2758 1907 2833 καθῃρῆο

331 2839 476 2905 σθαι,
502 2843 595 2895 καὶ
622 2841 803 2907 πάσας
829 2843 996 2897 αὐτοῦ
1030 2847 1342 2918 νενικῆσθαι
1363 2848 1461 2911 τὰς
1493 2849 1770 2921 δυνάμεις,
1801 2850 1907 2903 ὑπὸ

325 2931 425 2986 τοῦ
471 2933 819 3004 φαινομένου,
858 2935 1104 3006 χιλιάδας
1146 2955 1207 2991 τε
1245 2938 1467 3012 ἀθρόας,
1514 2942 1609 2994 καὶ
1644 2942 1907 3013 μυριάδας

327 3023 717 3097 ἀπέμπροσθεν
742 3026 908 3080 αὑτοῦ
934 3026 1258 3092 πιπτούσας,
1286 3030 1445 3084 αὐτόν
1468 3047 1529 3083 τε
1560 3031 1788 3102 ἀτρεμεὶ
1812 3033 1906 3085 καὶ

328 3115 782 3213 ἁπαραποδίστως
823 3117 910 3171 ἐπ’
946 3118 1148 3172 ἀσπίδα
1189 3120 1284 3174 καὶ
1338 3120 1646 3191 βασιλίσκον
1695 3122 1906 3176 ἐπιδαί-
1933 3158 1974 3213 C

327 3222 508 3268 νοντα,
538 3205 728 3261 λέοντά
751 3223 811 3260 τε
856 3207 950 3261 καὶ
989 3208 1278 3279 δράκοντα,
1312 3211 1413 3275 τὰς
1445 3212 1770 3284 ἀρχοντικάς
1811 3215 1907 3268 αύ-

325 3295 423 3350 τοῦ
450 3296 723 3369 δυνάμεις,
749 3299 1182 3365 καταπατοῦντα,
1207 3302 1300 3356 καὶ
1320 3301 1465 3355 τοῦτ’
1493 3304 1746 3375 ὲπείραζε
1770 3304 1908 3373 γνῶ-

328 3404 443 3454 ναι,
469 3390 540 3452 εί,
573 3389 764 3444 ἑαυτὸν
800 3390 909 3444 ἀπὸ
938 3390 1029 3443 τοῦ
1061 3391 1353 3461 πτερυγίου
1387 3389 1660 3463 ῥίψαντος,
1687 3391 1907 3459 ἄγγελοι

328 3478 719 3551 προσελθόντες
748 3481 910 3535 αὐτὸν
944 3480 1292 3552 βαστάσουσι.
1323 3482 1466 3553 Πρὸς
1504 3482 1708 3553 ταύτην
1740 3483 1906 3537 αὐτοῦ

326 3570 426 3643 τὴν
469 3570 722 3625 ὑπόνοιαν
751 3571 1140 3643 διεψευσμένην
1179 3571 1343 3627 οὖσαν
1374 3574 1403 3626 6
1444 3573 1633 3645 Σωτὴρ
1677 3574 1908 3644 ἀπεκρί-

329 3677 488 3715 ναιτο⁸
521 3661 879 3732 Γέγραπται,
909 3663 1105 3732 λέγων,
1136 3666 1256 3718 Οὐκ
1288 3664 1666 3733 ἐκπειράσεις
1688 3666 1909 3733 Κύριον

328 3753 437 3806 τὸν
462 3753 611 3807 Θεόν
642 3768 778 3808 σου.
806 3755 880 3807 Τὸ
910 3754 1019 3826 γὰρ
1056 3754 1249 3809 ἐαυτὸν
1272 3756 1591 3827 κρημνίζειν
1620 3757 1715 3810 καὶ
1742 3774 1909 3810 κατα-

330 3844 548 3898 ϐάλλειν
577 3846 686 3899 ἀπὸ
729 3847 837 3902 τῶν
883 3847 1254 3917 ὑψηλοτάτων,
1288 3850 1384 3902 καὶ
1416 3849 1573 3903 τοῦτο
1619 3853 1792 3904 ποιεῖν
1822 3850 1909 3903 ἵνα

329 3932 461 4004 γνῷ.
487 3934 714 4006 πότερόν
758 3952 888 3989 ποτε
933 3936 1188 4008 βοηθείας
1224 3936 1474 4001 τεύξεται
1517 3938 1617 4007 τῆς
1667 3938 1756 3992 διὰ
1798 3939 1909 3992 τῶν

329 4025 597 4092 ἀγγέλων,
626 4024 660 4096 ἦ
697 4026 794 4097 μὴ,
849 4027 1189 4098 ..ειράζοντος
1216 4024 1283 4100 ἦν
1311 4028 1404 4083 τὸν
1437 4027 1601 4081 Θεόνο
1635 4030 1663 4081 ὃ
1695 4029 1758 4100 δὴ
1786 4047 1907 4083 πει-

334 4114 519 4187 ράζειν
567 4116 817 4172 ἐϐούλετο
851 4119 881 4171 6
911 4118 1207 4191 πειράζων.
1255 4120 1467 4174 Οίκεῖον
1504 4120 1611 4191 γὰρ
1664 4121 1811 4191 αὐτῷ
1840 4118 1908 4193 ἦν

332 4212 646 4283 πειράζοντι
667 4213 757 4265 τὸν
794 4211 1042 4282 Σωτῆρα,
1073 4213 1169 4265 καὶ
1190 4211 1282 4265 τὸν
1310 4211 1442 4265 Θεὸν
1471 4212 1748 4283 πειράζειν
1784 4213 1909 4266 τολ-

334 4305 462 4376 μᾷν.
508 4303 647 4357 Ἀλλ’
676 4304 774 4373 οὐχ
812 4305 842 4357 6
869 4304 1062 4375 Σωτήρ
1098 4320 1164 4372 γε
1208 4304 1528 4375 ἐπείραζεν·
1559 4300 1620 4358 εὖ
1653 4304 1763 4376 γὰρ
1795 4305 1910 4376 ᾔδει

331 4396 431 4448 καὶ
471 4394 735 4448 πέπειστο
785 4394 913 4466 περὶ
950 4395 1048 4465 τῆς
1087 4395 1181 4447 τοῦ
1225 4388 1439 4467 Πατρὸς
1484 4395 1763 4466 δυνάμεως
1809 4396 1910 4467 τῆς

2010 572 2346 644 intelligendi
2387 589 2539 630 more
2588 573 3002 630 tabernaculum
3059 574 3365 631 Servatoris
3404 580 3580 632 nostri

2008 661 2309 718 Ecclesiam
2357 664 2476 733 ejus
2522 679 2645 720 esse
2692 674 3181 721 commonstratum
3218 675 3336 735 est;
3380 684 3583 739 corpus

2008 770 2136 811 vero
2167 755 2307 826 ejus,
2342 756 2578 826 populus
2608 757 2730 828 ejus
2768 764 2875 822 est,
2908 758 3209 813 secundum
3233 758 3580 829 Apostolum.

2007 844 2101 915 qui
2132 845 2209 899 ait
2239 864 2252 899 :
2282 844 2386 900 Vos
2422 856 2596 900 autem
2618 848 2742 901 estis
2772 863 2958 916 corpus
2997 847 3219 914 Christi,
3268 858 3319 903 et
3348 850 3585 904 membra

2005 951 2072 989 ex
2093 945 2245 1001 parte
2273 937 2341 991 θ’.
2374 936 2452 993 Ex
2474 938 2737 994 membris
2762 949 2941 993 autem
2970 939 3066 992 alii
3094 937 3300 994 fuerint
3334 940 3585 1011 corporis

2006 1028 2210 1083 Christi
2233 1030 2400 1093 oculi,
2436 1030 2527 1083 alii
2555 1043 2738 1097 aures,
2778 1031 2869 1084 alii
2903 1047 3134 1097 manus;
3165 1032 3267 1088 hac
3290 1049 3455 1104 porro
3497 1050 3584 1090 ra-

2005 1121 2155 1175 tione
2189 1122 2281 1175 alii
2317 1122 2481 1191 pedes
2526 1121 2650 1191 ejus
2678 1129 2859 1187 erunt,
2888 1123 2954 1178 de
2987 1124 3186 1194 quibus
3220 1125 3427 1180 dictum
3454 1136 3580 1184 est:

2009 1211 2181 1279 Quam
2226 1214 2445 1282 speciosi
2489 1214 2642 1283 pedes
2699 1216 3171 1286 euangelizantium
3207 1217 3343 1272 bona
3369 1218 3454 1273 “i
3504 1218 3585 1275 Ne

2005 1302 2130 1371 quis
2159 1318 2287 1357 vero
2322 1303 2585 1359 horumce
2619 1305 2816 1374 pedum
2858 1305 2925 1360 ad
2981 1306 3218 1376 lapidem
3248 1307 3583 1377 ollenderet,

2005 1407 2184 1462 neque
2214 1392 2271 1447 in
2298 1408 2463 1450 cursu
2493 1394 2849 1465 impingeret,
2906 1395 2999 1452 sed
3051 1397 3211 1467 plana
3240 1398 3329 1452 via
3360 1408 3414 1454 et
3463 1399 3585 1457 sine

2005 1481 2160 1536 obice
2189 1480 2292 1537 iter
2336 1482 2707 1552 evangelicum
2754 1491 3091 1553 permearet,
3147 1485 3325 1555 angeli
3373 1494 3583 1543 tutores

2006 1585 2072 1625 ac
2130 1570 2387 1626 custodes
2448 1570 2656 1642 praefati
2708 1573 3044 1628 tabernaculi
3095 1574 3377 1630 constituti
3428 1583 3581 1630 sunt.

2006 1660 2243 1718 Rursum
2314 1677 2445 1717 vero
2500 1669 2718 1718 exstant
2778 1663 2869 1717 alii
2927 1665 3151 1733 angeli,
3213 1666 3414 1735 quibus
3478 1664 3584 1718 Ec-

2006 1753 2184 1810 clesia
2213 1752 2416 1808 Christi
2469 1753 2672 1823 ubique
2702 1759 2975 1808 terrarum
3012 1753 3271 1818 fundatae,
3299 1754 3585 1811 concredi-

2006 1847 2075 1895 ta:
2103 1848 2248 1895 sunt.
2283 1837 2439 1905 Quod
2468 1853 2596 1894 cum
2628 1854 2739 1894 non
2768 1839 3095 1910 intelligeret
3124 1839 3374 1895 diabolus
3399 1859 3414 1895 :
3445 1856 3584 1910 quo-

2005 1928 2168 1983 modo
2187 1928 2331 1983 enim
2360 1936 2453 1982 aut
2476 1928 2622 1982 'unde
2648 1927 2817 1983 divini
2841 1927 3077 1999 Spiritus
3093 1945 3256 1985 voces
3282 1930 3584 2001 intelligere

2005 2021 2215 2091 possit?
2240 2036 2364 2077 cum
2387 2018 2726 2075 Salvatorem
2756 2028 3009 2086 tentaret,
3030 2022 3207 2092 ipsum
3225 2021 3293 2076 ad
3315 2023 3584 2092 pinnacu-

2007 2112 2118 2167 lum
2153 2110 2337 2182 templi
2369 2110 2593 2166 ductum
2624 2110 2705 2166 sic
2731 2110 3106 2182 alloquebatur
3142 2130 3155 2166 :
3188 2111 3249 2166 Si
3279 2110 3455 2165 Filius
3483 2109 3583 2164 Dei

2003 2218 2084 2267 es,
2120 2204 2271 2257 mitte
2301 2213 2348 2256 te
2371 2202 2638 2259 deorsum.
2671 2200 2938 2269 Scriptum
2968 2211 3043 2256 est
3076 2204 3239 2266 enim,
3266 2204 3392 2272 quia
3423 2219 3585 2272 auge-

2009 2294 2075 2349 lis
2104 2296 2216 2348 suis
2248 2292 2522 2347 mandabit
2552 2292 2617 2346 de
2646 2302 2712 2357 te,
2735 2301 2786 2347 et
2818 2294 2875 2347 in
2914 2295 3158 2349 manibus
3198 2295 3379 2349 tollent
3410 2304 3477 2357 te,
3520 2311 3585 2350 ne

2005 2399 2239 2453 unquam
2284 2382 2522 2452 oﬁ'endas
2564 2381 2635 2436 ad
2680 2381 2908 2451 lapidem
2963 2383 3144 2452 pedem
3187 2385 3418 2439 tuum“.
3444 2386 3581 2439 Nam

2006 2490 2131 2529 cum
2171 2489 2238 2530 ex
2270 2474 2404 2545 ipsis
2431 2474 2689 2545 operibus
2732 2475 3086 2544 perspiceret,
3122 2476 3463 2546 prophetiam
3495 2476 3583 2532 his

2007 2565 2188 2620 verbis
2220 2564 2477 2619 traditam
2534 2563 2592 2617 in
2641 2562 2925 2620 Salvatore
2978 2565 3212 2635 impleri,
3257 2580 3321 2621 ac
3354 2576 3583 2637 stupen-

2006 2656 2135 2711 dum
2184 2656 2240 2710 in
2287 2656 2526 2712 hominis
2557 2668 2752 2711 natura
2783 2657 3158 2727 spectaculum
3188 2668 3469 2727 cerneret;
3505 2659 3584 2714 lta

2005 2757 2069 2803 ut
2095 2748 2274 2804 omnis
2294 2749 2569 2805 exercitus
2602 2764 2735 2803 suus
2758 2749 2822 2805 de
2843 2748 3025 2804 medio
3062 2749 3333 2817 sublatus,
3361 2766 3582 2807 omnes-

2005 2854 2113 2909 que
2150 2840 2379 2896 virtutes
2417 2856 2530 2896 sua:
2575 2839 2643 2894 ab
2683 2855 2750 2895 eo
2788 2840 2881 2911 qui
2910 2848 3238 2911 apparuerat
3287 2850 3578 2913 superatae,

2007 2932 2174 2985 millia
2199 2946 2328 2986 vero
2348 2939 2402 2986 et
2423 2932 2610 2986 decem
2642 2931 2810 2986 millia
2840 2932 2895 2986 in
2926 2941 3224 3003 conspectu
3252 2934 3399 2990 illius
3426 2934 3582 3005 lapsa

2005 3030 2211 3087 essent,
2248 3023 2335 3077 ille
2367 3032 2548 3077 autem
2580 3023 2699 3079 sine
2728 3023 3017 3079 formidine
3039 3032 3091 3078 et
3114 3010 3270 3080 obice
3298 3040 3464 3096 super
3492 3041 3583 3081 as-

2006 3114 2185 3183 pidem
2226 3120 2279 3169 et
2324 3114 2639 3169 basiliscum
2674 3114 2995 3177 ambularet,
3028 3114 3241 3169 leonsm
3274 3124 3330 3170 et
3376 3116 3581 3170 draco—

2008 3223 2149 3273 nem,
2184 3207 2460 3278 principes
2492 3208 2612 3277 ejus
2633 3208 2885 3273 virtutes,
2908 3207 3291 3274 conculcaret;
3322 3207 3429 3262 hoc
3452 3210 3581 3264 item

2007 3300 2239 3369 experiri
2276 3299 2508 3361 volebat,
2541 3314 2669 3351 num
2701 3298 2879 3367 ipsum
2906 3313 2973 3352 ex
3003 3297 3300 3367 pinnaculo
3330 3312 3389 3353 se
3411 3300 3583 3369 proji-

2009 3392 2264 3454 cientem,
2297 3391 2617 3445 accedentes
2643 3391 2818 3459 angeli
2856 3389 3120 3460 gestaturi
3146 3400 3349 3445 essent.
3379 3388 3584 3459 Hujus-

2008 3482 2156 3537 modi
2182 3483 2364 3552 itaque
2388 3481 2537 3537 falsa:
2561 3483 2859 3552 suspicioni
2883 3484 2955 3535 ita
2983 3482 3267 3550 respondit
3288 3480 3579 3537 Servator:

2009 3576 2275 3646 Scriptum
2298 3585 2399 3639 est,
2432 3572 2557 3630 Non
2586 3573 2808 3629 tentabis
2847 3572 3125 3627 Dominum
3157 3572 3319 3627 Deum
3350 3581 3494 3625 tuum
3512 3575 3579 3625 ’⁵.

2008 3668 2143 3722 Nam
2176 3684 2207 3723 e
2235 3667 2455 3722 sublimi
2488 3682 2610 3722 sese
2637 3665 2977 3736 prtecipitare
3023 3680 3089 3719 ac
3125 3663 3382 3733 dejicere,
3419 3664 3584 3733 idque

2010 3760 2193 3813 animo
2240 3756 2563 3827 experiundi
2616 3772 2683 3809 an
2713 3756 3031 3825 angelorum
3066 3754 3328 3808 auxilium
3365 3752 3583 3808 adfutu-

2010 3867 2131 3905 rum
2168 3861 2333 3913 esset,
2377 3864 2570 3913 necne,
2600 3848 2703 3902 hoc
2729 3862 2863 3902 sane
2891 3854 3101 3902 tentare
3145 3845 3314 3902 Deum
3346 3846 3579 3901 luisset:

2009 3942 2155 4013 quod
2192 3941 2427 4010 experiri
2479 3946 2719 3994 tentator
2747 3938 2989 4009 optabat.
3022 3937 3156 3991 Nam
3196 3937 3299 4008 ipsi
3329 3936 3583 3991 Salvato-

2009 4049 2125 4088 rem
2150 4034 2399 4095 tentanti,
2420 4031 2698 4101 proprium
2726 4038 2844 4084 erat
2865 4030 2947 4085 vel
2970 4030 3149 4099 ipsum
3179 4028 3346 4083 Deum
3374 4036 3586 4084 tentare

2010 4126 2229 4180 audere.
2266 4124 2336 4178 At
2366 4123 2623 4178 Servator
2646 4130 2856 4178 tentare
2893 4122 3069 4176 noluit
3104 4141 3116 4175 :
3150 4136 3355 4192 gnarus
3383 4121 3587 4191 quippe

2009 4226 2128 4274 erat
2150 4232 2214 4271 ac
2236 4228 2560 4286 persuasum
2591 4213 2824 4268 habebat
2853 4212 3033 4268 Patris
3056 4213 3315 4267 virtutem
3338 4213 3439 4267 sibi
3463 4217 3588 4282 opi-

2010 4307 2191 4363 tulari.
2219 4307 2397 4373 Quare
2437 4305 2759 4376 imperantis
2807 4319 2960 4359 more
2988 4304 3205 4359 diabolo
3236 4305 3375 4359 dixit
3403 4324 3416 4360 :
3458 4305 3587 4361 Non

2012 4395 2236 4450 tentabis
2284 4395 2571 4449 Dominum
2617 4393 2788 4448 Deum
2839 4404 3007 4457 tuum,
3044 4394 3243 4449 divinae
3290 4393 3587 4466 Scriptum

334 4482 701 4555 συνεργούσης
736 4482 904 4553 αύτῷ.
948 4482 1040 4535 Διὸ
1072 4482 1167 4537 καὶ
1196 4482 1275 4553 τῷ
1310 4483 1542 4555 διαϐόλῳ
1582 4502 1908 4556 προστακτι-

2013 4486 2217 4540 dictum
2251 4501 2314 4540 ex
2350 4486 2466 4555 lege
2500 4490 2776 4553 sumptum
2817 4482 2981 4551 hujus
3013 4481 3309 4552 Scriptura:
3337 4485 3455 4538 voci
3487 4500 3587 4554 op-
3617 4492 3625 4501 '

332 4573 446 4636 adii);
494 4572 891 4645 παρεκελεύετο
940 4573 1112 4643 λέγων
1137 4592 1150 4605 ο
1202 4576 1324 4628 Οὐκ
1371 4575 1749 4644 ἐκπειράσεις
1796 4577 1911 4631 Κύ-

325 4679 463 4734 ριον
507 4663 614 4718 τὸν
657 4665 803 4718 Θεόν
839 4680 976 4729 σου,
1015 4663 1164 4728 θείας
1200 4664 1425 4736 Γραφῆς
1468 4664 1610 4733 λέξιν
1654 4665 1753 4736 τὴν
1802 4665 1911 4718 ἀπὸ

330 4751 428 4806 τοῦ
469 4753 633 4824 νόμου
679 4755 1120 4827 ἀντιπαρατιθεὶς
1164 4759 1230 4827 τῇ
1279 4758 1431 4827 φωνῇ
1480 4757 1581 4828 τῆς
1628 4756 1909 4827 παρούσης

333 4845 580 4917 Γραφῆς,
607 4848 673 4916 ἣν
709 4846 783 4917 μὴ
816 4848 1012 4918 νοήσας
1037 4848 1066 4898 ὁ
1097 4847 1341 4911 διάϐολος
1385 4849 1698 4918 προήγαγεν
1736 4848 1906 4917 αὐτῷ,

334 4939 413 5009 μὴ
431 4939 652 5002 συνιεὶς,
676 4939 756 4992 ὅτι
779 4940 878 4992 οὐκ
899 4941 1065 4993 ἐδεῖτο
1093 4938 1343 5011 βοηθείας
1372 4939 1617 5009 ἀγγέλων
1643 4941 1672 4992 6
1698 4940 1906 5011 Σωτὴρ,

331 5033 380 5084 εἰ
405 5031 500 5084 καὶ
526 5031 646 5084 καθ’
672 5031 927 5085 ὑπόθεσιν
961 5034 1137 5105 οἰκείᾳ
1165 5032 1482 5104 προαιρέσει
1506 5031 1751 5086 καθεῖναι
1785 5033 1910 5085 ἐαυο

330 5123 422 5175 τὸν
463 5120 727 5192 ἐϐουλήθη
747 5138 760 5152 ο
796 5123 918 5175 ἐπεὶ
955 5124 1049 5177 καὶ
1078 5124 1221 5178 κατά
1251 5122 1348 5195 τὴν
1382 5125 1462 5185 είς
1492 5122 1754 5193 οὐρανοὺς
1782 5123 1912 5176 ἀνά-

331 5212 494 5282 ληψιν
542 5213 697 5285 (ὅπερ
732 5208 802 5284 ἦν
848 5213 1030 5284 μεῖζον
1089 5215 1187 5285 τῆς
1224 5215 1331 5269 ἀπὸ
1361 5214 1455 5268 τοῦ
1500 5213 1790 5286 πτερυγίου
1814 5213 1907 5267 τοῦ

336 5302 482 5374 ίεροῦ
521 5304 615 5357 ἐπὶ
640 5304 739 5377 τὴν
772 5305 874 5376 γῆν
902 5305 966 5359 δι’
996 5305 1157 5378 ἀέρος
1184 5304 1457 5379 καθόδου),
1486 5307 1587 5360 οὐκ
1614 5306 1909 5376 ἀγγελικῆς

335 5393 530 5465 ἐδεήθη
555 5395 760 5467 χειρός.
792 5396 933 5467 Ὅρα
969 5396 1045 5463 δὲ,
1086 5396 1223 5462 πῶς,
1261 5396 1642 5469 μνημονεύσας
1673 5398 1702 5450 6
1724 5388 1910 5451 διάϐο-

332 5483 423 5545 λος
449 5483 567 5551 τοῦ,
613 5486 737 5539 Ἐπὶ
761 5485 975 5555 χειρῶν
1005 5489 1223 5557 ἀροῦσί
1258 5504 1351 5556 σε,
1376 5488 1610 5559 μήποτε
1650 5487 1911 5555 προσκό-

334 5576 461 5644 ψῃς
490 5575 639 5645 πρὸς
668 5579 842 5632 λίθον
868 5578 975 5632 τὸν
1005 5579 1162 5634 πόδα
1190 5595 1328 5645 σου,
1358 5579 1420 5633 τὸ
1458 5579 1587 5651 ἑξῆς
1627 5578 1912 5650 συνημμέ-

2017 4592 2244 4646 ponens,
2266 4590 2429 4646 quam
2462 4590 2572 4628 non
2600 4573 2907 4643 intelligens
2934 4572 3186 4629 diabolus
3209 4574 3313 4642 ipsi
3342 4574 3587 4642 profere-

2016 4668 2130 4731 bat,
2161 4666 2417 4737 ignorans
2440 4664 2779 4720 Servatorem
2811 4663 3126 4732 angelorum
3150 4678 3252 4732 Ope
3276 4680 3384 4719 non
3404 4681 3585 4735 egere,

2016 4760 2228 4814 etiamsi
2260 4757 2480 4828 proprio
2504 4765 2636 4811 nutu
2667 4756 2928 4810 voluisset
2972 4771 3094 4811 sese
3120 4756 3375 4811 deorsum
3415 4759 3590 4827 proji-

2015 4865 2158 4905 cere.
2188 4848 2641 4918 Quandoquidem
2691 4848 2746 4901 in
2790 4862 2889 4901 sua
2929 4845 2997 4898 ad
3040 4846 3210 4901 caelos
3264 4849 3588 4903 ascensione

2017 4940 2180 5011 (quod
2212 4956 2345 4995 sane
2374 4939 2550 5009 majus
2584 4948 2722 5002 erat,
2752 4954 2916 5009 quam
2967 4937 3057 4993 ille
3081 4954 3111 4992 a
3139 4938 3429 5008 pinnaculo
3458 4949 3591 4995 tem-

2016 5035 2089 5104 pli
2130 5033 2194 5087 ad
2226 5042 2425 5088 terram
2470 5048 2566 5103 per
2603 5046 2782 5087 aerem
2822 5031 3134 5097 transitus),
3188 5046 3298 5085 non
3344 5032 3589 5099 angelica

2017 5139 2179 5177 manu
2214 5139 2352 5194 opus
2400 5123 2609 5178 habuit.
2643 5122 3031 5177 Animadverte
3059 5137 3243 5192 porro,
3278 5137 3389 5192 quo
3429 5129 3589 5193 pacto

2018 5214 2269 5269 diabolus
2306 5214 2391 5270 his
2423 5213 2885 5275 commemoratis,
2926 5210 2994 5265 In
3030 5212 3272 5265 manibus
3304 5212 3486 5266 tollent
3516 5221 3587 5276 te,

2018 5322 2081 5359 ne
2123 5320 2356 5374 unquam
2395 5302 2630 5374 o/fendas
2664 5302 2733 5357 ad
2764 5301 2991 5372 lapidem
3022 5302 3199 5371 pedem
3228 5312 3410 5367 tuum;
3440 5302 3589 5373 quod

2018 5397 2349 5475 sequebatur
2372 5410 2481 5450 non
2511 5394 2802 5458 addiderit,
2835 5393 3088 5449 videlicet
3124 5394 3279 5459 illud,
3312 5412 3469 5464 super
3498 5411 3588 5448 as-

2015 5485 2187 5556 pidem
2214 5496 2263 5540 et
2290 5484 2595 5539 basiliscum
2628 5482 2941 5547 ambulabis,
2959 5491 3008 5537 et
3031 5483 3361 5562 conculcabis
3391 5485 3588 5538 leonem

2018 5586 2068 5631 et
2100 5576 2404 5640 draconem,
2434 5574 2582 5645 quod
2615 5572 2912 5630 Salvatoris
2936 5572 3004 5629 de
3025 5572 3243 5630 diabolo
3285 5582 3341 5631 et
3381 5572 3587 5646 angeli!

408 5763 455 5796 θ’
494 5760 514 5815 l
552 5760 681 5819 Cor.
720 5777 830 5825 xu,
862 5762 953 5818 27.
1028 5763 1074 5795 ⁹³
1112 5763 1274 5816 Rom.
1308 5778 1381 5826 τ,
1420 5762 1507 5818 l5.
1588 5761 1634 5795 ’⁸
1673 5760 1867 5816 Matth.

2022 5759 2073 5816 6.
2112 5761 2201 5836 ,ου
2239 5757 2374 5814 ibid.
2413 5757 2462 5812 τ.

665 5858 931 5918 ΡΑτιιυι.
980 5856 1097 5919 Gn.
1133 5854 1369 5917 XXIII.

3192 5849 3278 5910 37
