4068 6404
450 406 590 462 “6'5

447 520 571 591 eius
632 522 962 589 repo'rtatam
1016 513 1302 567 victoriam
1348 508 1640 564 manil'este
1690 502 2023 558 declarabat.
2056 503 2101 557 Δ

451 614 682 669 Nolebat
721 612 865 665 enim
898 608 982 664 sui
1018 604 1452 660 confutationem
1483 599 1751 668 adjicere;
1785 592 2027 663 alioquin

452 704 742 763 ratiocinio
772 699 1132 770 colligendum
1152 704 1206 751 et
1239 691 1707 763 comprobandum
1746 686 1853 756 ipsi
1891 692 2029 749 erat,

453 798 709 855 eumdem
748 797 927 866 ipsum
962 791 1055 862 qui
1096 805 1261 861 super
1316 789 1454 842 tales
1502 783 1776 856 principes
1808 781 2033 835 virtutes

453 890 781 951 ambularet,
829 887 1085 956 ipsasque
1134 880 1505 943 conculcaret,
1567 890 1678 929 non
1718 886 1879 943 posse
1916 884 2035 924 non

454 978 728 1035 oll‘endere
762 977 828 1030 ad
857 974 1089 1046 lapidem
1122 971 1258 1043 pede
1290 984 1423 1033 suo;
1454 967 1530 1020 ita
1560 973 1619 1018 ut
1644 962 1712 1016 ad
1737 963 1838 1016 hoc
1871 975 2035 1029 ange-

456 1072 631 1123 lorum
658 1066 825 1119 tutela
848 1070 901 1119 et
934 1060 1139 1116 auxilio
1171 1065 1371 1130 egeret.
1406 1054 1605 1109 Verum
1648 1053 1761 1106 hmc
1795 1066 1905 1104 non
1936 1062 2032 1102 ca-

457 1162 613 1231 piens
677 1158 768 1211 ille
835 1155 1001 1223 hujus
1049 1150 1345 1222 prophetiae
1388 1162 1519 1202 voce
1565 1155 1649 1200 est
1690 1158 1847 1205 usus,
1888 1139 2035 1211 quod

457 1260 652 1305 caetera
692 1249 747 1301 in
787 1247 878 1300 illo
907 1245 1128 1315 impleta
1178 1256 1299 1296 esse
1345 1245 1613 1295 cerneret.
1652 1234 1913 1290 Servator
1938 1248 2037 1284 au-

460 1351 567 1398 tem
599 1356 706 1394 non
740 1346 899 1409 negat
930 1337 1078 1391 dese
1096 1334 1365 1405 prolatum
1395 1330 1677 1385 oraculum
1719 1326 1908 1389 fuisse,
1940 1323 2036 1378 sed

459 1433 733 1488 diabolum
767 1431 859 1499 qui
896 1428 1015 1495 ejus
1047 1439 1270 1481 sensum
1307 1440 1416 1478 non
1444 1427 1683 1493 caperet,
1714 1415 2035 1488 congruenti

463 1542 596 1582 usus
626 1524 1005 1596 responsione,
1028 1516 1226 1590 rejicit.
1259 1516 1544 1584 Quomodo
1570 1522 1752 1569 autem
1781 1527 1883 1567 nos
1912 1525 2037 1582 gra-

463 1618 538 1671 tia
571 1615 868 1671 Salvatoris
905 1612 1080 1669 nostri
1128 1611 1341 1681 singula
1368 1608 1605 1678 propriis
1639 1607 1693 1659 in
1731 1605 1865 1659 locis
1888 1619 2038 1658 com-

465 1707 692 1762 mentati
733 1706 928 1769 simus,
959 1702 1264 1773 legentibus
1294 1700 1578 1770 explorare
1618 1711 1784 1766 supra
1833 1695 2036 1749 licebit.

1104 392 1396 451 'EUSEBII
1434 384 1915 446 CESSRIENSIS
1950 382 2100 439 OPP.
2143 375 2323 434 PARS
2355 374 2446 430 lll.
2483 402 2549 413 ——
2578 361 2999 422 EXEGETICA.

3564 354 3711 411 Ηϐῑ

2130 512 2217 549 νον
2250 494 2311 548 οὐ
2362 488 2701 563 προσέθηκε*
2743 482 2902 537 τοῦτο
2945 480 3010 551 δὴ
3040 478 3123 544 τὸ,
3167 448 3295 529 Ἐπί
3330 467 3557 528 ἀσπίδα
3603 468 3711 521 καὶ

2122 561 2499 652 ,ϐασιλίσκων
2542 577 2823 646 ἐπιϐήσῃ,
2866 575 2963 629 καὶ
3006 567 3445 636 καταπατήσας
3488 561 3719 652 λέοντα

2131 682 2228 735 καί
2258 678 2576 747 δράκοντα,
2615 670 2801 741 σαφῶς
2838 668 2937 739 τὴν
2973 666 3091 719 κατ’
3119 660 3284 717 αὑτοῦ
3326 656 3422 711 τοῦ
3465 651 3715 708 διαϐόλου

2132 774 2227 827 καὶ
2269 770 2377 824 τῶν
2421 766 2669 836 ἀγγέλων
2703 760 2867 817 αὐτοῦ
2913 759 3068 828 νίκην
3112 753 3208 808 τοῦ
3254 750 3505 820 Σωτῆρος
3550 761 3721 816 παρι-

2135 865 2363 919 στῶντα.
2410 861 2485 914 Οὐ
2528 858 2636 929 γὰρ
2675 854 2925 908 ὲὸούλετο
2971 849 3060 903 τὸν
3104 845 3224 901 καθ’
3260 840 3459 897 ἑαυτοῦ
3496 838 3725 906 ἔλεγχον

2134 954 2549 1030 παρατίθεσθαι.
2574 952 2638 1005 El
2671 949 2728 1002 δὲ
2753 947 2828 1019 μὴ
2848 945 2942 1016 τὴν
2962 942 3084 1015 (sic)
3106 937 3282 1009 ἐαυτῷ
3300 934 3560 1030 συνέσεως
3576 930 3726 1030 χρῆν

2140 1046 2587 1116 ἐπιλογίσασθαι,
2622 1042 2695 1106 ὡς
2740 1040 2840 1093 οὐκ
2879 1034 2945 1108 ἦν
2995 1033 3090 1087 τοῦ
3143 1028 3310 1085 αὐτοῦ
3350 1028 3411 1080 τὸ
3457 1020 3728 1078 δῦνασθαι

2142 1138 2443 1192 ἐπιϐαίνειν
2491 1135 2586 1189 καὶ
2617 1131 2949 1186 καταπατεῖν
2976 1126 3076 1189 τὰς
3113 1121 3366 1181 τοιαύτας
3396 1110 3731 1187 ἁρχοντικάς

2144 1229 2423 1298 δυνάμεις,
2465 1227 2559 1279 καὶ
2594 1222 2669 1295 μὴ
2700 1220 3063 1293 προσκόπτειν
3096 1214 3235 1287 πρὸς
3264 1211 3408 1263 λίθον
3444 1206 3533 1258 τὸν
3563 1201 3733 1298 πόδα,

2144 1321 2219 1385 ὡς
2260 1292 2465 1374 δεῖσθαι
2512 1292 2761 1387 φυλακῆς
2803 1312 3050 1381 ἀγγέλων
3105 1309 3200 1361 ml
3256 1300 3527 1375 βοηθείας.
3584 1292 3737 1346 Ἀλλ’

2146 1416 2352 1477 ἐκεῖνος
2383 1414 2483 1484 μὲν
2508 1413 2565 1464 οὐ
2604 1409 2803 1471 συνιεὶς
2832 1407 3095 1476 κέχρηται
3125 1403 3191 1471 τῇ
3223 1398 3332 1452 ἀπὸ
3364 1387 3739 1465 προκειμένης

2146 1481 2483 1580 προφητείας
2539 1506 2713 1575 φωνῇ,
2758 1500 2847 1554 διὰ
2894 1499 2955 1551 τὸ
3002 1495 3072 1548 τὰ
3120 1491 3282 1546 λοιπὰ
3325 1481 3742 1555 συνεωρακέναι

2147 1575 2552 1671 πεπληρωμένα
2580 1598 2661 1659 είς
2686 1593 2873 1648 αὐτόν’
2900 1592 2928 1643 ὁ
2968 1588 3025 1642 δὲ
3056 1586 3246 1655 Σωτὴρ
3271 1583 3371 1635 οὐκ
3402 1575 3741 1647 ἀπαρνεῖται

2152 1697 2249 1766 μὲν
2283 1667 2346 1747 ob
2385 1667 2513 1763 περὶ
2539 1689 2704 1744 αὑτοῦ
2747 1684 2997 1760 εἰρῆσθαι
3025 1682 3087 1734 τὸ
3117 1680 3295 1747 λόγιον
3316 1693 3327 1705 ·
3374 1673 3446 1745 μὴ
3479 1667 3743 1723 συνιέντα

464 1761 690 1852 δὲῗαύτὸ
714 1796 802 1848 τὸν
832 1761 1094 1856 διάϐολον,
1121 1791 1308 1861 ἀφίησι
1341 1761 1659 1860 καταλλήλῳ
1687 1761 2037 1859 γρησάμενος
2074 1761 2307 1857 ’τῇ-πρὸς
2338 1761 2499 1839 αὑτδν
2529 1780 2840 1852 ἀποκρίσει.
2882 1776 3073 1846 Ἡμεῖς
3121 1772 3199 1834 δὲ,
3232 1772 3298 1840 τῇ
3352 1763 3515 1820 αὑτοῦ
3548 1761 3745 1832 χάριτι

465 1888 559 1941 τοῦ
605 1884 852 1957 Σωτῆρος
890 1884 1068 1955 ἡμῶν,
1125 1850 1271 1944 ὅπως
1326 1880 1393 1933 τὰ
1466 1850 1797 1940 mai-robe
1837 1850 2031 1939 τάπους
2085 1850 2538 1948 τεθεωρηκαμεν,
2584 1850 2869 1944 πρόκειται
2907 1867 3020 1930 τοῖς
3067 1862 3483 1932 ἐντυγχάνουσιν
3526 1857 3593 1909 ὲκ
3628 1850 3749 1908 τῶν

468 1980 773 2053 εἰρημένων
804 1976 1198 2046 διαγινώσκειν.

544 2096 708 2151 Vens.
732 2094 822 2158 l5,
855 2094 942 2147 14.
974 2091 1142 2162 Super
1178 2092 1413 2160 aspidem
1441 2101 1489 2146 et
1520 2091 1828 2145 basiliscum
1864 2091 2049 2144 ambu-
2086 2096 2129 2155 Β

2240 2082 2358 2137 Ἐπ’
2386 2080 2619 2138 ἀσπίδα
2640 2078 2738 2132 καὶ
2766 2074 3143 2141 βασιλίσκων
3180 2068 3465 2136 ἐπιϐήσῃ,
3508 2065 3606 2119 καί
3637 2081 3753 2119 κο-

469 2189 628 2253 labis,
661 2195 711 2240 et
755 2184 1089 2239 conculcabis
1125 2184 1324 2238 leonem
1367 2196 1415 2239 et
1458 2185 1765 2238 draconem.
1791 2184 2057 2249 Quoniam

2170 2175 2526 2242 ταπατήσεις
2570 2172 2791 2227 λέοντα
2836 2168 2937 2222 καὶ
2972 2166 3289 2235 δράκοντα.
3336 2163 3456 2214 Ὅτι
3499 2160 3592 2213 ἐπ’
3638 2158 3755 2227 ἐμὲ

470 2284 527 2337 in
558 2298 637 2335 me
662 2280 909 2348 speravit,
942 2288 990 2332 et
1020 2277 1251 2332 liberabo
1274 2294 1423 2340 eum;
1451 2286 1718 2346 protegam
1761 2293 1901 2341 eum,
1932 2292 2061 2345 quo-

470 2374 618 2428 niam
635 2371 871 2441 coynouit
894 2386 1081 2423 nomen
1104 2386 1293 2424 meum.
1313 2367 1578 2423 Clamabit
1596 2367 1667 2421 ad
1696 2384 1794 2433 me,
1819 2378 1867 2422 et
1893 2384 2060 2422 exau-

472 2468 620 2521 diam
660 2481 801 2527 eum,
835 2480 953 2517 cum
988 2464 1101 2532 ipso
1145 2478 1263 2516 sum
1312 2462 1367 2515 in
1419 2460 1758 2515 tribulatione
1788 2475 1806 2513 :
1838 2462 2061 2527 eripiam

473 2576 593 2618 eum
629 2570 679 2614 et
724 2556 1033 2629 glori/icabo
1069 2572 1208 2611 eum.
1238 2553 1591 2625 Longitudine
1624 2555 1828 2608 dierum
1855 2552 2062 2621 replebo

474 2670 615 2719 cum,
644 2662 693 2707 et
723 2650 999 2707 ostendam
1027 2650 1113 2703 illi
1139 2649 1376 2703 salutare
1407 2665 1601 2702 meum.
1632 2647 1763 2713 Qua:
1789 2647 1855 2701 ad
1883 2648 2065 2702 taber-

476 2746 737 2801 naculum
784 2743 1106 2815 spectabant
1167 2741 1374 2812 angelis
1427 2740 1824 2803 committebat,
1866 2747 1925 2793 ut
1972 2755 2065 2795 su-

477 2853 578 2908 pra
614 2837 875 2898 diximus,
905 2835 1242 2905 explicantes
1281 2847 1390 2903 quo
1414 2840 1575 2902 pacto
1602 2833 1780 2901 angeli
1805 2838 2066 2885 tueantur

479 2934 535 2981 et
561 2924 872 2981 custodiant
892 2924 1067 2979 virum
1092 2923 1147 2976 in
1179 2921 1401 2976 Christo
1422 2919 1747 2991 perfectum,
1775 2936 1874 2975 seu
1899 2920 2065 2973 etiam

481 3018 785 3074 Ecclesium
834 3015 988 3085 ejus;
1020 3021 1113 3068 aut
1166 3028 1389 3067 carnem
1433 3028 1539 3083 qua
1576 3012 1929 3066 instrumenti
1980 3014 2068 3066 in-

483 3117 597 3163 star
626 3122 726 3179 pro
765 3107 1046 3161 hominum
1079 3105 1257 3160 salute
1285 3120 1419 3159 usus
1448 3114 1552 3159 est.
1579 3102 1703 3157 llaec.
1732 3104 1953 3174 quippe,
1983 3110 2069 3156 ut-

483 3205 611 3269 pote
658 3196 1242 3266 minora-vitiumque,
1293 3194 1499 3266 angelis
1548 3193 1846 3249 commissa
1906 3202 2067 3260 sunt;

486 3291 697 3357 cadem,
726 3290 985 3353 arbitror,
1021 3288 1257 3351 ratione,
1284 3300 1392 3357 qua
1425 3286 1696 3357 quispiam
1722 3285 1941 3341 famulis
1964 3285 2071 3340 cal-

488 3398 713 3438 ceorum
744 3391 839 3436 aut
865 3382 1051 3436 vilium
1089 3379 1316 3451 perinde
1365 3394 1550 3434 rerum
1596 3394 1786 3433 curam
1815 3387 1869 3434 et
1908 3379 2071 3433 mini-

2162 2272 2406 2340 ἦλπισε,
2442 2266 2540 2321 καί
2557 2266 2820 2334 ῥύσομαι
2850 2260 3066 2315 αὐτόν’
3102 2254 3391 2311 σκεπάσω
3417 2252 3624 2315 αὐτὸν,
3655 2250 3754 2304 ὅτι

2160 2364 2313 2433 ἔγνω
2358 2360 2426 2413 τὸ
2480 2357 2665 2426 ὄνομά
2716 2372 2853 2425 μου.
2908 2348 3267 2419 Κεκράξεται
3311 2344 3461 2413 πρὸς
3504 2344 3603 2412 μὲ,
3645 2341 3751 2397 καὶ

2161 2454 2571 2520 ἐπακούσομαι
2611 2447 2819 2510 αὐτοῦ,
2854 2443 2983 2515 μετ’
3028 2439 3217 2496 αὐτοῦ
3256 2441 3371 2509 ειμι
3407 2438 3477 2490 ἐν
3505 2437 3750 2503 θλίψει*

2162 2546 2483 2615 ἐξελοῦμαι
2511 2542 2717 2608 αὑτὸν,
2752 2539 2853 2593 καὶ
2885 2536 3125 2601 δοξάσω
3152 2533 3361 2589 αὐτόν.
3396 2529 3754 2597 Μακρότητα

2164 2632 2401 2705 ἡμερῶν
2431 2631 2723 2702 ἐμπλήσω
2750 2627 2958 2694 αὑτὸν,
2990 2625 3088 2679 καί
3129 2622 3305 2687 δείξω
3336 2619 3497 2685 αὐτῷ
3534 2619 3601 2672 τὸ
3632 2632 3755 2671 σω-

2165 2726 2371 2796 τήριόν
2400 2743 2539 2795 μου.
2576 2722 2657 2776 Τὰ
2700 2722 2797 2793 μὲν
2832 2718 3083 2791 περὶτοῦ
3115 2714 3473 2787 πηνώματος
3501 2710 3756 2780 ἀγγέλοις

2168 2819 2492 2880 ἐνετέλλετο,
2511 2816 2653 2871 κατὰ
2669 2815 2738 2867 τὰ
2761 2810 3223 2884 προαποδοθέντα,
3246 2810 3395 2870 ὅπως
3411 2806 3633 2875 ἄγγελοι
3653 2822 3755 2875 τη-

2172 2911 2376 2984 μελῶσι
2394 2912 2489 2964 καὶ
2514 2908 2824 2979 φυλάττωσι
2860 2904 2953 2959 τοῦ
2992 2906 3050 2959 ὲν
3074 2900 3295 2975 Χριστῷ
3330 2896 3759 2969 τετελειωμένοι»

2168 3005 2380 3076 ἀνδρὸς,
2400 3003 2433 3075 ἢ
2451 3003 2543 3057 ml.
2556 3003 2652 3073 τῆς
2681 2998 3010 3069 Ἐκκλησίας
3031 2994 3219 3061 αὑτοῦ,
3240 2994 3273 3064 ἢ
3293 2993 3388 3047 ml.
3408 2992 3510 3063 τῆς
3531 2988 3759 3061 σαρκὸς,

2169 3092 2203 3171 ᾖ
2218 3098 2449 3168 κέχρητο
2460 3095 2613 3165 δίκην
2626 3092 2855 3164 ὀργάνου
2874 3090 3014 3159 ὑπὲρ
3030 3089 3127 3157 τῆς
3143 3084 3445 3157 ἀνθρώπων
3460 3082 3759 3153 σωτηρίας.

2170 3188 2354 3241 Ταῦτα
2388 3186 2496 3259 γὰρ
2524 3187 2603 3250 ὡς
2635 3183 2946 3255 βραχύτερα
2976 3179 3072 3234 ml.
3119 3175 3476 3246 εὐτελέστερα
3505 3173 3765 3243 ἀγγέλοις

2171 3281 2562 3351 ὲπετέτραπτο’
2585 3278 2678 3331 ml.
2689 3274 2843 3348 οἶμαι
2859 3274 3053 3339 ὅτι,ὼς
3070 3273 3134 3327 ἀν
3162 3288 3246 3334 τις
3270 3269 3508 3332 οἰκέταις
3539 3267 3766 3339 ἐπιτρέ-

2170 3374 2320 3445 ψειεν
2361 3372 2723 3443 ὑποδημάτων
2749 3366 3048 3428 διακονίαν,
3077 3365 3110 3435 ῆ
3144 3363 3317 3417 ἄλλων
3352 3359 3515 3414 τινῶν
3548 3359 3766 3411 εὐτελε-

488 3474 716 3530 sterium
748 3471 947 3539 tradit;
980 3473 1061 3527 sic
1097 3486 1439 3543 quaecunque
1472 3471 1687 3526 modica
1716 3478 1771 3525 et
1805 3484 2068 3540 corporea

2177 3466 2380 3535 στέρων
2429 3462 2752 3534 ὑπηρεσίαν,
2778 3460 2951 3521 οὕτως
2978 3458 3079 3510 ὅσα
3125 3454 3296 3526 μικρά
3345 3453 3439 3505 ml.
3474 3448 3766 3521 σωματικὰ

490 3582 587 3637 per
610 3566 909 3620 Salvatoris
942 3564 1114 3619 nostri
1137 3579 1357 3619 carnem
1383 3563 1775 3630 adiciebantur,
1812 3578 1875 3617 ea
1910 3577 2075 3631 ange-

490 3659 669 3712 lorum
693 3672 840 3713 eura:
861 3656 1368 3722 committebantur,
1396 3655 1493 3726 qui
1521 3654 1911 3711 ministrabant
1934 3654 2071 3724 ipsi:

492 3749 560 3805 de
585 3748 787 3820 quibus
816 3747 1027 3818 angelis
1056 3746 1172 3801 haec
1223 3745 1550 3802 testiﬁcatur
1598 3744 1878 3814 Evangelii
1904 3742 2078 3798 Scri-

494 3849 653 3911 ptura
667 3839 857 3896 dicens
876 3859 887 3894 :
904 3841 1251 3894 Accesserant
1276 3838 1470 3909 angeli,
1487 3847 1538 3892 et
1553 3837 1929 3891 ministrabant
1944 3836 1994 3889 ei
2007 3835 2074 3889 ⁸⁸.

495 3930 901 3986 Praestabiliora
933 3939 1134 3994 autem,
1185 3929 1394 3999 majora
1425 3936 1479 3984 et
1511 3928 1727 3991 altiora,
1758 3942 1869 3982 non
1917 3941 2081 3996 ange-

496 4024 587 4090 lis,
619 4023 714 4079 sed
744 4023 845 4093 ipsi
888 4021 1159 4077 Salvatori
1211 4022 1456 4076 ascribit.
1489 4020 1749 4086 Quaenam
1806 4019 1899 4073 illa
1944 4019 2076 4082 sint,

498 4116 754 4186 superius
811 4122 1303 4170 common-stratum
1356 4122 1469 4180 est;
1524 4113 1667 4167 inter
1723 4111 1839 4166 haec
1896 4118 2080 4166 autem

500 4201 634 4262 illud
655 4214 795 4273 erat,
830 4205 1033 4261 Cadent
1065 4223 1098 4259 a
1129 4207 1293 4260 latere
1323 4217 1413 4261 tuo
1442 4207 1607 4269 mille,
1643 4216 1693 4261 et
1734 4206 1910 4259 decem
1958 4204 2083 4257 mil-

500 4300 577 4353 lia
623 4315 656 4352 a
703 4297 904 4352 dextris
938 4299 1063 4353 tuis.
1100 4297 1158 4352 lu
1190 4299 1303 4353 ﬁne
1342 4315 1468 4353 vero
1507 4300 1750 4353 omnium
1782 4297 2081 4352 Salvatoris

501 4392 677 4447 nostri
704 4392 934 4447 victoria
963 4392 1031 4446 de
1072 4391 1331 4446 omnibus
1368 4400 1641 4461 reportata
1687 4400 1964 4461 postrema
1997 4404 2083 4443 re-

502 4491 758 4537 eensetur
806 4483 891 4537 his
943 4483 1145 4547 verbis,
1190 4482 1357 4551 Super
1393 4484 1627 4551 aspidem
1670 4492 1719 4536 et
1777 4482 2083 4535 basiliscum

505 4571 822 4638 ambulabis,
854 4584 902 4625 et
935 4572 1266 4626 conculcabis
1319 4573 1516 4626 leonem
1561 4582 1610 4626 et
1649 4572 1951 4627 draconem.
1988 4571 2083 4627 His

504 4680 669 4733 porro
713 4662 1010 4734 signiﬁcari
1057 4664 1270 4719 aestimo
1330 4665 1695 4735 principatus,
1760 4671 2081 4733 potestates,

504 4752 697 4808 mundi
736 4763 979 4808 rectores
1015 4761 1068 4808 et
1109 4754 1413 4823 spiritualia
1442 4754 1717 4824 nequitiac.
1749 4753 1923 4823 Super
1971 4753 2085 4806 haec

2181 3558 2267 3611 διὰ
2306 3557 2406 3626 τῆς
2436 3555 2529 3608 τοῦ
2578 3552 2832 3623 Σωτῆρος
2871 3549 3027 3620 ἡμῶν
3062 3547 3346 3618 ἐνηργεῖτο
3392 3542 3614 3614 σαρκὸς,
3639 3540 3768 3593 τού-

2181 3667 2289 3703 των
2344 3648 2610 3719 ὑπηρέται
2662 3644 2988 3699 καθίσταντο
3041 3639 3282 3709 ἄγγελοι,
3334 3638 3430 3691 καὶ
3484 3635 3770 3705 διηκόνουν

2184 3741 2332 3811 αὑτῷ
2354 3757 2367 3770 ·
2408 3739 2537 3809 περὶ
2568 3731 2642 3792 ὧν
2672 3737 2763 3791 καὶ
2788 3738 2821 3806 ἡ
2847 3734 2940 3787 τοῦ
2969 3731 3304 3801 Εὑαγγελίου
3339 3726 3523 3800 γραφὴ
3558 3741 3773 3796 μαρτυ-

2186 3836 2272 3906 ρεῖ
2310 3833 2564 3900 λέγουσα,
2604 3831 2685 3882 ὅτι
2717 3825 3075 3896 Προσῆλθον
3118 3824 3382 3893 ἄγγελοι,
3418 3819 3515 3873 καὶ
3563 3816 3773 3884 διηκό-

2185 3942 2335 3981 νουν
2367 3922 2545 3989 αὐτῷ.
2581 3921 2661 3975 Τὰ
2690 3921 2747 3973 δὲ
2792 3915 3222 3989 προύργιαίτερα
3270 3915 3363 3967 ml.
3411 3910 3628 3983 μείζονα
3675 3910 3776 3960 καλ

2187 4017 2493 4088 ὑψηλότερα
2537 4013 2722 4067 οὐκέτι
2760 4009 3032 4078 ἀγγέλοις,
3082 4008 3197 4061 ἀλλ’
3242 4004 3391 4075 αὐτῷ
3430 4003 3507 4072 τῷ
3556 4001 3779 4071 Σωτῆρι

2186 4110 2493 4180 ἀνατίθησι.
2522 4107 2655 4160 Τίνα
2694 4105 2749 4158 δὲ
2782 4100 2850 4174 ἦν
2876 4102 3070 4165 ταῦτα,
3102 4099 3395 4169 δεδήλωται
3423 4096 3509 4149 διὰ
3536 4094 3646 4147 τῶν
3676 4094 3784 4162 ἒμ-

2188 4203 2423 4276 προσθεν
2448 4219 2461 4231 ·
2496 4202 2552 4253 ὲν
2604 4193 2685 4263 οἷς
2715 4193 2783 4268 ἦν
2821 4196 2914 4250 ml.
2946 4196 3027 4258 τὸ,
3063 4192 3337 4247 Πεσεῖται
3379 4190 3447 4242 ἐκ
3485 4187 3592 4240 τοῦ
3636 4186 3785 4239 κλί-

2189 4312 2330 4363 τους
2366 4312 2482 4350 σου
2523 4292 2719 4362 χιλιὰς
2758 4290 2858 4345 καί
2888 4288 3106 4359 μυριὰς
3142 4288 3210 4339 ἐκ
3238 4283 3358 4338 τῶν
3387 4280 3601 4345 δεξιῶν
3629 4296 3784 4333 σου.

2190 4390 2356 4453 Τέλος
2390 4388 2461 4442 δὲ.
2489 4386 2706 4440 πάντων
2741 4385 2837 4437 καὶ
2881 4382 3085 4452 ὑστάτη
3113 4378 3253 4432 κατά
3285 4376 3504 4429 πάντων
3531 4370 3625 4425 τοῦ
3664 4372 3788 4423 Σω-

2189 4483 2353 4553 τῆρος
2378 4478 2535 4551 ἡμῶν
2586 4477 2710 4547 νίκη
2753 4475 3086 4545 παρίσταται
3126 4471 3214 4524 διὰ
3240 4468 3357 4533 τοῦ,
3398 4467 3516 4519 Ἐπ’
3543 4463 3789 4519 ἀσπίδα

2191 4575 2289 4629 καὶ
2317 4573 2691 4639 βασιλίσκων
2724 4566 2982 4636 ἐπιϐήσῃ
3013 4565 3110 4619 καὶ
3154 4558 3599 4625 καταπατήσας
3636 4554 3787 4624 δρά-

2192 4680 2376 4719 κοντα
2404 4664 2502 4718 καί
2529 4662 2767 4716 λέοντα.
2812 4656 3114 4730 Δηλοῦσθαι
3154 4655 3212 4707 δὲ
3258 4652 3345 4705 διὰ
3378 4649 3582 4703 τούτων
3609 4646 3789 4717 ἠγοῦ-

2197 4774 2294 4829 μαι
2331 4754 2504 4827 ἀρχάς
2534 4755 2632 4807 καὶ
2662 4750 2910 4819 ὲξσυσίας
2952 4751 3046 4803 καὶ
3087 4744 3558 4818 κοσμοκράτορας,
3582 4740 3686 4791 καὶ
3716 4736 3791 4790 τὰ

505 4852 691 4899 autem
748 4844 1049 4908 ambulare,
1077 4852 1131 4899 et
1165 4852 1245 4899 tot
1295 4845 1439 4901 feras
1476 4846 1677 4900 divinis
1712 4844 1932 4898 virtutis
1978 4859 2068 4899 sua

2198 4828 2544 4918 πνευματικά
2588 4844 2685 4914 τῆς
2724 4843 3010 4913 πονηρίας.
3041 4838 3280 4899 Ταύταις
3324 4835 3423 4906 μὲν
3450 4828 3540 4886 οὖν
3572 4829 3794 4883 ἐπιϐαί-

504 4935 790 5007 gressibus
832 4937 1160 4993 conculcare
1191 4937 1390 4993 dicitur
1429 4938 1546 5007 ipse
1598 4935 1875 4991 Servator.
1932 4935 2091 5001 Quod

505 5043 637 5083 vero
670 5029 725 5082 in
754 5028 906 5083 nullo
930 5027 1190 5093 otl‘endat,
1229 5045 1328 5085 nec
1356 5029 1633 5100 quidpiam
1657 5028 1937 5098 corporeis
1970 5028 2090 5097 ejus

508 5121 921 5192 Operationibus
970 5118 1359 5193 impedimento
1413 5123 1507 5187 sit,
1532 5123 1593 5177 id
1638 5126 1955 5193 angelorum
1987 5122 2093 5175 mi-

514 5215 753 5270 nisterio
800 5217 1177 5272 concreditum
1217 5226 1316 5271 est.
1357 5215 1462 5271 Sed
1514 5215 1975 5285 quemadmodum
2026 5214 2094 5269 de

513 5323 778 5379 corporeo
844 5309 964 5378 ejus
1014 5309 1366 5364 tabernaculo
1424 5308 1726 5375 dicebatur,
1790 5306 2094 5378 Flagellum

516 5412 619 5447 non
672 5395 1110 5465 appropinquabit
1170 5395 1507 5450 tabernaculo
1580 5405 1688 5460 tuo,
1737 5404 1792 5451 et
1846 5397 1965 5465 ejus
2013 5396 2093 5449 rei

518 5500 682 5541 causa
712 5486 826 5540 hinc
862 5486 1242 5555 adjiciebatur,
1274 5488 1539 5553 Quoniam
1570 5489 1771 5559 angelis
1801 5488 1912 5542 suis
1942 5504 2096 5540 man-

520 5575 664 5629 dabit
693 5576 756 5631 de
788 5587 870 5642 te;
896 5578 969 5631 ita
999 5586 1054 5635 et
1082 5594 1227 5633 nunc
1261 5588 1383 5648 post
1409 5582 1563 5645 illud,
1589 5580 1758 5649 Super
1786 5580 2021 5649 aspidem
2048 5589 2098 5633 et

522 5665 822 5720 basiliscum
845 5668 1161 5735 ambulabis,
1185 5680 1233 5726 et
1258 5670 1585 5727 conculcabis
1611 5670 1807 5727 leonem
1835 5682 1881 5725 et
1910 5671 2101 5724 draco-

591 5822 637 5853 οο
678 5821 842 5877 Matth
896 5836 967 5889 ιν,
1006 5826 1089 5879 ιι.

2198 4955 2331 5003 νειν,
2359 4938 2454 4991 ml.
2480 4935 2548 4989 τὰ
2577 4933 2816 4988 τοσαῦτα
2850 4931 3014 5003 θηρία
3054 4930 3389 4983 καταπατεῖν
3420 4926 3531 4987 τοῖς
3571 4921 3792 4975 θειοτέ-

2198 5048 2312 5103 ροις
2342 5030 2441 5100 τῆς
2465 5027 2648 5082 ὲνθέου
2675 5026 2955 5096 δυνάμεως
2988 5020 3151 5077 αὑτοῦ
3189 5020 3514 5091 βαδίσμασιν
3547 5014 3719 5076 αὐτὸς
3760 5014 3794 5067 ὁ

2197 5122 2387 5194 Σωτὴρ
2419 5121 2665 5189 λέγεταιο
2698 5119 2760 5171 τὸ
2800 5117 2856 5170 δὲ
2904 5117 2961 5168 ὲν
2998 5113 3186 5185 μηδενὶ
3229 5110 3617 5184 προσκόπτειν,
3664 5105 3795 5178 μηδ’

2197 5200 2447 5284 ἐμποδὼν
2490 5208 2735 5280 γίνεσθαί
2777 5226 2899 5262 τινα
2949 5208 3069 5269 ταῖς
3104 5200 3586 5275 σωματικωτέραις
3628 5199 3797 5268 ἐνερ-

2198 5304 2372 5373 γείαις
2400 5301 2585 5367 αὐτοῦ,
2617 5300 2836 5370 ἄγγελοι
2863 5299 2961 5369 τὴν
2993 5295 3270 5351 διακονίαν
3295 5293 3609 5364 εἰλήφεσαν.
3644 5286 3798 5339 Ἀλλ’

2202 5396 2390 5467 ὥσπερ
2422 5395 2513 5446 ἐπὶ
2558 5392 2653 5446 τοῦ
2699 5389 3009 5463 σωματικοῦ
3059 5386 3418 5458 σκηνώματος
3462 5379 3631 5436 αὐτοῦ
3676 5379 3772 5431 ἑλέ

2204 5500 2351 5555 γετο,
2393 5483 2629 5547 Μάστιξ
2656 5485 2767 5536 οὐκ
2811 5479 2991 5551 ἐγγιεῐ
3021 5479 3092 5532 ἐν
3132 5476 3211 5542 τῷ
3255 5472 3599 5543 σκηνώματι
3646 5484 3802 5550 σου,

2206 5580 2299 5631 ml.
2330 5577 2390 5630 τὸ
2419 5576 2590 5631 αἴτιον
2632 5576 2869 5645 ἐπήγετο
2897 5572 2986 5626 διά
3031 5569 3147 5635 τοῦ,
3183 5570 3303 5622 Ὅτι
3342 5566 3465 5632 τοῖς
3507 5561 3811 5633 ἀγγέλοις

2208 5667 2393 5725 αὐτοῦ
2424 5666 2746 5722 ἐντελεῖται
2777 5664 2909 5735 περὶ
2941 5661 3085 5717 σοῦ·
3118 5660 3260 5716 οὕτω
3290 5659 3385 5714 καὶ
3418 5657 3511 5714 νῦν
3538 5654 3682 5728 μετὰ
3706 5652 3810 5721 τὸ,
