4068 6404
404 403 538 458 1165

1550 404 2050 459 COMMENTARM
2093 404 2156 457 IN
2195 404 2530 461 PSALMOS.

3495 401 3633 457 1166

410 518 529 571 Ἐπ’
559 517 785 572 ἀσπίδα
816 518 909 571 καὶ
935 520 1305 582 ,ϐασιλίσκον
1335 519 1616 589 ἐπιϐήσῃ,
1649 523 1746 575 καὶ
1779 540 1956 577 κατα-

2064 540 2199 586 nem,
2266 539 2429 578 causa
2503 539 2723 580 rursum
2788 523 3025 586 additur,
3086 536 3204 590 quae
3254 536 3367 576 rem
3415 536 3522 576 non
3568 523 3635 576 ad

397 611 686 677 πατήσεις
712 608 1008 677 δράκοντα
1031 612 1127 664 καὶ
1150 610 1389 673 λέοντα,
1420 610 1581 665 πάλιν
1611 614 1642 682 ἡ
1670 613 1818 667 αἰτία
1843 616 1965 665 ἐπι-

395 702 636 769 λέγεται,
669 702 769 753 οὐκ
800 703 886 755 ἐπ’
913 703 1177 772 ἀγγέλους
1214 702 1579 773 ἀναφέρουσα,
1609 703 1723 757 ἀλλ’
1750 707 1836 758 ἐπ’
1870 706 1967 757 αὑ-

395 793 485 846 τὸν
508 794 598 845 τὸν
629 793 907 862 ’Υψιστον,
932 788 993 847 οὗ
1021 797 1085 848 ὲκ
1118 794 1406 867 προσώπου
1433 794 1700 859 λέλεκται,
1733 798 1852 849 Ὅτι
1872 798 1965 849 ἐπ’

394 884 500 952 ἐμὲ
532 882 775 951 ἤλπισε,
801 884 899 937 καὶ
925 886 1189 953 ῥύσομαι
1219 885 1425 939 αὐτόν.
1451 886 1574 949 Πῶς
1606 886 1663 939 δὲ
1694 888 1779 939 ἐπ’
1806 886 1966 940 αὑτὸν

393 976 609 1045 ἤλπισε,
640 976 926 1046 προλαϐὼν
958 976 1190 1043 ἐδίδαξεν
1218 979 1246 1030 ὁ
1278 976 1433 1044 λόγος
1461 976 1627 1031 εἰπών
1652 994 1665 1007 ·
1702 978 1755 1030 '0
1781 996 1968 1032 κατοι-

392 1066 517 1120 κῶν
542 1068 611 1119 ἐν
634 1068 886 1137 βοηθείᾳ
924 1069 1030 1122 τοῦ
1071 1069 1353 1137 Ὑψίστου
1373 1086 1386 1098 ο
1418 1070 1534 1133 καὶ,
1572 1069 1723 1137 Ἐρεῐ
1744 1069 1822 1135 τῷ
1850 1073 1968 1123 Κυ-

389 1158 525 1223 ρίῳ’
569 1157 960 1227 Ἀγτιλήπτωρ
1002 1176 1121 1227 μου
1169 1155 1241 1223 εἷ,
1277 1159 1375 1212 καὶ
1421 1159 1730 1235 καταφυγή
1757 1177 1898 1228 μου,
1934 1162 1966 1212 ό

395 1249 539 1313 Θεός
569 1266 711 1316 μου,
753 1249 849 1302 καί
890 1250 1076 1302 ἑλπιῶ
1102 1250 1193 1302 ἐπ’
1236 1252 1441 1304 αὐτόν.
1478 1251 1544 1303 Ἠ
1589 1250 1765 1303 τοίνυν
1792 1249 1964 1302 ἐπινί-

399 1356 517 1402 κιος
548 1339 641 1392 καὶ
670 1340 950 1394 τελευταία
974 1341 1171 1413 πρᾶξις
1196 1341 1333 1411 μετά
1362 1342 1541 1405 πάσας
1573 1342 1668 1405 τὰς
1700 1359 1967 1413 προκατα-

392 1428 673 1499 λεχθείσας
703 1430 796 1482 τοῦ
843 1432 1091 1502 Σωτῆρος
1142 1433 1317 1503 ἡμῶν,
1361 1432 1393 1503 ἢ
1442 1435 1535 1485 καὶ
1576 1432 1669 1485 τοῦ
1716 1435 1773 1486 ὲν
1820 1433 1966 1503 αὐτῷ

391 1521 763 1593 τελειουμένου
796 1522 1009 1594 ἀνδρὸς,
1044 1525 1077 1595 ἢ
1109 1526 1203 1577 καὶ
1230 1525 1324 1577 τοῦ
1356 1525 1520 1578 αὑτοῦ
1556 1525 1759 1578 τελείου
1785 1526 1968 1593 σώμα-

390 1629 483 1674 τος
521 1612 621 1681 τῆς
654 1612 977 1683 Ἐκκλησίας
1007 1614 1193 1677 αὑτοῦ,
1235 1614 1537 1685 δηλωθεῖσα
1570 1617 1658 1670 διὰ
1684 1616 1801 1681 τοῦ,
1849 1617 1965 1669 Ἐπ’

391 1703 622 1756 ἀσπίδα
649 1702 748 1756 καὶ
769 1704 1147 1767 ,ϐασιλίσκων-
1174 1705 1458 1775 ἑπιϐήσῃ,
1502 1708 1601 1760 καὶ
1633 1708 1968 1777 καταπατή-

391 1808 523 1858 σεις
567 1792 863 1861 δράκοντα
902 1795 1001 1848 καὶ
1044 1795 1283 1861 λέοντα,
1324 1798 1423 1868 τὴν
1467 1800 1647 1852 πᾶσαν
1691 1799 1967 1869 ἀναφορὰν

390 1883 607 1953 καὶτῆς
639 1883 795 1952 νίκης
820 1883 918 1954 τὴν
948 1884 1126 1938 αἰτίαν
1150 1886 1241 1937 ἐπὶ
1272 1885 1350 1955 τῷ
1385 1885 1622 1958 ’Υψίστῳ
1656 1888 1956 1958 ἀνατίθησι.

390 1971 480 2023 Διὸ
513 1970 789 2024 λέλεκται·
836 1973 955 2025 Ὅτι
997 1974 1090 2026 ἐπ’
1123 1974 1228 2043 ἐμὲ
1275 1975 1520 2044 ἤλπισε,
1561 1977 1659 2031 καί
1698 1979 1960 2047 ῥύσομαι

389 2062 592 2128 αὐτὸν,
628 2063 715 2117 ὅτι
738 2064 889 2133 ἔγνω
910 2064 974 2118 τὸ
1005 2065 1192 2135 ὄνομα
1211 2085 1351 2136 μου.
1378 2069 1518 2122 Μετ’
1547 2069 1731 2123 αὐτοῦ
1757 2073 1870 2138 εἰμι
1891 2071 1961 2123 ἐν

389 2155 610 2222 θλίψει,
644 2154 962 2223 ἐξελοῦμαι
1000 2157 1098 2209 καὶ
1126 2157 1362 2222 δοξάσω
1389 2160 1591 2212 αὐτόν.
1624 2159 1733 2213 Καί
1769 2178 1857 2230 μοι
1879 2161 1961 2213 δο-

388 2247 475 2297 κεῖ
528 2244 648 2298 καθ’
697 2244 890 2317 ἑτέραν
943 2247 1181 2301 διάνοιαν
1234 2251 1267 2319 ὴ
1325 2251 1629 2321 προφητεία
1685 2250 1959 2315 Θεσπίζειν

388 2336 563 2388 πάντα
609 2336 698 2390 τὸν
736 2337 936 2409 τρόπον
968 2339 1062 2391 τοῦ
1097 2339 1239 2393 κατὰ
1277 2340 1560 2412 ἄνθρωπον
1586 2341 1701 2412 βίου
1726 2342 1819 2394 τοῦ
1846 2344 1958 2395 Σω-

386 2427 553 2499 τῆρος
576 2427 732 2498 ἡμῶν
752 2446 765 2459 ο
792 2427 935 2497 λέγω
959 2430 1015 2482 δὲ
1037 2429 1126 2483 τὸν
1152 2430 1365 2502 πρῶτον
1400 2432 1720 2503 πειρασμὸν,
1752 2434 1845 2486 καὶ
1868 2434 1959 2486 τὸν

388 2518 529 2570 κατά
559 2518 617 2571 τὸ
661 2518 851 2584 πάθος,
889 2521 986 2591 τήν
1011 2537 1069 2573 τε
1103 2520 1240 2592 μετά
1280 2522 1377 2593 τὴν
1402 2523 1551 2575 λύσιν
1582 2525 1674 2577 τοῦ
1712 2525 1959 2596 σώματος

388 2610 480 2661 ἐπὶ
504 2609 603 2673 τὰς
646 2610 1025 2682 ἀντικειμένας
1068 2614 1325 2684 δυνάμεις
1365 2615 1570 2683 ἔφοδον.
1604 2616 1714 2670 Καὶ
1754 2618 1821 2671 τά
1861 2618 1959 2687 μὲν

387 2700 582 2770 πρῶτα
617 2700 710 2753 τοῦ
752 2702 999 2773 ψαλμοῦ·
1044 2705 1345 2776 κοινότερον
1376 2707 1432 2760 δὲ
1463 2707 1604 2761 οὕτω
1646 2708 1885 2777 λεγέσθω
1924 2711 1957 2780 ἡ

391 2789 639 2861 παροῦσα
684 2795 983 2864 προφητεία
1023 2796 1113 2848 τὸν
1159 2799 1462 2869 πειρασμὸν
1508 2793 1836 2852 αἰνίττεσθαι
1869 2800 1959 2853 τὸν

388 2881 482 2935 ἐπὶ
526 2882 623 2952 τῆς
675 2884 903 2955 ἐρήμου,
952 2885 1009 2939 ὃν
1058 2887 1116 2940 ὲν
1164 2891 1276 2953 τοῖς
1315 2890 1664 2958 Εὑαγγελίοις
1709 2892 1957 2963 εἰσῆκται

388 2972 671 3045 πειραθεὶς
710 2975 813 3027 ὑπὸ
852 2976 945 3032 τοῦ
976 2977 1254 3032 διαϐόλου’
1301 2981 1369 3034 τὰ
1409 2982 1464 3034 δὲ
1501 2981 1746 3053 δεύτερα,
1782 2984 1838 3035 ἐν
1878 2976 1958 3045 οἷς

390 3063 652 3131 ἀγγέλους
678 3065 1037 3122 διακονεῖσθαι
1070 3069 1148 3141 τῷ
1174 3071 1339 3124 αὐτοῦ
1374 3071 1585 3142 σώματι
1620 3073 1958 3144 παρέστησεν

387 3156 417 3207 ό
441 3156 616 3225 λόγος,
645 3158 741 3230 τὴν
769 3159 909 3212 κατά
933 3158 1022 3213 τὸν
1053 3162 1389 3233 ἀνθρώπινον
1423 3164 1535 3235 βίον
1561 3166 1836 3238 διατριϐὴν
1865 3169 1960 3220 αὺ-

386 3246 511 3298 τοῦ·
543 3247 611 3300 τά
640 3248 697 3301 δὲ
722 3248 898 3319 τρίτα,
933 3250 1000 3303 δι’
1034 3248 1109 3305 ὧν
1141 3253 1355 3322 λέγεται
1386 3257 1470 3307 ἐπ’
1501 3256 1699 3311 ἀσπίδα
1726 3260 1817 3311 καὶ
1854 3259 1953 3328 βα-

390 3336 626 3390 σιλίσκον
670 3339 1076 3411 ἐπιϐεϐηκέναι,
1124 3345 1216 3397 καὶ
1260 3348 1774 3419 καταπεπατηκέναι
1825 3350 1954 3421 δρά-

388 3444 551 3479 κοντα
586 3428 679 3482 καὶ
722 3428 931 3496 λέοντα,
978 3435 1075 3503 τὴν
1111 3436 1249 3505 μετὰ
1287 3436 1377 3491 τὸν
1422 3438 1649 3491 Θάνατον
1682 3439 1820 3492 κατά
1848 3440 1955 3495 τῶν

387 3516 723 3589 ἀρχοντικῶν
766 3525 1088 3595 πνευμάτων
1130 3528 1312 3599 νίκην’
1351 3529 1469 3599 μεθ’
1496 3530 1532 3583 ἃ.
1567 3531 1742 3585 πάντα
1777 3531 1957 3583 ἐπιλέ-

386 3627 572 3677 γετςιι·
639 3613 980 3685 Ἐεελοῦμαι
1034 3619 1222 3672 αὑτὸν
1280 3622 1377 3675 καὶ
1424 3619 1665 3686 δοξάσω
1725 3625 1950 3676 αὐτόν’

385 3704 740 3772 Μακρότητα
772 3707 1006 3777 ἡμερῶν
1054 3710 1344 3779 ἐμπλήσω
1391 3713 1597 3777 αὐτὸν,
1643 3714 1741 3767 καὶ
1781 3713 1955 3778 δείξω

383 3795 544 3861 αὐτῷ
575 3796 639 3850 τὸ
681 3799 979 3869 σωτήριόν
1014 3820 1157 3871 μου,
1187 3804 1285 3875 τῆς
1320 3805 1456 3875 μετὰ
1496 3806 1587 3859 τὸν
1632 3805 1859 3860 θάνατον
1893 3807 1957 3857 ὲκ

384 3890 590 3960 νεκρῶν
636 3892 929 3964 σωτηρίας,
978 3894 1071 3947 καὶ
1108 3895 1205 3965 τῆς
1246 3896 1591 3967 μακραίωνος
1620 3898 1711 3950 καὶ
1752 3896 1956 3950 ἀθανά-

2070 612 2291 678 angelos
2319 612 2537 678 referat,
2564 614 2658 669 sed
2686 614 2751 667 ad
2780 614 2954 684 ipsum
2986 613 3348 675 Altissimum,
3372 628 3438 666 ex
3477 613 3636 681 cujus

2069 717 2299 770 persona
2326 701 2548 767 dicitur,
2570 704 2830 768 Quoniam
2861 705 2912 756 in
2944 720 3021 756 me
3045 705 3290 773 speravit,
3332 711 3379 755 et
3405 702 3636 757 liberabo

2066 809 2203 847 eum.
2220 792 2500 858 Quomodo
2519 794 2572 847 in
2591 794 2709 864 ipso
2725 796 3039 863 speraverit,
3057 795 3173 862 jam
3201 793 3489 864 Scriptura
3508 794 3639 848 edo-

2068 900 2192 938 cere
2214 887 2500 956 occupavit
2528 888 2614 942 his
2662 887 2841 942 verbis
2870 906 2882 940 :
2915 886 3019 952 Qui
3042 886 3248 939 habitat
3284 887 3338 939 in
3369 886 3635 955 adjutorio

2067 978 2353 1042 Altissimi,
2390 988 2443 1034 et
2476 999 2489 1034 :
2527 980 2676 1033 Dicet
2709 979 2933 1033 Domino
2970 977 3296 1048 :Susceptor
3319 996 3461 1033 meus
3496 997 3549 1034 es
3582 990 3636 1033 tu

2067 1077 2115 1120 et
2147 1068 2404 1139 refugium
2441 1087 2634 1137 meum,
2678 1069 2818 1123 Deus
2858 1086 3025 1134 meus,
3054 1077 3104 1122 et
3141 1068 3359 1137 sperabo
3388 1071 3441 1122 in
3493 1085 3631 1123 eum.

2069 1156 2439 1228 Triumphalis
2471 1161 2652 1230 itaque
2704 1169 2758 1214 et
2810 1167 3085 1228 postrema
3138 1160 3304 1224 actio,
3339 1174 3460 1229 qua:
3509 1169 3633 1229 post

2069 1248 2173 1301 alia
2200 1259 2498 1304 memorata
2523 1250 2843 1315 Salvatoris,
2880 1259 2973 1303 aut.
3025 1251 3127 1305 viri
3166 1250 3221 1303 in
3270 1265 3335 1304 eo
3375 1266 3635 1305 consum-

2068 1337 2341 1399 mati,aut
2389 1339 2507 1408 ejus
2568 1338 2791 1407 perfecti
2861 1339 3130 1407 corporis,
3185 1338 3299 1393 sive
3354 1338 3631 1404 Eeelesim,

2068 1439 2219 1496 gesta
2256 1429 2559 1499 signiﬁcata
2592 1430 2644 1482 in
2672 1428 2766 1483 illo
2804 1449 2817 1483 :
2862 1428 3031 1500 Super
3070 1431 3304 1499 aspidem
3346 1440 3395 1483 et
3451 1432 3637 1485 basili‘

2068 1535 2218 1571 scum
2244 1521 2560 1585 ambulabis,
2584 1530 2631 1574 et
2656 1521 2985 1575 conrulcabis
3022 1522 3217 1575 leonem
3247 1534 3294 1575 et
3324 1522 3631 1588 draconem;

2068 1616 2202 1676 tota,
2260 1626 2385 1664 cum
2432 1611 2674 1665 victoriae
2747 1626 2934 1675 causa,
2982 1610 3264 1667 Altissimo
3315 1614 3630 1667 ascribitur.

2068 1696 2429 1762 Quamobrem
2462 1699 2662 1771 dicitur
2694 1715 2707 1750 :
2741 1700 3004 1766 Quoniam
3060 1702 3114 1754 in
3166 1718 3247 1755 me
3298 1704 3546 1771 speravit,
3581 1712 3634 1758 et

2071 1789 2299 1843 liberabo
2327 1767 2741 1860 eum,'quoniam
2793 1792 3024 1861 cognovit
3054 1808 3240 1845 nomen
3271 1808 3460 1845 meum.
3498 1790 3633 1846 Cum

1996 1870 2038 1922 B
2068 1882 2182 1949 ipso
2216 1899 2331 1934 sum
2369 1883 2421 1934 in
2455 1882 2813 1946 tribulatione,
2837 1883 3056 1949 eripiam
3088 1898 3204 1935 eum
3238 1892 3286 1935 et
3320 1882 3631 1953 gloriﬁcabo

2067 1990 2204 2026 eum.
2248 1974 2368 2028 Alio
2398 1975 2526 2027 item
2564 1988 2728 2029 sensu
2758 1974 3042 2043 prophetia
3073 1975 3287 2030 videtur
3324 1977 3455 2029 mihi
3489 1978 3629 2037 vati-

2066 2063 2239 2118 cinari
2276 2079 2491 2118 onmem
2526 2065 2778 2119 humana:
2816 2064 3115 2120 Salvatoris
3148 2068 3321 2122 nostri
3362 2067 3485 2122 vita:
3508 2085 3628 2123 mo-

2065 2156 2224 2222 dum;
2257 2155 2378 2210 dico
2404 2164 2583 2210 autem
2617 2158 2848 2227 primam
2877 2160 3262 2226 tentationem;
3302 2160 3447 2213 illam
3476 2162 3628 2229 item,

2065 2262 2228 2317 quam
2263 2248 2317 2301 in
2361 2248 2617 2317 passione
2661 2249 2949 2315 sustinuit;
2984 2265 3048 2303 ac
3103 2252 3267 2305 etiam
3297 2267 3438 2320 eam,
3465 2270 3627 2323 quam

2065 2348 2188 2409 post
2219 2339 2545 2393 solutionem
2601 2341 2848 2410 corporis
2904 2340 3032 2396 fecit
3061 2350 3254 2396 contra
3288 2344 3629 2401 advel-sarias

2064 2438 2362 2499 potestates
2420 2431 2802 2502 irruptionem.
2836 2431 2902 2485 Et
2958 2433 3073 2488 haec
3106 2434 3324 2504 quidem
3378 2436 3551 2506 prima
3574 2446 3630 2492 et

2064 2525 2334 2594 praecipua
2366 2526 2419 2578 in
2455 2526 2666 2594 psalmo
2711 2533 2839 2581 sunt.
2877 2544 2889 2579 :
2924 2526 3217 2595 vulgariori
3251 2534 3431 2582 autem
3477 2544 3629 2583 more

2064 2614 2277 2668 dicatur
2308 2615 2421 2668 ιιιΕο
2453 2615 2737 2684 prophetia
2787 2617 3146 2672 tentatiouem
3199 2617 3255 2670 in
3310 2618 3525 2672 deserto
3552 2620 3629 2675 si-

2064 2707 2343 2778 gniﬁcare,
2379 2723 2484 2777 qua
2528 2715 2773 2763 tentatus
2803 2724 2926 2764 esse
2958 2724 2987 2761 a
3023 2710 3243 2764 diabolo
3292 2718 3548 2764 narratur
3570 2712 3628 2766 in

2064 2798 2387 2870 Evangelia;
2421 2798 2659 2854 secunda
2690 2816 2837 2863 vero,
2867 2800 3063 2871 quibus
3098 2802 3321 2871 angelos
3346 2801 3463 2870 ejus
3496 2817 3623 2857 cor-

2064 2891 2181 2960 pori
2226 2890 2572 2945 ministrasse
2625 2889 2973 2959 declaratur,
2997 2889 3114 2960 ejus
3152 2891 3207 2944 in
3254 2891 3488 2946 humana
3514 2892 3625 2947 vita

2063 2983 2531 3037 conversationem
2568 2982 2848 3049 indicant;
2884 2982 3042 3037 tertia
3072 2990 3275 3047 autem,
3319 2984 3516 3053 quibus
3540 2985 3624 3039 di-

2063 3073 2226 3134 citur,
2248 3087 2370 3127 eum
2402 3088 2566 3142 super
2588 3072 2833 3142 aspidem
2863 3080 2916 3127 et
2946 3072 3261 3128 basiliscum
3288 3074 3619 3139 ambulasse,

2063 3172 2117 3217 et
2138 3163 2492 3218 conculeasse
2546 3163 2754 3218 leonem
2802 3171 2856 3219 et
2907 3163 3221 3229 draconem,
3259 3164 3433 3234 ipsum
3497 3176 3621 3237 post

2060 3264 2287 3311 mortem
2323 3255 2390 3310 de
2420 3255 2760 3325 principibus
2790 3255 3077 3326 spiritibus
3100 3256 3384 3311 victoriam
3431 3274 3622 3329 repor-

2060 3358 2208 3403 tasse
2241 3356 2501 3413 narrant;
2537 3355 2660 3417 post
2681 3362 2802 3417 quae
2833 3348 3015 3401 omnia
3036 3348 3293 3419 adjicitur
3326 3364 3338 3399 :
3383 3347 3624 3419 Eripiam

2044 3457 2178 3517 .eum
2204 3450 2253 3494 et
2282 3438 2591 3510 gloriﬁcabo
2617 3455 2753 3493 eum.
2784 3436 3134 3508 Longitudine
3165 3440 3369 3494 dierum
3416 3440 3623 3509 replebo

2062 3546 2201 3595 eum,
2227 3538 2276 3583 et
2299 3528 2569 3583 ostendam
2593 3528 2675 3580 illi
2704 3528 2940 3581 salutare
2978 3544 3184 3593 meum;
3214 3530 3416 3599 quibus
3439 3530 3623 3584 decla-

2060 3629 2144 3673 rat
2176 3619 2295 3686 ejus
2326 3626 2446 3686 post
2468 3617 2675 3671 obitum
2708 3619 3167 3673 resurrectionem
3193 3634 3259 3673 ex
3303 3620 3533 3674 mortuis
3568 3631 3624 3675 et

2062 3712 2312 3773 salutem,
2348 3709 2643 3779 longaevam
2672 3716 2727 3761 et
2756 3708 3119 3765 immortalem
3156 3712 3344 3776 vitam,
3381 3712 3623 3767 divinam

2061 3803 2313 3872 gloriam,
2359 3809 2414 3854 et
2471 3800 2734 3853 honorem
2792 3815 3129 3872 regnumque
3191 3803 3334 3873 apud
3403 3802 3620 3859 Patrem

2064 3902 2398 3964 susceptum.

381 3995 476 4033 του
532 3981 697 4053 ζωῆς,
738 3984 833 4055 τῆς
876 4002 937 4037 τε
983 3985 1166 4039 ἐνθέου
1211 3986 1367 4059 δόξης
1418 3988 1511 4041 καὶ
1557 3989 1655 4060 τῆς
1704 3990 1853 4060 παρά
1884 3987 1962 4058 τῷ
1998 3988 2171 4059 Πατρὶ
2217 3985 2381 4055 τιμῆς
2418 4000 2477 4035 τε
2519 3982 2613 4036 καὶ
2661 3982 2936 4054 βασιλείας
2971 3981 3061 4036 διὰ
3101 3983 3304 4037 τούτων
3357 4004 3623 4058 παριστα-

386 4072 573 4142 μένης.

383 4182 673 4237 ΨΑΛΜΟΣ
709 4186 883 4256 ῼΔΗΣ
907 4226 922 4251 ,
962 4188 1579 4327 ἕᾍΣΤῦᾙΝἰῒὲΜΕΡΑΝ
1618 4194 1754 4246 ΤΟΥ
1793 4192 1947 4245 ΣΑΒ-

466 4348 704 4417 Ἀγαθὸν
735 4350 796 4401 τὸ
817 4349 1297 4421 ἐξομολογεῖσθαι
1319 4356 1396 4421 τῷ
1422 4358 1633 4423 Κυρίῳ,
1662 4359 1757 4411 καὶ
1790 4357 1946 4427 ψάλ-

382 4438 514 4489 λειν
552 4436 632 4501 τῷ
664 4439 910 4507 ὀνόματί
951 4456 1087 4503 σου,
1122 4441 1386 4510 Ὕψιστε,
1418 4446 1523 4499 τοῦ
1556 4448 1951 4517 ἀναγγέλλων

382 4527 449 4579 τὸ
472 4528 620 4595 πρωῒ
648 4529 711 4583 τὸ
732 4530 906 4595 ἔλεός
937 4546 1053 4585 σου
1079 4532 1175 4585 καὶ
1203 4534 1316 4601 τὴν
1347 4537 1635 4604 ἀλήθειάν
1659 4555 1774 4593 σου
1804 4541 1951 4593 κατὰ

380 4621 589 4685 νύκτα,
619 4621 687 4674 ἐν
714 4621 1051 4691 δεκαχόρδῳ
1083 4627 1394 4693 ψαλτηρίῳ
1418 4630 1543 4696 μετ’
1577 4630 1735 4699 ᾠδῆς
1766 4632 1835 4683 ἐν
1867 4650 1949 4684 κι-

381 4710 550 4779 θάρᾳ.
583 4710 693 4775 Τὰς
730 4712 837 4765 τῶν
869 4714 1161 4769 Σαϐϐάτων
1192 4716 1401 4787 ἡμέρας
1445 4719 1493 4769 οἱ
1529 4719 1633 4789 πρὸ
1676 4720 1949 4783 Μωῡσέως

380 4802 574 4856 δίκαιοι
619 4804 713 4857 καὶ
752 4803 1013 4886 ςὶεοφιλεῖς
1051 4807 1243 4879 ἄνδρες
1282 4808 1391 4861 οὔτ’
1420 4810 1637 4881 ᾔδεσαν,
1668 4810 1777 4862 οὒτ’
1818 4811 1949 4880 ἐφύ-

381 4892 589 4947 λαττον.
618 4892 743 4947 Οὕτ’
789 4893 881 4949 οὖν
913 4897 1072 4961 αὐτὸς
1112 4898 1378 4972 Ἀϐραάμ,
1412 4900 1535 4953 οὔτε
1579 4902 1780 4965 Ἰσαάκ,
1824 4901 1947 4955 οὔτε

392 4985 605 5049 Ἰακὼϐ,
628 4986 748 5039 οὔτε
784 4988 833 5040 οἱ
868 4989 1057 5042 τούτου
1101 4992 1305 5057 παῖδες,
1337 4992 1450 5067 ἀλλ’
1482 4992 1601 5046 οὐδὲ
1634 4995 1682 5045 οἰ
1718 4994 1795 5045 ἔτι
1823 4994 1945 5046 τού-

377 5095 483 5131 των
528 5077 604 5148 τῷ
658 5078 833 5149 χρόνῳ
880 5081 1222 5153 παλαιότεροι
1270 5085 1549 5153 φαίνονται
1593 5082 1944 5153 γινώσκοντες

378 5171 590 5244 ἡμέραν
615 5170 911 5224 Σαϐϐάτου.
952 5173 1105 5225 Ἐπεὶ
1130 5175 1305 5228 τοίνυν
1333 5176 1381 5228 οἱ
1419 5178 1483 5229 ὲκ
1518 5177 1837 5248 περιτομῆς,
1871 5176 1945 5238 ὡς

380 5262 521 5330 μέγα
547 5280 597 5315 τι
630 5262 1036 5333 κατορθοῦντες,
1062 5263 1132 5316 τά
1158 5266 1408 5320 Σάϐϐατα
1431 5267 1715 5335 φυλάττειν
1753 5268 1946 5338 ἡγοῦν-

378 5370 488 5419 ται,
517 5353 552 5407 ἀ
582 5354 701 5407 οὐδὲ
742 5353 1065 5423 φυλάττουσι
1098 5356 1240 5409 κατά
1266 5357 1327 5409 τὸ
1354 5357 1597 5429 βούλημα
1627 5358 1721 5412 τοῦ
1754 5360 1939 5428 νόμου,

379 5441 711 5513 παραθετέον
743 5443 923 5506 αὐτοῖς
966 5444 1040 5495 τὰ
1075 5445 1355 5515 εἰρημένα.
1402 5448 1511 5499 Καὶ
1550 5447 1737 5519 ἐπειδὴ
1778 5449 1944 5500 κατά-

378 5551 576 5587 παυσιν
605 5535 854 5605 σημαίνει
884 5534 943 5587 τὸ
972 5535 1263 5601 Σάϐϐατον,
1291 5537 1598 5609 γέγραπται
1634 5540 1763 5607 γοῦν
1787 5556 1800 5570 °
1832 5541 1942 5594 Καὶ

377 5624 756 5677 κατέπαυσεν
792 5627 825 5677 ό
859 5625 1002 5691 Θεὸς
1041 5626 1111 5679 ἐν
1138 5625 1212 5695 τῇ
1242 5628 1429 5697 ἡμέρᾳ
1467 5628 1541 5697 τῇ
1578 5626 1619 5689 ζ’
1640 5629 1758 5683 ἀπὸ
1795 5630 1943 5682 πάν..

378 5732 493 5767 των
527 5713 643 5767 τῶν
672 5715 857 5783 ἔργων
892 5717 1096 5786 αὐτοῦ,
1131 5712 1217 5775 ὧν
1242 5719 1508 5788 ἐποίησε,
1552 5719 1647 5773 καὶ
1673 5720 1940 5794 ⁵ἡγίασεν

447 5834 489 5865 ⁸⁷
530 5830 661 5888 Gen.
699 5846 775 5901 ιι,
806 5832 875 5899 2,
909 5833 963 5889 5.

2093 4181 2414 4239 PSALMUS
2462 4181 2759 4250 CANTlCl,
2796 4182 2863 4239 1N
2922 4184 3033 4238 DlE
3095 4184 3402 4243 SABBATI.
3440 4188 3582 4247 XCI.

2124 4345 2292 4400 Vens.
2330 4344 2384 4408 2,
2418 4344 2471 4398 '5.
2516 4342 2721 4395 Bonum
2747 4349 2825 4394 est
2854 4341 3093 4410 conﬁteri
3124 4340 3367 4408 Domino,
3402 4355 3451 4399 et
3474 4350 3621 4416 psal-

2057 4441 2161 4493 lere
2183 4436 2383 4490 nomini
2413 4444 2525 4498 tuo,
2567 4432 2856 4494 Altissinte,
2890 4431 2959 4484 ad
3006 4434 3427 4488 annuntiandum
3466 4456 3621 4495 mune

2055 4527 2471 4583 misericordiam
2498 4537 2665 4589 luant,
2696 4533 2745 4576 et
2788 4526 3057 4578 veritatem
3084 4535 3228 4578 tuam
3264 4542 3352 4594 per
3385 4541 3613 4598 noctem,

2057 4622 2111 4673 in
2138 4617 2463 4673 decachordo
2500 4616 2748 4685 psalterio
2786 4631 2905 4667 cum
2936 4616 3139 4668 cantico
3162 4617 3214 4669 in
3257 4618 3481 4675 cithara.
3514 4621 3618 4688 Qui

2054 4709 2469 4780 ante'Moysem
2516 4715 2673 4761 erant
2716 4706 2851 4776 justi
2910 4721 2974 4760 ac
3032 4708 3269 4777 religiosi
3322 4710 3446 4775 viri,
3500 4713 3618 4768 dios

2056 4803 2420 4857 Sabbatorum
2472 4816 2580 4854 non
2632 4807 2828 4853 norant
2888 4813 2988 4853 nec
3053 4799 3456 4856 custodiebant.
3507 4803 3618 4860 Nec

2052 4895 2197 4948 enim
2232 4893 2527 4955 Abraham,
2562 4906 2740 4960 neque
2782 4890 2952 4957 Isaac,
3000 4907 3177 4960 neque
3213 4892 3403 4958 Jacob,
3441 4912 3618 4966 neque

2052 4988 2170 5056 ejus
2232 4987 2548 5054 ﬁlii,neque
2599 4985 2761 5038 etiam
2810 4982 2902 5051 qui
2955 4983 3023 5037 iis
3069 4985 3403 5054 antiquiores
3433 4998 3611 5051 erant,

2052 5078 2192 5131 diem
2227 5076 2444 5131 Sabliati
2474 5076 2691 5129 novisse
2722 5074 2993 5127 videntur.
3037 5073 3173 5138 Quia
3210 5076 3375 5145 igitur
3423 5080 3516 5148 qui
3548 5096 3613 5133 ex

2052 5167 2475 5221 circumcisione
2524 5174 2674 5230 sunt,
2707 5164 2861 5232 quasi
2916 5165 3096 5233 magni
3149 5165 3424 5236 quidpiam
3470 5185 3612 5238 prm-

2053 5265 2217 5323 stent,
2254 5272 2312 5311 se
2342 5255 2576 5309 Sahhata
2624 5268 2841 5307 servare
2888 5259 3099 5321 putant,
3133 5269 3254 5323 qum
3290 5262 3470 5310 tamen
3527 5272 3612 5311 se-

2051 5347 2290 5402 cundum
2353 5344 2487 5414 legis
2551 5353 2785 5397 mentem
2852 5358 2961 5396 non
3012 5344 3352 5409 custodiunt,
3413 5347 3610 5415 psalmi

2047 5438 2191 5493 dicta
2224 5436 2356 5507 ipsis
2383 5440 2510 5490 sunt
2545 5431 2885 5502 exponenda.
2918 5431 2984 5484 Et
3018 5433 3145 5503 quia
3184 5432 3477 5489 Sabbatum
3517 5436 3625 5491 re;

2047 5531 2228 5601 quiem
2285 5526 2590 5595 signiﬁcat;
2628 5538 2753 5577 nam
2803 5523 3066 5593 scriptum
3094 5532 3176 5578 est
3208 5544 3221 5579 :
3260 5525 3330 5579 Et
3366 5528 3609 5595 requievit

2046 5623 2187 5677 Deus
2210 5620 2295 5674 die
2344 5617 2564 5686 septimo
2596 5614 2659 5668 ab
2700 5616 2938 5669 omnibus
2962 5618 3205 5683 operibus
3251 5620 3360 5671 suis
3387 5635 3504 5688 qua:
3533 5627 3610 5687 ισ-

2045 5726 2209 5781 cerat,
2246 5725 2294 5770 et
2328 5710 2677 5779 sanctiﬁcarit
2712 5708 2957 5783 illum)";
2992 5710 3142 5766 dicas
3185 5727 3316 5768 sane
3369 5710 3462 5767 Dei
3526 5730 3613 5767 re-
