4068 6394
390 328 539 383 ’1167

1171 319 1440 375 EUSEBII
1482 314 1962 373 CASSARIENSIS
1998 312 2146 368 ΟΡΡ.
2188 310 2365 364 PARS
2404 308 2493 363 Ill.
2533 340 2602 348 —
2642 304 3051 359 EXEGETICA.

3504 295 3644 352 1168

403 448 587 518 quiem
649 440 1123 501 considerandam,
1177 452 1477 507 verumque
1530 434 1826 487 Sabbatum
1873 446 1971 502 pro

2099 425 2294 493 mnia“
2330 426 2495 496 ἐρεῖς,
2530 424 2611 476 ὃτι
2655 422 2918 494 προσήκει
2958 421 3145 489 νοῆσαι
3190 415 3325 469 Θεοῦ
3357 417 3644 467 κατάπαυ-

404 538 669 608 dignitate
700 533 794 587 Dei
834 529 1213 601 accipiendum
1252 543 1398 582 esse.
1442 527 1512 577 At
1555 525 1700 579 enim
1733 524 1974 577 declarat

406 631 519 694 ille,
550 627 747 697 impios
780 625 1029 679 homines
1058 637 1170 677 non
1231 621 1583 689 ingressuros
1629 631 1752 671 esse
1803 614 1856 667 in
1888 629 1976 667 re-

405 721 587 791 quiem
623 717 817 787 ipsius,
842 715 898 768 in
928 713 1154 784 psalmis
1186 711 1316 764 talia
1335 710 1477 764 latus
1509 724 1523 760 :
1556 708 1769 774 Semper
1796 711 1977 759 errant

407 812 587 867 corde.
624 808 740 877 Ipsi
784 822 902 861 vero
954 822 1058 859 non
1099 809 1449 873 cognoverunt
1482 800 1593 854 vias
1644 814 1809 860 meas,
1843 797 1979 850 sicut

406 903 583 972 iuravi
612 903 667 955 in
698 902 781 953 ira
811 914 950 962 mea,
987 898 1033 951 si
1059 894 1351 949 introibant
1382 894 1437 946 in
1466 891 1694 963 requiem
1723 905 1892 943 meam
1910 888 1974 942 “.

407 996 644 1051 Necesse
670 994 835 1064 igitur
859 998 943 1046 est
972 987 1211 1043 Sabbata
1269 985 1366 1041 Dei
1412 983 1712 1041 secundum
1744 989 1979 1037 mentem

400 1085 680 1156 accipere,
728 1094 783 1138 et
811 1081 923 1136 Deo
980 1086 1371 1149 congruentem
1428 1075 1671 1144 requiem
1717 1073 1979 1142 cogitare,

408 1193 516 1248 qua
570 1175 725 1247 impii
748 1189 860 1229 non
914 1172 1212 1237 donantur,
1262 1167 1359 1225 sed
1420 1167 1521 1222 soli
1583 1165 1718 1234 justi
1764 1179 1829 1217 ac
1889 1162 1984 1216 Dei

409 1267 593 1324 amici.
630 1268 711 1321 Ita
748 1264 893 1321 enim
929 1261 1230 1317 dixerimus
1263 1257 1560 1318 Abraham,
1596 1253 1770 1317 Isaac,
1814 1250 1986 1306 Jacob

410 1369 467 1417 et
488 1372 678 1414 omnes
701 1361 970 1425 quotquot
1003 1357 1131 1404 ante
1164 1356 1218 1403 et
1268 1353 1395 1417 post
1451 1345 1573 1399 illos
1619 1342 1714 1398 Dei
1745 1343 1985 1396 cultores

400 1450 589 1515 “fuere,
628 1445 972 1517 intelligendi
997 1459 1150 1499 more
1189 1444 1367 1497 solum
1419 1440 1641 1494 novisse
1697 1450 1760 1489 ac
1801 1443 1985 1489 custo-

412 1541 563 1597 disse
610 1536 849 1594 Sabbata
906 1534 1024 1602 Dei,
1060 1541 1115 1589 et
1155 1532 1434 1604 ingressos
1464 1544 1586 1584 esse
1634 1527 1692 1581 in
1740 1524 1984 1593 requiem

396 1633 557 1704 ‘ejus.
584 1629 728 1697 Quid
750 1630 918 1700 igitur
960 1625 1233 1697 signiﬁcet
1290 1622 1611 1685 Sabbatum,
1653 1618 1987 1689 perpendere

415 1724 794 1783 necessarium
853 1729 960 1778 est.
1024 1719 1323 1774 Sabbatum
1392 1729 1513 1771 esse
1583 1712 1828 1782 requiem
1891 1708 1987 1763 Dei

2078 538 2179 579 σιν.
2221 520 2315 572 καὶ
2348 518 2409 569 τὸ
2447 515 2697 586 ἀληθινὸν
2739 514 3010 567 Σάϐϐατον
3063 507 3375 575 ἐκδέξασθαι
3410 504 3652 569 ἐπαξίως

2072 612 2168 665 τοῦ
2219 610 2373 663 Θεοῦ.
2426 610 2564 671 Τοὺς
2610 606 2719 678 γὰρ
2769 604 2988 666 ἀσεϐεῖς
3032 600 3349 673 ἀνθρώπους
3395 598 3527 668 φησί
3571 597 3649 667 μὴ

2076 701 2474 757 εἰσελεύσεσθαι
2521 701 2601 764 εἰς
2638 699 2736 770 τὴν
2775 696 3116 751 κατάπαυσιν
3160 691 3321 746 αὐτοῦ
3368 691 3540 759 λέγων
3591 692 3653 744 ὲν

2075 795 2329 865 ψαλμοῖς,
2372 792 2479 846 Ἀεί
2508 789 2851 844 πλανῶνται
2876 785 2952 855 τῇ
2980 784 3208 853 καρδίᾳ.
3237 781 3417 836 Αὐτοὶ
3441 781 3509 833 δὲ
3538 782 3654 834 οὐκ

2079 887 2354 956 ἔγνωσαν
2394 884 2502 950 τὰς
2536 882 2714 948 ὁδούς
2755 898 2895 950 μου,
2939 878 3019 944 ὡς
3051 876 3257 947 ὤμοσα
3294 875 3364 927 ἐν
3394 871 3468 940 τῇ
3505 869 3654 940 (³ρῖἹῖ

2075 997 2217 1050 μου,
2242 980 2296 1032 εἰ
2336 976 2787 1031 εἰσελεύσονται
2818 974 2904 1038 εἰς
2951 970 3069 1039 τὴν
3107 966 3490 1023 κατάπαυσίν
3511 981 3651 1032 μου.

2082 1069 2291 1127 Οὐκοῦν
2331 1070 2626 1138 ἀναγκαῖον
2664 1064 2805 1118 κατά
2833 1064 3078 1130 ,διάνοιαν
3125 1059 3373 1115 ἐκλαϐεῖν
3405 1055 3659 1109 Σάϐϐατα

2082 1162 2240 1227 Θεοῦ,
2284 1162 2379 1215 καὶ
2422 1159 2730 1215 ἀνάπαυσιν
2777 1154 2896 1225 Θεῷ
2944 1154 3281 1225 πρέπουσαν,
3322 1143 3390 1220 ἧς
3440 1146 3660 1207 ἀσεϐεῖς

2089 1254 2186 1324 μὲν
2229 1251 2329 1304 οὐκ
2361 1248 2659 1315 ἀξιοῦνται,
2694 1246 2844 1317 μόνοι
2880 1243 2938 1296 δὲ
2967 1244 3017 1295 οἱ
3050 1240 3242 1294 δίκαιοι
3272 1236 3482 1292 καὶτοῦ
3522 1235 3659 1288 Θεοῦ

2086 1342 2247 1413 φίλοι.
2276 1341 2429 1395 Οὕτω
2460 1338 2590 1409 γοῦν
2628 1338 2873 1408 εἴποιμεν
2901 1334 2967 1389 ἂν
2995 1334 3089 1387 καὶ
3129 1332 3221 1386 τὸν
3254 1329 3523 1401 Ἀϐραὰμ,
3560 1326 3655 1380 καὶ

2085 1436 2176 1489 τὸν
2215 1434 2417 1500 Ἰσαάκ,
2444 1433 2539 1487 καὶ
2574 1431 2665 1485 τὸν
2698 1429 2916 1493 Ἰακὼϐ,
2952 1427 3077 1490 τούς
3108 1442 3167 1479 τε
3201 1425 3308 1497 πρὸ
3343 1422 3519 1476 αὐτῶν
3556 1420 3654 1474 ml.

2091 1529 2207 1600 μετ’
2237 1527 2433 1589 αὐτοὺς
2461 1524 2729 1594 θεοφιλεῖς
2762 1523 2970 1585 πάντας
3001 1518 3142 1573 κατὰ
3173 1517 3408 1571 διάνοιαν
3433 1511 3661 1581 ἐγνωκέ-

2086 1640 2172 1676 ναι
2200 1621 2296 1674 καὶ
2321 1617 2689 1688 πεφυλαχέναι
2715 1615 2784 1668 τὰ
2825 1612 3075 1668 Σάϐϐατα
3103 1610 3198 1665 τοῦ
3224 1608 3378 1672 Θεοῦ,
3422 1607 3517 1660 καὶ
3543 1607 3658 1658 εἱσ-

2090 1711 2405 1785 εληλυθέναι
2441 1711 2519 1772 εἰς
2546 1707 2641 1779 τὴν
2674 1707 3015 1761 κατάπαυσιν
3038 1701 3224 1758 αὐτοῦ.
3259 1700 3324 1753 Τί
3349 1699 3413 1771 δὴ
3442 1694 3532 1752 οὖν
3568 1714 3663 1767 ση-

414 1818 706 1895 Scriptura
734 1813 1002 1873 declarat,
1054 1823 1218 1880 quam
1243 1812 1368 1877 post
1425 1801 1773 1859 sensibilium
1832 1812 1988 1852 crea-

2099 1804 2272 1876 μαίνει
2312 1802 2374 1854 τὸ
2414 1798 2709 1862 Σάϐϐατον,
2745 1798 3040 1865 ἀναγκαῖον
3072 1791 3379 1863 ἐπιστῆσαι.
3421 1790 3478 1842 Ὀ
3505 1789 3665 1857 λόγος

416 1890 625 1966 tionem
659 1905 890 1961 inducit.
944 1900 1043 1957 Dei
1071 1915 1202 1955 vero
1262 1896 1480 1967 requies
1510 1909 1630 1965 quae
1663 1893 1768 1945 alia
1802 1889 1988 1955 fuerit,

404 2002 528 2059 nisi
555 1996 899 2057 conversatio
943 1995 1000 2049 in
1056 1990 1491 2061 intelligibilibus
1543 1994 1598 2040 et
1652 1982 1988 2038 cmlestibus.

419 2094 556 2149 Nam
607 2105 733 2148 cum
784 2084 1140 2143 sensibilibus
1198 2079 1486 2152 prospicit,
1517 2084 1574 2133 et
1630 2076 1779 2130 circa
1826 2087 1992 2144 opera

419 2181 778 2258 providentiae
800 2175 992 2231 mundi
1038 2180 1311 2236 versatur,
1339 2177 1474 2223 tunc
1507 2166 1710 2221 dicitur
1739 2162 1992 2236 Operari;

420 2257 681 2348 atquesic
698 2268 1105 2341 intelligendum
1123 2266 1225 2320 hoc
1243 2260 1538 2317 Salvatoris
1551 2259 1727 2314 nostri
1749 2257 1956 2312 dictum
1977 2273 1992 2310 :

422 2370 587 2424 Pater
614 2382 760 2421 meus
804 2377 968 2431 usque
999 2360 1154 2413 modo
1188 2367 1437 2427 operatur
1473 2362 1523 2408 et
1562 2369 1655 2423 ego
1694 2366 1878 2420 operor
1896 2348 1943 2381 ”
1977 2367 1992 2402 :

408 2475 548 2517 ~cum
577 2468 755 2513 autem
785 2456 932 2510 circa
975 2466 1141 2522 opera
1170 2451 1511 2517 incorporea,
1541 2452 1596 2501 et
1621 2443 1887 2505 coelcstia,
1919 2447 1994 2505 et,

406 2564 485 2608 ~ut
515 2551 639 2623 quis
679 2548 899 2611 dixerit,
930 2545 1076 2600 circa
1103 2556 1222 2597 eam
1253 2553 1374 2610 qua:
1428 2536 1504 2592 ibi
1552 2536 1761 2607 geritur
1813 2545 1999 2586 rerum

425 2640 929 2699 considerationem
973 2641 1249 2699 versatur,
1292 2638 1427 2686 tunc
1474 2627 1719 2698 requiem
1767 2624 1994 2687 habere,

426 2750 482 2794 et
516 2735 814 2790 Sabbatum
859 2744 1019 2786 suum
1070 2741 1231 2798 agere
1288 2722 1628 2793 intelligitur.
1680 2716 1880 2772 Eadem
1909 2731 2001 2770 ra-

427 2832 575 2886 tione
603 2826 771 2897 igitur
790 2824 896 2878 viri
928 2835 1147 2892 quoque
1180 2817 1300 2883 Dei,
1325 2814 1546 2886 quando
1596 2812 1855 2884 Operibus
1880 2807 2001 2864 ani-

412 2932 573 2973 imam
603 2912 1033 2984 defatigantibus
1070 2910 1222 2980 (talia
1252 2922 1384 2961 vero
1409 2911 1541 2960 sunt
1587 2903 1773 2958 omnia
1801 2916 1999 2965 τοι-ρος

414 3021 546 3073 aea,
575 3012 631 3063 et
660 3012 890 3059 terrena:
916 3000 1098 3055 carnis
1129 2995 1329 3067 amica)
1353 2993 1592 3058 liberati,
1643 2990 1753 3047 Deo
1776 3005 2003 3062 prorsus

2090 1895 2393 1949 ἀνάπαυσιν
2431 1890 2581 1961 δηλοῖ
2618 1887 2786 1941 Θεοῦο
2829 1886 3035 1954 εἰσάγει
3065 1901 3126 1936 τε
3159 1883 3363 1954 ταύτην
3406 1880 3541 1951 μετά
3565 1879 3667 1948 τὴν

2089 1986 2198 2039 τῶν
2234 1982 2506 2055 αἰσθητῶν
2557 1978 2932 2051 κοσμοποιίαν.
2972 1972 3109 2028 Θεοῦ
3156 1974 3214 2027 δὲ
3258 1973 3559 2033 ἀνάπαυσις
3584 1971 3667 2032 τίς

2092 2078 2160 2132 ἂν
2181 2078 2387 2146 γένοιτο
2417 2074 2578 2144 ἑτέρα
2604 2073 2704 2143 τῆς
2737 2070 2871 2141 πρὸς
2905 2070 3015 2131 τοῖς
3059 2067 3269 2137 νοητοῖς
3290 2064 3384 2118 καὶ
3435 2064 3667 2133 ὑπερκο-

2096 2169 2276 2240 σμίοις
2328 2165 2639 2235 διαγωγῆς;
2700 2162 2828 2214 Ὅτε
2871 2160 2969 2231 μὲν
3011 2159 3118 2230 γάρ
3166 2157 3295 2229 περὶ
3343 2155 3410 2209 τά
3439 2154 3669 2225 αἰσθητά

2095 2261 2417 2333 περισκοπεῖ
2446 2258 2537 2311 καὶ
2574 2255 2703 2326 περὶ
2743 2252 2813 2306 τά
2843 2252 2979 2322 ἔργα
3020 2251 3119 2321 τῆς
3156 2248 3249 2303 τοῦ
3291 2247 3494 2318 κόσμου
3540 2263 3673 2315 προ-

2095 2352 2243 2415 νοίας
2282 2348 2652 2417 καταγίνεται,
2695 2342 3020 2415 ἐργάζεσθαι
3061 2340 3279 2409 λέγεται
3303 2356 3319 2370 ο
3363 2337 3457 2390 καὶ
3498 2335 3670 2399 οὕτως

2096 2442 2386 2499 ἀκουστέον
2428 2441 2674 2509 λέγοντος
2716 2436 2811 2489 τοῦ
2854 2434 3105 2506 Σωτῆρος
3146 2431 3346 2504 ἠμῶν,,
3374 2430 3427 2483 '0
3469 2427 3671 2496 Πατήρ

2091 2554 2210 2607 μου
2235 2536 2346 2600 ἕως
2383 2532 2512 2601 ἄρτι
2537 2530 2871 2600 ἐργάζεται,
2919 2525 3082 2597 κάγὼ
3121 2523 3460 2595 ἐργάζομαιο
3494 2522 3581 2574 ὅτε
3614 2521 3673 2573 δὲ

2098 2629 2236 2699 πρὸς
2260 2629 2371 2689 τοῖς
2406 2624 2716 2694 ἀσωμάτοις
2748 2623 2843 2675 καί
2870 2619 3262 2689 ύπερκοσμίοις
3289 2617 3426 2680 ἐστὶ,
3452 2616 3565 2679 καὶ,
3596 2613 3672 2677 ὡς

2098 2718 2164 2773 ἂν
2192 2718 2334 2771 εἴποι
2370 2733 2476 2782 τις,
2520 2717 2579 2767 ὲν
2602 2717 2671 2786 τῇ
2697 2713 2892 2767 αὐτόσε
2927 2710 3092 2765 αὑτοῦ
3124 2710 3403 2781 περιωπῇ,
3427 2706 3488 2759 τὸ
3527 2723 3678 2779 τηνι-

2100 2809 2275 2864 καῦτα
2307 2808 2610 2863 ἀνάπαυσιν
2650 2805 2825 2877 ἄγειν,
2850 2804 2945 2859 καὶ
2973 2802 3032 2858 τὸ
3055 2799 3217 2858 αὐτοῦ
3252 2802 3525 2855 Σάϐϐατόν
3559 2801 3678 2851 ἑπι-

2100 2902 2272 2959 τελεῖν
2298 2903 2516 2957 νοεῖται.
2559 2899 2717 2955 Κατά
2744 2899 2814 2953 τά
2859 2898 2996 2951 αύτά
3031 2895 3320 2969 τοιγαροῦν
3357 2896 3452 2948 καὶ
3493 2894 3543 2946 οἱ
3581 2892 3678 2944 τοῦ

2102 2995 2238 3049 Θεοῦ
2267 2994 2478 3066 ἄνδρες,
2517 2990 2757 3055 ὲπειδάν,
2798 2988 2908 3043 τῶν
2947 2986 3255 3042 κοπούντων
3292 2984 3411 3055 (sic)
3441 2983 3539 3052 τὴν
3578 2984 3681 3052 ψυ-

418 3105 648 3161 vacant,
682 3110 747 3149 ac
775 3092 1087 3148 divinorum
1134 3086 1615 3159 spiritualiumque
1667 3080 1998 3150 contempla-

459 3191 466 3192 κ
553 3188 565 3192 -
618 3187 631 3192 -
941 3188 949 3192 -
1023 3187 1034 3192 Α
1489 3174 1591 3192 nu
1652 3171 1883 3192 mlh“
1956 3177 1998 3192 _,

2107 3088 2206 3161 χὴν
2230 3088 2404 3161 ἔργων
2459 3085 2701 3158 (τοιαῦτα
2726 3083 2784 3135 δὲ
2811 3082 2988 3137 πάντα
3016 3078 3085 3133 τὰ
3114 3078 3397 3148 σωματικά
3431 3075 3524 3127 καὶ
3551 3073 3680 3144 φίλα

418 3188 570 3245 ⁵ῑίοιιὶ
596 3184 774 3273 ῤείῑὶ
830 3188 978 3245 sunt,
1020 3187 1151 3234 tunc
1215 3184 1437 3247 accepta
1489 3174 1600 3230 Deo
1652 3171 1913 3237 Sabbata,
1950 3177 1998 3226 et

2105 3182 2204 3252 τῆς
2240 3180 2472 3250 γεώδους
2514 3176 2760 3249 σαρκὸς),
2804 3173 3227 3242 ἀπαλλαγέντες,
3266 3171 3376 3225 ὅλοι
3416 3170 3683 3239 γένωνται

420 3263 678 3351 requiem
710 3275 943 3331 Domino
960 3272 1069 3328 Deo
1098 3278 1288 3342 agunt.
1318 3268 1396 3323 De
1447 3267 1535 3322 bis
1583 3280 1714 3322 vero
1749 3263 2004 3319 Sabbatis

433 3372 539 3427 hoc
571 3370 647 3424 ait
683 3386 698 3423 :
721 3365 877 3419 Nunc
898 3363 1215 3433 relinquitur
1243 3358 1594 3414 sabbatismus
1616 3355 1807 3426 populo
1837 3353 2006 3408 Dei‘?

428 3468 490 3518 et
514 3473 738 3514 rursum
766 3476 779 3511 :
805 3454 1135 3510 Festinemus
1182 3451 1347 3521 igitur
1394 3447 1599 3519 ingredi
1645 3448 1698 3500 in
1729 3446 1882 3501 illam
1920 3461 2023 3498 τρε--

420 3554 657 3626 νᾳιιὲεηΰ.
694 3548 829 3604 Nam
880 3547 1180 3618 perfectum
1210 3544 1510 3599 Sabbatum
1535 3547 1589 3611 et
1616 3538 1856 3610 perfecta
1880 3539 2005 3593 bea-

424 3644 760 3713 tissimaque
800 3639 1021 3710 requies
1056 3638 1113 3692 in
1164 3650 1335 3706 regno
1380 3633 1496 3697 Dei,
1544 3647 1712 3702 supra
1764 3648 1860 3686 sex
1888 3630 2007 3684 die-

435 3752 563 3792 rum
595 3735 898 3807 opiﬁcium,
928 3730 1169 3793 exsistit,
1199 3736 1253 3783 et
1302 3735 1460 3783 ext-ra
1489 3728 1676 3781 omnia
1726 3724 2007 3780 sensibilia

439 3830 496 3883 in
556 3826 895 3896 incorporeis
949 3832 1004 3877 et
1054 3819 1374 3876 coelestibus
1414 3826 1687 3883 versatur,
1716 3817 1861 3871 unde
1911 3832 2011 3870 au-

2105 3273 2242 3344 πρὸς
2288 3270 2368 3341 τῷ
2416 3269 2534 3341 Θεῷ
2571 3268 2668 3323 καὶ
2718 3267 2856 3339 πρὸς
2904 3268 2969 3337 τῇ
3002 3264 3110 3318 τῶν
3138 3263 3298 3318 θείων
3338 3262 3433 3315 καὶ
3472 3260 3683 3332 νοητῶν

2108 3363 2267 3435 σχολῇ
2306 3380 2364 3415 τε
2397 3362 2491 3415 καὶ
2536 3359 2758 3433 θεωρίᾳ,
2784 3358 2904 3412 τότε
2929 3358 2996 3412 τά
3031 3356 3161 3426 φίλα
3185 3355 3262 3427 τῷ
3287 3353 3683 3426 ΘεᾷηΣάϐϐατα

2106 3457 2199 3509 καὶ
2224 3456 2527 3512 ἀνάπαυσιν
2559 3452 2750 3525 Κυρίῳ
2775 3450 2853 3521 τῷ
2881 3449 3000 3521 Θεῷ
3030 3449 3241 3518 ἄγουσι.
3275 3448 3385 3501 Καὶ
3413 3446 3539 3516 περὶ
3574 3445 3685 3499 τῶν

2106 3546 2361 3600 τοιούτων
2390 3546 2681 3599 Σαϐϐάτων
2710 3544 2949 3598 διδάσκει
2971 3542 3173 3611 λέγων·
3198 3538 3343 3609 Ἆρα
3368 3540 3687 3595 ἀπολείπε-

2106 3655 2203 3693 ται
2240 3638 2645 3706 σαϐϐατισμὸς
2684 3633 2765 3701 τῷ
2813 3633 2941 3700 λαῷ
2990 3635 3096 3688 τοῦ
3141 3633 3324 3697 Θεοῦ;
3360 3631 3453 3685 καὶ
3486 3630 3681 3685 πάλιν·

2111 3727 2554 3798 Σπουδάσωμεν
2577 3724 2691 3783 οὖν
2716 3724 3012 3781 εἰσελθεῖν
3038 3727 3125 3791 εἰς
3163 3724 3410 3791 ἐκείνην
3439 3721 3555 3791 τὴν
3580 3737 3687 3774 κα-

2109 3821 2432 3876 τάπαυσιν.
2466 3819 2539 3871 Τὸ
2564 3818 2672 3890 γὰρ
2713 3817 2916 3870 τέλειον
2963 3815 3259 3879 Σάϐϐατον,
3300 3814 3395 3867 καὶ
3429 3814 3463 3883 ἡ
3507 3811 3689 3865 τελεία

436 3916 578 3988 fugit
634 3914 809 3980 dolor,
865 3913 1089 3967 tristitia
1132 3917 1187 3966 et
1244 3908 1515 3981 gemitus;
1568 3908 1661 3962 ubi
1710 3921 1742 3959 a
1791 3907 1998 3960 mortali

2112 3913 2206 3965 xui.
2238 3914 2270 3983 ἡ
2297 3910 2668 3983 τρισμακαρία
2709 3909 3051 3972 κατάπαυσις
3088 3909 3145 3961 ἐν
3184 3910 3250 3979 τῇ
3288 3905 3381 3960 τοῦ
3413 3904 3549 3957 Θεοῦ
3594 3905 3689 3974 βα-

425 4017 496 4065 ~et
545 4005 881 4077 corruptioni
933 4004 1170 4059 obnoxia
1211 4003 1325 4059 vita
1379 4000 1573 4071 erepti,
1617 4008 1782 4070 atque
1837 3999 1998 4053 otium

2114 4002 2286 4073 σιλείᾳ
2327 4002 2603 4073 τυγχάνει,
2646 4001 2785 4071 ὑπὲρ
2829 4000 2929 4071 τὴν
2980 3999 3283 4070 έξαήμερον
3331 3997 3691 4068 δημιουργίαν

439 4097 554 4155 Deo
600 4105 815 4170 gratum
850 4111 914 4151 ac
954 4095 1171 4150 beatum
1202 4104 1448 4165 agentes,
1468 4101 1525 4148 et
1554 4107 1586 4146 a
1636 4092 1884 4162 corporis
1916 4106 1998 4145 ac-

2114 4097 2208 4150 καὶ
2235 4094 2341 4148 τῶν
2374 4092 2645 4164 αἰσθητῶν
2683 4093 2936 4145 ἀπάντων
2961 4090 3118 4152 ἐκτὸς
3161 4089 3218 4143 ἐν
3247 4088 3559 4158 ἀσωμάτοις
3594 4089 3689 4139 καὶ

436 4189 689 4280 tionibus
743 4194 908 4256 atque
952 4200 983 4239 a
1038 4185 1302 4240 servitute
1368 4182 1553 4237 carnis
1610 4182 1851 4245 liberati,
1887 4194 1998 4236 cun

2115 4185 2538 4257 ὑπερκοσμίοις,
2585 4183 2715 4236 ἔνθα
2765 4181 2977 4252 ἀπέδρα
3024 4178 3183 4248 ὀδύνη
3232 4179 3327 4232 καὶ
3366 4177 3543 4248 λύπη,
3595 4178 3690 4230 καὶ

433 4268 568 4354 ιη)εο
601 4278 712 4336 Deo
745 4285 799 4334 et
829 4277 973 4349 apud
1026 4277 1206 4347 ipsum
1255 4284 1561 4339 versantes,
1619 4273 1918 4328 Sabbatum
1960 4284 1998 4327 ελ

2118 4277 2449 4347 στεναγμόςο
2509 4275 2638 4328 ἔνθα
2686 4274 2786 4343 τῆς
2838 4271 3038 4341 θνητῆς
3090 4271 3185 4324 καὶ
3244 4269 3491 4339 φθαρτῆς
3545 4268 3691 4337 ζωῆς

440 4374 689 4446 requiem
712 4385 954 4443 agemus.
1004 4368 1368 4436 Quamobrem
1415 4368 1491 4421 ait
1536 4366 1831 4436 Apostolus
1868 4362 1998 4419 :Fe-

2117 4370 2543 4439 ἀπαλλαγέντες,
2590 4369 2682 4419 καί¹
2715 4366 2911 4437 ἀργίαν
2951 4364 3295 4435 ἀργήσαντες
3337 4361 3434 4433 τὴν
3470 4360 3691 4431 θεοφιλῆ

443 4468 698 4523 stinemus
724 4464 886 4534 igitur
912 4460 1114 4533 ingredi
1140 4462 1196 4514 in
1224 4458 1377 4513 illam
1417 4459 1667 4529 requiem.
1714 4456 1998 4527 Imaginem

2116 4464 2209 4517 καὶ
2240 4462 2537 4533 μακαρίαν,
2568 4460 2676 4514 τῶν
2717 4478 2778 4513 τε
2824 4456 3149 4528 σωματικῶν
3183 4454 3434 4528 πράξεων
3473 4455 3569 4508 καί
3593 4454 3693 4524 τῆς

435 4572 612 4629 Ῥοιτο
642 4556 791 4610 illius
821 4552 1046 4609 Sabbati
1090 4568 1154 4608 ac
1195 4551 1450 4623 perfecta:
1478 4551 1912 4619 beatissimeque
1935 4564 1998 4605 re

2122 4554 2364 4617 δουλείας
2403 4554 2502 4624 τῆς
2550 4552 2749 4624 σαρκὸς
2789 4548 3258 4620 ἐλευθερωθέντες,
3303 4549 3399 4601 σὺν
3436 4546 3582 4617 αύτῷ
3615 4546 3695 4617 τῷ

432 4649 595 4722 quiei
627 4649 684 4703 in
704 4656 851 4704 terra
876 4653 1151 4718 gestantes
1179 4646 1285 4701 viri
1317 4644 1438 4710 Dei,
1483 4643 1650 4700 ferias
1700 4642 1933 4713 agebant
1964 4658 1994 4698 c

2123 4645 2241 4715 Θεῷ
2281 4645 2373 4697 καί
2396 4644 2524 4715 παρ’
2556 4642 2706 4713 αύτῷ
2742 4640 3043 4711 γενόμενοι,
3072 4638 3467 4709 σαϐϐατίσομέν
3498 4656 3555 4691 τε
3600 4639 3697 4691 καὶ

446 4741 813 4798 cessationem
861 4739 930 4793 ab
960 4737 1049 4802 iis,
1082 4752 1204 4807 qua:
1249 4751 1281 4789 a
1321 4735 1433 4791 Deo
1477 4736 1668 4806 procul
1728 4741 1981 4789 amovent

2126 4732 2565 4804 ἀναπαυσόμεθα.
2592 4732 2682 4785 Διό
2709 4748 2874 4803 φησιν
2905 4732 2933 4783 ὁ
2964 4727 3281 4791 Ἀπόστολος
3299 4746 3314 4760 ο
3340 4728 3699 4782 Σπουδάσω-

444 4832 549 4891 toti
604 4838 789 4886 autem
848 4828 1161 4884 divinorum
1204 4824 1659 4895 contemplationi
1712 4822 1903 4888 dediti,
1932 4823 1998 4877 dit

2121 4844 2235 4896 μεν
2268 4822 2383 4881 οὖν
2412 4824 2711 4880 εἰσελθεῖν
2752 4826 2839 4889 εἰς
2881 4822 3121 4890 ἐκείνην
3149 4822 3264 4890 τὴν
3294 4820 3696 4873 κατάπαυσιν.

442 4932 718 4995 nocteque
742 4924 799 4977 in
827 4935 1113 4977 sacrorum
1141 4933 1458 4975 sermonum
1512 4916 1868 4973 meditatione
1897 4931 2022 4985 per-

447 5026 789 5080 severantes,
818 5023 1009 5071 sancta
1056 5012 1296 5067 Sabbata
1334 5018 1390 5066 et
1447 5010 1557 5064 Deo
1611 5016 1888 5078 acceptam
1936 5022 2025 5061 re-

448 5109 630 5180 quiem
681 5107 1035 5180 agebaut;ac
1063 5113 1197 5159 tunc
1238 5119 1369 5159 vere
1421 5102 1726 5157 Sabbatum
1779 5100 2023 5155 celebra-

448 5200 606 5255 bant.
641 5197 825 5264 Quare
857 5203 1162 5268 opportune
1208 5194 1412 5266 Moysis
1445 5194 1553 5259 lex,
1580 5192 1692 5261 jam
1749 5191 2024 5247 dictorum

444 5289 678 5344 umbras
702 5295 758 5345 et
779 5288 1022 5360 symbola
1044 5287 1288 5348 tradens,
1313 5284 1644 5339 multitudini
1670 5283 1810 5337 diem
1832 5294 2025 5351 quam-

452 5378 579 5433 dam
609 5378 930 5448 assignavit,
954 5386 1015 5432 ut
1047 5377 1241 5431 saltem
1269 5376 1326 5430 in
1356 5390 1420 5429 ea
1449 5388 1482 5427 a
1528 5374 1810 5428 consuetis
1840 5369 2026 5442 operi-

446 5470 558 5525 bus
605 5470 964 5533 abstinerent,
1001 5468 1200 5523 divinaa
1247 5476 1431 5521 autem
1491 5466 1626 5535 legis
1677 5462 2024 5519 meditationi

444 5571 733 5619 vacarent.
764 5561 1012 5620 Praesens
1046 5572 1194 5619 certe
1228 5564 1471 5633 psalmus
1505 5562 1711 5617 diserte
1762 5560 1920 5615 docet
1961 5574 2026 5615 ea

2127 4917 2323 4970 Εἰκόνα
2348 4916 2393 4969 δ’
2418 4917 2626 4970 ἐκείνου
2654 4915 2747 4968 τοῦ
2777 4913 3053 4967 Σαϐϐάτου
3083 4914 3176 4967 καὶ
3203 4913 3302 4985 τῆς
3324 4911 3532 4974 τελείας
3559 4911 3703 4965 ὲκεί-

2125 5024 2224 5079 νης
2256 5009 2347 5061 καὶ
2380 5007 2782 5080 τρισμακαρίας
2804 5007 3165 5069 ἀναπαύσεως
3195 5005 3451 5076 φέροντες
3485 5006 3576 5058 ἐπὶ
3598 5005 3701 5075 γῆς

2126 5100 2219 5185 τοῦ
2257 5100 2391 5153 Θεοῦ
2438 5100 2650 5172 ἀνδρες,
2683 5100 2876 5172 σχολὴν
2924 5101 3022 5170 μὲν
3065 5098 3344 5152 ἐποιοῦντο
3380 5098 3473 5152 καὶ
3504 5097 3703 5167 ἀργίαν

2128 5192 2235 5246 τῶν
2283 5192 2498 5265 μακρὰν
2527 5193 2867 5262 ἀφιστάντων
2900 5192 2994 5245 τοῦ
3024 5192 3179 5256 Θεοῦ,
3210 5192 3317 5244 ὅλοι
3351 5190 3407 5243 δὲ
3447 5190 3584 5260 πρὸς
3633 5191 3701 5259 τῇ

2128 5283 2239 5336 τῶν
2274 5282 2435 5335 θείων
2471 5281 2671 5355 θεωρίᾳ
2695 5282 3025 5352 γιγνόμενοι,
3052 5281 3118 5334 δι’
3148 5281 3362 5352 ἡμέρας
3390 5296 3450 5331 τε
3489 5278 3583 5330 καὶ
3612 5295 3704 5329 νυ-

2130 5376 2256 5439 κτὸς
2288 5379 2354 5447 τῇ
2384 5376 2492 5428 τῶν
2528 5376 2689 5446 ἱερῶν
2718 5375 2889 5443 λόγων
2919 5375 3113 5446 μελέτῃ
3142 5370 3703 5446 προσκαρτεροῦντες,

2132 5471 2261 5538 ἅγια
2300 5469 2550 5522 Σάϐϐατα
2591 5468 2684 5521 καί
2722 5468 3027 5522 ἀνάπαυσιν
3062 5466 3220 5537 φίλην
3261 5463 3483 5536 τῷσθεῷ
3532 5460 3708 5516 διανέ-

2133 5578 2305 5614 παυον
2343 5560 2463 5613 τότε
2499 5561 2593 5613 καὶ
2630 5560 3003 5625 ὲσαϐϐάτιζον.
3054 5558 3246 5615 Ἔνθεν
3291 5557 3516 5622 εἰκότως
3549 5557 3644 5613 καὶ
3676 5557 3712 5610 ὁ

526 5747 571 5781 ’⁸
608 5746 753 5805 Psal.
791 5763 932 5816 χειν,
968 5748 1066 5815 10,
1104 5749 1191 5804 ll.
1225 5747 1313 5823 qu”
1350 5745 1509 5803 Joan.
1543 5762 1597 5806 v.
1634 5746 1722 5802 l7.
1804 5746 1820 5777 ⁸
1862 5742 1998 5801 llelu

2099 5759 2143 5799 ν.
2183 5742 2235 5796 9.
2316 5744 2337 5773 ³
2391 5742 2515 5791 ilum.
2560 5742 2615 5786 tt
