4068 6404
402 416 541 471 1169

1526 417 2029 475 COMMENTARI‘A
2060 420 2127 475 ΙΝ
2161 419 2498 477 PS'ALMOS.

3506 412 3660 468 ιιγι.

398 526 674 589 Μωῦσέως
719 527 900 596 νόμος,
934 525 1091 591 σκιὰς
1134 527 1242 581 τῶν
1271 528 1574 600 εἰρημένων
1613 533 1703 586 καὶ
1733 532 1979 603 σύμϐολα

2081 534 2148 589 de
2201 549 2366 588 causa
2404 533 2626 587 Sabbati
2680 532 2851 587 otium
2896 534 2999 604 agi
3030 514 3250 599 debere,
3292 540 3347 587 et
3392 529 3643 585 inutilem

400 616 747 687 παραδιᾶοὺς,
798 617 1012 689 ἡμέραν
1063 618 1185 671 τινὰ
1242 623 1353 683 τοῖς
1401 620 1659 693 πλήθεσιν
1708 622 1972 694 ἀφώρισε,

400 709 547 771 ὅπως
571 706 672 762 κᾶν
699 707 870 779 ταύτῃ
898 709 1207 780 ἀπέχωνται
1237 712 1335 783 μὲν
1371 712 1478 767 τῶν
1510 713 1750 784 συνήθων
1780 714 1973 787 ἔργων,

404 801 714 871 σχολάζοιεν
752 802 809 854 δὲ
836 806 902 871 τῇ
931 801 1024 854 τοῦ
1056 802 1198 857 θείου
1226 804 1389 875 νόμου
1427 806 1644 876 μελέτῃ.
1681 807 1749 860 Ὃ
1782 824 1845 875 γε
1872 807 1978 877 μὴν

401 891 591 962 παρὼν
616 892 830 962 ψαλμὸς
861 892 1157 965 διαρρήδην
1180 894 1418 947 διδάσκει
1447 896 1538 948 ἐπὶ
1564 894 1719 948 τοῦτο
1750 896 1860 949 δεῖν
1882 895 1979 967 τὴν

399 982 493 1034 τοῦ
534 982 810 1038 Σαϐϐἀτου
844 983 1038 1054 σχολὴν
1070 983 1338 1038 ποιεῖσθαι
1375 986 1469 1039 καὶ
1505 987 1605 1058 τὴν
1629 987 1736 1040 τῶν
1769 988 1981 1057 ἀνωφε-

402 1071 509 1123 λῶν
554 1072 761 1142 ἀργιῶν
795 1075 887 1125 ἐπὶ
920 1075 981 1127 τὸ
1026 1074 1163 1127 κατά
1204 1075 1400 1130 ταύτὸν
1445 1076 1868 1149 συνερχομένους
1899 1079 1983 1149 ἐρ-

402 1159 663 1230 γάζεσθαι
686 1162 755 1215 τά
777 1163 863 1216 διὰ
885 1163 978 1216 τοῦ
1012 1164 1225 1235 ψαλμοῦ
1248 1166 1572 1237 δηλούμενα.
1604 1164 1714 1221 Ἦν
1751 1168 1807 1221 δὲ
1834 1168 1982 1239 πρῶ-

401 1269 492 1305 τον
527 1252 963 1323 ἐξομολογεῖσθαι
986 1254 1064 1327 τῷ
1096 1256 1288 1328 Κυρίῳ
1310 1273 1325 1289 ο
1352 1258 1603 1330 δεύτερον
1639 1258 1861 1329 ψάλλειν
1894 1259 1981 1313 διὰ

401 1343 512 1397 τῶν
554 1346 829 1415 μουσικῶν
874 1347 1118 1418 ὀργάνων
1164 1347 1242 1417 τῷ
1279 1348 1500 1420 ὀνόματι
1547 1350 1744 1405 αὐτοῦ’
1797 1351 1980 1423 τρίτον

401 1437 752 1507 ἀναγγέλλειν
780 1440 922 1493 κατὰ
951 1440 1050 1503 τὰς
1079 1439 1307 1503 ἑωθινὰς
1337 1440 1487 1511 ὥρας
1513 1443 1573 1495 τὸ
1600 1442 1746 1507 ἔλεος
1770 1442 1938 1495 αὐτοῦ
1963 1460 1976 1473 ε

2080 626 2441 681 cessationem
2474 625 2847 695 depellendam
2873 642 3017 691 esse,
3046 633 3105 681 ut
3127 627 3183 680 in
3216 640 3384 680 unum
3409 636 3644 692 congre—

2082 717 2191 786 gati
2233 731 2296 771 ea
2330 732 2451 786 qua)
2498 717 2741 787 psalmus
2795 717 3003 772 indicat
3044 722 3397 788 peragantur.
3441 712 3648 767 Eorum

2084 816 2266 861 autem
2307 807 2540 876 primum
2575 815 2680 873 est,
2711 806 2961 864 conﬁteri
3003 807 3270 873 Domino;
3320 802 3647 870 secundum,

2085 915 2209 955 cum
2246 903 2475 958 musicis
2531 902 2914 960 instrumentis
2956 903 3189 974 psallere
3240 900 3448 957 nomini
3492 898 3646 969 ejus;

2083 992 2330 1058 tertium,
2371 993 2656 1049 matutinis
2732 994 2885 1050 boris
2954 994 3287 1050 annuntiare
3332 992 3651 1048 misericor-

2084 1082 2233 1137 diam
2264 1083 2422 1152 ejus;
2447 1094 2721 1155 quartum,
2775 1084 3064 1139 nocturnis
3100 1083 3440 1154 temporibus
3484 1095 3646 1136 enar-

2086 1187 2211 1227 rare
2246 1174 2530 1229 veritatem
2558 1175 2723 1245 ejus:
2761 1183 2815 1231 et
2863 1174 2981 1230 haec
3029 1190 3139 1230 non
3181 1173 3343 1229 modo
3387 1171 3549 1227 labiis
3598 1178 3652 1225 et

2083 1278 2239 1327 voce,
2275 1262 2371 1319 sed
2414 1266 2579 1319 etiam
2627 1281 2723 1335 per
2765 1266 3102 1321 musicorum
3159 1265 3651 1320 instrumentorum

2084 1353 2446 1424 pulsationem
2476 1368 2637 1425 agere
2671 1371 2687 1408 :
2724 1369 2852 1409 nam
2877 1355 2955 1409 ait
2997 1372 3010 1407 :
3044 1353 3113 1409 In
3142 1352 3467 1409 decachordo
3504 1352 3653 1423 psal‘c

2089 1443 2240 1507 terio,
2272 1459 2391 1497 cum
2412 1444 2620 1498 cantico
2648 1444 2703 1497 in
2736 1444 2965 1500 cithara.

400 1536 659 1607 τέταρτον
692 1536 993 1607 διηγεῖσθαι
1038 1537 1136 1608 τὴν
1167 1539 1420 1610 ἀλήθειαν
1462 1536 1628 1591 αὑτοῦ
1669 1538 1814 1592 κατά
1853 1538 1980 1601 τοὺς
2014 1538 2359 1609 νυκτερινοὺς
2388 1536 2646 1609 καιρούς·
2688 1540 2783 1591 καὶ
2823 1538 2995 1593 ταῦτα
3025 1537 3284 1611 πράττειν
3352 1538 3428 1609 μὴ
3493 1535 3652 1608 μόνον

401 1630 602 1701 χείλεσι
647 1632 741 1685 καὶ
774 1634 947 1702 φωνῇ,
1024 1632 1161 1686 ἀλλὰ
1203 1633 1296 1687 καὶ
1328 1633 1415 1686 διὰ
1448 1633 1547 1703 τῆς
1584 1632 1693 1687 τῶν
1737 1634 2010 1705 μουσικῶν
2072 1633 2319 1705 ὀργάνων
2357 1633 2771 1705 ἀνακρούσεως
2819 1634 2915 1687 Ἑν
2953 1632 3295 1703 δεκαχόρδῳ
3324 1632 3455 1704 γὰρ,
3494 1632 3649 1704 φησὶ,

399 1726 711 1794 ψαλτηρὰρ
739 1725 840 1778 καὶ
855 1727 981 1795 μετ’
1005 1726 1166 1795 ᾠδῆς
1189 1727 1259 1781 ἐν
1282 1727 1515 1796 κιθάρᾳ.

485 1818 643 1890 Ὁρᾷς
680 1814 773 1871 οὖν
806 1819 907 1873 ὅσα
941 1819 1201 1890 πράττειν
1246 1822 1275 1874 ό
1314 1820 1501 1890 παρὼν
1539 1821 1697 1889 λόγος
1725 1825 1979 1893 παραινεί

2148 1817 2316 1875 Vides
2348 1818 2512 1890 igitur
2538 1817 2605 1872 ad
2636 1833 2757 1889 quae
2787 1818 2843 1873 in
2874 1818 2962 1874 die
2992 1816 3413 1875 resurrectionis
3445 1815 3657 1896 agenda

403 1910 544 1964 κατὰ
588 1910 685 1981 τὴν
730 1910 827 1981 τῆς
876 1912 1224 1976 ἀναστάσεως
1260 1912 1507 1983 ἡμέρως
1554 1912 1981 1984 Ἐπιγέγραπται

402 2000 532 2069 γοῦν
562 2003 591 2055 ὁ
658 2000 890 2071 ψαλμὸς,
938 2004 1025 2068 εις
1077 2002 1192 2071 τὴν
1230 2002 1461 2072 ἡμέραν
1501 2003 1609 2057 τοῦ
1655 2001 1979 2058 Σαϐὄάτου.

414 2092 574 2147 Ἀλλά
617 2094 713 2147 καὶ
759 2094 809 2147 οἱ
853 2095 1019 2165 ἱερεῖς
1071 2095 1129 2148 ἐν
1167 2094 1246 2165 τῷ
1278 2095 1406 2167 ἱερῷ
1449 2094 1589 2149 κατά
1619 2095 1679 2148 τὸ
1707 2095 1981 2149 Σάϐϐατον

400 2183 563 2255 ἔτερα
606 2184 833 2237 πλεῖστα
884 2183 1151 2256 ἔπραττον
1200 2185 1343 2239 κατά
1378 2186 1469 2239 τὸν
1506 2187 1687 2257 νόμον.
1729 2187 1843 2241 Οὐκ
1874 2187 1981 2257 ἄρα

400 2275 700 2347 ὁλοσχερῶς
719 2277 908 2347 ἀργεῖν
935 2276 1279 2348 προστάττει.
1298 2276 1437 2330 Ἀλλ’
1463 2277 1581 2331 οὐδὲ
1608 2280 1719 2341 τοῖς
1748 2276 1982 2350 ἱερεῦσιν

399 2368 435 2437 ἡ
465 2366 559 2420 τοῦ
595 2368 873 2421 Σαϐϐάτου
904 2369 1088 2440 ἡμέρα
1120 2369 1536 2441 νενομοθέτητψ
1573 2370 1754 2441 μόνοις
1786 2369 1843 2423 δέ
1870 2371 1982 2433 τοῖς

404 2458 480 2530 μὴ
507 2460 639 2523 οἵοις
670 2476 729 2512 τε
762 2455 880 2513 οῦσι
911 2461 1004 2513 τὸν
1041 2461 1216 2514 πάντα
1248 2460 1435 2533 χρόνον
1467 2460 1568 2531 τῆς
1601 2462 1779 2515 αὐτῶν
1811 2460 1979 2530 ζωῆς,

402 2551 499 2604 καὶ
531 2552 710 2615 πάσας
746 2551 925 2605 αὐτῶν
969 2553 1066 2614 τὰς
1092 2551 1303 2623 ἡμέρας
1347 2555 1415 2624 τῇ
1462 2551 1558 2605 τοῦ
1594 2552 1729 2605 Θεοῦ
1758 2551 1982 2623 λατρεία

400 2641 499 2695 καὶ
541 2644 654 2705 τοῖς
701 2641 778 2712 τῷ
825 2640 943 2713 Θεῷ
973 2642 1147 2711 φίλοις
1193 2642 1375 2714 ἔργοις
1421 2642 1734 2715 σχολάζεινο
1772 2644 1983 2708 τούτοις

403 2730 514 2801 γὰρ
558 2732 623 2784 ἐκ
667 2732 1048 2804 διαστημάτων
1105 2733 1278 2789 ταῦτα
1334 2736 1593 2808 πράττειν
1654 2734 1978 2806 ἐνομοθέτει.

403 2824 530 2887 Τοῖς
554 2840 618 2892 γε
650 2824 761 2896 μὴν
792 2825 1071 2899 πλησμονῇ
1105 2827 1341 2900 γαστρὸς
1372 2829 1467 2881 καὶ
1510 2826 1667 2901 μέθῃ,
1708 2828 1803 2880 καὶ
1834 2826 1981 2898 πάσῃ

399 2912 645 2986 ἀκοσμίᾳ
696 2915 836 2969 κατά
882 2918 983 2989 τὴν
1026 2918 1239 2991 ἡμέραν
1284 2918 1379 2972 τοῦ
1428 2918 1707 2972 Σαϐϐάτου
1756 2918 1983 2982 ἑαυτοὺς

403 3006 754 3078 παρέχουσιν,
785 3010 815 3061 ὁ
840 3008 971 3073 Θεὸς
996 3009 1083 3064 διὰ
1123 3010 1215 3063 τοῦ
1253 3012 1529 3083 προφήτου
1575 3010 1982 3064 ἐπανατείνεται

402 3096 603 3167 λέγων·
640 3102 704 3155 Οἱ
758 3101 1153 3171 ἐφαπτόμενοι
1213 3101 1458 3171 ψευδῶν
1494 3102 1839 3157 Σαϐϐάτων·
1887 3102 1982 3156 καὶ

2082 1910 2336 1965 hortetur
2392 1908 2483 1962 hic
2534 1908 2801 1978 psalmus.
2853 1905 3154 1978 Inscriptus
3206 1906 3355 1962 enim
3408 1905 3665 1977 psalmus

2081 2010 2187 2066 est,
2221 2002 2277 2053 in
2318 2000 2457 2054 diem
2503 1997 2745 2054 Sabbati.
2788 1996 2892 2055 Sed
2924 2005 2979 2054 et
3017 1998 3331 2054 sacerdotes
3366 1998 3421 2053 in
3454 1996 3657 2068 templo

2079 2093 2170 2149 die
2203 2091 2429 2147 Sabbati
2462 2091 2568 2146 alia
2594 2092 2829 2162 plurima
2866 2088 3167 2146 secundum
3192 2089 3363 2161 legem
3402 2089 3655 2159 agebant.

2081 2185 2202 2241 Non
2240 2200 2369 2255 ergo
2398 2183 2646 2253 praecipit
2673 2189 2734 2236 ut
2762 2180 2988 2237 omnino
3015 2187 3262 2236 vacetur.
3294 2179 3483 2252 Neque
3525 2195 3675 2236 vero.

2081 2274 2461 2332 sacerdotibus
2488 2272 2606 2330 dies
2641 2273 2865 2328 Sabbati
2896 2272 3388 2343 praescribebatur;
3431 2272 3528 2329 sed
3565 2288 3656 2329 so-

2082 2368 2195 2423 lum
2223 2367 2293 2422 iis
2325 2366 2422 2438 qui
2449 2381 2554 2422 nee
2599 2373 2716 2421 toto
2746 2365 2875 2421 vita:
2923 2380 3039 2420 sua:
3076 2373 3341 2436 tempore,
3392 2381 3494 2421 nec
3540 2365 3657 2422 sin-

2080 2460 2222 2529 gulis
2254 2458 2446 2515 diebus
2492 2458 2607 2514 suis
2638 2465 2862 2528 possent
2900 2454 2997 2512 Dei
3029 2456 3199 2511 cultui
3245 2466 3299 2513 et
3340 2454 3451 2511 Deo
3497 2471 3655 2511 acce-

2081 2551 2191 2622 ptis
2229 2550 2488 2620 Operibus
2531 2565 2728 2606 vacare
2755 2568 2769 2605 :
2795 2564 2922 2604 nam
2955 2549 3046 2614 iis,
3082 2556 3141 2603 ut
3180 2550 3495 2605 intermisso
3534 2548 3669 2604 die-L

2081 2658 2204 2698 rum
2247 2642 2425 2712 spatio
2474 2640 2531 2696 id
2575 2648 2818 2713 agerent,
2870 2642 2988 2713 lege
3041 2648 3307 2697 statutum
3353 2649 3491 2697 erat.
3543 2640 3652 2697 Eos

2084 2749 2248 2806 porro
2276 2733 2372 2804 qui
2406 2734 2664 2805 crapula},
2688 2733 2962 2799 ebrietati,
3006 2732 3239 2803 aliisque
3283 2734 3540 2789 omnibus
3569 2735 3669 2789 ιιι-κ

2082 2828 2299 2885 decoris
2348 2828 2518 2901 gestis
2575 2828 2663 2883 die
2698 2825 2923 2882 Sabbati
2970 2842 3030 2883 se
3083 2826 3311 2891 dedunt,
3372 2826 3519 2882 Deus
3556 2842 3654 2898 per

2084 2920 2405 2992 prophetam
2452 2920 2535 2974 sic
2577 2933 2774 2991 aspere
2828 2918 3170 2989 alloquitur:
3203 2918 3309 2984 Qui
3348 2920 3676 2990 contingunt:

2082 3012 2226 3082 falsa
2250 3010 2486 3067 Sabbata
2507 3011 2564 3080 ⁸;
2599 3025 2664 3066 ac
2694 3025 2937 3076 rursum,
2972 3007 3293 3064 Neomem'as
3341 3020 3563 3075 vestras,
3603 3018 3659 3066 et

2084 3104 2308 3158 sabbata
2332 3112 2380 3159 et
2403 3103 2541 3159 diem
2564 3119 2811 3174 magnam
2841 3119 2946 3157 non
2967 3102 3079 3172 fero
3103 3102 3145 3156 ⁸.
3177 3099 3359 3171 Quare
3387 3100 3671 3168 Verbum,

402 3166 596 3246 πάλιν
641 3193 753 3260 Τὰς
781 3166 1100 3263 θεομηκιας
1125 3166 1294 3264 ὑμῶν
1326 3196 1425 3249 καὶ
1457 3195 1530 3249 τὰ
1570 3194 1841 3250 Σάϐϐατα
1882 3194 1980 3248 καὶ

2084 3195 2219 3266 ipsis
2246 3166 2700 3267 repugnantibus,
2723 3210 2819 3267 per
2841 3166 3053 3251 Novum
3083 3166 3493 3249 Testamentum
3511 3166 3655 3250 Sabi-

402 3283 630 3352 ἠμέραν
649 3284 925 3355 μεγάλην
951 3286 1063 3339 οὐκ
1091 3285 1394 3357 ἀνέχομαι.
1434 3286 1525 3339 Διὸ
1556 3287 1621 3358 δὴ
1652 3284 1979 3359 παρῃτημέ-

400 3391 507 3430 νων
556 3375 799 3441 ἐκείνων,
826 3375 914 3429 διὰ
946 3376 1044 3447 τῆς
1076 3376 1281 3446 Καινῆς
1312 3376 1587 3447 Διαθὴκης
1616 3377 1789 3446 Λόγος
1818 3377 1984 3449 μετὴ-

401 3482 539 3536 γαγε
567 3466 662 3519 καὶ
696 3465 1043 3536 μετατέθεικε
1088 3465 1186 3537 τὴν
1223 3464 1317 3518 τοῦ
1352 3465 1627 3519 Σαϐϐάτου
1655 3465 1849 3537 ἑορτὴν
1889 3467 1983 3520 ἐπὶ

401 3560 500 3632 τὴν
528 3558 622 3613 τοῦ
652 3560 828 3629 φωτὸς
874 3559 1156 3631 ἀνατολὴν,
1195 3561 1289 3614 καὶ
1327 3559 1641 3631 παρέδωκεν
1673 3560 1804 3629 ἡμῖν
1851 3560 1985 3632 ἀλη-

402 3651 556 3722 θινῆς
591 3650 949 3715 ἀναπαύσεως
989 3652 1194 3716 εἰκόνα,
1221 3650 1321 3721 τὴν
1356 3652 1627 3723 σωτηρίαν
1657 3653 1751 3705 καὶ
1772 3653 1982 3722 Κυρια-

401 3741 503 3813 κὴν
532 3743 624 3796 καὶ
650 3743 873 3813 πρώτην
902 3741 995 3796 τοῦ
1025 3743 1201 3812 φωτὸς
1227 3743 1461 3814 ἡμέραν,
1492 3742 1612 3797 καθ’
1643 3744 1711 3814 ἣν
1740 3744 1768 3796 ὁ
1793 3743 1993 3816 Σωτὴρ

400 3835 495 3889 τοῦ
537 3835 742 3908 κόσμου
784 3834 927 3908 μετὰ
977 3835 1156 3899 πάσας
1210 3834 1376 3888 αὑτοῦ
1428 3835 1528 3899 τὰς
1570 3835 1628 3889 ἐν
1674 3835 1983 3907 ἀνθρώποις

401 3926 650 3999 πράξεις,
682 3928 778 3999 τὴν
805 3926 946 3983 κατά
986 3926 1080 3983 τοῦ
1113 3927 1339 3983 θανάτοι
1373 3927 1530 4001 νίκην
1560 3927 1855 4001 ἀράμενος,
1883 3928 1982 3992 τὰς

401 4017 681 4088 οὐρανίους
740 4017 912 4081 πύλας
957 4018 1313 4090 ὑπερέϐαινεν
1354 4020 1496 4091 ὑπὲρ
1536 4018 1635 4090 τὴν
1680 4017 1981 4091 ἐξαήμερον

402 4110 757 4179 κοσμοποιίαν
799 4110 1135 4181 γιγνόμενος,
1168 4112 1229 4165 τό
1266 4129 1326 4165 τε
1369 4111 1665 4182 θεοπρεπὲς
1706 4111 1983 4167 Σάϐϐατον

402 4200 499 4253 καὶ
528 4200 626 4271 τὴν
652 4204 1058 4274 τρισμακαρίαν
1100 4205 1404 4259 ἀνάπαυσιν
1437 4202 1854 4274 ὑπολαμϐάνων,
1883 4202 1978 4257 τοῦ

403 4291 618 4361 Πατρὸς
670 4292 950 4362 εἰρηκότος
996 4292 1175 4363 αὐτῷ’
1232 4292 1429 4349 Κάθου
1468 4294 1538 4347 ἐκ
1578 4292 1791 4358 δεξιῶν
1836 4311 1979 4363 μου,

401 4381 512 4447 ἕως
541 4382 617 4436 ἂν
642 4382 723 4437 θῶ
760 4383 900 4449 τοὺς
931 4384 1178 4452 ἐχθρούς
1210 4402 1325 4439 σου
1361 4385 1694 4440 ὑποπόδιον
1723 4385 1841 4439 τῶν
1870 4402 1979 4439 πο-

2082 3288 2198 3343 bati
2226 3287 2421 3343 festum
2446 3289 2503 3343 in
2532 3287 2671 3344 lucis
2712 3295 2891 3343 ortum
2923 3288 3224 3353 transtulit,
3257 3289 3529 3361 nobisque
3560 3305 3657 3346 ve-

2080 3395 2157 3435 rae
2206 3381 2417 3451 requiei
2468 3381 2759 3453 imaginem
2802 3381 3065 3447 tradidit,
3119 3381 3415 3437 salutarem
3456 3394 3676 3451 nempe

2082 3470 2444 3538 Dominicam,
2491 3483 2548 3528 et
2586 3473 2817 3543 primam
2867 3474 3008 3529 lucis
3045 3474 3212 3538 diem,
3251 3489 3360 3544 qua
3406 3472 3656 3528 Salvator

2081 3564 2270 3620 mundi
2308 3573 2433 3635 post
2475 3565 2657 3619 omnia
2690 3578 2789 3619 sua
2835 3564 2892 3618 in
2934 3565 3251 3620 hominibus
3280 3565 3427 3620 edita
3457 3580 3671 3634 opera,

2081 3654 2315 3710 victoria
2345 3653 2411 3710 de
2441 3662 2620 3710 morte
2648 3662 2948 3725 reportata,
2978 3654 3233 3710 caelestes
3251 3663 3437 3724 portas
3470 3662 3655 3710 trans-

2082 3761 2329 3818 gressus,
2363 3761 2459 3801 sex
2510 3745 2723 3801 dierum
2767 3745 3043 3816 opificium
3087 3745 3465 3809 transcendit,
3501 3753 3657 3799 tunc-

2079 3844 2186 3900 que
2220 3828 2331 3886 Deo
2367 3829 2675 3885 condecens
2719 3828 3015 3884 Sabbatum
3051 3838 3107 3884 et
3136 3828 3511 3884 beatissimam
3559 3842 3670 3883 re-a

2078 3919 2261 3990 quiem
2291 3920 2522 3989 accepit,
2562 3919 2777 3975 dicente
2807 3918 2989 3984 Patre,
3022 3918 3157 3974 Sede
3192 3936 3225 3972 a
3256 3918 3458 3974 dextris
3496 3919 3646 3984 meis,

2080 4012 2244 4066 donec
2289 4026 2483 4080 ponam
2523 4012 2765 4065 inimicos
2808 4021 2925 4065 tuo:
2967 4011 3253 4066 scabellum
3296 4011 3486 4081 pedum
3531 4020 3651 4065 tuo-

2080 4119 2201 4158 rum
2223 4103 2266 4158 '.
2311 4102 2390 4158 Ea
2427 4104 2538 4167 die,
2588 4118 2711 4173 qua:
2743 4119 2885 4159 vera:
2928 4103 3067 4159 lucis
3105 4111 3161 4159 et
3204 4104 3321 4159 veri
3367 4104 3501 4159 solis
3533 4104 3669 4160 dies.

2080 4203 2183 4262 est,
2225 4209 2328 4251 nos
2366 4195 2471 4266 ipsi
2518 4196 2855 4266 congregati,
2900 4210 2997 4251 sex
3042 4195 3238 4251 diebus
3289 4195 3651 4265 interpositis,

2081 4293 2271 4343 sancta
2298 4293 2353 4342 et
2381 4286 2686 4357 spiritualia
2720 4284 2954 4341 Sabbata
2985 4286 3347 4345 celebrantes.
3387 4294 3670 4356 quotquot.

2081 4392 2148 4433 ex
2178 4379 2430 4450 gentibus
2461 4379 2518 4433 in
2554 4378 2688 4434 orbe
2732 4386 2847 4433 toto
2885 4393 2983 4448 per
3027 4394 3152 4433 eum
3189 4379 3404 4433 liberati
3437 4394 3651 4442 sumus,

402 4471 524 4526 δῶν
559 4487 694 4527 σου.
738 4475 824 4527 Ἐν
861 4469 918 4547 ᾖ,
972 4475 1147 4544 φωτὸς
1197 4474 1330 4547 οὔσῃ
1382 4478 1477 4529 καὶ
1512 4475 1703 4547 πρώτῃ
1750 4478 1844 4531 καὶ
1883 4476 1978 4531 τοῦ

2081 4485 2203 4541 qua:
2232 4469 2545 4526 sacerdotes
2577 4470 2634 4524 in
2668 4468 2756 4525 die
2799 4468 3022 4523 Sabbati
3051 4484 3213 4538 agere
3250 4469 3307 4522 in
3338 4468 3453 4538 lege
3478 4475 3645 4525 statu-

402 4562 635 4632 ἀληθοῦς
660 4563 811 4633 ἡλίου
853 4564 1055 4636 ἡμέρᾳ,
1095 4566 1188 4618 καὶ
1219 4567 1380 4636 ἡμεῖς
1408 4566 1558 4620 αὐτοὶ
1598 4568 1979 4640 συνερχόμενοι

403 4651 491 4706 διὰ
522 4652 687 4722 μέσου
718 4652 776 4717 ἓξ
800 4652 1045 4724 ἡμερῶν,
1076 4654 1207 4722 ἅγιά
1232 4671 1289 4707 τε
1318 4655 1570 4710 Σάϐϐατα
1602 4658 1697 4711 καὶ
1734 4674 1980 4729 πνευμα-

406 4743 531 4797 τικὰ
556 4744 901 4814 ἑορτάζοντες
928 4748 976 4799 οἱ
1011 4745 1068 4817 ἐξ
1095 4745 1263 4799 ἐθνῶν
1288 4746 1356 4801 δι’
1385 4746 1549 4800 αὐτοῦ
1588 4747 1980 4820 λελυτρωμένοι

406 4834 523 4887 καθ’
555 4836 683 4905 ὅλης
705 4835 803 4905 τῆς
827 4836 1170 4908 οἰκουμένης,
1205 4836 1273 4891 τὰ
1312 4837 1392 4908 τῷ
1422 4837 1685 4910 Σαϐϐάτῳ
1720 4840 1981 4910 πράττειν

411 4932 513 4992 τοῖς
554 4929 754 5001 ἱερεῦσι
783 4930 1249 5003 νενομοθετημένα
1290 4932 1433 4987 κατά
1472 4933 1565 4988 τὸν
1613 4936 1987 5006 πνευματικὸν

409 5018 565 5088 νόμον
618 5020 987 5092 ἐπιτελοῦμεν.
1039 5023 1240 5088 Θυσίας
1284 5041 1344 5077 τε
1394 5024 1503 5095 γὰρ
1555 5026 1651 5079 καὶ
1701 5026 1978 5098 ἀναφορὰς

411 5109 703 5180 ποιούμεθα
735 5114 1129 5182 πνευματικὰς,
1164 5115 1261 5178 τὰς
1298 5115 1639 5186 καλουμένας
1676 5117 1867 5182 θυσίας
1896 5121 1975 5172 αι-

413 5201 622 5265 λέσεως,
670 5202 764 5254 καὶ
807 5202 997 5267 θυσίας
1037 5205 1383 5276 ἀλαλαγμοῦ·
1432 5207 1494 5260 τό
1532 5224 1592 5259 τε
1628 5206 1877 5279 θυμίαμα
1912 5209 1973 5261 τὸ

412 5292 599 5355 ,ὑῶδες
640 5294 1057 5363 ἀναπέμπομεν,
1092 5297 1221 5367 περὶ
1264 5294 1326 5351 οὗ
1372 5297 1614 5369 εἴρηταιο
1659 5298 1977 5368 Γενηθήτω

413 5386 443 5451 ἡ
474 5384 780 5452 προσευχή
805 5403 924 5455 μου
952 5387 1031 5451 ὡς
1064 5388 1323 5457 θυμίαμα
1360 5389 1614 5444 ἐνώπιόν
1640 5408 1778 5444 σου.
1819 5390 1978 5443 Ἀλλά

414 5474 497 5528 cal.
542 5476 665 5539 τοὺς
710 5477 905 5547 ἄρτους
948 5476 1049 5547 τῆς
1093 5478 1403 5549 προθέσεως
1449 5482 1848 5551 προσφέρομεν,
1879 5478 1975 5549 τὴν

416 5564 671 5633 τωτὴριον
717 5566 933 5637 μνήμην
975 5566 1475 5637 ἀναζωπυροῦντες,
1506 5570 1569 5623 τό
1620 5587 1679 5622 τε
1715 5569 1806 5622 τοῦ
1851 5571 1977 5639 ραν-

416 5653 596 5723 τισμοῦ
636 5650 794 5725 αἷμα,
828 5656 923 5710 τοῦ
963 5656 1159 5726 ’Δμνοῦ
1197 5656 1291 5710 τοῦ
1330 5657 1484 5722 Θεοῦ,
1516 5658 1608 5712 τοῦ
1642 5658 1979 5730 περιελόντος

2085 4570 2202 4616 tum
2233 4570 2371 4627 erat,
2404 4577 2467 4617 ea
2492 4577 2594 4618 nos
2617 4561 2920 4618 secundum
2950 4561 3123 4631 legem
3157 4560 3497 4637 spiritualem
3526 4574 3645 4629 per-

2037 4659 2047 4670 ’
2090 4653 2326 4711 ﬁeimus.
2377 4653 2511 4707 Nam
2560 4653 2830 4710 sacriﬁcia
2867 4660 2922 4708 et
2969 4651 3276 4707 oblationes
3313 4650 3649 4721 Spirituales,

2087 4762 2208 4818 quae
2238 4748 2428 4801 hostia:
2458 4747 2637 4802 laudis
2679 4754 2733 4801 et
2774 4745 2967 4800 hostiae
2988 4743 3333 4814 jubilationis
3360 4750 3649 4808 vocantur,

2083 4837 2444 4909 persolvimus
2471 4856 2485 4892 :
2523 4837 2806 4892 incensum
2833 4836 2961 4890 boni
2989 4835 3173 4891 odoris
3228 4835 3554 4898 emittimus,
3581 4835 3649 4889 de

2082 4944 2193 4999 quo
2224 4929 2427 4983 dictum
2451 4935 2536 4983 est
2569 4947 2581 4983 :
2613 4926 2741 4981 Fiat
2780 4928 2949 4980 oratio
2970 4943 3085 4981 mea
3124 4926 3259 4980 sicut
3296 4926 3565 4980 incensum
3594 4928 3665 4980 in

2082 5028 2358 5087 conspectu
2395 5028 2485 5073 tuo
2508 5018 2549 5073 ⁸.
2579 5018 2691 5073 lino
2717 5019 2878 5074 etiam
2912 5033 3081 5087 panes
3129 5017 3525 5087 prepositionis
3561 5018 3647 5072 of-

2084 5110 2333 5176 ferimus,
2377 5111 2670 5167 salutarem
2710 5111 3027 5166 memoriam
3060 5108 3420 5176 refricantes;
3460 5125 3647 5180 asper-

2081 5203 2292 5259 sionem
2324 5202 2454 5257 item
2493 5202 2776 5273 sanguinis
2805 5202 2945 5273 Agni
2985 5203 3101 5268 Dei,
3144 5203 3238 5272 qui
3283 5202 3427 5257 tollit
3456 5216 3647 5271 peccato

2080 5302 2197 5349 tum
2227 5292 2437 5358 mundi,
2483 5294 2757 5362 piaculum
2793 5293 3097 5347 animarum
3135 5304 3473 5356 nostrarum,
3511 5291 3639 5346 faci-

2083 5399 2207 5438 mus
2235 5402 2249 5438 :
2274 5383 2480 5437 lumina
2507 5399 2727 5453 quoque
2754 5383 3084 5453 cognitionis
3111 5384 3299 5440 vultus
3328 5383 3423 5438 Dei
3449 5395 3632 5436 accen-

2081 5475 2283 5531 dimus.
2315 5473 2517 5530 Verum
2557 5475 2719 5529 etiam
2761 5491 2844 5542 ea,
2893 5490 3016 5544 qua:
3058 5476 3115 5529 in
3146 5476 3356 5544 psalmo
3387 5472 3646 5543 praesenti

2083 5574 2466 5630 recensentur,
2504 5567 2594 5620 illa
2623 5567 2712 5621 die
2746 5567 3004 5634 perlicere
3042 5566 3364 5637 satagimus,
3391 5574 3445 5620 et
3477 5579 3643 5635 opere

2086 5664 2140 5711 et
2166 5657 2347 5711 verbis
2371 5657 2692 5711 conﬁtentes
2720 5653 2968 5721 Domino,
3000 5662 3053 5709 et
3094 5655 3390 5725 psallentes
3435 5651 3665 5707 nomini»-

476 5808 495 5837 ³
537 5808 700 5863 Amos
733 5825 817 5870 vi.
852 5811 903 5864 5,
979 5810 1000 5843 δ
1038 5809 1141 5867 lsa.
1179 5828 1225 5867 1.
1265 5812 1351 5866 i5.
1430 5814 1448 5845 ⁵
1489 5811 1631 5868 I’sal.
1666 5828 1787 5868 CIX.
1834 5814 1881 5866 ί.
1961 5814 1979 5844 ⁶
2018 5810 2158 5866 Psal.
2198 5827 2297 5865 cn.
2364 5811 2416 5861 2.
