4068 6404
496 392 627 448 ΗΠ

1237 390 1503 449 EUSEBII
1544 390 2019 448 CAESARIENSIS
2046 390 2195 447 OPP.
2240 386 2419 444 PARS
2451 386 2534 443 Ill.
2576 418 2642 427 ——
2676 383 3083 441 EXEGETICA.

3589 380 3740 438 ωε

494 514 763 570 Altissimi
792 535 805 569 :
836 530 995 571 mane
1024 530 1238 587 quoque
1278 517 1345 571 ad
1388 516 1654 573 orientem
1684 518 1824 573 lucis
1853 526 2048 572 nostra!

2154 515 2251 585 τὴν
2274 513 2546 585 ἁμαρτίαν
2574 511 2667 565 τοῦ
2714 512 2940 583 κόσμου,
2978 505 3271 579 καθάρσιον
3302 504 3409 559 τῶν
3452 502 3741 578 ἡμετέρων

493 606 933 662 misericordiam
964 623 995 661 a
1016 606 1127 665 Deo
1145 609 1306 665 nobis
1332 609 1624 679 praestitam
1648 608 2056 672 annuntiamus,

495 702 551 748 et
586 696 870 752 veritatem
916 698 1037 769 ejus
1090 700 1147 754 in
1180 702 1433 756 noctibus
1476 716 1573 771 per
1603 701 1842 756 sobriam
1880 708 1934 755 et
1968 715 2061 755 ca-

489 792 631 840 stam
662 791 1141 846 conversationem
1168 793 1521 859 exhibemus;
1567 794 1622 847 in
1656 808 1867 848 summa
1897 801 2059 863 quot-

488 882 623 943 quot
651 876 755 931 alia
784 877 841 932 in
867 877 1104 935 Sabbato
1127 896 1385 951 peragere
1411 881 1679 936 sancitum
1703 890 1839 947 erat,
1869 897 1931 937 ea
1958 898 2059 936 nos

488 966 543 1021 in
582 966 918 1026 Dominicam
950 974 1353 1037 transtulimus,
1384 981 1569 1043 utpote
1597 990 1718 1044 quae
1746 974 1920 1046 magis
1943 975 2061 1029 ido-

488 1072 592 1112 nea
612 1068 667 1114 et
702 1063 945 1132 pr0pria,
974 1078 1038 1119 ac
1070 1066 1245 1134 prima
1290 1065 1416 1120 item
1447 1066 1520 1121 sit
1563 1076 1615 1122 et
1650 1081 1840 1137 agmen
1872 1068 2055 1132 ducat,

487 1156 545 1204 et
595 1148 826 1207 Iudaico
883 1152 1119 1208 Sabbato
1164 1156 1479 1225 pretiosior.
1534 1156 1669 1211 Nam
1719 1158 1810 1212 illa
1861 1158 1947 1213 die
2002 1159 2060 1213 in

487 1243 676 1297 mundi
702 1244 923 1314 Opiﬁcio
950 1262 1074 1301 cum
1104 1246 1333 1303 dixisset
1371 1247 1537 1312 Deus,
1568 1248 1693 1302 Fiat
1719 1250 1811 1302 tua:
1836 1288 1851 1314 ,
1916 1249 2057 1309 facta

489 1344 573 1388 est
607 1335 731 1389 lux"
755 1356 768 1389 :
790 1336 843 1389 in
874 1338 966 1390 illa
996 1344 1215 1409 quoque
1245 1340 1528 1395 animabus
1559 1343 1763 1397 nostris
1789 1351 1942 1398 ortus
1975 1352 2058 1399 est

492 1424 587 1480 Sol
613 1426 861 1496 iustitiae.
901 1429 1081 1496 Quare
1129 1441 1188 1486 ut
1227 1446 1291 1487 ea
1328 1432 1417 1487 die
1465 1433 1853 1488 conveniamus
1889 1433 2058 1488 tradi-

488 1524 606 1572 tum
637 1521 795 1575 nobis
833 1531 938 1586 est,
971 1530 1025 1578 et
1053 1538 1115 1577 ea
1138 1540 1259 1593 quae
1289 1524 1344 1578 in
1370 1525 1581 1594 psalmo
1608 1526 1869 1595 jubentur
1897 1525 2058 1580 nobis

488 1612 713 1681 exsequi
738 1622 1067 1685 praeceptum
1099 1624 1181 1672 est
1206 1635 1221 1684 ;
1248 1632 1482 1687 quorum
1520 1618 1756 1687 primum
1788 1626 1894 1682 est,
1924 1631 2057 1672 con-

488 1701 631 1757 ﬁteri
662 1721 674 1757 ε
704 1720 829 1759 nam
873 1707 1202 1778 principium
1260 1690 1528 1764 bonorum
1571 1718 1654 1763 est
1698 1710 2055 1779 pristinorum

487 1795 757 1849 malorum
783 1797 1053 1867 depositio
1097 1814 1193 1868 per
1222 1815 1405 1854 veram
1439 1800 1812 1869 paenitentiam
1845 1810 1898 1855 et
1923 1814 2058 1853 con-

2158 605 2344 676 ψυχῶν
2365 622 2377 635 ·
2420 603 2720 675 ποιούμεθά
2750 621 2807 657 τε
2842 602 2911 655 τὰ
2946 602 3100 671 φῶτα
3143 599 3243 668 τῆς
3279 597 3523 666 γνώσεως
3565 613 3743 669 προσ-

2157 696 2307 752 ὡπου
2356 696 2447 750 τοῦ
2497 695 2631 749 Θεοῦ
2685 694 3045 764 ἐξαπτόμενα.
3091 690 3249 744 Ἀλλά
3290 689 3384 742 καὶ
3432 688 3500 741 τά
3545 690 3601 741 ἐν
3648 690 3745 754 τῷ

2161 788 2297 857 μετά
2324 791 2507 859 χεῖρας
2536 785 2734 857 ψαλμῷ
2763 784 3059 855 φιλοτίμως
3086 782 3321 835 ἐκτελεῖν
3352 779 3491 834 κατά
3516 779 3609 850 τὴν
3634 777 3740 830 αῦ-

2156 879 2255 948 τὴν
2286 880 2500 949 ἡμέραν
2534 877 2923 948 σπουδάζομεν,
2964 876 3143 943 ἔργοις
3185 874 3393 935 τούτοις
3427 871 3519 925 καὶ
3553 869 3742 938 λόγοις

2158 967 2635 1039 ἐξομολογούμενοι
2680 969 2890 1038 Κυρίῳ,
2926 966 3019 1019 καὶ
3058 964 3349 1033 ψάλλοντες
3386 961 3462 1032 τῷ
3506 961 3737 1030 ὀνόματι

2157 1060 2251 1113 τοῦ
2299 1060 2583 1129 Ὑιζνίστου⁹
2627 1058 2823 1130 ὄρθρου
2848 1075 2904 1110 τε
2940 1057 3074 1129 πρὸς
3105 1057 3293 1119 αὐταῖς
3327 1052 3604 1114 ἀνατολαῖς
3634 1051 3734 1103 τοῦ

2159 1152 2419 1223 ἡμετέρου
2466 1150 2638 1218 φωτὸς
2685 1149 2745 1203 τὸ
2786 1148 3072 1220 γενόμενον
3122 1147 3267 1209 ἔλεος
3317 1148 3402 1214 ἐφ’
3445 1146 3587 1214 ἡμᾶς
3632 1141 3733 1195 τοῦ

2158 1244 2291 1297 Θεοῦ
2335 1242 2767 1311 διαγγέλλοντες,
2810 1245 2899 1295 καὶ
2947 1241 3043 1312 τὴν
3088 1238 3345 1310 ἀλήθειαν
3386 1234 3545 1290 αὑτοῦ
3590 1233 3734 1286 κατά

2158 1335 2253 1398 τὰς
2284 1335 2484 1398 νύκτας
2515 1334 2601 1387 διά
2635 1334 2908 1404 σώφρονος
2939 1333 3031 1386 καὶ
3076 1331 3246 1401 ἁγνῆς
3280 1326 3616 1398 ἀναστροφῆς
3643 1326 3709 1376 ἐν

2156 1425 2507 1496 δεικνύμενοι,
2540 1427 2633 1478 καὶ
2672 1425 2845 1478 πάντα
2886 1424 2950 1495 δὴ
3000 1424 3099 1477 ὅσα
3140 1421 3271 1476 ἄλλα
3306 1420 3467 1491 ἐχρῆν
3501 1420 3557 1469 ἐν
3592 1415 3721 1468 Σαϐ-

2156 1516 2304 1587 ϐάτῳ
2333 1517 2526 1580 τελεῖν,
2556 1516 2725 1569 ταῦτα
2749 1519 2909 1587 ἡμεῖς
2940 1518 2997 1569 ὲν
3038 1518 3105 1587 τῇ
3138 1515 3388 1584 Κυριακῇ
3424 1508 3709 1581 μετατεθεί

2157 1625 2351 1679 καμεν,
2382 1608 2455 1671 ὡς
2490 1607 2556 1661 ἂν
2583 1608 2921 1679 κυριωτέρας
2945 1604 3109 1674 οῦσης
3152 1604 3340 1673 αὐτῆς,
3365 1602 3457 1654 καὶ
3494 1598 3736 1671 ἡγουμέ-

2156 1717 2274 1771 νης,
2291 1702 2383 1753 κα)⁹
2418 1698 2658 1771 πρώτης,
2682 1698 2883 1752 καὶτοῦ
2923 1696 3209 1750 Ἰουδαϊκοῦ
3229 1694 3504 1748 Σαϐόάτου
3532 1709 3734 1761 τιμιω-

2154 1784 2337 1861 τέρας.
2366 1789 2523 1843 Κατά
2548 1790 2747 1860 ταύτην
2780 1789 2887 1860 γὰρ
2920 1788 2976 1844 ἐν
3006 1792 3072 1859 τῇ
3098 1785 3421 1857 κοσμοποιίᾳ
3452 1781 3736 1853 εἰρηκότος

488 1882 806 1951 fessionem,
838 1902 958 1955 quae
986 1886 1054 1940 ad
1085 1887 1289 1941 bonum
1322 1887 1503 1953 ﬁnem,
1532 1887 1741 1942 scilicet
1772 1886 1839 1939 ad
1880 1884 2048 1941 Deum

2151 1885 2244 1939 τοῦ
2294 1885 2450 1947 Θεοῦ,
2498 1880 2813 1951 Γενηθήτω
2850 1880 2996 1949 φῶς,
3042 1880 3136 1933 καὶ
3170 1878 3385 1946 ἐγένετο
3440 1875 3579 1943 φῶς·
3635 1872 3735 1924 καὶ

487 1976 669 2047 ipsum
700 1977 939 2032 deducit.
983 1977 1197 2033 Etenim
1244 1979 1289 2034 si
1341 1994 1500 2033 nemo
1536 1980 1713 2035 bonus
1751 1978 1854 2032 nisi
1888 1977 2050 2041 Deus,

487 2068 705 2138 Optima:
736 2069 834 2123 viae
864 2069 929 2123 ad
960 2069 1127 2125 Deum
1154 2070 1403 2125 ducentis
1437 2070 1787 2139 principium,
1834 2070 2053 2125 confes-

486 2159 572 2215 sio
600 2159 785 2214 fuerit.
816 2159 941 2215 Ideo
963 2161 1171 2216 dictum
1201 2168 1303 2225 est,
1330 2161 1534 2215 Bonum
1568 2170 1644 2215 est
1667 2161 1905 2230 conﬁteri
1943 2160 2044 2215 Do-

484 2250 650 2303 mino.
674 2248 780 2304 Par
807 2252 1008 2322 quippe
1046 2262 1130 2308 est
1161 2268 1267 2307 non
1309 2252 1621 2307 hominibus
1652 2250 2052 2307 confessionem

484 2339 673 2405 edere,
706 2340 800 2395 sed
833 2342 937 2411 ipsi
965 2340 1198 2397 Domino
1238 2342 1404 2396 corda
1436 2342 1726 2397 scrutanti.
1757 2341 1892 2406 Quia
1923 2355 2052 2395 vero

486 2429 763 2485 confessio
797 2447 895 2500 pro
923 2432 1223 2501 gratiarum
1260 2434 1472 2485 actione
1510 2434 1637 2487 item
1674 2431 1958 2501 accipitur,
1994 2438 2053 2484 ut

479 2520 594 2590 jam
629 2523 826 2592 saepius
850 2522 1111 2589 diximus,
1148 2523 1271 2592 jure
1320 2521 1599 2576 Dominica
1638 2522 1725 2576 die
1754 2521 2052 2591 gratiarum

484 2613 730 2668 actiones
758 2612 987 2667 Domino
1018 2613 1322 2677 reddimus,
1355 2613 1558 2682 ubique
1591 2621 1859 2666 terrarum
1887 2611 1942 2665 in
1964 2625 2053 2665 ec-

483 2701 669 2755 clesiis
702 2702 821 2771 ejus
866 2705 1200 2773 congregati.
1231 2702 1367 2756 Cum
1403 2709 1582 2757 autem
1620 2717 1717 2772 per
1747 2700 2052 2756 confessio-

482 2809 607 2848 nem
639 2809 989 2863 progressum
1040 2802 1093 2848 et
1120 2801 1468 2864 augmentum
1512 2791 1903 2862 acceperimus,
1934 2797 2050 2845 tum

477 2884 737 2953 jubemur
766 2886 995 2955 psallere
1034 2884 1099 2938 ad
1132 2886 1409 2959 meliorem
1446 2884 1638 2938 animae
1686 2891 1889 2939 statum
1924 2897 2052 2953 pro-

481 2976 624 3029 vecti
660 2994 675 3030 :
701 2978 846 3031 aucti
877 2992 1007 3032 vero
1048 2993 1111 3031 ac
1141 2977 1394 3031 meliores
1424 2976 1621 3040 effecti,
1648 2977 1762 3030 haec
1794 2977 1915 3032 aliis
1953 2992 2050 3030 an-

2155 1977 2271 2030 κατ’
2298 1976 2465 2046 αὐτὴν
2490 1978 2607 2037 ταῖς
2646 1974 2936 2044 ἡμετέραις
2963 1972 3159 2042 danai;
3199 1971 3227 2022 ὁ
3258 1968 3358 2037 τῆς
3392 1963 3735 2031 δικαιοσύνης

2153 2069 2511 2123 ἀνατέταλκεν
2538 2068 2750 2131 Ἥλιοςο
2776 2066 2853 2119 διὸ
2881 2066 2942 2137 δὴ
2960 2067 3051 2119 καὶ
3077 2066 3205 2135 ἡμῖν
3229 2059 3572 2132 συνέρχεσθαι
3589 2055 3732 2109 κατά

2152 2158 2354 2228 ταύτην
2388 2158 2763 2229 παραδέδοται,
2792 2157 2883 2210 καὶ
2924 2155 2993 2208 τὰ
3028 2154 3117 2207 διά
3150 2152 3245 2205 τοῦ
3273 2149 3485 2221 ψαλμοῦ
3515 2163 3733 2217 παρηγ-

2155 2250 2389 2320 γελμένα
2426 2250 2520 2303 καὶ
2549 2251 2679 2321 ἡμῖν
2719 2249 2982 2301 ἐπιτελεῖν
3018 2245 3441 2319 προστέτακταν
3467 2234 3541 2294 ὧν
3578 2237 3732 2309 πρῶ-ν

2152 2342 2242 2394 τόν
2270 2342 2386 2394 ἐστι
2412 2341 2473 2394 τὸ
2503 2340 2935 2411 ἐξομολογεῖσθαι
2956 2357 2968 2369 ·
3001 2337 3143 2409 ἀρχὴ
3174 2337 3283 2407 γάρ
3316 2332 3529 2403 ἀγαθῶν
3561 2332 3593 2400 ἡ
3618 2329 3733 2383 τῶν

2154 2431 2431 2503 προτέρων
2461 2430 2644 2485 κακῶν
2678 2431 2934 2494 ἀπόλυσις
2960 2430 3047 2484 διὰ
3077 2429 3302 2500 γνησίας
3328 2423 3609 2497 μετανοίας
3633 2419 3733 2474 καὶ

2154 2522 2586 2594 ἐξομολογήσεως
2629 2523 2989 2594 ἐγγιγνομένη
3016 2562 3029 2586 ,
3085 2522 3291 2589 ἄγουσά
3345 2536 3402 2571 τε
3446 2516 3538 2569 ἐπὶ
3577 2514 3731 2576 τέλος

2153 2616 2352 2684 ἀγαθὸν
2380 2616 2541 2670 αὑτὸν
2571 2616 2662 2668 τὸν
2688 2616 2838 2671 Θεόν.
2881 2615 2944 2667 Εἰ
2975 2613 3095 2684 ,γὰρ
3122 2612 3293 2674 οὐδεὶς
3341 2608 3542 2678 ἀγαθὸς
3571 2609 3617 2659 εἶ
3652 2604 3727 2675 μὴ

2151 2709 2180 2761 ό
2207 2706 2357 2773 Θεὸς,
2390 2707 2596 2778 ἀγαθῆς
2634 2707 2857 2778 πορείας
2888 2704 2986 2775 τῆς
3031 2704 3123 2757 ἐπὶ
3167 2704 3256 2755 τὸν
3293 2701 3423 2754 Θεὸν
3466 2698 3724 2767 ἀγούσης,

2152 2799 2329 2870 ἀγαθὴ
2355 2799 2549 2867 γένοιτ’
2578 2798 2643 2852 ἂν
2670 2797 2810 2870 ἀρχὴ
2835 2798 2868 2868 ἡ
2899 2795 3299 2866 ἐξομολόγησις.
3334 2793 3424 2845 Διὸ
3447 2791 3722 2843 λέλεκται”

2164 2892 2403 2963 Ἀγαθὸν
2435 2893 2501 2946 τὸ
2537 2889 3023 2959 ἐξομολογεῖσθαι
3072 2886 3151 2951 τῷ
3205 2884 3414 2951 Κυρίῳ.
3468 2882 3579 2934 Καὶ
3617 2879 3727 2949 γάρ

2152 2987 2416 3057 προσήκει
2453 2985 2526 3056 μὴ
2557 2982 2863 3054 ἀνθρώποις
2904 2978 3308 3032 ἐπιδείκνυσθαι
3343 2974 3440 3045 τὴν
3474 2971 3727 3042 ἐξομολό-

481 3066 762 3133 nuntiare,
795 3082 858 3121 ac
887 3083 982 3122 eos
1010 3068 1103 3138 qui
1139 3067 1206 3121 ad
1249 3083 1351 3123 nos
1374 3068 1617 3136 proxime
1647 3068 1912 3123 accedunt
1942 3068 2048 3121 mi-

2151 3093 2329 3147 γησιν,
2352 3075 2464 3129 ἀλλ’
2499 3074 2644 3144 αύτῷ
2674 3073 2749 3144 τῷ
2779 3073 2878 3136 τάς
2922 3070 3147 3141 καρδίας
3191 3066 3479 3139 ἐρευνῶντι
3514 3063 3724 3133 Κυρίῳ.

482 3157 813 3213 sericordias
878 3158 970 3213 Dei
1024 3159 1255 3214 edocere
1318 3160 1719 3229 praecipimur:
1769 3168 1931 3230 atque
1993 3160 2046 3214 id

2165 3168 2313 3221 Ἐπεὶ
2332 3168 2387 3220 δὲ
2418 3166 2745 3236 λαμϐάνεται
2782 3166 2815 3235 ἡ
2845 3162 3230 3233 ἐξομολόγησις
3262 3159 3354 3214 καὶ
3384 3156 3476 3211 ἐπὶ
3511 3155 3607 3225 τῆς
3638 3153 3731 3205 εύ-

481 3262 643 3317 agere
672 3248 955 3302 matutinis
1003 3248 1174 3312 horis,
1223 3249 1379 3319 quasi
1419 3250 1685 3319 primitias
1724 3249 2042 3304 diurnarum

2151 3254 2453 3327 χαριστίας,
2480 3222 2555 3317 die;
2588 3222 2846 3316 πολλάκίς
2885 3222 3017 3324 ἡμῖν
3053 3222 3289 3322 είρηται,
3323 3222 3729 3308 εἰκότως-κατά

481 3339 756 3393 actionum
787 3340 1050 3396 doctrinae
1076 3342 1143 3396 de
1172 3340 1266 3395 Dei
1304 3341 1676 3396 misericordia
1703 3340 1968 3397 dicantes.

2151 3346 2242 3416 τὴν
2258 3346 2540 3417 Κυριακὴν
2568 3346 2777 3417 ἡμέραν
2802 3344 2895 3397 καὶ
2921 3343 3018 3407 τὰς
3045 3341 3389 3413 εὐχαριστίας
3413 3338 3569 3408 ἡμῶν
3599 3338 3728 3392 ἀπο-

478 3430 691 3502 δίδομεν
722 3432 800 3502 τῷ
830 3434 1037 3504 Κυρίῳ,
1073 3434 1344 3503 πανταχοῦ
1374 3434 1471 3504 τῆς
1495 3433 1815 3503 οἰκουμένης
1846 3435 1902 3485 ἐν
1931 3436 2049 3498 ταῖς
2077 3436 2387 3507 ἐκκλησίαις
2424 3435 2585 3489 αὑτοῦ
2635 3435 3035 3506 συνερχόμενοι.
3076 3432 3456 3504 Προκόψαντες
3520 3430 3576 3482 δέ
3639 3430 3727 3480 διά

479 3526 578 3597 τῆς
606 3526 1059 3599 ἐξομολογήσεως,
1091 3528 1192 3599 ἤδη
1222 3529 1314 3581 καὶ
1346 3528 1565 3597 ψάλλειν
1598 3527 1928 3597 κελευόμεθα
1962 3530 2054 3581 ἐπὶ
2085 3530 2364 3600 κρείττονα
2400 3531 2575 3601 ψυχῆς
2631 3530 2961 3583 κατάστασιν
3025 3527 3382 3600 προελθόντες
3402 3544 3415 3556 ο
3454 3524 3728 3586 ἐπιδόντες

478 3619 536 3672 δὲ
570 3619 648 3672 ἔτι
694 3622 786 3673 καὶ
832 3620 1069 3690 βελτίους
1114 3623 1391 3692 γενόμενοι
1424 3621 1665 3685 ἑαυτῶν,
1714 3620 1813 3692 ήδη
1858 3621 1950 3675 καὶ
1989 3625 2066 3686 εἰς
2094 3623 2311 3686 ἐτέρους
2341 3622 2721 3690 ἀπαγγέλλειν,
2749 3621 3018 3674 διδάσκειν
3048 3636 3108 3672 τε
3132 3619 3257 3680 τοὺς
3307 3619 3437 3686 ἡμῖν
3496 3614 3727 3683 πλησιά-

480 3708 673 3775 ζοντας
718 3714 786 3766 τὰ
836 3713 928 3767 τοῦ
979 3715 1185 3786 Κυρίου
1237 3715 1359 3785 έλέη
1416 3714 1893 3784 προσταττόμεθαο
1951 3715 2045 3768 καὶ
2076 3716 2233 3769 τοῦτο
2255 3717 2511 3788 πράττειν
2542 3715 2681 3769 κατά
2714 3713 2813 3777 τάς
2841 3712 3082 3785 πρωῖνάς
3130 3711 3275 3783 ὥρας
3314 3708 3501 3778 ὥσπερ
3549 3710 3729 3777 ἀπαρ-

480 3802 579 3873 χάς
605 3803 711 3856 τῶν
740 3805 807 3857 δι’
832 3805 1041 3877 ἡμέρας
1070 3806 1317 3876 πράξεων
1342 3806 1679 3868 ἀνατιθέντες
1711 3808 1776 3876 τῇ
1804 3805 1929 3876 περὶ
1957 3807 2049 3859 τοῦ
2079 3806 2258 3870 ἐλέους
2286 3806 2380 3861 τοῦ
2404 3805 2539 3859 Θεοῦ
2567 3805 2901 3876 διδασκαλίᾳ.

552 3911 679 3967 Haec
738 3928 903 3983 porro
968 3913 1122 3983 jubet
1181 3912 1464 3984 Scriptura
1526 3931 1787 3986 peragere
1868 3916 2047 3986 primo

480 4004 759 4070 diluculo,
830 4012 1115 4074 postquam
1177 4006 1388 4060 animas
1450 4014 1503 4060 et
1558 4022 1789 4076 corpora
1856 4015 2047 4064 nostra

460 4106 753 4153 nocturno
796 4105 1036 4167 tempore
1090 4105 1277 4152 sancta
1351 4107 1405 4153 et
1452 4115 1482 4153 a
1523 4100 1779 4155 sordibus
1827 4102 2047 4171 quibus-

481 4204 587 4259 que
642 4204 777 4258 pura
834 4189 1269 4253 servaverimus,
1328 4191 1656 4262 pietatisque
1720 4193 2043 4255 veritatem,

479 4279 709 4348 repetita
790 4278 1074 4332 nocturnis
1143 4278 1294 4332 horis
1370 4280 1551 4334 cultus
1624 4277 1717 4333 Dei
1782 4281 2044 4333 memoria

479 4370 904 4438 susceperimus.
957 4368 1095 4422 Olim
1149 4368 1367 4438 quidem
1420 4384 1545 4423 cum
1599 4370 1783 4439 populi
1830 4386 1897 4425 ex
1943 4371 2044 4424 cir-

477 4462 815 4519 cumcisione
857 4476 953 4531 per
1014 4461 1259 4532 symbola
1318 4468 1371 4514 et
1423 4460 1623 4531 ﬁguras
1668 4461 1835 4515 Deum
1892 4461 2039 4516 cole-

2215 3918 2398 3973 Ταῦτα
2448 3918 2503 3971 δέ
2543 3918 2803 3990 πράττειν
2847 3920 2875 3972 ό
2930 3918 3089 3986 λόγος
3141 3914 3568 3989 παρακελεύεται
3606 3913 3725 3983 ἅμα

2144 4011 2210 4079 τῇ
2243 4008 2353 4078 ἐῳ,
2403 4008 2848 4079 προφυλάξαντας
2893 4008 3092 4079 δηλαδὴ
3144 4007 3349 4061 ἑαυτῶν
3398 4005 3495 4068 τάς
3549 4004 3723 4074 ψυχὰς

2143 4099 2238 4151 καὶ⁴
2275 4098 2345 4151 τά
2379 4098 2604 4169 σώματα
2637 4098 2777 4151 κατά
2817 4098 2940 4161 τοὺς
2974 4098 3073 4169 τῆς
3104 4096 3295 4158 νυκτὸς
3332 4096 3557 4166 καιροὺς
3591 4096 3721 4161 ἆγια

2144 4192 2237 4243 καὶ
2272 4190 2469 4254 παντὸς
2502 4191 2778 4262 μολυσμοῦ
2821 4191 3212 4261 καθαρεύοντα,
3239 4187 3495 4258 ἀλήθειάν
3534 4203 3590 4238 τε
3630 4186 3721 4238 εύ-

2146 4282 2359 4347 σεϐείας
2381 4282 2844 4353 ἐπιδεδεγμένους,
2873 4283 2961 4336 διά
2993 4281 3086 4334 τοῦ
3120 4281 3211 4333 καὶ
3240 4282 3359 4341 ταῖς
3382 4279 3723 4348 νυκτεριναῖς

2149 4375 2320 4446 ὥραις
2369 4376 2467 4445 τῆς
2496 4375 2587 4427 τοῦ
2637 4374 2771 4428 Θεοῦ
2826 4374 3118 4445 θεραπείας
3175 4370 3501 4443 μεμνῆσθαι.
3550 4370 3721 4422 Πάλαι

2152 4466 2249 4535 μὲν
2306 4461 2419 4531 οὖν,
2464 4465 2698 4537 ὁπηνίκα
2750 4465 2839 4519 διὰ
2885 4465 3166 4535 συμϐόλων
3217 4463 3310 4517 καὶ
3362 4462 3547 4514 τύπων
3602 4460 3722 4513 ἐλά-

476 4562 620 4618 rent,
651 4568 757 4608 non
790 4553 1147 4622 incongruum
1178 4562 1292 4606 erat
1315 4568 1410 4623 per
1436 4553 1690 4623 psalteria
1724 4561 1777 4608 et
1803 4553 2042 4607 citharas

2151 4574 2337 4627 τρευον
2368 4557 2417 4609 οἱ
2450 4558 2513 4609 ἐκ
2552 4558 2868 4627 περιτομῆς,
2901 4557 3000 4609 οὐκ
3044 4554 3266 4617 ἀπεικὸς
3300 4549 3366 4624 ἦν
3398 4552 3485 4605 διὰ
3518 4551 3722 4621 ψαλτη-

477 4647 709 4717 hymnos
740 4645 847 4701 Deo
876 4647 1141 4709 emittere,
1174 4644 1334 4714 idque
1363 4645 1451 4699 die
1497 4644 1717 4699 Sabbati
1765 4654 2041 4714 praestare,

477 4740 649 4796 Otium
695 4752 889 4813 nempe
928 4738 1221 4800 solventes,
1260 4737 1402 4791 etin
1452 4736 1553 4790 hoc
1605 4737 1773 4805 legem
1820 4736 2041 4792 Sabbati

474 4833 961 4905 transgredientes.
1001 4832 1112 4888 Nos
1159 4848 1289 4886 vero
1327 4830 1571 4885 Judaeum
1625 4831 1679 4884 in
1718 4832 2040 4886 abscondito

474 4932 757 4983 servantes
813 4924 1111 4979 secundum
1167 4922 1298 4977 illud
1357 4922 1599 4991 Apostoli
1648 4922 1849 4977 dictum
1881 4922 2040 4978 :Non

472 5017 613 5073 enim
640 5017 731 5083 qui
782 5016 834 5069 in
883 5016 1185 5083 manifesto,
1218 5014 1439 5069 Judazus
1494 5025 1592 5081 est,
1622 5032 1781 5086 neque
1828 5034 1945 5086 quw
1985 5018 2040 5070 in

472 5106 776 5173 manifesto,
810 5107 866 5159 in
896 5123 1071 5170 carne,
1090 5114 1169 5160 est
1197 5106 1559 5169 circumcisio;
1591 5108 1680 5160 sed
1707 5109 1796 5175 qui
1834 5109 1887 5160 in
1911 5107 2038 5160 abs-

471 5196 681 5249 condita
717 5195 939 5249 Judwus
976 5205 1075 5258 est,
1112 5206 1161 5249 et
1204 5196 1530 5251 circumcisio
1548 5198 1719 5251 cordis
1743 5200 1796 5251 in
1828 5199 2036 5267 spiritu,

473 5302 575 5339 non
604 5286 856 5352 littera“;
891 5287 1090 5340 viventi
1134 5287 1390 5356 psalterio
1418 5295 1472 5341 et
1514 5289 1719 5342 cithara
1776 5291 2037 5353 animata,

471 5376 965 5445 spiritualibusque
1039 5377 1267 5429 canticis
1348 5375 1608 5445 hymnum
1683 5376 2031 5432 eﬂ‘undimus.

470 5466 633 5520 Omni
666 5469 866 5537 quippe
892 5469 1256 5522 instrumento
1282 5470 1491 5523 musico
1532 5471 1807 5539 acceptior
1832 5478 1885 5525 et
1908 5485 2037 5524 sua-

470 5556 591 5610 vior
621 5557 729 5611 Deo
758 5558 920 5613 fuerit
960 5559 1162 5613 Christi
1203 5560 1525 5629 papulorum
1576 5570 1896 5626 concentus,
1928 5576 2037 5630 quo

382 5706 393 5715 ,
470 5648 526 5703 in
570 5650 826 5703 omnibus
868 5649 959 5705 Dei
989 5651 1237 5705 ecclesiis
1289 5666 1394 5703 una
1441 5662 1638 5719 mente,
1674 5668 1783 5707 uno
1819 5652 2035 5717 aﬂectu,

599 5799 731 5856 Gen.
771 5818 818 5867 ι,
855 5804 907 5860 5,
983 5804 1003 5835 ³
1042 5803 1197 5860 Rom.
1237 5819 1311 5873 ιι,
1344 5803 1446 5870 ‘28,
1484 5805 1571 5861 ‘29.

2154 4652 2280 4720 ρίων
2323 4651 2413 4704 καὶ
2454 4651 2681 4721 κιθάρας
2731 4652 3072 4721 ἀναπέμπειν
3114 4648 3262 4711 τινάς
3300 4648 3377 4718 τῷ
3433 4646 3551 4716 Θεῷ
3598 4647 3725 4706 τοὺς

2151 4743 2371 4813 ὕμνους,
2405 4743 2499 4796 καὶ
2538 4742 2695 4796 τοῦτο
2740 4745 2910 4797 ποιεῖν
2946 4745 3067 4805 ταῖς
3111 4740 3343 4811 ἡμέραις
3380 4738 3472 4791 τοῦ
3512 4736 3722 4789 Σαϐϐά-

2146 4851 2260 4897 του,
2296 4834 2671 4904 παραλύοντας
2709 4833 2906 4904 δηλαδὴ
2940 4833 3038 4904 τὴν
3071 4832 3289 4904 ἀργίαν,
3326 4831 3418 4883 καὶ
3457 4828 3723 4899 παραϐαίο

2146 4943 2334 4990 νοντας
2371 4927 2460 4979 τὸν
2489 4927 2649 4996 νόμον
2678 4925 2768 4977 τὸν
2808 4924 2937 4995 περὶ
2973 4921 3065 4977 τοῦ
3106 4922 3415 4975 Σαόϐάτου·
3452 4922 3610 4991 ἡμεῖς
3639 4919 3723 4981 δὲ,

2145 5018 2236 5070 τὸν
2287 5020 2345 5072 ἐν
2408 5018 2635 5089 κρυπτῴ
2695 5018 2944 5070 Ἰουδαῖον
2998 5015 3374 5079 ἀποσώζοντες
3438 5011 3573 5065 κατά
3625 5011 3726 5063 τὸν

2147 5108 2421 5176 φάσκοντα
2458 5109 2773 5161 Ἀπόστολον
2794 5124 2806 5135 ·
2845 5110 2926 5161 Οὐ
2958 5107 3067 5177 γὰρ
3096 5106 3165 5159 ἐν
3190 5104 3271 5170 τῷ
3319 5102 3549 5173 φανερῷ
3587 5103 3723 5155 Ἰου-

2145 5198 2310 5264 δαῖός
2337 5198 2526 5263 ἐστιν,
2552 5197 2692 5253 οὐδὲ
2719 5199 2756 5265 ἡ
2786 5198 2856 5251 ἐν
2889 5196 2969 5263 τῷ
3006 5194 3239 5265 φανερῷ
3294 5196 3363 5258 ἐν
3405 5194 3578 5261 σαρκὶ
3616 5207 3723 5245 πε-
3766 5244 3771 5249 .

2136 5288 2372 5357 ριτομὴ,
2396 5290 2532 5343 ἀλλ’
2553 5293 2585 5342 ό
2618 5290 2688 5342 ἐν
2713 5288 2792 5353 τῷ
2817 5286 3055 5356 κρυπτῷ
3095 5285 3388 5350 Ἰουδαῖος,
3425 5282 3522 5336 καὶ
3547 5283 3586 5349 ἡ
3610 5298 3722 5335 πει
3761 5312 3771 5350 ιν

2137 5378 2349 5447 ριτομὴ
2384 5379 2629 5447 καρδίας
2658 5381 2726 5432 ἐν
2750 5380 3059 5447 πνεύματι,
3101 5378 3174 5430 οὺ
3210 5376 3515 5446 γράμματι,
3553 5373 3723 5437 ζῶντι
3758 5364 3765 5384 ἐ

2142 5470 2421 5541 ψαλτηρίῳ
2444 5472 2536 5523 καὶ
2563 5472 2763 5542 κιθάρᾳ
2791 5470 3039 5542 ἐμψύχῳ,
3063 5468 3456 5537 πνευματικαῖς
3473 5482 3531 5517 τε
3551 5465 3724 5535 ᾠδαῖς

2142 5561 2230 5612 τὸν
2272 5559 2436 5629 ὕμνον
2479 5561 2813 5630 ἀποδίδομεν.
2860 5560 3066 5622 Παντὸς
3094 5560 3139 5611 δ’
3176 5553 3267 5610 οὖν
3308 5556 3538 5627 ὀργάνου
3582 5572 3723 5624 μου-

2145 5653 2294 5706 σικοῦ
2323 5656 2513 5722 γένοιτ’
2534 5653 2597 5708 ἂν
2622 5653 2697 5723 τῷ
2719 5653 2837 5723 Θεῷ
2858 5649 3262 5725 προσηνεστέρα
3289 5650 3321 5719 ἡ
3344 5648 3448 5701 τῶν
3476 5646 3723 5719 Χριστοῦ
