4068 6404
399 342 540 398 1175

1490 341 1998 398 COMMENTARIA
2040 342 2107 398 IN
2142 326 2513 397 PSALMos.‘

3509 338 3649 393 HM

391 463 535 517 λαῶν
574 461 893 534 συμφωνία,
943 464 1064 518 καθ’
1095 464 1160 535 ἣν
1200 466 1258 518 ἐν
1301 466 1501 529 πάσαις
1548 468 1665 530 ταῖς
1710 466 1802 519 τοῦ
1841 466 1965 520 Θεοῐ

2081 468 2197 537 pari
2229 481 2505 522 consensu
2534 468 2588 518 et
2615 474 2721 519 una
2748 462 3016 519 sententia
3038 461 3158 518 ﬁdei
3184 468 3239 519 et
3266 451 3505 534 pietatis,
3538 482 3647 519 una

391 555 745 626 ἐκκλησίαις,
764 554 1103 625 ὁμογνώμονι
1141 555 1284 627 ψυχῇ
1315 558 1408 609 καὶ
1444 558 1542 627 μιᾷ
1572 555 1826 620 διαθέσει,
1854 555 1977 626 ὁμο-

391 648 632 720 φροσύνῃ
683 665 742 701 τε
794 648 887 701 καὶ
931 646 1181 720 ὁμοδοξία
1232 648 1466 711 πίστεως
1514 647 1608 700 κα).
1656 647 1972 713 εὐσεϐείας,

389 738 667 809 ὁμόφωνον
698 736 857 806 μέλος
888 737 944 788 ἐν
976 737 1094 797 ταῖς
1136 735 1526 806 ψαλμολογίαις
1558 736 1971 806 ἀναπέμπομεν-

387 829 676 892 Τοιαύταις
724 824 815 882 οὖν
851 829 1190 900 ψαλμῳδίαις
1243 829 1337 882 καὶ
1382 828 1635 899 κιθάραις
1682 845 1975 899 πνευματι-

386 924 510 983 καῖς
549 921 783 992 χρῆσθαι
814 921 1106 992 εἰώθαμεν,
1155 921 1277 974 ἐπεὶ
1321 920 1416 973 καί⁵
1460 919 1617 974 τοῦτο
1664 919 1902 973 διδάσκει
1946 921 1975 972 ὁ

400 1012 717 1076 Ἀπὸστολος
745 1013 918 1080 λέγων
937 1030 949 1042 ⁸
986 1012 1255 1081 Ψαλμοῖς
1290 1012 1386 1066 καί
1417 1012 1596 1080 ᾠδαῖς
1622 1012 1723 1066 καί
1766 1012 1975 1081 ὕμνοις

385 1104 828 1174 πνευματικοῖς.
869 1105 966 1176 Είη
1002 1105 1046 1157 δ’
1088 1104 1154 1157 ἂν
1193 1104 1367 1168 ἄλλως
1409 1104 1609 1176 κιθάρα
1659 1104 1756 1174 μὲν
1783 1104 1973 1166 τέ-επᾶν

388 1195 569 1267 σῶμα,
593 1190 653 1251 οῦ
687 1196 773 1250 διά
803 1196 912 1251 τῶν
942 1198 1210 1267 κινήσεων
1236 1197 1330 1250 καὶ
1353 1196 1462 1249 τῶν
1487 1194 1740 1266 πράξεων
1768 1196 1801 1265 ἡ
1828 1194 1973 1264 ψυχὴ

382 1288 476 1341 τὸν
512 1289 788 1359 πρέποντα
827 1288 905 1359 τῷ
943 1288 1061 1359 Θεῷ
1095 1287 1261 1359 ὕμνον
1310 1287 1632 1342 ἀποδίδωσιο
1676 1286 1973 1356 ψαλτήριον

380 1380 439 1434 δὲ
468 1379 787 1451 δεκάχορδον
814 1383 846 1452 ἡ
878 1380 971 1434 τοῦ
1001 1380 1154 1450 ἁγίου
1188 1381 1503 1451 Πνεῦματαῖ
1531 1378 1617 1432 διά
1650 1378 1756 1432 τῶν
1784 1377 1975 1448 αἰσθη-

383 1472 587 1543 τηρίων
630 1473 790 1526 πέντε
835 1474 933 1543 μὲν
974 1473 1066 1525 τοῦ
1113 1471 1381 1543 σώματος,
1426 1469 1724 1541 ἰσαρίθμων
1771 1469 1827 1522 δὲ
1874 1468 1974 1538 τῆς

382 1562 562 1636 ψυχῆς
588 1566 889 1635 δυνάμεων,
914 1564 1306 1635 ἐπιτελουμένη
1341 1563 1566 1633 λατρεία
1590 1579 1602 1591 ·
1630 1561 1667 1616 ἀ
1710 1560 1773 1631 δὴ
1805 1577 1971 1631 παρι-

382 1656 515 1720 στὰς
556 1659 583 1709 ὁ
629 1657 789 1721 αὐτὸς
820 1656 1142 1721 Ἀπόστολός
1187 1655 1319 1725 φησί
1374 1672 1507 1708 που⁸
1557 1652 1973 1721 Προσεύξομαι

381 1748 463 1815 τῷ
495 1751 804 1819 πνεύματι,
831 1748 1237 1819 προσεύξομαι
1278 1746 1347 1801 δὲ
1381 1747 1478 1801 καί
1513 1744 1592 1810 τῷ
1640 1745 1763 1798 νοΐο
1794 1742 1972 1812 ψαλῶ

2079 574 2231 625 voce,
2269 559 2441 615 melos
2475 559 2528 612 in
2580 557 2900 627 psalmodiis
2954 556 3276 611 emittimus.
3320 554 3647 625 Huiusmodi

2076 654 2244 723 igitur
2273 650 2589 723 psalmodiis
2619 658 2672 705 et
2710 650 2955 707 citharis.
2978 648 3355 720 spiritualibus
3401 650 3479 703 uti
3514 664 3648 705 con-

2075 744 2399 799 suevimus:
2454 742 2582 811 quia
2636 740 2689 794 id
2745 740 2911 796 docet
2952 738 3385 810 Apostolushis
3442 740 3648 807 verbis,

2077 834 2315 887 Psalmis
2360 832 2661 887 elcanticis
2696 838 2745 883 et
2789 830 2997 901 hymnis
3044 830 3473 899 spiritualibush
3527 830 3649 884 Alia

2074 926 2203 980 item
2264 924 2479 979 ratione
2531 923 2745 978 cithara
2794 920 2964 977 fuerit
2998 928 3171 975 totum
3221 936 3443 992 corpus,
3493 921 3651 991 cujus

2074 1016 2321 1071 motibus
2346 1023 2400 1071 et
2429 1015 2686 1086 Operibus
2738 1012 2920 1067 anima
2958 1012 3344 1068 condecentem
3385 1013 3653 1083 hymnum

2075 1105 2185 1161 Deo
2211 1106 2429 1160 emittit.
2472 1104 2799 1161 Psalterium
2842 1110 3022 1157 autem
3062 1102 3247 1158 decem
3294 1101 3649 1160 chordarum,

2078 1196 2316 1267 Spiritus
2362 1198 2535 1251 sancti
2595 1197 2777 1251 cultus
2825 1202 2931 1258 est,
2978 1209 3074 1264 per
3104 1196 3346 1265 quinque
3403 1193 3651 1263 corporis

2074 1304 2294 1352 sensus,
2325 1296 2379 1343 et
2414 1303 2509 1358 per
2554 1287 2781 1342 totidem
2824 1287 3018 1341 animae
3055 1288 3286 1343 virtutes
3323 1285 3598 1342 exhibitus
3634 1300 3646 1335 :

2074 1398 2196 1454 quae
2235 1382 2322 1437 his
2373 1382 2616 1437 declarat
2660 1382 2802 1436 idem
2854 1380 3171 1451 Apostolus,
3220 1378 3398 1435 Orabo
3438 1380 3648 1447 spiritu,

2076 1470 2237 1525 orabo
2277 1480 2450 1523 autem
2481 1479 2530 1523 et
2566 1478 2775 1533 mente;
2810 1470 3041 1539 psallam
3077 1470 3303 1540 spiritu,
3335 1467 3563 1537 psallam
3601 1476 3650 1519 et

2075 1558 2324 1613 mente”.
2355 1557 2526 1623 Quasi
2562 1559 2771 1613 scilicet
2795 1574 2950 1615 mens
2982 1561 3143 1615 etiam
3176 1567 3357 1613 motus
3399 1573 3529 1613 suos
3554 1557 3653 1610 ha-

2074 1651 2222 1718 beat,
2263 1650 2462 1719 quibus
2493 1650 2675 1719 pulsat
2714 1665 2943 1720 corpus;
2978 1658 3030 1705 et
3080 1651 3306 1720 spiritus
3355 1649 3484 1703 item
3518 1663 3650 1720 pro.-

2074 1740 2224 1811 prios
2259 1739 2503 1794 obtineat
2532 1748 2736 1805 motus,
2774 1742 2974 1811 quibus
3009 1742 3245 1795 animam
3272 1749 3473 1797 movet.

380 1837 463 1905 τῷ
495 1840 803 1910 πνεύματι,
843 1837 1019 1909 ψαλῶ
1065 1838 1133 1891 δὲ
1183 1838 1279 1892 καί
1328 1836 1407 1903 τῷ
1462 1837 1588 1891 νοΐ·
1638 1834 1714 1898 ὡς
1752 1834 1845 1887 καὶ
1892 1832 1985 1885 τοῦ
2023 1830 2141 1893 νοὸς
2192 1829 2327 1892 ἰδίας
2366 1829 2580 1900 ἔχοντος
2630 1833 2891 1903 κινήσεις,
2938 1833 3006 1887 δι’
3051 1826 3127 1887 ὧν
3161 1832 3519 1913 ἀνακρούεται
3590 1834 3654 1889 τὸ

382 1935 563 2008 σῶμα,
600 1936 694 1990 καϊ
726 1936 819 1990 τοῦ
867 1934 1175 2006 πνεύματος
1210 1934 1370 1989 πάλιν
1402 1932 1628 1997 οἰκείας,
1663 1931 1729 1984 δι’
1757 1922 1831 1985 ὧν
1869 1928 1965 2000 τὴν
1992 1925 2167 1998 ψυχὴν
2201 1926 2430 1996 ἐνεργεῖ.

454 2053 572 2106 Ὅτι
596 2050 899 2120 εὔφρανας
924 2067 1021 2120 με,
1052 2051 1247 2118 Κύριε,
1282 2050 1352 2103 ἐν
1391 2047 1471 2113 τῷ
1506 2047 1790 2116 ποιήματι
1829 2061 1965 2109 σου,

2130 2039 2297 2095 Vrsas.
2336 2040 2389 2095 5.
2426 2039 2567 2106 Quia
2597 2040 2873 2096 delectasti
2915 2060 3035 2108 me,
3069 2041 3313 2109 Domine,
3350 2045 3407 2098 in
3438 2045 3652 2115 factus

379 2144 477 2199 καὶ
500 2144 571 2199 ἐν
590 2138 713 2211 τοῖς
740 2146 935 2212 ἔργοις
957 2142 1075 2196 τῶν
1100 2142 1314 2212 χειρῶν
1339 2157 1455 2196 σου
1497 2139 1961 2211 ἀγαλλιάσομαι.

390 2235 450 2289 '0
481 2236 678 2304 νοήσας
719 2234 816 2305 τὴν
860 2234 966 2286 ὑπὸ
1002 2232 1095 2287 τοῦ
1140 2232 1275 2285 Θεοῦ
1321 2231 1695 2303 πεποιημένην
1729 2229 1963 2301 ἡμέραν,

377 2328 507 2399 περὶ
541 2323 609 2400 ἧς
641 2326 878 2399 εἴρηται,
920 2327 1082 2393 Αὕτη
1133 2327 1171 2395 ἡ
1215 2324 1426 2395 ἡμέρα,
1470 2322 1551 2392 ἦν
1598 2324 1888 2390 ἐποίησεν
1933 2325 1966 2376 ὀ

377 2423 613 2491 Κύριος,
643 2421 1141 2492 ἀγαλλιασώμεθα
1184 2421 1282 2474 καί
1314 2418 1734 2489 εὐφρανθῶμεν
1758 2418 1827 2471 ἐν
1856 2419 1965 2471 αὺ-

378 2513 474 2583 τῇ,
520 2508 673 2577 οὗτος
722 2515 858 2585 ἐρεῖ,
898 2514 1018 2567 Ὅτι
1060 2512 1365 2582 εὔφρανας
1400 2530 1497 2581 με,
1534 2513 1737 2580 Κύριε,
1774 2510 1845 2564 ἐν
1886 2509 1967 2574 τῷ

375 2607 662 2677 ποιήματι
706 2621 842 2661 σου.
885 2606 1023 2659 Ἀλλ’
1056 2606 1242 2676 ἐπειδὴ
1296 2607 1422 2677 περὶ
1465 2605 1565 2674 τῆς
1610 2604 1822 2677 ἡμέρας
1870 2602 1964 2656 τοῦ

376 2700 659 2755 Σαϐϐάτω
702 2701 730 2752 ὁ
764 2698 955 2771 παρὼν
1000 2699 1212 2769 ψαλμὸς
1245 2698 1681 2771 προγέγραπται,
1711 2697 1967 2767 ζητήσεις

380 2791 499 2854 πῶς
546 2793 604 2846 ἐν
634 2791 816 2863 ἡμέρᾳ
859 2790 1139 2845 Σαόὁάτου
1183 2790 1491 2862 ηὐφράνθαι
1518 2787 1700 2856 λέγει,
1732 2788 1832 2841 οὐκ
1872 2787 1966 2841 ἐπὶ

376 2888 443 2956 τῇ
486 2884 827 2938 καταπαύσει
863 2883 958 2937 τοῦ
1002 2882 1159 2947 Θεοῦ,
1192 2883 1298 2936 οὐδ’
1334 2883 1427 2936 ἐπὶ
1464 2884 1530 2953 τῇ
1570 2881 1738 2954 ἀργίᾳ
1777 2879 1963 2945 αὐτοῦ,

376 2976 477 3039 ὠς.
502 2975 569 3030 ἂν
614 2975 934 3029 ὑπολάϐοιεν
984 2974 1247 3037 Ἰουδαῖοι,
1275 2973 1364 3027 διά
1400 2973 1461 3026 τὸ
1511 2975 1568 3025 ἐν
1612 2973 1750 3042 αὐτῇ
1796 2988 1965 3024 κατα-

377 3066 581 3121 παῦσαι
622 3068 731 3122 ἀπὸ
768 3069 986 3121 πάντων
1019 3066 1125 3120 τῶν
1164 3065 1339 3137 ἔργων
1379 3064 1566 3127 αὐτοῦ,
1603 3057 1677 3117 ὧν
1721 3062 1962 3134 ἐποίησε.

376 3158 488 3212 Καὶ
514 3158 618 3231 μὴν
644 3160 835 3229 ἐχρῆν,
866 3158 1023 3229 εἰπερ
1046 3158 1151 3229 ἄρα
1178 3159 1257 3231 εἰς
1280 3156 1340 3209 τὸ
1376 3156 1665 3210 Ἰουδαϊκὸν
1692 3155 1965 3209 Σάϐϐατον

376 3248 672 3319 ἀνεφέρετο
715 3250 783 3301 τά
826 3248 916 3301 διά
960 3247 1053 3300 τοῦ
1102 3246 1315 3317 ψαλμοῦ
1369 3246 1710 3317 δηλούμενα,
1764 3245 1856 3299 ἐπὶ
1898 3247 1964 3317 τῇ

379 3338 545 3409 σχολῇ
587 3336 683 3391 τοῦ
732 3336 889 3401 Θεοῦ,
931 3337 1027 3395 καὶ
1058 3340 1145 3408 τῇ,
1179 3336 1255 3399 ὡς
1297 3336 1363 3390 ἂν
1402 3337 1626 3401 εἴποιεν,
1662 3335 1966 3390 ἀναπαύσει

376 3430 472 3482 καὶ
522 3429 688 3500 ἀργίᾳ⁴
728 3429 893 3482 αὑτοῦ
931 3429 1240 3501 ηὐφράνθαι
1290 3428 1572 3496 λέγεσθαιο
1625 3430 1719 3482 νῦν
1764 3428 1820 3481 δέ
1868 3428 1965 3499 οὐχ

375 3517 521 3573 οὕτω
550 3520 735 3590 φησὶν,
772 3519 885 3572 ἀλλ’
918 3520 1236 3589 Εὐφρανάς
1258 3537 1357 3589 με,
1380 3521 1573 3587 Κύριε,
1596 3520 1666 3574 ἐν
1687 3520 1768 3586 τῷ
1795 3520 1957 3587 ποιήι

370 3610 517 3680 ματί
558 3626 697 3675 σου,
750 3612 850 3665 καὶ
906 3610 975 3664 ἐν
1018 3611 1142 3678 τοῖς
1187 3610 1385 3681 ἔργοις
1434 3610 1551 3664 τῶν
1592 3611 1806 3680 χειρῶν
1848 3628 1963 3665 σου

374 3702 840 3773 ἀγαλλιάσομαι,
877 3703 1133 3774 ἄντικρυς
1171 3701 1444 3774 παριστὰς
1492 3702 1634 3765 ἰδίως
1681 3702 1779 3772 μὲν
1823 3705 1962 3755 νοεῖ-

377 3795 501 3849 σθαι
532 3794 593 3848 τὸ
626 3794 855 3866 ποίημα,
888 3796 981 3849 καὶ
1008 3796 1167 3849 πάλιν
1200 3796 1347 3859 ἰδίως
1376 3793 1444 3847 τά
1465 3794 1603 3866 ἔργα
1626 3795 1733 3847 τῶν
1765 3794 1962 3864 χειρῶν

374 3884 469 3937 τοῦ
494 3884 651 3948 Θεοῦ,
682 3886 766 3954 ἐφ’
808 3881 888 3949 οἷς
927 3885 1235 3957 ηὐφράνθαι
1284 3885 1554 3956 ὁμολογεῖ,
1582 3884 1696 3938 ἀλλ’
1730 3886 1830 3938 οὐκ
1870 3885 1963 3936 ἐπὶ

375 3975 442 4045 τῇ
490 3974 676 4046 ἀργίᾳ.
716 3974 818 4044 Είη
862 3974 906 4026 δ’
959 3975 1024 4029 ἂν
1078 3974 1288 4046 ποίημα
1331 3974 1429 4045 μὲν
1474 3974 1597 4027 καθ’
1632 3974 1730 4027 ἐνα
1763 3974 1963 4045 τρόπον

375 4062 514 4136 αὕτη
546 4066 579 4135 ἡ
618 4065 820 4138 ἡμέρα,
855 4068 983 4138 περί
1014 4062 1081 4139 ἧς
1118 4065 1361 4138 εἴρηται·
1392 4066 1554 4133 Αὕτη
1588 4066 1627 4133 ἠ
1662 4065 1851 4136 ἡμέρα
1884 4064 1963 4133 ἢν

375 4154 665 4223 ἐποίησεν
702 4160 734 4211 ό
764 4159 999 4225 Κύριος,
1030 4157 1529 4227 ἀγαλλιασώμεθα
1571 4157 1667 4211 καὶ
1709 4159 1963 4226 εὐφραν-

377 4245 571 4315 θῶμεν
596 4248 666 4301 ἐν
688 4246 843 4316 αὐτῇ
861 4264 874 4277 ⁸
917 4248 1066 4320 δηλοῖ
1096 4250 1152 4302 δὲ
1182 4248 1278 4321 τὴν
1311 4250 1680 4321 ἀναπάσιμον
1729 4250 1821 4302 καὶ
1847 4252 1961 4302 Κυ-

378 4337 575 4409 ριακὴν
616 4338 847 4409 ἡμέραν,
891 4339 966 4402 ὡς
1016 4341 1072 4391 ἐν
1109 4339 1314 4411 ἑτέροις
1362 4340 1755 4405 ἀποδεικτικῶς
1792 4358 1951 4412 παρε-

378 4431 687 4501 στήσαμεν,
741 4430 809 4485 τά
859 4430 966 4483 ἀπὸ
1014 4430 1111 4499 τῆς
1158 4432 1512 4503 κοσμοποιίας
1570 4432 1959 4504 παραθέμενοι,

374 4520 497 4574 καθ’
536 4521 602 4592 ἢν
646 4524 673 4575 ὁ
718 4522 979 4592 Μωῦσῆςσ
1021 4522 1116 4572 Ἐν
1152 4521 1332 4591 ἀρχῇ,
1374 4524 1557 4595 φησὶν,
1605 4526 1897 4595 ἐποίησεν
1929 4527 1963 4578 ό

376 4614 523 4681 Θεὸς
548 4614 655 4667 τὸν
683 4614 945 4683 οἰφανὸν
968 4614 1065 4667 καὶ
1096 4614 1210 4682 τὴν
1239 4613 1385 4683 τῆν’
1418 4616 1512 4668 καὶ
1554 4616 1814 4686 ἐπιλέγει,
1853 4619 1961 4670 Γε-

373 4703 617 4773 νηθήτω
651 4703 797 4773 φῶς,
845 4702 946 4758 καὶ
988 4702 1227 4773 ἐγένετο
1270 4702 1429 4772 δρῶς’
1480 4704 1579 4757 καὶ
1607 4705 1902 4758 ἐκάλεσεν
1929 4708 1961 4759 ὁ

376 4794 521 4861 Θεὸς
563 4796 627 4848 τὸ
670 4793 795 4863 φῶς
834 4793 1084 4864 ἡμέραν.
1114 4794 1277 4865 Ὀρᾷς
1324 4793 1436 4865 γάρ
1472 4794 1547 4857 ὡς
1589 4794 1739 4847 οὐδὲν
1776 4795 1963 4867 ἕτερον

372 4888 433 4940 ἐν
476 4886 649 4959 ταύτῃ
676 4887 884 4955 γίνεται
931 4886 1343 4959 δημιούργημα,
1388 4887 1501 4940 ἀλλ’
1548 4887 1685 4959 αὕτη
1745 4888 1880 4959 μόνη
1929 4891 1963 4961 ἡ

371 4977 587 5049 ἡμέρα,
611 4977 685 5042 ὡς
716 4978 1045 5050 ἐφαρμόζειν
1071 4980 1208 5051 αὐτῇ
1239 4980 1299 5033 τὸ
1329 4980 1537 5050 φάσκον
1568 4978 1767 5049 λόγιον,
1804 4981 1962 5049 Αὕτη

370 5065 411 5133 ἡ
440 5063 633 5134 ἡμέρα
658 5064 737 5133 ἣν
760 5066 1050 5134 ἐποίησεν
1078 5070 1110 5121 ό
1138 5070 1371 5136 Κύριος.
1419 5069 1555 5122 Οὐδὲ
1600 5069 1709 5140 γὰρ
1752 5069 1878 5124 ἄλλο
1911 5088 1961 5122 τι

370 5156 486 5210 ἀλλ’
517 5156 689 5227 αὐτὴν
731 5156 828 5227 τὴν
867 5159 1080 5229 ἡμέραν
1123 5160 1395 5231 ἐποίησεν,
1438 5162 1561 5233 ἣτις
1595 5158 1663 5233 ἦν
1705 5165 1737 5234 ἡ
1770 5161 1959 5232 πρώτη

372 5247 650 5320 Κυριακὴ,
678 5248 806 5322 περὶ
830 5242 896 5320 ἦς
928 5251 1022 5304 καὶ
1043 5250 1137 5304 νῦν
1172 5250 1426 5321 λέγεσθαι
1460 5254 1541 5317 τὺ,
1574 5255 1693 5308 Ὅτι
1733 5255 1961 5323 ηὔφρα-

371 5338 487 5406 sedc
517 5357 615 5409 με,
637 5342 833 5408 Κύριε,
862 5342 932 5396 ἐν
959 5341 1039 5408 τῷ
1073 5344 1355 5414 ποιήματι
1393 5361 1540 5400 σου’
1578 5346 1714 5419 ἔργα
1759 5347 1815 5401 δὲ
1848 5364 1961 5418 χει-

377 5431 486 5501 ρῶν
512 5432 677 5485 αὺτοῦ
706 5432 775 5487 τά
795 5435 853 5487 ἐν
876 5435 995 5497 ταῖς
1022 5434 1159 5505 μετά
1180 5435 1352 5489 ταῦτα
1375 5438 1609 5508 ἡμέραις
1635 5438 1960 5508 γεγενῆσθαι

370 5521 859 5594 ἀναγεγραμμένα.
896 5524 1053 5578 Κατὰ
1088 5525 1147 5578 δὲ
1188 5525 1373 5597 ἕτερον
1406 5528 1606 5599 τρόπον
1639 5529 1855 5602 λεχθείη
1895 5530 1960 5584 ἂν

374 5614 588 5684 ποίημα
617 5614 715 5685 μὲν
753 5614 822 5668 τά
863 5616 1027 5687 νοητά
1070 5617 1164 5670 καὶ
1206 5616 1397 5686 λογικά
1440 5619 1532 5672 καὶ
1569 5619 1837 5691 ἀσώματα
1864 5621 1958 5673 τοῦ

2069 2144 2182 2198 ιιια,
2222 2141 2272 2186 et
2303 2133 2361 2186 in
2393 2133 2633 2201 operibus
2677 2151 2927 2187 manuum
2962 2143 3177 2188 tuarum
3217 2136 3516 2194 exsultabo.
3548 2139 3652 2205 Qui

2067 2226 2211 2282 diem
2244 2241 2275 2279 a
2321 2223 2556 2281 Domino
2597 2225 2797 2281 factam
2852 2226 3139 2293 intellexit,
3178 2228 3246 2283 de
3287 2244 3394 2299 qua
3441 2229 3648 2285 dictum

2068 2325 2171 2381 est,
2206 2316 2336 2370 Hcce
2369 2315 2502 2382 dies,
2547 2333 2705 2387 quam
2738 2316 2861 2385 fecit
2909 2316 3189 2383 Dominus,
3240 2320 3561 2375 exsultemus
3599 2330 3650 2376 et

2069 2413 2308 2468 lwtemur
2337 2413 2393 2466 in
2424 2412 2567 2479 ea“,
2600 2411 2690 2467 hic
2713 2412 2877 2475 dicet,
2912 2411 3052 2479 Quia
3083 2412 3361 2467 delectasti
3406 2431 3506 2477 me,
3540 2414 3660 2467 Deo.

2068 2506 2227 2570 mine,
2259 2507 2314 2559 in
2349 2507 2565 2575 factura
2597 2514 2710 2558 tua.
2749 2504 2857 2559 Sed
2888 2505 3147 2575 quoniam
3188 2504 3256 2559 de
3292 2506 3379 2560 die
3423 2504 3669 2561 Sabbati-

2068 2598 2157 2652 hic
2182 2599 2426 2668 psalmus
2467 2598 2766 2667 inscriptus
2796 2604 2901 2662 est,
2931 2611 3148 2666 quteras
3170 2612 3271 2650 cur
3297 2596 3352 2650 in
3391 2597 3478 2652 die
3508 2596 3667 2652 Sabt-

2067 2689 2182 2745 bati
2218 2704 2277 2745 se
2325 2690 2657 2745 delectatum
2705 2703 2830 2753 esse
2877 2688 3045 2754 dicat,
3077 2702 3186 2741 non
3222 2687 3288 2743 de
3318 2686 3413 2743 Dei
3437 2690 3648 2761 requie,

2067 2796 2249 2851 neque
2277 2780 2345 2837 de
2374 2784 2494 2851 ejus
2527 2779 2855 2844 cessatione,
2884 2786 2943 2833 ut
2973 2776 3143 2833 Judzei
3177 2780 3651 2850 opinentur,'quia

2069 2874 2123 2928 in
2176 2873 2297 2943 ipso
2336 2874 2572 2929 cessavit
2605 2873 2675 2928 ab
2723 2874 2980 2931 omnibus
3029 2878 3287 2949 Operibus
3342 2879 3479 2941 suis,
3527 2892 3651 2948 quae

2070 2963 2219 3020 fecit.
2256 2964 2325 3017 Et
2352 2980 2482 3019 vero
2511 2965 2560 3020 si
2586 2980 2649 3020 ea
2678 2982 2800 3036 quae
2828 2969 2885 3022 in
2932 2969 3144 3040 psalmo
3169 2968 3421 3025 feruntur
3461 2969 3651 3024 Judai-

2069 3069 2194 3109 cum
2225 3052 2525 3109 Sabbatum
2551 3057 2907 3127 respicerent,
2930 3066 3208 3129 oporteret
3241 3061 3445 3117 dixisse
3470 3061 3646 3125 illum,

2069 3161 2129 3200 se
2150 3145 2217 3201 de
2265 3146 2379 3200 otio
2411 3144 2529 3209 Dei,
2567 3156 2752 3217 atque,
2787 3156 2847 3202 ut
2882 3148 2956 3203 ita
2994 3149 3201 3215 dicant,
3234 3150 3301 3207 de
3341 3152 3652 3207 cessatione

2070 3238 2139 3292 ab
2185 3237 2443 3307 operibus
2482 3237 2809 3294 delectatum
2837 3255 2960 3295 esse
2990 3256 3002 3293 :
3043 3250 3098 3295 at
3127 3258 3237 3297 non
3274 3243 3349 3296 ita
3384 3242 3648 3313 loquitur.

2071 3328 2166 3384 sed
2192 3328 2288 3391 ait,
2327 3326 2616 3383 Delectasti
2666 3348 2767 3396 me,
2810 3330 3054 3395 Domine,
3089 3334 3143 3386 in
3196 3333 3407 3402 factura
3448 3343 3561 3400 tua,
3597 3341 3650 3389 et

1994 3403 2038 3465 Ο
2070 3423 2123 3475 in
2164 3420 2407 3486 operibus
2440 3438 2694 3476 manuum
2731 3432 2946 3477 tuarum
2988 3426 3287 3493 exsultabo,
3326 3436 3510 3496 aperte
3555 3427 3651 3481 de-

2071 3514 2287 3568 clarans
2339 3514 2572 3569 seorsim
2620 3514 2913 3581 facturam,
2959 3530 3024 3571 ac
3060 3518 3290 3572 seorsim
3322 3532 3489 3587 opera
3531 3532 3650 3571 ma-

2067 3621 2236 3659 nuum
2268 3605 2363 3660 Dei
2405 3606 2662 3672 indicari,
2700 3607 2756 3661 in
2788 3607 2989 3678 quibus
3036 3623 3097 3663 se
3144 3607 3472 3663 delectatum
3526 3625 3653 3667 esse

2065 3698 2379 3763 conﬁtetur,
2416 3699 2512 3753 sed
2542 3714 2649 3753 non
2713 3701 2769 3754 in
2817 3699 3146 3755 cessatione.
3197 3699 3432 3754 Factura
3465 3710 3650 3756 autem

2066 3789 2249 3859 aliquo
2303 3790 2466 3845 modo
2514 3788 2678 3844 fuerit
2707 3790 2824 3860 ipsa
2862 3791 3001 3856 dies,
3028 3791 3097 3845 de
3126 3806 3234 3859 qua
3268 3791 3475 3845 dictum
3518 3801 3646 3847 est:

2068 3879 2200 3935 Haec
2222 3880 2351 3946 dies,
2385 3898 2545 3951 quam
2594 3882 2715 3951 fecit
2749 3881 3027 3948 Dominus,
3069 3884 3390 3937 exsultemus
3420 3893 3470 3936 et
3502 3884 3650 3938 laue-

2067 3992 2187 4027 mur
2216 3976 2271 4028 in
2305 3992 2388 4028 ea.
2418 3973 2702 4046 Signiﬁcat
2735 3992 2865 4032 vero
2900 3977 3330 4032 resurrectionis
3364 3977 3506 4031 diem
3536 3976 3656 4031 Do-l

2065 4066 2346 4130 minicam,
2374 4074 2434 4121 ut
2480 4067 2604 4122 aliis
2646 4068 2701 4121 in
2739 4068 2878 4123 locis
2918 4076 3105 4138 aperte
3144 4069 3648 4138 comprobavimus,

2065 4157 2195 4212 dum
2222 4174 2342 4229 quae
2368 4158 2438 4213 ad
2468 4158 2656 4214 mundi
2686 4160 3018 4215 creationem
3066 4168 3316 4231 spectant
3346 4162 3648 4231 explieare«

2066 4264 2222 4305 mus:
2250 4249 2316 4304 de
2340 4265 2447 4321 qua
2482 4250 2621 4305 dixit
2660 4250 2874 4323 Moyses
2902 4269 2916 4307 :
2940 4252 3006 4306 In
3050 4253 3308 4323 principio
3341 4254 3463 4321 fecit
3506 4252 3647 4307 Deus

2064 4340 2250 4393 caelum
2272 4349 2323 4393 et
2359 4349 2555 4394 terram
2574 4340 2652 4407 ¹²;
2711 4356 2775 4396 ac
2816 4341 3233 4412 subjicit,‘Fiat
3267 4344 3381 4406 lux,
3424 4353 3474 4397 et
3501 4342 3649 4411 facta

2062 4438 2139 4482 est
2167 4429 2361 4483 lux:et
2391 4430 2670 4500 appellavit
2695 4432 2834 4486 Deus
2856 4432 3043 4499 lucem,
3072 4433 3208 4487 diem
3229 4434 3291 4486 ³⁵.
3313 4432 3477 4487 Vides
3499 4433 3645 4487 enim

2065 4520 2279 4574 nullum
2313 4521 2460 4575 aliud
2476 4522 2751 4592 opiﬁcium
2780 4539 2843 4577 ea
2861 4522 2949 4578 die
2970 4523 3108 4577 elﬁci
3141 4523 3247 4578 nisi
3280 4523 3450 4579 solam
3475 4522 3643 4585 diem,

2066 4612 2142 4666 ita
2176 4620 2235 4666 ut
2283 4613 2361 4667 illi
2414 4612 2519 4667 hoc
2553 4614 2759 4668 dictum
2808 4615 2977 4684 probe
3005 4615 3316 4678 conveniat,
3353 4613 3480 4669 Ηωε
3508 4614 3641 4679 dies,

2066 4722 2225 4777 quam
2253 4706 2378 4774 fecit
2407 4706 2688 4760 Dominus.
2715 4705 2862 4760 Nihil
2894 4708 3094 4777 quippe
3146 4706 3292 4760 aliud
3329 4713 3526 4775 praeter
3561 4706 3645 4775 ip-

2069 4814 2183 4853 sam
2218 4798 2359 4853 diem
2401 4798 2663 4863 condidit,
2699 4813 2819 4867 quae
2864 4805 2983 4852 erat
3021 4797 3198 4867 prima
3243 4795 3548 4861 Dominica,
3577 4798 3644 4851 de

2068 4906 2173 4960 qua
2216 4905 2365 4944 nunc
2396 4890 2619 4951 dicitur,
2670 4889 2809 4954 Quia
2849 4888 3123 4941 delectasti
3166 4904 3267 4952 me,
3308 4888 3554 4953 Domine,
3588 4891 3644 4943 in

2065 4983 2431 5050 facturatua:
2473 4998 2639 5052 opera
2672 4990 2852 5035 autem
2909 4994 3169 5033 manuum
3202 4979 3324 5049 ejus
3363 4994 3426 5034 ea
3485 4989 3639 5046 sunt,

2064 5089 2185 5145 qua:
2218 5074 2576 5143 sequentibus
2600 5073 2792 5128 diebus
2820 5073 2963 5126 facta
2989 5072 3327 5126 scribuntur.
3360 5071 3482 5133 Alio
3513 5074 3649 5129 item

2066 5165 2230 5221 modo
2272 5165 2485 5220 factura
2520 5165 2779 5220 dicantur
2820 5163 3097 5218 intellectu
3128 5162 3374 5232 prmdita,
3402 5164 3644 5219 rationa-

2062 5256 2193 5311 bilia
2223 5264 2276 5310 et
2302 5256 2629 5325 incorporea
2674 5254 2768 5309 Dei
2797 5254 3036 5323 opiﬁcia,
3070 5269 3176 5322 qua
3220 5255 3431 5309 ratione
3458 5255 3641 5307 anima

2065 5346 2132 5401 ad
2161 5346 2453 5417 imaginem
2488 5344 2584 5399 Dei
2614 5345 2756 5400 facta
2784 5360 2907 5400 esse
2937 5344 3145 5414 scripto
3173 5346 3445 5410 traditur;
3474 5359 3643 5415 opera

2062 5453 2193 5494 vero
2215 5454 2477 5492 manuum
2511 5438 2655 5507 ejus,
2674 5437 2959 5493 sensibilia
2988 5444 3041 5490 et
3072 5452 3335 5506 corporea
3359 5438 3480 5508 ejus
3508 5452 3642 5506 ope-

2063 5545 2145 5597 ra,
2188 5530 2255 5585 de
2297 5529 2495 5599 quibus
2536 5530 2743 5586 dictum
2781 5537 2885 5595 est,
2929 5529 3194 5595 Quoniam
3233 5528 3412 5583 videbo
3459 5529 3645 5594 artos,

2066 5636 2225 5690 opera
2270 5626 2556 5691 digitorum
2594 5629 2825 5685 tuorum,
2870 5621 3054 5673 lunam
3092 5630 3141 5674 et
3184 5624 3388 5689 stellas,
3422 5633 3643 5693 quarm

384 5850 387 5855 Α
445 5770 466 5803 ⁸
506 5767 705 5841 Ephes.
748 5787 802 5839 v,
840 5772 928 5829 l9.
1008 5774 1048 5806 ⁸ο
1092 5772 1113 5827 l
1146 5774 1273 5831 Cor.
1310 5789 1422 5844 le,
1460 5775 1547 5832 l5.
1628 5777 1673 5809 ”
1710 5775 1857 5834 Psal.
1894 5790 1961 5831 cx

2067 5776 2207 5841 ,ει
2290 5776 2332 5809 ¹¹
2371 5774 2503 5833 Gen.
2546 5791 2600 5842 ι,
2642 5776 2690 5831 l.
2774 5775 2813 5807 ⁸³
2854 5773 2982 5830 ibid.
3024 5775 3091 5843 '5,
3123 5774 3158 5829 5
