4068 6404
420 353 559 408 ητις

1124 349 1395 408 EUSEBII
1432 347 1912 409 CESARIENSIS
1946 351 2095 410 OPP.
2134 351 2314 408 PARS
2352 350 2437 407 Ill.
2477 381 2547 391 —
2586 343 2999 403 EXEGET‘tCA.

3526 350 3688 407 Ητῦ

414 470 652 529 fundasti
666 468 728 523 ιδ.
762 466 926 523 Docet
965 467 1135 538 igitur
1178 467 1294 523 haec
1330 466 1635 539 Scriptura,
1670 469 1726 523 in
1759 470 1875 525 otio
1902 470 1984 526 di-

2089 469 2225 523 Θεοῦ
2258 470 2553 540 κτίσματα,
2581 466 2699 521 καθ’
2740 465 2769 517 δ
2813 464 2907 518 καὶ
2944 466 2977 535 ὴ
3027 465 3148 516 κατ’
3180 462 3363 516 εἰκόνα
3404 462 3495 517 τοῦ
3533 462 3680 518 Θεοῦ

413 563 663 619 vinarum
711 561 1187 624 exercitationum,
1224 561 1391 631 inque
1428 563 1736 618 cessatione
1772 578 1801 616 a
1855 578 1982 619 cor-

412 656 591 725 porcis
621 662 675 709 et
710 652 1034 707 mortalibus
1080 652 1359 722 operibus,
1394 668 1556 723 quam
1604 652 1901 708 Sabbatum
1933 662 1989 709 et

411 746 653 815 requiem
717 742 1000 813 Scriptura
1055 754 1233 809 vocat,
1269 760 1364 799 eos
1398 745 1491 814 qui
1537 746 1986 815 contemplationi

410 837 780 907 spiritualium
821 837 984 891 simul
1014 844 1067 890 ct
1108 836 1447 891 sensibilium
1480 836 1574 892 Dei
1614 853 1839 907 operum
1889 856 1982 891 va-

412 937 554 993 cant,
579 930 781 993 dicere,
803 929 943 995 Quia
970 928 1244 982 delectasti
1272 945 1373 990 me,
1414 929 1657 992 Domine,
1688 930 1741 982 in
1770 930 1984 998 [actura

390 995 522 1084 Etua,
552 1021 674 1074 etin
702 1021 941 1088 operibus
979 1037 1229 1074 manuum
1257 1031 1469 1073 tuarum
1496 1021 1775 1075 exsultabo
1810 1037 1827 1074 :
1859 1038 1981 1076 naut

411 1127 470 1165 ex
510 1112 871 1182 magnitudine
914 1121 964 1165 et
1009 1112 1401 1181 pulchritudine
1452 1126 1820 1166 creaturarum
1860 1128 1984 1181 pro-

409 1204 645 1270 portione
666 1203 897 1274 quadam
916 1205 1091 1274 opifex
1115 1220 1298 1258 earum
1328 1206 1651 1274 conspicitur
1675 1206 1719 1237 ¹⁵
1743 1223 1754 1256 :
1784 1220 1847 1259 ac
1872 1206 1983 1275 spi-

410 1294 649 1358 ritualia,
704 1295 1024 1365 incorporea
1074 1304 1128 1351 et
1161 1296 1429 1359 cmlcstia,
1476 1312 1690 1351 necnon
1739 1297 1977 1351 visibilia

408 1382 549 1454 ejus,
583 1397 614 1437 a
652 1384 928 1440 creatione
959 1385 1146 1439 mundi
1170 1386 1428 1455 operibus
1460 1386 1732 1441 intellecta
1758 1386 1979 1456 conspi-

409 1474 649 1537 ciuntur,
684 1475 987 1529 secundum
1017 1483 1268 1530 sanctum
1296 1476 1615 1545 Apostolum
1635 1477 1697 1529 ".

2090 562 2429 631 γεγενημένη
2473 558 2616 629 ψυχὴ
2663 556 2991 626 πεποιῆσθαι
3036 554 3478 624 ἀναγέγραπται’
3533 554 3683 627 ἔργα.

2088 649 2387 723 δὲ-χειρῶν
2442 650 2605 703 αὐτοῦ
2651 649 2720 703 τά
2767 646 2999 718 αἰσθητά
3040 648 3133 700 καὶ
3178 647 3462 717 σωματικά
3507 646 3683 701 αὐτοῦ

2090 740 2566 811 δημιουργήματα,
2591 739 2718 809 περ.
2748 731 2823 792 ὧν
2852 735 3093 807 εἴρηταιο
3131 736 3253 789 Ὅτι
3284 736 3499 805 ὄψομαι
3529 754 3681 803 τους

2091 830 2408 898 οὐρανοὺς,
2433 831 2577 900 ἔργα
2614 830 2732 882 τῶν
2764 828 3081 884 δακτύλων
3100 841 3238 891 σου,
3278 826 3550 893 σελήνην
3574 829 3679 881 καὶ

2090 921 2381 989 ἀστέρας,
2425 920 2465 975 d
2519 921 2600 974 σὺ
2645 920 3061 989 ἐθεμελίωσας.
3114 918 3368 974 Διδάσκει
3419 918 3677 989 τοίνυν-ἠ

2094 1013 2232 1082 μετὰ
2265 1015 2451 1083 χεῖρας
2494 1010 2705 1083 Γραφὴ,
2740 1012 2797 1063 ὲν
2838 1012 2903 1081 τῇ
2950 1009 3111 1080 σχολῇ
3157 1008 3267 1061 τῶν
3302 1007 3461 1061 θείων
3506 1010 3683 1074 ἀσκή-

2092 1121 2250 1169 σεων,
2275 1106 2369 1157 καὶ
2391 1106 2457 1174 τῇ
2480 1104 2589 1156 τῶν
2611 1102 2938 1173 σωματικῶν
2972 1102 3063 1154 καὶ
3089 1101 3295 1171 θνητῶν
3321 1100 3497 1171 ἔργων
3515 1102 3668 1168 ἀσχο-

2089 1196 2179 1267 λίᾳ
2211 1213 2270 1248 τε
2315 1198 2409 1249 καὶ
2440 1196 2627 1269 ἀργίᾳ,
2663 1197 2731 1265 ἦν
2774 1212 2894 1247 τινα
2933 1194 3207 1248 Σάδδατον
3236 1193 3331 1247 καὶ
3376 1194 3681 1247 ἀνάπαυσιν

2084 1292 2112 1342 ὁ
2141 1289 2296 1357 λόγος
2322 1288 2602 1353 ἀποκαλεῖ,
2641 1290 2700 1341 ὲν
2725 1290 2791 1359 τῇ
2816 1287 3019 1359 θεωρίᾳ
3056 1287 3163 1339 τῶν
3204 1303 3265 1338 τε
3301 1285 3505 1357 νοητῶν
3541 1284 3691 1354 ὀμοῦι

2086 1383 2179 1435 καὶ
2196 1381 2305 1434 τῶν
2328 1380 2610 1450 αἰσθητων
2626 1379 2803 1451 ἐργῶν
2819 1379 2914 1432 τοῦ
2933 1378 3065 1432 Θεοῦ
3087 1376 3445 1448 σχολάζοντας
3476 1376 3678 1444 λέγειν’

2086 1476 2205 1529 ’Ότι
2245 1472 2563 1543 ωὔφρανάς
2608 1490 2705 1542 με,
2747 1472 2945 1539 Κύριε,
2977 1471 3046 1523 ἐν
3089 1469 3171 1535 τῷ
3207 1467 3492 1537 ποιήματι
3534 1483 3679 1529 σου,

409 1580 505 1621 και
529 1569 601 1621 ἐν
629 1568 751 1634 τοῖς
779 1569 975 1639 ἔργοις
1012 1569 1131 1623 τῶν
1161 1569 1375 1639 χειρῶν
1394 1587 1509 1624 σου
1531 1570 1992 1641 ἁγαλλιάσομαι,
2020 1572 2088 1625 ἐκ
2110 1570 2400 1640 μεγέθους
2422 1569 2531 1639 γὰρ
2557 1568 2657 1621 καὶ
2678 1565 2986 1636 καλλονῆς
3012 1564 3351 1633 κτισμάτων
3374 1564 3679 1632 ἀναλόγως

408 1674 439 1725 δ
467 1664 882 1732 γενεσιοιφγός
916 1662 1116 1719 αὐτῶν
1160 1668 1482 1735 θεωρεῖται·
1511 1669 1604 1721 καὶ
1634 1666 1702 1720 τά
1730 1667 1896 1737 νοητά
1917 1668 1973 1721 δὲ
2018 1670 2111 1722 καὶ
2138 1669 2403 1738 ἀσώματα
2425 1668 2519 1720 καὶ⁸
2560 1665 2925 1736 ὑπερκόσμια,
2953 1664 3023 1717 τά
3057 1680 3117 1716 τε
3153 1662 3325 1733 ὁρατά
3374 1659 3539 1715 αὑτοῦ
3574 1660 3682 1714 ἀπὸ

408 1757 633 1819 κτίσεως
679 1756 880 1826 κόσμου
922 1760 1031 1821 τοῖς
1076 1760 1343 1831 ποιήμασι
1393 1759 1656 1831 νοούμενα
1707 1760 2026 1832 καθορᾶται,
2078 1760 2220 1814 κατά
2275 1761 2366 1839 τον
2424 1760 2567 1830 ἱερὸν
2616 1758 2957 1812 Ἀπόστολον.

480 1871 652 1926 Vens.
685 1871 818 1937 6,7.
862 1874 1036 1939 Quam
1091 1876 1433 1945 magniﬁcata
1482 1887 1605 1931 sunt
1661 1895 1819 1948 opera
1869 1890 1983 1943 tua,

2171 1880 2266 1946 Ὠς
2293 1880 2668 1949 ἐμεγαλύνθη
2710 1877 2781 1931 τὰ
2828 1876 2974 1946 ἔργα
3023 1891 3161 1940 σου,
3203 1875 3401 1942 Κύριε,
3448 1872 3683 1941 σφόδρα

408 1964 665 2018 Domine!
691 1966 847 2019 nimis
870 1967 1149 2035 profunda:
1175 1968 1331 2036 facta:
1346 1980 1464 2022 sunt
1486 1972 1830 2039 cogitationes
1857 1982 1986 2028 tuae.

2096 1972 2518 2037 ἐϐαθύνθησαν
2557 1973 2611 2022 οὶ
2660 1968 3040 2037 διαλογισμοί
3078 1982 3215 2021 σου.
3258 1965 3429 2034 Ἀνὴρ
3480 1964 3683 2033 ἄφρων

414 2052 511 2107 Vir
533 2055 788 2123 insipiens
816 2072 919 2109 non
944 2067 1242 2126 cognoscet,
1283 2069 1332 2112 et
1367 2061 1563 2113 stultus
1595 2077 1699 2114 non
1743 2062 1984 2132 intelliget

2096 2065 2169 2115 οὐ
2207 2061 2517 2131 γνώσεται,
2560 2059 2657 2112 καὶ
2705 2059 2999 2124 ἀσύνετος
3052 2059 3124 2111 οὐ
3169 2054 3430 2121 συνήσει
3472 2054 3681 2108 ταῦτα.

406 2144 536 2198 ἠως.
570 2145 675 2207 Me,
704 2146 902 2217 inquit,
936 2147 1234 2212 deiectasti,
1270 2148 1513 2213 Domine,
1546 2151 1601 2204 in
1632 2151 1845 2221 factura
1878 2163 1990 2218 tua,

404 2247 451 2289 et
484 2238 539 2290 in
568 2237 813 2307 operibus
848 2254 1101 2291 manuum
1127 2249 1378 2305 tuarum;
1415 2242 1507 2296 sed
1551 2258 1662 2297 non
1691 2246 1870 2314 quivis
1892 2244 1993 2299 ho-

404 2343 495 2381 mo
523 2329 641 2397 pari
683 2335 848 2397 atque
879 2343 980 2398 ego
1011 2329 1176 2385 modo
1216 2331 1443 2388 aﬂ'ectus
1496 2342 1601 2389 est.
1647 2335 1799 2390 Multi
1832 2352 1985 2391 nam-

405 2435 514 2489 que
539 2419 865 2489 insipientes
880 2428 934 2474 et
957 2420 1337 2492 imprudentes
1353 2434 1502 2488 sunt,
1534 2426 1627 2495 qui
1658 2440 1759 2481 nec
1786 2437 1991 2483 norunt

405 2524 507 2564 nec
541 2510 854 2581 intelligunt
888 2527 973 2577 ea,
1007 2513 1061 2565 in
1090 2513 1289 2582 quibus
1322 2529 1408 2568 me
1436 2514 1697 2569 delectari
1726 2523 1781 2571 et
1809 2518 1991 2571 exsul-

406 2609 526 2653 tare
572 2599 858 2654 conllteor.
902 2600 1271 2668 Quamobrem
1323 2604 1415 2673 qui
1462 2619 1587 2660 vere
1637 2606 1905 2676 insipiens
1934 2617 1989 2663 et

404 2693 610 2748 sutltus
661 2702 767 2756 est,
814 2692 910 2747 Dei
960 2695 1303 2764 providentia
1346 2706 1399 2750 et
1452 2698 1621 2752 verbo
1668 2702 1986 2755 universum

404 2785 725 2841 constitisse
772 2794 971 2856 negat;
1004 2787 1098 2841 sed
1151 2788 1263 2842 fato
1296 2799 1350 2844 et
1390 2790 1728 2854 necessitati,
1759 2792 1985 2848 insano-

402 2892 512 2947 que
552 2876 770 2931 cuidam
810 2878 999 2931 cursui
1044 2892 1108 2931 ac
1156 2876 1393 2933 fortunae
1441 2888 1592 2935 tanta
1632 2879 1728 2935 Dei
1767 2881 1984 2952 opiﬁcia

406 2970 651 3026 ascribit.
690 2968 889 3024 Verum
925 2970 1111 3036 etiam,
1158 2979 1214 3025 ut
1246 2971 1495 3035 insanus,
1522 2972 1580 3027 in
1612 2973 1853 3029 universi
1884 2974 1980 3029 ad-

2109 2152 2266 2223 Ἐμὲ,
2310 2152 2494 2223 φησὶν,
2517 2152 2847 2219 ηὔφρανας,
2878 2144 2925 2202 ὦ
2945 2149 3145 2216 Κύριε,
3185 2148 3256 2200 ἐν
3296 2146 3376 2212 τῷ
3399 2145 3686 2214 ποιήματι

2093 2264 2230 2309 σου,
2256 2246 2354 2299 καὶ
2374 2246 2444 2298 ἐν
2464 2245 2588 2309 τοῖς
2611 2243 2805 2312 ἔργοις
2827 2240 2943 2295 τῶν
2962 2239 3177 2309 χειρῶν
3190 2255 3307 2293 σου
3325 2256 3338 2269 ·
3357 2238 3471 2292 ἀλλ’
3497 2238 3558 2290 οὐ
3584 2238 3685 2292 καὶ

2093 2340 2201 2402 πᾶς
2226 2337 2363 2408 ἀνὴρ
2389 2336 2489 2408 τὴν
2516 2334 2684 2405 αὐτὴν
2725 2334 2847 2404 ἐμοὶ
2874 2333 3031 2404 φέρει
3062 2332 3319 2385 διάθεσιν.
3358 2330 3551 2383 Πολλοὶ
3572 2329 3685 2400 γάρ

2091 2432 2227 2483 εἰσιν
2257 2428 2489 2501 ἄφρονες
2510 2428 2603 2481 καὶ
2623 2425 2890 2490 ἀσύνετοι,
2918 2425 2978 2477 οὐ
3004 2422 3383 2492 γινώσκοντες,
3405 2421 3526 2475 οὐδὲ
3552 2439 3682 2473 συν-

2094 2522 2266 2584 ιέντες
2310 2520 2450 2573 αὐτά
2478 2519 2542 2589 δὴ
2580 2518 2753 2571 ταῦτα
2780 2557 2793 2580 ,
2836 2518 2920 2585 ἐφ’
2970 2510 3052 2579 οἷς
3094 2502 3256 2579 αὐτὸς
3299 2512 3684 2585 εὐφραίνεσθαι

2089 2614 2183 2668 καὶ
2220 2612 2482 2683 ἀγαλλιᾷν
2524 2609 2791 2681 ὁμολογῶ.
2828 2609 3027 2680 Διόπερ
3056 2609 3084 2661 ὁ
3128 2608 3204 2671 ὡς
3235 2606 3453 2677 ἀληθῶς
3491 2603 3685 2675 ἄφρων

2088 2708 2183 2761 καὶ
2212 2706 2469 2768 ἀσύνετος
2500 2705 2715 2775 ἀναιρεῖ
2749 2702 2848 2772 μὲν
2875 2700 2937 2754 τὸ
2965 2700 3192 2771 προνοίᾳ
3234 2699 3329 2751 καὶ
3372 2697 3515 2769 λόγῳ
3542 2696 3683 2750 Θεοῦ

2089 2796 2409 2851 συνεστάναι
2435 2794 2495 2848 τὸ
2524 2795 2653 2858 πᾶν,
2686 2792 2994 2865 εἱμαρμένῃ
3020 2791 3077 2844 δὲ
3114 2790 3211 2843 καὶ
3244 2789 3477 2861 ἀνάγκῃ,
3500 2786 3684 2857 ἀλόγῳ

2084 2905 2143 2943 τε
2176 2889 2319 2959 φορᾷ
2349 2886 2444 2941 καὶ
2469 2886 2608 2956 τύχῃ
2632 2883 2976 2955 προσγράφει
3004 2880 3073 2934 τὰ
3096 2879 3397 2951 τηλικαῦτα
3422 2877 3518 2931 τοῦ
3537 2876 3691 2930 Θεοῦ

2082 2981 2559 3052 δημιουργήματα.
2598 2976 2759 3031 Ἀλλὰ
2799 2976 2894 3029 καὶ
2936 2974 3012 3038 ὡς
3054 2973 3312 3036 ἀσύνετος
3342 2970 3683 3042 προσκόπτει

408 3061 817 3133 ministratione
854 3061 966 3115 ruit
1013 3069 1067 3115 et
1109 3062 1311 3117 labitur
1358 3062 1637 3133 opinione,
1680 3064 1828 3135 quod
1875 3066 1981 3136 ipsi

2089 3075 2148 3144 τῇ
2173 3072 2436 3142 διοικήσει
2472 3068 2570 3123 τοῦ
2600 3068 2822 3134 παντὸς,
2847 3067 2935 3121 διὰ
2975 3067 3037 3121 τὸ
3081 3067 3258 3121 δοκεῖν
3293 3063 3495 3128 πολλὰς
3533 3063 3679 3116 ἀνω-

407 3153 657 3207 videatur
710 3152 943 3206 multum
988 3152 1171 3207 inesse
1205 3152 1259 3206 in
1301 3153 1517 3208 mortali
1554 3154 1667 3208 vita
1698 3155 1983 3226 inaequali-

2087 3163 2285 3235 μαλίας
2316 3165 2373 3215 ὲν
2409 3161 2487 3233 τῷ
2512 3159 2694 3232 θνητῷ
2728 3160 2828 3231 βίῳ
2857 3158 3102 3229 θεωρεῖν.
3136 3159 3197 3211 Ὀ
3238 3157 3339 3227 μὲν
3368 3151 3460 3210 οῦν
3487 3155 3687 3225 ἄφρων

410 3245 561 3299 tatis.
594 3242 867 3314 lnsipiens
915 3243 1082 3314 igitur
1106 3244 1199 3299 ille
1229 3252 1285 3299 et
1317 3245 1547 3302 insanus
1575 3261 1688 3302 rem
1733 3263 1875 3318 aegre
1903 3247 1980 3303 fe—

2089 3256 2178 3311 καὶ
2208 3255 2466 3318 ἀσύνετος
2498 3253 2862 3325 δυσχεραίνων
2890 3252 3051 3315 εὐθὺς
3083 3251 3177 3305 ἐπὶ
3216 3250 3538 3320 βλάσφημον
3580 3246 3677 3300 καὶ

408 3352 557 3398 rens.
587 3337 769 3392 statim
798 3336 866 3390 ad
892 3336 1271 3405 blasphemum
1297 3346 1353 3392 et
1380 3337 1606 3408 impium
1626 3339 1976 3394 ratiocinium

408 3426 660 3490 vertitur,
683 3426 879 3481 horum
911 3439 1131 3481 causam
1155 3426 1417 3483 dictitans
1442 3443 1586 3492 esse,
1619 3429 1764 3499 quod
1797 3429 1983 3486 nullus

411 3520 484 3574 sit
516 3518 679 3583 Deus,
714 3518 864 3573 nulla
914 3517 1289 3589 providentia;
1335 3518 1431 3574 sed
1460 3520 1660 3574 'omnia
1699 3528 1902 3576 temere
1930 3532 1985 3576 et

409 3625 545 3666 casu
582 3610 847 3666 ferantur.
884 3609 997 3681 Ego
1028 3626 1157 3665 vero
1182 3611 1348 3664 etiam
1377 3610 1431 3664 in
1462 3610 1570 3665 illis
1598 3612 1854 3667 obscuris
1885 3627 1984 3667 oc-

410 3702 683 3771 cultisque
721 3702 908 3765 rebus,
940 3701 1028 3772 pia
1063 3700 1307 3755 imbutus
1333 3702 1626 3767 sententia,
1659 3717 1985 3772 persuasum

410 3796 587 3850 habeo
628 3796 821 3862 judicii
879 3803 935 3851 et
979 3796 1477 3850 administrationis
1533 3804 1639 3851 tute
1692 3797 1983 3862 rationem,

411 3889 732 3957 parvitatem
759 3902 935 3943 meam
960 3888 1121 3959 longe
1151 3903 1431 3957 superare.
1450 3886 1818 3954 Quamobrem
1840 3888 1983 3953 dico,

413 3979 589 4045 Quam
632 3980 974 4049 magnificam
1004 3988 1125 4034 sunt
1155 3995 1314 4048 opera
1352 3988 1466 4042 tua,
1510 3978 1770 4034 Domine!
1802 3980 1987 4033 admo-

413 4070 539 4122 dum
593 4068 811 4122 excelsa:
857 4069 1013 4138 facite
1066 4079 1189 4123 sunt
1238 4070 1578 4139 cogitationes
1624 4079 1748 4125 tute.
1788 4072 1852 4125 Et
1893 4074 1991 4141 qui

414 4162 625 4232 possint
660 4162 912 4216 mortalia
960 4162 1270 4229 ratiocinia,
1324 4162 1596 4231 profunda
1649 4160 1745 4217 Dei
1798 4163 1986 4231 explo-

411 4269 557 4317 rare,
586 4262 642 4308 ct
670 4254 1031 4324 cogitationes
1060 4253 1181 4323 ejus
1197 4255 1350 4324 queis
1371 4255 1610 4308 humana
1636 4254 1987 4309 administrat

413 4344 783 4415 cognoscere?
808 4344 1278 4409 Quemadmodum
1320 4348 1464 4399 enim
1498 4346 1680 4400 nullus
1713 4346 1983 4399 hominum

413 4434 553 4488 novit
581 4450 696 4504 qua:
722 4445 841 4487 sunt
866 4434 1113 4499 hominis,
1147 4437 1249 4490 nisi
1289 4437 1509 4505 spiritus
1540 4438 1630 4506 qui
1657 4439 1712 4489 in
1737 4438 1850 4505 ipso
1880 4446 1980 4500 est;

412 4526 488 4579 sic
516 4541 632 4594 qua:
666 4524 759 4577 Dei
788 4534 910 4579 sunt
936 4526 1112 4580 nullus
1167 4528 1332 4593 novit,
1374 4529 1480 4581 nisi
1524 4527 1756 4597 Spiritus
1800 4527 1897 4582 Dei
1914 4529 1978 4593 '7,

2087 3346 2257 3418 ἀσεϐῆ
2282 3344 2538 3415 λογισμὸν
2571 3344 2854 3415 τρέπεται,
2894 3342 3162 3412 ἀθεότητά
3200 3358 3259 3394 τε
3289 3342 3383 3393 καὶ
3413 3340 3679 3410 ἀπρονοη-

2087 3438 2239 3503 σιαν,
2270 3437 2364 3491 καὶ
2387 3437 2447 3489 τὸ
2471 3434 2617 3505 εἰκῆ,
2642 3434 2735 3487 καὶ
2763 3433 2839 3496 ὡς
2862 3432 3040 3502 ἔτυχε,
3066 3432 3270 3485 τούτων
3296 3425 3432 3483 εἶναι
3454 3428 3687 3496 φάσκων

2086 3530 2265 3583 αἴτια·
2299 3527 2410 3597 ἐγὼ
2459 3527 2538 3593 δὲ,
2584 3526 2680 3579 xui.
2720 3524 2813 3578 ὲπὶ
2859 3523 2967 3577 τῶν
3014 3522 3430 3593 προειρημένων
3464 3518 3679 3589 ἀδήλων

2086 3620 2327 3674 εὐσεϐεῖν
2383 3616 2796 3687 δεδιδαγμένος,
2847 3615 3189 3686 πέπεισμαι,
3252 3613 3334 3666 ὅτι
3383 3611 3523 3682 ὑπὲρ
3576 3609 3680 3680 τὴν

2087 3712 2227 3783 ἐμὴν
2274 3710 2615 3783 σμικρότητα
2658 3707 3015 3777 τυγχάνουσιν
3059 3707 3108 3759 oi
3147 3705 3249 3774 τῆς
3305 3704 3406 3774 σῆς
3442 3702 3679 3775 κρίσεως

2088 3805 2181 3858 καὶ
2201 3803 2517 3874 διοικήσεως
2542 3801 2711 3869 λόγοι.
2744 3799 2835 3852 Διό
2860 3817 3002 3870 φημι
3022 3816 3034 3828 ·
3072 3799 3172 3863 Ὠς
3198 3796 3571 3865 ἐμεγαλύνθη
3607 3791 3680 3845 τὰ

2087 3896 2231 3964 ἔργα
2263 3909 2401 3958 σου,
2426 3893 2606 3960 Κύριε
2620 3891 2639 3943 !
2673 3890 2911 3960 σφόδρα
2954 3887 3442 3957 ὐπερυψώθησαν
3464 3887 3518 3937 οι

2086 3986 2366 4057 λογισμοί
2413 3999 2551 4037 σου.
2596 3984 2708 4037 Καὶ
2756 3982 2918 4035 πόθεν
2963 3981 3070 4051 γὰρ
3130 3979 3344 4050 θνητοῖς
3402 3976 3687 4045 λογισμοῖς

2088 4080 2314 4149 ὲρευνᾷν
2356 4077 2425 4130 τὰ
2453 4076 2591 4147 βάθη
2617 4074 2710 4128 τοῦ
2745 4075 2911 4141 Θεοῦ,
2943 4073 3037 4127 καὶ
3071 4070 3359 4141 γινώσκειν
3400 4070 3528 4131 τοὺς
3558 4068 3675 4120 δια-

2086 4171 2378 4240 λογισμοὺς
2408 4166 2574 4222 αὑτοῦ
2608 4166 2825 4231 καθόὒς
2862 4168 3055 4220 διοικεῖ
3090 4164 3159 4217 τά
3199 4160 3542 4233 ἀνθρώπινα;
3588 4160 3677 4222 Ὧς

2086 4265 2195 4335 γάρ
2216 4263 2391 4326 οὐδεὶς
2423 4262 2563 4330 ἔγνω
2583 4260 2701 4313 τῶν
2728 4259 3055 4327 ἀνθρώπων
3071 4256 3142 4309 τὰ
3160 4254 3265 4308 τοῦ
3286 4250 3601 4320 ἀνθρώπου
3623 4251 3683 4303 ει

2084 4356 2167 4425 μὴ
2191 4355 2256 4408 τὸ
2278 4354 2512 4421 πνεῦμα
2531 4351 2596 4405 τὸ
2616 4352 2684 4405 ἐν
2704 4350 2883 4416 αὐτῷ,
2903 4351 3056 4403 οὕτω
3079 4346 3176 4401 καὶ
3200 4345 3273 4399 τὰ
3293 4344 3398 4398 τοῦ
3417 4342 3565 4397 Θεοῦ
3586 4343 3656 4395 οὐ

2085 4447 2209 4512 delc
2244 4448 2396 4516 ἔγνω
2432 4448 2486 4498 εὶ
2517 4444 2603 4513 μὴ
2636 4443 2704 4496 τὸ
2734 4442 2977 4511 Πνεῦμα
2996 4440 3100 4493 τοῦ
3130 4435 3300 4501 Θεοῦ,
3330 4436 3424 4488 καὶ
3446 4434 3543 4504 οὐχ
3569 4426 3677 4493 οἷός

2090 4558 2150 4593 τε
2179 4539 2377 4607 λέγειν.
2410 4536 2601 4606 Ἡμεῖς
2623 4534 2691 4587 δὲ
2712 4538 2784 4589 οὐ
2812 4533 2877 4587 τὸ
2899 4532 3133 4602 πνεῦμα
3155 4529 3261 4583 τοῦ
3290 4529 3525 4595 κόσμου
3548 4520 3672 4577 ἑλόν

412 4632 589 4685 neque
615 4616 797 4671 dicere
825 4624 1004 4687 potest
1028 4636 1042 4671 :
1067 4616 1178 4671 Nos
1208 4628 1501 4673 autemnon
1527 4620 1772 4688 spiritum
1804 4620 1983 4673 mundi

2092 4633 2290 4699 ὅομεν,
2326 4628 2461 4682 ἀλλά
2499 4628 2559 4680 τὸ
2601 4626 2829 4697 Πνεῦμα
2858 4625 2953 4678 τοῦ
2978 4622 3146 4677 Θεοῦ’
3188 4621 3315 4693 περὶ
3343 4614 3403 4673 οὗ
3439 4619 3674 4689 εἴρηται·

413 4708 786 4777 accepimus",
820 4708 915 4763 sed
949 4708 1212 4778 Spiritum
1247 4708 1363 4774 Dei,
1394 4711 1461 4765 de
1492 4725 1602 4781 quo
1625 4712 1831 4767 dictum
1854 4724 1939 4767 est
1967 4729 1979 4763 :

415 4798 559 4854 Nunt
615 4798 845 4869 Spiritus
907 4802 1085 4854 omnia
1144 4811 1445 4868 scrutatur,
1498 4805 1657 4857 etiam
1719 4804 1983 4874 profunda

413 4890 513 4946 Dei
535 4891 612 4959 ‘9;
640 4906 762 4962 quae
803 4907 929 4945 cum
970 4892 1139 4962 probe
1180 4894 1380 4959 norim,
1421 4895 1731 4951 nullatenus
1772 4896 1841 4951 de
1889 4897 1988 4951 ho-

414 4983 626 5037 minum
674 4984 1041 5053 inmqualitate
1091 4984 1417 5053 perturbor;
1457 4987 1567 5040 imo
1608 5002 1740 5041 vero
1776 4988 1987 5058 gaudeo

413 5084 469 5129 et
499 5076 674 5141 laetor,
728 5075 1087 5144 providentiae
1134 5076 1402 5131 rationem
1457 5092 1566 5132 non
1614 5080 1682 5134 ab
1730 5080 1989 5136 humanis

414 5168 659 5230 casibus,
687 5168 780 5223 sed
808 5167 877 5221 ab
923 5170 1181 5238 operibus
1226 5184 1488 5223 manuum
1519 5169 1611 5225 Dei
1657 5179 1712 5226 et
1733 5172 1801 5226 ab
1830 5174 1989 5242 opili-

416 5260 517 5315 ciis
543 5258 662 5327 ejus
690 5269 873 5316 mente
904 5262 1243 5332 concipiens.
1282 5261 1505 5317 Gaudeo
1548 5263 1674 5319 item
1706 5273 1760 5319 et
1794 5266 1987 5320 admo-

416 5350 547 5405 dum
573 5351 745 5415 laetor,
768 5352 836 5406 iis
857 5352 1094 5406 donatus
1126 5353 1305 5416 bonis,
1339 5353 1540 5423 quibus
1567 5354 1831 5424 insipiens
1862 5354 1987 5424 qui-

416 5439 551 5494 libet
579 5449 634 5495 et
664 5441 866 5497 stultus
903 5442 1173 5511 privatur,
1203 5458 1306 5497 nec
1335 5444 1480 5497 valet
1517 5449 1587 5497 ab
1618 5444 1874 5513 operibus
1890 5442 1986 5499 Dei

417 5532 564 5588 illius
594 5533 948 5604 providentia:
972 5534 1029 5589 in
1053 5535 1236 5590 omnia
1271 5535 1511 5591 rationes
1542 5535 1803 5591 ediscere.

526 5750 569 5781 ”
606 5750 745 5806 Psiil.
782 5768 909 5817 νιιι,
948 5755 997 5808 Ii.
1082 5755 1120 5785 ’⁸
1166 5754 1295 5825 Snp.
1326 5772 1453 5823 xm,
1489 5757 1538 5811 5.

1640 5759 1681 5789 ’⁵
1722 5756 1875 5812 Πυθίη.
1918 5774 1953 5825 1,
1994 5760 2080 5814 90.

2096 4723 2166 4776 Τὸ
2200 4722 2309 4792 γὰρ
2340 4721 2583 4789 Πνεῦμα
2631 4718 2829 4772 πάντα
2867 4712 3103 4785 ἐρευνᾷ,
3136 4713 3235 4766 καὶ
3268 4712 3339 4765 τὰ
3376 4710 3539 4777 ,ϐάθη
3571 4707 3677 4761 τοῦ

2095 4814 2275 4869 Θεοῦ’
2306 4814 2448 4885 άπερ
2473 4811 2646 4875 εἰδὼς,
2681 4809 2932 4880 οὐδαμῶς
2980 4807 3071 4860 ἐπὶ
3113 4808 3178 4877 τῇ
3225 4803 3334 4857 τῶν
3374 4799 3675 4872 ἀνθρώπων

2092 4906 2377 4977 ἀνωμαλίᾳ
2422 4905 2793 4977 ταράττομαι·
2844 4902 3018 4972 χαίρω
3069 4899 3127 4952 δὲ
3176 4898 3270 4951 καὶ
3317 4894 3677 4965 εὐφραίνομαι

2087 5001 2212 5062 τοὺς
2244 5002 2342 5069 τῆς
2372 4995 2625 5068 προνοίας
2655 4995 2846 5062 λόγους
2890 4993 2988 5045 οὐκ
3031 4990 3140 5043 ἀπὺ
3169 4988 3277 5041 τῶν
3298 4986 3439 5041 κατά
3467 4983 3674 5053 ἀνθρω-

2090 5105 2188 5140 πον
2225 5085 2676 5155 συμπτωμάτων,
2716 5082 2822 5136 ἀπὺ
2861 5081 2917 5133 δὲ
2957 5079 3064 5132 τῶν
3102 5078 3279 5149 ἔργων
3321 5075 3431 5129 τῶν
3475 5072 3677 5144 χειρῶν

2089 5179 2180 5233 τοῦ
2208 5177 2344 5230 Θεοῦ
2380 5177 2475 5230 καὶ
2506 5176 2612 5229 ἀπὸ
2636 5174 2743 5228 τῶν
2775 5172 3095 5243 ποιημάτων
3128 5169 3292 5224 αὐτοῦ
3322 5165 3673 5236 καταλαμϐά-

2089 5287 2213 5323 νων.
2255 5268 2364 5320 Καὶ
2404 5267 2579 5338 χαίρω
2621 5282 2685 5334 γε
2729 5265 2822 5318 καὶ
2861 5262 3369 5333 ὑπερευφραίνομαι
3421 5253 3681 5311 τοιούτων

2091 5353 2467 5418 καταξιωθεὶς,
2502 5347 2575 5406 ὧν
2603 5353 2889 5424 ἐστέρηται
2918 5354 3026 5413 πᾶς
3058 5350 3247 5420 ἄφρων
3271 5350 3362 5402 καὶ
3394 5346 3671 5407 ἀσύνετος,

2090 5447 2151 5496 οὐ
2184 5442 2478 5513 δυνάμενος
2504 5442 2611 5495 ἀπὸ
2640 5442 2747 5495 τῶν
2774 5441 2949 5512 ἔργων
2975 5440 3066 5493 τοῦ
3099 5439 3257 5503 Θεοῦ,
3281 5441 3393 5503 τοῖς
3426 5436 3554 5509 περὶ
3576 5438 3675 5507 τῆς

2094 5536 2321 5591 καθόλου
2355 5537 2609 5607 προνοίας
2636 5536 2812 5604 λόγοις
2845 5533 3264 5605 μαθητεύεσθαι.

2167 5762 2206 5791 ιτ
2250 5760 2429 5813 tuor.
2472 5775 2539 5826 ιι,
2583 5758 2663 5812 ιι.
2748 5759 2787 5789 ιε
2831 5758 2957 5813 ibid.
3000 5757 3081 5811 ιε.
3165 5756 3204 5789 ι’
3249 5755 3378 5811 ilu‘el.
3422 5754 3505 5809 ιον
