4068 6394
321 371 457 426 H77

1447 379 1953 439 COMMENTARIA
1989 383 2058 439 ιΝ
2099 385 2437 448 PSALMOS.

3421 391 3483 446 Μ
3496 392 3558 448 78

402 488 496 540 Ἐν
512 486 591 553 τῷ
616 488 923 546 ἀνατεῖλαι
946 491 1330 563 ἁμαρτωλοὺς
1347 497 1492 552 ὡσεί
1514 501 1754 568 χόρτον,
1789 516 1859 554 κα

1960 553 1965 560 .
2067 503 2226 562 Vens.
2258 507 2310 562 8.
2353 507 2487 566 Cum
2528 513 2700 567 exorti
2737 513 2932 583 fuerint
2970 521 3265 583 peccatores
3304 510 3441 566 sicut
3487 509 3550 577 fe-

310 578 610 648 διέκυψαν
660 581 883 650 πάντες
933 588 988 639 οι
1040 587 1415 659 ἐργαζόμενοι
1456 590 1571 660 τὴν
1605 593 1885 662 ἀνομίαν,

310 670 470 736 ὅπως
509 671 588 725 ἂν
627 672 1137 743 ὲξολοθρευθῶσιν
1154 682 1242 746 εὶς
1264 680 1372 736 τὸν
1395 681 1581 737 αἰῶνα
1608 685 1715 738 τοῦ
1756 685 1889 739 αἰῶ-

308 772 433 820 νος.
470 756 528 810 Ὁ
561 758 659 828 μὲν
705 760 894 839 ἄφρων
945 766 1037 818 καὶ
1071 765 1346 833 ἀσύνετος,
1386 770 1528 840 ὁρῶν
1555 774 1771 838 ἀσεϐεῖς
1796 776 1890 829 εὐ-

308 843 705 937 θυμουμένους,
739 852 981 919 δικαίους
1028 856 1084 909 δὲ
1124 859 1217 911 καὶ
1252 860 1493 927 εὐσεϐεῖς
1516 866 1887 937 κακουμένους

303 935 362 987 οὐ
403 938 613 1010 συνίησι
669 944 795 1007 τοὺς
824 945 926 1015 τῆς
965 948 1230 1019 Προνοῖας
1290 950 1501 1021 λόγους,
1561 935 1883 1022 ἀλλ’τεύθὺς

302 1028 393 1080 ἐπ’
423 1030 641 1095 ἀσεϐεῖς
682 1034 940 1112 τρέπεται
965 1039 1280 1112 λογισμοὺς,
1314 1044 1593 1100 ἐκπίπτων
1622 1050 1703 1112 είς
1729 1049 1884 1103 ἀθεό-

301 1136 481 1190 τητα·
545 1124 656 1193 ἐγὼ
710 1126 787 1192 δὲ,
836 1130 912 1201 τῷ
963 1134 1229 1205 ποιήματί
1272 1154 1362 1189 σου
1396 1138 1618 1209 ὲνορῶν,
1650 1127 1882 1206 καὶτοῖς

296 1212 488 1284 ’ἔργοις
532 1217 643 1272 τῶν
689 1221 890 1293 χειρῶν
936 1242 1051 1292 σου,
1103 1228 1241 1297 μετά
1270 1228 1377 1283 τῶν
1411 1229 1583 1284 ἄλλων
1620 1232 1878 1296 συνεῖδον,

301 1306 386 1359 ὅτι
416 1307 477 1360 τὸ
508 1308 660 1374 τέλος
689 1312 798 1368 τῶν
822 1314 963 1369 κατά
989 1317 1078 1371 τὸν
1112 1318 1226 1389 βίον
1258 1320 1633 1393 εὐθυμούντων
1665 1323 1879 1378 ἀσεϐῶν

302 1396 523 1471 ὄλεθρον
555 1403 795 1474 περιέχει
823 1408 917 1460 καὶ
942 1408 1247 1465 ἀπώλειαν·
1277 1413 1357 1466 διὸ
1384 1414 1517 1468 πολὺ
1558 1414 1719 1468 πλέον
1751 1416 1878 1480 τοὺς

298 1488 400 1559 τῆς
424 1489 572 1556 θείας
599 1495 831 1565 κρίσεως
856 1498 1049 1567 λόγους
1090 1502 1627 1575 ὑπερεκπλήττομαι.
1660 1506 1877 1577 ’Ὠσπερ

297 1579 433 1645 γοῦν
467 1581 658 1652 χόρτος
686 1586 778 1638 καὶ
801 1586 868 1640 τά
893 1588 1000 1641 ἀπὸ
1025 1590 1130 1661 γῆς
1158 1592 1291 1665 ἄνθη
1329 1594 1465 1665 πρὸς
1490 1594 1667 1664 ὀλίγον
1699 1596 1876 1668 ὡραῖα

298 1669 569 1737 φαίνεται,
604 1676 696 1727 καὶ
749 1676 930 1746 θέλγει
966 1680 1066 1750 τὴν
1101 1683 1311 1752 ὅρασιν,
1362 1686 1455 1737 καὶ
1490 1685 1590 1757 τὴν
1623 1686 1873 1759 αἴσθησιν

295 1760 535 1829 ἃπασαν,
565 1766 688 1819 ὅσον
718 1768 774 1820 δὲ
831 1769 1040 1825 οὐδέπω
1082 1775 1403 1843 μεταϐάλλει
1447 1777 1541 1831 καὶ
1584 1778 1867 1850 τρέπεται,

1990 613 2137 662 num,
2169 609 2219 653 et
2261 603 2601 670 apparuerint
2645 620 2821 658 omnes
2868 605 2959 675 qui
2996 613 3276 673 operantur
3320 602 3552 671 iniquita-

1990 699 2091 741 tem
2116 706 2135 754 ;
2167 701 2223 743 ut
2254 691 2515 747 intereant
2546 696 2601 748 in
2631 695 2881 749 swculum
2907 695 3107 750 swculi.
3139 693 3407 764 [nsipiens
3437 692 3545 762 qui-

1988 778 2110 833 dem
2147 796 2210 836 ac
2241 784 2441 838 stultus
2474 785 2582 849 ille,
2608 801 2730 839 cum
2762 786 2906 841 videt
2936 786 3132 855 impios
3161 784 3409 839 homines
3442 798 3549 854 pro
3597 812 3629 850 ,η

1987 887 2145 940 spere
2193 888 2373 943 agere,
2404 875 2583 945 justos
2634 884 2813 932 autem
2865 887 2919 933 et
2960 878 3079 948 pios
3120 877 3367 930 homines
3402 857 3600 928 maiis'

1985 963 2241 1032 opprimi,
2275 963 2636 1022 Providentia:
2664 970 2929 1023 rationem
2971 984 3081 1022 non
3121 967 3370 1037 intelligit
3400 983 3415 1033 ;
3464 964 3556 1020 sed
3587 986 3597 1011 e

1986 1053 2168 1107 statim
2204 1054 2270 1108 ad
2317 1056 2479 1125 impia
2529 1059 2813 1113 ratiocinia
2852 1060 3106 1121 vertitur,
3157 1059 3230 1111 ita
3280 1058 3467 1126 lapsus
3500 1046 3591 1109 ut'

1984 1144 2192 1198 nullum
2223 1162 2345 1201 esse
2376 1147 2542 1202 Deum
2577 1157 2749 1219 putet.
2777 1149 2889 1222 Ego
2916 1166 3047 1205 vero
3074 1148 3347 1219 opiﬁcium
3378 1156 3558 1212 tuum,

1983 1244 2036 1290 et
2068 1252 2230 1306 opera
2265 1255 2521 1294 manuum
2560 1249 2776 1295 tuarum
2828 1242 3205 1304 considerans,
3239 1241 3293 1294 in
3335 1240 3420 1294 his
3460 1237 3540 1292 de-

1981 1325 2241 1395 prehendi
2276 1328 2436 1383 ﬁnem
2468 1330 2779 1401 impiorum,
2805 1333 2894 1401 qui
2930 1332 2983 1385 in
3014 1331 3116 1384 hac
3150 1330 3258 1383 vita
3297 1343 3555 1399 prospere

1982 1426 2169 1487 agunt,
2212 1434 2335 1473 esse
2372 1420 2647 1475 interitum
2689 1438 2753 1476 ac
2790 1423 3083 1493 perniciem
3118 1441 3131 1476 :
3173 1436 3343 1491 quare
3383 1420 3559 1473 multo

1980 1506 2152 1587 magis
2184 1506 2352 1561 divini
2399 1509 2588 1578 judicii
2633 1511 2900 1565 rationem
2937 1510 3196 1565 admiror.
3232 1507 3366 1563 Nam
3409 1508 3554 1563 sicut

1980 1594 2162 1650 fenum
2204 1606 2256 1652 et
2283 1596 2443 1654 ﬂores
2475 1607 2633 1654 terrae
2665 1599 2730 1653 ad
2763 1601 2926 1655 breve
2948 1609 3161 1669 tempus
3191 1598 3439 1668 speciosa
3470 1597 3555 1650 vi-

1976 1686 2174 1742 dentur
2207 1691 2505 1761 oculosque
2546 1706 2611 1746 ac
2659 1707 2881 1746 sensum
2914 1693 3261 1756 demulcent,
3301 1689 3395 1744 sed
3424 1702 3551 1741 mox

1975 1787 2258 1834 mutantur
2288 1797 2353 1834 ae
2383 1790 2689 1847 vertuntur,
2730 1783 3094 1852 i'acillimeque
3121 1788 3467 1834 marcescunt
3493 1785 3551 1832 et

297 1853 476 1921 φθίνει
505 1875 565 1912 τε
596 1861 771 1930 ῥᾷστα
800 1864 891 1917 καὶ
914 1863 1230 1921 ἀπόλλυται·
1250 1867 1338 1922 τὸν
1368 1869 1531 1925 αὐτὸν
1550 1872 1750 1942 τρόπον
1777 1876 1859 1927 καλ

1973 1877 2239 1937 pereunt;
2277 1872 2467 1925 eodem
2513 1872 2674 1926 modo
2703 1881 3043 1942 peccatores,
3074 1872 3169 1942 qui
3212 1885 3377 1939 penes
3406 1868 3549 1923 mul-

292 1947 343 1998 οἱ
375 1949 526 2021 παρά
566 1954 680 2015 τοῖς
710 1954 923 2020 πολλοῖς
966 1957 1367 2031 θαυμαζόμενοι
1409 1965 1723 2037 ἁμαρτωλοὶ
1754 1966 1871 2037 ἅμα

290 2052 350 2089 τε
395 2039 692 2108 ἀνέτειλαν,
728 2044 823 2097 καὶ
883 2048 1022 2120 πρὸς
1064 2050 1244 2119 ὀλίγον
1292 2053 1645 2125 ἀνθήσαντες,
1691 2057 1871 2111 διέκυς-

290 2128 418 2198 ῲαν,
446 2133 721 2205 ἐφάνησαν
747 2153 807 2188 τε
835 2137 979 2202 τίνες
1010 2141 1137 2193 ποτέ
1166 2144 1292 2208 είσι,
1324 2145 1416 2197 καὶ
1452 2146 1644 2211 ὁποίας
1678 2166 1870 2219 προαι-

294 2221 526 2291 ρέσεως’
565 2222 663 2278 εἶτ’
694 2228 794 2281 οὐκ
826 2232 906 2295 είς
935 2233 1146 2305 μακρὸν
1171 2236 1366 2298 αὐτοὺς
1396 2238 1657 2309 μετῆλθεν
1684 2242 1867 2295 οὐκέτι

289 2313 497 2387 βραχὺς
522 2320 626 2373 καὶ.
641 2321 971 2395 πρόσκαιρος
998 2325 1237 2399 ὄλεθρος,
1272 2329 1408 2384 ἀλλά
1430 2330 1682 2404 διηνεκὴς
1718 2336 1868 2389 ἀπώ-

286 2404 425 2462 λεια.
477 2410 848 2486 Ἐπειδήπερή
875 2417 941 2488 σὴ
965 2417 1329 2489 δικαιοκρισία
1358 2426 1470 2488 τοῖς
1507 2425 1865 2497 ἀνθρωπίνοις

287 2498 555 2572 ἐφέστηκε
598 2505 906 2576 πράγμασι,
947 2507 1028 2561 διὸ
1059 2509 1122 2581 δὴ
1149 2511 1381 2581 μάλιστα
1414 2519 1864 2590 συγκεχωρῆσθαι

284 2591 399 2652 τοῖς
418 2591 760 2665 ἁμαρτωλοῖς
792 2598 885 2651 καὶ
917 2603 1031 2664 τοῖς
1074 2602 1460 2676 ἐργαζομένοις
1488 2609 1589 2680 τὴν
1634 2612 1865 2682 ἀνομίαν

283 2682 345 2735 τὸ
383 2684 656 2741 ἀνατεῖλαι
685 2691 778 2743 καὶ
803 2690 1062 2763 διακῦψαι
1083 2694 1353 2766 ἡγοῦμαι·
1382 2698 1459 2762 ὡς
1485 2699 1551 2754 ἂν
1578 2701 1862 2775 ἐλεγχθείη

282 2777 461 2831 αὐτῶν
483 2781 517 2851 ἡ
556 2783 896 2855 προαίρεσις,
941 2786 1001 2839 οὑ
1034 2787 1215 2852 καλῶς
1264 2792 1377 2854 τοῖς
1403 2792 1497 2845 τοῦ
1521 2794 1654 2848 Θεοῦ
1687 2796 1865 2869 δωρή-

285 2885 418 2938 μασι
470 2875 816 2948 κεχρημένη·
868 2877 1056 2950 διόπερ
1112 2880 1325 2946 ἔκδικος
1392 2884 1587 2949 αὐτοὺς
1642 2886 1862 2959 ὄλεθρος

283 2962 501 3028 αἰώνιος
521 2966 839 3036 διαδέξεται.

353 3054 438 3107 Σὺ
470 3056 538 3109 δὲ
562 3058 847 3127 Ὕψιστος
860 3063 948 3128 εἰς
978 3063 1089 3119 τὸν
1118 3067 1328 3133 αἰῶνα,
1356 3071 1550 3140 Κύριε.
1578 3072 1698 3125 Ὅτι
1732 3071 1860 3126 ἰδοὺ

281 3150 336 3201 οί
357 3148 560 3218 ἐχθροί
571 3165 709 3217 σου,
731 3154 931 3221 Κύριε,
965 3153 1054 3207 ὅτι
1082 3155 1212 3210 ίδοὺ
1242 3161 1296 3212 οἱ
1332 3159 1531 3229 ἐχθροί
1566 3175 1683 3215 σου
1710 3163 1858 3216 ἀπο-

280 3241 550 3309 λοῦνται,
606 3244 707 3299 καὶ
747 3246 1401 3319 διασκορπισθήσονται
1428 3250 1650 3318 πάντες
1678 3255 1732 3306 οί
1771 3253 1859 3322 ἐρ-

281 3331 584 3403 γαζόμενοι
614 3335 729 3405 τὴν
757 3338 1030 3409 ἀνομίαν.
1055 3340 1167 3395 Καὶ
1207 3341 1593 3411 ὑψωθήσεται
1624 3345 1705 3409 ὡς
1742 3361 1855 3413 μο-

274 3426 603 3495 νοκέρωτος
649 3430 716 3483 τὸ
767 3431 946 3499 κέρας
967 3451 1106 3502 μου,
1161 3434 1260 3488 καὶ
1304 3434 1371 3488 τὸ
1415 3434 1604 3505 γῆράς
1631 3453 1749 3505 μου
1786 3435 1856 3489 ἐν

275 3519 460 3586 ἐλαίῳ
485 3523 670 3579 πίονι.
702 3524 814 3579 Καὶ
844 3526 1079 3580 ἐπεῖδεν
1096 3530 1130 3581 ὁ
1161 3528 1468 3598 ὀφθαλμός
1486 3546 1607 3598 μου
1632 3528 1703 3582 ἐν
1729 3527 1855 3595 τοῖς

275 3609 513 3679 ἐχθροῖς
539 3630 680 3682 μου,
709 3615 809 3669 καὶ
853 3615 924 3668 ἐν
948 3615 1072 3683 τοῖς
1099 3616 1601 3686 ἐπανισταμένοις
1630 3618 1724 3672 ἐπ’
1748 3618 1854 3688 ἐμὲ

272 3704 776 3773 πονηρευομένοις
814 3707 1215 3769 ἐπακούσεται
1249 3709 1316 3763 τὸ
1340 3706 1449 3775 οὖς
1465 3728 1600 3779 μου.
1635 3711 1706 3764 Σὺ
1732 3711 1850 3780 μὲν,

275 3788 460 3855 φησὶν,
491 3785 535 3844 ὦ
560 3791 752 3862 Κύριε,
782 3794 868 3847 ἀεὶ
900 3795 1125 3850 κατὰτὰ
1147 3797 1284 3851 αὑτά
1321 3798 1413 3852 καὶ
1439 3797 1699 3863 ὡσαύτως
1713 3799 1852 3871 ἔχων

284 3878 534 3951 Ὕψιστος
547 3883 606 3936 ἐν
624 3884 847 3955 ὑψηλοῖς
871 3886 1142 3959 διαμενεῖς
1170 3888 1262 3942 τὸν
1284 3890 1573 3961 σύμπαντα
1594 3892 1773 3957 αἰῶνα,
1789 3892 1851 3945 οὐ

276 3974 628 4044 τρεπόμενος,
662 3977 724 4028 οὺ
757 3979 1204 4051 ταπεινούμενος,
1239 3982 1337 4035 οὐκ
1364 3983 1762 4053 ἀλλοιούμενος,
1788 3984 1851 4037 οὐ

273 4060 537 4132 κρείττων
595 4064 794 4118 σαυτοῦ
842 4067 1145 4138 γινόμενος,
1182 4069 1244 4122 οὐ
1282 4075 1397 4136 τοῖς
1436 4075 1713 4137 ταπεινοῖς
1743 4074 1851 4128 τῶν

270 4151 366 4205 ἐπὶ
419 4154 523 4224 γῆς
558 4155 931 4227 ὁμοιούμενος,
976 4159 1096 4212 οὐδὲ
1149 4162 1345 4233 μικρόν
1379 4180 1432 4216 τι
1478 4162 1572 4216 καὶ
1599 4164 1850 4218 ταπεινὸν

269 4244 482 4314 φρονῶν
514 4245 608 4298 καὶ
636 4246 911 4318 πράττων,
941 4249 1056 4303 ἀλλ’
1090 4252 1169 4314 εἰς
1191 4253 1415 4324 ἄπειρον
1451 4253 1634 4325 σαυτῷ
1661 4253 1850 4325 διαμέ-

267 4352 375 4389 νων
406 4338 589 4407 ὅμοιος
609 4356 625 4371 ο
654 4340 816 4410 ἡμεῖς
838 4341 895 4394 δὲ
920 4343 969 4394 oi
1000 4344 1245 4396 ταπεινοὶ
1266 4345 1359 4397 καὶ
1387 4345 1604 4418 μακρὰν
1626 4348 1724 4418 τῆς
1747 4350 1847 4418 σῆς

267 4428 567 4498 ἀπέχοντες
618 4429 902 4500 δυνάμεως
947 4432 1135 4486 ἄλλοτε
1175 4433 1350 4499 ἄλλως
1402 4436 1700 4507 φερόμεθα,
1751 4441 1846 4492 καὶ

1973 1964 2059 2013 tos
2100 1958 2154 2012 in
2184 1961 2544 2017 admiratione
2594 1962 2885 2028 habentur,
2915 1979 3046 2045 cum
3090 1963 3327 2033 primum
3373 1959 3549 2015 exorti

1974 2049 2213 2118 fuerunt,
2247 2053 2396 2107 brevi
2427 2052 2748 2120 ﬂoruerunt,
2780 2070 2844 2108 ac
2890 2054 3168 2125 conspecti
3221 2060 3383 2119 sunt;
3435 2059 3548 2106 sta-

1969 2140 2176 2211 timque
2202 2142 2455 2211 apparuit
2479 2143 2668 2211 quales
2694 2141 2917 2207 fuerint,
2946 2150 2999 2197 et
3040 2141 3185 2212 quod
3228 2141 3544 2196 institutum

1968 2234 2093 2288 vitae
2129 2235 2422 2289 tenuerint.
2458 2234 2569 2290 Nec
2599 2235 2692 2289 diu
2739 2242 2928 2306 postea
2968 2234 3117 2304 ipsos
3151 2232 3419 2304 pernicies
3457 2232 3546 2285 in-

1967 2325 2130 2391 vasit,
2165 2341 2275 2381 non
2312 2326 2423 2397 jam
2471 2327 2654 2381 brevis
2691 2336 2745 2380 et
2791 2338 3161 2397 temporanea,
3201 2324 3295 2380 sed
3344 2338 3542 2395 perpe-

1965 2423 2119 2470 tuum
2168 2418 2414 2482 exitium,
2462 2418 2591 2487 quia
2632 2418 2776 2472 enim
2814 2417 3023 2487 justum
3063 2416 3334 2486 judicium
3386 2423 3542 2469 tuum

1964 2511 2131 2565 rebus
2159 2509 2407 2564 imminet
2440 2509 2717 2575 humanis,
2760 2509 2967 2564 idcirco
2994 2509 3205 2563 aestimo
3237 2507 3542 2578 peccatori-

1962 2601 2067 2658 bus
2092 2610 2147 2657 et
2173 2602 2526 2673 operantibus
2563 2602 2904 2673 iniquitatem
2929 2600 3176 2665 concedi,
3198 2608 3259 2654 ut
3284 2600 3542 2655 exnrian-

1962 2702 2053 2749 tur
2084 2703 2138 2751 et
2168 2711 2427 2765 prospere
2455 2703 2652 2765 agant;
2694 2702 2755 2749 ut
2805 2710 2995 2750 eorum
3035 2693 3323 2747 consilium
3356 2698 3411 2745 et
3436 2705 3538 2746 vo-

1953 2788 2167 2853 ,luntas,
2202 2786 2296 2843 Dei
2320 2788 2640 2843 muneribus
2674 2802 2784 2841 non
2827 2787 2966 2841 bene
3010 2801 3130 2850 usa,
3161 2791 3488 2855 coarguatur
3517 2801 3535 2838 :

1961 2880 2318 2950 quamobrem
2361 2879 2531 2934 ultrix
2583 2894 2678 2935 eos
2732 2887 2787 2935 et
2830 2887 3033 2934 attema
3087 2879 3358 2950 pernicies
3388 2877 3539 2933 exci-

1959 2971 2092 3042 piet.

2028 3065 2197 3121 Vens.
2233 3066 2266 3122 9
2288 3097 2315 3109 -
2345 3066 2432 3121 12.
2470 3066 2549 3121 Τιι
2594 3073 2770 3121 autem
2814 3066 3124 3120 Altissimus
3168 3066 3224 3119 in
3255 3073 3532 3126 a'ternum,

1960 3157 2202 3214 Domine.
2261 3159 2527 3225 Quoniam
2575 3174 2690 3212 ecce
2741 3158 2941 3211 inimici
2987 3157 3086 3220 tui,
3139 3155 3383 3219 Domine,
3413 3167 3537 3223 quo-

1961 3250 2105 3303 niam
2133 3266 2248 3304 ecce
2282 3250 2484 3303 inimici
2530 3251 2608 3302 tui
2651 3248 2913 3317 peribunt,
2947 3257 2998 3302 et
3035 3248 3395 3316 dispergentur
3420 3260 3536 3299 om-

1959 3358 2047 3395 nes
2083 3341 2173 3411 qni
2199 3352 2482 3410 operantur
2528 3340 2882 3409 iniquitatem.
2925 3336 2995 3390 Et
3035 3337 3362 3401 exaltabitur
3397 3335 3533 3389 sicut

1956 3433 2225 3487 unicornis
2249 3449 2412 3487 cornu
2432 3449 2626 3497 meum,
2651 3441 2701 3486 et
2724 3441 2959 3486 senectus
2983 3446 3099 3483 mea
3120 3430 3176 3482 in
3198 3429 3308 3482 oleo
3329 3427 3530 3496 pingui.

1957 3523 2029 3577 Et
2063 3526 2292 3593 respexit
2319 3524 2503 3580 oculus
2541 3541 2687 3579 meus
2721 3524 2960 3577 inimicos
2981 3538 3144 3585 meos,
3176 3528 3225 3574 et
3260 3521 3317 3573 in
3350 3519 3533 3572 insur-

1954 3616 2196 3686 gentibus
2227 3618 2283 3671 in
2312 3634 2393 3671 me
2430 3618 2842 3688 malignantibus
2875 3617 3054 3671 audiet
3094 3615 3240 3668 auris
3273 3629 3409 3667 mea.
3444 3610 3530 3665 Tu

1954 3708 2199 3780 quidem,
2246 3708 2342 3772 ait,
2393 3707 2640 3775 Domine,
2679 3709 2773 3779 qui
2813 3723 3026 3778 semper
3052 3710 3182 3773 [uno
3226 3703 3530 3771 eodemque

1954 3802 2116 3856 modo
2152 3800 2468 3855 Altissimus
2513 3815 2593 3863 es,
2644 3800 2699 3855 in
2732 3799 2967 3854 excelsis
3006 3811 3195 3851 manes
3240 3809 3338 3865 per
3365 3806 3528 3847 omne

1954 3894 2237 3956 saeculum,
2270 3908 2381 3947 non
2403 3890 2655 3956 mutaris,
2676 3905 2786 3943 non
2818 3888 3095 3958 dejiceris,
3132 3901 3242 3941 non
3269 3882 3526 3948 verteris,

1953 4001 2065 4040 non
2104 3985 2278 4053 teipso
2301 3983 2494 4037 melior
2522 3980 2731 4044 evadis,
2763 3995 2865 4034 nec
2891 3980 2961 4034 iis
2988 3977 3082 4048 qui
3120 3977 3174 4030 in
3204 3983 3352 4030 terra
3396 3980 3527 4029 sunt

1952 4074 2251 4130 humilibus
2278 4072 2475 4128 similis
2497 4088 2576 4138 es,
2602 4087 2711 4126 non
2740 4071 2993 4141 exiguum
3023 4076 3116 4122 aut
3140 4066 3343 4121 humile
3366 4064 3527 4135 quid-

1950 4166 2097 4236 piam
2132 4168 2302 4220 sentis
2348 4175 2443 4216 aut
2472 4163 2611 4233 agis,
2665 4161 2760 4215 sed
2798 4160 2855 4213 in
2904 4167 3169 4213 aeternum
3197 4155 3297 4209 tibi
3329 4153 3526 4208 similis

1949 4272 2275 4330 permanes;
2316 4271 2420 4310 nos
2445 4263 2624 4309 autem
2664 4253 2920 4318 humiles,
2947 4250 3041 4321 qui
3065 4247 3303 4319 procula
3321 4246 3527 4314 virtute

1948 4358 2039 4403 tua
2072 4350 2357 4412 absumus,
2401 4347 2509 4400 alio
2544 4346 2757 4415 alioque
2788 4343 2951 4398 modo
2996 4340 3225 4397 ferimur
3260 4346 3314 4392 et
3343 4342 3523 4391 muta-

1946 4455 2090 4493 mur.
2120 4438 2325 4492 Inimici
2354 4438 2536 4507 itaque
2568 4437 2667 4501 tui,
2704 4434 2949 4499 Domine,
2982 4433 3076 4503 qui
3107 4446 3227 4486 sese
3249 4430 3380 4494 vita,
3402 4441 3526 4497 quas

269 4517 736 4591 μεταϐαλλόμεθα.
760 4523 823 4574 Οἱ
862 4523 960 4593 μὲν
992 4519 1085 4577 οὖν
1115 4524 1297 4594 ἐχθροί
1334 4543 1448 4591 σου,
1473 4526 1519 4579 ὦ
1549 4527 1740 4598 Κύριε,
1768 4527 1843 4592 ὡς

1960 4530 2092 4601 ψιλά
2126 4538 2180 4585 te
2205 4539 2308 4593 est,
2344 4530 2551 4583 alienos
2585 4525 3022 4590 constituerunt;
3057 4538 3121 4576 ac
3155 4524 3524 4591 praeoptarunt

267 4605 335 4659 ἂν
360 4608 585 4674 ἑαυτοὺς
617 4611 926 4683 ἀλλοτρίους
970 4616 1408 4687 καταστήσαντες
1439 4619 1539 4689 τῆς
1566 4619 1717 4691 παρά
1764 4621 1848 4673 σοὶ

264 4698 434 4769 ζωῆς,
471 4700 670 4773 ἔχθραν
702 4720 759 4755 τε
805 4706 924 4760 ἀντὶ
955 4706 1136 4776 φιλίας
1169 4707 1306 4781 πρὸς
1326 4709 1385 4761 σὲ
1412 4708 1504 4761 τὸν
1530 4710 1689 4780 μόνον
1710 4712 1848 4781 ἀγα-

265 4792 357 4846 θὸν
407 4793 673 4865 ἑλόμενοι,
732 4797 1078 4865 ἀπολοῦνται,
1119 4801 1330 4866 ἑαυτοῖς
1368 4800 1530 4855 αἴτιοι
1566 4803 1846 4874 γενόμενοι

261 4884 559 4949 ἀπωλείας,
610 4886 698 4940 διά
751 4887 811 4941 τὸ
838 4889 914 4960 μὴ
959 4890 1209 4963 ἐθελῆσαί
1252 4909 1334 4946 σοι
1375 4894 1713 4965 παραμένειν
1750 4896 1846 4949 καί

264 4991 346 5028 σοι
375 4976 707 5048 φιλωθῆναισ
750 4979 953 5053 ἔχθραν
994 4983 1051 5035 δὲ
1090 4984 1321 5057 ἄρασθαι
1343 4983 1442 5056 τὴν
1486 4986 1624 5057 πρὸς
1662 4988 1723 5039 σὲ
1754 4985 1844 5040 τὸν

263 5068 472 5121 ἑαυτῶν
503 5071 730 5142 ποιητήν
759 5090 818 5125 τε
846 5072 941 5125 καὶ
972 5074 1210 5145 σωτῆρα.
1234 5076 1326 5128 Διὸ
1348 5073 1451 5128 κᾶν
1485 5075 1654 5146 μυρία
1683 5092 1845 5129 συνα-

260 5162 504 5229 γάγωσιν
538 5162 596 5215 ὲν
622 5162 699 5233 τῷ
730 5163 828 5235 βίῳ
846 5164 1022 5236 τούτῳ
1042 5166 1322 5237 χρήματα,
1350 5168 1443 5221 καὶ
1466 5167 1716 5233 πλοῦτον,
1747 5169 1842 5223 καὶ

261 5251 590 5324 θησαυροὺς,
648 5253 781 5308 ἀλλά
824 5257 892 5309 τὰ
948 5255 1125 5310 πάντα
1159 5259 1255 5311 σὺν
1288 5261 1408 5322 ταῖς
1432 5260 1612 5313 αὐτῶν
1643 5261 1842 5331 ψυχαῖς

262 5344 356 5396 καὶ
402 5345 586 5409 αὐτοῖς
644 5347 858 5416 σώμασι
902 5346 1504 5420 διασκορπισθήσονται.
1560 5350 1702 5420 Ἐγὼ
1732 5353 1788 5405 δὲ
1814 5354 1842 5405 ὁ

258 5436 359 5508 τὴν
389 5437 527 5508 πρὸς
562 5438 621 5490 σὲ
645 5438 846 5507 γνῶσιν
865 5440 960 5493 καὶ
981 5440 1161 5509 φιλίαν
1177 5442 1586 5513 ἀσπασάμενος,
1615 5445 1709 5497 καὶ
1732 5443 1841 5499 τῶν

258 5526 468 5598 ἐχθρῶν
490 5545 583 5581 σου
610 5529 887 5603 ἀλλότριος
913 5530 1173 5600 γεγονὼς,
1191 5533 1512 5605 πέπεισμαι,
1532 5535 1613 5588 ὅτι
1629 5535 1726 5606 τῆς
1745 5536 1839 5589 ἐπὶ

256 5619 319 5672 τὸ
348 5624 597 5692 κρεῖττον
648 5624 952 5695 μεταϐολῆς
979 5624 1238 5697 τεύξομαι
1260 5629 1327 5697 τῇ
1367 5630 1432 5698 σῇ
1470 5627 1839 5700 δικαιοκρισίᾳ

258 5713 548 5767 πιστεύων·
578 5714 719 5769 ὥστε
747 5718 794 5769 εἰ
828 5716 922 5769 καὶ
954 5717 1092 5770 κατά
1121 5718 1212 5771 τὸν
1236 5719 1477 5789 παρόντα
1509 5718 1622 5788 βίον
1653 5717 1837 5783 ἄδοξός

258 5824 340 5872 τις
384 5805 524 5865 εἶναι
579 5810 789 5883 δοκοίην
841 5813 932 5865 καὶ
985 5812 1236 5875 ταπεινὸς
1280 5812 1427 5884 παρὰ
1460 5815 1571 5878 τοῖς
1602 5811 1832 5882 πολλοῖς,

1948 4624 2271 4680 inimicitias
2292 4631 2495 4686 tecum,
2526 4622 2621 4692 qui
2647 4622 2798 4677 solus
2829 4620 3006 4673 bonus
3028 4632 3109 4683 es,
3126 4629 3333 4685 gerere,
3355 4626 3522 4687 quam

1947 4715 2192 4769 amicitia
2221 4714 2329 4768 frui
2366 4725 2480 4779 tua,
2524 4712 2800 4781 peribunt,
2845 4708 3061 4777 .lbique
3111 4704 3216 4774 ipsi
3261 4700 3522 4772 perniciei

1946 4816 2201 4862 auctores
2234 4813 2395 4861 erunt
2450 4824 2464 4860 :
2506 4804 2634 4874 quia
2690 4803 2984 4857 noluerunt
3022 4798 3160 4868 apud
3209 4804 3263 4851 te
3300 4809 3523 4850 manere

1944 4899 2213 4968 amicique
2257 4898 2335 4951 tui
2375 4911 2533 4961 esse;
2592 4894 2687 4950 sed
2742 4892 3059 4948 inimicitias
3104 4889 3394 4944 adversum
3440 4892 3538 4957 te,-

1943 4990 2192 5061 opiﬁcem
2223 4998 2277 5044 et
2309 4995 2647 5043 servatorem
2680 5001 2864 5050 suum,
2906 4998 3216 5052 suscepere.
3249 4980 3523 5046 Quamob-

1941 5099 2059 5138 rem
2087 5081 2303 5137 etiamsi
2346 5079 2586 5133 inlinitas
2630 5080 2687 5133 in
2715 5080 2817 5132 hac
2844 5078 2955 5130 vita
2984 5075 3265 5145 pecunias,
3298 5072 3524 5128 divitias

1940 5185 1995 5232 et
2025 5176 2313 5231 thesauros
2336 5172 2631 5242 colligant;
2664 5171 2759 5226 sed
2791 5170 2973 5224 omnia
2999 5183 3122 5223 cum
3150 5164 3437 5220 animabus
3464 5170 3521 5219 et

1942 5267 2265 5337 corporibus
2289 5267 2530 5334 ipsorum
2560 5263 2956 5332 dispergentur.
2978 5258 3090 5330 Ego
3115 5272 3243 5313 vero
3289 5256 3384 5327 qui
3425 5269 3522 5309 co-

1942 5358 2238 5428 gnitionem
2273 5365 2326 5410 et
2354 5354 2647 5408 amicitiam
2685 5362 2829 5406 tuam
2865 5350 3225 5420 amplexatus,
3256 5353 3310 5401 et
3336 5344 3523 5400 inimi-

1941 5448 2021 5501 cis
2059 5447 2168 5502 tuis
2195 5446 2407 5500 alienus
2441 5443 2669 5500 effectus
2693 5456 2836 5507 sum,
2868 5455 3194 5511 persuasum
3233 5436 3408 5491 habeo
3429 5450 3521 5490 me

1940 5539 2301 5595 mutationem
2325 5537 2383 5591 i-i
2412 5537 2608 5591 melius
2637 5544 2927 5590 nacturum
2958 5547 3103 5597 esse,
3129 5531 3281 5601 justo
3308 5526 3520 5599 judicio

1939 5642 2035 5685 tuo
2080 5631 2239 5687 ﬁdem
2289 5629 2521 5685 habens.
2562 5627 2749 5699 Itaque
2789 5625 3005 5682 etiamsi
3035 5627 3091 5680 in
3119 5622 3370 5695 praesenti
3404 5621 3518 5673 vita

1940 5724 2208 5793 inglorius
2238 5731 2291 5778 et
2319 5724 2444 5777 vilis
2483 5738 2605 5777 esse
2635 5734 2800 5791 penes
2832 5719 3034 5774 multos
3062 5717 3281 5783 videar;
3320 5713 3417 5770 sed
3461 5712 3519 5767 in

1940 5817 2044 5876 ﬁne
2072 5833 2252 5873 rerum
2274 5818 2586 5887 exaltahor;
2613 5818 2718 5873 imo
2744 5815 2925 5886 potius
2954 5826 3126 5869 cornu
3159 5825 3338 5867 meum
3362 5806 3525 5889 exalj
