4068 6394
519 302 658 361 H79
1226 296 1497 352 EUSEBII
1534 294 2007 353 CESARIENSIS
2044 293 2194 350 OPP.
2236 292 2416 346 PARS
2445 290 2537 345 ll].
2571 320 2643 334 —
2676 286 3086 343 EXEGETICA.
3626 284 3770 340 H80

518 416 742 479 tabitur,
775 413 829 468 id
867 419 971 475 est,
1010 426 1134 481 spes
1182 411 1333 481 regni
1368 409 1514 465 illius
1544 409 1689 479 quod
1735 409 1878 479 apud
1910 419 1961 463 te
2000 423 2120 471 me,

2224 406 2300 458 λλ⁸
2325 410 2382 459 ἐν
2412 406 2489 477 τῷ
2520 405 2663 458 τέλει
2692 403 2799 456 τῶν
2833 400 3172 471 πραγμάτων
3213 396 3590 467 ὑψωθήσομαι,
3623 397 3773 467 μᾶλ-

520 512 941 564 consecuturum
994 510 1284 572 exspecto;
1327 517 1449 572 qua:
1511 501 1719 556 scilicet
1762 501 1881 571 pari
1930 498 2088 553 modo

2223 513 2277 548 ον
2303 496 2360 548 δὲ
2394 495 2454 548 τὸ
2488 494 2651 565 κέρας
2692 511 2791 564 μου
2835 492 3197 562 ὑψωθήσεται,
3250 487 3521 540 τουτέστιν
3549 489 3582 556 ἡ
3606 487 3773 550 ἐλπὶς

520 600 848 657 exaltabitur
878 605 1039 667 atque
1081 596 1383 651 unicornis.
1432 596 1566 650 Nam
1616 596 1663 650 si
1691 597 1816 666 quis
1846 603 1929 650 est
1968 594 2091 648 uni-

2223 586 2286 655 ἧς
2339 584 2795 655 προσδοκωμένης
2850 600 2950 652 μου
2981 580 3132 651 παρὰ
3188 579 3270 631 σοὶ
3314 576 3607 646 βασιλείας,
3641 578 3774 647 ἣτις

520 692 707 747 cornis
728 691 789 744 in
804 688 1199 759 spiritualibus,
1222 687 1385 757 quite
1414 686 1627 742 Patrem
1655 702 1814 743 suum
1842 694 1900 740 ut
1923 700 2089 739 unum

2224 675 2533 746 ψωθήσεται
2578 674 2851 739 τοσοῦτον,
2886 675 3008 726 ὅσον
3038 673 3132 725 καὶ
3163 672 3197 741 ή
3244 670 3339 722 τοῦ
3371 669 3771 739 μονοκέρωτος.

520 800 695 838 cornu
732 781 833 838 sibi
877 780 1131 847 ascribit;
1180 780 1318 835 bene
1361 779 1486 833 novi
1520 795 1626 844 me,
1663 779 1885 849 perinde
1930 785 2091 846 atque

521 874 697 935 illum,
735 870 1085 925 exaltandum
1124 884 1261 923 esse.
1310 868 1448 934 Quia
1491 870 1636 923 enim
1681 868 1927 923 batredes
1974 866 2090 931 Dei,

520 964 831 1019 cohaaredes
851 974 1028 1019 autem
1052 962 1251 1017 Christi
1272 976 1558 1026 vocamur;
1594 976 1753 1030 spero
1772 976 1857 1014 me
1879 961 2090 1024 eodem,

521 1074 631 1127 quo
661 1058 933 1119 Christus,
964 1071 1132 1127 regno
1163 1055 1457 1109 fruiturum
1500 1069 1644 1119 esse,
1680 1068 1803 1107 cum
1839 1060 2094 1108 senectus

522 1164 663 1211 mea,
692 1148 742 1202 id
778 1155 860 1201 est
888 1154 1131 1201 extrema
1159 1146 1282 1199 vita:
1311 1160 1464 1207 meae,
1518 1144 1845 1197 exaltabitur
1879 1144 1933 1197 in
1975 1143 2095 1197 oleo

522 1238 732 1309 pingui.
787 1237 1014 1291 Etiamsi
1061 1238 1203 1291 enim
1242 1236 1545 1305 juventutis
1575 1243 1627 1289 et
1662 1236 1865 1305 vigoris
1902 1235 2097 1289 animae

524 1345 659 1383 meae
686 1336 904 1398 tempus
941 1328 997 1381 in
1025 1328 1127 1381 hac
1159 1328 1294 1391 vita,
1335 1342 1434 1380 ceu
1481 1325 1535 1380 in
1566 1327 1885 1391 certamine,
1917 1326 2099 1379 humi-

526 1420 715 1473 liatum
758 1427 1111 1486 exerceatur;
1171 1426 1226 1472 at
1263 1426 1529 1481 extrema,
1566 1418 1850 1487 ipsiusque
1906 1418 2099 1471 animae

528 1518 804 1573 senectus,
841 1510 895 1565 id
924 1518 1008 1565 est
1037 1511 1439 1577 consummatio
1468 1510 1608 1579 ejus,
1641 1509 1999 1562 mutationem
2043 1509 2097 1561 in

2190 770 2254 821 Εί
2284 768 2392 839 γάρ
2412 768 2529 820 ἐστί
2556 785 2639 831 τις
2671 768 2728 819 ἐν
2778 768 2987 833 νοητοῖς
3040 763 3348 834 μονόκερως
3374 760 3430 813 ἒν
3455 760 3620 830 κέρας
3648 761 3777 811 ἐπι-

2190 860 2537 933 γραφόμενός
2564 877 2624 912 σε
2645 860 2733 912 τὸν
2766 857 2931 915 αὑτοῦ
2973 857 3213 927 Πατέρα,
3248 848 3306 906 εὖ
3329 849 3445 907 οἶδα
3476 852 3572 904 καὶ
3606 851 3776 913 αὑτὸς

2192 952 2391 1022 ὁμοίως
2427 951 2619 1021 ἐκείνῳ
2662 949 3097 1020 ὑψωθησόμενος.
3143 947 3294 998 Ἐπεὶ
3317 944 3422 1015 γὰρ
3455 941 3777 1013 κεκλήμεθα

2194 1043 2521 1115 κληρονόμοι
2556 1039 2694 1095 εἶναι
2725 1041 2882 1106 Θεοῦ,
2932 1037 3361 1108 συγκληρονόμοι
3410 1035 3467 1088 δὲ
3504 1032 3775 1105 Χριστοῦ,

2196 1137 2515 1206 πέπεισμαι,
2574 1134 2728 1206 φησὶ,
2778 1135 2875 1203 τῆς
2917 1132 3086 1203 αὐτῆς
3126 1130 3204 1201 τῷ
3241 1127 3458 1201 Χριστῷ
3491 1144 3583 1180 σου
3622 1126 3779 1195 βασι-

2196 1228 2345 1291 λείας
2382 1225 2730 1291 ἀπολαύσειν,
2769 1222 3007 1293 ὁπηνίκα
3049 1221 3109 1273 τὸ
3142 1219 3319 1291 γῆράς
3361 1234 3484 1288 μου,
3526 1216 3776 1268 τουτέστι

2197 1322 2265 1374 τὰ
2288 1319 2489 1389 ἔσχατα
2513 1319 2610 1388 τῆς
2635 1318 2773 1388 ἐμῆς
2796 1315 2942 1384 ζωῆς
2961 1312 3304 1383 ὑψωθήσεται
3331 1312 3387 1363 ἐν
3416 1310 3581 1378 ἐλαίῳ
3605 1308 3775 1361 πίονι.

2199 1418 2262 1470 Εἰ
2300 1416 2408 1486 γὰρ
2449 1414 2542 1466 καὶ
2592 1410 2659 1462 τὰ
2694 1408 2927 1477 μάλιστα
2968 1402 3037 1456 τὰ
3065 1402 3165 1472 τῆς
3194 1401 3443 1471 νεότητος
3470 1398 3565 1451 καὶ
3589 1397 3659 1450 τά
3680 1396 3783 1466 τῆς

2200 1506 2383 1576 ἀκμῆς
2406 1504 2505 1573 τῆς
2538 1500 2679 1570 ἐμῆς
2702 1496 2878 1565 ψυχῆς
2909 1493 2983 1555 ὡς
3024 1493 3081 1545 ἐν
3117 1491 3286 1559 ἀγῶνι
3320 1490 3396 1559 τῷ
3423 1489 3649 1559 παρόντι
3682 1486 3782 1555 βίῳ

528 1602 723 1658 melius
770 1602 1073 1668 obtinebit;
1129 1616 1192 1655 ac
1236 1601 1358 1654 oleo
1408 1600 1811 1669 superellluenti
1852 1600 2005 1653 diviti
2048 1609 2101 1655 et

2223 1594 2551 1651 παπεινοῦται
2577 1608 2644 1660 γυ
2654 1587 2987 1660 μναζόμενα,
3008 1584 3143 1639 ἀλλά
3160 1583 3229 1637 τά
3252 1600 3315 1651 γε
3331 1582 3535 1651 ἔσχατα
3564 1580 3661 1632 καὶ
3680 1578 3783 1648 τῆς

530 1694 740 1764 pingui,
766 1695 907 1763 apud
931 1702 983 1748 te
1014 1694 1324 1748 misericors
1352 1691 1515 1756 Deus,
1539 1692 1921 1747 vivificabitur.
1944 1691 2099 1745 Tunc

2223 1688 2378 1758 μυχῆς
2409 1683 2576 1751 αὑτῆς
2622 1681 2682 1733 τὸ
2721 1679 2919 1749 γῆρας,
2954 1674 3229 1729 τουτέστιν
3268 1675 3301 1744 ἡ
3341 1671 3620 1733 τελείωσις
3652 1670 3781 1722 τεύ-

530 1800 664 1838 sane
690 1784 880 1838 oculus
911 1799 1063 1837 meus
1093 1783 1183 1852 qui
1217 1798 1380 1851 super
1402 1789 1716 1852 peccatores
1741 1782 2097 1844 contabescit,

2223 1782 2351 1845 ξεται
2380 1775 2477 1845 τῆς
2508 1773 2598 1825 ἐπὶ
2618 1770 2678 1824 τὸ
2711 1771 2959 1840 κρεῖττον
2981 1764 3301 1837 μταόολῆς,
3329 1765 3385 1815 ἐν
3414 1762 3577 1833 ἐλαίῳ
3596 1779 3785 1832 περιτ-

529 1882 584 1930 et
615 1875 894 1928 mortalem
923 1875 1088 1926 vitam
1121 1874 1387 1944 deplorat,
1423 1874 1492 1928 ab
1532 1874 1771 1928 inimicis
1804 1873 1940 1928 meis
1971 1888 2102 1927 con-

2223 1870 2410 1923 τεύοντι
2458 1866 2551 1919 καὶ
2609 1860 2851 1931 πλουσίῳ
2902 1859 2997 1913 καὶ
3034 1857 3197 1922 πίονι,
3225 1855 3303 1926 τῷ
3358 1854 3509 1925 παρά
3554 1854 3658 1916 σοὶ,
3707 1852 3784 1922 τῷ

531 1964 815 2034 spicietur,
848 1979 1052 2033 eosque
1080 1964 1288 2019 debitas
1315 1980 1506 2034 pmnas
1542 1965 1692 2019 luere
1734 1964 1967 2029 videbit;
2008 1964 2100 2034 qui

2223 1963 2452 2034 ;λεήμονι
2476 1956 2594 2027 Θεῷ
2620 1953 2947 2026 ζησομένης.
2986 1950 3119 2004 Τότε
3146 1948 3210 2019 δὴ
3236 1948 3356 2000 τότε
3386 1947 3478 1999 καὶ
3510 1945 3551 1996 ό
3570 1945 3664 1997 νῦν
3693 1945 3789 1997 ἐπὶ⁸

526 2056 641 2125 jam
692 2054 836 2124 apud
884 2055 1086 2109 multos
1136 2054 1308 2125 gloria
1343 2056 1710 2120 celebrantur,
1759 2070 2103 2125 quorumque

2223 2057 2316 2117 τοῖς
2368 2048 2709 2122 ἁμαρτωλοῖς
2760 2042 3123 2114 ἐκτηκόμενός
3175 2057 3275 2111 μου
3334 2037 3610 2107 ὀφθαλμὸς
3632 2076 3649 2100 ,
3693 2037 3789 2087 καὶ

532 2150 658 2204 finis
695 2148 1022 2218 dispersioni
1056 2148 1321 2203 tradetur.
1372 2146 1527 2203 Tunc
1563 2163 1671 2202 non
1706 2148 1870 2201 modo
1911 2147 2103 2201 oculus

2223 2145 2295 2198 :bv
2327 2141 2517 2211 θνητὸν
2553 2137 2665 2208 βίον
2694 2133 3126 2203 ἀποκλαόμενος,
3150 2128 3412 2218 ἐπόψεται
3430 2129 3542 2189 τοῖς
3573 2125 3668 2218 ἐχθ
3679 2126 3788 2218 ροῖς

2210 2250 2332 2305 μου,
2366 2229 2508 2300 ὁρῶν
2559 2226 2714 2296 δίκην
2758 2225 2858 2295 τήν
2902 2223 3222 2293 πρέπουσαν
3254 2217 3493 2305 διδόντας
3540 2216 3668 2277 τοὺς
3696 2213 3791 2265 νῦν

2209 2302 2361 2396 παρά
2406 2323 2520 2383 τοῖς
2554 2317 2770 2379 πολλοῖς
2816 2312 3228 2383 δοξαζομένους,
3261 2302 3335 2362 ὧν
3380 2307 3441 2360 τδ
3494 2307 3649 2369 τέλος
3675 2307 3793 2359 δια-

2211 2410 2538 2485 σκορπισμῴ
2564 2405 3020 2479 παραδοθήσεται.
3038 2403 3171 2455 Τότε
3188 2401 3245 2455 δὲ
3269 2400 3330 2453 οὐ
3363 2399 3520 2470 μόνον
3540 2401 3569 2451 ὁ
3593 2397 3792 2465 ὀφθαλ-

2214 2505 2311 2575 μός
2336 2521 2461 2575 μου,
2498 2498 2633 2554 ἀλλά
2676 2498 2770 2552 καὶ
2817 2495 2949 2549 αὑτὸ
2995 2494 3056 2547 τὸ
3084 2486 3177 2555 οὖς
3203 2493 3303 2561 τῆς
3338 2489 3478 2560 ἐμῆς
3514 2488 3694 2558 ψυχῆς
3735 2488 3796 2539 τὸ

2209 2599 2362 2661 τέλος
2420 2593 2711 2649 ἀκούσεται
2772 2589 2880 2642 τῶν
2932 2587 3170 2657 σήμερον
3223 2582 3671 2652 ἐπανισταμένων
3710 2580 3795 2633 ἐπ’

2212 2689 2314 2759 ὲμέ
2344 2686 2438 2740 καὶ
2470 2679 2942 2753 πονηρευομένων.
2970 2675 3187 2729 Τούτων
3213 2674 3257 2727 δ’
3276 2667 3369 2726 οὖν
3388 2672 3548 2725 ἕνεκα
3580 2672 3799 2723 πάντων

537 2791 649 2839 tem
679 2785 761 2839 vir
791 2762 1054 2854 insipiens
1080 2794 1133 2839 et
1158 2785 1359 2840 stultus
1396 2801 1503 2839 non
1533 2784 1783 2853 intelligit
1808 2784 1941 2838 haec.
1968 2782 2115 2849 Quae

2223 2775 2652 2850 ὑπερθαυμάζων
2667 2773 2794 2835 τοὺς
2814 2773 2913 2841 τῆς
2942 2769 3041 2838 σῆς
3064 2766 3555 2839 προνοίας’λόγους,
3591 2764 3685 2816 καὶ
3704 2762 3803 2854 τήν

542 2884 765 2945 propter
811 2851 933 2929 dico
974 2895 988 2932 :
1037 2876 1209 2940 Quam
1259 2878 1601 2946 magniﬁcata
1638 2851 1760 2930 sunt
1793 2893 1950 2945 opera
1996 2887 2110 2942 tua,

2223 2869 2583 2941 ἀποκειμένην
2623 2867 2737 2928 τοῖς
2769 2865 2902 2916 πᾶσι
2930 2859 3081 2933 παρά
3117 2858 3211 2912 σοῦ
3240 2855 3660 2926 δικαιοκρισίαν,
3692 2851 3811 2921 ἐγὼ

541 2968 800 3021 Domine!
830 2982 930 3022 nec
958 2968 1119 3021 modo
1148 2966 1429 3037 profundae
1459 2966 1615 3021 factae
1653 2975 1800 3031 sunt,
1832 2970 1925 3024 sed
1958 2970 2115 3023 valde

2223 2968 2318 3039 μὲν
2370 2965 2875 3037 ὑπερευφραίνομαι
2932 2961 3024 3015 καὶ
3073 2956 3314 3028 ἀγαλλιῶ
3345 2955 3436 3008 ἐπὶ
3475 2956 3587 3017 τοῖς
3619 2952 3806 3022 ἔργοις

538 3057 819 3129 profunda:
843 3057 1000 3127 facta:
1027 3068 1146 3112 sunt
1180 3060 1520 3129 cogitationes
1552 3069 1693 3124 tua);
1726 3060 1927 3129 quibus
1972 3062 2115 3132 cogi-

2223 3062 2324 3115 τῶν
2358 3059 2555 3132 χειρῶν
2616 3075 2740 3112 σου·
2779 3059 2886 3121 πᾶς
2926 3055 2985 3109 δέ
3013 3054 3202 3124 ἄφρων
3242 3050 3380 3121 ἀνὴρ
3421 3049 3515 3101 καὶ
3546 3045 3805 3105 ἀσύνετος

544 3149 844 3204 tationibus
866 3164 1066 3204 arcano
1096 3159 1150 3203 et
1181 3150 1452 3221 profundo
1482 3152 1642 3205 modo
1677 3154 1988 3207 universum
2020 3154 2115 3207 ad-

2223 3154 2279 3208 οὐ
2330 3122 2545 3224 συνίησι
2593 3151 2788 3206 ταῦτα.
2824 3150 2914 3202 Διὸ
2948 3149 3012 3219 δή
3058 3122 3233 3216 φημι*
3281 3142 3378 3208 Ὠς
3424 3138 3805 3208 smmum-en

546 3240 826 3296 ministras
862 3259 876 3295 :
908 3255 972 3294 ac
1001 3241 1138 3297 sinis
1181 3242 1400 3311 quidem
1432 3253 1485 3297 et
1530 3241 1806 3305 concedis,
1860 3250 1921 3296 ut
1966 3243 2117 3313 impii

2223 3246 2291 3300 τὰ
2308 3247 2453 3316 ἔργα
2487 3259 2623 3307 σου,
2669 3242 2889 3311 Κύριε]
2922 3242 3017 3293 καὶ¹
3051 3239 3150 3308 οὑχ
3185 3234 3370 3297 ἁπλῶς
3408 3229 3806 3297 ἐδαθύνθησαν,

547 3334 650 3388 boc
668 3342 909 3401 tempore
939 3336 1247 3389 exaltentur
1284 3342 1338 3390 et
1380 3336 1743 3401 extollantur;
1771 3334 1842 3404 pii
1872 3350 1999 3389 vero
2017 3336 2119 3389 hu-

2223 3337 2355 3392 ἀλλά
2380 3337 2615 3407 σφόδρα
2662 3327 3080 3398 ἐόἱιθύνθησαγ
3129 3330 3185 3381 οἱ
3234 3321 3615 3393 διαλογισμοί
3655 3332 3803 3371 σου·

549 3428 846 3490 milientur,
884 3443 1115 3498 quorum
1159 3435 1335 3482 tamen
1385 3428 1507 3481 linis
1542 3428 1777 3481 mirabili
1817 3434 1869 3481 et
1904 3428 2120 3497 sapien-

2223 3429 2345 3485 καθ’
2380 3428 2473 3492 οὓς
2492 3426 2875 3496 διαλογισμοὺς
2898 3423 3226 3494 ἀποῤῥήτως
3242 3418 3338 3471 καὶ
3361 3415 3566 3486 βαθέως
3588 3412 3808 3472 διοικεῖς

548 3519 773 3573 tissimus
804 3518 1199 3589 dispensationi
1226 3531 1329 3572 tuae
1358 3518 1728 3573 testimonium
1753 3518 1975 3587 praebet,
2001 3532 2120 3587 qua:

2225 3521 2284 3573 τὺ
2314 3522 2441 3582 πᾶν,
2474 3518 2784 3587 ἐπιτρέπων
2821 3516 2914 3568 καὶ
2945 3512 3241 3583 συγχωρῶν
3274 3507 3495 3562 ἀσεϐέσι
3543 3504 3643 3575 μὲν
3671 3501 3813 3555 κατὰ

550 3612 900 3681 conspicatus
930 3610 1152 3664 divinus
1188 3610 1480 3680 Apostolus
1512 3610 1591 3663 sic
1622 3609 1957 3664 vociferatus
1988 3616 2072 3663 est
2106 3627 2117 3661 :

2228 3611 2320 3663 τὸν
2345 3610 2585 3680 παρόντα
2637 3606 2825 3678 καιρὸν
2874 3603 3198 3675 ἐπαίρεσθαι
3238 3592 3330 3654 κάὶ
3362 3595 3649 3667 ὑψοῦσθαι,
3686 3593 3813 3654 τοὺς

553 3702 599 3759 0
630 3704 856 3757 altitudo
879 3704 1183 3756 divitiarum
1207 3704 1482 3771 sapientia:
1500 3710 1547 3755 et
1574 3702 1805 3755 scientia:
1824 3700 1938 3764 Dei,
1965 3716 2120 3769 quam

2229 3702 2285 3754 δέ
2316 3700 2556 3763 εὐσεϐεῖς
2598 3695 3008 3760 ταπεινοῦσθαι,
3041 3688 3115 3748 ιῖρν
3153 3693 3222 3746 τὰ
3254 3690 3381 3761 τέλη
3420 3688 3690 3760 μαρτυρεῖ
3722 3700 3816 3735 σου

551 3794 1098 3865 incomprehensibilia
1126 3804 1247 3847 sunt
1269 3793 1475 3863 judicia
1499 3795 1612 3862 ejus
1654 3802 1703 3847 et
1737 3791 2120 3863 investigabiles

2229 3796 2295 3863 τῇ
2339 3793 2624 3862 θαυμαστῇ
2672 3790 2765 3843 καὶ
2794 3786 3053 3855 πανσόφῳ
3075 3784 3366 3854 διοικήσειο
3410 3779 3447 3833 ἃ.
3476 3777 3541 3847 δὴ
3587 3771 3816 3827 συνιδὼν

532 2255 709 2305 meus,
742 2239 838 2295 sed
877 2240 1039 2295 etiam
1079 2239 1227 2293 auris
1275 2239 1469 2293 animae
1515 2254 1668 2302 meae,
1705 2238 1867 2293 ﬁnem
1924 2237 2105 2292 audiet

531 2345 746 2394 eorum,
774 2331 868 2400 qui
893 2330 1008 2399 jam
1040 2329 1329 2400 insurgunt
1354 2330 1643 2384 adversum
1668 2344 1755 2383 me
1784 2337 1838 2383 et
1872 2329 2107 2400 maligne

535 2432 722 2493 agunt.
752 2422 957 2478 Horum
978 2438 1107 2493 ergo
1132 2424 1375 2477 onmium
1404 2438 1569 2477 causa
1599 2422 1962 2476 admiratione
1983 2437 2109 2492 per-

536 2516 725 2570 culsus
780 2515 848 2570 de
905 2516 1262 2585 providentia:
1316 2527 1419 2569 tuae
1461 2516 1692 2577 ratione,
1728 2522 1781 2567 et
1832 2513 1902 2568 de
1958 2514 2109 2582 justo

534 2603 740 2673 judicio
767 2604 864 2658 abs
899 2611 951 2659 te
978 2604 1232 2658 omnibus
1262 2602 1558 2665 reddendo,
1581 2618 1680 2673 ego
1709 2601 1927 2671 quidem
1959 2602 2111 2655 laetor

536 2704 593 2749 et
617 2697 833 2750 exsulto
860 2696 916 2749 in
949 2696 1205 2765 operibus
1233 2711 1493 2748 manuum
1528 2702 1779 2760 tuarum;
1808 2694 1987 2749 omnis
2014 2709 2112 2748 au-

554 3888 652 3941 viaz
677 3888 791 3953 ejus
815 3887 857 3916 ²⁰
883 3887 897 3940 l

2232 3883 2328 3936 καὶ
2354 3885 2381 3935 ὁ
2399 3882 2540 3946 θεῖος
2556 3879 2879 3941 Ἀπὸστολος
2897 3875 3207 3946 ἐξεφώνησε
3226 3874 3307 3936 τὸ,
3328 3872 3389 3924 ’Ὡ
3417 3869 3609 3934 ,Βάθος
3632 3864 3819 3917 πλεύ-

552 3999 660 4036 του
707 3982 804 4035 καὶ
844 3981 1064 4051 σοφίας
1094 3980 1193 4036 καὶ
1215 3979 1481 4051 γνώσεως
1521 3980 1690 4045 Θεοῦ,
1750 3980 1830 4046 ὡς
1881 3978 2320 4049 ἀνεξερεύνητα
2359 3981 2433 4034 τὰ
2466 3976 2720 4051 χρίματὰ
2775 3990 2927 4049 Δσου,
2976 3974 3075 4027 καὶ
3119 3968 3563 4038 ἀνεξιχνίαστοι
3595 3966 3658 4017 αἱ
3690 3960 3819 4015 ὁδοὶ

553 4073 761 4127 αὑτοῦ.

627 4188 794 4244 Vens.
832 4190 919 4254 i5,
950 4190 1034 4246 14.
1069 4187 1259 4245 Justus
1288 4200 1345 4246 ut
1375 4193 1554 4260 palma
1588 4191 1828 4260 ﬂorebit,
1858 4191 1993 4245 sicut
2044 4207 2127 4244 ce-

556 4282 707 4345 drus,
734 4298 851 4352 quae
878 4284 933 4335 in
965 4281 1165 4337 Libano
1196 4294 1295 4349 est,
1320 4284 1779 4352 multiplicabitur.
1805 4283 2130 4339 Peccatores

2304 4188 2541 4250 Δίκαιος
2587 4184 2668 4249 ὡς
2708 4179 2910 4251 φοίνιξ
2952 4175 3228 4244 ἀνθήσει,
3267 4173 3347 4238 ὡς
3378 4172 3414 4239 ἡ
3440 4168 3725 4237 κέδροςτὶ
3751 4168 3825 4221 ἐγ

2235 4277 2315 4344 τῷ
2337 4275 2568 4341 Λιϐάνῳ
2594 4269 3107 4342 πληθυνθήσεται.
3132 4267 3195 4318 Οἱ
3225 4264 3322 4335 μέν
3345 4259 3663 4332 ἁμαρτωλοὶ⁸
3689 4258 3822 4310 ὡσεὶ

556 4372 778 4443 quidem
816 4372 959 4425 sicut
1007 4371 1193 4425 fenum
1221 4375 1444 4454 exoriri,
1479 4382 1534 4429 et
1569 4375 1635 4428 ad
1673 4375 1980 4443 exemplum
2020 4373 2120 4428 feni

2238 4370 2429 4440 χόρτος
2489 4367 2736 4434 ἐλέγοντο
2789 4360 3104 4417 ἀνατέλλειν
3124 4399 3138 4422 ,
3185 4356 3282 4410 καὶ
3340 4351 3691 4422 καταλλήλως
3713 4349 3825 4462 ,τῷ

560 4482 672 4521 non
699 4465 792 4519 diu
824 4472 1008 4532 postea
1052 4465 1230 4533 perire
1276 4466 1405 4519 dicti
1433 4478 1581 4521 sunt.
1612 4466 1746 4520 Nam
1776 4475 2023 4520 exortum
2057 4464 2134 4518 fe-

561 4571 693 4610 num
724 4555 906 4609 statim
937 4555 1408 4621 exsiccatumest,
1439 4566 1492 4610 et
1513 4556 1611 4611 flos
1641 4556 1863 4624 decidit,
1885 4572 1950 4611 eo
1975 4572 2134 4625 pror-

562 4663 660 4703 sus
691 4647 854 4701 modo
887 4660 996 4715 quo
1043 4654 1384 4715 peccatorum
1434 4647 1545 4699 vita
1592 4655 1646 4701 et
1694 4647 1885 4717 gloria.
1944 4646 2136 4703 Justus

564 4745 747 4793 autem
775 4751 883 4791 non
916 4736 1059 4790 sicut
1100 4735 1282 4790 fenum
1307 4774 1322 4799 ,
1362 4736 1456 4791 sed
1491 4739 1684 4806 palma:
1713 4739 1887 4793 instar
1924 4738 2141 4795 florebit

567 4841 788 4883 sursum
828 4824 1043 4879 radices
1070 4831 1125 4877 et
1152 4838 1337 4879 comas
1362 4822 1627 4891 efferens;
1662 4840 1837 4894 neque
1870 4825 2021 4879 humi
2041 4841 2141 4895 po—

567 4920 725 4981 sitas,
758 4918 854 4972 sed
882 4917 950 4971 ad
991 4917 1187 4971 etelum
1216 4923 1486 4971 extensas.
1513 4915 1630 4981 Qua
1663 4916 1730 4971 de
1757 4931 1921 4972 causa
1952 4918 2145 4987 palmae

568 5008 787 5080 quidem
811 5008 994 5077 justus
1036 5015 1423 5077 comparatur;
1460 5023 1569 5062 non
1605 5017 1784 5063 autem
1815 5009 1979 5063 unico
2028 5009 2146 5078 pal—

571 5116 675 5155 mae
698 5110 932 5154 trunco:
968 5114 1094 5153 nam
1128 5102 1183 5152 in
1211 5099 1376 5153 ramis
1422 5099 1817 5169 multiplicatur
1842 5138 1856 5163 ,
1901 5100 1995 5170 qui
2029 5115 2141 5154 una

572 5206 699 5247 cum
730 5190 823 5245 illa
860 5199 915 5246 et
963 5199 1059 5261 per
1090 5190 1236 5243 illam
1268 5190 1497 5244 salutem
1540 5199 1971 5261 consequuntur.
2026 5189 2146 5256 Qua

576 5284 645 5339 dc
660 5298 829 5338 causa
861 5280 1260 5352 comparandus
1294 5281 1420 5335 item
1444 5282 1628 5347 cedro,
1655 5298 1764 5338 non
1787 5284 2029 5345 cuilibet,
2051 5284 2148 5338 sed

577 5378 629 5434 el
662 5392 785 5447 qua
818 5376 871 5429 in
900 5373 1110 5430 Libano
1144 5384 1248 5430 est.
1295 5373 1574 5444 Multiplex
1607 5385 1785 5430 autem
1818 5376 1909 5429 illa
1938 5385 2040 5437 est,
2069 5383 2151 5428 at-

579 5485 691 5538 que
717 5467 1009 5522 admodum
1044 5483 1274 5522 numero
1304 5467 1723 5536 crescit,utpote
1748 5483 1868 5538 qua:
1890 5469 1942 5521 in
1968 5474 2151 5523 monte

584 5559 972 5631 pinguissimo,
1024 5559 1119 5630 qui
1151 5558 1485 5616 celsissimas
1518 5559 1741 5615 arbores
1795 5559 2048 5629 producit
2097 5566 2151 5615 et

693 5716 738 5747 ²⁶
776 5684 935 5770 Rom.
976 5729 1027 5769 xu
1054 5756 1067 5776 .
1102 5715 1191 5769 53.

2239 4458 2647 4531 παραδείγματι
2669 4454 2763 4508 τοῦ
2800 4453 3014 4525 χόρτου,
3041 4449 3234 4511 οὑκείς
3275 4444 3483 4517 μακρὸν
3512 4441 3823 4512 διαφθείρε-

2238 4552 2382 4604 σθαι·
2420 4550 2537 4619 ἆμα
2563 4564 2624 4600 τε
2651 4546 2760 4617 γὰρ
2797 4542 3067 4598 ἀνέτειλεν
3098 4542 3126 4593 ὁ
3155 4538 3348 4609 χόρτος
3394 4533 3488 4588 καὶ
3526 4532 3823 4603 ἐξηράνθη,

2240 4642 2335 4695 καὶ
2359 4638 2418 4691 τὸ
2437 4637 2595 4700 ἄνθος
2610 4636 2887 4700 ἐξέπεσεν,
2919 4631 3107 4701 ὥσπερ
3127 4624 3218 4682 οὖν
3249 4626 3345 4679 καὶ
3366 4627 3400 4695 ή
3429 4624 3539 4677 τῶν
3563 4624 3823 4693 ἁμαρτω-

2243 4735 2349 4789 λῶν
2378 4734 2488 4804 ζωή
2519 4750 2579 4785 τε
2606 4732 2701 4784 καὶ
2730 4728 2855 4792 δόξα
2873 4746 2886 4758 ο
2916 4729 2945 4780 ὁ
2990 4725 3048 4779 δὲ
3078 4724 3284 4785 δίκαιος
3315 4722 3376 4773 οὐ
3410 4719 3551 4772 κατά
3576 4717 3671 4769 τὸν
3701 4716 3824 4786 χόρ-

2245 4846 2356 4892 τον,
2381 4826 2516 4881 ἀλλά
2541 4824 2779 4894 φοίνικος
2798 4820 2952 4889 δίκην
2971 4816 3218 4887 ἀνθήσει,
3248 4814 3359 4867 ἄνω
3392 4828 3496 4864 που
3521 4810 3706 4880 φέρων
3731 4807 3824 4869 τὰς

2249 4920 2425 4993 ῥίζας,
2467 4918 2561 4970 καὶ
2601 4915 2701 4978 τὰς
2741 4911 2938 4982 κομάς,
2971 4911 3032 4962 οὑ
3072 4908 3248 4979 χαμαὶ
3285 4903 3566 4993 κειμένας,
3752 4900 3829 4961 είς

2249 4988 2475 5080 οὐρανὸν
2503 5002 2903 5074 ἐκτεινομένας.
2942 4998 3158 5052 Τούτων
3194 4994 3292 5065 μὲν
3329 4989 3419 5046 οὖν
3442 4992 3605 5044 ἓνεκα
3630 4988 3850 5057 φοίνικι-

2250 5096 2627 5168 παραϐληθείη
2655 5095 2721 5148 ἂν
2742 5096 2771 5147 ό
2797 5093 3024 5154 δίκαιος,
3060 5090 3161 5142 οὑκ
3207 5086 3286 5139 ἔτι
3335 5085 3393 5138 δὲ
3439 5083 3533 5136 καὶ
3554 5080 3632 5150 τῷ
3678 5096 3829 5150 μονο-

2256 5194 2380 5262 φυεῖ
2411 5189 2649 5258 στελέχει
2692 5184 2787 5239 τοῦ
2836 5184 3078 5254 φοίνικος
3098 5199 3111 5211 ·
3144 5175 3475 5247 πολυπληθεῖ
3497 5172 3605 5244 γὰρ
3631 5175 3688 5225 ἐν
3721 5172 3830 5262 τοῖς

2255 5253 2469 5344 κλάδοις
2495 5253 2606 5342 τοῖς
2638 5277 2753 5349 ἅμα
2774 5253 2921 5344 αὑτῷ
2947 5274 3042 5326 καὶ
3065 5272 3132 5324 δι’
3155 5267 3318 5323 αὑτοῦ
3346 5263 3695 5335 σωζομένοις.
3732 5253 3828 5349 ’Ὧν

2255 5374 2419 5427 ἓνεκα
2450 5346 2821 5440 παραϐλήτέον
2852 5366 2988 5434 αὐτῇ
3014 5366 3079 5432 τῇ
3103 5360 3306 5431 κέδρῳ,
3330 5356 3429 5425 οὐχ
3455 5350 3665 5413 ἁπλῶς,
3696 5346 3831 5440 ἀλλὰ

2255 5467 2322 5535 τῇ
2356 5465 2412 5517 ἐν
2448 5438 2541 5531 τῷ
2584 5460 2826 5528 Λιϐάνῳ·
2864 5453 3039 5524 πολλὴ
3065 5452 3122 5504 δὲ
3161 5450 3299 5520 αὕτη
3336 5447 3431 5500 καὶ
3475 5438 3830 5515 μεγαλοφυῶς

2258 5534 2569 5627 πληθύουσα
2590 5570 2601 5583 ·
2641 5550 2734 5606 ἅτε
2763 5553 2818 5605 ἐν
2842 5548 2956 5620 ὄρει
2981 5545 3189 5616 φύουσα
3206 5537 3591 5610 λιπαρωτάτῳ,
3608 5534 3832 5605 φέροντι
