4068 6394
304 333 437 388 1181

1421 334 1925 392 COMMENTARIA
1964 339 2033 394 IN
2070 340 2406 399 PSALMOS.

3407 347 3541 404 H89

300 448 395 501 καὶ⁸
450 447 700 521 τρέφοντι
751 447 1099 521 οὐρανομήκη
1146 449 1305 518 φυτά.
1360 450 1514 505 Οὕτω
1561 453 1605 506 δ’
1650 446 1741 505 οῦν
1782 452 1875 505 καὶ

1977 455 2091 519 alit,
2125 465 2404 513 nascatur.
2460 457 2551 512 Sic
2598 460 2781 529 itaque
2827 458 3032 528 justus,
3064 459 3302 516 infinitos
3357 477 3542 518 secum

295 541 325 592 6
375 543 602 603 δίκαιος,

298 629 447 701 αὐτῷ
496 629 851 701 σωζομένους,
900 632 1039 685 κατά
1072 633 1230 685 τοῦτο
1280 634 1376 703 μὲν
1419 633 1485 688 ἂν
1524 636 1769 706 ἐμφερὴς
1806 638 1872 706 τῇ

298 722 505 793 κέδρῳ,
558 722 639 793 τῷ
692 723 747 775 δὲ
794 723 992 792 φοίνικι
1024 724 1164 777 κατά
1204 725 1273 778 τά
1304 725 1477 790 ἄλλως
1510 726 1871 798 δεδηλωμένα.

310 813 450 865 Ἀλλ’
477 813 537 866 οὐ
565 813 793 867 τοιοῦτοι
814 810 950 885 ἦσαν
969 815 1016 867 οἱ
1047 813 1281 879 ἀσεϐεῖς,
1300 817 1347 868 οί
1368 815 1498 869 ὡσεὶ
1529 817 1719 888 χόρτος
1742 817 1874 870 ἀνα-

296 904 577 968 τέλλοντες
629 906 721 958 καὶ
752 907 1088 978 παραχρῆμα
1135 908 1536 978 ἀφανιζόμενοι.
1572 912 1873 978 Πεφυτευ-

292 993 466 1063 μένοι
501 996 573 1049 ἐν
622 995 701 1060 τῷ
753 996 896 1062 οἴκῳ
922 996 1029 1049 τοῦ
1065 997 1236 1061 Θεοῦ,
1277 998 1346 1050 ἐν
1378 998 1507 1064 ταῖς
1530 999 1744 1063 αὐλαῖς
1767 998 1874 1051 τοῦ

302 1084 452 1138 Θεοῦ
511 1084 679 1153 ἡμῶν
734 1085 1162 1151 ἐξανθήσουσι.
1221 1088 1452 1151 Σπόινιος
1496 1090 1592 1160 μὲν
1632 1092 1660 1143 6
1691 1090 1876 1160 ἄκρως

300 1176 523 1238 τέλειος,
547 1179 574 1229 ὁ
600 1177 910 1241 καὶδίκαιος
935 1178 1336 1249 ὠνομασμένος,
1370 1181 1569 1249 φοίνικι
1591 1182 1682 1233 καὶ
1703 1181 1876 1252 κέδρῳ

303 1268 789 1340 παραϐεϐλημένος
808 1286 821 1299 ο
847 1271 969 1321 ἐπεὶ
996 1270 1052 1322 δὲ
1080 1270 1156 1341 μὴ
1186 1270 1384 1334 πάντες
1406 1259 1658 1337 τοῖοῦτοι,
1682 1272 1872 1337 ἰστέον,

302 1359 385 1411 ὅτι
421 1360 515 1411 καὶ
539 1359 645 1411 τῶν
674 1359 1059 1431 ἀτελεστέρων,
1096 1360 1233 1429 πλὴν
1266 1361 1400 1414 ἀλλά
1422 1361 1522 1431 τῆς
1558 1363 1616 1414 ὲν
1639 1361 1716 1432 τῷ
1742 1362 1876 1431 οἴκῳ

302 1448 397 1501 τοῦ
419 1447 551 1501 Θεοῦ
579 1450 803 1518 φυτείας
834 1449 1175 1519 ἠξιωμένων,
1204 1450 1318 1503 ἔστι
1350 1468 1401 1503 τι
1435 1451 1639 1519 ἀγαθὸν
1683 1450 1838 1515 τέλος
1857 1469 1871 1482 ·

303 1542 362 1592 ὲν
393 1540 519 1609 γοῦν
563 1543 683 1603 ταῖς
738 1540 929 1605 αὐλαῖς
969 1540 1062 1594 τοῦ
1113 1541 1246 1594 Θεοῦ
1290 1542 1450 1613 ἡμῶν
1501 1542 1872 1612 ὲξανθήσουσι.

302 1632 535 1704 Νοήσεις
563 1633 619 1685 δὲ
651 1632 919 1685 καὶτοῦτο
939 1628 1085 1687 οἷκον
1121 1633 1292 1703 μέγαν
1315 1634 1517 1703 Κυρίου
1543 1634 1753 1687 ἁκούων
1779 1636 1876 1705 τὴν

315 1724 641 1796 Ἐκκλησίαν
686 1723 871 1786 αὐτοῦ,
924 1724 1022 1794 τὴν
1051 1724 1141 1775 ἐπὶ
1179 1725 1300 1794 γῆς,
1336 1725 1477 1777 κατά
1500 1725 1590 1778 τὸν
1631 1727 1876 1796 φήσαντα

663 539 886 611 μυρίους
945 540 1079 611 ἔχων
1125 542 1250 605 τοὺς
1298 542 1367 595 δι’
1413 543 1578 596 αὐτοῦ
1629 544 1723 597 καὶ
1777 546 1874 597 σὺν

1976 548 2183 604 habens
2210 552 2303 620 qui
2338 550 2510 620 ipsius
2553 565 2717 619 opera
2748 551 2978 606 salutem
3035 561 3440 623 assequuntur,
3479 570 3541 609 ea

1974 641 2193 709 quidem
2250 643 2460 697 ratione
2504 642 2669 697 cedro
2715 645 3151 714 comparandus,
3209 647 3314 701 alia
3362 656 3542 702 autem

1975 733 2125 802 prius
2158 735 2461 798 enuntiata,
2488 735 2701 804 palmae.
2760 735 2828 788 At
2859 751 2967 790 non
3025 737 3337 806 hujusmodi
3387 745 3546 793 erant

1973 824 2145 893 impii,
2181 825 2294 893 qui,
2318 835 2573 895 tanquam
2608 826 2788 880 fenum
2818 828 3016 891 exorti,
3045 845 3169 884 mox
3197 830 3357 884 deleti
3392 840 3544 886 sunt.

1976 914 2216 969 Plantati
2250 918 2303 969 in
2334 917 2486 970 domo
2510 917 2628 982 Dei,
2670 920 2721 972 in
2756 921 2909 973 atriis
2936 919 3036 974 Dei
3058 923 3229 975 nostri
3258 923 3542 990 ﬂorebunt.

1975 1009 2237 1063 Perrarus
2266 1009 2482 1079 quidem
2516 1017 2631 1074 est,
2663 1011 2755 1079 qui
2789 1010 2855 1064 ad
2890 1028 3160 1066 summum
3196 1012 3548 1083 perfectionis

1975 1100 2269 1161 devenerit,
2301 1100 2391 1169 qui
2421 1108 2475 1154 et
2499 1103 2682 1170 justus
2713 1110 2942 1156 vocatur
2963 1142 2978 1167 ,
3024 1104 3325 1174 palmaeque
3368 1119 3432 1159 ac
3458 1120 3549 1160 ce-

1975 1192 2075 1246 dro
2123 1190 2422 1245 confertur.
2497 1192 2601 1247 Sed
2655 1193 2782 1261 quia
2836 1208 2945 1247 non
2991 1209 3183 1249 omnes
3230 1194 3548 1264 hujusmodi

1976 1288 2123 1346 sunt,
2150 1281 2428 1335 sciendum
2461 1288 2564 1345 est,
2594 1282 2754 1335 etiam
2802 1281 3312 1351 imperfectioribus,
3336 1285 3429 1353 qui
3466 1293 3547 1336 ta-

1973 1387 2097 1426 men
2126 1372 2218 1425 illa
2256 1373 2309 1426 in
2344 1372 2505 1427 domo
2538 1372 2635 1427 Dei
2674 1373 3009 1441 plantatione
3040 1372 3247 1443 dignati
3302 1373 3545 1439 fuerint,

1975 1464 2175 1517 bonum
2218 1464 2507 1533 quemdam
2560 1464 2720 1517 finem
2762 1465 3061 1533 repositum
3106 1480 3229 1520 esse
3265 1482 3278 1516 :
3333 1482 3457 1520 nam
3492 1467 3548 1520 in

1976 1553 2129 1608 atriis
2161 1552 2354 1606 domus
2405 1552 2499 1607 Dei
2547 1553 2737 1607 nostri.
2766 1550 3053 1607 ﬂorebunt.
3089 1552 3145 1607 ld
3180 1569 3309 1608 vero
3347 1554 3549 1609 intelli-

1976 1657 2092 1711 gas,
2125 1641 2170 1695 si
2198 1656 2295 1711 pro
2321 1656 2515 1712 magna
2539 1641 2699 1695 domo
2722 1640 2957 1703 Domini,
2990 1642 3288 1699 Ecclesiam
3328 1645 3449 1713 ejus
3490 1644 3547 1701 in

1979 1740 2121 1786 terra
2152 1733 2313 1787 sitam
2337 1731 2573 1801 accipias
2603 1732 2903 1786 secundum
2932 1732 3277 1801 Apostolum,
3322 1735 3415 1805 qui
3448 1736 3545 1800 ait,

314 1817 635 1871 Ἀπόστολον
652 1834 664 1845 ·
704 1818 827 1870 Ἵνα
852 1816 987 1883 ἴδῃς
1012 1813 1138 1880 πῶς
1167 1815 1260 1868 δεῖ
1286 1815 1355 1868 ἐν
1376 1817 1517 1880 οἴκῳ
1558 1817 1703 1871 Θεοῦ
1732 1818 1875 1871 ἀνα-

1987 1823 2053 1878 Ut
2092 1824 2267 1878 videas
2297 1823 2553 1894 quomodo
2581 1834 2815 1894 oporteat
2837 1826 2891 1878 in
2922 1825 3077 1879 domo
3099 1826 3199 1880 Dei
3226 1804 3546 1893 conuersari,

305 1907 686 1975 στρέφεσθαι,
710 1906 840 1973 ἣτις
873 1906 1044 1958 ἐστὶν
1084 1906 1407 1968 Ἐκκλησία
1444 1906 1590 1960 Θεοῦ
1625 1906 1836 1974 ζῶντος
1858 1925 1873 1941 ο

304 1998 744 2068 πεφυτευμένους
798 1997 853 2049 δὲ
885 1999 942 2049 ἐν
995 1997 1167 2069 ταύτῃ
1206 1998 1331 2060 τοὺς
1358 1997 1454 2060 τὰς
1486 1997 1659 2069 ἀρχὰς
1689 2001 1787 2070 τῆς
1820 2001 1877 2053 ὲν

306 2087 587 2158 θεοσεϐείᾳ
640 2089 920 2159 προκοπῆς
965 2086 1214 2140 ἐντεῦθεν
1251 2088 1558 2160 εἰληφότας,
1585 2085 1685 2142 οἷοι
1713 2086 1873 2160 ἦσαν,

302 2175 398 2240 οὓς
452 2176 744 2245 ἐφύτευσεν
789 2178 817 2228 6
867 2174 1094 2240 Παῦλος,
1126 2176 1190 2228 δι’
1213 2175 1305 2239 οὓς
1341 2178 1434 2229 καὶ
1486 2177 1691 2245 ἔλεγεν,
1738 2179 1878 2247 Ἐγὼ

302 2267 626 2336 ἐφύτευσα,
673 2266 967 2332 Ἀπολλὼς
1003 2267 1304 2332 ἐπότισεν,
1335 2268 1473 2321 ἀλλ’
1512 2271 1544 2321 ό
1587 2268 1731 2335 Θεὸς
1772 2269 1879 2336 ηὕ-

305 2358 509 2423 ξανεν.
529 2353 687 2413 Οὗτοι
702 2355 794 2411 οὖν
814 2358 863 2410 οἱ
877 2358 935 2410 ὲν
952 2359 1016 2426 τῇ
1036 2374 1102 2410 πε
1111 2357 1295 2428 ριγείῳ
1321 2358 1614 2430 Ἐκκλησία
1636 2358 1729 2411 τοῦ
1742 2358 1875 2412 Θεοῦ

304 2450 702 2520 πεφυτευμένοι
726 2449 882 2513 ἀνθος
919 2447 1286 2502 ἀποδώσουσιν
1312 2448 1508 2512 εὐῶδες
1542 2451 1636 2502 καὶ
1656 2450 1876 2521 γόνιμον

305 2543 401 2595 καὶ
426 2541 534 2596 τῶν
566 2541 784 2594 τελείων
810 2541 1034 2611 καρπῶν
1051 2541 1308 2604 οἰστικὺν,
1332 2541 1389 2594 ὲν
1413 2543 1532 2605 ταῖς
1563 2541 1754 2604 αὐλαῖς
1782 2539 1874 2594 τοῦ

302 2633 440 2690 Θεοῦ
472 2634 629 2706 ἡμῶν
662 2631 1171 2705 μεταφυτευθέντες,
1200 2631 1475 2685 τουτέστιν
1492 2634 1549 2686 ὲν
1565 2635 1684 2696 ταῖς
1710 2634 1875 2685 ἐπου-

308 2730 509 2799 ρανίοις
552 2730 776 2797 μοναῖς’
827 2725 954 2794 εἴγε
988 2723 1177 2779 πολλαὶ
1222 2723 1374 2796 παρά
1415 2724 1493 2795 τῷ
1523 2724 1720 2795 Πατρὶ,
1749 2722 1875 2777 ἔνθα

305 2820 424 2870 κατ’
478 2818 633 2883 ἀξίαν
683 2814 1126 2888 διαμερισθέντες
1169 2815 1218 2867 οἱ
1260 2813 1355 2867 νῦν
1395 2817 1452 2867 ὲν
1490 2814 1568 2884 τῷ
1614 2813 1747 2885 οἴκῳ
1777 2811 1872 2865 τοῦ

306 2907 442 2960 Θεοῦ
504 2907 919 2980 πεφυτευμένοι,
962 2904 1101 2959 κατά
1146 2905 1337 2975 καιρὸν
1391 2905 1481 2959 τὸν
1530 2907 1874 2977 προσήκοντα

305 2999 712 3071 ὲξανθήσουσιν.

380 3114 501 3166 Ἔτι
554 3110 1083 3181 πληθυνθήσονται
1140 3113 1210 3165 ἐν
1250 3112 1406 3181 γήρᾳ
1439 3114 1623 3177 πίονι,
1659 3115 1757 3168 καὶ
1783 3117 1874 3169 εὐ-
1900 3153 1941 3211 C

278 3205 639 3271 λπαθοῦντες
682 3208 944 3267 ἔσονται,
989 3204 1096 3258 τοῦ
1144 3205 1508 3275 ἀναγγεῖλαι,
1566 3207 1653 3259 ὅτι
1693 3208 1875 3276 εὺθὴς

304 3297 521 3363 Κύριος
553 3300 585 3349 ό
619 3297 762 3362 Θεὸς
807 3296 994 3365 ἡμῶν,
1049 3296 1147 3349 καὶ
1195 3298 1304 3350 οὐκ
1359 3296 1530 3351 ἐστιν
1580 3297 1779 3353 ἀδικία
1809 3301 1877 3353 ἐν

305 3392 486 3457 αὐτῷ.
540 3390 618 3446 Οὐ
672 3392 828 3463 μόνον
874 3392 1059 3463 φησὶν,
1094 3393 1174 3445 ὄτι
1224 3392 1609 3463 ὲξανθήσουσιν
1659 3396 1719 3447 ὲν
1756 3398 1876 3459 ταῖς

304 3483 493 3546 αὐλαῖς
513 3484 606 3536 τοῦ
633 3483 767 3537 Θεοῦ
796 3485 843 3537 οί
873 3486 1109 3554 σήμερον
1142 3487 1198 3536 ὲν
1233 3484 1309 3555 τῷ
1342 3485 1474 3555 οἴκῳ
1512 3486 1673 3540 αὐτοῦ
1706 3505 1877 3557 πεφυ-

302 3575 575 3645 τευμένοι,
629 3575 762 3628 ἀλλά
809 3576 902 3629 καὶ
946 3576 1098 3629 αὐτοὶ
1146 3575 1633 3647 πληθυνθήσονται,
1689 3577 1877 3652 ὥσπερ

307 3666 606 3737 ἀνωτέρωὴ
626 3666 859 3737 κέδροςή
886 3668 943 3719 ἐν
960 3668 1035 3737 τῷ
1052 3667 1266 3734 Λιϐάνῳ
1283 3667 1629 3739 ἐπληθύνετο.
1660 3670 1796 3722 Πότὲ
1817 3670 1873 3722 δὲ

306 3756 464 3810 τοῦτο
492 3758 674 3822 αὐτοῖς
708 3757 879 3820 ἔσται,
900 3758 1059 3829 ἀλλ’ἢ
1078 3761 1134 3812 ὲν
1149 3760 1225 3828 τῷ
1244 3760 1312 3829 γη
1323 3776 1389 3829 pqL
1405 3759 1480 3829 τῷ
1499 3759 1639 3812 πίονι
1661 3777 1674 3826 ;
1695 3760 1769 3829 Γῆ
1778 3778 1875 3830 ρας

304 3847 363 3901 δὲ
396 3848 627 3902 ενταῦθα
654 3847 751 3919 τὴν
798 3848 1073 3902 τελείωσιν
1098 3850 1324 3903 πέπεισο
1367 3850 1615 3918 λέγεσθαι
1651 3852 1749 3921 τῆς
1777 3852 1878 3921 ψυ-

306 3940 429 4011 χῆς,
463 3943 520 3993 ὲν
553 3936 891 4014 ᾖγενόμενοι
945 3941 1306 4005 εὐπαθοῦντες
1367 3942 1581 3996 ἔσονται
1624 3944 1672 3995 οἱ
1697 3943 1790 3997 νῦν
1818 3946 1875 3996 ὲν

302 4031 382 4102 τῷ
419 4032 551 4102 οἴκῳ
594 4034 800 4103 Κυρίου
840 4033 1252 4103 πεφυτευμένοι.
1291 4032 1354 4085 El
1387 4033 1497 4104 γὰρ
1533 4034 1627 4089 καὶ
1674 4034 1741 4087 τὰ
1770 4035 1875 4105 μά-

303 4123 459 4175 λιστα
513 4124 654 4177 κατά
704 4124 795 4177 τὸν
855 4124 1095 4194 παρόντα
1120 4124 1329 4196 καιρὸν,
1383 4126 1439 4177 ὲν
1472 4119 1516 4192 ᾧ
1562 4125 1875 4193 φυτεύονται

304 4216 365 4269 ὲν
396 4216 471 4286 τῷ
494 4219 626 4286 οῐκῳ
664 4215 869 4285 Κυρίου
920 4214 1355 4279 κακοπαθοῦντες
1396 4215 1714 4283 διατελοῦσι,
1752 4218 1876 4275 τοὺς

304 4307 551 4380 πρώτους
607 4307 704 4377 τῆς
756 4306 1025 4377 γεωργίας
1077 4308 1268 4371 πόνους
1323 4308 1681 4378 ὑπομένοντες
1703 4325 1715 4338 ·
1761 4308 1874 4361 ἀλλ’

303 4397 442 4451 ὲπάν
473 4396 567 4450 τοῦ
594 4399 777 4468 γήρως
812 4396 906 4450 τοῦ
934 4397 1114 4461 πίονος
1162 4398 1483 4463 ἀξιωθῶσιν,
1519 4398 1876 4463 εὐπαθοῦντες

1981 1932 2096 1986 qua:
2119 1925 2196 1970 est
2224 1915 2459 1969 Ecclesia
2481 1914 2579 1969 Dei
2604 1917 2815 1969 viventis
2847 1917 2890 1947 ¹¹
2913 1934 2927 1981 ;
2966 1928 3019 1971 et
3049 1917 3095 1972 si
3117 1932 3217 1987 pro
3242 1918 3349 1972 illis
3377 1918 3469 1987 qui
3491 1918 3547 1971 in

1982 2023 2044 2063 ea
2071 2008 2298 2077 plantati
2328 2015 2475 2070 sunt,
2504 2022 2599 2061 eos
2630 2008 2721 2077 qui
2746 2007 3025 2077 profectus
3058 2008 3110 2061 in
3138 2008 3397 2078 religione
3432 2008 3549 2077 pri-

1982 2096 2190 2151 mordia
2237 2097 2291 2150 in
2331 2096 2421 2150 illa
2471 2104 2834 2165 acceperunt:
2883 2097 3073 2165 quales
3120 2098 3156 2150 ii
3202 2104 3360 2151 erant
3409 2113 3549 2168 quos

1982 2188 2243 2257 plantavit
2269 2186 2492 2254 Paulus,
2522 2206 2863 2260 quorumque
2889 2206 3054 2246 causa
3083 2193 3239 2260 dixit,
3269 2192 3374 2264 Ego
3395 2193 3552 2262 plan-

1983 2278 2109 2341 tavi,
2136 2278 2322 2349 Apollo
2350 2281 2577 2350 rigavit;
2617 2281 2706 2335 sed
2733 2283 2873 2336 Deus
2909 2284 3281 2337 incrementum
3320 2283 3459 2337 dedit
3481 2286 3546 2338 ".

1982 2366 2047 2422 Hi
2074 2370 2255 2439 itaque
2279 2371 2371 2440 qui
2403 2372 2458 2425 in
2485 2380 2702 2427 terrena
2734 2372 2827 2429 Dei
2859 2372 3102 2429 Ecclesia
3141 2375 3366 2444 plantati
3396 2382 3547 2439 sunt,

1981 2459 2165 2516 ﬂorem
2185 2463 2431 2518 emittent
2480 2465 2665 2521 suavis
2698 2466 2884 2522 odoris
2918 2481 2981 2520 ae
3018 2482 3339 2537 generosum
3375 2467 3551 2537 perfe-

1980 2560 2300 2623 ctorumque
2330 2554 2607 2610 fructuum
2637 2556 2905 2623 feracem;
2943 2558 2999 2613 in
3034 2561 3185 2615 atriis
3208 2559 3302 2614 Dei
3333 2561 3543 2626 nostri,

1981 2642 2035 2697 id
2067 2652 2173 2712 est;
2198 2646 2255 2699 in
2306 2646 2620 2703 ctelestibus
2678 2649 3055 2704 mansionibus
3108 2652 3543 2720 transplantati:

1972 2737 2247 2813 qsiquidem
2286 2740 2470 2793 multa:
2516 2748 2645 2793 sunt
2672 2742 2990 2798 mansiones
3019 2742 3162 2813 apud
3188 2742 3425 2810 Patrem,
3453 2722 3548 2800 ubi

1979 2845 2081 2900 pro
2114 2830 2308 2885 merito
2342 2831 2622 2887 distributi
2651 2833 2743 2902 qui
2780 2833 2887 2902 jam
2919 2833 2974 2887 in
3005 2833 3168 2889 domo
3192 2832 3285 2888 Dei
3318 2835 3547 2905 plantati

1980 2928 2128 2988 sunt,
2151 2924 2471 2994 congruenti
2496 2932 2737 2994 tempore
2764 2925 3053 2981 ﬂorebunt.
3553 2924 3557 2930 ’

2048 3115 2211 3173 Vnus.
2246 3119 2334 3183 15,
2368 3117 2455 3172 16.
2485 3118 2669 3173 Adhuc
2702 3119 3190 3188 multiplicabuntur
3212 3122 3265 3175 in
3291 3130 3550 3177 senectute

1974 3207 2176 3277 pingui,
2224 3216 2273 3261 et
2317 3208 2452 3261 bona
2496 3210 2793 3277 accipient;'
2826 3219 2884 3263 ut
2923 3214 3261 3275 annuntient,
3301 3214 3549 3283 quoniam

1976 3308 2145 3352 rectus
2170 3298 2421 3353 Dominus
2451 3299 2590 3354 Deus
2619 3311 2815 3367 noster,
2842 3311 2891 3356 et
2935 3320 3039 3356 non
3067 3314 3145 3357 est
3187 3305 3442 3374 iniquitas
3490 3306 3548 3358 in

1975 3406 2052 3444 eo.
2097 3390 2214 3444 Non
2243 3392 2417 3447 solum
2454 3392 2505 3446 id
2537 3394 2646 3459 ait,
2698 3394 2753 3447 in
2812 3396 2964 3449 atriis
2998 3396 3092 3451 Dei
3134 3396 3405 3451 ﬂorebunt
3453 3399 3547 3468 qui

1975 3481 2137 3536 hodie
2167 3482 2222 3535 in
2248 3482 2409 3536 domo
2438 3483 2557 3551 ejus
2589 3484 2815 3552 plantati
2845 3491 3009 3551 sunt;
3045 3485 3140 3539 sed
3183 3493 3235 3540 et
3275 3487 3378 3556 ipsi
3410 3489 3550 3540 mul-

1975 3572 2387 3642 tiplicabuntur,
2419 3574 2559 3628 sicut
2588 3573 2805 3635 cedrus,
2838 3591 2958 3645 qua:
2986 3577 3041 3630 in
3074 3576 3281 3630 Libano
3316 3586 3418 3640 est,
3454 3593 3547 3632 su-

1976 3680 2071 3736 pra
2122 3665 2474 3735 multiplicari
2527 3665 2828 3721 dicebatur.
2883 3666 3243 3731 Quandonam
3298 3668 3352 3721 id
3412 3669 3549 3738 ipsis

1976 3758 2206 3823 eveniet,
2230 3758 2335 3811 nisi
2368 3758 2423 3811 in
2454 3765 2732 3814 senectute
2760 3759 2985 3828 pingui?
3008 3757 3107 3812 Hic
3138 3774 3268 3813 vero
3292 3767 3546 3814 senectu-

1977 3857 2083 3905 tem
2115 3866 2213 3919 pro
2241 3851 2717 3905 consummatione
2741 3850 2935 3903 animae
2964 3849 3071 3903 dici
3101 3864 3422 3918 persuasum
3448 3851 3547 3903 ha-

1975 3943 2124 4005 beas,
2140 3944 2192 3997 in
2211 3958 2315 4012 qua
2339 3944 2616 3998 constituti
2640 3943 3077 4004 bonisfruentur,
3093 3945 3183 4011 qui
3203 3959 3346 3997 nunc
3384 3944 3435 3997 in
3451 3943 3549 3998 do-

1974 4050 2065 4089 mo
2082 4034 2294 4088 Domini
2314 4035 2538 4105 plantati
2559 4044 2705 4090 sunt.
2724 4034 2857 4089 Nam
2883 4035 2925 4089 si
2945 4035 3056 4104 jam
3079 4035 3132 4088 in
3159 4034 3321 4090 domo
3334 4034 3547 4090 Domini

1976 4126 2221 4194 plantati,
2251 4126 2391 4178 mala
2447 4125 2713 4195 patientes
2764 4135 3137 4195 perseverant,
3170 4125 3362 4194 primis
3396 4126 3544 4196 agri-

1975 4216 2203 4271 culturae
2233 4217 2509 4273 laboribus
2537 4218 2808 4285 aﬂlictati;
2838 4219 2931 4273 sed
2962 4235 3087 4274 cum
3119 4227 3397 4273 senectute
3427 4218 3546 4286 pin-

1974 4308 2062 4378 gui
2104 4308 2287 4361 donati
2326 4308 2547 4373 fuerint,
2576 4309 2735 4365 bonis
2771 4309 3041 4375 fruentur,
3066 4324 3129 4364 ac
3161 4308 3401 4379 requiem
3444 4323 3547 4362 na-

1975 4399 2068 4462 cti,
2098 4399 2341 4452 laborum
2384 4400 2852 4470 certaminumque
2894 4401 3117 4471 praemia
3146 4399 3426 4464 referent,
3481 4413 3547 4453 ac

301 4491 616 4561 γενήσονται
637 4491 1036 4561 ἀναπαυόμενοι
1061 4492 1168 4543 τῶν
1196 4492 1455 4562 καμάτων
1483 4492 1697 4545 καὶτῶν
1728 4492 1874 4561 ἀγώ-

1976 4489 2395 4555 conﬂtebuntur,
2424 4491 2686 4557 Quoniam
2708 4502 2878 4546 rectus
2908 4491 3164 4546 Dominus
3188 4489 3324 4547 Deus
3346 4498 3541 4552 noster,

300 4598 409 4637 νων
465 4580 533 4634 τὰ
577 4581 783 4633 ἔπαθλα
834 4581 1269 4653 ἀποληψόμενον
1328 4582 1751 4653 Ὁμολογήσουσί
1793 4602 1872 4651 τε,

302 4672 436 4725 Ὀτι
465 4672 647 4739 εὐθὴς
672 4674 888 4740 Κύριος
920 4676 953 4726 ό
983 4672 1128 4739 Θεὸς
1170 4673 1361 4742 ἡμῶν,
1408 4675 1505 4727 καὶ
1543 4678 1654 4729 οὐκ
1706 4674 1876 4729 ἐστιν

300 4765 499 4819 ἀδικία
526 4766 596 4817 ὲν
616 4765 795 4831 αὐτῷ.
820 4768 882 4819 El
906 4766 1014 4839 γὰρ
1042 4766 1200 4838 μὴτά
1224 4767 1681 4838 κατηριθμημένα
1695 4768 1875 4835 ἀγαθὰ

300 4853 492 4923 ἔμελλε
533 4854 865 4924 διαδέχεσθαι
908 4857 1034 4919 τοὺς
1083 4856 1158 4926 τῷ
1189 4855 1308 4926 Θεῷ
1344 4858 1750 4927 ἀνακειμένους,
1782 4860 1874 4911 καὶ

298 4946 349 4997 εί
388 4945 462 5028 μὴ
488 4946 549 4998 τὸ
572 4946 813 5017 ὀλέθριον
844 4948 996 5010 τέλος
1042 4947 1331 5019 περιέμενε
1382 4951 1508 5012 τοὺς
1538 4950 1750 5014 ἀσεϐεῖς
1778 4951 1872 5004 καὶ

299 5040 425 5101 τοὺς
463 5037 862 5109 ἐργαζομένους
912 5040 1010 5110 τὴν
1042 5041 1290 5111 ἀνομίαν,
1319 5037 1386 5112 ἦν
1405 5042 1471 5094 ἂν
1493 5041 1632 5112 τάχα
1659 5043 1871 5096 ἀδικίαν

298 5129 620 5182 ἐπικαλέσαι
679 5133 743 5200 τῇ
795 5129 891 5183 τοῦ
937 5129 1072 5183 Θεοῦ
1116 5132 1363 5203 προνοίᾳ.
1407 5132 1534 5185 Ὅτε
1561 5133 1617 5185 δὲ
1647 5133 1872 5188 τοιαῦτα

298 5221 425 5291 τέλη
483 5221 577 5275 καὶ
620 5224 730 5285 τοῖς
781 5222 1008 5285 δικαίοις
1052 5221 1394 5293 ἡτοίμασται,
1423 5224 1551 5277 οἴων
1594 5225 1688 5278 καὶ⁸
1713 5227 1871 5295 ἡμεῖς

298 5313 568 5383 εὐχόμεθα
606 5316 788 5383 τυχεῖν
816 5355 831 5379 ,
882 5315 977 5366 καὶ
1009 5316 1122 5377 τοῖς
1157 5315 1376 5369 ἀσεϐέσι
1430 5317 1672 5371 τοιαῦται
1714 5319 1870 5387 ἠπεί-

296 5402 485 5472 ληνται
510 5403 786 5473 τιμωρίαι,
818 5402 909 5471 ἀφ’
936 5395 1011 5454 ὦν
1033 5402 1242 5469 γένοιτο
1260 5404 1405 5472 ἡμᾶς
1430 5403 1692 5474 ρυσθῆναι
1710 5422 1723 5435 ο
1750 5404 1866 5468 πῶς

295 5495 395 5545 οὐκ
424 5493 711 5546 ἀκόλουθον
738 5493 804 5547 ἂν
829 5492 914 5563 εἴη
958 5493 1256 5562 ὁμολογεῖν,
1291 5494 1407 5546 Ὅτι
1441 5495 1625 5562 εὺθὴς
1652 5496 1865 5562 Κύριος

242 5576 247 5627 ᾉ
297 5589 330 5640 δ
362 5586 504 5650 Θεὸς
542 5584 732 5653 ἡμῶν,
778 5584 876 5638 καὶ
928 5585 1038 5637 οὐκ
1086 5584 1259 5638 ἐστιν
1310 5584 1509 5638 ἀδικία
1550 5584 1620 5640 ἐν
1670 5584 1864 5651 αὐτῷ;

366 5742 409 5813 ξι
452 5740 471 5795 l
505 5740 645 5796 Tim.
686 5756 781 5807 ιιι,
817 5742 903 5797 15.
980 5743 1023 5773 ³³
1063 5739 1238 5796 ICOf-
1277 5755 1371 5805 ιιι,
1403 5740 1455 5794 6-

1970 4590 2020 4634 et
2052 4598 2155 4635 non
2187 4592 2264 4636 est
2293 4583 2543 4650 iniquitas
2567 4584 2621 4636 in
2655 4599 2734 4637 eo.
2764 4583 2881 4638 Nisi
2915 4584 3057 4638 enim
3083 4583 3195 4652 jam
3227 4587 3545 4636 enumerata

1971 4672 2114 4727 bona
2157 4690 2252 4729 eos
2293 4675 2384 4744 qui
2416 4673 2527 4729 Deo
2560 4673 2763 4728 addicti
2796 4682 2924 4730 sunt
2974 4681 3270 4741 exceptura
3316 4677 3541 4735 essent,

1971 4774 2024 4820 et
2051 4767 2157 4821 nisi
2182 4768 2383 4837 impios
2411 4775 2465 4823 et
2486 4775 2781 4837 operantes
2814 4767 3157 4835 iniquitatem
3179 4763 3446 4819 exitiosus
3475 4763 3541 4816 ﬁ-

1969 4859 2057 4914 nis
2103 4867 2379 4925 maneret;
2434 4859 2631 4913 divinae
2668 4857 3027 4913 Providentizr
3067 4856 3351 4925 culpanda:
3402 4854 3543 4910 forte

1968 4964 2135 5004 causa
2161 4950 2429 5005 subesset.
2488 4949 2555 5002 At
2583 4948 2802 5019 quando
2856 4947 2981 5003 finis
3024 4946 3336 5017 hujusmodi
3378 4946 3542 5015 justis

1966 5046 2190 5110 paratus
2224 5047 2328 5103 est,
2360 5040 2574 5109 qualem
2606 5055 2708 5094 nos
2749 5038 3010 5108 consequi
3064 5044 3443 5108 peroptamus;
3475 5051 3540 5090 ac

1967 5131 2147 5200 impiis
2173 5133 2299 5186 talia
2327 5132 2718 5187 denuntiantur
2761 5131 3025 5200 supplicia
3051 5172 3066 5197 ,
3109 5146 3139 5184 a
3182 5130 3381 5201 quibus
3441 5143 3542 5184 nos

1965 5220 2099 5290 eripi
2138 5222 2459 5290 contingat:
2520 5237 2691 5290 quare
2742 5230 3167 5275 consentaneum
3225 5235 3333 5275 non
3379 5218 3544 5273 fuerit

1965 5312 2232 5377 conﬁteri,
2266 5313 2530 5379 Quoniam
2575 5322 2745 5367 rectus
2786 5312 3047 5365 Dominus
3077 5310 3219 5364 Deus
3249 5319 3451 5373 noster,
3490 5316 3541 5362 et

1972 5419 2075 5455 non
2100 5414 2178 5457 est
2201 5405 2450 5474 iniquitas
2488 5406 2541 5458 in
2565 5407 2670 5461 eo?
2705 5408 2773 5458 At
2826 5404 3090 5472 insipiens
3128 5403 3242 5457 haec
3285 5417 3393 5456 non
3445 5416 3540 5455 co-

1970 5505 2229 5565 gnoscet,
2263 5510 2361 5549 nec
2392 5496 2586 5551 stultus
2620 5496 2901 5564 intelliget,
2934 5494 3078 5563 quod
3123 5508 3153 5546 a
3184 5492 3411 5547 stultitia
3440 5507 3541 5546 sua

1972 5587 2210 5644 tenebris
2270 5587 2597 5643 oﬂundatur.
2656 5587 2766 5658 Ego
2820 5602 2947 5642 vero
2993 5586 3087 5654 qui
3140 5585 3325 5642 istbmc
3372 5584 3541 5655 probe
