4068 6394
552 375 691 432 “83

1256 370 1522 427 EUSEBII
1564 367 2045 426 CAESARIENSIS
2080 368 2230 426 OPP.
2268 365 2450 423 PARS
2478 364 2566 422 Ill.
2592 395 2661 406 —
2680 360 3072 419 EXEGETICA

3676 356 3816 413 1181

548 504 877 561 cognoscam
903 495 957 543 et
981 487 1298 561 intelligam,
1334 487 1463 558 quia
1496 503 1526 541 a
1555 485 1761 559 Spiritu
1789 494 1980 543 sancto
2004 487 2127 540 illu-

2240 484 2378 538 Ἀλλ’
2404 486 2432 538 6
2458 483 2553 555 μὲν
2580 481 2770 554 ἄφρων
2798 478 2972 533 ταῦτα
3000 477 3061 530 ού
3083 473 3370 545 γνώσεται,
3403 473 3525 526 οὐδὲ
3552 473 3820 537 ἀσύνετος

550 588 758 637 stratus
805 594 948 644 sum,
973 587 1026 633 et
1058 578 1202 650 quod
1253 578 1594 634 considerem
1627 593 1789 648 quam
1848 576 2131 647 profunda:

553 671 710 725 facta:
750 671 860 724 sint
888 670 1248 740 cogitationes
1296 668 1420 736 Dei;
1473 669 1598 738 jure
1646 669 1798 723 laetor
1828 675 1883 722 et
1917 668 2131 723 exsulto

551 762 618 815 de
638 761 819 815 divina
851 760 1263 830 dispensatione
1290 779 1303 813 :
1348 760 1636 830 prmsentia
1658 774 1788 813 vero
1833 759 1973 813 mala
1997 799 2011 822 ,
2060 758 2132 813 ob

552 869 700 920 spem
733 851 1042 905 futurorum
1077 860 1298 906 strenue
1323 852 1514 905 tolero.
1534 851 1651 915 Qua
1682 850 1747 905 de
1766 865 1932 904 causa
1958 858 2131 904 totum

551 945 721 997 otium
757 961 936 999 meum
981 955 1035 1000 et
1078 945 1442 999 cessationem
1494 958 1525 996 a
1566 945 1724 1000 malis
1781 943 1890 997 Deo
1937 960 2133 999 conse-

550 1049 733 1098 craus,
765 1034 1106 1089 dclectabilia
1141 1037 1228 1089 illa
1259 1043 1311 1089 et
1339 1042 1527 1089 sancta
1578 1032 1813 1089 Sabbata
1847 1034 2134 1089 observare

552 1132 761 1195 satago,
794 1127 1130 1191 confitendo,
1171 1129 1451 1197 psallendo
1480 1138 1538 1184 et
1568 1127 1943 1182 annuntiando
1973 1142 2134 1181 mane

551 1216 984 1272 misericordiam
1016 1217 1135 1281 Dei,
1166 1228 1220 1272 et
1248 1219 1533 1274 veritatem
1579 1219 1699 1287 ejus
1748 1234 1843 1288 per
1893 1224 2129 1272 noctem.

552 1307 709 1362 Tunc
739 1310 885 1363 enim
920 1310 1155 1364 maxime
1180 1326 1210 1363 a
1240 1311 1494 1381 religiosa
1529 1312 1712 1364 anima
1743 1310 1942 1366 veritas
1980 1310 2135 1364 exhi-

551 1398 729 1463 betur,
756 1416 880 1454 cum
908 1401 963 1454 in
991 1402 1231 1455 tenebris
1252 1411 1305 1456 ct
1331 1403 1667 1457 obscuritate
1696 1402 1898 1472 degens
1923 1442 1937 1466 ,
1974 1401 2132 1471 quasi

552 1490 608 1543 in
638 1491 1082 1559 splendidissima
1114 1493 1234 1547 luce
1270 1501 1324 1548 et
1354 1493 1663 1547 clarissima
1705 1493 1815 1556 die,
1848 1494 2135 1548 conscien-

552 1584 641 1637 tiae
669 1583 958 1639 sinceritas
993 1587 1283 1654 etpuritas
1311 1572 1640 1641 ostenditur.
1683 1585 1831 1641 Talis
1871 1595 1955 1641 cst
1986 1586 2133 1656 psal-

550 1691 675 1729 mus
695 1691 818 1729 cum
848 1677 1064 1731 cantico
1094 1679 1183 1732 die
1216 1676 1439 1732 Sabbati
1470 1678 1672 1743 dictus,
1705 1678 1757 1732 id
1792 1684 1875 1733 cst
1913 1678 1966 1731 in
1996 1686 2135 1732 tem-

553 1782 685 1836 pore
718 1768 883 1832 illius,
917 1769 1061 1837 quod
1103 1770 1403 1824 secundum
1438 1768 1608 1824 Deum
1651 1778 1769 1833 est,
1821 1771 1919 1824 otii
1949 1784 2013 1823 ac
2044 1786 2132 1823 re-

2233 578 2452 649 συνήσει
2480 575 2673 641 ταῦτα,
2703 573 2793 627 διὰ
2822 572 2883 626 τὸ
2937 567 3273 634 σκοτίζεσθαι
3322 567 3427 620 ὑπὸ
3463 568 3559 637 τῆς
3605 565 3819 630 οἰκείας

2232 667 2545 741 ἀφροσύνης
2566 684 2578 697 ’
2608 664 2719 735 ἐγὼ
2745 664 2800 717 δὲ
2835 665 2865 718 6
2890 664 3053 732 γνοὺς
3081 660 3219 715 αύτά
3250 665 3343 714 καὶ
3382 660 3583 723 συνιεὶς
3621 657 3715 712 διὰ
3753 658 3822 712 τὸ
3919 735 3924 739 .

2234 761 2341 816 ὑπὸ
2363 761 2506 814 θείου
2538 759 2677 813 Πνεύ
2687 774 2852 830 ματος
2874 754 3231 827 πεφωτίσθαι,
3262 756 3358 806 καὶ
3383 752 3471 805 διὰ
3496 752 3558 804 τὸ
3584 751 3820 823 θεωρεῖν

2232 855 2381 917 ὅπως
2428 851 2798 922 έϐαθύνθησαν
2847 849 3048 921 σφόδρα
3079 849 3128 901 oi
3158 847 3495 917 διαλογισμοὶ
3520 845 3614 897 τοῦ
3642 843 3814 897 eae-3'

2233 945 2453 1007 εἰκότως
2481 943 2839 1015 εὐφραίνομαι
2878 941 2971 993 καὶ
2997 939 3240 1008 ἀγαλλιῶ
3282 938 3375 990 ἐπὶ
3418 940 3483 1007 τῇ
3523 936 3642 1007 θείᾳ
3681 936 3814 989 διοι-

2233 1037 2413 1107 κήσει,
2468 1034 2619 1106 φέρω
2655 1050 2715 1085 τε
2765 1031 2836 1086 τὰ
2890 1031 3133 1103 παρόντα
3160 1029 3420 1099 γενναίως
3454 1027 3543 1081 διὰ
3570 1028 3667 1099 τὴν
3705 1028 3811 1080 τῶν

2235 1126 2538 1198 μελλόντων
2586 1124 2797 1178 ἐλπίδα,
2836 1116 2936 1177 Ὧν
2969 1123 3131 1175 ἕνεκα
3180 1121 3278 1192 τὴν
3334 1122 3514 1174 πᾶσαν
3574 1117 3813 1191 ἐμαυτοῦ

2215 1210 2451 1288 σχολὴν,
2488 1217 2582 1271 καὶ
2613 1215 2712 1287 τὴν
2740 1215 2848 1269 ἀπὸ
2872 1213 2980 1267 τῶν
2998 1213 3184 1267 κακῶν
3208 1212 3409 1284 ἀργίαν,
3436 1211 3714 1275 ἀνατιθεὶς
3739 1210 3815 1281 τῷ

2232 1310 2371 1382 Θεῷ,
2400 1310 2469 1363 τὰ
2492 1308 2736 1381 τρυφερά
2776 1309 2870 1363 καὶ
2918 1307 3047 1377 ἆγια
3086 1306 3339 1360 Σάϐϐατα
3377 1305 3643 1358 ἐπιτελεῖν
3698 1321 3812 1357 ’πει⁴

2237 1402 2435 1473 ρῶμαι,
2467 1401 2555 1453 διὰ
2580 1399 2674 1454 τοῦ
2708 1396 3141 1469 ἐξομολογεῖσθαι
3166 1397 3259 1450 καὶ
3286 1395 3504 1466 ψάλλειν
3526 1396 3619 1448 καὶ
3650 1396 3819 1463 ἀναγ-

2233 1493 2444 1562 γέλλειν
2472 1492 2531 1545 τὸ
2564 1489 2709 1564 πρωῒ
2739 1491 2799 1544 τὸ
2824 1491 2970 1554 ἕλεος
2988 1490 3081 1543 τοῦ
3115 1490 3273 1553 Θεοῦ,
3312 1490 3406 1542 καὶ
3438 1488 3536 1559 τὴν
3558 1488 3823 1558 ἀλήθειαν

2233 1583 2399 1638 αὑτοῦ
2433 1581 2574 1637 κατὰ
2600 1584 2791 1638 νύκτα.
2827 1582 2960 1635 Τότε
2984 1582 3093 1654 γὰρ
3126 1581 3357 1653 μάλιστα
3393 1583 3427 1651 ἡ
3464 1579 3693 1649 ἀλήθεια

2235 1675 2518 1739 θεοσεϐοῦς
2541 1674 2812 1728 δείκνυται
2843 1673 3041 1744 ψυχῆς,
3065 1673 3268 1738 ὅτε,”ὲν
3300 1672 3490 1742 σκοτία
3506 1671 3602 1723 καὶ
3637 1669 3819 1723 σκότει

2232 1768 2595 1838 τυγχάνουσα,
2629 1765 2704 1829 ὡς
2741 1768 2799 1818 ὲν
2836 1764 3204 1836 λαμπροτάτῳ
3248 1765 3387 1834 φωτὶ
3414 1764 3507 1816 καὶ¹
3539 1764 3597 1816 ἐν
3635 1762 3825 1835 ἡμέρᾳ

551 1860 699 1930 quici
728 1880 740 1914 ;
776 1877 882 1930 quo
913 1878 1012 1916 nos
1039 1863 1203 1916 etiam
1233 1863 1542 1916 divinarum
1568 1862 1987 1933 disciplinarum
2018 1877 2133 1915 me-

2238 1858 2595 1929 διαυγεστάτῃ
2627 1858 2689 1911 τὸ
2718 1858 2939 1929 γνήσιον
2980 1857 3076 1911 καὶ¹
3110 1856 3397 1929 εἱλικρινὲς
3436 1856 3535 1926 τῆς
3570 1854 3821 1926 συνειδή-

552 1950 805 2004 ditationi
830 1959 1118 2015 vacantes,
1161 1952 1459 2021 gratiarum
1495 1952 1726 2007 actionis
1758 1952 1922 2007 verba
1951 1952 2054 2007 hoc
2079 1953 2134 2006 in

553 2040 773 2095 cantico
802 2042 1085 2095 enuntiata
1115 2041 1225 2095 Deo
1254 2043 1503 2097 emittere
1535 2058 1633 2112 par
1669 2050 1776 2097 est.

2242 1969 2378 2016 σεως
2400 1951 2783 2005 ἐπιδείκνυται.
2814 1949 3067 2013 Τοιοῦτος
3104 1952 3197 2004 καὶ
3226 1950 3255 2002 6
3284 1949 3398 2016 μετ’
3424 1946 3565 2018 ᾠδῆς
3596 1946 3822 2019 εἰρημέ-

2239 2061 2329 2107 νος
2366 2043 2580 2114 ψαλμὸς
2628 2043 2707 2107 είς
2734 2041 2832 2114 τὴν
2858 2042 3070 2114 ἡμέραν
3114 2040 3208 2095 τοῦ
3235 2040 3538 2105 Σαϐϐάτου,
3572 2039 3819 2092 τουτέστι

552 2132 641 2185 τὸν
668 2134 765 2201 τῆς
789 2134 931 2188 κατά
955 2134 1085 2188 Θεὸν
1108 2136 1305 2205 σχολῆς
1336 2154 1396 2189 τε
1420 2138 1513 2190 καὶ⁸
1532 2136 1892 2201 ἀναπαύσεως
1916 2136 2127 2208 καιρὸν,
2158 2137 2215 2191 ὲν
2238 2132 2283 2207 ᾧ
2310 2140 2405 2193 καὶ
2428 2139 2578 2209 ἡμᾶς
2629 2141 2696 2209 τῇ
2741 2136 2936 2209 μελέτῃ
2980 2136 3086 2190 τῶν
3108 2136 3268 2192 θείων
3318 2136 3656 2208 μαθημάτων
3695 2150 3821 2204 σχο-

550 2222 833 2290 λάζοντας,
881 2227 1008 2291 τοὺς
1054 2228 1505 2301 εὐχαριστηρίους
1555 2231 1747 2300 λόγους
1788 2234 1889 2304 τῆς
1929 2236 2297 2308 προκειμένης
2318 2235 2460 2306 ᾠδῆς
2490 2233 2836 2306 ἀναπέμπειν
2863 2236 3130 2308 προσήκει
3161 2233 3240 2306 τῷ
3269 2232 3409 2304 Θεῷ.

729 2341 913 2396 LAUS
953 2344 1230 2401 CANTICI
1274 2344 1405 2401 lPSl
1441 2346 1647 2401 DAVID
1681 2348 1780 2421 (1).
1858 2352 2017 2408 XCII.

625 2433 797 2491 Vnus.
836 2437 888 2489 1.
926 2436 1186 2492 Dominus
1228 2440 1499 2509 regnavit,
1522 2440 1761 2495 decorem
1793 2444 2007 2517 indutus
2033 2456 2133 2499 est.

553 2524 719 2593 Quia,
776 2528 1083 2582 secundum
1134 2529 1500 2600 Apostolum,
1557 2535 1806 2604 regnavit
1865 2552 2015 2593 mors
2067 2539 2137 2593 ab

554 2619 726 2674 Adam
754 2636 929 2690 usque
950 2622 1018 2675 ad
1049 2620 1292 2693 Moysem
1316 2624 1384 2689 ”,
1418 2624 1471 2678 id
1492 2633 1576 2681 est
1601 2641 1631 2679 a
1662 2627 1836 2697 prima
1851 2628 2136 2683 hominum

555 2714 835 2769 creatione
886 2730 1060 2785 usque
1093 2716 1161 2769 ad
1191 2731 1515 2787 corporeum
1553 2719 1853 2774 secundum
1896 2720 2135 2793 Moysem

556 2806 795 2870 cultum,
822 2806 919 2876 qui
944 2807 998 2861 in
1039 2814 1260 2863 terrena
1291 2809 1596 2865 Jerusalem
1629 2812 1932 2882 antiquitus
1965 2829 2139 2883 usque

560 2897 630 2951 ad
662 2896 965 2955 Salvatoris
988 2902 1167 2957 nostri
1193 2900 1322 2957 Jesu
1356 2901 1561 2959 Christi
1590 2904 1879 2960 adventum
1898 2907 2141 2977 perﬁcie-

559 2989 753 3057 batur;
777 3006 908 3046 sane
938 3008 1061 3047 cum
1094 3008 1244 3048 mors
1279 3002 1552 3064 regnaret,
1581 3003 1634 3050 et
1660 2998 1706 3051 is
1728 2998 1821 3067 qui
1852 2998 2138 3068 imperium

558 3083 753 3137 mortis
782 3082 964 3150 habet,
995 3084 1257 3139 nimirum
1280 3086 1552 3152 diabolus,
1578 3086 1972 3154 dominaretur,
1989 3097 2139 3158 tunc,

2566 2353 2766 2407 ΣιΝοΣ
2795 2351 2968 2405 nan:
2995 2350 3082 2405 Ta
3116 2349 3341 2405 ΔΑΥιΔ.
3377 2348 3491 2416 ur.

2319 2447 2383 2501 Ὀ
2442 2445 2660 2514 Κύριος
2708 2446 3143 2508 ἐϐασίλευσεν,
3204 2442 3568 2509 εὐπρέπειαν
3614 2441 3824 2496 ἐνεόὐο

2239 2555 2410 2594 σατο.
2455 2538 2609 2591 Ἐπεὶ
2638 2537 2781 2591 κατά
2806 2538 2899 2590 τὸν
2945 2535 3267 2589 Ἀπόστολον
3296 2533 3647 2593 ἐϐασίλευσεν
3671 2536 3699 2587 6
3730 2533 3825 2590 θά-

2240 2648 2397 2694 νατος
2420 2631 2527 2684 ἀπὸ
2568 2630 2737 2701 ’Δδάμ
2770 2630 2927 2702 μέχρι
2947 2627 3247 2693 Μωῦσέως,
3276 2626 3555 2681 τουτέστιν
3585 2626 3697 2679 ἀπὸ
3720 2625 3827 2697 τῆς

2244 2720 2465 2792 πρώτης
2492 2720 2791 2792 ἀνθρώπων
2813 2720 3077 2789 γενέσεως
3108 2718 3267 2789 μέχρι
3288 2718 3388 2788 τῆς
3411 2716 3554 2771 κατά
3581 2716 3827 2772 Μωῦσέα

2246 2814 2565 2884 σωματικῆς
2600 2810 2877 2882 λατρείας,
2911 2812 3032 2881 ἥτις
3054 2808 3295 2877 ἐπιγείου
3336 2808 3696 2879 Ἰερουσαλὴμ
3722 2807 3827 2861 πά-

2244 2901 2336 2954 λαι
2376 2902 2641 2973 πρότερον
2680 2901 2840 2972 μέχρι
2887 2902 2988 2971 τῆς
3014 2898 3108 2952 τοῦ
3152 2898 3403 2969 Σωτῆρος
3433 2897 3591 2968 ἡμῶν
3645 2896 3825 2967 Ἰησοῦ

2245 2993 2481 3067 Χριστοῦ
2514 2993 2817 3065 παρουσίας
2848 2991 3180 3045 συνετελεῖτο
3202 3008 3214 3020 ·
3253 2990 3477 3052 εἰκότως
3499 2990 3590 3042 ὅτε
3618 2990 3648 3041 6
3670 2988 3831 3042 θάνα-

2244 3105 2335 3152 τος
2362 3085 2666 3151 ἐϐασίλευε,
2711 3085 2805 3139 καὶ
2842 3086 2871 3138 6
2917 3084 2980 3137 τὸ
3022 3083 3222 3155 κράτος
3255 3082 3392 3153 έχων
3434 3080 3531 3134 τοῦ
3566 3080 3825 3145 θανάτου,

558 3182 622 3229 ut
657 3190 1004 3246 consequens
1032 3186 1188 3243 erat,
1212 3177 1479 3235 Dominus
1514 3196 1623 3235 non
1648 3181 1912 3251 regnabat
1945 3183 1999 3237 in
2041 3184 2136 3237 ho-

2240 3182 2514 3236 τουτέστιν
2543 3184 2571 3234 6
2599 3178 2843 3240 διάϐολος
2871 3177 3220 3247 κατεκράτει,
3246 3175 3346 3229 οὐκ
3376 3170 3443 3244 ῆν
3474 3173 3596 3226 τότε
3624 3172 3830 3244 ἀνθρὼρ

561 3267 825 3333 minibus,
859 3269 955 3324 sed
981 3270 1203 3338 quidam
1231 3272 1533 3326 multorum
1564 3272 1791 3326 deorum
1824 3281 1879 3327 et
1909 3274 2141 3329 diaboli—

561 3372 662 3412 cus
687 3374 862 3415 error.
901 3360 1023 3431 Ipse
1050 3370 1232 3416 autem
1278 3363 1575 3433 Apostolus
1603 3364 1719 3420 inec
1766 3364 1833 3420 de
1859 3364 2142 3421 Salvatore

562 3459 754 3505 nostro
776 3450 935 3506 docet
960 3471 972 3507 :
995 3452 1137 3518 Quia
1155 3470 1275 3522 ergo
1288 3456 1434 3522 pueri
1456 3457 1969 3511 communicaverunt
1994 3443 2144 3511 carui

561 3554 611 3596 et
640 3545 909 3614 sanguini,
943 3555 993 3601 et
1024 3548 1134 3616 ipse
1156 3548 1403 3603 similiter
1428 3550 1769 3619 participavit
1792 3551 1987 3607 eisdem
2018 3569 2143 3621 pas-

562 3632 801 3686 sionibus
826 3650 845 3697 ,°
869 3644 926 3687 ut
949 3652 1040 3703 per
1063 3646 1284 3690 mortem
1322 3637 1617 3693 destrueret
1642 3641 1889 3710 eum,qui
1920 3640 2144 3695 habebat

564 3724 752 3777 mortis
783 3724 1083 3792 imperium,
1105 3727 1159 3779 id
1184 3738 1261 3781 est
1288 3726 1561 3782 diabolum
1591 3728 1657 3784 “.
1681 3728 1810 3786 Jure
1845 3730 2025 3800 itaque
2048 3730 2143 3786 Ι)ιεὶ

564 3812 826 3882 Verbum,
858 3817 1003 3885 quod
1024 3820 1175 3887 prius
1199 3819 1525 3885 exsistebat,
1555 3834 1681 3874 cum
1711 3821 1822 3876 vita
1840 3822 1955 3892 ipsa
1976 3834 2140 3888 esset,

562 3907 633 3961 ad
674 3910 868 3964 mortis
918 3909 1369 3975 destructionem,
1403 3913 1634 3968 mortale
1693 3913 2138 3981 instrumentum,

563 4012 767 4066 corpus
831 4000 1043 4055 scilicet
1092 4001 1393 4055 humanum
1467 4017 1788 4069 assumens,
1853 4004 2144 4075 ipsumque

562 4089 726 4141 morti
765 4088 1008 4153 tradens,
1045 4090 1113 4144 ad
1171 4100 1380 4145 natura:
1435 4107 1549 4147 suae
1589 4092 2140 4163 demonstrationem;

561 4177 815 4249 idemque
838 4188 1026 4251 postea
1058 4197 1088 4235 a
1110 4190 1285 4238 morte
1314 4200 1601 4240 resumens
1623 4184 1693 4239 ad
1723 4185 1963 4240 divinam
1987 4203 2144 4243 suam

559 4270 823 4326 virtutem
862 4272 1268 4340 declarandam,
1300 4277 1429 4331 dum
1487 4279 1682 4332 mortis
1717 4277 1938 4348 quidem
1974 4279 2145 4349 impe-

559 4363 704 4416 rium
750 4364 935 4428 solvit,
958 4364 1160 4419 diaboli
1205 4367 1392 4423 itidem
1418 4368 1474 4421 in
1506 4369 1755 4424 homines
1799 4370 2141 4440 tyrannidem

558 4452 829 4521 destruit;
861 4454 970 4508 imo
1002 4455 1165 4509 etiam
1199 4456 1505 4511 daemonum
1551 4458 1914 4528 malignorum
1946 4475 2010 4515 ac
2031 4461 2143 4529 spi-

2242 3291 2360 3328 πων
2390 3271 2687 3343 βασιλεύων
2720 3273 2748 3324 6
2780 3269 3007 3340 Κύριος,
3040 3267 3175 3321 ἀλλά
3197 3284 3282 3331 τις
3311 3264 3570 3329 πολύθεος
3597 3266 3695 3320 κα).
3715 3265 3829 3320 δαι-

2245 3367 2437 3437 μονικὴ
2470 3364 2667 3439 πλάνη.
2697 3362 2946 3417 Διδάσκει
2983 3361 3039 3415 δὲ
3065 3363 3093 3417 6
3135 3359 3296 3425 αὐτὸς
3344 3359 3667 3423 Ἀπόστολος
3699 3360 3829 3431 περὶ

2239 3456 2335 3513 τοῦ
2381 3457 2632 3530 Σωτῆρος
2669 3457 2826 3529 ἡμῶν
2871 3456 3046 3524 λέγων
3071 3472 3085 3486 ο
3147 3454 3303 3507 Ἐπεὶ
3346 3449 3460 3508 οὖν
3506 3452 3579 3506 τὰ
3615 3451 3830 3504 παιδία

2241 3551 2675 3619 κεκοινώνηκεν
2722 3549 2972 3619 αἳματος
3026 3546 3127 3602 καὶ
3179 3545 3427 3614 σαρκὸς,
3488 3545 3589 3598 καὶ
3642 3543 3828 3609 αὐτὸς

2241 3644 2680 3714 παραπλησίως
2726 3641 2989 3712 μετέσχε
3035 3639 3153 3693 τῶν
3190 3636 3389 3693 αὐτῶν
3436 3634 3824 3705 παθημάτων,

2242 3739 2341 3792 ἵνα
2375 3737 2472 3791 διὰ
2510 3735 2616 3789 τοῦ
2647 3734 2908 3789 θανάτου
2952 3729 3303 3802 καταργήσῃ
3342 3728 3450 3783 τόν
3494 3728 3559 3781 τὸ
3608 3725 3827 3795 κράτος

2241 3829 2464 3898 ἔχοντα
2493 3828 2600 3881 τοῦ
2634 3825 2916 3892 θανάτου,
2956 3824 3234 3879 τουτέστι
3264 3821 3370 3876 τὸν¹
3398 3819 3706 3874 διάϐολον.
3744 3819 3829 3870 Ei-

2241 3920 2416 3982 κότως
2447 3915 2539 3973 οὖν
2561 3922 2590 3973 ὁ
2626 3917 2808 3992 προὼν
2834 3916 2929 3971 τοῦ
2953 3916 3089 3972 Θεοῦ
3112 3916 3305 3984 Λόγος,
3341 3913 3503 3976 αὐτὸς
3529 3911 3605 3965 ὢν
3626 3914 3662 3982 ἡ
3690 3909 3825 3979 ζωὴ,

2242 4013 2334 4065 ἐπὶ
2367 4011 2688 4081 καθαιρέσει
2715 4010 2808 4064 τοῦ
2841 4010 3074 4065 θανάτου
3104 4006 3294 4077 θνητὸν
3324 4005 3556 4076 ὄργανον
3578 4003 3641 4055 τὸ
3663 4000 3828 4071 σῶμα

2240 4104 2301 4156 τὸ
2329 4102 2666 4174 ἀνθρώπειον
2701 4100 3007 4165 ἀναλαϐὼν,
3052 4098 3149 4153 καὶ
3178 4096 3338 4151 τοῦτο
3372 4095 3449 4166 τῷ
3478 4094 3695 4164 θανάτῳ
3721 4109 3829 4147 πσλ-

2246 4194 2435 4267 ραδοὺς
2486 4196 2567 4258 εἰς
2608 4192 2831 4258 ἔνδειξιν
2887 4192 2989 4262 τῆς
3037 4189 3242 4253 οἰκείας
3297 4186 3533 4256 φύσεως,
3587 4186 3829 4240 κᾶπειτα

2242 4286 2371 4339 αὐτὸ
2398 4285 2493 4339 τοῦ
2520 4285 2747 4338 θανάτου
2794 4282 2993 4349 ἐξελὼν
3026 4283 3106 4345 είς
3134 4279 3481 4352 παράστασιν
3513 4276 3616 4345 τῆς
3641 4274 3825 4329 ἐνθέου

2240 4377 2542 4447 δυνάμεως,
2591 4375 2707 4428 λύει
2746 4375 2845 4445 μὲν
2875 4372 2969 4428 τοῦ
2998 4373 3228 4426 θανάτου
3262 4370 3323 4423 τὸ
3360 4369 3583 4440 κράτος,
3611 4366 3732 4421 λύει
3771 4367 3829 4421 δὲ

2242 4469 2338 4522 καὶ
2385 4467 2480 4520 τοῦ
2518 4467 2765 4521 διαϐόλου
2809 4467 2909 4538 τὴν
2951 4465 3091 4519 κατὰ
3125 4463 3235 4517 τῶν
3276 4459 3582 4532 ἀνθρώπων
3623 4477 3828 4530 τυρανς

558 4545 762 4599 rituum
814 4546 1177 4615 impurorum,
1219 4549 1311 4616 qui
1344 4548 1472 4600 olim
1516 4547 1572 4601 in
1632 4547 1928 4602 humanum
1966 4564 2136 4618 genus

2240 4560 2374 4614 νίδα·
2399 4559 2535 4614 ἀλλὰ
2563 4559 2784 4613 καὶτῶν
2808 4558 2977 4612 πάλαι
2999 4554 3491 4627 κατακρατούντων
3508 4551 3606 4605 τοῦ
3623 4553 3828 4622 ἀνθρω-

560 4637 848 4705 impcrium
908 4637 1262 4701 obtinebant,
1305 4639 1568 4708 operandi
1626 4640 1737 4693 vim
1798 4639 2130 4711 exstinguit,

559 4728 775 4782 sublata
822 4743 917 4797 per
946 4729 1311 4795 evangelicam
1354 4731 1795 4799 praedicationem
1838 4733 1988 4785 omni
2041 4732 2136 4784 ad-

558 4818 801 4872 versaria
826 4830 879 4871 et
903 4819 1121 4873 inimica
1154 4820 1264 4874 Deo
1288 4829 1580 4888 potestate,
1617 4828 1905 4891 paternum
1929 4822 2040 4877 Deo
2080 4823 2134 4877 in

557 4926 750 4964 omnes
781 4918 970 4980 gentes
1008 4927 1235 4981 regnum
1278 4920 1556 4981 procurat.
1583 4913 1925 4985 Quapropter
1954 4917 2133 4971 soluta

557 5003 754 5058 mortis
790 5010 1080 5073 potestate,
1134 5020 1199 5059 ac
1246 5004 1527 5060 destructo
1572 5021 1658 5068 eo,
1688 5006 1781 5078 qui
1842 5007 2131 5077 imperium

557 5094 752 5149 mortis
788 5095 1045 5158 habebat,
1081 5095 1135 5149 id
1188 5104 1294 5161 est,
1328 5096 1580 5166 diabolo;
1608 5098 1721 5168 jam
1768 5111 2029 5171 regnante
2075 5103 2129 5155 in

556 5186 813 5240 omnibus
845 5186 1099 5256 gentibus
1132 5187 1393 5251 Domino,
1430 5197 1693 5259 regnante
1728 5190 1855 5246 item
1880 5207 2005 5246 cum
2038 5193 2131 5248 illo

558 5294 610 5330 ιιι
648 5277 960 5334 hominibus
1004 5281 1111 5333 vita
1153 5280 1265 5345 illa,
1296 5296 1417 5350 qua:
1464 5282 1765 5337 secundum
1806 5282 1975 5339 Deum
2010 5293 2133 5352 est;

557 5371 751 5425 merito
789 5370 1025 5440 Spiritus
1047 5382 1274 5428 sanctus
1303 5389 1402 5444 pro
1433 5382 1583 5429 tanto
1621 5374 1867 5432 facinore
1904 5379 2133 5434 choreas

559 5475 979 5533 agens,nosque
1028 5479 1221 5520 omnes
1269 5466 1337 5519 ad
1378 5466 1609 5523 choreas
1659 5482 1990 5535 convocans,
2020 5472 2134 5525 haec

561 5552 933 5610 vociferatur:
981 5554 1242 5612 Dominus
1302 5561 1573 5629 regnavit,
1636 5565 1877 5616 decorem
1934 5563 2128 5617 induit.

630 5705 676 5736 “
716 5705 875 5761 Rom.
912 5725 966 5775 ν,
1019 5711 1107 5767 14.
1182 5712 1227 5744 ⁸⁵
1268 5711 1433 5769 Hebr.
1475 5729 1548 5777 ll,
1589 5715 1674 5770 Η.

2242 4653 2395 4705 πείου
2448 4652 2638 4720 γένους
2703 4651 2974 4722 δαιμόνων
3037 4648 3289 4720 πονηρῶν
3344 4644 3439 4700 καὶ⁸
3496 4644 3825 4716 πνευμάτων

2243 4742 2572 4814 ἀκαθάρτων
2600 4742 2696 4813 τὴν
2725 4742 3003 4813 ἐνέργειαν
3040 4739 3309 4802 σϐέννυσι,
3349 4738 3530 4791 πᾶσάν
3564 4753 3627 4789 τε
3668 4735 3825 4790 καθε·

2240 4834 2346 4889 λὼν
2374 4836 2475 4907 τὴν
2510 4835 2893 4906 ἀντικειμένην
2934 4834 3027 4888 καὶ
3064 4831 3264 4904 ἐχθρὰν
3297 4830 3377 4901 τῷ
3413 4828 3534 4899 Θεῷ
3575 4828 3824 4899 δύναμιν,

2239 4926 2336 4998 τὴν
2363 4928 2633 4998 πατρικὴν
2659 4925 2735 4995 τῷ
2760 4924 2879 4995 Θεῷ
2918 4925 3201 4996 βασιλείαν
3224 4921 3313 4975 διά
3342 4921 3435 4975 τοῦ
3465 4917 3827 4987 εύαγγελικοῦ

2239 5018 2595 5091 κηρύγματος
2628 5020 2763 5071 πᾶσι
2805 5020 2919 5081 τοῖς
2956 5016 3135 5071 ἔθνεσι
3169 5014 3440 5088 προξενεῖ.
3486 5011 3579 5064 Διὸ
3625 5012 3691 5081 δὴ
3728 5026 3827 5062 κα-

2238 5110 2563 5180 ταλυθείσης
2586 5110 2685 5180 τῆς
2714 5110 2809 5164 τοῦ
2843 5111 3074 5164 θανάτου
3116 5107 3457 5170 δυναστείας,
3492 5106 3589 5160 καὶ
3618 5121 3826 5174 καταρ-

2238 5202 2498 5274 γηθέντος
2540 5202 2638 5256 τοῦ
2666 5203 2728 5255 τὺ
2777 5203 2980 5274 κράτος
3011 5202 3225 5272 ἔχοντος
3254 5199 3349 5252 τοῦ
3394 5197 3652 5259 θανάτου,
3702 5212 3825 5248 του-

2234 5294 2386 5348 τέστι
2417 5293 2513 5347 τοῦ
2542 5294 2813 5361 διαϐόλου,
2848 5294 3223 5365 βασιλεύοντος
3247 5292 3305 5344 δὲ
3342 5291 3447 5361 ήδη
3499 5287 3687 5342 λοιπὸν
3712 5286 3824 5339 τῶν

2234 5384 2328 5436 ἐπὶ
2366 5385 2469 5455 γῆς
2494 5386 2751 5439 ἁπάντων
2785 5385 2954 5439 ἐθνῶν
2984 5383 3080 5436 τοῦ
3096 5381 3331 5453 Κυρίου,
3360 5381 3458 5435 σὺν
3488 5377 3638 5449 αὐτῷ
3671 5376 3827 5448 βασι-

2234 5472 2499 5546 λευούσης
2532 5475 2836 5549 ἀνθρώπων
2881 5477 2980 5546 τῆς
3027 5473 3168 5528 κατά
3197 5473 3331 5526 Θεὸν
3383 5470 3561 5541 ζωῆς,
3595 5471 3825 5530 εἰκότως

2233 5565 2294 5618 τὸ
2329 5567 2470 5621 θεῖον
2502 5568 2749 5639 Πνεῦμα,
2784 5568 3009 5640 χορεῦον
3055 5567 3148 5620 ἐπὶ
3179 5564 3258 5637 τῷ
3302 5562 3689 5636 κατορθώματι
3728 5559 3823 5613 καῖ

637 5822 711 5891 (l)
751 5821 975 5894 Vulgata
1016 5826 1202 5896 adjicit
1232 5824 1298 5881 In
1336 5826 1418 5883 die
1450 5838 1568 5885 ante
1592 5827 1902 5899 Sabbatum,
1936 5830 2144 5901 quando
2177 5829 2399 5897 fundata
2425 5840 2498 5886 es!
2531 5839 2689 5884 terra.
