4068 6394
216 383 356 441 “85

1343 369 1847 427 COMMENTMHA
1890 370 1954 425 IN
1994 354 2350 427 PSALMOS.

3331 374 3467 429 1186

229 492 429 554 πάντας
457 490 606 559 ἡμᾶς
629 488 721 543 ἐπὶ
753 490 851 560 τὴν
879 488 1096 559 χορείαν
1132 488 1383 557 συνάγον,
1406 488 1679 558 ἀναφωνεῖ
1703 489 1794 540 καὶ

1911 486 2108 560 Regnat
2140 504 2303 558 porro
2344 486 2627 551 Dominus,
2653 486 2747 557 qui
2786 484 2906 555 ipsa
2927 484 3036 540 vita
3069 495 3172 549 est,
3203 492 3258 540 et
3288 486 3463 556 ipsum

226 582 400 649 λέγει·
439 580 501 633 '0
528 582 734 648 Κύριος
764 581 1183 643 ἐϐασίλευσεν,
1212 580 1571 648 εὐπρέπειαν
1596 579 1793 632 ἐνεδύ-

225 688 389 726 σατο.
419 671 705 725 Βασιλεύει
737 673 793 724 δὲ
827 674 855 726 6
891 672 1115 743 Κύριος,
1157 672 1318 735 αὐτὸς
1348 671 1424 726 ὢν
1458 674 1491 743 ἡ
1522 672 1656 744 ζωὴ,
1696 672 1791 726 καὶ

223 763 382 825 αὐτὸς
422 760 499 815 ὢν
545 765 573 816 6
618 760 712 816 τοῦ
753 763 886 817 Θεοῦ
919 764 1110 832 Λόγος,
1156 764 1337 834 πάσης
1364 763 1574 834 ψυχῆς,
1620 759 1688 834 ἧς
1718 763 1792 835 μὴ

224 853 553 907 καθάπτεται
600 852 790 922 ἀλογία
830 853 923 907 καὶ
957 853 1257 926 ἀφροσύνη,
1302 854 1397 907 καὶ
1431 850 1499 925 ἧς
1536 853 1609 925 μὴ
1642 853 1793 923 βασι-

221 942 363 995 λεύει
400 943 665 1013 ἁμαρτία,
702 944 794 996 καὶ
819 938 885 1015 ἦς
914 944 989 1015 μὴ
1022 946 1213 1013 κρατεῖ
1239 943 1268 995 ὁ
1302 943 1565 1007 διάϐολος,
1598 942 1691 995 καὶ
1724 938 1793 1014 ἧς

223 1034 297 1105 μὴ
330 1033 786 1087 καταδυναστεύει
837 1033 1090 1098 θάνατος,
1124 1033 1442 1107 τιτρώσκων
1485 1034 1653 1106 αὐτὴν
1698 1034 1792 1087 καὶ

219 1124 460 1198 ἀναιρῶν
492 1126 580 1179 διὰ
618 1125 726 1179 τῶν
776 1125 918 1179 ἰδίων
957 1126 1217 1196 κέντρων.
1254 1127 1327 1179 Τὸ
1355 1126 1412 1179 δὲ
1446 1126 1669 1197 κέντρον
1696 1123 1791 1177 τοῦ

223 1217 452 1272 Θανάτου
486 1218 583 1288 τὴν
627 1216 900 1287 ἁμαρτίαν
934 1210 1072 1269 εἶναι
1105 1216 1344 1269 διδάσκει
1386 1217 1413 1269 6
1450 1214 1791 1279 Ἀπόστολος,

224 1308 289 1361 δι’
316 1303 385 1381 ἦς
412 1309 715 1378 ἀναιρεῖται
746 1307 892 1378 ψυχὴ
927 1307 1068 1361 κατά
1106 1308 1205 1378 τὴν
1236 1307 1552 1376 φάσκουσαν
1581 1324 1795 1379 προφη-

224 1400 407 1454 τείαν
447 1399 619 1469 Ψυχὴ
648 1400 685 1467 η
715 1398 1165 1469 ἁμαρτάνουσα,
1204 1398 1356 1467 αὐτὴ
1388 1399 1791 1453 ἀποθανεῖται.

224 1493 316 1545 Διὸ
346 1491 609 1561 ἀσκητέον
641 1490 699 1543 τὸ
723 1492 861 1561 μήτε
891 1490 1138 1559 ἀλογίαν,
1173 1491 1310 1560 μήτε
1333 1490 1623 1562 ἁμαρτίαν,
1657 1491 1794 1561 μήτε

224 1584 314 1638 τὸν
332 1582 593 1644 διάϐολον,
631 1584 765 1653 μήτε
796 1581 887 1634 τὸν
911 1580 1140 1634 θάνατον
1174 1582 1329 1653 ἡμῶν
1366 1582 1452 1634 διὰ
1492 1581 1592 1652 τῆς
1619 1582 1797 1653 ἀμαρ-

224 1673 345 1738 τίας
377 1676 631 1746 κρατεῖν·
681 1673 839 1744 μόνον
872 1673 928 1726 δὲ
971 1672 1247 1744 κυριεύειν
1299 1672 1455 1743 ἡμῶν
1501 1672 1593 1725 τὸν
1623 1673 1795 1741 Λόγον

1899 579 1991 635 Dei
2030 579 2287 645 Verbum,
2342 580 2398 633 in
2442 593 2657 633 onmem
2712 579 2975 640 animam.
3008 578 3096 632 cui
3158 593 3270 631 non
3329 579 3460 633 ines‘

1897 673 2131 727 amentia
2160 679 2214 726 et
2238 672 2493 733 stultitia.
2515 672 2571 725 in
2602 686 2766 740 quam
2792 686 2901 725 non
2933 676 3127 740 regnat
3157 679 3463 739 peccatum.

1897 764 1988 818 cui
2018 779 2127 818 non
2164 764 2393 833 imperat
2417 762 2691 827 diabolus,
2722 763 2809 817 cui
2842 778 2951 816 non
2969 762 3281 816 dominatur
3298 777 3467 825 mors,

1899 855 2138 923 propriis
2168 855 2315 908 illam
2348 854 2587 909 stimulis
2618 852 2942 909 confodieris
2971 861 3025 908 et
3055 854 3332 909 occidens.
3361 851 3467 907 Sti-

1898 946 2105 998 mulum
2138 959 2305 1016 porro
2356 944 2552 1001 mortis
2583 952 2870 1016 peccatum
2903 960 3025 1000 esse
3049 946 3208 1000 docet
3238 945 3473 1015 Aposto-

1897 1036 1983 1091 lus
2014 1036 2110 1092 ’δε
2156 1052 2266 1107 quo
2317 1036 2538 1092 stimulo
2589 1037 2857 1091 occiditur
2914 1037 3117 1100 anima,
3172 1036 3473 1091 secundum

1899 1128 2239 1198 prophetiam
2271 1144 2391 1198 qua:
2420 1132 2497 1181 ait
2536 1148 2552 1185 :
2601 1129 2795 1183 Anima
2856 1145 2972 1199 qua:
3019 1128 3330 1197 peccaverit,
3360 1128 3476 1194 ipsa

1900 1223 2156 1275 morietur
2180 1221 2249 1275 ".
2280 1219 2461 1286 Quare
2489 1221 2841 1275 adnitendum
2871 1228 2976 1284 est,
3010 1228 3068 1273 ut
3092 1235 3268 1288 neque
3297 1233 3479 1273 amen-

1902 1308 2196 1383 tia,neque
2246 1322 2550 1382 peccatum,
2581 1329 2758 1383 neque
2804 1312 3073 1375 diabolus,
3124 1325 3301 1380 neque
3330 1323 3478 1363 mors

1901 1420 1999 1475 per
2050 1405 2229 1475 ipsum
2278 1412 2562 1474 peccatum
2596 1405 2653 1458 in
2692 1404 2853 1459 nobis
2884 1403 3231 1471 dominetur;
3264 1402 3359 1459 sed
3387 1420 3477 1457 so-

1903 1497 2179 1552 lummodo
2209 1494 2445 1553 Verbum
2477 1498 2683 1560 etvita,
2716 1496 2770 1549 id
2799 1504 2906 1561 est,
2935 1495 3221 1558 Dominus,
3256 1497 3347 1565 qui
3382 1510 3479 1565 per

1901 1605 2063 1644 omne
2086 1590 2350 1643 virtutum
2378 1604 2550 1659 genus
2574 1596 2765 1660 regnat
2788 1590 2845 1643 in
2873 1604 2990 1652 eos,
3021 1587 3115 1658 qui
3147 1587 3267 1657 ejus
3300 1588 3477 1656 impe-

1901 1675 1984 1727 rio
2005 1675 2153 1745 digni
2180 1676 2468 1730 habentur.

225 1768 319 1822 καὶ
346 1770 442 1839 τὴν
477 1766 641 1839 ζωὴν,
675 1766 919 1820 τουτέστι
962 1768 1054 1820 τὸν
1096 1765 1319 1838 Κύριον,
1367 1765 1455 1819 διά
1490 1765 1672 1835 πάσης
1723 1766 1927 1836 ἀρετῆς
1990 1768 2349 1838 βασιλεύοντα
2401 1768 2511 1822 τῶν
2554 1766 2982 1840 κατηξιωμένων
3024 1769 3124 1839 τῆς
3158 1767 3250 1820 ὑπ’
3307 1763 3477 1819 αὐτοῦ

226 1859 522 1930 βασιλείας.

311 1971 464 2025 Ἐπεὶ
505 1971 563 2024 δὲ
612 1971 819 2043 μέλλων
856 1970 1159 2041 βασιλεύειν
1184 2010 1199 2034 ,
1243 1970 1305 2023 ού
1361 1969 1521 2041 μόνον
1564 1968 1801 2034 ζώντων,

1978 1965 2115 2033 Quia
2144 1982 2277 2021 vero
2318 1966 2413 2020 Dei
2442 1966 2707 2033 Verbum,
2739 1968 2857 2038 ipse
2908 1966 3175 2025 Dominus
3218 1978 3480 2040 regnatu-

220 2064 362 2118 ἀλλά
393 2063 487 2117 καὶ
518 2064 725 2135 νεκρῶν
758 2065 786 2117 6
814 2064 904 2117 τοῦ
941 2063 1075 2116 Θεοῦ
1107 2063 1279 2132 Λόγος
1312 2061 1475 2125 αὐτὸς
1501 2059 1576 2114 ὢν
1614 2062 1642 2113 6
1685 2060 1800 2113 Κύ-

226 2174 363 2229 ριος,
412 2156 506 2210 καὶ
550 2156 611 2209 ού
651 2157 809 2226 μόνον
857 2136 963 2209 τῶν
996 2158 1052 2209 ὲν
1087 2157 1334 2228 οὐρανοῖς
1380 2155 1516 2208 ἀλλά
1568 2154 1662 2208 καί
1694 2154 1803 2207 τῶν

229 2248 324 2302 ἐπὶ
354 2248 477 2319 γῆς,
518 2247 702 2312 καθὼς
752 2248 914 2311 αὐτὸς
944 2248 1185 2301 διδάσκει
1213 2248 1407 2316 λέγων,
1458 2247 1667 2313 Ἐδόθη
1704 2264 1807 2315 μοι

229 2338 401 2393 πᾶσα
435 2339 686 2403 ἐξουσία
718 2340 788 2393 ἐν
825 2338 1057 2407 οὐρανῷ
1091 2340 1189 2393 καὶ
1227 2338 1325 2391 ἐπὶ
1356 2338 1466 2407 τῆς
1505 2338 1648 2408 γῆς’
1686 2337 1807 2390 ὲκέ-

230 2442 402 2478 νωσεν
454 2427 666 2490 ἑαυτὸν,
719 2428 932 2498 μορφὴν
976 2427 1159 2479 δούλου
1209 2426 1407 2491 λαϐὼν,
1460 2428 1707 2480 τουτέστι
1747 2426 1808 2478 τὸ

226 2517 428 2589 θνητὸν
478 2516 636 2589 σῶμα
691 2517 785 2571 καὶ
836 2517 901 2585 τὸΔ
956 2516 1294 2586 ἀνθρώπειον
1333 2516 1596 2589 ὄργανον
1649 2515 1808 2570 τοῦτο

232 2611 342 2680 γὰρ
390 2606 458 2680 ἦν
492 2611 524 2680 ή
563 2608 743 2681 μορφὴ
792 2608 887 2661 τοῦ
941 2607 1161 2661 δούλου·
1193 2608 1313 2661 τότε
1360 2609 1478 2679 μὲν,
1522 2609 1611 2661 ὅτε
1655 2606 1808 2661 ταῦτ’

232 2700 523 2770 ἔπραττεν,
559 2699 864 2771 ἀπρέπειαν
888 2698 1287 2772 περιεϐάλλετο,
1317 2700 1458 2753 ὥστε
1487 2699 1616 2771 περί
1646 2697 1809 2752 αὐτοῦ

228 2790 430 2861 λέγειν,
456 2791 709 2861 Εἵδομεν
736 2790 941 2853 αὐτὸν,
970 2792 1068 2845 καὶ
1107 2793 1219 2846 οὐκ
1246 2792 1409 2860 εἶχεν
1438 2788 1627 2857 εἶδος,
1670 2788 1812 2844 οὐδὲ

234 2882 462 2949 κάλλος
482 2900 496 2913 ⁸
535 2885 672 2938 ἀλλ’
702 2879 781 2954 ἦν
800 2883 865 2937 τὸ
892 2880 1051 2949 εἶδος
1075 2882 1261 2937 αὐτοῦ
1281 2882 1490 2952 ἄτιμον
1510 2882 1605 2935 καὶ
1630 2880 1815 2935 ἐκλεῖ-

234 2989 354 3028 πον
382 2975 539 3043 παρά
566 2975 710 3041 τοὺς
744 2975 915 3041 υἱοὺς
942 2975 1062 3028 τῶν
1091 2973 1447 3042 ἀνθρώπων·
1481 2975 1568 3027 ὅτε
1594 2974 1649 3026 δὲ
1679 2975 1815 3027 ἀπο-

234 3064 415 3117 λαϐὼν
455 3063 552 3136 τὴν
594 3063 770 3129 δόξαν,
827 3066 893 3135 ἢν
943 3064 1038 3117 καὶ
1086 3063 1347 3135 πρότερον
1391 3058 1503 3133 εἶχε
1548 3061 1701 3133 παρὰ
1736 3062 1814 3134 τῷ

236 3156 432 3227 Πατρὶ,
492 3155 589 3227 τὴν
652 3155 747 3208 τοῦ
793 3154 979 3208 δούλου
1040 3155 1253 3227 μορφὴν
1309 3155 1400 3207 ἐπὶ
1460 3154 1521 3207 τὸ
1572 3158 1816 3225 κρεῖττον

240 3244 701 3316 μετεσχημάτισε,
746 3244 887 3298 κατά
932 3243 1028 3315 τὴν
1076 3245 1440 3316 ἀποστολικὴν
1489 3243 1813 3316 μαρτυρίαν,

1904 2076 1999 2115 rus
2030 2068 2272 2115 eratnon
2302 2061 2478 2113 solum
2511 2059 2845 2123 viventibus,
2875 2059 2968 2113 sed
3002 2061 3170 2113 etiam
3207 2060 3477 2129 mortuis;

1903 2167 2006 2207 nec
2040 2153 2214 2206 solum
2262 2153 2601 2216 caelestibus,
2630 2152 2725 2206 sed
2757 2152 2921 2206 etiam
2972 2154 3228 2217 terrenis,
3262 2162 3323 2208 ut
3363 2156 3481 2225 ipse

1905 2245 2150 2300 declarat
2184 2244 2269 2300 his
2299 2244 2479 2299 verbis
2504 2243 2667 2298 :Data
2698 2251 2777 2297 est
2809 2243 2937 2296 mihi
2968 2244 3137 2299 omnis
3162 2254 3394 2314 potestas
3425 2248 3482 2301 in

1906 2337 2033 2392 caelo
2066 2346 2113 2391 et
2139 2338 2193 2391 in
2217 2338 2452 2404 terra";
2485 2337 2605 2392 ideo
2642 2336 2878 2406 seipsum
2910 2337 3213 2392 exinanivit
3247 2339 3481 2394 formam

1908 2430 2053 2485 servi
2092 2429 2388 2499 accipiens,
2412 2429 2464 2483 id
2490 2437 2593 2492 est,
2615 2429 2846 2484 mortale
2877 2444 3077 2499 corpus
3102 2439 3154 2485 et
3184 2430 3481 2487 humanum

1910 2522 2373 2587 instrumentum;
2424 2536 2551 2575 nam
2619 2520 2856 2591 idipsum
2913 2528 3031 2575 erat
3093 2520 3269 2575 forma
3313 2523 3479 2578 servi.

1909 2616 2044 2669 Cum
2080 2621 2261 2668 autem
2286 2612 2399 2667 lucc
2433 2620 2636 2684 ageret,
2661 2620 2793 2666 tunc
2822 2612 3070 2667 dedecus
3110 2612 3335 2669 indutus
3360 2622 3483 2682 est;

1910 2704 1985 2757 ita
2021 2712 2081 2757 ut
2121 2704 2188 2758 de
2222 2704 2340 2773 ipso
2370 2702 2623 2757 dicatur:
2660 2702 2895 2755 Vidimus
2942 2719 3081 2768 eum,
3117 2714 3167 2757 et
3196 2721 3299 2758 non
3329 2704 3488 2758 habeo
3569 2767 3585 2779 _

1912 2792 2001 2846 bat
2023 2793 2264 2862 speciem,
2298 2808 2459 2862 neque
2495 2791 2982 2862 pulchritudinem;
3008 2792 3098 2846 sed
3126 2802 3243 2847 erat
3287 2796 3487 2863 species

1910 2883 2023 2953 ejus
2072 2882 2412 2947 inhonorata,
2448 2892 2496 2936 et
2525 2883 2772 2953 deﬁciens
2802 2898 2913 2952 prce
2958 2884 3087 2954 ﬁliis
3118 2885 3389 2940 hominum
3414 2886 3462 2918 ⁸⁸

1912 2974 2049 3028 Cum
2077 2983 2277 3037 autem,
2301 2981 2519 3043 recepta
2534 2989 2620 3038 ea,
2645 2990 2806 3044 quam
2838 2976 3074 3046 primum
3098 2977 3239 3047 apud
3269 2975 3485 3032 Patrem

1914 3066 2199 3129 habuerat,
2228 3065 2422 3136 gloria,
2459 3064 2686 3118 formam
2720 3067 2862 3121 servi
2888 3069 2941 3121 in
2971 3068 3166 3122 melius
3183 3068 3486 3132 transtulit,

1915 3156 2215 3212 secundum
2244 3154 2501 3227 lApostoli
2550 3154 2925 3212 testimonium
2968 3158 3050 3215 sic
3088 3160 3296 3215 habens
3331 3180 3344 3215 :
3381 3160 3488 3226 Qui

1919 3243 2322 3311 transformabit
2375 3259 2562 3312 corpus
2591 3243 2908 3301 humilitatis
2963 3257 3180 3314 nostrae,
3221 3250 3491 3319 conformo

235 3337 271 3409 ἡ
307 3354 491 3409 φησιν,
541 3340 638 3404 Ὃς
680 3337 1191 3407 μετασχηματίσει
1231 3336 1300 3390 τὸ
1342 3335 1513 3405 σῶμα
1552 3335 1662 3405 τῆς
1710 3352 1809 3390 τα-

1915 3334 2124 3402 corpori
2175 3334 2361 3405 gloria:
2410 3332 2613 3389 Christi
2641 3336 2710 3400 υ,
2773 3344 2903 3390 tunc
2952 3335 3205 3393 decorem
3262 3339 3486 3393 induit:

238 3428 575 3495 πεινώσεως
602 3427 792 3499 ἡμῶν,
831 3428 1189 3499 σύμμορφον
1219 3426 1298 3493 τῷ
1328 3427 1553 3498 σώματι
1576 3427 1688 3497 τῆς
1715 3426 1813 3481 δό-

236 3517 353 3587 ξης
389 3520 496 3575 τοῦ
529 3520 821 3588 Χριστοῦ,
872 3519 932 3572 τὸ
978 3517 1279 3589 τηνικαῦτα
1318 3520 1655 3590 εὐπρέπειαν
1698 3520 1815 3571 ὲνε-

238 3611 437 3666 δύσατο
457 3629 472 3642 ⁸
514 3612 601 3665 ὅτε
633 3611 725 3664 καὶ
755 3612 855 3682 τὴν
897 3610 991 3663 τοῦ
1040 3611 1253 3683 Πατρὸς
1284 3609 1581 3678 βασιλείαν,
1624 3612 1718 3664 καί
1745 3610 1814 3664 τὰ

240 3706 480 3769 πάντων,
531 3704 592 3756 οὐ
644 3703 803 3773 μόνον
844 3703 951 3758 τῶν
984 3705 1042 3757 ὲν
1082 3703 1349 3772 οὐρανοῖς,
1391 3702 1527 3757 ἀλλὰ
1565 3703 1658 3757 καὶ
1704 3702 1814 3756 τῶν

241 3797 363 3851 καθ’
396 3795 524 3867 ὅλης
569 3795 666 3865 τῆς
708 3794 1031 3866 οἰκουμένης
1078 3794 1245 3847 ἐθνῶν
1295 3795 1593 3865 ἐκράτυνε,
1636 3793 1815 3845 πᾶσαν

241 3888 341 3960 τὴν
381 3886 640 3941 πολύθεον
687 3884 931 3939 καθελὼν
968 3886 1195 3957 πλάνην.
1250 3887 1340 3938 Διὸ
1387 3885 1662 3938 λέλεκται’
1699 3886 1815 3938 Κύ-

236 3996 369 4048 ριος
423 3978 827 4032 ἐϐασίλευσεν
852 4016 866 4039 ,
920 3977 1278 4044 εὐπρέπειαν
1338 3975 1699 4029 ἐνεδύσατοο
1756 3974 1817 4027 τὸ

244 4070 375 4139 γοῦν
410 4069 757 4132 ἐνεδύσατο,
786 4066 861 4129 ὡς
891 4066 1033 4119 κατά
1055 4083 1177 4119 τινα
1198 4065 1386 4136 καιρὸν
1409 4064 1815 4134 ἀποδυσαμένου

245 4164 345 4234 τὴν
378 4161 730 4233 εὐπρέπειαν,
784 4158 1029 4211 λέλεκται
1049 4175 1062 4189 ο
1098 4158 1191 4211 καὶ
1220 4159 1308 4211 ὅτε
1357 4158 1454 4228 μὲν
1486 4156 1722 4225 ὑπέμενε
1749 4154 1819 4207 τά

246 4252 390 4305 κατά
431 4251 493 4304 τὸ
536 4250 727 4315 πάθος,
776 4246 1118 4315 ἐσταυρώθη
1142 4286 1157 4311 ,
1199 4245 1362 4316 φησὶν
1406 4247 1434 4299 6
1479 4243 1815 4307 Ἀπόστολος,

247 4342 316 4407 ἐξ
352 4342 701 4407 ἀσθενείαςο
737 4341 826 4392 ὅτε
863 4339 921 4391 δὲ
966 4336 1264 4408 νενικηκὼς
1288 4337 1382 4390 τὸν
1426 4336 1687 4399 θάνατον,
1719 4336 1819 4404 τὴν

250 4434 393 4487 κατά
426 4434 641 4487 πάντων
669 4429 1018 4501 ἀπελάμϐανε
1054 4429 1352 4499 βασιλείαν,
1390 4427 1553 4480 πάλιν
1580 4426 1819 4496 ἐπλήρου

248 4525 330 4589 τὸ,
378 4524 731 4578 Ἐνεδύσατο
760 4525 978 4591 Κύριος
1007 4521 1261 4591 δύναμιν
1284 4521 1380 4574 καὶ
1411 4517 1817 4589 περιεζώσατο.

250 4617 483 4688 Χριστὸς
510 4615 618 4686 γὰρ
663 4615 799 4668 Θεοῦ
833 4615 1060 4687 δύναμις
1085 4609 1153 4684 ἦν
1194 4613 1288 4666 καὶ
1311 4610 1447 4665 Θεοῦ
1476 4611 1656 4680 σοφία.
1706 4606 1820 4663 Εἶθ’

1912 3425 2131 3497 quando
2158 3426 2374 3496 penitus
2404 3426 2618 3481 sublato
2640 3428 2936 3482 multorum
2965 3429 3252 3483 numinum
3278 3446 3487 3495 errore,

1911 3526 1966 3574 et
2020 3517 2201 3573 Patris
2246 3532 2497 3588 regnum,
2550 3525 2605 3573 et
2657 3534 2766 3573 non
2811 3520 2975 3573 modo
3021 3520 3348 3587 caelestium,
3393 3522 3491 3577 sed

1912 3611 2078 3665 etiam
2123 3610 2366 3664 omnium
2422 3625 2519 3678 per
2551 3611 2737 3665 orbem
2793 3612 3035 3680 gentium
3088 3628 3176 3667 res
3232 3614 3490 3668 firmavit.

1914 3701 2094 3767 Quare
2123 3701 2324 3756 dicitur
2359 3719 2373 3755 :
2406 3700 2664 3755 Dominus
2706 3703 2960 3771 regnavit,
2996 3701 3234 3756 decorem
3274 3703 3491 3757 indutus

1913 3801 2032 3847 est:
2062 3792 2193 3847 illud
2224 3794 2390 3859 enim,
2424 3792 2640 3847 indutus
2685 3803 2783 3858 est,
2812 3796 2969 3864 quasi
3020 3796 3204 3864 aliquo
3250 3805 3493 3865 tempore

1914 3885 2166 3941 decorem
2212 3885 2445 3952 exuerit,
2480 3884 2777 3955 profertur.
2814 3884 3091 3955 Siquidem
3120 3888 3339 3956 quando
3366 3902 3493 3957 pas-

1917 3977 2085 4032 sionis
2137 3985 2408 4031 tormenta
2463 3977 2748 4038 sustinuit,
2808 3978 3096 4047 cruciﬁxus
3149 3986 3247 4041 est,
3312 3978 3493 4048 inquit

1918 4069 2230 4139 Apostolus,
2278 4083 2342 4122 ea:
2398 4069 2710 4137 infirmitate
2733 4068 2811 4135 ’°;
2866 4083 2989 4122 cum
3046 4076 3228 4123 autem
3278 4068 3493 4122 devicta

1917 4168 2113 4225 morte,
2143 4177 2371 4231 regnum
2401 4160 2456 4214 in
2480 4176 2671 4215 omnes
2693 4161 3137 4230 accepit,rursus
3169 4162 3271 4215 hoc
3302 4160 3494 4230 impleo

1918 4265 2031 4310 tum
2066 4260 2148 4309 est
2187 4269 2201 4305 :
2239 4253 2425 4308 Induit
2454 4252 2710 4306 Dominus
2734 4252 3099 4320 fortitudinem
3141 4261 3191 4305 et
3213 4253 3494 4321 prwcinxit

1919 4362 1992 4401 se.
2024 4344 2158 4399 Nam
2189 4345 2444 4399 Christus
2465 4343 2559 4399 Dei
2586 4345 2760 4397 virtus
2782 4348 2901 4398 erat
2927 4349 2981 4396 et
3011 4341 3105 4397 Dei
3142 4343 3408 4412 sapientia
3423 4343 3491 4396 ³¹.

1919 4436 2149 4503 Deinde,
2189 4443 2375 4505 utpote
2407 4435 2626 4505 propria
2658 4434 2881 4487 indutus
2910 4434 3111 4486 virtute
3152 4448 3324 4502 caque
3354 4447 3492 4502 pra:-
3578 4438 3579 4441 ‘

1921 4528 2156 4592 cinctus,
2176 4543 2433 4598 magnum
2460 4527 2671 4581 facinus
2692 4524 3027 4595 aggreditur.
3046 4524 3331 4590 Quodnam
3346 4530 3494 4577 esset

1925 4618 2079 4683 illud,
2118 4618 2362 4673 declarat
2418 4625 2607 4687 postea
2650 4614 2935 4685 Scriptura
2988 4615 3228 4668 dicens:
3280 4612 3492 4665 Etenim

252 4708 346 4762 ἀτε
396 4708 497 4780 τὴν
533 4707 740 4761 οἰκείαν
786 4706 1012 4778 δύναμιν
1058 4704 1413 4774 ἐνδυσάμενος
1437 4743 1452 4767 ,
1501 4703 1596 4756 καὶ
1645 4700 1809 4773 ταύτῃ

1924 4710 2155 4780 ﬁrmavit
2187 4710 2362 4762 orbem
2392 4718 2567 4773 terrw,
2596 4707 2686 4777 qui
2714 4723 2817 4760 non
2865 4705 3289 4759 commovebitur.
3340 4702 3493 4757 Illam

251 4799 715 4873 περιζωσάμενος,
759 4799 978 4871 μεγάλῳ
1009 4796 1391 4869 κατορθώματι
1424 4794 1613 4849 ἑαυτὸν
1644 4792 1818 4846 ἐπιδί-

251 4893 401 4947 δωσι.
436 4895 501 4946 Τί
533 4894 589 4946 δὲ
607 4890 675 4965 ἦν
701 4894 879 4956 τοῦτο,
908 4892 1035 4961 ἑξῆς
1059 4893 1088 4944 6
1115 4890 1268 4959 λόγος
1291 4888 1531 4941 διδάσκει
1559 4886 1782 4955 φάσκων
1804 4900 1818 4913 ·

251 4984 361 5038 Καὶ
396 4983 502 5052 γὰρ
533 4981 860 5049 ἐστερέωσε
896 4980 1010 5049 τὴν
1034 4979 1419 5048 οἰκουμένην,
1455 4976 1587 5044 ἥτις
1609 4978 1681 5030 οὐ
1720 4992 1822 5030 σαρ-

251 5075 629 5141 λευθήσεται.
668 5072 880 5145 Μικροῦ
930 5071 1039 5143 γὰρ
1093 5072 1201 5125 δεῖν
1257 5071 1385 5142 ὅλην
1426 5068 1595 5140 αὐτὴν
1644 5068 1817 5121 διόλου

253 5168 396 5224 κατὰ
428 5167 718 5240 βαράθρων
747 5167 1075 5238 ἐνεχθεῖσαν,
1122 5166 1359 5237 ὁπηνίκα
1398 5165 1466 5220 τά
1502 5165 1603 5236 τῆς
1633 5164 1821 5235 δαιμο-

251 5256 409 5327 νικῆς
438 5256 714 5328 ἐνεργείας
746 5256 888 5308 κατά
928 5257 1144 5309 πάντων
1184 5256 1384 5325 ἴσχυεν,
1430 5256 1687 5327 ἀνήγειρε
1728 5256 1822 5308 καὶ

251 5342 621 5416 διωρθώσατο,
645 5347 824 5398 πᾶσαν
854 5344 955 5416 τὴν
987 5343 1186 5415 ἐχθρὰν
1213 5344 1308 5397 καὶ
1329 5344 1644 5415 δαιμονικὴν
1672 5343 1826 5397 δύνα-

257 5453 371 5508 μιν,
409 5439 507 5507 τήν
533 5454 595 5489 τε
629 5436 886 5489 πολύθεον
917 5435 1123 5506 πλάνην
1153 5436 1477 5507 ἀνατρέψας.
1510 5435 1667 5489 Οὕτω
1694 5435 1829 5505 γοῦν

255 5528 554 5601 ἑστεριωσε
599 5528 698 5600 τὴν
748 5528 1104 5599 οἰκουμένην,
1152 5529 1229 5592 ὡς
1284 5528 1471 5601 μηκέτ’
1518 5528 1688 5599 αὐτὴν
1728 5544 1827 5581 σα-

1923 4800 2144 4871 quippe,
2176 4815 2301 4854 cum
2323 4807 2532 4852 tantum
2566 4815 2675 4852 non
2708 4800 2764 4851 in
2804 4797 3060 4851 barathra
3108 4795 3322 4864 penitus
3357 4795 3487 4848 ruis-

1924 4900 2027 4951 set,
2073 4889 2290 4958 quando
2336 4888 2641 4943 dzemonum
2692 4891 2777 4943 vis
2831 4894 2886 4940 et
2946 4887 3184 4941 elIicacia
3239 4885 3495 4941 omnibus

1924 4979 2266 5048 praevalebat,
2292 4980 2466 5032 erexit
2505 4993 2569 5031 ac
2602 4978 2862 5040 restituit,
2896 4992 3020 5030 cum
3054 4990 3269 5029 omnem
3320 4975 3477 5028 inimi

1923 5086 2043 5125 eam
2068 5078 2121 5126 et
2153 5071 2541 5125 daemoniacam
2573 5072 2851 5132 virtutem,
2876 5076 2930 5122 et
2971 5070 3263 5123 multorum
3312 5067 3496 5121 numi-

1924 5176 2055 5215 num
2085 5174 2326 5215 errorem
2370 5161 2675 5214 evertisset.
2727 5156 2807 5210 Ita
2838 5157 2983 5210 enim
3039 5155 3277 5209 ﬁrmavit
3306 5156 3498 5209 orbem

1926 5260 2105 5314 terrae,
2138 5258 2198 5305 ut
2221 5266 2397 5320 neque
2435 5266 2464 5304 a
2492 5252 2691 5320 pietate
2720 5265 2846 5323 erga
2868 5248 3037 5302 Deum
3073 5247 3443 5302 dimoveretur
3480 5265 3495 5298 :

1927 5340 2223 5397 Ecclesiam
2258 5357 2389 5397 vero
2416 5343 2611 5412 ipsius,
2641 5357 2762 5411 quae
2787 5355 2951 5411 supra
3002 5350 3209 5409 petram
3238 5336 3493 5409 fundatur

1924 5442 1978 5490 et
2020 5434 2285 5490 adversus
2315 5448 2475 5505 quam
2516 5443 2687 5503 porta:
2735 5433 2895 5487 inferi
2947 5447 3057 5485 non
3105 5427 3494 5500 praevalebunt,

1929 5528 2018 5582 hic
2062 5542 2159 5597 per
2212 5527 2397 5581 urbem
2425 5534 2588 5581 terra:
2615 5526 2932 5592 indicatam,
2965 5524 3039 5577 ita
3072 5522 3340 5576 ﬁrmatam
3377 5531 3493 5573 esse

327 5706 373 5737 ’⁸
405 5706 425 5760 1
458 5705 585 5763 Cor.
618 5721 711 5771 xv,
746 5704 834 5760 56.
909 5703 955 5736 "
994 5702 1189 5758 Ezech.
1225 5719 1387 5770 xvm,
1419 5703 1512 5761 20.
1588 5703 1632 5736 ³⁷
1672 5700 1864 5759 Matth.
1933 5717 2138 5771 xxviii,
2201 5702 2283 5758 18.
2382 5703 2427 5735 ’⁸
2466 5702 2570 5758 lsa.
2607 5716 2736 5769 Llll,
2766 5700 2822 5756 2.
2912 5700 2957 5733 ¹⁹
2994 5698 3228 5770 Philipp.
3266 5710 3367 5764 ιιι,
3405 5694 3494 5751 2t.

257 5775 305 5808 ³⁸
345 5775 387 5830 ΙΙ
419 5776 548 5834 Cor.
574 5790 702 5842 xm,
738 5776 792 5831 4.
867 5775 909 5807 ³¹
949 5772 969 5827 l
1003 5775 1129 5831 Cor.
1169 5790 1221 5841 ι,
1253 5774 1345 5829 24.
1434 5850 1461 5866 Α
