  <div class='ocr_page' id='page_1' title='image "/cluster/home/n/w/nwhite01/storage/ocr_20150623/23/nnc1.0046978313/619.png"; bbox 0 0 4068 6394; ppageno 0'>
   <div class='ocr_carea' id='block_1_1' title="bbox 561 388 702 445">
    <p class='ocr_par' dir='ltr' id='par_1_1' title="bbox 561 388 702 445">
     <span class='ocr_line' id='line_1_1' title="bbox 561 388 702 445; baseline -0.021 0"><span class='ocrx_word' id='word_1_1' title='bbox 561 388 702 445; x_wconf 78' lang='lat'><strong>“87</strong></span> 
     </span>
    </p>
   </div>
   <div class='ocr_carea' id='block_1_2' title="bbox 1180 370 3807 441">
    <p class='ocr_par' dir='ltr' id='par_1_2' title="bbox 1180 370 3807 441">
     <span class='ocr_line' id='line_1_2' title="bbox 1180 370 3807 441; baseline -0.006 -1"><span class='ocrx_word' id='word_1_2' title='bbox 1180 410 1187 419; x_wconf 57' lang='grc' dir='ltr'>κ</span> <span class='ocrx_word' id='word_1_3' title='bbox 1269 384 1536 441; x_wconf 72' lang='lat' dir='ltr'><strong>EUSEBII</strong></span> <span class='ocrx_word' id='word_1_4' title='bbox 1571 381 2047 441; x_wconf 64' lang='lat' dir='ltr'><strong>CAESARIENSIS</strong></span> <span class='ocrx_word' id='word_1_5' title='bbox 2085 378 2236 435; x_wconf 83' lang='lat' dir='ltr'><strong>OPP.</strong></span> <span class='ocrx_word' id='word_1_6' title='bbox 2278 376 2459 431; x_wconf 80' lang='lat' dir='ltr'><strong>PARS</strong></span> <span class='ocrx_word' id='word_1_7' title='bbox 2495 374 2584 430; x_wconf 88' lang='grc' dir='ltr'>ιιι.</span> <span class='ocrx_word' id='word_1_8' title='bbox 2623 407 2693 417; x_wconf 94' lang='lat'><strong>—</strong></span> <span class='ocrx_word' id='word_1_9' title='bbox 2727 370 3142 429; x_wconf 79' lang='lat' dir='ltr'><strong>EXEGETICA.</strong></span> <span class='ocrx_word' id='word_1_10' title='bbox 3721 372 3807 427; x_wconf 72' lang='lat'><strong>183</strong></span> 
     </span>
    </p>
   </div>
   <div class='ocr_carea' id='block_1_3' title="bbox 560 487 2121 575">
    <p class='ocr_par' dir='ltr' id='par_1_3' title="bbox 560 502 2121 575">
     <span class='ocr_line' id='line_1_3' title="bbox 560 502 2121 575; baseline -0.006 -12"><span class='ocrx_word' id='word_1_11' title='bbox 560 508 715 573; x_wconf 81' lang='lat' dir='ltr'><strong>dicit,</strong></span> <span class='ocrx_word' id='word_1_12' title='bbox 738 514 799 561; x_wconf 89' lang='lat' dir='ltr'><strong>ut</strong></span> <span class='ocrx_word' id='word_1_13' title='bbox 831 522 939 561; x_wconf 91' lang='lat' dir='ltr'><strong>non</strong></span> <span class='ocrx_word' id='word_1_14' title='bbox 961 507 1101 560; x_wconf 86' lang='lat' dir='ltr'><strong>ultra</strong></span> <span class='ocrx_word' id='word_1_15' title='bbox 1124 506 1327 561; x_wconf 81' lang='lat' dir='ltr'><strong>moveri</strong></span> <span class='ocrx_word' id='word_1_16' title='bbox 1350 505 1542 575; x_wconf 93' lang='lat' dir='ltr'><strong>possit.</strong></span> <span class='ocrx_word' id='word_1_17' title='bbox 1568 504 1704 558; x_wconf 88' lang='lat' dir='ltr'><strong>Nam</strong></span> <span class='ocrx_word' id='word_1_18' title='bbox 1725 502 1870 574; x_wconf 88' lang='lat' dir='ltr'><strong>quod</strong></span> <span class='ocrx_word' id='word_1_19' title='bbox 1896 504 1950 557; x_wconf 88' lang='lat' dir='ltr'><strong>in</strong></span> <span class='ocrx_word' id='word_1_20' title='bbox 1984 511 2121 572; x_wconf 77' lang='lat' dir='ltr'><strong>petr:</strong></span> 
     </span>
    </p>
   </div>
   <div class='ocr_carea' id='block_1_4' title="bbox 2224 487 3811 575">
    <p class='ocr_par' dir='ltr' id='par_1_4' title="bbox 2238 487 3811 565">
     <span class='ocr_line' id='line_1_4' title="bbox 2238 487 3811 565; baseline -0.008 -15"><span class='ocrx_word' id='word_1_21' title='bbox 2238 495 2487 550; x_wconf 81' lang='grc' dir='ltr'>λεύεσθαι</span> <span class='ocrx_word' id='word_1_22' title='bbox 2521 495 2620 565; x_wconf 78' lang='grc' dir='ltr'><strong>τῆς</strong></span> <span class='ocrx_word' id='word_1_23' title='bbox 2646 492 2784 547; x_wconf 84' lang='grc' dir='ltr'>κατὰ</span> <span class='ocrx_word' id='word_1_24' title='bbox 2813 493 2945 546; x_wconf 79' lang='grc' dir='ltr'>Θεὸν</span> <span class='ocrx_word' id='word_1_25' title='bbox 2979 490 3289 554; x_wconf 83' lang='grc' dir='ltr'>εὐσεϐείας·</span> <span class='ocrx_word' id='word_1_26' title='bbox 3331 491 3425 545; x_wconf 68' lang='grc' dir='ltr'><strong>καὶ</strong></span> <span class='ocrx_word' id='word_1_27' title='bbox 3457 490 3554 562; x_wconf 74' lang='grc' dir='ltr'><strong>τὴν</strong></span> <span class='ocrx_word' id='word_1_28' title='bbox 3598 487 3811 557; x_wconf 75' lang='grc' dir='ltr'>Ἐκκλη-</span> 
     </span>
    </p>
   </div>
   <div class='ocr_carea' id='block_1_5' title="bbox 556 595 2142 669">
    <p class='ocr_par' dir='ltr' id='par_1_5' title="bbox 556 595 2142 669">
     <span class='ocr_line' id='line_1_5' title="bbox 556 595 2142 669; baseline -0.003 -16"><span class='ocrx_word' id='word_1_29' title='bbox 556 597 839 664; x_wconf 82' lang='lat' dir='ltr'><strong>fundetur,</strong></span> <span class='ocrx_word' id='word_1_30' title='bbox 872 607 1042 669; x_wconf 73' lang='lat' dir='ltr'><strong>porta:</strong></span> <span class='ocrx_word' id='word_1_31' title='bbox 1089 598 1249 652; x_wconf 81' lang='lat' dir='ltr'><strong>inferi</strong></span> <span class='ocrx_word' id='word_1_32' title='bbox 1302 613 1415 651; x_wconf 89' lang='lat' dir='ltr'><strong>non</strong></span> <span class='ocrx_word' id='word_1_33' title='bbox 1451 597 1823 666; x_wconf 72' lang='lat' dir='ltr'><strong>prtevalebunt</strong></span> <span class='ocrx_word' id='word_1_34' title='bbox 1877 595 2142 649; x_wconf 77' lang='lat' dir='ltr'><strong>adversus</strong></span> 
     </span>
    </p>
   </div>
   <div class='ocr_carea' id='block_1_6' title="bbox 557 706 703 745">
    <p class='ocr_par' dir='ltr' id='par_1_6' title="bbox 557 706 703 745">
     <span class='ocr_line' id='line_1_6' title="bbox 557 706 703 745; baseline -0.007 0"><span class='ocrx_word' id='word_1_35' title='bbox 557 706 703 745; x_wconf 88' lang='lat' dir='ltr'><strong>eam.</strong></span> 
     </span>
    </p>
   </div>
   <div class='ocr_carea' id='block_1_7' title="bbox 2242 581 3807 657">
    <p class='ocr_par' dir='ltr' id='par_1_7' title="bbox 2242 581 3807 657">
     <span class='ocr_line' id='line_1_7' title="bbox 2242 581 3807 657; baseline -0.006 -16"><span class='ocrx_word' id='word_1_36' title='bbox 2242 590 2363 643; x_wconf 87' lang='grc' dir='ltr'>σίαν</span> <span class='ocrx_word' id='word_1_37' title='bbox 2388 590 2445 642; x_wconf 82' lang='grc' dir='ltr'>δὲ</span> <span class='ocrx_word' id='word_1_38' title='bbox 2478 588 2642 643; x_wconf 81' lang='grc' dir='ltr'>αὐτοῦ</span> <span class='ocrx_word' id='word_1_39' title='bbox 2673 587 2769 657; x_wconf 82' lang='grc' dir='ltr'><strong>τὴν</strong></span> <span class='ocrx_word' id='word_1_40' title='bbox 2802 586 2895 638; x_wconf 75' lang='grc' dir='ltr'><strong>ἐπὶ</strong></span> <span class='ocrx_word' id='word_1_41' title='bbox 2936 584 3037 655; x_wconf 84' lang='grc' dir='ltr'><strong>τὴν</strong></span> <span class='ocrx_word' id='word_1_42' title='bbox 3080 585 3287 657; x_wconf 84' lang='grc' dir='ltr'>πέτραν</span> <span class='ocrx_word' id='word_1_43' title='bbox 3329 581 3807 655; x_wconf 84' lang='grc' dir='ltr'>τεθεμελιωμένην,</span> 
     </span>
    </p>
   </div>
   <div class='ocr_carea' id='block_1_8' title="bbox 2239 673 3811 755">
    <p class='ocr_par' dir='ltr' id='par_1_8' title="bbox 2239 673 3811 755">
     <span class='ocr_line' id='line_1_8' title="bbox 2239 673 3811 755; baseline -0.006 -20"><span class='ocrx_word' id='word_1_44' title='bbox 2239 680 2307 755; x_wconf 77' lang='grc' dir='ltr'>ἧς</span> <span class='ocrx_word' id='word_1_45' title='bbox 2330 682 2496 735; x_wconf 82' lang='grc' dir='ltr'>πύλαι</span> <span class='ocrx_word' id='word_1_46' title='bbox 2534 680 2660 752; x_wconf 69' lang='grc' dir='ltr'>ᾅδου</span> <span class='ocrx_word' id='word_1_47' title='bbox 2691 680 2752 732; x_wconf 77' lang='grc' dir='ltr'><strong>οὗ</strong></span> <span class='ocrx_word' id='word_1_48' title='bbox 2794 676 3204 747; x_wconf 81' lang='grc' dir='ltr'>κατισχύσουσι,</span> <span class='ocrx_word' id='word_1_49' title='bbox 3245 677 3333 730; x_wconf 83' lang='grc' dir='ltr'><strong>διά</strong></span> <span class='ocrx_word' id='word_1_50' title='bbox 3362 676 3463 747; x_wconf 84' lang='grc' dir='ltr'><strong>τῆς</strong></span> <span class='ocrx_word' id='word_1_51' title='bbox 3498 673 3811 744; x_wconf 72' lang='grc' dir='ltr'><strong>οἰκουμένης</strong></span> 
     </span>
    </p>
   </div>
   <div class='ocr_carea' id='block_1_9' title="bbox 557 768 3808 853">
    <p class='ocr_par' dir='ltr' id='par_1_9' title="bbox 557 768 3808 853">
     <span class='ocr_line' id='line_1_9' title="bbox 557 768 3808 853; baseline -0.004 -20"><span class='ocrx_word' id='word_1_52' title='bbox 557 783 585 833; x_wconf 90' lang='grc' dir='ltr'><strong>ὀ</strong></span> <span class='ocrx_word' id='word_1_53' title='bbox 613 783 770 849; x_wconf 87' lang='grc' dir='ltr'><strong>λόγος</strong></span> <span class='ocrx_word' id='word_1_54' title='bbox 805 784 1073 853; x_wconf 83' lang='grc' dir='ltr'><strong>σημήνας,</strong></span> <span class='ocrx_word' id='word_1_55' title='bbox 1117 782 1209 835; x_wconf 60' lang='grc' dir='ltr'><strong>καλ⁹</strong></span> <span class='ocrx_word' id='word_1_56' title='bbox 1244 781 1449 852; x_wconf 79' lang='grc' dir='ltr'>ταύτην</span> <span class='ocrx_word' id='word_1_57' title='bbox 1493 780 1709 851; x_wconf 80' lang='grc' dir='ltr'>ἀληθῶς</span> <span class='ocrx_word' id='word_1_58' title='bbox 1759 777 2123 851; x_wconf 76' lang='grc' dir='ltr'>ἐστερεῶσθαί</span> <span class='ocrx_word' id='word_1_59' title='bbox 2174 794 2360 846; x_wconf 84' lang='grc' dir='ltr'>φησιν,</span> <span class='ocrx_word' id='word_1_60' title='bbox 2395 776 2517 847; x_wconf 75' lang='grc' dir='ltr'>ἥτις</span> <span class='ocrx_word' id='word_1_61' title='bbox 2550 774 2610 827; x_wconf 80' lang='grc' dir='ltr'>οὐ</span> <span class='ocrx_word' id='word_1_62' title='bbox 2642 771 3053 842; x_wconf 79' lang='grc' dir='ltr'>σαλευθήσεται.</span> <span class='ocrx_word' id='word_1_63' title='bbox 3089 768 3262 822; x_wconf 84' lang='grc' dir='ltr'><strong>Πύλαι</strong></span> <span class='ocrx_word' id='word_1_64' title='bbox 3306 769 3416 840; x_wconf 83' lang='grc' dir='ltr'><strong>γὰρ</strong></span> <span class='ocrx_word' id='word_1_65' title='bbox 3479 768 3607 840; x_wconf 75' lang='grc' dir='ltr'>ᾅδου</span> <span class='ocrx_word' id='word_1_66' title='bbox 3652 768 3808 837; x_wconf 83' lang='grc' dir='ltr'>αὐτῆς</span> 
     </span>
    </p>
   </div>
   <div class='ocr_carea' id='block_1_10' title="bbox 556 867 2265 946">
    <p class='ocr_par' dir='ltr' id='par_1_10' title="bbox 556 867 2265 946">
     <span class='ocr_line' id='line_1_10' title="bbox 556 867 2265 946; baseline -0.004 -21"><span class='ocrx_word' id='word_1_67' title='bbox 556 874 617 925; x_wconf 87' lang='grc' dir='ltr'>οὐ</span> <span class='ocrx_word' id='word_1_68' title='bbox 644 873 1061 946; x_wconf 79' lang='grc' dir='ltr'>κατισχύσουσι,</span> <span class='ocrx_word' id='word_1_69' title='bbox 1097 872 1184 925; x_wconf 77' lang='grc' dir='ltr'><strong>διὰ</strong></span> <span class='ocrx_word' id='word_1_70' title='bbox 1224 873 1285 924; x_wconf 82' lang='grc' dir='ltr'><strong>τὸ</strong></span> <span class='ocrx_word' id='word_1_71' title='bbox 1316 870 1744 943; x_wconf 85' lang='grc' dir='ltr'>τεθεμελιῶσθαι</span> <span class='ocrx_word' id='word_1_72' title='bbox 1785 869 1877 921; x_wconf 73' lang='grc' dir='ltr'><strong>ἐπὶ</strong></span> <span class='ocrx_word' id='word_1_73' title='bbox 1911 868 2009 939; x_wconf 83' lang='grc' dir='ltr'><strong>τὴν</strong></span> <span class='ocrx_word' id='word_1_74' title='bbox 2038 867 2265 938; x_wconf 81' lang='grc' dir='ltr'>πέτραν.</span> 
     </span>
    </p>
   </div>
   <div class='ocr_carea' id='block_1_11' title="bbox 627 980 2135 1049">
    <p class='ocr_par' dir='ltr' id='par_1_11' title="bbox 627 980 2135 1049">
     <span class='ocr_line' id='line_1_11' title="bbox 627 980 2135 1049; baseline -0.005 -10"><span class='ocrx_word' id='word_1_75' title='bbox 627 984 797 1039; x_wconf 69' lang='lat' dir='ltr'><strong>Vnus.</strong></span> <span class='ocrx_word' id='word_1_76' title='bbox 818 985 873 1049; x_wconf 72' lang='grc'>2,</span> <span class='ocrx_word' id='word_1_77' title='bbox 896 986 949 1039; x_wconf 77' lang='grc'><strong>5.</strong></span> <span class='ocrx_word' id='word_1_78' title='bbox 972 985 1207 1038; x_wconf 86' lang='lat' dir='ltr'><strong>Paratus</strong></span> <span class='ocrx_word' id='word_1_79' title='bbox 1235 985 1452 1037; x_wconf 76' lang='lat' dir='ltr'><strong>thronus</strong></span> <span class='ocrx_word' id='word_1_80' title='bbox 1486 994 1604 1038; x_wconf 85' lang='lat' dir='ltr'><strong>tuus</strong></span> <span class='ocrx_word' id='word_1_81' title='bbox 1625 999 1689 1037; x_wconf 74' lang='lat' dir='ltr'><strong>ea:</strong></span> <span class='ocrx_word' id='word_1_82' title='bbox 1713 992 1859 1046; x_wconf 87' lang='lat' dir='ltr'><strong>tunc,</strong></span> <span class='ocrx_word' id='word_1_83' title='bbox 1878 999 1912 1034; x_wconf 93' lang='lat' dir='ltr'><strong><em>a</em></strong></span> <span class='ocrx_word' id='word_1_84' title='bbox 1941 980 2135 1035; x_wconf 73' lang='grc' dir='ltr'>δαισαίο</span> 
     </span>
    </p>
   </div>
   <div class='ocr_carea' id='block_1_12' title="bbox 555 1074 2132 1146">
    <p class='ocr_par' dir='ltr' id='par_1_12' title="bbox 555 1074 2132 1146">
     <span class='ocr_line' id='line_1_12' title="bbox 555 1074 2132 1146; baseline -0.004 -15"><span class='ocrx_word' id='word_1_85' title='bbox 555 1088 615 1132; x_wconf 83' lang='lat' dir='ltr'><strong>tu</strong></span> <span class='ocrx_word' id='word_1_86' title='bbox 641 1095 715 1132; x_wconf 86' lang='lat' dir='ltr'><strong>es.</strong></span> <span class='ocrx_word' id='word_1_87' title='bbox 750 1078 1097 1131; x_wconf 83' lang='lat' dir='ltr'><strong>Elevaverunt</strong></span> <span class='ocrx_word' id='word_1_88' title='bbox 1125 1078 1369 1146; x_wconf 83' lang='lat' dir='ltr'><strong>ﬂumina,</strong></span> <span class='ocrx_word' id='word_1_89' title='bbox 1408 1077 1649 1141; x_wconf 79' lang='lat' dir='ltr'><strong>Domine,</strong></span> <span class='ocrx_word' id='word_1_90' title='bbox 1674 1077 1999 1130; x_wconf 80' lang='lat' dir='ltr'><strong>elevaverunt</strong></span> <span class='ocrx_word' id='word_1_91' title='bbox 2028 1074 2132 1142; x_wconf 80' lang='lat' dir='ltr'><strong>[lu-</strong></span> 
     </span>
    </p>
   </div>
   <div class='ocr_carea' id='block_1_13' title="bbox 553 1166 2126 1237">
    <p class='ocr_par' dir='ltr' id='par_1_13' title="bbox 553 1166 2126 1237">
     <span class='ocr_line' id='line_1_13' title="bbox 553 1166 2126 1237; baseline -0.004 -13"><span class='ocrx_word' id='word_1_92' title='bbox 553 1171 700 1224; x_wconf 89' lang='lat' dir='ltr'><strong>mina</strong></span> <span class='ocrx_word' id='word_1_93' title='bbox 728 1186 898 1225; x_wconf 86' lang='lat' dir='ltr'><strong>vocem</strong></span> <span class='ocrx_word' id='word_1_94' title='bbox 926 1186 1102 1224; x_wconf 83' lang='lat' dir='ltr'><strong>suam.</strong></span> <span class='ocrx_word' id='word_1_95' title='bbox 1143 1169 1399 1224; x_wconf 79' lang='lat' dir='ltr'><strong>Thronu‘s</strong></span> <span class='ocrx_word' id='word_1_96' title='bbox 1452 1177 1600 1233; x_wconf 90' lang='lat' dir='ltr'><strong>tuus,</strong></span> <span class='ocrx_word' id='word_1_97' title='bbox 1648 1167 1847 1237; x_wconf 82' lang='lat' dir='ltr'><strong>inquit,</strong></span> <span class='ocrx_word' id='word_1_98' title='bbox 1878 1166 2126 1229; x_wconf 86' lang='lat' dir='ltr'><strong>Domine,</strong></span> 
     </span>
    </p>
   </div>
   <div class='ocr_carea' id='block_1_14' title="bbox 553 1258 2137 1331">
    <p class='ocr_par' dir='ltr' id='par_1_14' title="bbox 553 1258 2137 1331">
     <span class='ocr_line' id='line_1_14' title="bbox 553 1258 2137 1331; baseline -0.006 -13"><span class='ocrx_word' id='word_1_99' title='bbox 553 1280 664 1318; x_wconf 89' lang='lat' dir='ltr'><strong>non</strong></span> <span class='ocrx_word' id='word_1_100' title='bbox 693 1278 839 1316; x_wconf 87' lang='lat' dir='ltr'><strong>nunc</strong></span> <span class='ocrx_word' id='word_1_101' title='bbox 860 1264 1120 1331; x_wconf 84' lang='lat' dir='ltr'><strong>primum,</strong></span> <span class='ocrx_word' id='word_1_102' title='bbox 1156 1277 1281 1316; x_wconf 92' lang='lat' dir='ltr'><strong>cum</strong></span> <span class='ocrx_word' id='word_1_103' title='bbox 1317 1272 1441 1331; x_wconf 89' lang='lat' dir='ltr'><strong>post</strong></span> <span class='ocrx_word' id='word_1_104' title='bbox 1488 1261 1923 1314; x_wconf 76' lang='lat' dir='ltr'><strong>incarnationem</strong></span> <span class='ocrx_word' id='word_1_105' title='bbox 1954 1258 2010 1311; x_wconf 91' lang='lat' dir='ltr'><strong>in</strong></span> <span class='ocrx_word' id='word_1_106' title='bbox 2031 1271 2137 1310; x_wconf 74' lang='lat' dir='ltr'><strong>coe-</strong></span> 
     </span>
    </p>
   </div>
   <div class='ocr_carea' id='block_1_15' title="bbox 551 1350 2133 1425">
    <p class='ocr_par' dir='ltr' id='par_1_15' title="bbox 551 1350 2133 1425">
     <span class='ocr_line' id='line_1_15' title="bbox 551 1350 2133 1425; baseline -0.005 -16"><span class='ocrx_word' id='word_1_107' title='bbox 551 1355 664 1409; x_wconf 90' lang='lat' dir='ltr'><strong>lum</strong></span> <span class='ocrx_word' id='word_1_108' title='bbox 701 1355 1027 1419; x_wconf 84' lang='lat' dir='ltr'><strong>ascendisti,</strong></span> <span class='ocrx_word' id='word_1_109' title='bbox 1060 1366 1395 1425; x_wconf 68' lang='lat' dir='ltr'><strong>praeparatus</strong></span> <span class='ocrx_word' id='word_1_110' title='bbox 1427 1362 1510 1409; x_wconf 72' lang='lat' dir='ltr'><strong>est</strong></span> <span class='ocrx_word' id='word_1_111' title='bbox 1537 1354 1674 1421; x_wconf 90' lang='lat' dir='ltr'><strong>tibi;</strong></span> <span class='ocrx_word' id='word_1_112' title='bbox 1717 1354 1827 1408; x_wconf 90' lang='lat' dir='ltr'><strong>imo</strong></span> <span class='ocrx_word' id='word_1_113' title='bbox 1856 1366 1982 1406; x_wconf 89' lang='lat' dir='ltr'><strong>vero</strong></span> <span class='ocrx_word' id='word_1_114' title='bbox 2021 1350 2133 1419; x_wconf 90' lang='lat' dir='ltr'><strong>jam</strong></span> 
     </span>
    </p>
   </div>
   <div class='ocr_carea' id='block_1_16' title="bbox 551 1443 2136 1516">
    <p class='ocr_par' dir='ltr' id='par_1_16' title="bbox 551 1443 2136 1516">
     <span class='ocr_line' id='line_1_16' title="bbox 551 1443 2136 1516; baseline -0.003 -14"><span class='ocrx_word' id='word_1_115' title='bbox 551 1448 680 1503; x_wconf 93' lang='lat' dir='ltr'><strong>olim</strong></span> <span class='ocrx_word' id='word_1_116' title='bbox 707 1456 762 1502; x_wconf 87' lang='lat' dir='ltr'><strong>et</strong></span> <span class='ocrx_word' id='word_1_117' title='bbox 791 1454 918 1501; x_wconf 84' lang='lat' dir='ltr'><strong>ante</strong></span> <span class='ocrx_word' id='word_1_118' title='bbox 939 1449 1121 1501; x_wconf 86' lang='lat' dir='ltr'><strong>omnia</strong></span> <span class='ocrx_word' id='word_1_119' title='bbox 1150 1448 1348 1502; x_wconf 65' lang='lat' dir='ltr'><strong>saecula</strong></span> <span class='ocrx_word' id='word_1_120' title='bbox 1379 1455 1506 1501; x_wconf 88' lang='lat' dir='ltr'><strong>tuus</strong></span> <span class='ocrx_word' id='word_1_121' title='bbox 1536 1452 1673 1511; x_wconf 85' lang='lat' dir='ltr'><strong>erat,</strong></span> <span class='ocrx_word' id='word_1_122' title='bbox 1701 1461 1765 1499; x_wconf 90' lang='lat' dir='ltr'><strong>ac</strong></span> <span class='ocrx_word' id='word_1_123' title='bbox 1796 1461 2009 1516; x_wconf 84' lang='lat' dir='ltr'><strong>semper</strong></span> <span class='ocrx_word' id='word_1_124' title='bbox 2040 1443 2136 1499; x_wconf 90' lang='lat' dir='ltr'><strong>tibi</strong></span> 
     </span>
    </p>
   </div>
   <div class='ocr_carea' id='block_1_17' title="bbox 550 1537 2137 1610">
    <p class='ocr_par' dir='ltr' id='par_1_17' title="bbox 550 1537 2137 1610">
     <span class='ocr_line' id='line_1_17' title="bbox 550 1537 2137 1610; baseline -0.002 -17"><span class='ocrx_word' id='word_1_125' title='bbox 550 1547 777 1610; x_wconf 89' lang='lat' dir='ltr'><strong>paratus</strong></span> <span class='ocrx_word' id='word_1_126' title='bbox 828 1539 950 1601; x_wconf 81' lang='lat' dir='ltr'><strong>fuit,</strong></span> <span class='ocrx_word' id='word_1_127' title='bbox 999 1539 1257 1609; x_wconf 85' lang='lat' dir='ltr'><strong>quoniam</strong></span> <span class='ocrx_word' id='word_1_128' title='bbox 1312 1540 1429 1608; x_wconf 92' lang='lat' dir='ltr'><strong>ipse</strong></span> <span class='ocrx_word' id='word_1_129' title='bbox 1484 1553 1514 1591; x_wconf 89' lang='lat' dir='ltr'><strong>a</strong></span> <span class='ocrx_word' id='word_1_130' title='bbox 1575 1537 1794 1599; x_wconf 68' lang='lat' dir='ltr'><strong>sarculo,</strong></span> <span class='ocrx_word' id='word_1_131' title='bbox 1845 1538 1955 1591; x_wconf 91' lang='lat' dir='ltr'><strong>imo</strong></span> <span class='ocrx_word' id='word_1_132' title='bbox 2010 1544 2137 1590; x_wconf 85' lang='lat' dir='ltr'><strong>ante</strong></span> 
     </span>
    </p>
   </div>
   <div class='ocr_carea' id='block_1_18' title="bbox 549 1628 2127 1698">
    <p class='ocr_par' dir='ltr' id='par_1_18' title="bbox 549 1628 2127 1698">
     <span class='ocr_line' id='line_1_18' title="bbox 549 1628 2127 1698; baseline -0.001 -15"><span class='ocrx_word' id='word_1_133' title='bbox 549 1633 732 1684; x_wconf 83' lang='lat' dir='ltr'><strong>omnia</strong></span> <span class='ocrx_word' id='word_1_134' title='bbox 768 1631 965 1684; x_wconf 66' lang='lat' dir='ltr'><strong>saecula</strong></span> <span class='ocrx_word' id='word_1_135' title='bbox 996 1630 1239 1692; x_wconf 82' lang='lat' dir='ltr'><strong>exsistis,</strong></span> <span class='ocrx_word' id='word_1_136' title='bbox 1268 1638 1325 1682; x_wconf 90' lang='lat' dir='ltr'><strong>ut</strong></span> <span class='ocrx_word' id='word_1_137' title='bbox 1361 1630 1475 1698; x_wconf 90' lang='lat' dir='ltr'><strong>ipse</strong></span> <span class='ocrx_word' id='word_1_138' title='bbox 1513 1629 1746 1683; x_wconf 92' lang='lat' dir='ltr'><strong>docuisti</strong></span> <span class='ocrx_word' id='word_1_139' title='bbox 1779 1629 1865 1683; x_wconf 86' lang='lat' dir='ltr'><strong>his</strong></span> <span class='ocrx_word' id='word_1_140' title='bbox 1898 1628 2078 1683; x_wconf 82' lang='lat' dir='ltr'><strong>verbis</strong></span> <span class='ocrx_word' id='word_1_141' title='bbox 2115 1644 2127 1681; x_wconf 88' lang='lat'>;</span> 
     </span>
    </p>
   </div>
   <div class='ocr_carea' id='block_1_19' title="bbox 548 1718 2131 1785">
    <p class='ocr_par' dir='ltr' id='par_1_19' title="bbox 548 1718 2131 1785">
     <span class='ocr_line' id='line_1_19' title="bbox 548 1718 2131 1785; baseline -0.003 -11"><span class='ocrx_word' id='word_1_142' title='bbox 548 1719 807 1774; x_wconf 81' lang='lat' dir='ltr'><strong>Dominus</strong></span> <span class='ocrx_word' id='word_1_143' title='bbox 830 1721 1021 1773; x_wconf 85' lang='lat' dir='ltr'><strong>creavit</strong></span> <span class='ocrx_word' id='word_1_144' title='bbox 1054 1736 1131 1773; x_wconf 91' lang='lat' dir='ltr'><strong>me</strong></span> <span class='ocrx_word' id='word_1_145' title='bbox 1155 1721 1365 1772; x_wconf 88' lang='lat' dir='ltr'><strong>initium</strong></span> <span class='ocrx_word' id='word_1_146' title='bbox 1396 1720 1602 1772; x_wconf 81' lang='lat' dir='ltr'><strong>viarum</strong></span> <span class='ocrx_word' id='word_1_147' title='bbox 1630 1735 1851 1772; x_wconf 86' lang='lat' dir='ltr'><strong>suarum</strong></span> <span class='ocrx_word' id='word_1_148' title='bbox 1894 1718 1950 1771; x_wconf 93' lang='lat' dir='ltr'><strong>in</strong></span> <span class='ocrx_word' id='word_1_149' title='bbox 1973 1733 2131 1785; x_wconf 87' lang='lat' dir='ltr'><strong>opera</strong></span> 
     </span>
    </p>
   </div>
   <div class='ocr_carea' id='block_1_20' title="bbox 549 1809 2129 1877">
    <p class='ocr_par' dir='ltr' id='par_1_20' title="bbox 549 1809 2129 1877">
     <span class='ocr_line' id='line_1_20' title="bbox 549 1809 2129 1877; baseline -0.003 -13"><span class='ocrx_word' id='word_1_150' title='bbox 549 1812 822 1867; x_wconf 80' lang='lat' dir='ltr'><strong>sua.Ante</strong></span> <span class='ocrx_word' id='word_1_151' title='bbox 855 1810 1107 1864; x_wconf 62' lang='lat' dir='ltr'><strong>saeculum</strong></span> <span class='ocrx_word' id='word_1_152' title='bbox 1130 1809 1371 1877; x_wconf 80' lang='lat' dir='ltr'><strong>[undavit</strong></span> <span class='ocrx_word' id='word_1_153' title='bbox 1405 1825 1505 1870; x_wconf 91' lang='lat' dir='ltr'><strong>me,</strong></span> <span class='ocrx_word' id='word_1_154' title='bbox 1537 1818 1586 1861; x_wconf 89' lang='lat' dir='ltr'><strong>et</strong></span> <span class='ocrx_word' id='word_1_155' title='bbox 1611 1818 1892 1877; x_wconf 80' lang='lat' dir='ltr'><strong>antequam</strong></span> <span class='ocrx_word' id='word_1_156' title='bbox 1931 1816 2129 1860; x_wconf 78' lang='lat' dir='ltr'><strong>montes</strong></span> 
     </span>
    </p>
   </div>
   <div class='ocr_carea' id='block_1_21' title="bbox 2319 971 3810 1045">
    <p class='ocr_par' dir='ltr' id='par_1_21' title="bbox 2319 971 3810 1045">
     <span class='ocr_line' id='line_1_21' title="bbox 2319 971 3810 1045; baseline -0.001 -14"><span class='ocrx_word' id='word_1_157' title='bbox 2319 977 2594 1045; x_wconf 82' lang='grc' dir='ltr'>Ἔτοιμος</span> <span class='ocrx_word' id='word_1_158' title='bbox 2623 975 2657 1026; x_wconf 85' lang='grc' dir='ltr'><em>ὁ</em></span> <span class='ocrx_word' id='word_1_159' title='bbox 2694 972 2903 1039; x_wconf 80' lang='grc' dir='ltr'><strong>θρόνος</strong></span> <span class='ocrx_word' id='word_1_160' title='bbox 2936 987 3053 1025; x_wconf 86' lang='grc' dir='ltr'><strong>σου</strong></span> <span class='ocrx_word' id='word_1_161' title='bbox 3081 971 3199 1026; x_wconf 82' lang='grc' dir='ltr'>ἀπὸ</span> <span class='ocrx_word' id='word_1_162' title='bbox 3228 973 3381 1035; x_wconf 85' lang='grc' dir='ltr'>τότε,</span> <span class='ocrx_word' id='word_1_163' title='bbox 3408 972 3527 1027; x_wconf 80' lang='grc' dir='ltr'>ἀπὸ</span> <span class='ocrx_word' id='word_1_164' title='bbox 3557 973 3664 1027; x_wconf 86' lang='grc' dir='ltr'>τοῦ</span> <span class='ocrx_word' id='word_1_165' title='bbox 3691 976 3810 1029; x_wconf 71' lang='grc' dir='ltr'>αἰῶ-</span> 
     </span>
    </p>
   </div>
   <div class='ocr_carea' id='block_1_22' title="bbox 2240 1062 3809 1137">
    <p class='ocr_par' dir='ltr' id='par_1_22' title="bbox 2240 1062 3809 1137">
     <span class='ocr_line' id='line_1_22' title="bbox 2240 1062 3809 1137; baseline -0.003 -15"><span class='ocrx_word' id='word_1_166' title='bbox 2240 1086 2348 1135; x_wconf 82' lang='grc' dir='ltr'>νος</span> <span class='ocrx_word' id='word_1_167' title='bbox 2379 1068 2458 1121; x_wconf 86' lang='grc' dir='ltr'>σὺ</span> <span class='ocrx_word' id='word_1_168' title='bbox 2505 1063 2578 1120; x_wconf 82' lang='grc' dir='ltr'><strong>εἷ.</strong></span> <span class='ocrx_word' id='word_1_169' title='bbox 2621 1062 2883 1131; x_wconf 79' lang='grc' dir='ltr'>Ἐπῆραν</span> <span class='ocrx_word' id='word_1_170' title='bbox 2927 1066 2981 1117; x_wconf 79' lang='grc' dir='ltr'><strong>οἱ</strong></span> <span class='ocrx_word' id='word_1_171' title='bbox 3019 1064 3305 1133; x_wconf 81' lang='grc' dir='ltr'>ποταμοὶ,</span> <span class='ocrx_word' id='word_1_172' title='bbox 3349 1066 3545 1132; x_wconf 84' lang='grc' dir='ltr'>Κύριε,</span> <span class='ocrx_word' id='word_1_173' title='bbox 3584 1066 3809 1137; x_wconf 70' lang='grc' dir='ltr'>ἐπῆραν</span> 
     </span>
    </p>
   </div>
   <div class='ocr_carea' id='block_1_23' title="bbox 2237 1156 3805 1231">
    <p class='ocr_par' dir='ltr' id='par_1_23' title="bbox 2237 1156 3805 1231">
     <span class='ocr_line' id='line_1_23' title="bbox 2237 1156 3805 1231; baseline 0.002 -17"><span class='ocrx_word' id='word_1_174' title='bbox 2237 1165 2292 1215; x_wconf 84' lang='grc' dir='ltr'><strong>οἱ</strong></span> <span class='ocrx_word' id='word_1_175' title='bbox 2338 1158 2588 1228; x_wconf 77' lang='grc' dir='ltr'>ποταμοὶ</span> <span class='ocrx_word' id='word_1_176' title='bbox 2645 1159 2760 1227; x_wconf 79' lang='grc' dir='ltr'>τὴν</span> <span class='ocrx_word' id='word_1_177' title='bbox 2816 1159 3027 1227; x_wconf 69' lang='grc' dir='ltr'>φωνὴν</span> <span class='ocrx_word' id='word_1_178' title='bbox 3071 1156 3284 1210; x_wconf 85' lang='grc' dir='ltr'>αὐτῶν.</span> <span class='ocrx_word' id='word_1_179' title='bbox 3357 1158 3414 1212; x_wconf 90' lang='lat'><strong>&#39;0</strong></span> <span class='ocrx_word' id='word_1_180' title='bbox 3467 1159 3655 1231; x_wconf 80' lang='grc' dir='ltr'>θρόνος</span> <span class='ocrx_word' id='word_1_181' title='bbox 3702 1180 3805 1227; x_wconf 87' lang='grc' dir='ltr'>σου,</span> 
     </span>
    </p>
   </div>
   <div class='ocr_carea' id='block_1_24' title="bbox 2238 1246 3808 1325">
    <p class='ocr_par' dir='ltr' id='par_1_24' title="bbox 2238 1246 3808 1325">
     <span class='ocr_line' id='line_1_24' title="bbox 2238 1246 3808 1325; baseline 0.003 -20"><span class='ocrx_word' id='word_1_182' title='bbox 2238 1254 2423 1324; x_wconf 81' lang='grc' dir='ltr'>φησὶν,</span> <span class='ocrx_word' id='word_1_183' title='bbox 2450 1246 2495 1305; x_wconf 81' lang='grc' dir='ltr'><strong>ὦ</strong></span> <span class='ocrx_word' id='word_1_184' title='bbox 2530 1251 2723 1322; x_wconf 86' lang='grc' dir='ltr'>Κύριε,</span> <span class='ocrx_word' id='word_1_185' title='bbox 2754 1251 2815 1304; x_wconf 78' lang='grc' dir='ltr'>οὐ</span> <span class='ocrx_word' id='word_1_186' title='bbox 2850 1250 2945 1303; x_wconf 82' lang='grc' dir='ltr'><strong>νῦν</strong></span> <span class='ocrx_word' id='word_1_187' title='bbox 2978 1250 3214 1322; x_wconf 83' lang='grc' dir='ltr'>πρῶτον,</span> <span class='ocrx_word' id='word_1_188' title='bbox 3258 1252 3346 1303; x_wconf 86' lang='grc' dir='ltr'>ὅτε</span> <span class='ocrx_word' id='word_1_189' title='bbox 3379 1252 3516 1321; x_wconf 83' lang='grc' dir='ltr'><strong>μετά</strong></span> <span class='ocrx_word' id='word_1_190' title='bbox 3547 1254 3645 1325; x_wconf 82' lang='grc' dir='ltr'>τὴν</span> <span class='ocrx_word' id='word_1_191' title='bbox 3670 1258 3808 1309; x_wconf 83' lang='grc' dir='ltr'>ἐναν-</span> 
     </span>
    </p>
   </div>
   <div class='ocr_carea' id='block_1_25' title="bbox 2236 1339 3805 1417">
    <p class='ocr_par' dir='ltr' id='par_1_25' title="bbox 2236 1339 3805 1417">
     <span class='ocr_line' id='line_1_25' title="bbox 2236 1339 3805 1417; baseline 0.002 -23"><span class='ocrx_word' id='word_1_192' title='bbox 2236 1342 2521 1413; x_wconf 89' lang='grc' dir='ltr'>θρώπησιν</span> <span class='ocrx_word' id='word_1_193' title='bbox 2554 1344 2633 1404; x_wconf 90' lang='grc' dir='ltr'><strong>εἰς</strong></span> <span class='ocrx_word' id='word_1_194' title='bbox 2675 1341 2939 1412; x_wconf 78' lang='grc' dir='ltr'>οὐρανοὺς</span> <span class='ocrx_word' id='word_1_195' title='bbox 2994 1339 3350 1410; x_wconf 76' lang='grc' dir='ltr'>ἀνελήλυθας,</span> <span class='ocrx_word' id='word_1_196' title='bbox 3398 1344 3805 1417; x_wconf 77' lang='grc' dir='ltr'>παρεσκευάσθη</span> 
     </span>
    </p>
   </div>
   <div class='ocr_carea' id='block_1_26' title="bbox 2241 1432 3807 1506">
    <p class='ocr_par' dir='ltr' id='par_1_26' title="bbox 2241 1432 3807 1506">
     <span class='ocr_line' id='line_1_26' title="bbox 2241 1432 3807 1506; baseline 0.004 -20"><span class='ocrx_word' id='word_1_197' title='bbox 2241 1451 2319 1487; x_wconf 89' lang='grc' dir='ltr'><strong>σοι</strong></span> <span class='ocrx_word' id='word_1_198' title='bbox 2341 1452 2352 1463; x_wconf 72' lang='grc'><strong><em>⁸</em></strong></span> <span class='ocrx_word' id='word_1_199' title='bbox 2393 1433 2529 1487; x_wconf 84' lang='grc' dir='ltr'>ἀλλὰ</span> <span class='ocrx_word' id='word_1_200' title='bbox 2564 1433 2659 1487; x_wconf 75' lang='grc' dir='ltr'><strong>καὶ</strong></span> <span class='ocrx_word' id='word_1_201' title='bbox 2688 1433 2854 1486; x_wconf 86' lang='grc' dir='ltr'>πάλαι</span> <span class='ocrx_word' id='word_1_202' title='bbox 2886 1433 2981 1485; x_wconf 63' lang='grc' dir='ltr'><strong>καὶ⁹</strong></span> <span class='ocrx_word' id='word_1_203' title='bbox 3009 1432 3307 1503; x_wconf 85' lang='grc' dir='ltr'>πρόπαλαι,</span> <span class='ocrx_word' id='word_1_204' title='bbox 3338 1434 3433 1487; x_wconf 72' lang='grc' dir='ltr'><strong>καὶ</strong></span> <span class='ocrx_word' id='word_1_205' title='bbox 3466 1436 3573 1506; x_wconf 85' lang='grc' dir='ltr'><strong>πρὸ</strong></span> <span class='ocrx_word' id='word_1_206' title='bbox 3604 1438 3807 1491; x_wconf 87' lang='grc' dir='ltr'>πάντων</span> 
     </span>
    </p>
   </div>
   <div class='ocr_carea' id='block_1_27' title="bbox 2238 1522 3808 1601">
    <p class='ocr_par' dir='ltr' id='par_1_27' title="bbox 2238 1522 3808 1601">
     <span class='ocr_line' id='line_1_27' title="bbox 2238 1522 3808 1601; baseline 0.004 -22"><span class='ocrx_word' id='word_1_207' title='bbox 2238 1526 2450 1579; x_wconf 89' lang='grc' dir='ltr'>αἰώνων</span> <span class='ocrx_word' id='word_1_208' title='bbox 2491 1529 2580 1589; x_wconf 83' lang='grc' dir='ltr'><strong>σὸς</strong></span> <span class='ocrx_word' id='word_1_209' title='bbox 2622 1522 2711 1597; x_wconf 82' lang='grc' dir='ltr'>ἦν,</span> <span class='ocrx_word' id='word_1_210' title='bbox 2749 1525 2836 1579; x_wconf 93' lang='grc' dir='ltr'><strong>ἀεί</strong></span> <span class='ocrx_word' id='word_1_211' title='bbox 2886 1542 2947 1578; x_wconf 89' lang='grc' dir='ltr'><strong>τε</strong></span> <span class='ocrx_word' id='word_1_212' title='bbox 2991 1526 3085 1578; x_wconf 67' lang='grc' dir='ltr'><strong>καί⁵</strong></span> <span class='ocrx_word' id='word_1_213' title='bbox 3142 1525 3231 1579; x_wconf 80' lang='grc' dir='ltr'><strong>διὰ</strong></span> <span class='ocrx_word' id='word_1_214' title='bbox 3289 1527 3487 1592; x_wconf 81' lang='grc' dir='ltr'>παντὸς</span> <span class='ocrx_word' id='word_1_215' title='bbox 3520 1531 3808 1601; x_wconf 80' lang='grc' dir='ltr'>ἡτοίμαστό</span> 
     </span>
    </p>
   </div>
   <div class='ocr_carea' id='block_1_28' title="bbox 2242 1616 3807 1693">
    <p class='ocr_par' dir='ltr' id='par_1_28' title="bbox 2242 1616 3807 1693">
     <span class='ocr_line' id='line_1_28' title="bbox 2242 1616 3807 1693; baseline 0.004 -23"><span class='ocrx_word' id='word_1_216' title='bbox 2242 1636 2345 1680; x_wconf 91' lang='grc' dir='ltr'>σοι,</span> <span class='ocrx_word' id='word_1_217' title='bbox 2403 1618 2588 1689; x_wconf 81' lang='grc' dir='ltr'>ἐπειδὴ</span> <span class='ocrx_word' id='word_1_218' title='bbox 2642 1618 2735 1670; x_wconf 73' lang='grc' dir='ltr'><strong>καὶ</strong></span> <span class='ocrx_word' id='word_1_219' title='bbox 2783 1616 2945 1681; x_wconf 81' lang='grc' dir='ltr'>αὐτὸς</span> <span class='ocrx_word' id='word_1_220' title='bbox 3009 1617 3117 1670; x_wconf 85' lang='grc' dir='ltr'><strong>ἀπὸ</strong></span> <span class='ocrx_word' id='word_1_221' title='bbox 3179 1617 3275 1670; x_wconf 80' lang='grc' dir='ltr'>τοῦ</span> <span class='ocrx_word' id='word_1_222' title='bbox 3345 1619 3558 1685; x_wconf 89' lang='grc' dir='ltr'>αἰῶνος,</span> <span class='ocrx_word' id='word_1_223' title='bbox 3620 1624 3807 1693; x_wconf 81' lang='grc' dir='ltr'>μᾶλλον</span> 
     </span>
    </p>
   </div>
   <div class='ocr_carea' id='block_1_29' title="bbox 2239 1706 3808 1780">
    <p class='ocr_par' dir='ltr' id='par_1_29' title="bbox 2239 1706 3808 1780">
     <span class='ocr_line' id='line_1_29' title="bbox 2239 1706 3808 1780; baseline 0.005 -19"><span class='ocrx_word' id='word_1_224' title='bbox 2239 1709 2297 1761; x_wconf 82' lang='grc' dir='ltr'>δὲ</span> <span class='ocrx_word' id='word_1_225' title='bbox 2327 1709 2433 1779; x_wconf 82' lang='grc' dir='ltr'><strong>πρὸ</strong></span> <span class='ocrx_word' id='word_1_226' title='bbox 2469 1709 2685 1761; x_wconf 87' lang='grc' dir='ltr'>πάντων</span> <span class='ocrx_word' id='word_1_227' title='bbox 2732 1706 2947 1761; x_wconf 89' lang='grc' dir='ltr'>αἰώνων</span> <span class='ocrx_word' id='word_1_228' title='bbox 3006 1708 3293 1780; x_wconf 81' lang='grc' dir='ltr'>ὑπάρχεις,</span> <span class='ocrx_word' id='word_1_229' title='bbox 3333 1710 3409 1773; x_wconf 88' lang='grc' dir='ltr'>ὡς</span> <span class='ocrx_word' id='word_1_230' title='bbox 3447 1712 3606 1776; x_wconf 81' lang='grc' dir='ltr'>αὐτὸς</span> <span class='ocrx_word' id='word_1_231' title='bbox 3648 1714 3808 1769; x_wconf 83' lang='grc' dir='ltr'>ἐδίδα-</span> 
     </span>
    </p>
   </div>
   <div class='ocr_carea' id='block_1_30' title="bbox 2241 1799 3807 1871">
    <p class='ocr_par' dir='ltr' id='par_1_30' title="bbox 2241 1799 3807 1871">
     <span class='ocr_line' id='line_1_30' title="bbox 2241 1799 3807 1871; baseline 0.004 -18"><span class='ocrx_word' id='word_1_232' title='bbox 2241 1799 2338 1866; x_wconf 83' lang='grc' dir='ltr'><strong>ξας</strong></span> <span class='ocrx_word' id='word_1_233' title='bbox 2372 1799 2570 1853; x_wconf 87' lang='grc' dir='ltr'>εἰπών·</span> <span class='ocrx_word' id='word_1_234' title='bbox 2606 1801 2825 1868; x_wconf 85' lang='grc' dir='ltr'>Κύριος</span> <span class='ocrx_word' id='word_1_235' title='bbox 2846 1799 3050 1853; x_wconf 81' lang='grc' dir='ltr'>ἔκτισέ</span> <span class='ocrx_word' id='word_1_236' title='bbox 3085 1817 3165 1869; x_wconf 84' lang='grc' dir='ltr'>με</span> <span class='ocrx_word' id='word_1_237' title='bbox 3209 1801 3407 1871; x_wconf 81' lang='grc' dir='ltr'>ἀρχὴν</span> <span class='ocrx_word' id='word_1_238' title='bbox 3444 1803 3600 1857; x_wconf 78' lang='grc' dir='ltr'>ὁδῶν</span> <span class='ocrx_word' id='word_1_239' title='bbox 3632 1806 3807 1860; x_wconf 81' lang='grc' dir='ltr'>αὐτοῦ</span> 
     </span>
    </p>
   </div>
   <div class='ocr_carea' id='block_1_31' title="bbox 550 1891 2121 1971">
    <p class='ocr_par' dir='ltr' id='par_1_31' title="bbox 550 1899 2121 1971">
     <span class='ocr_line' id='line_1_31' title="bbox 550 1899 2121 1971; baseline 0.001 -17"><span class='ocrx_word' id='word_1_240' title='bbox 550 1903 915 1971; x_wconf 84' lang='lat' dir='ltr'><strong>ﬁrmarentur,</strong></span> <span class='ocrx_word' id='word_1_241' title='bbox 950 1911 998 1955; x_wconf 90' lang='lat' dir='ltr'><strong><em>et</em></strong></span> <span class='ocrx_word' id='word_1_242' title='bbox 1028 1912 1147 1955; x_wconf 89' lang='lat' dir='ltr'><strong>ante</strong></span> <span class='ocrx_word' id='word_1_243' title='bbox 1170 1918 1345 1955; x_wconf 89' lang='lat' dir='ltr'><strong>omnes</strong></span> <span class='ocrx_word' id='word_1_244' title='bbox 1395 1900 1557 1954; x_wconf 84' lang='lat' dir='ltr'><strong>colles</strong></span> <span class='ocrx_word' id='word_1_245' title='bbox 1585 1901 1752 1970; x_wconf 91' lang='lat' dir='ltr'><strong>gignit</strong></span> <span class='ocrx_word' id='word_1_246' title='bbox 1787 1901 1945 1954; x_wconf 75' lang='lat' dir='ltr'><strong>me”.</strong></span> <span class='ocrx_word' id='word_1_247' title='bbox 1983 1899 2121 1955; x_wconf 78' lang='lat' dir='ltr'><strong>Tuus</strong></span> 
     </span>
    </p>
   </div>
   <div class='ocr_carea' id='block_1_32' title="bbox 2224 1891 3807 1971">
    <p class='ocr_par' dir='ltr' id='par_1_32' title="bbox 2234 1891 3807 1967">
     <span class='ocr_line' id='line_1_32' title="bbox 2234 1891 3807 1967; baseline 0.005 -24"><span class='ocrx_word' id='word_1_248' title='bbox 2234 1894 2321 1957; x_wconf 80' lang='grc' dir='ltr'>εὶς</span> <span class='ocrx_word' id='word_1_249' title='bbox 2351 1892 2494 1961; x_wconf 77' lang='grc' dir='ltr'>ἔργα</span> <span class='ocrx_word' id='word_1_250' title='bbox 2527 1892 2734 1945; x_wconf 83' lang='grc' dir='ltr'>αὐτοῦ.</span> <span class='ocrx_word' id='word_1_251' title='bbox 2776 1892 2897 1959; x_wconf 86' lang='grc' dir='ltr'><strong>Πρὸ</strong></span> <span class='ocrx_word' id='word_1_252' title='bbox 2935 1892 3043 1945; x_wconf 78' lang='grc' dir='ltr'>τοῦ</span> <span class='ocrx_word' id='word_1_253' title='bbox 3081 1891 3297 1959; x_wconf 82' lang='grc' dir='ltr'>αἰῶνος</span> <span class='ocrx_word' id='word_1_254' title='bbox 3330 1895 3693 1964; x_wconf 81' lang='grc' dir='ltr'>ἐθεμελίωσὲ</span> <span class='ocrx_word' id='word_1_255' title='bbox 3716 1916 3807 1967; x_wconf 80' lang='grc' dir='ltr'><strong>με,</strong></span> 
     </span>
    </p>
   </div>
   <div class='ocr_carea' id='block_1_33' title="bbox 546 1992 2132 2063">
    <p class='ocr_par' dir='ltr' id='par_1_33' title="bbox 546 1992 2132 2063">
     <span class='ocr_line' id='line_1_33' title="bbox 546 1992 2132 2063; baseline -0.001 -16"><span class='ocrx_word' id='word_1_256' title='bbox 546 1995 731 2063; x_wconf 82' lang='lat' dir='ltr'><strong>itaque</strong></span> <span class='ocrx_word' id='word_1_257' title='bbox 765 1994 998 2047; x_wconf 87' lang='lat' dir='ltr'><strong>thronus</strong></span> <span class='ocrx_word' id='word_1_258' title='bbox 1029 2001 1147 2047; x_wconf 88' lang='lat' dir='ltr'><strong>erat</strong></span> <span class='ocrx_word' id='word_1_259' title='bbox 1181 1992 1342 2046; x_wconf 90' lang='lat' dir='ltr'><strong>etiam</strong></span> <span class='ocrx_word' id='word_1_260' title='bbox 1371 2000 1495 2046; x_wconf 83' lang='lat' dir='ltr'><strong>ante</strong></span> <span class='ocrx_word' id='word_1_261' title='bbox 1524 1992 1707 2045; x_wconf 80' lang='lat' dir='ltr'><strong>omnia</strong></span> <span class='ocrx_word' id='word_1_262' title='bbox 1740 1993 1939 2046; x_wconf 84' lang='lat' dir='ltr'><strong>saecula</strong></span> <span class='ocrx_word' id='word_1_263' title='bbox 1972 2011 1989 2046; x_wconf 85' lang='lat'><strong>:</strong></span> <span class='ocrx_word' id='word_1_264' title='bbox 2024 1993 2132 2046; x_wconf 91' lang='lat' dir='ltr'><strong>imo</strong></span> 
     </span>
    </p>
   </div>
   <div class='ocr_carea' id='block_1_34' title="bbox 544 2081 2131 2153">
    <p class='ocr_par' dir='ltr' id='par_1_34' title="bbox 544 2081 2131 2153">
     <span class='ocr_line' id='line_1_34' title="bbox 544 2081 2131 2153; baseline -0.002 -15"><span class='ocrx_word' id='word_1_265' title='bbox 544 2092 599 2138; x_wconf 87' lang='lat' dir='ltr'><strong>et</strong></span> <span class='ocrx_word' id='word_1_266' title='bbox 627 2082 845 2153; x_wconf 84' lang='lat' dir='ltr'><strong>quando</strong></span> <span class='ocrx_word' id='word_1_267' title='bbox 861 2082 1209 2136; x_wconf 81' lang='lat' dir='ltr'><strong>exinanivisti</strong></span> <span class='ocrx_word' id='word_1_268' title='bbox 1237 2082 1608 2151; x_wconf 78' lang='lat' dir='ltr'><strong>temetipsum,</strong></span> <span class='ocrx_word' id='word_1_269' title='bbox 1633 2098 1699 2136; x_wconf 90' lang='lat' dir='ltr'><strong>ac</strong></span> <span class='ocrx_word' id='word_1_270' title='bbox 1728 2083 1872 2138; x_wconf 84' lang='lat' dir='ltr'><strong>servi</strong></span> <span class='ocrx_word' id='word_1_271' title='bbox 1900 2081 2131 2136; x_wconf 80' lang='lat' dir='ltr'><strong>formam</strong></span> 
     </span>
    </p>
   </div>
   <div class='ocr_carea' id='block_1_35' title="bbox 540 2171 2133 2242">
    <p class='ocr_par' dir='ltr' id='par_1_35' title="bbox 540 2171 2133 2242">
     <span class='ocr_line' id='line_1_35' title="bbox 540 2171 2133 2242; baseline -0.001 -16"><span class='ocrx_word' id='word_1_272' title='bbox 540 2172 826 2241; x_wconf 77' lang='lat' dir='ltr'><strong>accepisti,</strong></span> <span class='ocrx_word' id='word_1_273' title='bbox 861 2171 961 2225; x_wconf 89' lang='lat' dir='ltr'><strong>tibi</strong></span> <span class='ocrx_word' id='word_1_274' title='bbox 1001 2171 1198 2225; x_wconf 89' lang='lat' dir='ltr'><strong>iterum</strong></span> <span class='ocrx_word' id='word_1_275' title='bbox 1226 2180 1450 2240; x_wconf 89' lang='lat' dir='ltr'><strong>paratus</strong></span> <span class='ocrx_word' id='word_1_276' title='bbox 1483 2172 1839 2237; x_wconf 85' lang='lat' dir='ltr'><strong>servabatur,</strong></span> <span class='ocrx_word' id='word_1_277' title='bbox 1868 2172 1995 2242; x_wconf 87' lang='lat' dir='ltr'><strong>quia</strong></span> <span class='ocrx_word' id='word_1_278' title='bbox 2033 2171 2133 2225; x_wconf 89' lang='lat' dir='ltr'><strong>tibi</strong></span> 
     </span>
    </p>
   </div>
   <div class='ocr_carea' id='block_1_36' title="bbox 542 2261 2131 2323">
    <p class='ocr_par' dir='ltr' id='par_1_36' title="bbox 542 2261 2131 2323">
     <span class='ocr_line' id='line_1_36' title="bbox 542 2261 2131 2323; baseline -0.003 -4"><span class='ocrx_word' id='word_1_279' title='bbox 542 2264 647 2319; x_wconf 83' lang='lat' dir='ltr'><strong>soli</strong></span> <span class='ocrx_word' id='word_1_280' title='bbox 696 2277 760 2317; x_wconf 88' lang='lat' dir='ltr'><strong>ac</strong></span> <span class='ocrx_word' id='word_1_281' title='bbox 806 2262 1013 2316; x_wconf 87' lang='lat' dir='ltr'><strong>nemini</strong></span> <span class='ocrx_word' id='word_1_282' title='bbox 1060 2263 1152 2315; x_wconf 87' lang='lat' dir='ltr'><strong>alii</strong></span> <span class='ocrx_word' id='word_1_283' title='bbox 1184 2278 1212 2315; x_wconf 93' lang='lat' dir='ltr'><strong>a</strong></span> <span class='ocrx_word' id='word_1_284' title='bbox 1244 2261 1407 2316; x_wconf 83' lang='lat' dir='ltr'><strong>Patre</strong></span> <span class='ocrx_word' id='word_1_285' title='bbox 1441 2262 1648 2316; x_wconf 88' lang='lat' dir='ltr'><strong>dictum</strong></span> <span class='ocrx_word' id='word_1_286' title='bbox 1686 2262 1887 2323; x_wconf 85' lang='lat' dir='ltr'><strong>fuerat,</strong></span> <span class='ocrx_word' id='word_1_287' title='bbox 1925 2261 2061 2316; x_wconf 86' lang='lat' dir='ltr'><strong>Sede</strong></span> <span class='ocrx_word' id='word_1_288' title='bbox 2098 2279 2131 2315; x_wconf 93' lang='lat' dir='ltr'><strong><em>a</em></strong></span> 
     </span>
    </p>
   </div>
   <div class='ocr_carea' id='block_1_37' title="bbox 541 2353 2132 2423">
    <p class='ocr_par' dir='ltr' id='par_1_37' title="bbox 541 2353 2132 2423">
     <span class='ocr_line' id='line_1_37' title="bbox 541 2353 2132 2423; baseline -0.001 -16"><span class='ocrx_word' id='word_1_289' title='bbox 541 2355 742 2409; x_wconf 71' lang='lat' dir='ltr'><strong>dextris</strong></span> <span class='ocrx_word' id='word_1_290' title='bbox 796 2355 944 2416; x_wconf 88' lang='lat' dir='ltr'><strong>meis,</strong></span> <span class='ocrx_word' id='word_1_291' title='bbox 979 2354 1146 2407; x_wconf 85' lang='lat' dir='ltr'><strong>donec</strong></span> <span class='ocrx_word' id='word_1_292' title='bbox 1183 2370 1375 2423; x_wconf 87' lang='lat' dir='ltr'><strong>ponam</strong></span> <span class='ocrx_word' id='word_1_293' title='bbox 1414 2354 1655 2406; x_wconf 83' lang='lat' dir='ltr'><strong>inimicos</strong></span> <span class='ocrx_word' id='word_1_294' title='bbox 1691 2362 1807 2407; x_wconf 86' lang='lat' dir='ltr'><strong>tuos</strong></span> <span class='ocrx_word' id='word_1_295' title='bbox 1843 2353 2132 2407; x_wconf 85' lang='lat' dir='ltr'><strong>scabeltum</strong></span> 
     </span>
    </p>
   </div>
   <div class='ocr_carea' id='block_1_38' title="bbox 538 2444 2128 2516">
    <p class='ocr_par' dir='ltr' id='par_1_38' title="bbox 538 2444 2128 2516">
     <span class='ocr_line' id='line_1_38' title="bbox 538 2444 2128 2516; baseline -0.002 -16"><span class='ocrx_word' id='word_1_296' title='bbox 538 2447 727 2516; x_wconf 69' lang='lat' dir='ltr'><strong>pedum</strong></span> <span class='ocrx_word' id='word_1_297' title='bbox 754 2455 963 2500; x_wconf 87' lang='lat' dir='ltr'><strong>tuorum</strong></span> <span class='ocrx_word' id='word_1_298' title='bbox 979 2446 1041 2498; x_wconf 84' lang='grc'><strong>³³.</strong></span> <span class='ocrx_word' id='word_1_299' title='bbox 1059 2444 1150 2499; x_wconf 87' lang='lat' dir='ltr'><strong>Sic</strong></span> <span class='ocrx_word' id='word_1_300' title='bbox 1173 2446 1339 2515; x_wconf 85' lang='lat' dir='ltr'><strong>igitur</strong></span> <span class='ocrx_word' id='word_1_301' title='bbox 1366 2452 1590 2515; x_wconf 89' lang='lat' dir='ltr'><strong>paratus</strong></span> <span class='ocrx_word' id='word_1_302' title='bbox 1615 2445 1712 2499; x_wconf 90' lang='lat' dir='ltr'><strong>tibi</strong></span> <span class='ocrx_word' id='word_1_303' title='bbox 1736 2445 1966 2500; x_wconf 83' lang='lat' dir='ltr'><strong>thronus</strong></span> <span class='ocrx_word' id='word_1_304' title='bbox 1989 2452 2128 2507; x_wconf 87' lang='lat' dir='ltr'><strong>erat,</strong></span> 
     </span>
    </p>
   </div>
   <div class='ocr_carea' id='block_1_39' title="bbox 538 2536 2129 2609">
    <p class='ocr_par' dir='ltr' id='par_1_39' title="bbox 538 2536 2129 2609">
     <span class='ocr_line' id='line_1_39' title="bbox 538 2536 2129 2609; baseline -0.001 -16"><span class='ocrx_word' id='word_1_305' title='bbox 538 2540 596 2594; x_wconf 91' lang='lat' dir='ltr'><strong>in</strong></span> <span class='ocrx_word' id='word_1_306' title='bbox 626 2554 734 2609; x_wconf 88' lang='lat' dir='ltr'><strong>quo</strong></span> <span class='ocrx_word' id='word_1_307' title='bbox 766 2546 824 2591; x_wconf 91' lang='lat' dir='ltr'><strong>ut</strong></span> <span class='ocrx_word' id='word_1_308' title='bbox 853 2552 1038 2593; x_wconf 87' lang='lat' dir='ltr'><strong>secum</strong></span> <span class='ocrx_word' id='word_1_309' title='bbox 1087 2538 1328 2602; x_wconf 88' lang='lat' dir='ltr'><strong>sederes,</strong></span> <span class='ocrx_word' id='word_1_310' title='bbox 1363 2538 1455 2608; x_wconf 87' lang='lat' dir='ltr'><strong>qui</strong></span> <span class='ocrx_word' id='word_1_311' title='bbox 1488 2544 1541 2590; x_wconf 90' lang='lat' dir='ltr'><strong>te</strong></span> <span class='ocrx_word' id='word_1_312' title='bbox 1571 2536 1778 2606; x_wconf 81' lang='lat' dir='ltr'><strong>genuit,</strong></span> <span class='ocrx_word' id='word_1_313' title='bbox 1804 2536 1966 2592; x_wconf 85' lang='lat' dir='ltr'><strong>Pater</strong></span> <span class='ocrx_word' id='word_1_314' title='bbox 1992 2553 2129 2608; x_wconf 65' lang='lat' dir='ltr'><strong>praao</strong></span> 
     </span>
    </p>
   </div>
   <div class='ocr_carea' id='block_1_40' title="bbox 534 2630 2129 2702">
    <p class='ocr_par' dir='ltr' id='par_1_40' title="bbox 534 2630 2129 2702">
     <span class='ocr_line' id='line_1_40' title="bbox 534 2630 2129 2702; baseline -0.003 -15"><span class='ocrx_word' id='word_1_315' title='bbox 534 2631 702 2702; x_wconf 88' lang='lat' dir='ltr'><strong>cepit.</strong></span> <span class='ocrx_word' id='word_1_316' title='bbox 727 2630 1067 2700; x_wconf 76' lang='lat' dir='ltr'><strong>l’aratusque</strong></span> <span class='ocrx_word' id='word_1_317' title='bbox 1091 2637 1209 2685; x_wconf 88' lang='lat' dir='ltr'><strong>erat</strong></span> <span class='ocrx_word' id='word_1_318' title='bbox 1241 2646 1305 2685; x_wconf 81' lang='lat' dir='ltr'><strong>ex</strong></span> <span class='ocrx_word' id='word_1_319' title='bbox 1336 2638 1487 2697; x_wconf 90' lang='lat' dir='ltr'><strong>tunc,</strong></span> <span class='ocrx_word' id='word_1_320' title='bbox 1520 2647 1551 2686; x_wconf 90' lang='lat' dir='ltr'><strong>a</strong></span> <span class='ocrx_word' id='word_1_321' title='bbox 1587 2631 1789 2687; x_wconf 71' lang='lat' dir='ltr'><strong>saeculo</strong></span> <span class='ocrx_word' id='word_1_322' title='bbox 1822 2649 1836 2684; x_wconf 87' lang='lat'><strong>:</strong></span> <span class='ocrx_word' id='word_1_323' title='bbox 1870 2631 2129 2700; x_wconf 89' lang='lat' dir='ltr'><strong>quoniam</strong></span> 
     </span>
    </p>
   </div>
   <div class='ocr_carea' id='block_1_41' title="bbox 538 2718 2129 2791">
    <p class='ocr_par' dir='ltr' id='par_1_41' title="bbox 538 2718 2129 2791">
     <span class='ocr_line' id='line_1_41' title="bbox 538 2718 2129 2791; baseline 0.003 -18"><span class='ocrx_word' id='word_1_324' title='bbox 538 2730 595 2775; x_wconf 91' lang='lat' dir='ltr'><strong>tu</strong></span> <span class='ocrx_word' id='word_1_325' title='bbox 631 2722 747 2791; x_wconf 89' lang='lat' dir='ltr'><strong>ipse</strong></span> <span class='ocrx_word' id='word_1_326' title='bbox 780 2735 810 2773; x_wconf 88' lang='lat' dir='ltr'><strong>a</strong></span> <span class='ocrx_word' id='word_1_327' title='bbox 834 2720 1034 2774; x_wconf 72' lang='lat' dir='ltr'><strong>saeculo</strong></span> <span class='ocrx_word' id='word_1_328' title='bbox 1062 2735 1143 2774; x_wconf 90' lang='lat' dir='ltr'><strong>es.</strong></span> <span class='ocrx_word' id='word_1_329' title='bbox 1166 2718 1286 2773; x_wconf 90' lang='lat' dir='ltr'><strong>Non</strong></span> <span class='ocrx_word' id='word_1_330' title='bbox 1318 2720 1395 2774; x_wconf 88' lang='lat' dir='ltr'><strong>ait</strong></span> <span class='ocrx_word' id='word_1_331' title='bbox 1424 2761 1439 2785; x_wconf 93' lang='lat'><strong>,</strong></span> <span class='ocrx_word' id='word_1_332' title='bbox 1469 2738 1620 2785; x_wconf 87' lang='lat' dir='ltr'><strong>eras;</strong></span> <span class='ocrx_word' id='word_1_333' title='bbox 1651 2721 1770 2787; x_wconf 88' lang='lat' dir='ltr'><strong>sed,</strong></span> <span class='ocrx_word' id='word_1_334' title='bbox 1796 2737 1871 2775; x_wconf 88' lang='lat' dir='ltr'><strong>es.</strong></span> <span class='ocrx_word' id='word_1_335' title='bbox 1896 2720 2031 2776; x_wconf 87' lang='lat' dir='ltr'><strong>Nam</strong></span> <span class='ocrx_word' id='word_1_336' title='bbox 2061 2723 2129 2777; x_wconf 91' lang='lat' dir='ltr'><strong>de</strong></span> 
     </span>
    </p>
   </div>
   <div class='ocr_carea' id='block_1_42' title="bbox 536 2812 2128 2883">
    <p class='ocr_par' dir='ltr' id='par_1_42' title="bbox 536 2812 2128 2883">
     <span class='ocr_line' id='line_1_42' title="bbox 536 2812 2128 2883; baseline 0 -16"><span class='ocrx_word' id='word_1_337' title='bbox 536 2824 591 2868; x_wconf 87' lang='lat' dir='ltr'><strong>te</strong></span> <span class='ocrx_word' id='word_1_338' title='bbox 620 2814 737 2869; x_wconf 91' lang='lat' dir='ltr'><strong>solo</strong></span> <span class='ocrx_word' id='word_1_339' title='bbox 768 2812 878 2867; x_wconf 91' lang='lat' dir='ltr'><strong>dici</strong></span> <span class='ocrx_word' id='word_1_340' title='bbox 914 2812 1194 2878; x_wconf 90' lang='lat' dir='ltr'><strong>convenit,</strong></span> <span class='ocrx_word' id='word_1_341' title='bbox 1224 2829 1301 2869; x_wconf 89' lang='lat' dir='ltr'><strong>es.</strong></span> <span class='ocrx_word' id='word_1_342' title='bbox 1337 2812 1518 2878; x_wconf 82' lang='lat' dir='ltr'><strong>Quare</strong></span> <span class='ocrx_word' id='word_1_343' title='bbox 1549 2813 1681 2867; x_wconf 87' lang='lat' dir='ltr'><strong>alibi</strong></span> <span class='ocrx_word' id='word_1_344' title='bbox 1711 2828 1932 2883; x_wconf 88' lang='lat' dir='ltr'><strong>quoque</strong></span> <span class='ocrx_word' id='word_1_345' title='bbox 1983 2813 2128 2869; x_wconf 87' lang='lat' dir='ltr'><strong>dici-</strong></span> 
     </span>
    </p>
   </div>
   <div class='ocr_carea' id='block_1_43' title="bbox 535 2904 2123 2975">
    <p class='ocr_par' dir='ltr' id='par_1_43' title="bbox 535 2904 2123 2975">
     <span class='ocr_line' id='line_1_43' title="bbox 535 2904 2123 2975; baseline 0.003 -17"><span class='ocrx_word' id='word_1_346' title='bbox 535 2913 647 2967; x_wconf 90' lang='lat' dir='ltr'><strong>tur,</strong></span> <span class='ocrx_word' id='word_1_347' title='bbox 696 2904 775 2958; x_wconf 89' lang='lat' dir='ltr'><strong>Tu</strong></span> <span class='ocrx_word' id='word_1_348' title='bbox 830 2914 1004 2959; x_wconf 89' lang='lat' dir='ltr'><strong>autem</strong></span> <span class='ocrx_word' id='word_1_349' title='bbox 1053 2906 1162 2973; x_wconf 76' lang='lat' dir='ltr'><strong>ipse</strong></span> <span class='ocrx_word' id='word_1_350' title='bbox 1185 2921 1256 2967; x_wconf 89' lang='lat' dir='ltr'><strong>es,</strong></span> <span class='ocrx_word' id='word_1_351' title='bbox 1283 2914 1332 2958; x_wconf 91' lang='lat' dir='ltr'><strong><em>et</em></strong></span> <span class='ocrx_word' id='word_1_352' title='bbox 1365 2907 1492 2960; x_wconf 88' lang='lat' dir='ltr'><strong>anni</strong></span> <span class='ocrx_word' id='word_1_353' title='bbox 1535 2906 1612 2960; x_wconf 85' lang='lat' dir='ltr'><strong>tui</strong></span> <span class='ocrx_word' id='word_1_354' title='bbox 1661 2923 1767 2960; x_wconf 89' lang='lat' dir='ltr'><strong>non</strong></span> <span class='ocrx_word' id='word_1_355' title='bbox 1797 2906 2123 2975; x_wconf 72' lang='lat' dir='ltr'><strong>deﬁcient&quot;.</strong></span> 
     </span>
    </p>
   </div>
   <div class='ocr_carea' id='block_1_44' title="bbox 536 2993 2128 3069">
    <p class='ocr_par' dir='ltr' id='par_1_44' title="bbox 536 2993 2128 3069">
     <span class='ocr_line' id='line_1_44' title="bbox 536 2993 2128 3069; baseline 0.003 -19"><span class='ocrx_word' id='word_1_356' title='bbox 536 2993 693 3051; x_wconf 86' lang='lat' dir='ltr'><strong>Hunc</strong></span> <span class='ocrx_word' id='word_1_357' title='bbox 721 3012 886 3067; x_wconf 92' lang='lat' dir='ltr'><strong>porro</strong></span> <span class='ocrx_word' id='word_1_358' title='bbox 922 2998 1180 3051; x_wconf 92' lang='lat' dir='ltr'><strong>thronum</strong></span> <span class='ocrx_word' id='word_1_359' title='bbox 1214 2997 1269 3051; x_wconf 91' lang='lat' dir='ltr'><strong>in</strong></span> <span class='ocrx_word' id='word_1_360' title='bbox 1310 2998 1418 3050; x_wconf 91' lang='lat' dir='ltr'><strong>alio</strong></span> <span class='ocrx_word' id='word_1_361' title='bbox 1446 3013 1665 3067; x_wconf 89' lang='lat' dir='ltr'><strong>quoque</strong></span> <span class='ocrx_word' id='word_1_362' title='bbox 1699 3000 1913 3068; x_wconf 89' lang='lat' dir='ltr'><strong>psalmo</strong></span> <span class='ocrx_word' id='word_1_363' title='bbox 1951 2998 2128 3069; x_wconf 75' lang='lat' dir='ltr'><strong>Spiri-</strong></span> 
     </span>
    </p>
   </div>
   <div class='ocr_carea' id='block_1_45' title="bbox 533 3086 2124 3155">
    <p class='ocr_par' dir='ltr' id='par_1_45' title="bbox 533 3086 2124 3155">
     <span class='ocr_line' id='line_1_45' title="bbox 533 3086 2124 3155; baseline 0.003 -16"><span class='ocrx_word' id='word_1_364' title='bbox 533 3093 625 3141; x_wconf 86' lang='lat' dir='ltr'><strong>tus</strong></span> <span class='ocrx_word' id='word_1_365' title='bbox 665 3095 890 3141; x_wconf 89' lang='lat' dir='ltr'><strong>sanctus</strong></span> <span class='ocrx_word' id='word_1_366' title='bbox 918 3086 1125 3140; x_wconf 90' lang='lat' dir='ltr'><strong>indicat</strong></span> <span class='ocrx_word' id='word_1_367' title='bbox 1152 3086 1338 3143; x_wconf 90' lang='lat' dir='ltr'><strong>dicens</strong></span> <span class='ocrx_word' id='word_1_368' title='bbox 1372 3106 1385 3141; x_wconf 88' lang='lat'><strong>:</strong></span> <span class='ocrx_word' id='word_1_369' title='bbox 1425 3087 1664 3142; x_wconf 85' lang='lat' dir='ltr'><strong>Thronus</strong></span> <span class='ocrx_word' id='word_1_370' title='bbox 1700 3099 1846 3155; x_wconf 87' lang='lat' dir='ltr'><strong>tuus,</strong></span> <span class='ocrx_word' id='word_1_371' title='bbox 1876 3089 2045 3153; x_wconf 86' lang='lat' dir='ltr'><strong>Deus,</strong></span> <span class='ocrx_word' id='word_1_372' title='bbox 2070 3092 2124 3145; x_wconf 87' lang='lat' dir='ltr'><strong>in</strong></span> 
     </span>
    </p>
   </div>
   <div class='ocr_carea' id='block_1_46' title="bbox 533 3180 2119 3253">
    <p class='ocr_par' dir='ltr' id='par_1_46' title="bbox 533 3180 2119 3253">
     <span class='ocr_line' id='line_1_46' title="bbox 533 3180 2119 3253; baseline 0.004 -21"><span class='ocrx_word' id='word_1_373' title='bbox 533 3180 788 3232; x_wconf 65' lang='lat' dir='ltr'><strong>arculum</strong></span> <span class='ocrx_word' id='word_1_374' title='bbox 822 3180 1005 3234; x_wconf 15' lang='lat' dir='ltr'><strong>stecluti</strong></span> <span class='ocrx_word' id='word_1_375' title='bbox 1034 3196 1052 3234; x_wconf 90' lang='lat'><strong><em>:</em></strong></span> <span class='ocrx_word' id='word_1_376' title='bbox 1079 3181 1231 3249; x_wconf 72' lang='lat' dir='ltr'><strong>uirga</strong></span> <span class='ocrx_word' id='word_1_377' title='bbox 1276 3180 1611 3235; x_wconf 81' lang='lat' dir='ltr'><strong>rectitudinis</strong></span> <span class='ocrx_word' id='word_1_378' title='bbox 1657 3182 1805 3252; x_wconf 84' lang='lat' dir='ltr'><strong>virga</strong></span> <span class='ocrx_word' id='word_1_379' title='bbox 1835 3185 1982 3253; x_wconf 87' lang='lat' dir='ltr'><strong>regni</strong></span> <span class='ocrx_word' id='word_1_380' title='bbox 2022 3184 2119 3238; x_wconf 88' lang='lat' dir='ltr'><strong>tui.</strong></span> 
     </span>
    </p>
   </div>
   <div class='ocr_carea' id='block_1_47' title="bbox 2234 1982 3810 2053">
    <p class='ocr_par' dir='ltr' id='par_1_47' title="bbox 2234 1982 3810 2053">
     <span class='ocr_line' id='line_1_47' title="bbox 2234 1982 3810 2053; baseline 0.006 -18"><span class='ocrx_word' id='word_1_381' title='bbox 2234 1984 2331 2035; x_wconf 82' lang='grc' dir='ltr'>καὶ</span> <span class='ocrx_word' id='word_1_382' title='bbox 2359 1983 2473 2051; x_wconf 79' lang='grc' dir='ltr'>πρὸ</span> <span class='ocrx_word' id='word_1_383' title='bbox 2494 1984 2602 2036; x_wconf 81' lang='grc' dir='ltr'>τοῦ</span> <span class='ocrx_word' id='word_1_384' title='bbox 2632 1983 2737 2051; x_wconf 82' lang='grc' dir='ltr'>ὅρη</span> <span class='ocrx_word' id='word_1_385' title='bbox 2758 1982 3125 2052; x_wconf 77' lang='grc' dir='ltr'><strong>ἑδρασθῆναι</strong></span> <span class='ocrx_word' id='word_1_386' title='bbox 3145 2002 3157 2014; x_wconf 92' lang='grc'><strong>·</strong></span> <span class='ocrx_word' id='word_1_387' title='bbox 3196 1984 3309 2052; x_wconf 80' lang='grc' dir='ltr'>πρὸ</span> <span class='ocrx_word' id='word_1_388' title='bbox 3326 1984 3393 2037; x_wconf 82' lang='grc' dir='ltr'>δὲ</span> <span class='ocrx_word' id='word_1_389' title='bbox 3409 1987 3653 2041; x_wconf 81' lang='grc' dir='ltr'>πάντων</span> <span class='ocrx_word' id='word_1_390' title='bbox 3674 1990 3810 2053; x_wconf 78' lang='grc' dir='ltr'>,βου-</span> 
     </span>
    </p>
   </div>
   <div class='ocr_carea' id='block_1_48' title="bbox 2232 2069 3808 2152">
    <p class='ocr_par' dir='ltr' id='par_1_48' title="bbox 2232 2069 3808 2152">
     <span class='ocr_line' id='line_1_48' title="bbox 2232 2069 3808 2152; baseline 0.003 -25"><span class='ocrx_word' id='word_1_391' title='bbox 2232 2073 2355 2128; x_wconf 82' lang='grc' dir='ltr'>νῶν</span> <span class='ocrx_word' id='word_1_392' title='bbox 2386 2073 2570 2144; x_wconf 71' lang='grc' dir='ltr'>γεννᾷ</span> <span class='ocrx_word' id='word_1_393' title='bbox 2607 2091 2704 2143; x_wconf 81' lang='grc' dir='ltr'>με.</span> <span class='ocrx_word' id='word_1_394' title='bbox 2735 2070 2845 2127; x_wconf 84' lang='grc' dir='ltr'>Ἦν</span> <span class='ocrx_word' id='word_1_395' title='bbox 2880 2074 2978 2144; x_wconf 82' lang='grc' dir='ltr'>μὲν</span> <span class='ocrx_word' id='word_1_396' title='bbox 3016 2069 3110 2127; x_wconf 79' lang='grc' dir='ltr'><strong>οὖν</strong></span> <span class='ocrx_word' id='word_1_397' title='bbox 3150 2075 3240 2138; x_wconf 77' lang='grc' dir='ltr'><strong>σὸς</strong></span> <span class='ocrx_word' id='word_1_398' title='bbox 3278 2077 3306 2127; x_wconf 79' lang='grc' dir='ltr'>ὁ</span> <span class='ocrx_word' id='word_1_399' title='bbox 3340 2075 3530 2147; x_wconf 83' lang='grc' dir='ltr'>θρόνος</span> <span class='ocrx_word' id='word_1_400' title='bbox 3573 2080 3664 2131; x_wconf 76' lang='grc' dir='ltr'><strong>καὶ</strong></span> <span class='ocrx_word' id='word_1_401' title='bbox 3710 2080 3808 2152; x_wconf 71' lang='grc' dir='ltr'><strong>πρὸ</strong></span> 
     </span>
    </p>
   </div>
   <div class='ocr_carea' id='block_1_49' title="bbox 2234 2166 3811 2239">
    <p class='ocr_par' dir='ltr' id='par_1_49' title="bbox 2234 2166 3811 2239">
     <span class='ocr_line' id='line_1_49' title="bbox 2234 2166 3811 2239; baseline 0.004 -19"><span class='ocrx_word' id='word_1_402' title='bbox 2234 2168 2448 2221; x_wconf 85' lang='grc' dir='ltr'>πάντων</span> <span class='ocrx_word' id='word_1_403' title='bbox 2478 2166 2707 2221; x_wconf 86' lang='grc' dir='ltr'>αἰώνων·</span> <span class='ocrx_word' id='word_1_404' title='bbox 2736 2168 2795 2220; x_wconf 83' lang='grc' dir='ltr'>οὐ</span> <span class='ocrx_word' id='word_1_405' title='bbox 2814 2168 2924 2239; x_wconf 84' lang='grc' dir='ltr'><strong>μὴν</strong></span> <span class='ocrx_word' id='word_1_406' title='bbox 2952 2168 3087 2221; x_wconf 87' lang='grc' dir='ltr'><strong>ἀλλά</strong></span> <span class='ocrx_word' id='word_1_407' title='bbox 3124 2170 3215 2222; x_wconf 76' lang='grc' dir='ltr'><strong>καὶ</strong></span> <span class='ocrx_word' id='word_1_408' title='bbox 3242 2170 3331 2222; x_wconf 88' lang='grc' dir='ltr'><strong>ὅτε</strong></span> <span class='ocrx_word' id='word_1_409' title='bbox 3357 2172 3632 2237; x_wconf 81' lang='grc' dir='ltr'>ἐκένωσας</span> <span class='ocrx_word' id='word_1_410' title='bbox 3661 2191 3811 2227; x_wconf 86' lang='grc' dir='ltr'>σεαυ-</span> 
     </span>
    </p>
   </div>
   <div class='ocr_carea' id='block_1_50' title="bbox 2231 2260 3809 2334">
    <p class='ocr_par' dir='ltr' id='par_1_50' title="bbox 2231 2260 3809 2334">
     <span class='ocr_line' id='line_1_50' title="bbox 2231 2260 3809 2334; baseline 0.005 -21"><span class='ocrx_word' id='word_1_411' title='bbox 2231 2261 2343 2323; x_wconf 80' lang='grc' dir='ltr'>τὸν,</span> <span class='ocrx_word' id='word_1_412' title='bbox 2379 2260 2474 2313; x_wconf 65' lang='grc' dir='ltr'><strong>κα)⁸</strong></span> <span class='ocrx_word' id='word_1_413' title='bbox 2522 2260 2622 2330; x_wconf 83' lang='grc' dir='ltr'>τὴν</span> <span class='ocrx_word' id='word_1_414' title='bbox 2654 2260 2842 2313; x_wconf 88' lang='grc' dir='ltr'>δούλου</span> <span class='ocrx_word' id='word_1_415' title='bbox 2894 2261 3109 2332; x_wconf 76' lang='grc' dir='ltr'>μορφὴν</span> <span class='ocrx_word' id='word_1_416' title='bbox 3159 2262 3473 2334; x_wconf 79' lang='grc' dir='ltr'>ἀνείληφας,</span> <span class='ocrx_word' id='word_1_417' title='bbox 3527 2266 3611 2318; x_wconf 77' lang='grc' dir='ltr'><strong>σοὶ</strong></span> <span class='ocrx_word' id='word_1_418' title='bbox 3656 2268 3809 2321; x_wconf 83' lang='grc' dir='ltr'>πάλιν</span> 
     </span>
    </p>
   </div>
   <div class='ocr_carea' id='block_1_51' title="bbox 2230 2351 3811 2431">
    <p class='ocr_par' dir='ltr' id='par_1_51' title="bbox 2230 2351 3811 2431">
     <span class='ocr_line' id='line_1_51' title="bbox 2230 2351 3811 2431; baseline 0.004 -25"><span class='ocrx_word' id='word_1_419' title='bbox 2230 2353 2444 2423; x_wconf 74' lang='grc' dir='ltr'>ἕτοιμος</span> <span class='ocrx_word' id='word_1_420' title='bbox 2468 2351 2794 2420; x_wconf 79' lang='grc' dir='ltr'>ἐφυλάττετο</span> <span class='ocrx_word' id='word_1_421' title='bbox 2814 2370 2828 2383; x_wconf 87' lang='grc'><strong>·</strong></span> <span class='ocrx_word' id='word_1_422' title='bbox 2885 2354 3072 2424; x_wconf 87' lang='grc' dir='ltr'>ἐπειδή</span> <span class='ocrx_word' id='word_1_423' title='bbox 3100 2370 3180 2407; x_wconf 90' lang='grc' dir='ltr'><strong>σοι</strong></span> <span class='ocrx_word' id='word_1_424' title='bbox 3213 2354 3379 2425; x_wconf 84' lang='grc' dir='ltr'>μόνῳ,</span> <span class='ocrx_word' id='word_1_425' title='bbox 3422 2358 3517 2409; x_wconf 73' lang='grc' dir='ltr'>καὶ</span> <span class='ocrx_word' id='word_1_426' title='bbox 3546 2358 3811 2431; x_wconf 83' lang='grc' dir='ltr'>οὐδετέρῳ</span> 
     </span>
    </p>
   </div>
   <div class='ocr_carea' id='block_1_52' title="bbox 2232 2445 3807 2521">
    <p class='ocr_par' dir='ltr' id='par_1_52' title="bbox 2232 2445 3807 2521">
     <span class='ocr_line' id='line_1_52' title="bbox 2232 2445 3807 2521; baseline 0.005 -23"><span class='ocrx_word' id='word_1_427' title='bbox 2232 2447 2369 2518; x_wconf 85' lang='grc' dir='ltr'>πρὸς</span> <span class='ocrx_word' id='word_1_428' title='bbox 2400 2446 2494 2499; x_wconf 82' lang='grc' dir='ltr'>τοῦ</span> <span class='ocrx_word' id='word_1_429' title='bbox 2527 2445 2622 2499; x_wconf 77' lang='grc' dir='ltr'>σοῦ</span> <span class='ocrx_word' id='word_1_430' title='bbox 2650 2446 2863 2517; x_wconf 84' lang='grc' dir='ltr'>Πατρὸς</span> <span class='ocrx_word' id='word_1_431' title='bbox 2889 2449 3096 2518; x_wconf 68' lang='grc' dir='ltr'>εἴρητο</span> <span class='ocrx_word' id='word_1_432' title='bbox 3123 2447 3322 2501; x_wconf 81' lang='grc' dir='ltr'><strong>Κάθου</strong></span> <span class='ocrx_word' id='word_1_433' title='bbox 3337 2448 3406 2500; x_wconf 84' lang='grc' dir='ltr'><strong>ἐκ</strong></span> <span class='ocrx_word' id='word_1_434' title='bbox 3435 2448 3649 2513; x_wconf 81' lang='grc' dir='ltr'><strong>δεξιῶν</strong></span> <span class='ocrx_word' id='word_1_435' title='bbox 3670 2470 3807 2521; x_wconf 79' lang='grc' dir='ltr'>μου,</span> 
     </span>
    </p>
   </div>
   <div class='ocr_carea' id='block_1_53' title="bbox 2230 2536 3808 2605">
    <p class='ocr_par' dir='ltr' id='par_1_53' title="bbox 2230 2536 3808 2605">
     <span class='ocr_line' id='line_1_53' title="bbox 2230 2536 3808 2605; baseline 0.004 -17"><span class='ocrx_word' id='word_1_436' title='bbox 2230 2536 2339 2601; x_wconf 81' lang='grc' dir='ltr'>ἕως</span> <span class='ocrx_word' id='word_1_437' title='bbox 2362 2536 2439 2589; x_wconf 87' lang='grc' dir='ltr'><strong>ἂν</strong></span> <span class='ocrx_word' id='word_1_438' title='bbox 2461 2536 2543 2590; x_wconf 87' lang='grc' dir='ltr'>θῶ</span> <span class='ocrx_word' id='word_1_439' title='bbox 2570 2537 2713 2603; x_wconf 86' lang='grc' dir='ltr'>τοὺς</span> <span class='ocrx_word' id='word_1_440' title='bbox 2744 2537 2999 2605; x_wconf 83' lang='grc' dir='ltr'>ἐχθρούς</span> <span class='ocrx_word' id='word_1_441' title='bbox 3038 2552 3155 2591; x_wconf 87' lang='grc' dir='ltr'><strong>σου</strong></span> <span class='ocrx_word' id='word_1_442' title='bbox 3182 2538 3519 2592; x_wconf 82' lang='grc' dir='ltr'>ὑποπόδιον</span> <span class='ocrx_word' id='word_1_443' title='bbox 3555 2538 3674 2593; x_wconf 83' lang='grc' dir='ltr'><strong>τῶν</strong></span> <span class='ocrx_word' id='word_1_444' title='bbox 3706 2558 3808 2595; x_wconf 77' lang='grc' dir='ltr'><strong>πο-</strong></span> 
     </span>
    </p>
   </div>
   <div class='ocr_carea' id='block_1_54' title="bbox 2229 2623 3807 2705">
    <p class='ocr_par' dir='ltr' id='par_1_54' title="bbox 2229 2623 3807 2705">
     <span class='ocr_line' id='line_1_54' title="bbox 2229 2623 3807 2705; baseline 0.005 -26"><span class='ocrx_word' id='word_1_445' title='bbox 2229 2626 2351 2679; x_wconf 86' lang='grc' dir='ltr'><strong>δῶν</strong></span> <span class='ocrx_word' id='word_1_446' title='bbox 2387 2644 2524 2681; x_wconf 88' lang='grc' dir='ltr'>σου.</span> <span class='ocrx_word' id='word_1_447' title='bbox 2561 2627 2717 2681; x_wconf 78' lang='grc' dir='ltr'>Οὕτω</span> <span class='ocrx_word' id='word_1_448' title='bbox 2754 2628 2884 2696; x_wconf 79' lang='grc' dir='ltr'>γοῦν</span> <span class='ocrx_word' id='word_1_449' title='bbox 2927 2623 2994 2699; x_wconf 79' lang='grc' dir='ltr'>ἦν</span> <span class='ocrx_word' id='word_1_450' title='bbox 3039 2628 3255 2701; x_wconf 73' lang='grc' dir='ltr'>ἕτοιμος</span> <span class='ocrx_word' id='word_1_451' title='bbox 3291 2633 3319 2684; x_wconf 85' lang='grc' dir='ltr'>ὁ</span> <span class='ocrx_word' id='word_1_452' title='bbox 3353 2631 3540 2702; x_wconf 86' lang='grc' dir='ltr'>θρόνος</span> <span class='ocrx_word' id='word_1_453' title='bbox 3580 2651 3698 2697; x_wconf 81' lang='grc' dir='ltr'>σου,</span> <span class='ocrx_word' id='word_1_454' title='bbox 3729 2636 3807 2705; x_wconf 77' lang='grc' dir='ltr'>ἐφ’</span> 
     </span>
    </p>
   </div>
   <div class='ocr_carea' id='block_1_55' title="bbox 2233 2718 3809 2796">
    <p class='ocr_par' dir='ltr' id='par_1_55' title="bbox 2233 2718 3809 2796">
     <span class='ocr_line' id='line_1_55' title="bbox 2233 2718 3809 2796; baseline 0.004 -24"><span class='ocrx_word' id='word_1_455' title='bbox 2233 2720 2293 2772; x_wconf 87' lang='grc' dir='ltr'>ὃν</span> <span class='ocrx_word' id='word_1_456' title='bbox 2340 2720 2437 2772; x_wconf 89' lang='grc' dir='ltr'><strong>σὺν</strong></span> <span class='ocrx_word' id='word_1_457' title='bbox 2473 2718 2623 2790; x_wconf 85' lang='grc' dir='ltr'>αὐτῷ</span> <span class='ocrx_word' id='word_1_458' title='bbox 2658 2718 2985 2784; x_wconf 76' lang='grc' dir='ltr'>καθέζεσθαι</span> <span class='ocrx_word' id='word_1_459' title='bbox 3016 2722 3043 2773; x_wconf 85' lang='grc' dir='ltr'>ὁ</span> <span class='ocrx_word' id='word_1_460' title='bbox 3071 2722 3338 2792; x_wconf 80' lang='grc' dir='ltr'>γεννήσας</span> <span class='ocrx_word' id='word_1_461' title='bbox 3382 2740 3442 2775; x_wconf 91' lang='grc' dir='ltr'><strong>σε</strong></span> <span class='ocrx_word' id='word_1_462' title='bbox 3475 2724 3668 2796; x_wconf 80' lang='grc' dir='ltr'>Πατὴρ</span> <span class='ocrx_word' id='word_1_463' title='bbox 3708 2744 3809 2779; x_wconf 82' lang='grc' dir='ltr'>πα-</span> 
     </span>
    </p>
   </div>
   <div class='ocr_carea' id='block_1_56' title="bbox 2230 2808 3809 2883">
    <p class='ocr_par' dir='ltr' id='par_1_56' title="bbox 2230 2808 3809 2883">
     <span class='ocr_line' id='line_1_56' title="bbox 2230 2808 3809 2883; baseline 0.004 -20"><span class='ocrx_word' id='word_1_464' title='bbox 2230 2810 2566 2883; x_wconf 85' lang='grc' dir='ltr'>ρεκελεύετο.</span> <span class='ocrx_word' id='word_1_465' title='bbox 2622 2812 2733 2865; x_wconf 78' lang='grc' dir='ltr'>Καὶ</span> <span class='ocrx_word' id='word_1_466' title='bbox 2787 2811 3007 2881; x_wconf 74' lang='grc' dir='ltr'>ἕτοιμος</span> <span class='ocrx_word' id='word_1_467' title='bbox 3056 2808 3126 2883; x_wconf 84' lang='grc' dir='ltr'>ἦν</span> <span class='ocrx_word' id='word_1_468' title='bbox 3180 2813 3289 2866; x_wconf 82' lang='grc' dir='ltr'><strong>ἀπὸ</strong></span> <span class='ocrx_word' id='word_1_469' title='bbox 3338 2814 3495 2879; x_wconf 87' lang='grc' dir='ltr'>τότε,</span> <span class='ocrx_word' id='word_1_470' title='bbox 3552 2815 3663 2868; x_wconf 81' lang='grc' dir='ltr'><strong>ἀπὸ</strong></span> <span class='ocrx_word' id='word_1_471' title='bbox 3718 2817 3809 2869; x_wconf 72' lang='grc' dir='ltr'>τοῦ</span> 
     </span>
    </p>
   </div>
   <div class='ocr_carea' id='block_1_57' title="bbox 2229 2901 3810 2970">
    <p class='ocr_par' dir='ltr' id='par_1_57' title="bbox 2229 2901 3810 2970">
     <span class='ocr_line' id='line_1_57' title="bbox 2229 2901 3810 2970; baseline 0.004 -15"><span class='ocrx_word' id='word_1_472' title='bbox 2229 2901 2446 2967; x_wconf 81' lang='grc' dir='ltr'>αἰῶνος,</span> <span class='ocrx_word' id='word_1_473' title='bbox 2482 2902 2605 2955; x_wconf 77' lang='grc' dir='ltr'>ἐπεὶ</span> <span class='ocrx_word' id='word_1_474' title='bbox 2644 2903 2739 2957; x_wconf 76' lang='grc' dir='ltr'>καὶ</span> <span class='ocrx_word' id='word_1_475' title='bbox 2767 2903 2931 2966; x_wconf 82' lang='grc' dir='ltr'>αὐτὸς</span> <span class='ocrx_word' id='word_1_476' title='bbox 2964 2904 3072 2957; x_wconf 82' lang='grc' dir='ltr'><strong>ἀπὸ</strong></span> <span class='ocrx_word' id='word_1_477' title='bbox 3111 2903 3205 2958; x_wconf 80' lang='grc' dir='ltr'>τοῦ</span> <span class='ocrx_word' id='word_1_478' title='bbox 3236 2906 3430 2970; x_wconf 87' lang='grc' dir='ltr'>αἰῶνος</span> <span class='ocrx_word' id='word_1_479' title='bbox 3462 2908 3526 2960; x_wconf 82' lang='grc' dir='ltr'><strong>σὺ</strong></span> <span class='ocrx_word' id='word_1_480' title='bbox 3554 2904 3625 2961; x_wconf 76' lang='grc' dir='ltr'>εἰ.</span> <span class='ocrx_word' id='word_1_481' title='bbox 3673 2909 3810 2961; x_wconf 80' lang='grc' dir='ltr'>Ἀλλ’</span> 
     </span>
    </p>
   </div>
   <div class='ocr_carea' id='block_1_58' title="bbox 2227 2991 3808 3070">
    <p class='ocr_par' dir='ltr' id='par_1_58' title="bbox 2227 2991 3808 3070">
     <span class='ocr_line' id='line_1_58' title="bbox 2227 2991 3808 3070; baseline 0.006 -24"><span class='ocrx_word' id='word_1_482' title='bbox 2227 2994 2347 3061; x_wconf 87' lang='grc' dir='ltr'>οὐκ,</span> <span class='ocrx_word' id='word_1_483' title='bbox 2381 2995 2477 3064; x_wconf 78' lang='grc' dir='ltr'>ἧς,</span> <span class='ocrx_word' id='word_1_484' title='bbox 2509 2996 2696 3068; x_wconf 83' lang='grc' dir='ltr'>φησὶν,</span> <span class='ocrx_word' id='word_1_485' title='bbox 2727 2994 2863 3061; x_wconf 87' lang='grc' dir='ltr'>ἀλλ’,</span> <span class='ocrx_word' id='word_1_486' title='bbox 2895 2991 2971 3051; x_wconf 81' lang='grc' dir='ltr'><strong>εἷ.</strong></span> <span class='ocrx_word' id='word_1_487' title='bbox 3003 2996 3179 3052; x_wconf 89' lang='grc' dir='ltr'>Μόνον</span> <span class='ocrx_word' id='word_1_488' title='bbox 3205 2998 3314 3069; x_wconf 80' lang='grc' dir='ltr'>γάρ</span> <span class='ocrx_word' id='word_1_489' title='bbox 3336 2998 3482 3070; x_wconf 77' lang='grc' dir='ltr'>αὐτῷ</span> <span class='ocrx_word' id='word_1_490' title='bbox 3510 3000 3594 3066; x_wconf 78' lang='grc' dir='ltr'><strong>τὸ,</strong></span> <span class='ocrx_word' id='word_1_491' title='bbox 3630 3002 3714 3055; x_wconf 84' lang='grc' dir='ltr'>σὺ</span> <span class='ocrx_word' id='word_1_492' title='bbox 3738 2998 3808 3066; x_wconf 77' lang='grc' dir='ltr'>εἴ,</span> 
     </span>
    </p>
   </div>
   <div class='ocr_carea' id='block_1_59' title="bbox 2227 3085 3807 3164">
    <p class='ocr_par' dir='ltr' id='par_1_59' title="bbox 2227 3085 3807 3164">
     <span class='ocr_line' id='line_1_59' title="bbox 2227 3085 3807 3164; baseline 0.006 -25"><span class='ocrx_word' id='word_1_493' title='bbox 2227 3085 2482 3155; x_wconf 81' lang='grc' dir='ltr'>λέγεσθαι</span> <span class='ocrx_word' id='word_1_494' title='bbox 2515 3088 2798 3159; x_wconf 85' lang='grc' dir='ltr'>ἁρμόττει.</span> <span class='ocrx_word' id='word_1_495' title='bbox 2835 3089 2927 3142; x_wconf 86' lang='grc' dir='ltr'>Διὸ</span> <span class='ocrx_word' id='word_1_496' title='bbox 2960 3090 3054 3143; x_wconf 81' lang='grc' dir='ltr'><strong>καὶ</strong></span> <span class='ocrx_word' id='word_1_497' title='bbox 3089 3092 3148 3143; x_wconf 87' lang='grc' dir='ltr'><strong>ἐν</strong></span> <span class='ocrx_word' id='word_1_498' title='bbox 3179 3090 3386 3162; x_wconf 79' lang='grc' dir='ltr'>ἑτέροις</span> <span class='ocrx_word' id='word_1_499' title='bbox 3426 3092 3678 3164; x_wconf 74' lang='grc' dir='ltr'>εἴρηταιο</span> <span class='ocrx_word' id='word_1_500' title='bbox 3726 3096 3807 3149; x_wconf 79' lang='grc' dir='ltr'><strong>Σὺ</strong></span> 
     </span>
    </p>
   </div>
   <div class='ocr_carea' id='block_1_60' title="bbox 2224 3176 3803 3256">
    <p class='ocr_par' dir='ltr' id='par_1_60' title="bbox 2224 3176 3803 3256">
     <span class='ocr_line' id='line_1_60' title="bbox 2224 3176 3803 3256; baseline 0.008 -26"><span class='ocrx_word' id='word_1_501' title='bbox 2224 3177 2294 3230; x_wconf 85' lang='grc' dir='ltr'>δὲ</span> <span class='ocrx_word' id='word_1_502' title='bbox 2337 3182 2370 3232; x_wconf 84' lang='grc' dir='ltr'><em>ὀ</em></span> <span class='ocrx_word' id='word_1_503' title='bbox 2408 3182 2593 3247; x_wconf 80' lang='grc' dir='ltr'>αὐτὸς</span> <span class='ocrx_word' id='word_1_504' title='bbox 2628 3176 2702 3246; x_wconf 82' lang='grc' dir='ltr'>εἷ,</span> <span class='ocrx_word' id='word_1_505' title='bbox 2733 3182 2832 3234; x_wconf 83' lang='grc' dir='ltr'>καὶ</span> <span class='ocrx_word' id='word_1_506' title='bbox 2873 3183 2946 3236; x_wconf 86' lang='grc' dir='ltr'>τὰ</span> <span class='ocrx_word' id='word_1_507' title='bbox 2974 3183 3082 3251; x_wconf 72' lang='grc' dir='ltr'>ἔτη</span> <span class='ocrx_word' id='word_1_508' title='bbox 3131 3197 3248 3237; x_wconf 83' lang='grc' dir='ltr'><strong>σου</strong></span> <span class='ocrx_word' id='word_1_509' title='bbox 3278 3185 3388 3238; x_wconf 81' lang='grc' dir='ltr'>οὐκ</span> <span class='ocrx_word' id='word_1_510' title='bbox 3421 3186 3803 3256; x_wconf 75' lang='grc' dir='ltr'>ἐκλείψουσι.</span> 
     </span>
    </p>
   </div>
   <div class='ocr_carea' id='block_1_61' title="bbox 531 3266 2121 3352">
    <p class='ocr_par' dir='ltr' id='par_1_61' title="bbox 531 3266 2121 3345">
     <span class='ocr_line' id='line_1_61' title="bbox 531 3266 2121 3345; baseline 0.003 -20"><span class='ocrx_word' id='word_1_511' title='bbox 531 3270 783 3325; x_wconf 75' lang='lat' dir='ltr'><strong>Dilexisti</strong></span> <span class='ocrx_word' id='word_1_512' title='bbox 815 3272 1089 3341; x_wconf 81' lang='lat' dir='ltr'><strong>justitiam</strong></span> <span class='ocrx_word' id='word_1_513' title='bbox 1130 3281 1180 3326; x_wconf 89' lang='lat' dir='ltr'><strong><em>et</em></strong></span> <span class='ocrx_word' id='word_1_514' title='bbox 1236 3266 1397 3327; x_wconf 74' lang='lat' dir='ltr'><strong>odisti</strong></span> <span class='ocrx_word' id='word_1_515' title='bbox 1444 3274 1772 3344; x_wconf 82' lang='lat' dir='ltr'><strong>iniquitatem</strong></span> <span class='ocrx_word' id='word_1_516' title='bbox 1803 3292 1821 3329; x_wconf 89' lang='lat'><em>:</em></span> <span class='ocrx_word' id='word_1_517' title='bbox 1847 3284 2121 3345; x_wconf 85' lang='lat' dir='ltr'><strong>propterea</strong></span> 
     </span>
    </p>
   </div>
   <div class='ocr_carea' id='block_1_62' title="bbox 2224 3266 3808 3352">
    <p class='ocr_par' dir='ltr' id='par_1_62' title="bbox 2226 3270 3808 3352">
     <span class='ocr_line' id='line_1_62' title="bbox 2226 3270 3808 3352; baseline 0.008 -31"><span class='ocrx_word' id='word_1_518' title='bbox 2226 3270 2502 3325; x_wconf 82' lang='grc' dir='ltr'>Τοῦτονδὲ</span> <span class='ocrx_word' id='word_1_519' title='bbox 2536 3272 2628 3326; x_wconf 83' lang='grc' dir='ltr'>τὸν</span> <span class='ocrx_word' id='word_1_520' title='bbox 2666 3272 2854 3344; x_wconf 89' lang='grc' dir='ltr'>θρόνον</span> <span class='ocrx_word' id='word_1_521' title='bbox 2887 3275 2983 3328; x_wconf 72' lang='grc' dir='ltr'><strong>καὶ</strong></span> <span class='ocrx_word' id='word_1_522' title='bbox 3018 3277 3075 3328; x_wconf 90' lang='grc' dir='ltr'><strong>ἐν</strong></span> <span class='ocrx_word' id='word_1_523' title='bbox 3106 3278 3279 3349; x_wconf 80' lang='grc' dir='ltr'>ἑτέρῳ</span> <span class='ocrx_word' id='word_1_524' title='bbox 3321 3277 3381 3331; x_wconf 81' lang='grc' dir='ltr'><strong>τὸ</strong></span> <span class='ocrx_word' id='word_1_525' title='bbox 3410 3277 3552 3333; x_wconf 81' lang='grc' dir='ltr'>θεῖον</span> <span class='ocrx_word' id='word_1_526' title='bbox 3584 3280 3808 3352; x_wconf 79' lang='grc' dir='ltr'>Πνεῦμα</span> 
     </span>
    </p>
   </div>
   <div class='ocr_carea' id='block_1_63' title="bbox 530 3362 2116 3435">
    <p class='ocr_par' dir='ltr' id='par_1_63' title="bbox 530 3362 2116 3435">
     <span class='ocr_line' id='line_1_63' title="bbox 530 3362 2116 3435; baseline 0.004 -20"><span class='ocrx_word' id='word_1_527' title='bbox 530 3364 687 3416; x_wconf 75' lang='lat' dir='ltr'><strong>unxit</strong></span> <span class='ocrx_word' id='word_1_528' title='bbox 721 3373 769 3417; x_wconf 88' lang='lat' dir='ltr'><strong>te</strong></span> <span class='ocrx_word' id='word_1_529' title='bbox 791 3362 953 3425; x_wconf 87' lang='lat' dir='ltr'><strong>Deus,</strong></span> <span class='ocrx_word' id='word_1_530' title='bbox 978 3363 1113 3419; x_wconf 83' lang='lat' dir='ltr'><strong>Deus</strong></span> <span class='ocrx_word' id='word_1_531' title='bbox 1142 3374 1283 3428; x_wconf 87' lang='lat' dir='ltr'><strong>tuus,</strong></span> <span class='ocrx_word' id='word_1_532' title='bbox 1319 3366 1431 3419; x_wconf 83' lang='lat' dir='ltr'><strong>oleo</strong></span> <span class='ocrx_word' id='word_1_533' title='bbox 1458 3366 1831 3421; x_wconf 73' lang='lat' dir='ltr'><strong>exsuttationis</strong></span> <span class='ocrx_word' id='word_1_534' title='bbox 1859 3383 1970 3435; x_wconf 76' lang='lat' dir='ltr'><strong>pra:</strong></span> <span class='ocrx_word' id='word_1_535' title='bbox 1991 3384 2116 3423; x_wconf 73' lang='lat' dir='ltr'><strong>con-</strong></span> 
     </span>
    </p>
   </div>
   <div class='ocr_carea' id='block_1_64' title="bbox 529 3456 2117 3528">
    <p class='ocr_par' dir='ltr' id='par_1_64' title="bbox 529 3456 2117 3528">
     <span class='ocr_line' id='line_1_64' title="bbox 529 3456 2117 3528; baseline 0.004 -20"><span class='ocrx_word' id='word_1_536' title='bbox 529 3456 764 3509; x_wconf 77' lang='lat' dir='ltr'><strong>sortibus</strong></span> <span class='ocrx_word' id='word_1_537' title='bbox 799 3457 901 3511; x_wconf 84' lang='lat' dir='ltr'><strong>tuis</strong></span> <span class='ocrx_word' id='word_1_538' title='bbox 925 3456 992 3511; x_wconf 80' lang='grc'><strong>⁸⁸.</strong></span> <span class='ocrx_word' id='word_1_539' title='bbox 1019 3456 1251 3514; x_wconf 84' lang='lat' dir='ltr'><strong>Paratus</strong></span> <span class='ocrx_word' id='word_1_540' title='bbox 1280 3457 1464 3528; x_wconf 90' lang='lat' dir='ltr'><strong>itaque</strong></span> <span class='ocrx_word' id='word_1_541' title='bbox 1488 3468 1607 3513; x_wconf 91' lang='lat' dir='ltr'><strong>erat</strong></span> <span class='ocrx_word' id='word_1_542' title='bbox 1638 3459 1872 3513; x_wconf 86' lang='lat' dir='ltr'><strong>thronus</strong></span> <span class='ocrx_word' id='word_1_543' title='bbox 1898 3467 2025 3514; x_wconf 82' lang='lat' dir='ltr'><strong>tuus</strong></span> <span class='ocrx_word' id='word_1_544' title='bbox 2051 3476 2117 3515; x_wconf 83' lang='lat' dir='ltr'><strong>ex</strong></span> 
     </span>
    </p>
   </div>
   <div class='ocr_carea' id='block_1_65' title="bbox 2223 3362 3811 3437">
    <p class='ocr_par' dir='ltr' id='par_1_65' title="bbox 2223 3362 3811 3437">
     <span class='ocr_line' id='line_1_65' title="bbox 2223 3362 3811 3437; baseline 0.007 -23"><span class='ocrx_word' id='word_1_545' title='bbox 2223 3362 2481 3433; x_wconf 79' lang='grc' dir='ltr'>σημαίνει</span> <span class='ocrx_word' id='word_1_546' title='bbox 2518 3363 2711 3432; x_wconf 77' lang='grc' dir='ltr'>λέγονο</span> <span class='ocrx_word' id='word_1_547' title='bbox 2756 3365 2811 3417; x_wconf 88' lang='lat'><strong>&#39;0</strong></span> <span class='ocrx_word' id='word_1_548' title='bbox 2842 3368 3056 3434; x_wconf 83' lang='grc' dir='ltr'><strong>θρόνος</strong></span> <span class='ocrx_word' id='word_1_549' title='bbox 3084 3384 3223 3432; x_wconf 87' lang='grc' dir='ltr'>σου,</span> <span class='ocrx_word' id='word_1_550' title='bbox 3263 3371 3296 3422; x_wconf 87' lang='grc' dir='ltr'><strong>ό</strong></span> <span class='ocrx_word' id='word_1_551' title='bbox 3342 3368 3519 3435; x_wconf 82' lang='grc' dir='ltr'>Θεὸς,</span> <span class='ocrx_word' id='word_1_552' title='bbox 3569 3373 3660 3437; x_wconf 82' lang='grc' dir='ltr'><strong>εἰς</strong></span> <span class='ocrx_word' id='word_1_553' title='bbox 3705 3374 3811 3427; x_wconf 78' lang='grc' dir='ltr'><strong>τὸν</strong></span> 
     </span>
    </p>
   </div>
   <div class='ocr_carea' id='block_1_66' title="bbox 2217 3451 3813 3532">
    <p class='ocr_par' dir='ltr' id='par_1_66' title="bbox 2217 3451 3813 3532">
     <span class='ocr_line' id='line_1_66' title="bbox 2217 3451 3813 3532; baseline 0.009 -27"><span class='ocrx_word' id='word_1_554' title='bbox 2217 3451 2401 3507; x_wconf 81' lang='grc' dir='ltr'>αἰῶνα</span> <span class='ocrx_word' id='word_1_555' title='bbox 2425 3455 2531 3509; x_wconf 82' lang='grc' dir='ltr'>τοῦ</span> <span class='ocrx_word' id='word_1_556' title='bbox 2552 3455 2785 3522; x_wconf 72' lang='grc' dir='ltr'>αίῶνοςσ</span> <span class='ocrx_word' id='word_1_557' title='bbox 2803 3456 3026 3525; x_wconf 76' lang='grc' dir='ltr'>ῥάϐδος</span> <span class='ocrx_word' id='word_1_558' title='bbox 3044 3459 3370 3527; x_wconf 80' lang='grc' dir='ltr'><strong>εὐθύτητος</strong></span> <span class='ocrx_word' id='word_1_559' title='bbox 3393 3460 3431 3527; x_wconf 82' lang='grc' dir='ltr'>ἡ</span> <span class='ocrx_word' id='word_1_560' title='bbox 3455 3460 3685 3529; x_wconf 77' lang='grc' dir='ltr'>ῥάϐδος</span> <span class='ocrx_word' id='word_1_561' title='bbox 3705 3462 3813 3532; x_wconf 85' lang='grc' dir='ltr'><strong>τῆς</strong></span> 
     </span>
    </p>
   </div>
   <div class='ocr_carea' id='block_1_67' title="bbox 529 3545 2121 3625">
    <p class='ocr_par' dir='ltr' id='par_1_67' title="bbox 529 3547 2116 3621">
     <span class='ocr_line' id='line_1_67' title="bbox 529 3547 2116 3621; baseline 0.004 -22"><span class='ocrx_word' id='word_1_562' title='bbox 529 3556 702 3612; x_wconf 79' lang='lat' dir='ltr'><strong>tunc;</strong></span> <span class='ocrx_word' id='word_1_563' title='bbox 753 3560 821 3601; x_wconf 79' lang='lat' dir='ltr'><strong>ex</strong></span> <span class='ocrx_word' id='word_1_564' title='bbox 867 3562 978 3616; x_wconf 88' lang='lat' dir='ltr'><strong>quo</strong></span> <span class='ocrx_word' id='word_1_565' title='bbox 1017 3547 1227 3603; x_wconf 83' lang='lat' dir='ltr'><strong>scilicet</strong></span> <span class='ocrx_word' id='word_1_566' title='bbox 1278 3550 1420 3619; x_wconf 91' lang='lat' dir='ltr'><strong>apud</strong></span> <span class='ocrx_word' id='word_1_567' title='bbox 1451 3547 1667 3604; x_wconf 91' lang='lat' dir='ltr'><strong>Patrem</strong></span> <span class='ocrx_word' id='word_1_568' title='bbox 1722 3565 1868 3615; x_wconf 87' lang='lat' dir='ltr'><strong>eras,</strong></span> <span class='ocrx_word' id='word_1_569' title='bbox 1898 3552 2026 3621; x_wconf 88' lang='lat' dir='ltr'><strong>quia</strong></span> <span class='ocrx_word' id='word_1_570' title='bbox 2057 3559 2116 3606; x_wconf 90' lang='lat' dir='ltr'><strong>tu</strong></span> 
     </span>
    </p>
   </div>
   <div class='ocr_carea' id='block_1_68' title="bbox 2224 3545 3817 3625">
    <p class='ocr_par' dir='ltr' id='par_1_68' title="bbox 2224 3545 3817 3625">
     <span class='ocr_line' id='line_1_68' title="bbox 2224 3545 3817 3625; baseline 0.008 -29"><span class='ocrx_word' id='word_1_571' title='bbox 2224 3545 2535 3612; x_wconf 74' lang='grc' dir='ltr'>βασιλείας</span> <span class='ocrx_word' id='word_1_572' title='bbox 2570 3560 2708 3601; x_wconf 85' lang='grc' dir='ltr'>σου.</span> <span class='ocrx_word' id='word_1_573' title='bbox 2736 3547 3078 3617; x_wconf 82' lang='grc' dir='ltr'>Ἠγάπησας</span> <span class='ocrx_word' id='word_1_574' title='bbox 3100 3549 3515 3619; x_wconf 82' lang='grc' dir='ltr'>δικαιοσύνην,</span> <span class='ocrx_word' id='word_1_575' title='bbox 3555 3553 3655 3606; x_wconf 72' lang='grc' dir='ltr'>καὶ</span> <span class='ocrx_word' id='word_1_576' title='bbox 3698 3556 3817 3625; x_wconf 83' lang='grc' dir='ltr'>ἑμί-</span> 
     </span>
    </p>
   </div>
   <div class='ocr_carea' id='block_1_69' title="bbox 530 3635 2117 3705">
    <p class='ocr_par' dir='ltr' id='par_1_69' title="bbox 530 3635 2117 3705">
     <span class='ocr_line' id='line_1_69' title="bbox 530 3635 2117 3705; baseline 0.005 -16"><span class='ocrx_word' id='word_1_577' title='bbox 530 3635 647 3705; x_wconf 90' lang='lat' dir='ltr'><strong>ipse</strong></span> <span class='ocrx_word' id='word_1_578' title='bbox 686 3652 717 3690; x_wconf 89' lang='lat' dir='ltr'><strong>a</strong></span> <span class='ocrx_word' id='word_1_579' title='bbox 744 3639 946 3693; x_wconf 77' lang='lat' dir='ltr'><strong>saeculo</strong></span> <span class='ocrx_word' id='word_1_580' title='bbox 975 3653 1055 3694; x_wconf 88' lang='lat' dir='ltr'><strong>es.</strong></span> <span class='ocrx_word' id='word_1_581' title='bbox 1089 3638 1359 3694; x_wconf 73' lang='lat' dir='ltr'><strong>Caeterum</strong></span> <span class='ocrx_word' id='word_1_582' title='bbox 1388 3640 1552 3695; x_wconf 89' lang='lat' dir='ltr'><strong>etiam</strong></span> <span class='ocrx_word' id='word_1_583' title='bbox 1595 3657 1743 3698; x_wconf 89' lang='lat' dir='ltr'><strong>nunc</strong></span> <span class='ocrx_word' id='word_1_584' title='bbox 1787 3642 2117 3697; x_wconf 83' lang='lat' dir='ltr'><strong>elevaverunt</strong></span> 
     </span>
    </p>
   </div>
   <div class='ocr_carea' id='block_1_70' title="bbox 526 3730 2119 3805">
    <p class='ocr_par' dir='ltr' id='par_1_70' title="bbox 526 3730 2119 3805">
     <span class='ocr_line' id='line_1_70' title="bbox 526 3730 2119 3805; baseline 0.004 -22"><span class='ocrx_word' id='word_1_585' title='bbox 526 3731 775 3800; x_wconf 64' lang='lat' dir='ltr'><strong>(Iuntina,</strong></span> <span class='ocrx_word' id='word_1_586' title='bbox 823 3730 1064 3786; x_wconf 89' lang='lat' dir='ltr'><strong>Domine.</strong></span> <span class='ocrx_word' id='word_1_587' title='bbox 1112 3733 1254 3799; x_wconf 83' lang='lat' dir='ltr'><strong>Quid</strong></span> <span class='ocrx_word' id='word_1_588' title='bbox 1302 3734 1658 3799; x_wconf 81' lang='lat' dir='ltr'><strong>elevaverint,</strong></span> <span class='ocrx_word' id='word_1_589' title='bbox 1710 3737 1943 3805; x_wconf 86' lang='lat' dir='ltr'><strong>repetito</strong></span> <span class='ocrx_word' id='word_1_590' title='bbox 2000 3752 2119 3792; x_wconf 82' lang='lat' dir='ltr'><strong>ser-</strong></span> 
     </span>
    </p>
   </div>
   <div class='ocr_carea' id='block_1_71' title="bbox 527 3825 2120 3898">
    <p class='ocr_par' dir='ltr' id='par_1_71' title="bbox 527 3825 2120 3898">
     <span class='ocr_line' id='line_1_71' title="bbox 527 3825 2120 3898; baseline 0.004 -22"><span class='ocrx_word' id='word_1_591' title='bbox 527 3838 691 3878; x_wconf 87' lang='lat' dir='ltr'><strong>mone</strong></span> <span class='ocrx_word' id='word_1_592' title='bbox 736 3832 925 3892; x_wconf 90' lang='lat' dir='ltr'><strong>postea</strong></span> <span class='ocrx_word' id='word_1_593' title='bbox 969 3825 1214 3879; x_wconf 87' lang='lat' dir='ltr'><strong>declarat</strong></span> <span class='ocrx_word' id='word_1_594' title='bbox 1244 3826 1329 3881; x_wconf 87' lang='lat' dir='ltr'><strong>his</strong></span> <span class='ocrx_word' id='word_1_595' title='bbox 1381 3827 1564 3882; x_wconf 83' lang='lat' dir='ltr'><strong>verbis</strong></span> <span class='ocrx_word' id='word_1_596' title='bbox 1595 3846 1608 3881; x_wconf 89' lang='lat'><strong>:</strong></span> <span class='ocrx_word' id='word_1_597' title='bbox 1639 3825 1989 3882; x_wconf 85' lang='lat' dir='ltr'><strong>Elevaverunt</strong></span> <span class='ocrx_word' id='word_1_598' title='bbox 2019 3828 2120 3898; x_wconf 80' lang='lat' dir='ltr'><strong>ﬂu-</strong></span> 
     </span>
    </p>
   </div>
   <div class='ocr_carea' id='block_1_72' title="bbox 528 3914 2115 3989">
    <p class='ocr_par' dir='ltr' id='par_1_72' title="bbox 528 3914 2115 3989">
     <span class='ocr_line' id='line_1_72' title="bbox 528 3914 2115 3989; baseline 0.005 -22"><span class='ocrx_word' id='word_1_599' title='bbox 528 3914 673 3968; x_wconf 82' lang='lat' dir='ltr'><strong>mina</strong></span> <span class='ocrx_word' id='word_1_600' title='bbox 703 3932 875 3969; x_wconf 88' lang='lat' dir='ltr'><strong>vocem</strong></span> <span class='ocrx_word' id='word_1_601' title='bbox 897 3932 1070 3975; x_wconf 89' lang='lat' dir='ltr'><strong>suam.</strong></span> <span class='ocrx_word' id='word_1_602' title='bbox 1107 3916 1233 3971; x_wconf 68' lang='lat' dir='ltr'><strong>Haec</strong></span> <span class='ocrx_word' id='word_1_603' title='bbox 1256 3917 1401 3971; x_wconf 89' lang='lat' dir='ltr'><strong>enim</strong></span> <span class='ocrx_word' id='word_1_604' title='bbox 1432 3933 1557 3973; x_wconf 92' lang='lat' dir='ltr'><strong>cum</strong></span> <span class='ocrx_word' id='word_1_605' title='bbox 1586 3918 1891 3989; x_wconf 86' lang='lat' dir='ltr'><strong>antiquitus</strong></span> <span class='ocrx_word' id='word_1_606' title='bbox 1923 3921 2115 3976; x_wconf 86' lang='lat' dir='ltr'><strong>latuis-</strong></span> 
     </span>
    </p>
   </div>
   <div class='ocr_carea' id='block_1_73' title="bbox 528 4007 2116 4081">
    <p class='ocr_par' dir='ltr' id='par_1_73' title="bbox 528 4007 2116 4081">
     <span class='ocr_line' id='line_1_73' title="bbox 528 4007 2116 4081; baseline 0.004 -20"><span class='ocrx_word' id='word_1_607' title='bbox 528 4013 673 4070; x_wconf 88' lang='lat' dir='ltr'><strong>sent,</strong></span> <span class='ocrx_word' id='word_1_608' title='bbox 724 4022 872 4061; x_wconf 90' lang='lat' dir='ltr'><strong>nunc</strong></span> <span class='ocrx_word' id='word_1_609' title='bbox 920 4008 1103 4063; x_wconf 87' lang='lat' dir='ltr'><strong>audita</strong></span> <span class='ocrx_word' id='word_1_610' title='bbox 1162 4007 1384 4063; x_wconf 81' lang='lat' dir='ltr'><strong>fuerunt</strong></span> <span class='ocrx_word' id='word_1_611' title='bbox 1453 4009 1733 4074; x_wconf 90' lang='lat' dir='ltr'><strong>omnibus,</strong></span> <span class='ocrx_word' id='word_1_612' title='bbox 1790 4011 1883 4081; x_wconf 90' lang='lat' dir='ltr'><strong>qui</strong></span> <span class='ocrx_word' id='word_1_613' title='bbox 1930 4010 2116 4067; x_wconf 90' lang='lat' dir='ltr'><strong>divino</strong></span> 
     </span>
    </p>
   </div>
   <div class='ocr_carea' id='block_1_74' title="bbox 524 4096 2117 4177">
    <p class='ocr_par' dir='ltr' id='par_1_74' title="bbox 524 4096 2117 4177">
     <span class='ocr_line' id='line_1_74' title="bbox 524 4096 2117 4177; baseline 0.006 -26"><span class='ocrx_word' id='word_1_614' title='bbox 524 4096 736 4168; x_wconf 84' lang='lat' dir='ltr'><strong>Spiritu</strong></span> <span class='ocrx_word' id='word_1_615' title='bbox 766 4100 975 4168; x_wconf 78' lang='lat' dir='ltr'><strong>dignati</strong></span> <span class='ocrx_word' id='word_1_616' title='bbox 995 4110 1157 4167; x_wconf 88' lang='lat' dir='ltr'><strong>sunt,</strong></span> <span class='ocrx_word' id='word_1_617' title='bbox 1194 4102 1494 4171; x_wconf 87' lang='lat' dir='ltr'><strong>prophetis,</strong></span> <span class='ocrx_word' id='word_1_618' title='bbox 1524 4103 1786 4172; x_wconf 88' lang='lat' dir='ltr'><strong>apostolis</strong></span> <span class='ocrx_word' id='word_1_619' title='bbox 1811 4113 1864 4160; x_wconf 86' lang='lat' dir='ltr'><strong>et</strong></span> <span class='ocrx_word' id='word_1_620' title='bbox 1884 4119 2117 4177; x_wconf 87' lang='lat' dir='ltr'><strong>evange-</strong></span> 
     </span>
    </p>
   </div>
   <div class='ocr_carea' id='block_1_75' title="bbox 526 4192 2112 4265">
    <p class='ocr_par' dir='ltr' id='par_1_75' title="bbox 526 4192 2112 4265">
     <span class='ocr_line' id='line_1_75' title="bbox 526 4192 2112 4265; baseline 0.004 -19"><span class='ocrx_word' id='word_1_621' title='bbox 526 4192 693 4259; x_wconf 88' lang='lat' dir='ltr'><strong>listis,</strong></span> <span class='ocrx_word' id='word_1_622' title='bbox 726 4192 1061 4263; x_wconf 87' lang='lat' dir='ltr'><strong>inﬁnitisque</strong></span> <span class='ocrx_word' id='word_1_623' title='bbox 1113 4194 1352 4265; x_wconf 87' lang='lat' dir='ltr'><strong>populis,</strong></span> <span class='ocrx_word' id='word_1_624' title='bbox 1378 4195 1471 4264; x_wconf 92' lang='lat' dir='ltr'><strong>qui</strong></span> <span class='ocrx_word' id='word_1_625' title='bbox 1500 4210 1597 4265; x_wconf 88' lang='lat' dir='ltr'><strong>per</strong></span> <span class='ocrx_word' id='word_1_626' title='bbox 1628 4203 1803 4250; x_wconf 91' lang='lat' dir='ltr'><strong>totum</strong></span> <span class='ocrx_word' id='word_1_627' title='bbox 1835 4197 2025 4252; x_wconf 91' lang='lat' dir='ltr'><strong>orbem</strong></span> <span class='ocrx_word' id='word_1_628' title='bbox 2058 4201 2112 4252; x_wconf 76' lang='lat' dir='ltr'><strong>in</strong></span> 
     </span>
    </p>
   </div>
   <div class='ocr_carea' id='block_1_76' title="bbox 528 4283 2117 4358">
    <p class='ocr_par' dir='ltr' id='par_1_76' title="bbox 528 4283 2117 4358">
     <span class='ocr_line' id='line_1_76' title="bbox 528 4283 2117 4358; baseline 0.004 -19"><span class='ocrx_word' id='word_1_629' title='bbox 528 4283 779 4339; x_wconf 84' lang='lat' dir='ltr'><strong>ecclesiis</strong></span> <span class='ocrx_word' id='word_1_630' title='bbox 811 4285 1049 4339; x_wconf 87' lang='lat' dir='ltr'><strong>salutare</strong></span> <span class='ocrx_word' id='word_1_631' title='bbox 1070 4300 1298 4356; x_wconf 80' lang='lat' dir='ltr'><strong>regnum</strong></span> <span class='ocrx_word' id='word_1_632' title='bbox 1331 4287 1682 4351; x_wconf 87' lang='lat' dir='ltr'><strong>annuntiant,</strong></span> <span class='ocrx_word' id='word_1_633' title='bbox 1712 4288 1806 4358; x_wconf 91' lang='lat' dir='ltr'><strong>qui</strong></span> <span class='ocrx_word' id='word_1_634' title='bbox 1846 4289 1974 4344; x_wconf 90' lang='lat' dir='ltr'><strong>item</strong></span> <span class='ocrx_word' id='word_1_635' title='bbox 2007 4290 2117 4345; x_wconf 90' lang='lat' dir='ltr'><strong>ele-</strong></span> 
     </span>
    </p>
   </div>
   <div class='ocr_carea' id='block_1_77' title="bbox 527 4375 2112 4449">
    <p class='ocr_par' dir='ltr' id='par_1_77' title="bbox 527 4375 2112 4449">
     <span class='ocr_line' id='line_1_77' title="bbox 527 4375 2112 4449; baseline 0.005 -24"><span class='ocrx_word' id='word_1_636' title='bbox 527 4382 794 4428; x_wconf 83' lang='lat' dir='ltr'><strong>vaverunt</strong></span> <span class='ocrx_word' id='word_1_637' title='bbox 815 4390 1002 4430; x_wconf 88' lang='lat' dir='ltr'><strong>vocem</strong></span> <span class='ocrx_word' id='word_1_638' title='bbox 1035 4391 1213 4439; x_wconf 89' lang='lat' dir='ltr'><strong>suam,</strong></span> <span class='ocrx_word' id='word_1_639' title='bbox 1236 4375 1463 4432; x_wconf 81' lang='lat' dir='ltr'><strong>eﬂ&#39;usam</strong></span> <span class='ocrx_word' id='word_1_640' title='bbox 1484 4378 1537 4431; x_wconf 91' lang='lat' dir='ltr'><strong>in</strong></span> <span class='ocrx_word' id='word_1_641' title='bbox 1556 4393 1748 4433; x_wconf 91' lang='lat' dir='ltr'><strong>omnes</strong></span> <span class='ocrx_word' id='word_1_642' title='bbox 1773 4377 1864 4433; x_wconf 87' lang='lat' dir='ltr'><strong>Dei</strong></span> <span class='ocrx_word' id='word_1_643' title='bbox 1882 4380 2112 4449; x_wconf 84' lang='lat' dir='ltr'><strong>gratiam</strong></span> 
     </span>
    </p>
   </div>
   <div class='ocr_carea' id='block_1_78' title="bbox 524 4464 2112 4535">
    <p class='ocr_par' dir='ltr' id='par_1_78' title="bbox 524 4464 2112 4535">
     <span class='ocr_line' id='line_1_78' title="bbox 524 4464 2112 4535; baseline 0.005 -19"><span class='ocrx_word' id='word_1_644' title='bbox 524 4477 724 4533; x_wconf 82' lang='lat' dir='ltr'><strong>magna</strong></span> <span class='ocrx_word' id='word_1_645' title='bbox 752 4479 884 4519; x_wconf 85' lang='lat' dir='ltr'><strong>voce</strong></span> <span class='ocrx_word' id='word_1_646' title='bbox 916 4465 1293 4535; x_wconf 86' lang='lat' dir='ltr'><strong>praedicantes.</strong></span> <span class='ocrx_word' id='word_1_647' title='bbox 1331 4464 1439 4520; x_wconf 86' lang='lat' dir='ltr'><strong>Sed</strong></span> <span class='ocrx_word' id='word_1_648' title='bbox 1472 4468 1634 4521; x_wconf 90' lang='lat' dir='ltr'><strong>etiam</strong></span> <span class='ocrx_word' id='word_1_649' title='bbox 1660 4467 1872 4523; x_wconf 73' lang='lat' dir='ltr'><strong>aestimo</strong></span> <span class='ocrx_word' id='word_1_650' title='bbox 1896 4468 2112 4525; x_wconf 86' lang='lat' dir='ltr'><strong>divinas</strong></span> 
     </span>
    </p>
   </div>
   <div class='ocr_carea' id='block_1_79' title="bbox 524 4554 2113 4629">
    <p class='ocr_par' dir='ltr' id='par_1_79' title="bbox 524 4554 2113 4629">
     <span class='ocr_line' id='line_1_79' title="bbox 524 4554 2113 4629; baseline 0.004 -21"><span class='ocrx_word' id='word_1_651' title='bbox 524 4554 756 4610; x_wconf 88' lang='lat' dir='ltr'><strong>virtutes</strong></span> <span class='ocrx_word' id='word_1_652' title='bbox 811 4562 865 4610; x_wconf 88' lang='lat' dir='ltr'><strong>et</strong></span> <span class='ocrx_word' id='word_1_653' title='bbox 917 4556 1324 4612; x_wconf 88' lang='lat' dir='ltr'><strong>multitudinem</strong></span> <span class='ocrx_word' id='word_1_654' title='bbox 1367 4558 1822 4629; x_wconf 86' lang='lat' dir='ltr'><strong>angelorum,qui</strong></span> <span class='ocrx_word' id='word_1_655' title='bbox 1870 4560 1926 4614; x_wconf 91' lang='lat' dir='ltr'><strong>in</strong></span> <span class='ocrx_word' id='word_1_656' title='bbox 1971 4562 2113 4616; x_wconf 62' lang='lat' dir='ltr'><strong>caelo</strong></span> 
     </span>
    </p>
   </div>
   <div class='ocr_carea' id='block_1_80' title="bbox 2216 3638 3813 3712">
    <p class='ocr_par' dir='ltr' id='par_1_80' title="bbox 2216 3638 3813 3712">
     <span class='ocr_line' id='line_1_80' title="bbox 2216 3638 3813 3712; baseline 0.007 -23"><span class='ocrx_word' id='word_1_657' title='bbox 2216 3651 2419 3705; x_wconf 85' lang='grc' dir='ltr'>σησας</span> <span class='ocrx_word' id='word_1_658' title='bbox 2456 3638 2716 3709; x_wconf 78' lang='grc' dir='ltr'>ἀνομίαν</span> <span class='ocrx_word' id='word_1_659' title='bbox 2739 3656 2752 3668; x_wconf 91' lang='grc'><strong>·</strong></span> <span class='ocrx_word' id='word_1_660' title='bbox 2799 3638 2897 3693; x_wconf 87' lang='grc' dir='ltr'>διὰ</span> <span class='ocrx_word' id='word_1_661' title='bbox 2936 3641 3112 3695; x_wconf 86' lang='grc' dir='ltr'>τοῦτο</span> <span class='ocrx_word' id='word_1_662' title='bbox 3142 3641 3352 3711; x_wconf 78' lang='grc' dir='ltr'>ἔχρισέ</span> <span class='ocrx_word' id='word_1_663' title='bbox 3395 3658 3469 3699; x_wconf 84' lang='grc' dir='ltr'><strong>σε</strong></span> <span class='ocrx_word' id='word_1_664' title='bbox 3498 3648 3531 3698; x_wconf 81' lang='grc' dir='ltr'><strong>ό</strong></span> <span class='ocrx_word' id='word_1_665' title='bbox 3559 3646 3737 3712; x_wconf 82' lang='grc' dir='ltr'>Θεὸς,</span> <span class='ocrx_word' id='word_1_666' title='bbox 3778 3651 3813 3700; x_wconf 87' lang='grc' dir='ltr'><strong>ό</strong></span> 
     </span>
    </p>
   </div>
   <div class='ocr_carea' id='block_1_81' title="bbox 2219 3730 3814 3807">
    <p class='ocr_par' dir='ltr' id='par_1_81' title="bbox 2219 3730 3814 3807">
     <span class='ocr_line' id='line_1_81' title="bbox 2219 3730 3814 3807; baseline 0.006 -24"><span class='ocrx_word' id='word_1_667' title='bbox 2219 3730 2364 3795; x_wconf 85' lang='grc' dir='ltr'>Θεός</span> <span class='ocrx_word' id='word_1_668' title='bbox 2385 3744 2523 3784; x_wconf 86' lang='grc' dir='ltr'>σου.</span> <span class='ocrx_word' id='word_1_669' title='bbox 2537 3732 2719 3797; x_wconf 76' lang='grc' dir='ltr'>ἐλαίῳ</span> <span class='ocrx_word' id='word_1_670' title='bbox 2742 3732 3336 3802; x_wconf 73' lang='grc' dir='ltr'>ἀγαλλιάσεωςπαρὰ</span> <span class='ocrx_word' id='word_1_671' title='bbox 3351 3736 3492 3801; x_wconf 83' lang='grc' dir='ltr'>τοὺς</span> <span class='ocrx_word' id='word_1_672' title='bbox 3507 3740 3814 3807; x_wconf 80' lang='grc' dir='ltr'>μετόχους</span> 
     </span>
    </p>
   </div>
   <div class='ocr_carea' id='block_1_82' title="bbox 2216 3816 3810 3905">
    <p class='ocr_par' dir='ltr' id='par_1_82' title="bbox 2216 3816 3810 3905">
     <span class='ocr_line' id='line_1_82' title="bbox 2216 3816 3810 3905; baseline 0.007 -31"><span class='ocrx_word' id='word_1_673' title='bbox 2216 3834 2354 3877; x_wconf 86' lang='grc' dir='ltr'>σου.</span> <span class='ocrx_word' id='word_1_674' title='bbox 2388 3816 2499 3875; x_wconf 86' lang='grc' dir='ltr'>Ἦν</span> <span class='ocrx_word' id='word_1_675' title='bbox 2535 3822 2634 3893; x_wconf 84' lang='grc' dir='ltr'><strong>μὲν</strong></span> <span class='ocrx_word' id='word_1_676' title='bbox 2657 3820 2749 3877; x_wconf 80' lang='grc' dir='ltr'>οὖν</span> <span class='ocrx_word' id='word_1_677' title='bbox 2771 3823 2989 3894; x_wconf 76' lang='grc' dir='ltr'>ἕτοιμος</span> <span class='ocrx_word' id='word_1_678' title='bbox 3019 3825 3047 3876; x_wconf 90' lang='grc' dir='ltr'>ὁ</span> <span class='ocrx_word' id='word_1_679' title='bbox 3067 3823 3256 3895; x_wconf 83' lang='grc' dir='ltr'>θρόνος</span> <span class='ocrx_word' id='word_1_680' title='bbox 3286 3843 3380 3880; x_wconf 87' lang='grc' dir='ltr'><strong>σου</strong></span> <span class='ocrx_word' id='word_1_681' title='bbox 3403 3828 3509 3881; x_wconf 86' lang='grc' dir='ltr'><strong>ἀπὸ</strong></span> <span class='ocrx_word' id='word_1_682' title='bbox 3540 3830 3689 3895; x_wconf 79' lang='grc' dir='ltr'>τότε,</span> <span class='ocrx_word' id='word_1_683' title='bbox 3715 3832 3810 3905; x_wconf 60' lang='grc' dir='ltr'>ἀφ’</span> 
     </span>
    </p>
   </div>
   <div class='ocr_carea' id='block_1_83' title="bbox 2216 3906 3813 3988">
    <p class='ocr_par' dir='ltr' id='par_1_83' title="bbox 2216 3906 3813 3988">
     <span class='ocr_line' id='line_1_83' title="bbox 2216 3906 3813 3988; baseline 0.008 -23"><span class='ocrx_word' id='word_1_684' title='bbox 2216 3906 2278 3966; x_wconf 75' lang='grc' dir='ltr'>οὗ</span> <span class='ocrx_word' id='word_1_685' title='bbox 2306 3911 2510 3984; x_wconf 82' lang='grc' dir='ltr'>δηλαδὴ</span> <span class='ocrx_word' id='word_1_686' title='bbox 2538 3914 2690 3986; x_wconf 86' lang='grc' dir='ltr'><strong>παρά</strong></span> <span class='ocrx_word' id='word_1_687' title='bbox 2733 3914 2812 3985; x_wconf 86' lang='grc' dir='ltr'><strong>τῷ</strong></span> <span class='ocrx_word' id='word_1_688' title='bbox 2851 3916 3031 3987; x_wconf 74' lang='grc' dir='ltr'>Πατρὶ</span> <span class='ocrx_word' id='word_1_689' title='bbox 3065 3912 3153 3987; x_wconf 80' lang='grc' dir='ltr'>ἦς,</span> <span class='ocrx_word' id='word_1_690' title='bbox 3204 3920 3327 3973; x_wconf 81' lang='grc' dir='ltr'>ἐπεὶ</span> <span class='ocrx_word' id='word_1_691' title='bbox 3366 3922 3461 3974; x_wconf 78' lang='grc' dir='ltr'>καὶ</span> <span class='ocrx_word' id='word_1_692' title='bbox 3501 3923 3669 3988; x_wconf 75' lang='grc' dir='ltr'>αὐτὸς</span> <span class='ocrx_word' id='word_1_693' title='bbox 3701 3925 3813 3977; x_wconf 74' lang='grc' dir='ltr'>ἀπὸ</span> 
     </span>
    </p>
   </div>
   <div class='ocr_carea' id='block_1_84' title="bbox 2214 4001 3809 4082">
    <p class='ocr_par' dir='ltr' id='par_1_84' title="bbox 2214 4001 3809 4082">
     <span class='ocr_line' id='line_1_84' title="bbox 2214 4001 3809 4082; baseline 0.01 -28"><span class='ocrx_word' id='word_1_694' title='bbox 2214 4002 2308 4055; x_wconf 76' lang='grc' dir='ltr'><strong>τοῦ</strong></span> <span class='ocrx_word' id='word_1_695' title='bbox 2336 4004 2533 4068; x_wconf 87' lang='grc' dir='ltr'>αἰῶνος</span> <span class='ocrx_word' id='word_1_696' title='bbox 2556 4006 2620 4058; x_wconf 83' lang='grc' dir='ltr'><strong>σὺ</strong></span> <span class='ocrx_word' id='word_1_697' title='bbox 2650 4001 2719 4059; x_wconf 74' lang='grc' dir='ltr'>εἰ.</span> <span class='ocrx_word' id='word_1_698' title='bbox 2756 4006 2903 4078; x_wconf 85' lang='grc' dir='ltr'>Πλὴν</span> <span class='ocrx_word' id='word_1_699' title='bbox 2938 4007 3073 4067; x_wconf 88' lang='grc' dir='ltr'><strong>ἀλλά</strong></span> <span class='ocrx_word' id='word_1_700' title='bbox 3097 4010 3192 4062; x_wconf 77' lang='grc' dir='ltr'><strong>καὶ</strong></span> <span class='ocrx_word' id='word_1_701' title='bbox 3218 4010 3313 4064; x_wconf 82' lang='grc' dir='ltr'>νῦν</span> <span class='ocrx_word' id='word_1_702' title='bbox 3337 4012 3573 4082; x_wconf 78' lang='grc' dir='ltr'>ἐπῆραν</span> <span class='ocrx_word' id='word_1_703' title='bbox 3603 4017 3659 4067; x_wconf 81' lang='grc' dir='ltr'><strong>οἱ</strong></span> <span class='ocrx_word' id='word_1_704' title='bbox 3694 4030 3809 4071; x_wconf 72' lang='grc' dir='ltr'>πο-</span> 
     </span>
    </p>
   </div>
   <div class='ocr_carea' id='block_1_85' title="bbox 2215 4092 3812 4177">
    <p class='ocr_par' dir='ltr' id='par_1_85' title="bbox 2215 4092 3812 4177">
     <span class='ocr_line' id='line_1_85' title="bbox 2215 4092 3812 4177; baseline 0.01 -32"><span class='ocrx_word' id='word_1_705' title='bbox 2215 4092 2410 4161; x_wconf 77' lang='grc' dir='ltr'>ταμοὶ,</span> <span class='ocrx_word' id='word_1_706' title='bbox 2461 4095 2658 4163; x_wconf 77' lang='grc' dir='ltr'>Κύριε.</span> <span class='ocrx_word' id='word_1_707' title='bbox 2698 4096 2763 4148; x_wconf 83' lang='grc' dir='ltr'>Τί</span> <span class='ocrx_word' id='word_1_708' title='bbox 2791 4096 2847 4149; x_wconf 81' lang='grc' dir='ltr'>δὲ</span> <span class='ocrx_word' id='word_1_709' title='bbox 2880 4098 3115 4169; x_wconf 82' lang='grc' dir='ltr'>ἐπῆραν,</span> <span class='ocrx_word' id='word_1_710' title='bbox 3148 4101 3512 4174; x_wconf 86' lang='grc' dir='ltr'>ἐπιδευτερῶν</span> <span class='ocrx_word' id='word_1_711' title='bbox 3553 4106 3684 4177; x_wconf 78' lang='grc' dir='ltr'>ἑξῆς</span> <span class='ocrx_word' id='word_1_712' title='bbox 3713 4108 3812 4161; x_wconf 85' lang='grc' dir='ltr'><strong>τὸν</strong></span> 
     </span>
    </p>
   </div>
   <div class='ocr_carea' id='block_1_86' title="bbox 2215 4184 3811 4267">
    <p class='ocr_par' dir='ltr' id='par_1_86' title="bbox 2215 4184 3811 4267">
     <span class='ocr_line' id='line_1_86' title="bbox 2215 4184 3811 4267; baseline 0.009 -30"><span class='ocrx_word' id='word_1_713' title='bbox 2215 4184 2373 4252; x_wconf 79' lang='grc' dir='ltr'>λόγον</span> <span class='ocrx_word' id='word_1_714' title='bbox 2407 4186 2738 4258; x_wconf 83' lang='grc' dir='ltr'>παρίστησιν</span> <span class='ocrx_word' id='word_1_715' title='bbox 2762 4188 2934 4246; x_wconf 85' lang='grc' dir='ltr'>εἰπών</span> <span class='ocrx_word' id='word_1_716' title='bbox 2954 4205 2968 4219; x_wconf 86' lang='grc'><strong>·</strong></span> <span class='ocrx_word' id='word_1_717' title='bbox 3013 4190 3279 4260; x_wconf 77' lang='grc' dir='ltr'>Ἐπῆραν</span> <span class='ocrx_word' id='word_1_718' title='bbox 3312 4199 3365 4250; x_wconf 83' lang='grc' dir='ltr'><strong>οἱ</strong></span> <span class='ocrx_word' id='word_1_719' title='bbox 3393 4198 3649 4265; x_wconf 78' lang='grc' dir='ltr'>ποταμοὶ</span> <span class='ocrx_word' id='word_1_720' title='bbox 3683 4216 3811 4267; x_wconf 64' lang='grc' dir='ltr'>φω-</span> 
     </span>
    </p>
   </div>
   <div class='ocr_carea' id='block_1_87' title="bbox 2214 4276 3811 4362">
    <p class='ocr_par' dir='ltr' id='par_1_87' title="bbox 2214 4276 3811 4362">
     <span class='ocr_line' id='line_1_87' title="bbox 2214 4276 3811 4362; baseline 0.011 -36"><span class='ocrx_word' id='word_1_721' title='bbox 2214 4276 2337 4343; x_wconf 81' lang='grc' dir='ltr'><strong>νὴν</strong></span> <span class='ocrx_word' id='word_1_722' title='bbox 2356 4276 2560 4331; x_wconf 82' lang='grc' dir='ltr'>αὐτῶν</span> <span class='ocrx_word' id='word_1_723' title='bbox 2577 4296 2590 4308; x_wconf 75' lang='grc'><strong><em>⁸</em></strong></span> <span class='ocrx_word' id='word_1_724' title='bbox 2622 4278 2797 4334; x_wconf 80' lang='grc' dir='ltr'>ταῦτα</span> <span class='ocrx_word' id='word_1_725' title='bbox 2820 4282 2929 4355; x_wconf 85' lang='grc' dir='ltr'>γὰρ</span> <span class='ocrx_word' id='word_1_726' title='bbox 2958 4286 3287 4341; x_wconf 86' lang='grc' dir='ltr'>λανθάνοντα</span> <span class='ocrx_word' id='word_1_727' title='bbox 3308 4288 3477 4342; x_wconf 86' lang='grc' dir='ltr'>πάλαι</span> <span class='ocrx_word' id='word_1_728' title='bbox 3512 4290 3811 4362; x_wconf 78' lang='grc' dir='ltr'>πρότερον,</span> 
     </span>
    </p>
   </div>
   <div class='ocr_carea' id='block_1_88' title="bbox 2215 4368 3813 4450">
    <p class='ocr_par' dir='ltr' id='par_1_88' title="bbox 2215 4368 3813 4450">
     <span class='ocr_line' id='line_1_88' title="bbox 2215 4368 3813 4450; baseline 0.009 -29"><span class='ocrx_word' id='word_1_729' title='bbox 2215 4368 2310 4422; x_wconf 81' lang='grc' dir='ltr'>νῦν</span> <span class='ocrx_word' id='word_1_730' title='bbox 2339 4372 2419 4434; x_wconf 88' lang='grc' dir='ltr'><strong>εἰς</strong></span> <span class='ocrx_word' id='word_1_731' title='bbox 2448 4370 2772 4435; x_wconf 76' lang='grc' dir='ltr'>ἐξάκουστον</span> <span class='ocrx_word' id='word_1_732' title='bbox 2820 4377 3076 4433; x_wconf 89' lang='grc' dir='ltr'>ἁπάντων</span> <span class='ocrx_word' id='word_1_733' title='bbox 3107 4380 3297 4450; x_wconf 82' lang='grc' dir='ltr'>γέγονε</span> <span class='ocrx_word' id='word_1_734' title='bbox 3349 4379 3460 4433; x_wconf 85' lang='grc' dir='ltr'><strong>τῶν</strong></span> <span class='ocrx_word' id='word_1_735' title='bbox 3507 4382 3602 4434; x_wconf 76' lang='grc' dir='ltr'>τοῦ</span> <span class='ocrx_word' id='word_1_736' title='bbox 3656 4382 3813 4436; x_wconf 82' lang='grc' dir='ltr'>θείου</span> 
     </span>
    </p>
   </div>
   <div class='ocr_carea' id='block_1_89' title="bbox 2216 4463 3816 4544">
    <p class='ocr_par' dir='ltr' id='par_1_89' title="bbox 2216 4463 3816 4544">
     <span class='ocr_line' id='line_1_89' title="bbox 2216 4463 3816 4544; baseline 0.009 -30"><span class='ocrx_word' id='word_1_737' title='bbox 2216 4463 2533 4534; x_wconf 86' lang='grc' dir='ltr'>Πνεύματος</span> <span class='ocrx_word' id='word_1_738' title='bbox 2565 4465 2884 4538; x_wconf 76' lang='grc' dir='ltr'>ἠξιωμένων</span> <span class='ocrx_word' id='word_1_739' title='bbox 2914 4474 3229 4544; x_wconf 85' lang='grc' dir='ltr'>προφητῶν,</span> <span class='ocrx_word' id='word_1_740' title='bbox 3269 4473 3584 4528; x_wconf 80' lang='grc' dir='ltr'>ἀποστόλων</span> <span class='ocrx_word' id='word_1_741' title='bbox 3616 4492 3681 4527; x_wconf 79' lang='grc' dir='ltr'><strong>τε</strong></span> <span class='ocrx_word' id='word_1_742' title='bbox 3710 4478 3816 4530; x_wconf 77' lang='grc' dir='ltr'><strong>καὶ</strong></span> 
     </span>
    </p>
   </div>
   <div class='ocr_carea' id='block_1_90' title="bbox 2215 4553 3815 4638">
    <p class='ocr_par' dir='ltr' id='par_1_90' title="bbox 2215 4553 3815 4638">
     <span class='ocr_line' id='line_1_90' title="bbox 2215 4553 3815 4638; baseline 0.009 -31"><span class='ocrx_word' id='word_1_743' title='bbox 2215 4556 2640 4625; x_wconf 66' lang='grc' dir='ltr'>εὐαγγελιατῶν,</span> <span class='ocrx_word' id='word_1_744' title='bbox 2698 4562 3044 4636; x_wconf 84' lang='grc' dir='ltr'>μυριάνδρων</span> <span class='ocrx_word' id='word_1_745' title='bbox 3091 4583 3153 4618; x_wconf 84' lang='grc' dir='ltr'><strong>τε</strong></span> <span class='ocrx_word' id='word_1_746' title='bbox 3195 4565 3338 4619; x_wconf 89' lang='grc' dir='ltr'>λαῶν</span> <span class='ocrx_word' id='word_1_747' title='bbox 3361 4553 3477 4621; x_wconf 79' lang='grc' dir='ltr'><strong>τῶν</strong></span> <span class='ocrx_word' id='word_1_748' title='bbox 3514 4568 3639 4621; x_wconf 82' lang='grc' dir='ltr'>καθ’</span> <span class='ocrx_word' id='word_1_749' title='bbox 3676 4570 3815 4638; x_wconf 77' lang='grc' dir='ltr'>ὅλης</span> 
     </span>
    </p>
   </div>
   <div class='ocr_carea' id='block_1_91' title="bbox 523 4641 2121 4726">
    <p class='ocr_par' dir='ltr' id='par_1_91' title="bbox 523 4647 2115 4715">
     <span class='ocr_line' id='line_1_91' title="bbox 523 4647 2115 4715; baseline 0.004 -13"><span class='ocrx_word' id='word_1_750' title='bbox 523 4655 676 4711; x_wconf 82' lang='lat' dir='ltr'><strong>sunt,</strong></span> <span class='ocrx_word' id='word_1_751' title='bbox 721 4663 870 4702; x_wconf 91' lang='lat' dir='ltr'><strong>nunc</strong></span> <span class='ocrx_word' id='word_1_752' title='bbox 929 4647 1154 4702; x_wconf 85' lang='lat' dir='ltr'><strong>ﬂumina</strong></span> <span class='ocrx_word' id='word_1_753' title='bbox 1202 4650 1409 4703; x_wconf 86' lang='lat' dir='ltr'><strong>vocari.</strong></span> <span class='ocrx_word' id='word_1_754' title='bbox 1440 4648 1545 4715; x_wconf 86' lang='lat' dir='ltr'><strong>Qui</strong></span> <span class='ocrx_word' id='word_1_755' title='bbox 1594 4652 1722 4706; x_wconf 90' lang='lat' dir='ltr'><strong>item</strong></span> <span class='ocrx_word' id='word_1_756' title='bbox 1762 4653 2115 4708; x_wconf 83' lang='lat' dir='ltr'><strong>elevaverunt</strong></span> 
     </span>
    </p>
   </div>
   <div class='ocr_carea' id='block_1_92' title="bbox 2224 4641 3815 4726">
    <p class='ocr_par' dir='ltr' id='par_1_92' title="bbox 2224 4646 3815 4726">
     <span class='ocr_line' id='line_1_92' title="bbox 2224 4646 3815 4726; baseline 0.01 -30"><span class='ocrx_word' id='word_1_757' title='bbox 2224 4646 2312 4717; x_wconf 77' lang='grc' dir='ltr'><strong>τῆς</strong></span> <span class='ocrx_word' id='word_1_758' title='bbox 2351 4647 2678 4720; x_wconf 81' lang='grc' dir='ltr'>οἰκουμένης</span> <span class='ocrx_word' id='word_1_759' title='bbox 2703 4651 2762 4703; x_wconf 91' lang='grc' dir='ltr'><strong>ἐν</strong></span> <span class='ocrx_word' id='word_1_760' title='bbox 2805 4654 2924 4716; x_wconf 85' lang='grc' dir='ltr'>ταῖς</span> <span class='ocrx_word' id='word_1_761' title='bbox 2966 4654 3283 4726; x_wconf 74' lang='grc' dir='ltr'>ἐκκλησίαις</span> <span class='ocrx_word' id='word_1_762' title='bbox 3317 4657 3815 4725; x_wconf 80' lang='grc' dir='ltr'>καταγγελλόντων</span> 
     </span>
    </p>
   </div>
   <div class='ocr_carea' id='block_1_93' title="bbox 522 4737 2111 4807">
    <p class='ocr_par' dir='ltr' id='par_1_93' title="bbox 522 4737 2111 4807">
     <span class='ocr_line' id='line_1_93' title="bbox 522 4737 2111 4807; baseline 0.006 -18"><span class='ocrx_word' id='word_1_763' title='bbox 522 4750 711 4791; x_wconf 77' lang='lat' dir='ltr'><strong>vocem</strong></span> <span class='ocrx_word' id='word_1_764' title='bbox 748 4751 927 4800; x_wconf 89' lang='lat' dir='ltr'><strong>suam,</strong></span> <span class='ocrx_word' id='word_1_765' title='bbox 959 4737 1179 4807; x_wconf 86' lang='lat' dir='ltr'><strong>quando</strong></span> <span class='ocrx_word' id='word_1_766' title='bbox 1200 4754 1268 4793; x_wconf 81' lang='lat' dir='ltr'><strong>ex</strong></span> <span class='ocrx_word' id='word_1_767' title='bbox 1293 4739 1575 4795; x_wconf 89' lang='lat' dir='ltr'><strong>hominum</strong></span> <span class='ocrx_word' id='word_1_768' title='bbox 1605 4744 1886 4797; x_wconf 89' lang='lat' dir='ltr'><strong>consortio</strong></span> <span class='ocrx_word' id='word_1_769' title='bbox 1910 4744 1965 4797; x_wconf 92' lang='lat' dir='ltr'><strong>in</strong></span> <span class='ocrx_word' id='word_1_770' title='bbox 1998 4758 2111 4798; x_wconf 74' lang='lat' dir='ltr'><strong>cm-</strong></span> 
     </span>
    </p>
   </div>
   <div class='ocr_carea' id='block_1_94' title="bbox 520 4828 2111 4897">
    <p class='ocr_par' dir='ltr' id='par_1_94' title="bbox 520 4828 2111 4897">
     <span class='ocr_line' id='line_1_94' title="bbox 520 4828 2111 4897; baseline 0.006 -16"><span class='ocrx_word' id='word_1_771' title='bbox 520 4828 607 4883; x_wconf 79' lang='lat' dir='ltr'><strong>los</strong></span> <span class='ocrx_word' id='word_1_772' title='bbox 655 4828 1040 4883; x_wconf 88' lang='lat' dir='ltr'><strong>ascendentem</strong></span> <span class='ocrx_word' id='word_1_773' title='bbox 1080 4830 1448 4897; x_wconf 88' lang='lat' dir='ltr'><strong>Servatorem,</strong></span> <span class='ocrx_word' id='word_1_774' title='bbox 1493 4833 1691 4888; x_wconf 90' lang='lat' dir='ltr'><strong>decore</strong></span> <span class='ocrx_word' id='word_1_775' title='bbox 1736 4834 1958 4891; x_wconf 87' lang='lat' dir='ltr'><strong>deitatis</strong></span> <span class='ocrx_word' id='word_1_776' title='bbox 1997 4849 2111 4890; x_wconf 77' lang='lat' dir='ltr'><strong>suae</strong></span> 
     </span>
    </p>
   </div>
   <div class='ocr_carea' id='block_1_95' title="bbox 522 4916 2108 4994">
    <p class='ocr_par' dir='ltr' id='par_1_95' title="bbox 522 4916 2108 4994">
     <span class='ocr_line' id='line_1_95' title="bbox 522 4916 2108 4994; baseline 0.006 -24"><span class='ocrx_word' id='word_1_777' title='bbox 522 4916 798 4982; x_wconf 90' lang='lat' dir='ltr'><strong>indutum,</strong></span> <span class='ocrx_word' id='word_1_778' title='bbox 818 4926 1046 4988; x_wconf 84' lang='lat' dir='ltr'><strong>paterna</strong></span> <span class='ocrx_word' id='word_1_779' title='bbox 1064 4918 1267 4975; x_wconf 83' lang='lat' dir='ltr'><strong>virtute</strong></span> <span class='ocrx_word' id='word_1_780' title='bbox 1288 4922 1664 4991; x_wconf 83' lang='lat' dir='ltr'><strong>praecinctum,</strong></span> <span class='ocrx_word' id='word_1_781' title='bbox 1683 4924 2108 4994; x_wconf 83' lang='lat' dir='ltr'><strong>propriumques</strong></span> 
     </span>
    </p>
   </div>
   <div class='ocr_carea' id='block_1_96' title="bbox 517 5005 2104 5083">
    <p class='ocr_par' dir='ltr' id='par_1_96' title="bbox 517 5005 2104 5083">
     <span class='ocr_line' id='line_1_96' title="bbox 517 5005 2104 5083; baseline 0.006 -25"><span class='ocrx_word' id='word_1_782' title='bbox 517 5005 600 5060; x_wconf 88' lang='lat' dir='ltr'><strong>ibi</strong></span> <span class='ocrx_word' id='word_1_783' title='bbox 658 5006 815 5077; x_wconf 88' lang='lat' dir='ltr'><strong>regni</strong></span> <span class='ocrx_word' id='word_1_784' title='bbox 862 5007 1122 5062; x_wconf 88' lang='lat' dir='ltr'><strong>thronum</strong></span> <span class='ocrx_word' id='word_1_785' title='bbox 1171 5017 1537 5079; x_wconf 87' lang='lat' dir='ltr'><strong>repetentem,</strong></span> <span class='ocrx_word' id='word_1_786' title='bbox 1575 5014 2104 5083; x_wconf 86' lang='lat' dir='ltr'><strong>contemplabantur.</strong></span> 
     </span>
    </p>
   </div>
   <div class='ocr_carea' id='block_1_97' title="bbox 520 5096 2106 5167">
    <p class='ocr_par' dir='ltr' id='par_1_97' title="bbox 520 5096 2106 5167">
     <span class='ocr_line' id='line_1_97' title="bbox 520 5096 2106 5167; baseline 0.006 -16"><span class='ocrx_word' id='word_1_787' title='bbox 520 5096 650 5152; x_wconf 71' lang='lat' dir='ltr'><strong>Haec</strong></span> <span class='ocrx_word' id='word_1_788' title='bbox 689 5113 856 5167; x_wconf 88' lang='lat' dir='ltr'><strong>porro</strong></span> <span class='ocrx_word' id='word_1_789' title='bbox 892 5098 1145 5155; x_wconf 89' lang='lat' dir='ltr'><strong>dicebant</strong></span> <span class='ocrx_word' id='word_1_790' title='bbox 1179 5100 1288 5154; x_wconf 88' lang='lat' dir='ltr'><strong>alta</strong></span> <span class='ocrx_word' id='word_1_791' title='bbox 1332 5117 1463 5157; x_wconf 87' lang='lat' dir='ltr'><strong>voce</strong></span> <span class='ocrx_word' id='word_1_792' title='bbox 1493 5103 1792 5160; x_wconf 87' lang='lat' dir='ltr'><strong>clamantes</strong></span> <span class='ocrx_word' id='word_1_793' title='bbox 1822 5124 1837 5159; x_wconf 91' lang='lat'><strong>:</strong></span> <span class='ocrx_word' id='word_1_794' title='bbox 1864 5105 2106 5161; x_wconf 82' lang='lat' dir='ltr'><strong>Attotlite</strong></span> 
     </span>
    </p>
   </div>
   <div class='ocr_carea' id='block_1_98' title="bbox 519 5190 2103 5265">
    <p class='ocr_par' dir='ltr' id='par_1_98' title="bbox 519 5190 2103 5265">
     <span class='ocr_line' id='line_1_98' title="bbox 519 5190 2103 5265; baseline 0.006 -23"><span class='ocrx_word' id='word_1_795' title='bbox 519 5198 723 5258; x_wconf 79' lang='lat' dir='ltr'><strong>portas,</strong></span> <span class='ocrx_word' id='word_1_796' title='bbox 738 5190 1021 5259; x_wconf 85' lang='lat' dir='ltr'><strong>principes,</strong></span> <span class='ocrx_word' id='word_1_797' title='bbox 1050 5200 1271 5258; x_wconf 81' lang='lat' dir='ltr'><strong>vestras,</strong></span> <span class='ocrx_word' id='word_1_798' title='bbox 1292 5204 1341 5247; x_wconf 87' lang='lat' dir='ltr'><strong>et</strong></span> <span class='ocrx_word' id='word_1_799' title='bbox 1369 5195 1666 5261; x_wconf 86' lang='lat' dir='ltr'><strong>elevamini,</strong></span> <span class='ocrx_word' id='word_1_800' title='bbox 1689 5208 1856 5265; x_wconf 69' lang='lat' dir='ltr'><strong>porta:</strong></span> <span class='ocrx_word' id='word_1_801' title='bbox 1872 5208 2103 5263; x_wconf 73' lang='lat' dir='ltr'><strong>azternw,</strong></span> 
     </span>
    </p>
   </div>
   <div class='ocr_carea' id='block_1_99' title="bbox 517 5282 2105 5359">
    <p class='ocr_par' dir='ltr' id='par_1_99' title="bbox 517 5282 2105 5359">
     <span class='ocr_line' id='line_1_99' title="bbox 517 5282 2105 5359; baseline 0.006 -24"><span class='ocrx_word' id='word_1_802' title='bbox 517 5291 571 5335; x_wconf 82' lang='lat' dir='ltr'><strong>et</strong></span> <span class='ocrx_word' id='word_1_803' title='bbox 599 5282 841 5335; x_wconf 86' lang='lat' dir='ltr'><strong>introibit</strong></span> <span class='ocrx_word' id='word_1_804' title='bbox 869 5297 964 5335; x_wconf 77' lang='lat' dir='ltr'><strong>rea:</strong></span> <span class='ocrx_word' id='word_1_805' title='bbox 978 5282 1185 5353; x_wconf 68' lang='lat' dir='ltr'><strong>glorior.</strong></span> <span class='ocrx_word' id='word_1_806' title='bbox 1209 5285 1344 5352; x_wconf 86' lang='lat' dir='ltr'><strong>Quis</strong></span> <span class='ocrx_word' id='word_1_807' title='bbox 1361 5300 1439 5340; x_wconf 83' lang='lat' dir='ltr'><strong>est</strong></span> <span class='ocrx_word' id='word_1_808' title='bbox 1462 5286 1571 5354; x_wconf 82' lang='lat' dir='ltr'><strong>ipse</strong></span> <span class='ocrx_word' id='word_1_809' title='bbox 1585 5304 1677 5342; x_wconf 76' lang='lat' dir='ltr'><strong>rex</strong></span> <span class='ocrx_word' id='word_1_810' title='bbox 1692 5290 1905 5359; x_wconf 77' lang='lat' dir='ltr'><strong>gloriw?</strong></span> <span class='ocrx_word' id='word_1_811' title='bbox 1918 5289 2105 5344; x_wconf 89' lang='lat' dir='ltr'><strong>Domi-</strong></span> 
     </span>
    </p>
   </div>
   <div class='ocr_carea' id='block_1_100' title="bbox 520 5373 2102 5448">
    <p class='ocr_par' dir='ltr' id='par_1_100' title="bbox 520 5373 2102 5448">
     <span class='ocr_line' id='line_1_100' title="bbox 520 5373 2102 5448; baseline 0.004 -21"><span class='ocrx_word' id='word_1_812' title='bbox 520 5390 620 5428; x_wconf 86' lang='lat' dir='ltr'><strong>nus</strong></span> <span class='ocrx_word' id='word_1_813' title='bbox 639 5373 792 5442; x_wconf 81' lang='lat' dir='ltr'><strong>fortis</strong></span> <span class='ocrx_word' id='word_1_814' title='bbox 810 5386 858 5427; x_wconf 86' lang='lat' dir='ltr'><strong><em>et</em></strong></span> <span class='ocrx_word' id='word_1_815' title='bbox 869 5384 1073 5443; x_wconf 83' lang='lat' dir='ltr'><strong>potens,</strong></span> <span class='ocrx_word' id='word_1_816' title='bbox 1095 5375 1350 5433; x_wconf 87' lang='lat' dir='ltr'><strong>Dominus</strong></span> <span class='ocrx_word' id='word_1_817' title='bbox 1361 5388 1543 5448; x_wconf 85' lang='lat' dir='ltr'><strong>potens</strong></span> <span class='ocrx_word' id='word_1_818' title='bbox 1557 5380 1611 5433; x_wconf 88' lang='lat' dir='ltr'><strong>in</strong></span> <span class='ocrx_word' id='word_1_819' title='bbox 1626 5380 1883 5447; x_wconf 74' lang='lat' dir='ltr'><strong>prwlio&quot;;</strong></span> <span class='ocrx_word' id='word_1_820' title='bbox 1904 5394 1968 5434; x_wconf 89' lang='lat' dir='ltr'><strong>ac</strong></span> <span class='ocrx_word' id='word_1_821' title='bbox 1986 5395 2102 5434; x_wconf 87' lang='lat' dir='ltr'><strong>rur-</strong></span> 
     </span>
    </p>
   </div>
   <div class='ocr_carea' id='block_1_101' title="bbox 520 5467 2104 5540">
    <p class='ocr_par' dir='ltr' id='par_1_101' title="bbox 520 5467 2104 5540">
     <span class='ocr_line' id='line_1_101' title="bbox 520 5467 2104 5540; baseline 0.003 -18"><span class='ocrx_word' id='word_1_822' title='bbox 520 5482 665 5532; x_wconf 86' lang='lat' dir='ltr'><strong>sum,</strong></span> <span class='ocrx_word' id='word_1_823' title='bbox 684 5467 945 5522; x_wconf 84' lang='lat' dir='ltr'><strong>Dominus</strong></span> <span class='ocrx_word' id='word_1_824' title='bbox 962 5470 1238 5535; x_wconf 84' lang='lat' dir='ltr'><strong>virtutum,</strong></span> <span class='ocrx_word' id='word_1_825' title='bbox 1256 5471 1365 5539; x_wconf 86' lang='lat' dir='ltr'><strong>ipse</strong></span> <span class='ocrx_word' id='word_1_826' title='bbox 1376 5480 1453 5525; x_wconf 88' lang='lat' dir='ltr'><strong>est</strong></span> <span class='ocrx_word' id='word_1_827' title='bbox 1471 5487 1563 5525; x_wconf 76' lang='lat' dir='ltr'><strong>rex</strong></span> <span class='ocrx_word' id='word_1_828' title='bbox 1580 5471 1765 5540; x_wconf 73' lang='lat' dir='ltr'><strong>gloria:</strong></span> <span class='ocrx_word' id='word_1_829' title='bbox 1781 5471 1846 5524; x_wconf 84' lang='grc'><strong>³⁷.</strong></span> <span class='ocrx_word' id='word_1_830' title='bbox 1863 5470 2104 5526; x_wconf 88' lang='lat' dir='ltr'><strong>Multitu-</strong></span> 
     </span>
    </p>
   </div>
   <div class='ocr_carea' id='block_1_102' title="bbox 518 5558 2111 5635">
    <p class='ocr_par' dir='ltr' id='par_1_102' title="bbox 518 5558 2111 5635">
     <span class='ocr_line' id='line_1_102' title="bbox 518 5558 2111 5635; baseline 0.006 -23"><span class='ocrx_word' id='word_1_831' title='bbox 518 5558 676 5615; x_wconf 81' lang='lat' dir='ltr'><strong>dines</strong></span> <span class='ocrx_word' id='word_1_832' title='bbox 692 5562 814 5616; x_wconf 90' lang='lat' dir='ltr'><strong>item</strong></span> <span class='ocrx_word' id='word_1_833' title='bbox 825 5562 1178 5617; x_wconf 86' lang='lat' dir='ltr'><strong>ecclesiarum</strong></span> <span class='ocrx_word' id='word_1_834' title='bbox 1192 5562 1497 5621; x_wconf 87' lang='lat' dir='ltr'><strong>Servatoris</strong></span> <span class='ocrx_word' id='word_1_835' title='bbox 1514 5564 1843 5635; x_wconf 39' lang='lat' dir='ltr'><strong>nostri-apud</strong></span> <span class='ocrx_word' id='word_1_836' title='bbox 1860 5564 2111 5621; x_wconf 76' lang='lat' dir='ltr'><strong>homines</strong></span> 
     </span>
    </p>
   </div>
   <div class='ocr_carea' id='block_1_103' title="bbox 593 5712 1850 5790">
    <p class='ocr_par' dir='ltr' id='par_1_103' title="bbox 593 5712 1850 5790">
     <span class='ocr_line' id='line_1_103' title="bbox 593 5712 1850 5790; baseline 0.021 -28"><span class='ocrx_word' id='word_1_837' title='bbox 593 5712 837 5790; x_wconf 51' lang='lat' dir='ltr'><strong>{ffropn</strong></span> <span class='ocrx_word' id='word_1_838' title='bbox 905 5732 1037 5783; x_wconf 81' lang='lat' dir='ltr'><strong>vni,</strong></span> <span class='ocrx_word' id='word_1_839' title='bbox 1092 5716 1282 5773; x_wconf 72' lang='lat'><strong>22-25.</strong></span> <span class='ocrx_word' id='word_1_840' title='bbox 1359 5717 1760 5790; x_wconf 31' lang='lat' dir='ltr'><strong>&quot;P5813011.</strong></span> <span class='ocrx_word' id='word_1_841' title='bbox 1798 5721 1850 5776; x_wconf 60' lang='lat' dir='ltr'><strong>i-</strong></span> 
     </span>
    </p>
   </div>
   <div class='ocr_carea' id='block_1_104' title="bbox 499 5782 1635 5862">
    <p class='ocr_par' dir='ltr' id='par_1_104' title="bbox 499 5782 1635 5862">
     <span class='ocr_line' id='line_1_104' title="bbox 499 5782 1635 5862; baseline 0.007 -27"><span class='ocrx_word' id='word_1_842' title='bbox 499 5782 565 5862; x_wconf 48' lang='lat' dir='ltr'><strong>f,</strong></span> <span class='ocrx_word' id='word_1_843' title='bbox 602 5783 735 5839; x_wconf 87' lang='lat' dir='ltr'><strong>ibid.</strong></span> <span class='ocrx_word' id='word_1_844' title='bbox 778 5786 866 5840; x_wconf 81' lang='lat' dir='ltr'><strong>io.</strong></span> <span class='ocrx_word' id='word_1_845' title='bbox 1026 5782 1029 5783; x_wconf 48' lang='grc' dir='ltr'><strong>ί</strong></span> <span class='ocrx_word' id='word_1_846' title='bbox 1264 5826 1275 5841; x_wconf 85' lang='grc'><strong>,</strong></span> <span class='ocrx_word' id='word_1_847' title='bbox 1606 5785 1635 5792; x_wconf 40' lang='grc' dir='ltr'>υ</span> 
     </span>
    </p>
   </div>
   <div class='ocr_carea' id='block_1_105' title="bbox 1953 5720 3104 5798">
    <p class='ocr_par' dir='ltr' id='par_1_105' title="bbox 1953 5720 3104 5798">
     <span class='ocr_line' id='line_1_105' title="bbox 1953 5720 3104 5798; baseline 0.01 -28"><span class='ocrx_word' id='word_1_848' title='bbox 1953 5721 1996 5753; x_wconf 61' lang='grc'>³⁸</span> <span class='ocrx_word' id='word_1_849' title='bbox 2034 5720 2183 5777; x_wconf 82' lang='lat' dir='ltr'><strong>Psal.</strong></span> <span class='ocrx_word' id='word_1_850' title='bbox 2219 5736 2305 5789; x_wconf 75' lang='grc' dir='ltr'><strong>ει,</strong></span> <span class='ocrx_word' id='word_1_851' title='bbox 2343 5724 2434 5780; x_wconf 69' lang='lat'><strong>88.</strong></span> <span class='ocrx_word' id='word_1_852' title='bbox 2513 5725 2558 5761; x_wconf 83' lang='lat'><strong>&quot;</strong></span> <span class='ocrx_word' id='word_1_853' title='bbox 2593 5724 2735 5787; x_wconf 85' lang='lat' dir='ltr'><strong>Psal</strong></span> <span class='ocrx_word' id='word_1_854' title='bbox 2777 5743 2923 5798; x_wconf 71' lang='lat' dir='ltr'><strong>xuv,</strong></span> <span class='ocrx_word' id='word_1_855' title='bbox 2962 5730 3012 5797; x_wconf 90' lang='grc'>7,</span> <span class='ocrx_word' id='word_1_856' title='bbox 3054 5730 3104 5785; x_wconf 88' lang='grc'><strong>8.</strong></span> 
     </span>
    </p>
   </div>
   <div class='ocr_carea' id='block_1_106' title="bbox 2213 4736 3814 4821">
    <p class='ocr_par' dir='ltr' id='par_1_106' title="bbox 2213 4736 3814 4821">
     <span class='ocr_line' id='line_1_106' title="bbox 2213 4736 3814 4821; baseline 0.009 -32"><span class='ocrx_word' id='word_1_857' title='bbox 2213 4736 2312 4808; x_wconf 83' lang='grc' dir='ltr'><strong>τὴν</strong></span> <span class='ocrx_word' id='word_1_858' title='bbox 2346 4740 2613 4810; x_wconf 86' lang='grc' dir='ltr'>σωτήριον</span> <span class='ocrx_word' id='word_1_859' title='bbox 2647 4740 2924 4811; x_wconf 84' lang='grc' dir='ltr'>βασιλείαν</span> <span class='ocrx_word' id='word_1_860' title='bbox 2945 4784 2960 4809; x_wconf 93' lang='grc'><strong>,</strong></span> <span class='ocrx_word' id='word_1_861' title='bbox 2992 4745 3041 4797; x_wconf 87' lang='grc' dir='ltr'>οἶ</span> <span class='ocrx_word' id='word_1_862' title='bbox 3085 4747 3179 4799; x_wconf 82' lang='grc' dir='ltr'><strong>καὶ</strong></span> <span class='ocrx_word' id='word_1_863' title='bbox 3231 4748 3444 4819; x_wconf 78' lang='grc' dir='ltr'>ἐπῆραν</span> <span class='ocrx_word' id='word_1_864' title='bbox 3480 4750 3582 4818; x_wconf 82' lang='grc' dir='ltr'><strong>τὴν</strong></span> <span class='ocrx_word' id='word_1_865' title='bbox 3618 4751 3814 4821; x_wconf 77' lang='grc' dir='ltr'>φωνὴν</span> 
     </span>
    </p>
   </div>
   <div class='ocr_carea' id='block_1_107' title="bbox 2214 4830 3814 4915">
    <p class='ocr_par' dir='ltr' id='par_1_107' title="bbox 2214 4830 3814 4915">
     <span class='ocr_line' id='line_1_107' title="bbox 2214 4830 3814 4915; baseline 0.009 -33"><span class='ocrx_word' id='word_1_866' title='bbox 2214 4830 2414 4896; x_wconf 85' lang='grc' dir='ltr'>αὐτῶν,</span> <span class='ocrx_word' id='word_1_867' title='bbox 2454 4831 2553 4904; x_wconf 85' lang='grc' dir='ltr'>τὴν</span> <span class='ocrx_word' id='word_1_868' title='bbox 2587 4834 2911 4903; x_wconf 79' lang='grc' dir='ltr'>ἐκχυθεῖσαν</span> <span class='ocrx_word' id='word_1_869' title='bbox 2961 4839 3042 4901; x_wconf 88' lang='grc' dir='ltr'><strong>εἰς</strong></span> <span class='ocrx_word' id='word_1_870' title='bbox 3092 4841 3296 4905; x_wconf 83' lang='grc' dir='ltr'>πάντας</span> <span class='ocrx_word' id='word_1_871' title='bbox 3327 4842 3421 4895; x_wconf 81' lang='grc' dir='ltr'>τοῦ</span> <span class='ocrx_word' id='word_1_872' title='bbox 3460 4842 3600 4895; x_wconf 75' lang='grc' dir='ltr'>Θεοῦ</span> <span class='ocrx_word' id='word_1_873' title='bbox 3644 4846 3814 4915; x_wconf 84' lang='grc' dir='ltr'>χάριν</span> 
     </span>
    </p>
   </div>
   <div class='ocr_carea' id='block_1_108' title="bbox 2219 4922 3812 5000">
    <p class='ocr_par' dir='ltr' id='par_1_108' title="bbox 2219 4922 3812 5000">
     <span class='ocr_line' id='line_1_108' title="bbox 2219 4922 3812 5000; baseline 0.004 -24"><span class='ocrx_word' id='word_1_874' title='bbox 2219 4922 2429 4995; x_wconf 82' lang='grc' dir='ltr'>μεγάλῃ</span> <span class='ocrx_word' id='word_1_875' title='bbox 2479 4927 2547 4996; x_wconf 82' lang='grc' dir='ltr'>τῇ</span> <span class='ocrx_word' id='word_1_876' title='bbox 2591 4928 2740 4997; x_wconf 83' lang='grc' dir='ltr'>φωνῇ</span> <span class='ocrx_word' id='word_1_877' title='bbox 2797 4928 3293 5000; x_wconf 80' lang='grc' dir='ltr'>εὐαγγελιζόμενοι.</span> <span class='ocrx_word' id='word_1_878' title='bbox 3338 4931 3497 4987; x_wconf 80' lang='grc' dir='ltr'>Ἀλλὰ</span> <span class='ocrx_word' id='word_1_879' title='bbox 3556 4934 3656 4986; x_wconf 72' lang='grc' dir='ltr'><strong>καὶ</strong></span> <span class='ocrx_word' id='word_1_880' title='bbox 3704 4933 3812 4997; x_wconf 75' lang='grc' dir='ltr'><strong>τὰς</strong></span> 
     </span>
    </p>
   </div>
   <div class='ocr_carea' id='block_1_109' title="bbox 2214 5014 3810 5099">
    <p class='ocr_par' dir='ltr' id='par_1_109' title="bbox 2214 5014 3810 5099">
     <span class='ocr_line' id='line_1_109' title="bbox 2214 5014 3810 5099; baseline 0.009 -32"><span class='ocrx_word' id='word_1_881' title='bbox 2214 5014 2366 5079; x_wconf 88' lang='grc' dir='ltr'>θείας</span> <span class='ocrx_word' id='word_1_882' title='bbox 2413 5016 2672 5088; x_wconf 81' lang='grc' dir='ltr'>δυνάμεις</span> <span class='ocrx_word' id='word_1_883' title='bbox 2727 5020 2821 5072; x_wconf 75' lang='grc' dir='ltr'>καὶ</span> <span class='ocrx_word' id='word_1_884' title='bbox 2871 5021 2933 5074; x_wconf 86' lang='grc' dir='ltr'><strong>τὸ</strong></span> <span class='ocrx_word' id='word_1_885' title='bbox 2987 5022 3191 5093; x_wconf 82' lang='grc' dir='ltr'>πλῆθος</span> <span class='ocrx_word' id='word_1_886' title='bbox 3247 5024 3357 5078; x_wconf 88' lang='grc' dir='ltr'><strong>τῶν</strong></span> <span class='ocrx_word' id='word_1_887' title='bbox 3406 5027 3526 5079; x_wconf 82' lang='grc' dir='ltr'>κατ’</span> <span class='ocrx_word' id='word_1_888' title='bbox 3561 5027 3810 5099; x_wconf 80' lang='grc' dir='ltr'>οὐρανὸν</span> 
     </span>
    </p>
   </div>
   <div class='ocr_carea' id='block_1_110' title="bbox 2213 5105 3812 5191">
    <p class='ocr_par' dir='ltr' id='par_1_110' title="bbox 2213 5105 3812 5191">
     <span class='ocr_line' id='line_1_110' title="bbox 2213 5105 3812 5191; baseline 0.008 -32"><span class='ocrx_word' id='word_1_889' title='bbox 2213 5107 2461 5175; x_wconf 85' lang='grc' dir='ltr'>ἀγγέλων</span> <span class='ocrx_word' id='word_1_890' title='bbox 2489 5105 2640 5180; x_wconf 74' lang='grc' dir='ltr'>οἶμαι</span> <span class='ocrx_word' id='word_1_891' title='bbox 2670 5108 2766 5164; x_wconf 84' lang='grc' dir='ltr'>νῦν</span> <span class='ocrx_word' id='word_1_892' title='bbox 2799 5114 3079 5183; x_wconf 85' lang='grc' dir='ltr'>ποταμοὺς</span> <span class='ocrx_word' id='word_1_893' title='bbox 3104 5114 3487 5185; x_wconf 77' lang='grc' dir='ltr'>ὀνομάζεσθαι.</span> <span class='ocrx_word' id='word_1_894' title='bbox 3516 5117 3674 5191; x_wconf 84' lang='grc' dir='ltr'><strong>Οἳδὴ</strong></span> <span class='ocrx_word' id='word_1_895' title='bbox 3704 5119 3812 5173; x_wconf 68' lang='grc' dir='ltr'>καὶ</span> 
     </span>
    </p>
   </div>
   <div class='ocr_carea' id='block_1_111' title="bbox 2213 5199 3821 5280">
    <p class='ocr_par' dir='ltr' id='par_1_111' title="bbox 2213 5199 3821 5280">
     <span class='ocr_line' id='line_1_111' title="bbox 2213 5199 3821 5280; baseline 0.007 -30"><span class='ocrx_word' id='word_1_896' title='bbox 2213 5199 2370 5252; x_wconf 75' lang='grc' dir='ltr'>αὐτοὶ</span> <span class='ocrx_word' id='word_1_897' title='bbox 2394 5200 2606 5271; x_wconf 84' lang='grc' dir='ltr'>ἐπῆραν</span> <span class='ocrx_word' id='word_1_898' title='bbox 2636 5201 2736 5273; x_wconf 81' lang='grc' dir='ltr'>τὴν</span> <span class='ocrx_word' id='word_1_899' title='bbox 2770 5204 2955 5276; x_wconf 84' lang='grc' dir='ltr'>φωνὴν</span> <span class='ocrx_word' id='word_1_900' title='bbox 2987 5205 3188 5271; x_wconf 86' lang='grc' dir='ltr'>αὐτῶν,</span> <span class='ocrx_word' id='word_1_901' title='bbox 3218 5207 3458 5277; x_wconf 85' lang='grc' dir='ltr'>ὁπηνίκα</span> <span class='ocrx_word' id='word_1_902' title='bbox 3487 5209 3554 5262; x_wconf 77' lang='grc' dir='ltr'><strong>ἐκ</strong></span> <span class='ocrx_word' id='word_1_903' title='bbox 3575 5210 3679 5280; x_wconf 83' lang='grc' dir='ltr'><strong>τῆς</strong></span> <span class='ocrx_word' id='word_1_904' title='bbox 3704 5212 3821 5263; x_wconf 69' lang='grc' dir='ltr'><strong>σὺν</strong></span> 
     </span>
    </p>
   </div>
   <div class='ocr_carea' id='block_1_112' title="bbox 2210 5289 3817 5371">
    <p class='ocr_par' dir='ltr' id='par_1_112' title="bbox 2210 5289 3817 5371">
     <span class='ocr_line' id='line_1_112' title="bbox 2210 5289 3817 5371; baseline 0.007 -28"><span class='ocrx_word' id='word_1_905' title='bbox 2210 5289 2515 5362; x_wconf 77' lang='grc' dir='ltr'>ἀνθρώποις</span> <span class='ocrx_word' id='word_1_906' title='bbox 2531 5292 2812 5363; x_wconf 83' lang='grc' dir='ltr'>διατριϐῆς</span> <span class='ocrx_word' id='word_1_907' title='bbox 2832 5296 3048 5348; x_wconf 85' lang='grc' dir='ltr'>ἀνιόντα</span> <span class='ocrx_word' id='word_1_908' title='bbox 3068 5298 3149 5359; x_wconf 88' lang='grc' dir='ltr'><strong>εἰς</strong></span> <span class='ocrx_word' id='word_1_909' title='bbox 3171 5296 3433 5368; x_wconf 83' lang='grc' dir='ltr'>οὐρανοὺς</span> <span class='ocrx_word' id='word_1_910' title='bbox 3453 5300 3544 5353; x_wconf 82' lang='grc' dir='ltr'><strong>τὸν</strong></span> <span class='ocrx_word' id='word_1_911' title='bbox 3568 5301 3817 5371; x_wconf 75' lang='grc' dir='ltr'>Σωτῆρα</span> 
     </span>
    </p>
   </div>
   <div class='ocr_carea' id='block_1_113' title="bbox 2208 5385 3813 5462">
    <p class='ocr_par' dir='ltr' id='par_1_113' title="bbox 2208 5385 3813 5462">
     <span class='ocr_line' id='line_1_113' title="bbox 2208 5385 3813 5462; baseline 0.003 -24"><span class='ocrx_word' id='word_1_912' title='bbox 2208 5385 2304 5438; x_wconf 71' lang='grc' dir='ltr'>καὶ</span> <span class='ocrx_word' id='word_1_913' title='bbox 2330 5385 2430 5455; x_wconf 83' lang='grc' dir='ltr'>τὴν</span> <span class='ocrx_word' id='word_1_914' title='bbox 2452 5386 2550 5457; x_wconf 87' lang='grc' dir='ltr'><strong>τῆς</strong></span> <span class='ocrx_word' id='word_1_915' title='bbox 2574 5385 2739 5440; x_wconf 81' lang='grc' dir='ltr'>αὐτοῦ</span> <span class='ocrx_word' id='word_1_916' title='bbox 2770 5386 3023 5459; x_wconf 82' lang='grc' dir='ltr'>θεότητος</span> <span class='ocrx_word' id='word_1_917' title='bbox 3066 5389 3400 5458; x_wconf 83' lang='grc' dir='ltr'>εὐπρέπειαν</span> <span class='ocrx_word' id='word_1_918' title='bbox 3438 5392 3771 5462; x_wconf 80' lang='grc' dir='ltr'>ἐνδυόμενον</span> <span class='ocrx_word' id='word_1_919' title='bbox 3794 5434 3813 5459; x_wconf 84' lang='grc'><strong>,</strong></span> 
     </span>
    </p>
   </div>
   <div class='ocr_carea' id='block_1_114' title="bbox 2212 5476 3816 5552">
    <p class='ocr_par' dir='ltr' id='par_1_114' title="bbox 2212 5476 3816 5552">
     <span class='ocr_line' id='line_1_114' title="bbox 2212 5476 3816 5552; baseline 0.005 -24"><span class='ocrx_word' id='word_1_920' title='bbox 2212 5476 2439 5548; x_wconf 88' lang='grc' dir='ltr'>δυνάμει</span> <span class='ocrx_word' id='word_1_921' title='bbox 2485 5481 2725 5550; x_wconf 82' lang='grc' dir='ltr'>πατρικῇ</span> <span class='ocrx_word' id='word_1_922' title='bbox 2770 5478 3241 5552; x_wconf 77' lang='grc' dir='ltr'>περιζωννύμενον</span> <span class='ocrx_word' id='word_1_923' title='bbox 3267 5522 3281 5547; x_wconf 91' lang='grc'><strong>,</strong></span> <span class='ocrx_word' id='word_1_924' title='bbox 3323 5483 3419 5535; x_wconf 72' lang='grc' dir='ltr'><strong>καὶ</strong></span> <span class='ocrx_word' id='word_1_925' title='bbox 3454 5482 3547 5535; x_wconf 89' lang='grc' dir='ltr'><strong>τὸν</strong></span> <span class='ocrx_word' id='word_1_926' title='bbox 3592 5485 3816 5536; x_wconf 81' lang='grc' dir='ltr'>οἰκεῖον</span> 
     </span>
    </p>
   </div>
   <div class='ocr_carea' id='block_1_115' title="bbox 2217 5567 3816 5644">
    <p class='ocr_par' dir='ltr' id='par_1_115' title="bbox 2217 5567 3816 5644">
     <span class='ocr_line' id='line_1_115' title="bbox 2217 5567 3816 5644; baseline 0.006 -25"><span class='ocrx_word' id='word_1_927' title='bbox 2217 5567 2672 5639; x_wconf 83' lang='grc' dir='ltr'>ἀπολαμϐάνοντα</span> <span class='ocrx_word' id='word_1_928' title='bbox 2706 5570 2807 5633; x_wconf 82' lang='grc' dir='ltr'><strong>τῆς</strong></span> <span class='ocrx_word' id='word_1_929' title='bbox 2848 5570 3124 5636; x_wconf 83' lang='grc' dir='ltr'>βασιλείας</span> <span class='ocrx_word' id='word_1_930' title='bbox 3164 5571 3355 5644; x_wconf 89' lang='grc' dir='ltr'>θρόνον</span> <span class='ocrx_word' id='word_1_931' title='bbox 3396 5572 3650 5628; x_wconf 85' lang='grc' dir='ltr'>ἐθεῶντο.</span> <span class='ocrx_word' id='word_1_932' title='bbox 3680 5574 3816 5628; x_wconf 71' lang='grc' dir='ltr'><strong>Καὶ</strong></span> 
     </span>
    </p>
   </div>
   <div class='ocr_carea' id='block_1_116' title="bbox 3212 5730 3811 5797">
    <p class='ocr_par' dir='ltr' id='par_1_116' title="bbox 3212 5730 3811 5797">
     <span class='ocr_line' id='line_1_116' title="bbox 3212 5730 3811 5797; baseline -0.002 -11"><span class='ocrx_word' id='word_1_933' title='bbox 3212 5730 3257 5765; x_wconf 68' lang='grc'><strong>³⁸</strong></span> <span class='ocrx_word' id='word_1_934' title='bbox 3295 5730 3586 5788; x_wconf 82' lang='lat' dir='ltr'><strong>Psal.xxttt</strong></span> <span class='ocrx_word' id='word_1_935' title='bbox 3608 5771 3625 5797; x_wconf 91' lang='lat'><strong>,</strong></span> <span class='ocrx_word' id='word_1_936' title='bbox 3664 5730 3782 5786; x_wconf 79' lang='lat'><strong>7-9</strong></span> <span class='ocrx_word' id='word_1_937' title='bbox 3798 5773 3811 5785; x_wconf 93' lang='lat'><strong>.</strong></span> 
     </span>
    </p>
   </div>
  </div>
