4068 6404
276 400 415 457 1189

1479 396 1984 454 COMMENIAMA
2027 402 2090 448 ΙΝ
2132 400 2471 457 PSALMOS.

3399 409 3538 465 illi}

270 517 372 587 τῆς
412 534 474 586 γε
517 516 701 588 φωνῆς
730 515 908 571 αὐτῶν
936 517 1120 570 ἐκεῖνα
1150 511 1239 587 ἦν,
1269 518 1334 571 δι’
1360 510 1434 571 ὧν
1472 519 1641 573 ἐϐόων
1666 518 1842 588 λέγον-

1952 518 2281 587 constitut-.e,
2314 522 2716 580 conﬂuentibus
2756 524 2828 581 ibi
2864 524 3107 585 ﬂuminis
3145 528 3320 585 instar
3353 531 3536 601 genti-

271 626 393 673 τες·
432 612 643 680 Ἀρατε
682 610 898 673 πύλας,
929 611 981 661 οἱ
1004 608 1292 677 ἄρχοντες
1323 609 1512 678 ὑμῶν,
1542 612 1641 664 καὶ
1671 610 1851 679 ἐπάρ-

273 706 414 769 οητε
442 702 629 755 πύλαι
656 698 899 762 αὶώνιοι,
928 700 1024 752 καὶ
1054 700 1464 754 εἰσελεύσεται
1493 704 1527 755 ὁ
1548 701 1850 767 ,βασιλεὺς

272 793 384 861 τῆς
410 792 615 859 δόξης.
658 793 756 857 Τίς
786 792 956 846 ἐστιν
989 788 1167 857 οὗτος
1195 795 1227 845 ὁ
1260 792 1562 858 ,βασιλεὺς
1589 791 1699 861 τῆς
1746 792 1847 847 δό-

273 884 422 951 ξης;
450 885 667 952 Κύριος
690 884 969 951 κραταιὸς
991 884 1087 936 καὶ
1118 882 1398 949 δυνατὸς,
1434 884 1649 951 Κύριος
1670 883 1849 937 dum»-

270 979 375 1044 τὸς
398 980 469 1032 ἐν
495 979 734 1049 πολέμῳ
752 997 765 1009 ’
801 979 895 1033 καὶ
930 979 1118 1033 πάλιν·
1155 979 1371 1045 Κύριος
1392 977 1513 1032 τῶν
1541 977 1850 1047 δυνάμεων

270 1070 455 1135 αὐτός
488 1071 659 1123 ἐστιν
691 1074 723 1123 ό
749 1070 1052 1135 ,ϐασιλεὺς
1077 1067 1187 1137 τῆς
1211 1069 1417 1137 δόξης.
1436 1069 1546 1123 Καὶ
1570 1068 1640 1122 τὰ
1668 1068 1845 1140 πλήθη

269 1159 325 1212 δὲ
358 1161 466 1213 τῶν
504 1164 561 1215 ἐν
591 1161 894 1233 ἀνθρώποις
926 1160 1018 1214 τοῦ
1057 1162 1308 1232 Σωτῆρος
1342 1159 1499 1231 ήμῶν
1542 1159 1847 1231 ἐκκλησιῶν

271 1253 582 1323 ποταμηδὸν
613 1256 671 1306 ἐν
711 1254 902 1316 αὑταῖς
940 1252 1049 1306 τῶν
1089 1253 1148 1319 ἐξ
1194 1252 1364 1305 ἐθνῶν
1405 1252 1847 1305 πεπιστευκότων

1954 612 2057 667 bus
2088 628 2208 682 quae
2238 615 2608 681 crediderunt,
2634 618 3083 690 elevantibusque
3103 637 3289 676 vocem
3320 623 3376 677 in
3407 638 3533 677 ora-

1954 703 2194 759 tionibus
2225 706 2292 759 ad
2324 706 2491 761 Deum
2515 710 2751 773 emissis,
2777 710 2940 781 inque
2966 713 3222 769 laudibus
3246 730 3343 783 per
3374 714 3537 786 hymre

1952 808 2054 848 nos
2104 804 2157 849 et
2202 797 2443 865 psalmos
2481 796 2647 851 editis
2677 839 2691 864 ,
2749 809 2982 869 possunt
3030 801 3255 856 ﬂumina
3294 804 3480 857 vocari
3514 822 3529 858 :

1954 886 2170 953 quando
2226 887 2343 956 ipse
2388 886 2651 943 Dominus
2700 897 2887 946 noster
2941 906 3055 955 eos,
3084 908 3221 961 quos
3255 908 3320 947 ex
3350 909 3448 949 sua
3475 902 3531 949 et

1954 973 2135 1027 divina
2156 973 2407 1030 doctrina
2427 976 2668 1043 haurire,
2701 986 2755 1032 et
2776 996 2842 1033 ex
2878 978 3088 1049 Spiritu
3122 994 3314 1037 sancto
3345 982 3532 1038 bibere

1954 1063 2196 1118 futurum
2247 1077 2394 1132 erat,
2452 1066 2770 1125 ﬂuminibus
2818 1081 3099 1141 comparat
3149 1073 3386 1128 dicens:
3424 1074 3532 1139 Qui

1954 1157 2139 1211 biberit
2170 1176 2234 1213 ea:
2267 1178 2425 1231 aqua,
2446 1180 2600 1232 quam
2623 1180 2712 1233 ego
2742 1164 2879 1217 dabo
2908 1166 2982 1231 ei,
3009 1166 3233 1233 flumina
3270 1168 3333 1221 de
3357 1179 3531 1222 ventre

1952 1250 2065 1314 ejus
2095 1250 2257 1320 ﬂuent
2286 1270 2435 1323 aqua:
2471 1256 2617 1321 victe,
2650 1257 2889 1311 salientis
2912 1259 2967 1310 in
2998 1259 3158 1311 vitam
3187 1259 3528 1314 wternam”.

272 1347 607 1411 συρὸεόντων
650 1348 754 1409 ἀεὶ,
788 1348 1125 1418 ἐπαιρόντων
1152 1363 1211 1399 τε
1248 1345 1429 1416 φωνὴν
1470 1348 1526 1399 ἐν
1558 1348 1681 1407 ταῖς
1748 1345 1883 1414 πρὸς
1920 1343 2011 1396 τὸν
2045 1345 2175 1398 Θεὸν
2222 1346 2429 1416 εὐχαῖς,
2462 1347 2518 1400 ἐν
2551 1365 2609 1400 τε
2636 1351 2754 1411 ταῖς
2803 1348 2869 1401 διε
2929 1348 3112 1419 ὕμνων
3163 1351 3259 1403 καὶ
3301 1350 3532 1421 ψαλμῶν

269 1436 615 1504 δοξολογίαις,
659 1438 911 1492 δύνανται
963 1437 1215 1506 λέγεσθαι
1268 1437 1500 1508 ποταμοί
1525 1454 1537 1467 ο
1594 1439 1715 1490 ἐπεὶ
1758 1439 1852 1490 καὶ
1889 1439 2051 1503 αὐτὸς
2083 1441 2110 1492 6
2141 1438 2346 1509 Κύριος
2411 1439 2566 1509 ήμῶν
2598 1439 2725 1503 τοὺς
2762 1440 3054 1510 μέλλοντας
3116 1444 3181 1495 ἐκ
3219 1443 3320 1513 τῆς
3360 1444 3530 1495 αὑτοῦ

268 1531 363 1583 καὶ
389 1530 537 1593 Θείας
561 1530 908 1594 διδασκαλίας
936 1531 1221 1601 ἀρύεσθαι,
1258 1531 1471 1584 καὶτοῦ
1523 1531 1679 1600 ἁγίου
1720 1531 2037 1603 Πνεύματος
2094 1532 2291 1595 πίνειν,
2336 1536 2600 1602 ποταμοῖς
2648 1533 2986 1605 παραϐάλλει
3056 1535 3249 1603 λέγων·
3293 1538 3391 1602 ⁸⁸ος
3455 1535 3532 1589 ἂν

268 1622 373 1689 πίῃ
410 1623 478 1675 ἐκ
516 1623 621 1675 τοῦ
658 1623 875 1689 ὕδατος
905 1620 976 1679 οὗ
1009 1622 1123 1690 ἐγὼ
1161 1623 1331 1679 δώσω
1372 1624 1551 1690 αὐτῷ,
1588 1626 1837 1695 ποταμοὶ
1863 1626 1931 1680 ἐκ
1965 1626 2074 1695 τῆς
2107 1627 2338 1692 κοιλίας
2374 1626 2560 1680 αὑτοῦ
2603 1628 2939 1695 ῥεύσουσιν
3003 1628 3222 1696 ὕδατος
3293 1627 3530 1701 ζῶντος,

266 1710 614 1782 ἁλλομένου
645 1716 731 1779 εἷς
759 1712 912 1783 ζωὴν
927 1713 1187 1769 αἰώνιον.

350 1834 579 1902 Ἂροῦσι
612 1834 866 1903 ποταμοὶ
891 1834 1224 1903 ἐπιτρίψειε
1246 1836 1443 1889 αὐτῶν
1475 1838 1591 1891 ἀπὸ
1629 1836 1842 1906 φωνῶν

2013 1833 2258 1899 VensJ,
2294 1834 2346 1889 5.
2386 1835 2589 1889 Tollent
2623 1835 2850 1904 [lumina
2895 1836 3090 1904 ﬂuctus
3138 1854 3263 1892 suos
3306 1856 3338 1893 a
3388 1842 3530 1893 voci-

264 1922 499 1978 ὑδάτων
538 1923 802 1979 πολλῶν.
839 1926 1177 1994 Θαυμαστοὶ
1222 1930 1275 1980 ol
1304 1930 1690 1998 μετεωρισμοὶ
1734 1929 1844 1997 τῆς

266 2014 603 2084 θαλάσσης,
640 2016 982 2085 θαυμαστὸς
1016 2018 1085 2071 ἐν
1122 2020 1406 2087 ὑψίστοις
1444 2024 1476 2074 ό
1512 2022 1742 2089 Κύριος.
1767 2014 1843 2076 Ἐἰ

264 2106 543 2176 νενόηνται
573 2108 621 2158 οἱ
654 2108 887 2178 ποταμοὶ
920 2110 968 2161 οἱ
998 2109 1091 2161 ἐπὶ
1124 2112 1190 2180 τῇ
1223 2108 1346 2179 δόξῃ
1370 2110 1465 2181 τῆς
1502 2111 1596 2164 τοῦ
1637 2112 1842 2183 Κυρίου

266 2196 541 2267 βασιλείας
568 2199 666 2268 τὴν
700 2199 878 2253 αὐτῶν
904 2199 1087 2269 φωνὴν
1117 2200 1454 2271 ἐπαίροντες,
1477 2203 1540 2254 ἐκ
1563 2200 1658 2255 τοῦ
1687 2206 1841 2255 ἐναν-

263 2289 381 2341 τίου
423 2288 775 2360 νοηθήτωσαν
814 2290 991 2361 ἕτεροι
1032 2291 1267 2361 ποταμοὶ
1308 2290 1708 2362 ἐπιτριϐόμενοι
1751 2295 1843 2345 καὶ

254 2382 723 2451 Δκατεπαιρόμενοι
747 2382 846 2453 τῆς
870 2381 1124 2449 γνώσεως
1147 2382 1240 2435 τοῦ
1265 2382 1421 2448 Θεοῦ,
1439 2382 1693 2446 ἐναντίως
1713 2384 1770 2436 δέ
1785 2402 1842 2437 τε

263 2468 599 2540 διακείμενοι
656 2473 768 2534 τοῖς
821 2472 1109 2543 ἐπαίρουσι
1162 2472 1260 2541 τὴν
1313 2472 1497 2543 φωνὴν
1554 2474 1729 2527 αὐτῶν
1766 2474 1843 2545 τῷ

248 2560 403 2632 Θεῷ.
440 2552 597 2614 Οὗτοι
635 2561 697 2633 δὴ
718 2557 808 2615 οῦν
842 2565 891 2616 οἱ
924 2561 1154 2616 ἐναντίοι
1178 2563 1414 2633 ποταμοὶ
1434 2564 1663 2636 αἴρουσι,
1689 2567 1840 2636 φησὶ,

263 2650 363 2714 τὰς
410 2653 714 2722 ἐπιτρίψεις
759 2654 960 2720 αὐτῶν,
1006 2652 1283 2706 τουτέστιν
1326 2654 1690 2725 άποθήσονται
1736 2656 1843 2707 πᾶν

263 2742 491 2816 ἔπαρμα
515 2746 608 2798 καὶ
636 2745 814 2799 πάντα
844 2745 1035 2815 τῦφον,
1072 2748 1165 2800 καὶ
1192 2748 1370 2800 πᾶσαν
1399 2745 1715 2815 ἐπιτριϐήν·
1751 2746 1844 2799 καὶ

263 2835 427 2889 τοῦτο
458 2840 777 2909 ποιήσουσιν
801 2837 910 2891 ἀπὸ
939 2839 1037 2908 τῆς
1065 2839 1247 2909 φωνῆς
1272 2836 1382 2890 τῶν
1412 2835 1580 2903 ἁγίων
1611 2834 1839 2888 ὑδάτων.

264 2929 497 3000 Νοήσεις
529 2929 584 2983 δὲ
626 2930 685 2983 τὸ
726 2930 1013 3001 είρημένον
1053 2931 1372 3001 ἐπιστήσας,
1409 2928 1486 2991 ὼς
1530 2927 1692 2981 πάλαι
1743 2927 1843 2997 μὲν

264 3021 323 3073 ἐν
363 3018 671 3092 ἀνθρώποις
727 3020 986 3085 πολλάκις
1034 3017 1103 3092 ἦν
1146 3019 1445 3089 ἐπαγγελία
1509 3020 1698 3088 σοφίας
1746 3016 1841 3071 τοῦ

264 3112 460 3175 αἰῶνος
486 3111 702 3175 τούτου,
730 3113 824 3165 καὶ
850 3112 1167 3182 φιλοσοφίας
1187 3110 1534 3184 ἀνθρωπίνης
1562 3109 1837 3181 ἐπιτριϐή-

264 3204 351 3271 ἐφ’
368 3196 401 3277 ᾖ
420 3204 513 3255 καὶ
535 3204 801 3274 ἐπήροντο
817 3204 1009 3272 φυσιού
1018 3221 1167 3275 μενοι
1188 3204 1281 3257 καὶ
1310 3203 1715 3274 ἐπιτριϐόμενοι
1734 3202 1838 3256 ὑπὸ

261 3292 357 3347 τοῦ
380 3294 496 3357 νοὸς
511 3295 608 3365 τῆς
627 3295 826 3365 σαρκὸς
841 3294 1037 3347 αὐτῶν⁸
1060 3295 1135 3358 ὡς
1156 3295 1220 3366 δὴ
1239 3296 1451 3366 μεγάλα
1464 3295 1584 3349 τινὰ
1599 3297 1691 3349 καὶ
1707 3296 1846 3365 σοφὰ

265 3383 565 3456 μαθήματα
598 3386 984 3456 μετερχόμενοι
1014 3386 1064 3438 οἱ
1095 3387 1248 3455 σοφοὶ
1275 3386 1368 3438 τοῦ
1397 3386 1591 3449 αίῶνος
1631 3386 1841 3441 τούτου.

265 3474 395 3527 Ὅτε
422 3492 486 3544 γε
521 3475 627 3546 μὴν
660 3476 739 3539 εἰς
772 3478 952 3529 πᾶσαν
992 3476 1092 3547 τὴν
1126 3476 1230 3546 γῆν
1258 3477 1386 3546 παρ’
1410 3475 1634 3546 Ἕλλησί
1660 3492 1721 3528 τε
1751 3474 1847 3530 καὶ

261 3565 415 3638 παρὰ
437 3566 734 3638 βαρϐάροις
758 3566 1189 3637 ἐκκλησίαιΘεοῦ
1222 3566 1574 3639 συνέστησαν,
1601 3566 1697 3637 τὴν
1713 3566 1845 3638 άλη-

262 3657 330 3730 θῆ
361 3659 549 3728 σοφίαν
582 3658 880 3729 μετιοῦσαι,
899 3659 1108 3724 καὶτὰς
1138 3658 1449 3730 πρεπούσας
1474 3658 1550 3730 τῷ
1562 3658 1680 3730 Θεῷ
1706 3656 1846 3724 δοξο-

253 3750 445 3820 λογίας
461 3768 520 3804 τε
535 3754 628 3805 καὶ
646 3752 969 3823 ὑμνολογίας
985 3768 1120 3805 ποτα
1127 3752 1292 3823 μηδὸν
1305 3753 1399 3806 καὶ
1420 3753 1556 3822 μετὰ
1600 3751 1844 3823 μείζονος

260 3845 357 3897 καὶ
376 3840 1083 3917 πεπαρῤησιασμένηςβοῆς
1097 3844 1535 3916 ἁναπέμπουσαι,
1554 3857 1647 3898 καῖ
1656 3844 1844 3916 ὥσπερ

261 3932 471 3987 ὑδάτων
501 3934 709 3987 πολλῶν
759 3934 943 4006 φωνὴν
984 3933 1075 3987 διὰ
1098 3933 1160 3986 τὸ
1199 3933 1404 4003 πλῆθος
1448 3932 1842 3987 θεοσεϐούντων

261 4024 525 4094 ἀφιεῖσαι,
556 4025 616 4078 τὸ
635 4022 935 4095 τηνικαῦτα
961 4023 1239 4096 καθῃρέθη
1273 4025 1302 4076 6
1331 4022 1500 4092 τῦφος
1539 4022 1648 4075 τῶν
1674 4023 1841 4076 πάλαι

264 4118 630 4189 νομιζομένων
658 4117 857 4186 σοφῶν,
885 4118 980 4171 καὶ
1008 4118 1158 4171 πᾶσα
1188 4114 1365 4169 αὐτῶν
1400 4114 1654 4186 ἐπιτριϐὴ
1685 4130 1842 4167 τετα-

264 4208 546 4272 πείνωται,
592 4208 694 4278 τῆς
737 4208 930 4277 σοφίας
959 4206 1138 4260 αὐτῶν
1179 4207 1260 4270 εἰς
1289 4206 1442 4259 οὐδὲν
1475 4204 1837 4277 λογισθεῐσης.

262 4301 328 4353 El
354 4299 411 4352 δέ
439 4316 523 4363 τις
559 4298 780 4352 πώποτε
806 4298 1086 4369 ἐθαύμασε
1125 4298 1220 4350 καὶ
1260 4298 1362 4367 τῆς
1412 4297 1687 4367 θαλάσσης
1713 4298 1840 4361 τοὺς

262 4391 695 4463 μετεωρισμοὺς,
718 4392 812 4444 τοῦ
846 4389 960 4460 βίου
991 4386 1190 4461 δηλαδὴ
1229 4388 1323 4442 τοῦ
1359 4388 1554 4460 θνητοῦ
1592 4389 1690 4452 τὰς
1720 4405 1838 4457 τρι-

266 4481 468 4552 κυμίας
494 4480 588 4533 καὶ
619 4480 745 4544 τοὺς
774 4478 1051 4542 κλύδωνας
1088 4478 1217 4541 τοῦς
1260 4478 1657 4548 ἐπαιρομένους
1700 4477 1841 4530 κατὰ

1947 1925 2041 1980 bus
2078 1943 2336 1996 aquarum
2368 1927 2678 1980 multarum.
2723 1926 3003 1981 Mirabiles
3032 1928 3285 1983 elationes
3337 1934 3526 1998 maris,

1944 2019 2205 2073 mirabilis
2232 2022 2285 2073 in
2318 2018 2594 2073 altissimis
2649 2019 2928 2075 Dominus.
2990 2018 3047 2075 Si
3097 2022 3317 2077 ﬂumina
3373 2025 3531 2079 intel-

1944 2111 2192 2173 lcximus,
2259 2126 2380 2181 quae
2434 2127 2599 2181 super
2648 2112 2819 2182 gloria
2867 2114 3019 2183 regni
3074 2114 3287 2169 Domini
3336 2131 3527 2170 vocem

1945 2216 2101 2255 suam
2164 2201 2546 2267 elevaverunt;
2619 2202 2926 2256 econtrario
2976 2203 3352 2274 intelligantur
3415 2206 3525 2259 alia

1943 2290 2165 2344 ﬂumina
2199 2305 2319 2360 quae
2355 2288 2554 2345 ﬂuctus
2576 2291 2815 2345 excitant
2838 2298 2891 2346 et
2925 2294 3180 2347 attollunt
3209 2306 3399 2349 contra
3424 2309 3521 2351 co-

1945 2382 2240 2452 gnitionem
2273 2381 2388 2445 Dei,
2420 2390 2583 2453 atque
2625 2384 2692 2440 iis
2714 2386 2966 2455 opposita
2996 2402 3116 2456 qua:
3150 2402 3337 2442 vocem
3365 2403 3523 2443 suam

1945 2473 2057 2528 Deo
2084 2474 2315 2529 elevant.
2353 2473 2480 2528 Haec
2502 2475 2685 2545 itaque
2715 2462 2990 2532 contraria
3021 2477 3267 2543 ﬂumina,
3296 2477 3527 2536 ﬂuctus,

1944 2562 2142 2632 inquit,
2191 2578 2321 2618 suos
2374 2564 2609 2633 tollunt;
2642 2565 2697 2620 id
2727 2575 2812 2622 est
2842 2582 3057 2621 omnem
3088 2569 3401 2633 elationem,
3438 2578 3527 2624 tu-

1944 2669 2152 2708 morem
2200 2660 2253 2708 et
2310 2654 2615 2711 allisionem
2669 2657 2987 2727 deponent:
3023 2659 3185 2729 idque
3238 2660 3441 2715 facient
3494 2676 3526 2716 a

1944 2760 2078 2800 voce
2109 2752 2424 2800 sanctarum
2460 2762 2745 2818 aquarum.
2780 2748 2895 2805 Hoc
2927 2766 3090 2821 porro
3129 2753 3336 2808 dictum
3361 2754 3526 2810 intel-

1944 2837 2103 2906 ligas,
2130 2837 2174 2892 si
2202 2838 2530 2910 perpendas,
2562 2840 2692 2895 olim
2732 2842 2875 2911 apud
2917 2842 3166 2900 homines
3206 2846 3529 2915 plerumque

1944 2930 2225 2986 exstitisse
2262 2934 2537 3002 specimen
2573 2934 2852 3004 sapientia:
2905 2936 3069 3006 hujus
3099 2938 3304 3001 saeculi,
3344 2949 3397 2993 et
3427 2940 3527 2993 hu-

1945 3035 2121 3075 mana:
2147 3023 2506 3094 phi|050phiae
2539 3025 2934 3096 arrogantiam,
2958 3042 3065 3098 qua
3104 3027 3275 3083 inﬂati
3303 3029 3527 3088 extolle-

1943 3110 2165 3177 bantur,
2199 3121 2253 3168 et
2296 3128 2328 3167 a
2382 3123 2562 3170 mente
2590 3117 2773 3172 carnis
2807 3133 2920 3172 suae
2963 3120 3333 3188 erigebantur,
3367 3120 3526 3189 quasi

1866 3208 1914 3271 ο
1943 3217 2170 3273 magnas
2222 3213 2277 3259 et
2328 3204 2603 3275 sapientes
2652 3206 2973 3277 disciplinas
3004 3210 3217 3264 adirent
3254 3212 3525 3281 sapientes

1949 3292 2113 3362 hujus
2144 3296 2351 3350 saeculi.
2384 3297 2454 3349 At
2485 3297 2704 3367 quando
2731 3314 2828 3369 per
2850 3299 3037 3355 orbem
3063 3300 3204 3371 apud
3239 3301 3455 3358 Graecos
3473 3312 3528 3359 et

1946 3383 2210 3441 barbaros
2238 3387 2486 3442 ecclesiae
2519 3387 2614 3443 Dei
2644 3390 2957 3445 constitutae
3001 3399 3149 3455 sunt,
3181 3407 3303 3462 quae
3342 3408 3523 3451 veram

1946 3476 2270 3546 sapientiam
2297 3477 2529 3544 adirent,
2557 3494 2621 3534 ac
2652 3479 2763 3535 Deo
2788 3481 3041 3537 decentes
3072 3482 3260 3538 laudes
3292 3492 3344 3538 et
3369 3484 3526 3554 bym-

1945 3581 2048 3621 nos
2097 3565 2248 3621 ﬂuxu
2291 3569 2527 3639 quodam
2558 3584 2622 3625 ac
2671 3585 2797 3625 cum
2852 3572 3060 3643 majore
3099 3582 3154 3650 et
3182 3573 3380 3629 ﬁducia
3409 3574 3525 3644 ple-

1944 3658 2102 3712 niore
2133 3673 2266 3713 voce
2290 3660 2622 3727 emitterent,
2651 3668 2725 3727 et,
2756 3661 2826 3715 ob
2854 3662 3258 3718 multitudinem
3297 3664 3524 3734 religio-

1945 3764 2133 3804 sorum
2177 3750 2481 3817 hominum,
2515 3753 2674 3822 quasi
2714 3766 2979 3823 aquarum
3011 3754 3305 3808 multarum
3336 3770 3525 3809 vocem

1943 3842 2199 3910 ederent;
2235 3851 2369 3898 tunc
2399 3844 2649 3900 sublatus
2678 3853 2764 3901 est
2790 3861 2978 3901 eorum
3016 3847 3111 3917 qui
3150 3846 3277 3901 olim
3308 3848 3526 3917 sapien-

1942 3940 2027 3989 tes
2070 3933 2485 3989 :estimabantur
2540 3942 2746 4002 tumor,
2791 3938 3083 4009 omnisque
3118 3938 3335 3993 illorum
3366 3953 3525 3993 arro-

1943 4025 2128 4094 gantia
2156 4025 2417 4096 depressa
2442 4036 2545 4093 est,
2579 4028 2726 4097 quod
2755 4030 3022 4099 sapientia
3072 4045 3261 4085 eorum
3296 4044 3396 4099 pro
3439 4029 3527 4083 ni-

1940 4117 2055 4171 hilo
2106 4117 2417 4174 haberetur.
2465 4117 2623 4185 Quod
2674 4120 2721 4176 si
2779 4121 2904 4191 quis
2958 4138 3199 4191 unquam
3250 4122 3520 4180 elationes

1942 4208 2111 4263 maris
2164 4208 2466 4265 admiratus
2524 4211 2617 4276 sit,
2654 4210 2908 4267 videlicet
2954 4214 3204 4269 mortalis
3239 4214 3367 4269 vitae
3394 4229 3525 4285 pro-

1941 4299 2108 4354 cellas
2158 4306 2213 4355 et
2254 4300 2472 4368 ﬂuctus,
2513 4303 2607 4372 qui
2630 4310 2822 4357 contra
2842 4302 2936 4358 Dei
2958 4304 3325 4375 cognitionem
3348 4306 3525 4374 erige-

1940 4389 2175 4457 bantur;
2214 4389 2353 4446 sciat
2384 4391 2475 4446 ille
2509 4407 2623 4462 prae
2664 4393 2921 4448 omnibus
2952 4393 3256 4448 mirabilem
3285 4395 3338 4447 in
3369 4396 3523 4450 altis-

1942 4481 2097 4536 simis
2125 4497 2248 4537 esse
2296 4481 2621 4551 Dominum;
2656 4485 2730 4539 ita
2758 4495 2818 4539 ut
2843 4484 2879 4538 ii
2914 4486 3009 4554 qui
3040 4485 3097 4539 in
3128 4485 3358 4540 Domino
3388 4502 3521 4541 con-

266 4573 365 4643 τῆς
397 4570 650 4641 γνώσεως
680 4571 775 4625 τοῦ
807 4570 962 4624 Θεοῦ·
999 4569 1113 4623 ἀλλ’
1145 4568 1305 4634 ἵστω,
1346 4570 1427 4622 ὅτι
1460 4570 1600 4641 ὑπὲρ
1632 4568 1839 4630 πάντας

1946 4572 2139 4637 ﬁdunt,
2170 4587 2281 4627 non
2312 4573 2455 4627 ultra
2492 4574 2757 4630 elationes
2787 4575 2955 4630 maris
2979 4576 3104 4645 jure
3135 4577 3522 4645 pertimescere

264 4664 579 4736 θαυμαστός
605 4665 753 4717 ἐστιν
790 4664 848 4716 ἐν
881 4662 1105 4733 ὑψηλοῖς
1132 4663 1160 4714 6
1190 4660 1506 4734 Κύριοςοὼς
1535 4661 1726 4731 μηκέτ’
1752 4660 1841 4712 εὑ-

264 4760 435 4827 λόγως
475 4759 602 4820 τοὺς
653 4756 1062 4830 μετεωρισμοὺς
1104 4753 1204 4824 τῆς
1240 4752 1515 4823 θαλάσσης
1562 4752 1841 4821 φοϐεῖσθαι

264 4851 372 4904 δεῖν
399 4852 524 4913 τοὺς
550 4850 643 4902 ἐπὶ
674 4849 751 4919 τῷ
773 4848 966 4919 Κυρίῳ
997 4845 1342 4909 πεποιθότας.
1369 4845 1530 4907 Εἰκὸς
1559 4844 1616 4897 δὲ
1643 4843 1842 4897 θαλάσ-

264 4958 363 5011 σης
392 4939 530 4995 εἶναι
564 4941 968 5012 μετεωρισμοὺς
987 4939 1114 5002 τοὺς
1136 4937 1602 5008 ἐπανισταμένους
1634 4939 1700 5006 τῇ
1731 4936 1843 4987 Ἐκ-

264 5033 466 5104 κλησίᾳ
523 5032 616 5085 τοῦ
664 5030 799 5084 Θεοῦ
850 5030 1162 5101 διωγμούςο
1216 5030 1309 5093 οὓς
1354 5033 1383 5084 6
1424 5030 1523 5101 τὴν
1569 5028 1839 5082 θάλασσαν

265 5122 534 5178 κατοικῶν
565 5123 780 5193 δράκων
808 5123 1048 5193 ἐνεργεῖν
1079 5121 1286 5187 εἴωθεν,
1319 5124 1347 5174 6
1378 5119 1718 5192 μετεωρίζων
1744 5121 1840 5174 κύ-

268 5231 413 5286 ματα
435 5215 622 5284 αὐτῆς,
654 5212 870 5285 βομϐῶν
900 5230 959 5266 τε
983 5213 1075 5266 καὶ
1100 5212 1249 5283 ἠχῶν
1277 5213 1371 5265 καὶ
1409 5213 1713 5283 ταράττων,
1746 5199 1840 5264 καὶ

266 5306 550 5378 μονονουχὶ
574 5305 811 5359 ἀπειλῶν
842 5307 1021 5359 πᾶσαν
1050 5305 1219 5376 ἄρδην
1252 5303 1609 5357 κατακλύσειν
1643 5322 1703 5357 τε
1745 5305 1840 5359 καὶ

265 5397 547 5467 ἀφανίσειν
567 5397 665 5468 τὴν
698 5396 1021 5466 Ἐκκλησίαν
1047 5397 1141 5449 τοῦ
1170 5397 1327 5449 Θεοῦ.
1361 5398 1547 5460 Εῐποις
1574 5397 1615 5450 δ’
1647 5396 1713 5449 ἂν
1746 5397 1841 5450 καὶ

270 5488 438 5553 Ξλλως
455 5489 591 5560 πρὸς
604 5488 746 5553 λέξιν
760 5488 934 5543 ταῦτα
947 5488 1134 5559 διηγού
1143 5505 1322 5559 μενος,
1337 5488 1584 5559 ἐπαίρειν
1600 5488 1728 5551 τοὺς
1745 5505 1838 5541 πο-

270 5582 495 5651 εαμοὺς,
516 5582 712 5645 αὐτοὺς
731 5580 794 5652 δὴ
808 5581 1029 5644 τούτους
1045 5581 1171 5643 τοὺς
1186 5580 1495 5650 αἰσθητοὺς,
1527 5580 1625 5651 τὴν
1656 5565 1838 5650 φωνην

269 5669 443 5724 ιύτῶν
472 5670 547 5742 τῷ
573 5670 712 5742 Θεῷ,
753 5671 845 5724 τοῦ
874 5672 936 5743 δη
947 5669 1322 5744 μιουργοῦ-τοῦ
1339 5670 1401 5743 δὴ
1430 5671 1523 5725 καὶ
1556 5672 1837 5735 κτίσαντος

336 5830 381 5862 ⁸⁸
420 5797 578 5885 Joan.
614 5846 712 5893 vn,
760 5830 849 5885 58.

1943 4662 2195 4718 debeant.
2237 4662 2547 4719 Verisimile
2592 4672 2772 4719 autem
2802 4674 2887 4720 est
2915 4665 3180 4721 elationes
3210 4666 3379 4721 maris
3400 4679 3524 4721 esse

1942 4752 2353 4822 persecutiones
2406 4754 2461 4807 in
2496 4751 2797 4809 Ecclesiam
2844 4752 2940 4808 Dei
2986 4755 3354 4826 insurgentes,
3381 4769 3522 4825 quas

1940 4843 2180 4896 excitare
2213 4843 2350 4898 solet
2381 4843 2546 4897 draco
2579 4844 2667 4897 ille
2719 4845 2774 4897 in
2808 4844 2947 4898 mari
2990 4845 3265 4908 habitans,
3297 4845 3389 4914 qui
3418 4843 3523 4900 ﬂu-

1941 4942 2063 4989 ctus
2096 4935 2217 5004 ejus
2266 4935 2322 4989 in
2352 4936 2584 4991 sublime
2617 4938 2779 5001 tollit,
2829 4936 2978 5002 boat,
3025 4945 3183 4991 sonat
3209 4946 3264 4992 et
3298 4944 3522 4992 contur-

1941 5025 2055 5093 bat,
2103 5035 2314 5081 tantum
2368 5044 2478 5082 non
2532 5029 2895 5084 interminans
2946 5044 3005 5084 se
3061 5028 3364 5083 Ecclesiam
3420 5027 3519 5083 Dei

1941 5116 2334 5170 inundaturum
2392 5132 2457 5172 ac
2522 5117 2769 5172 funditus
2825 5105 3133 5172 deleturum
3190 5132 3333 5172 esse.
3394 5116 3518 5170 Alio

1940 5208 2069 5263 item
2120 5207 2281 5262 modo
2315 5207 2429 5262 haec
2461 5209 2527 5262 ad
2561 5208 2798 5263 litteram
2855 5222 3123 5262 enarrans
3179 5206 3384 5261 dixeris
3422 5206 3517 5258 ﬂu-

1941 5301 2088 5355 mina
2120 5300 2233 5354 haac
2267 5300 2547 5355 sensibilia
2577 5300 2791 5355 elevare
2822 5314 3009 5354 vocem
3050 5312 3204 5353 suam
3235 5294 3365 5358 Deo,
3393 5294 3515 5363 opi-

1942 5392 2027 5446 ﬁci
2056 5407 2268 5461 nempe,
2295 5392 2388 5462 qui
2417 5406 2475 5447 se
2498 5390 2701 5445 creavit
2728 5400 2782 5445 et
2812 5391 3077 5445 exsistere
3114 5387 3262 5451 fecit,
3285 5384 3515 5455 gloriam

1939 5482 2246 5538 eﬂerentes.
2274 5480 2745 5548 Quemadmodum
2777 5480 2921 5534 enim
2946 5494 3013 5532 ex
3046 5474 3420 5546 magnitudine
3460 5480 3516 5529 et

1939 5575 2345 5645 pulchritudine
2396 5582 2770 5630 creaturarum
2810 5570 2992 5643 opifex
3034 5568 3404 5639 conspicitur;
3434 5564 3516 5620 sic

1939 5684 2003 5723 ex
2054 5668 2301 5740 partibus
2329 5669 2537 5737 mundi,
2573 5667 2897 5724 miraculum
2943 5663 3126 5736 magni
3176 5661 3271 5720 Dei
3311 5656 3515 5732 opiﬁcii
