4068 6394
526 365 655 422 “91

1200 363 1465 419 EUSEBII
1498 364 1979 421 CJESARlENSlS
2013 366 2163 422 OPP.
2206 367 2387 423 PARS
2422 368 2510 422 lll.
2548 400 2616 408 ——
2654 367 3067 423 EXEGETICA.

3646 369 3788 423 “'39.

522 482 616 548 iis,
653 481 747 551 qui
778 481 998 537 videndi
1042 482 1302 537 facultate
1346 483 1557 552 prmditi
1589 493 1738 547 sunt,
1772 484 2102 539 declaratur.

2212 487 2407 551 αὐτοὺς
2447 487 2541 542 καὶ
2586 486 3034 557 ὑποστησαμένου
3063 486 3162 557 τὴν
3204 485 3360 553 δόξαν
3396 482 3784 556 ἐμφαίνοντας.

526 573 581 629 Si
614 575 738 644 quis
770 577 915 629 enim
948 591 1133 631 secum
1187 583 1422 644 reputet.
1461 577 1605 630 unde
1647 578 1769 632 talis
1818 576 2102 631 ﬂuminum

524 667 703 721 ﬂuxus
756 666 981 728 feratur,
1016 668 1159 722 unde
1216 675 1367 721 tanta
1404 668 1640 723 humidae
1677 669 1995 723 substantia:
2024 670 2105 723 vis

523 769 577 813 et
600 759 779 828 c0pia,
799 760 942 814 unde
989 758 1166 814 fontes
1198 760 1272 813 illi
1296 761 1387 830 qui
1412 777 1438 813 a
1464 762 1667 815 saeculo
1705 777 1985 830 nunquam
2019 761 2107 815 de-

526 849 799 915 fecerunt,
840 851 931 920 qui
976 852 1236 921 perennia
1269 864 1323 905 et
1356 852 1695 922 amplissima
1732 850 1959 905 ﬂumina
1990 866 2106 905 sca-

519 945 759 1008 turiunt,
790 960 856 998 ex
892 943 1096 1013 quibus
1145 943 1362 1014 abyssis
1404 944 1674 1005 oriantur,
1734 960 1800 999 ex
1834 960 1939 1013 qua
1976 944 2108 997 sub-

520 1036 741 1089 stantiae.
774 1036 933 1105 copia
964 1051 1060 1105 per
1120 1051 1283 1089 omne
1328 1036 1590 1089 saeculum
1638 1037 1839 1101 ﬂuant;
1881 1036 1925 1091 si
1957 1037 2104 1105 quis,

526 1128 773 1198 inquam,
812 1128 927 1181 haec
967 1127 1300 1188 consideret,
1336 1128 1381 1181 is
1418 1143 1549 1182 sane
1593 1127 1800 1181 videbit
1834 1128 1949 1181 haec
1986 1136 2109 1180 tau-

518 1229 642 1274 tum
694 1236 803 1275 non
835 1235 1029 1273 vocem
1073 1218 1345 1283 emittere,
1388 1235 1530 1288 quae,
1577 1234 1671 1288 per
1703 1220 1819 1288 ipsa
1856 1217 2105 1281 ﬂumina,

516 1315 793 1369 creatoris
842 1321 896 1368 et
937 1314 1153 1383 Opilicis
1205 1312 1591 1367 universorum
1644 1311 2105 1382 magniﬁcentiam

514 1408 786 1474 declaret,
831 1414 886 1462 et
936 1406 1056 1476 ejus
1100 1405 1359 1459 deitatem
1408 1406 1763 1459 testiﬁcetur.
1811 1401 1903 1457 Sic
1945 1417 2106 1474 porro

520 1500 792 1555 elationes
832 1498 1003 1553 maris
1055 1496 1415 1552 considerans
1462 1496 1754 1567 quispiam,
1790 1509 1899 1565 quo
1948 1504 2108 1564 pacto

518 1593 739 1648 scilicet
787 1591 983 1646 [luctus
1030 1592 1151 1659 ejus
1200 1590 1397 1644 tumidi
1434 1590 1491 1643 in
1534 1587 1767 1642 sublime
1807 1586 2105 1656 erigantur,

520 1698 703 1753 usque
735 1697 957 1737 rursum
989 1680 1304 1741 decidentes
1338 1679 1397 1733 iu
1428 1677 1627 1747 seipsis
1660 1674 2006 1745 frangantur,
2054 1680 2109 1726 et

526 1774 804 1847 quomodo
839 1789 939 1829 nec
967 1772 1183 1843 possint
1212 1786 1315 1826 nec
1352 1770 1589 1824 audeant
1614 1768 1911 1823 terminum
1942 1773 1997 1821 et
2030 1765 2109 1820 le-

2220 579 2309 642 Ὠς
2348 580 2455 650 γὰρ
2484 582 2549 632 ἐκ
2576 579 2839 650 μεγέθους
2867 579 2962 631 καὶ
2996 578 3257 648 καλλονῆς
3302 576 3614 648 κτισμάτων
3640 578 3670 629 ὁ
3691 594 3786 645 γε-

2208 669 2520 740 νεσιουργδς
2536 668 2838 740 θεωρεῖται,
2856 668 2947 721 τὸν
2976 668 3137 721 αὑτὸν
3162 668 3363 736 τρόπον
3385 669 3447 719 ἐκ
3472 667 3581 719 τῶν
3605 667 3787 738 μερῶν

2210 760 2310 813 τοῦ
2345 762 2549 831 κόσμου
2597 760 2657 814 τὸ
2696 760 2880 832 θαῦμα
2921 760 3021 830 τῆς
3065 759 3159 812 τοῦ
3210 758 3346 813 Θεοῦ
3385 760 3787 830 μεγαλουργίας

2208 856 2319 916 τοῖς
2355 854 2487 925 ὸρᾷν
2527 852 2848 923 δυναμένοις
2895 853 3242 922 παρίσταται.
3273 852 3337 904 Εἰ
3365 850 3496 919 γοῦν
3527 868 3611 914 τις
3652 854 3785 923 παρ’

2209 945 2385 1017 ἐαυτῷ
2405 945 2698 1015 λογίσαιτο,
2719 945 2881 998 πόθεν
2904 946 3011 1015 ἄρα
3032 944 3252 1015 φέρεται
3269 945 3301 1014 ἡ
3318 943 3555 1013 τοσαύτη
3567 945 3673 996 τῶν
3692 962 3785 997 πο-

2208 1039 2397 1110 ταμῶν
2424 1038 2585 1110 φορὰ,
2608 1037 2770 1091 πόθεν
2797 1036 2867 1090 τά
2892 1037 3128 1090 τοσαῦτα
3155 1037 3358 1108 μεγέθη
3386 1036 3480 1089 καὶ
3510 1037 3581 1090 τὰ
3604 1037 3781 1109 πλήθη

2206 1130 2307 1199 τῆς
2328 1132 2500 1202 ύγρᾶς
2518 1130 2725 1193 οὐσίας,
2749 1129 2913 1184 πόθεν
2934 1130 2991 1182 αἱ
3010 1128 3144 1199 μηδέ
3167 1128 3378 1181 πώποτε
3399 1128 3457 1195 ἐξ
3472 1128 3665 1193 αἰῶνος
3679 1130 3788 1184 δια-

2208 1222 2459 1292 λείψασαι
2497 1222 2696 1292 πηγαὶ,
2728 1221 2784 1274 αἱ
2814 1221 2939 1283 τοὺς
2978 1220 3235 1284 ἀεννάους
3268 1221 3363 1274 καὶ
3405 1219 3785 1291 παμμεγέθεις

2210 1313 2468 1385 βρύουσαι
2515 1313 2823 1386 ποταμούς·
2863 1312 2973 1367 ἀπὸ
3015 1313 3182 1366 ποίων
3213 1309 3322 1384 ἆρα
3362 1312 3535 1383 βυθῶν
3568 1314 3782 1385 ὁρμῶν-

2208 1424 2318 1472 ται,
2354 1408 2449 1461 καὶ
2473 1410 2537 1462 ἐκ
2562 1409 2722 1471 ποίας
2749 1407 3097 1469 ὑποστάσεως
3124 1405 3216 1459 τὸν
3250 1406 3312 1458 σύ
3322 1423 3540 1477 μπαντα
3571 1407 3787 1480 ῥέουσιν

2209 1500 2412 1558 αἰῶνα·
2458 1503 2511 1555 εί
2550 1519 2635 1565 τις
2679 1499 2853 1554 ταῦτα
2900 1500 3226 1571 ἐννοήσειεν,
3279 1499 3467 1569 ὄψεται
3498 1500 3575 1564 ὡς
3628 1518 3786 1571 μονο-

2208 1599 2358 1669 νουχὶ
2391 1597 2574 1667 φωνὴν
2605 1596 2820 1666 ἀφίησι,
2863 1595 2959 1648 καὶ
2983 1596 3018 1665 ἡ
3050 1594 3137 1647 διὰ
3164 1592 3271 1646 τῶν
3304 1592 3563 1662 ποταμῶν
3608 1590 3786 1644 αὐτῶν

2208 1690 2272 1760 δὴ
2300 1688 2504 1741 τούτων
2546 1685 2925 1759 παρισταμένη
2959 1682 3053 1737 τοῦ
3088 1682 3304 1736 κτίστου
3338 1681 3430 1733 καὶ
3455 1678 3786 1751 δημιουργοῦ

2208 1776 2315 1831 τῶν
2362 1777 2499 1830 ὅλων
2546 1774 2938 1849 μεγαλουργία,
2973 1771 3326 1845 μαρτυροῦσα
3360 1773 3427 1842 τῇ
3473 1770 3640 1824 αὐτοῦ
3675 1770 3789 1822 θεό-

527 1881 650 1936 gem
680 1865 787 1919 sibi
817 1864 1096 1919 definitam
1121 1860 1503 1933 prietergredi;
1536 1859 1664 1912 hinc
1696 1873 1829 1915 sane
1856 1856 1951 1912 Dei
1984 1871 2103 1909 ma-

2212 1888 2345 1941 τητι.
2376 1868 2531 1922 Οὕτω
2572 1868 2628 1921 δὲ
2659 1868 2752 1920 καὶ
2783 1866 2908 1930 τοὺς
2942 1864 3353 1938 μετεωρισμοὺς
3382 1863 3484 1931 τῆς
3514 1863 3790 1933 θαλάσσης

536 1960 866 2034 gniﬁcentiaa
897 1958 1006 2012 vim
1040 1948 1428 2027 deprehendet.
1464 1953 1596 2006 Nam
1640 1952 1718 2005 illi
1765 1950 1953 2014 edixit,
1997 1949 2108 2003 Hu-

525 2064 739 2119 cusque
768 2049 978 2111 venies,
1028 2054 1083 2100 et
1125 2046 1179 2099 in
1210 2052 1265 2099 te
1311 2050 1668 2097 conterentur
1714 2039 1914 2095 ﬂuctus
1946 2041 2106 2106 tui",

526 2140 934 2208 terminumque
966 2138 1072 2209 ipsi
1114 2136 1320 2206 posuit,
1358 2151 1519 2205 quem
1556 2149 1666 2187 non
1696 2132 2111 2204 praetergredie-

522 2240 639 2296 tur,
692 2246 870 2300 neque
915 2237 1270 2283 convertetur
1313 2225 1377 2280 ad
1421 2224 1774 2295 operiendam
1821 2221 2106 2279 terram”.

526 2324 731 2380 Praeter
771 2339 835 2379 ea
864 2337 994 2376 vero
1042 2326 1164 2391 qua!
1218 2333 1381 2388 supra
1424 2316 1871 2381 memoravimus,
1912 2315 2111 2369 dixerit

518 2418 824 2491 quispiam,
881 2424 1011 2469 tunc
1067 2411 1347 2465 mirabiles
1399 2407 1892 2463 fuisse‘elationes
1941 2407 2110 2462 maris

517 2525 655 2566 cum
683 2508 1006 2563 accedentes
1028 2503 1283 2574 discipuli
1314 2501 1570 2556 dixerunt
1591 2499 1663 2561 ei,
1684 2499 1930 2564 Domine,
1962 2500 2111 2553 salva

526 2618 648 2665 nos,
671 2600 903 2668 perimus
928 2596 971 2628 ’δι
1001 2611 1014 2648 :
1047 2593 1267 2665 quando
1301 2591 1587 2662 imperavit
1618 2591 1743 2663 ipsi,
1781 2599 1835 2644 et
1856 2589 2000 2643 facta
2027 2598 2113 2645 est

528 2692 903 2763 tranquillitas
945 2702 1160 2758 magna.
1214 2684 1282 2738 Et
1312 2684 1446 2738 alias
1493 2684 1690 2737 iterum
1738 2697 1863 2736 cum
1897 2681 2113 2735 Domini

514 2785 687 2856 jussu
728 2783 964 2837 divisum
1016 2780 1069 2832 iu
1132 2791 1300 2845 seque
1348 2778 1467 2845 ipso
1501 2774 1763 2828 secedens
1806 2787 1871 2827 ac
1912 2772 2115 2827 distra-

534 2890 706 2942 ctum,
753 2876 1043 2931 transitum
1093 2871 1326 2943 praebuit
1372 2870 1498 2924 (iliis
1530 2867 1727 2932 Israel,
1754 2874 1814 2921 ut
1852 2882 1949 2938 per
1979 2864 2113 2920 illud

530 2975 690 3044 quasi
736 2988 835 3042 per
867 2970 1081 3025 aridam
1126 2976 1330 3021 terram
1364 2966 1709 3037 printerirent
1744 2983 1756 3018 :
1791 2971 1924 3017 tunc
1965 2962 2113 3017 enim

528 3067 814 3122 mirabiles
843 3064 1066 3118 fuerunt
1094 3061 1360 3115 elationes
1393 3059 1533 3127 ejus.
1568 3057 1682 3110 Imo
1703 3056 1863 3110 etiam
1889 3054 2114 3108 ﬂumina

528 3158 641 3210 alio
664 3155 827 3209 modo
860 3167 1052 3207 vocem
1085 3152 1457 3210 elevaverunt,
1486 3147 1708 3218 quando
1734 3161 1860 3199 arca
1886 3160 1983 3215 per
1997 3143 2115 3198 Jor-

520 3248 729 3302 danem
767 3253 1112 3308 transeunte,
1150 3242 1479 3298 secedebant
1508 3256 1663 3311 aquae
1690 3246 1745 3294 et
1781 3239 2020 3301 stabant,
2054 3253 2112 3293 re

522 3339 651 3408 «ipsa
680 3336 909 3406 gloriam
946 3334 1040 3390 Dei
1084 3334 1404 3395 clamantes,
1465 3340 1519 3387 et
1566 3331 1787 3402 quando
1830 3330 1949 3399 ipso
1984 3328 2112 3383 Ser-

528 3435 723 3483 vatore
757 3428 813 3481 in
862 3425 1054 3482 eodem
1098 3423 1321 3477 ﬂumine
1366 3423 1668 3492 baptizato,
1721 3420 1963 3476 uelestis
2006 3436 2111 3475 vox

531 3523 713 3592 ipsum
751 3517 953 3573 Filium
982 3516 1107 3573 esse
1124 3515 1382 3570 dilectum
1416 3514 1485 3568 ad
1511 3513 1753 3567 omnium
1779 3526 1942 3567 aures
1968 3527 2111 3581 prae-

523 3616 762 3668 dicaret.

2208 1960 2349 2031 δρῶν
2375 1976 2479 2021 τις,
2524 1959 2599 2021 ὠς
2640 1958 2926 2028 ἐπαίρεται
2968 1955 3313 2027 κυρτούμενα
3343 1956 3514 2025 αὐτῆς
3541 1956 3622 2018 είς
3654 1954 3790 2024 ὕψος

2207 2052 2276 2104 τὰ
2309 2051 2547 2122 κύματα,
2575 2050 2668 2102 καὶ
2694 2049 2769 2113 ὡς
2797 2049 2958 2103 πάλιν
2982 2048 3157 2103 ταῦτα
3186 2047 3567 2120 συμπίπτοντα
3604 2049 3664 2100 ἐν
3690 2048 3788 2099 αὐ·-

2208 2145 2320 2206 τοῖς
2354 2141 2648 2213 θραύεται,
2700 2140 2794 2194 καὶ
2849 2140 2925 2204 ὡς
2958 2141 3019 2193 ού
3067 2139 3287 2194 δύναται
3324 2139 3445 2192 οὐδὲ
3478 2139 3655 2210 τολμᾷ
3699 2138 3789 2192 τὸν

2208 2236 2333 2307 ὅρον
2370 2234 2464 2287 καὶ
2506 2234 2598 2286 τὸν
2651 2232 2815 2304 νόμον
2856 2232 3155 2304 ὑπερϐῆναι
3197 2232 3288 2285 τὸν
3321 2231 3793 2294 αὐτοῖςιδιαξτεται-

2209 2325 2433 2396 γμένον,
2461 2325 2646 2394 ὖψεται
2684 2325 2778 2377 καὶ
2803 2324 2891 2379 διὰ
2915 2325 3234 2396 τούτωνξτῆς
3270 2323 3363 2377 τοῦ
3385 2323 3520 2377 Θεοῦ
3555 2323 3791 2394 μεγαλα*

2210 2418 2476 2490 πρεπείας
2496 2417 2592 2489 τὴν
2622 2417 2868 2488 δύναμιν.
2898 2412 3034 2470 Εἷπε
3056 2415 3187 2484 γοῦν
3212 2417 3370 2488 αὐτῇ,
3398 2416 3577 2486 Μέχρι
3600 2417 3791 2469 τούτου

2211 2508 2427 2579 ἐλεύσῃ,
2477 2508 2571 2562 καὶ
2605 2509 2661 2560 ἐν
2697 2509 2779 2559 σοὶ
2816 2507 3269 2579 συντριϐήσονταί
3310 2524 3403 2560 σου
3446 2508 3517 2561 τὰ
3548 2508 3789 2579 κύματα,

2211 2601 2305 2653 καὶ
2350 2601 2497 2671 ὅριον
2544 2600 2680 2671 αὐτῇ
2734 2598 2905 2662 ἔθετο,
2959 2600 3053 2652 καὶ
3088 2599 3187 2670 οὐχ
3238 2599 3629 2670 ὑπερϐήσεται,
3672 2599 3792 2652 οὐδὲ

2213 2692 2532 2764 ἐπιστρέψει
2567 2691 2918 2763 καλῦψαιτὴν
2958 2692 3084 2761 γῆν.
3127 2692 3235 2745 Καὶ
3256 2690 3532 2763 ἐτέρωςδέ
3559 2692 3713 2765 παρὰ
3726 2692 3793 2747 τὰ

2212 2785 2478 2856 εἰρημένα
2513 2784 2656 2838 εἴποι
2682 2783 2747 2838 άν
2768 2801 2853 2848 τις
2880 2783 3229 2855 θαυμαστοὺς
3262 2778 3547 2847 εἶναιτοὺς
3589 2802 3794 2856 μετεω-

2216 2879 2444 2951 ρισμοὺς
2457 2878 2555 2950 τῆς
2576 2877 2870 2948 θαλάσσης,
2897 2876 3132 2947 ὁπηνίκα
3153 2875 3538 2947 προσελθόντες
3554 2879 3603 2929 oi
3623 2877 3797 2947 μαθη-

2212 2971 2303 3023 ταὶ
2323 2965 2483 3022 εἶπαν
2509 2967 2677 3040 αὐτῷ,
2698 2969 2899 3037 Κύριε,
2932 2966 3142 3021 σῶσον
3170 2965 3348 3036 ἡμᾶς,
3368 2968 3764 3037 ἀπολλύμεθα
3778 2985 3791 2997 ·

2213 3058 2303 3112 ὅτε
2326 3060 2418 3112 καὶ
2434 3058 2763 3129 ἐπετίμησεν
2784 3057 2945 3129 αὐτῇ,
2969 3056 3063 3111 καὶ
3109 3056 3302 3124 γέγονε
3323 3058 3528 3128 γαλήνη
3562 3056 3793 3127 μεγάλη.

2216 3149 2329 3203 Καὶ
2376 3148 2562 3204 ἄλλοτε
2603 3149 2785 3214 πάλιν,
2835 3150 2925 3202 ὅτε
2967 3149 3047 3219 τῷ
3088 3147 3182 3202 τοῦ
3223 3148 3430 3220 Κυρίου
3465 3147 3797 3219 κελεύσματι

2139 3209 2180 3268 C
2214 3241 2565 3314 διαιρεθεῖσα,
2610 3244 2704 3296 καὶ⁵
2732 3209 2813 3306 είς
2844 3209 3040 3314 ἑαυτὴν
3073 3209 3335 3295 διαστᾶσα
3373 3240 3468 3293 καὶ
3506 3209 3797 3310 ἀναχωρήο

2220 3350 2393 3396 σασα,
2436 3332 2674 3404 παρέσχε
2706 3332 2874 3386 δίοδον
2907 3335 3018 3397 τοῖς
3050 3334 3185 3396 υἱοῖς
3218 3330 3434 3402 Ἰσραὴλ
3476 3330 3705 3383 διελθεῖν
3735 3330 3796 3381 δι’

2219 3425 2389 3496 αὐτῆς
2418 3425 2495 3489 ὼς
2543 3425 2629 3479 διὰ
2664 3425 2833 3497 ξηρᾶς
2876 3425 3000 3494 γῆς.
3037 3426 3146 3478 Καὶ
3188 3424 3308 3476 τότε
3338 3423 3445 3492 γὰρ
3500 3419 3800 3491 θαυμαστοὶ

2220 3517 2508 3585 γεγόνασιν
2541 3517 2708 3588 αὐτῆς
2743 3517 2792 3569 οἱ
2829 3514 3213 3587 μετεωρισμοί.
3261 3514 3335 3567 Οὐ
3388 3512 3496 3583 μὴν
3529 3511 3667 3565 ἀλλὰ
3710 3521 3799 3565 και

2215 3608 2267 3660 οἱ
2316 3609 2552 3679 ποταμοὶ
2597 3609 2812 3681 ἐπῆραν
2855 3609 3037 3679 φωνὴν
3079 3608 3312 3679 ἑτέρως,
3353 3608 3443 3659 ὅτε
3486 3606 3519 3676 ἡ
3570 3601 3799 3662 κιϐωτὸς

520 3705 670 3778 διῄει
721 3705 813 3757 τὸν
881 3700 1175 3772 Ἰορδάνην,
1246 3698 1586 3769 ὑπανεχὼρει
1635 3714 1696 3750 τε
1737 3698 1829 3751 καὶ
1876 3698 2059 3751 ἵστατο
2102 3696 2171 3750 τὰ
2209 3697 2375 3753 ὕδατα
2422 3699 2605 3772 ἔργοις
2658 3700 2755 3771 τὴν
2811 3699 2967 3765 δόξαν
3018 3699 3296 3753 ἐκϐοῶντα
3340 3698 3433 3751 τοῦ
3491 3695 3658 3749 Θεοῦ·
3709 3692 3797 3746 καὶ

520 3803 642 3864 ὅτε,
683 3797 849 3853 αὐτοῦ
890 3796 986 3849 τοῦ
1019 3795 1271 3865 Σωτῆρος
1307 3792 1692 3862 βαπτισθέντος
1740 3793 1798 3845 ἐν
1840 3792 1917 3863 τῷ
1968 3789 2114 3861 αὐτῷ
2152 3793 2400 3866 ποταμῷ,
2433 3796 2468 3865 ἡ
2532 3795 2782 3867 οὐράνιος
2810 3795 2960 3866 φωνὴ
2996 3794 3123 3847 Υίὺν
3162 3793 3320 3846 αὐτὸν
3373 3789 3657 3860 ἀγαπητὸν
3721 3788 3798 3848 εἰς

532 3894 633 3954 τάς
663 3890 879 3943 πάντων
907 3886 1075 3949 ἀκοὰς
1100 3887 1265 3957 ἀνεκή
1276 3902 1454 3955 ρυττε.

605 3982 776 4037 Vsus.
809 3982 862 4035 3.
907 3978 1234 4033 Testimonia
1268 3977 1541 4031 credibilia
1578 3977 1722 4045 facta
1759 3986 1882 4030 sunt
1916 3980 2065 4034 valde
2096 3994 2114 4033 :

524 4078 751 4129 domum
777 4082 922 4126 tuam
946 4070 1087 4125 decet
1117 4069 1442 4133 sanctitudo,
1471 4069 1717 4133 Domine,
1750 4070 1806 4122 in
1829 4070 2117 4141 longitudi—

524 4183 654 4221 nem
680 4165 907 4218 dierum.
938 4162 1245 4233 Prophetire
1279 4162 1616 4226 futurorum,
1650 4162 1704 4216 in
1734 4144 1934 4231 quibus
1966 4164 2119 4217 testi-

2293 3973 2368 4029 Τὰ
2388 3974 2680 4043 μαρτύρια
2730 3970 3153 4039 ἐπιστώθησαν
3202 3968 3470 4037 σφόδραθ
3523 3966 3603 4031 τῷ
3657 3967 3797 4033 cIch

2218 4080 2334 4118 σου
2368 4062 2575 4130 πρέπει
2602 4061 2887 4130 air/avita,
2917 4060 3118 4126 Κύριε,
3156 4060 3243 4123 εὶς
3275 4057 3619 4126 μακρότητα
3652 4058 3793 4126 ἠμε-

2209 4152 2356 4222 ρῶν.
2410 4153 2475 4205 Ai
2524 4151 2653 4223 περὶ
2694 4150 2800 4202 τῶν
2839 4148 3140 4219 μελλόντων
3190 4148 3539 4218 προφητεῖαι,
3583 4146 3707 4199 καθ’
3734 4146 3800 4210 ἃς

532 4258 722 4313 monia
771 4256 839 4311 de
880 4270 1051 4326 regno
1100 4254 1313 4308 Domini
1369 4254 1710 4315 ferebantur,
1761 4263 1886 4309 ante
1935 4269 2111 4319 rerum

2216 4244 2472 4315 ἐφέροντο
2497 4242 2590 4295 καὶ
2614 4241 2670 4295 αἱ
2702 4241 2829 4311 περὶ
2855 4240 2953 4311 τῆς
2978 4237 3069 4291 τοῦ
3109 4238 3316 4308 Κυρίου
3350 4235 3627 4306 βασιλείας
3664 4252 3802 4305 μαρ-

532 4356 816 4413 e‘Ventum,
859 4362 1171 4403 sermonum
1201 4345 1621 4401 credibilitatem
1650 4345 1893 4400 nondum
1929 4346 2111 4400 videre

2214 4338 2421 4408 τυρίαι,
2470 4333 2578 4407 πρὸ
2620 4333 2721 4403 τῆς
2757 4331 2865 4384 τῶν
2899 4330 3241 4403 πραγμάτων
3287 4327 3597 4390 ἐκϐάσεως,
3650 4325 3801 4379 οὔπω

532 4444 812 4501 sinebant.
872 4439 1007 4494 Nam
1062 4447 1188 4510 post
1248 4445 1527 4500 eventum,
1595 4447 1647 4492 et
1705 4445 1829 4507 post
1882 4437 2111 4507 perlecta

2219 4423 2479 4492 παρεῖχον
2510 4422 2641 4492 όρᾷν
2685 4419 2746 4471 τὸ
2784 4418 2975 4471 πιστὸν
3020 4418 3127 4470 τῶν
3177 4416 3371 4485 λόγων.
3410 4417 3563 4469 Μετᾶ
3604 4415 3661 4467 δὲ
3703 4415 3800 4485 τὴν

529 4549 727 4605 opera,
773 4540 906 4586 tunc
963 4546 1095 4585 sane
1136 4528 1453 4584 testimonia
1490 4526 1587 4581 Dei
1633 4526 1917 4581 credibilia
1974 4525 2111 4581 facta

2221 4513 2462 4576 ἔκϐασιν,
2481 4510 2655 4566 καὶτὰ
2672 4510 2759 4563 διὰ
2781 4509 2888 4562 τῶν
2909 4509 3085 4581 ἔργων
3108 4506 3511 4576 ἐπιτελὲσματα
3528 4505 3802 4575 ἐπιστώθη

530 4634 691 4682 sunt.
724 4623 1004 4694 Siquidem
1034 4622 1144 4691 jam
1177 4620 1308 4675 olim
1337 4619 1480 4673 dicta
1513 4628 1567 4673 et
1602 4618 1964 4689 praenuntiata
2000 4617 2115 4672 fue-

538 4729 687 4783 rant,
719 4728 771 4774 et
794 4716 1003 4788 jamdiu
1039 4713 1499 4784 exspectabantur
1545 4727 1631 4774 ea,
1662 4727 1783 4782 quae
1818 4711 1885 4765 ad
1926 4709 2019 4764 Dei
2059 4709 2114 4763 in

530 4826 733 4866 omnes
790 4817 979 4878 gentes
1031 4819 1260 4875 regnum
1310 4802 1654 4873 Spectabant.
1715 4801 2112 4856 Testimonium

539 4916 671 4957 vero
720 4899 855 4954 illud
900 4911 1045 4951 nunc
1092 4894 1358 4950 credibile
1414 4892 1619 4947 factum
1673 4899 1776 4955 est,
1810 4907 1934 4947 cum
1978 4891 2113 4961 ipsis

530 4993 801 5064 operibus
823 4990 1105 5059 impletum
1135 4987 1416 5042 oraculum
1443 4986 1710 5041 cernitur.
1743 4984 1810 5038 Et
1839 4985 1967 5038 olim
1993 4985 2117 5054 qui-

536 5084 664 5138 dem
709 5081 778 5136 de
809 5080 1039 5135 Domino
1077 5078 1382 5141 dicebatur,
1417 5077 1563 5147 quod
1608 5075 1860 5129 decorem
1904 5074 2116 5129 induis-

535 5180 658 5239 set;
694 5187 841 5226 nunc
872 5177 1059 5226 autem
1090 5168 1424 5225 conﬁrmato
1446 5184 1513 5222 ex
1553 5166 1811 5237 operibus
1841 5180 2118 5232 sermone,

535 5264 749 5319 veritas
779 5262 1152 5333 praedictionis
1180 5260 1455 5332 apparuit,
1491 5274 1617 5314 cum
1664 5264 1831 5313 exuta
1871 5256 1989 5320 Dei,
2033 5257 2120 5311 in-

532 5357 677 5412 duta
711 5356 856 5411 servi
888 5355 1085 5421 forma,
1122 5368 1187 5408 ac
1214 5367 1389 5422 usque
1433 5351 1501 5405 ad
1522 5357 1749 5420 turpem
1792 5361 2118 5417 progressus

534 5456 799 5508 mortem,
834 5454 1028 5514 postea
1062 5442 1302 5498 dedecus
1345 5441 1480 5495 illud
1525 5438 1784 5509 deposuit
1832 5437 2119 5506 induitque

535 5541 783 5603 paternae
818 5532 1012 5603 gloria:
1059 5531 1336 5593 decorem,
1380 5543 1551 5599 regno
1583 5528 1793 5582 scilicet
1831 5527 1887 5579 in
1936 5526 2119 5579 omnia

538 5638 671 5677 cum
712 5623 958 5678 omlestia
984 5629 1108 5676 tum
1146 5630 1369 5677 terrena
1393 5628 1718 5674 cnronatus.
1763 5615 2121 5685 Rursumque

2223 4606 2290 4659 τὰ
2322 4602 2595 4676 μαρτύρια
2642 4600 2737 4654 τοῦ
2779 4600 2936 4654 Θεοῦ.
2986 4599 3159 4652 Πάλαι
3212 4598 3311 4668 μὲν
3344 4597 3453 4668 γὰρ
3486 4598 3675 4668 εἴρητο
3711 4598 3803 4649 καὶ

2225 4698 2661 4769 προπεφήτευτο,
2692 4694 2759 4747 ἐκ
2795 4692 3006 4766 μακροῦ
3038 4709 3098 4744 τε
3146 4691 3513 4762 προσεδοκᾶτο
3559 4690 3632 4743 τὰ
3678 4691 3803 4761 περὶ

2219 4793 2317 4861 τῆς
2367 4790 2447 4852 εἰς
2480 4787 2695 4841 ἅπαντα
2726 4784 2795 4839 τὰ
2840 4785 2965 4856 ἐθνη
3017 4785 3111 4838 τοῦ
3151 4783 3284 4836 Θεοῦ
3330 4783 3610 4854 βασιλείας
3635 4800 3649 4813 ·
3688 4785 3803 4835 ἐπι-

2223 4881 2400 4952 στὼθη
2431 4880 2485 4932 δέ
2517 4878 2577 4931 τὸ
2611 4880 2791 4948 φῆσαν
2827 4875 2983 4929 τοῦτο
3010 4874 3307 4946 μαρτύριον
3348 4874 3465 4936 νῦν,
3492 4876 3584 4927 ὅτε
3620 4873 3798 4945 ἔργοις

2220 4976 2413 5045 ὁρᾶται
2454 4969 2882 5042 πεπληρωμένον
2900 4968 2961 5021 τὸ
2993 4966 3192 5036 λόγιον.
3221 4967 3333 5020 Καὶ
3363 4966 3533 5020 πάλαι
3564 4966 3667 5036 μὲν
3693 4965 3801 5018 ἐλέ-

2221 5082 2349 5133 γετο
2402 5064 2529 5134 περὶ
2559 5060 2653 5114 τοῦ
2703 5060 2934 5131 Κυρίου,
2978 5057 3054 5123 ὡς
3096 5058 3204 5129 ἄρα
3257 5058 3596 5129 εὐπρέπειαν
3630 5055 3805 5110 ἐνεδύ-

2224 5171 2387 5209 σατοο
2420 5153 2515 5208 νῦν
2556 5153 2633 5218 δὲ,
2658 5151 3018 5222 πιστουμένου
3059 5148 3153 5202 τοῦ
3188 5148 3346 5219 λόγου
3391 5149 3457 5202 δι’
3485 5148 3670 5201 αὐτῶν
3700 5147 3803 5200 τῶν

2224 5247 2401 5319 ἔργων
2420 5287 2433 5310 ,
2459 5246 2697 5316 πέφηνεν
2725 5247 2758 5314 ἡ
2776 5242 3004 5313 ἀλήθεια
3024 5245 3126 5313 τῆς
3154 5241 3516 5313 προρρήσεως
3533 5280 3547 5303 ,
3566 5240 3657 5293 ὅτε
3674 5242 3803 5292 ἀπο-

2224 5338 2521 5409 δυσάμενος
2542 5335 2642 5407 τὴν
2676 5334 2768 5387 τοῦ
2803 5332 2939 5386 Θεοῦ
2974 5332 3208 5403 μορφὴν,
3244 5334 3336 5385 καὶ
3365 5332 3465 5403 τὴν
3494 5331 3591 5385 τοῦ
3618 5331 3800 5384 δούλου

2225 5428 2597 5503 περιθέμενος,
2616 5426 2711 5479 καὶ
2737 5425 2896 5496 μέχρι
2910 5440 2974 5492 γε
2989 5424 3083 5476 τοῦ
3105 5424 3388 5497 ἀπρεποῦς
3410 5423 3641 5477 θανάτου
3668 5421 3801 5491 φθά-

2228 5538 2347 5584 σας,
2386 5518 2523 5590 μετὲι
2559 5516 2733 5571 ταῦτα
2775 5516 2875 5589 τὴν
2905 5516 3005 5588 μὲν
3037 5517 3346 5588 ἀπρέπειαν
3379 5516 3586 5587 ταύτην
3614 5515 3805 5568 ἀποτέ-

2227 5612 2421 5676 θειται,
2450 5609 2737 5666 ἐνεδύσατο
2762 5609 2821 5666 δὲ
2855 5611 2954 5683 τῆς
2995 5609 3269 5680 πατρικῆς
3300 5607 3463 5680 δόξης
3486 5609 3589 5681 τὴν
3618 5605 3808 5679 εὐπρέ-

643 5776 696 5808 "
723 5773 824 5831 ilob
856 5790 1088 5841 xxxwu,
1127 5774 1215 5829 Η.
1291 5774 1337 5806 ⁸ο
1395 5771 1543 5829 Psal.
1574 5786 1695 5829 cur.
1725 5770 1778 5827 9.
1854 5769 1899 5801 “
1977 5766 2166 5822 Matth.
2204 5764 2434 5836 vui,25.
