4068 6394
366 423 505 508 i193

1361 464 1365 469 -
1453 422 1955 498 centimanum
1995 441 2061 496 IN
2100 428 2432 496 PSALMOS.

3466 443 3602 500 1194

361 577 545 622 πειαν,
570 559 667 631 τὴν
697 557 839 612 κατὰ
879 558 1094 612 πάντων
1129 556 1421 628 βασιλείαν,
1449 557 1558 609 τῶν
1595 574 1654 609 τε
1682 557 1740 610 ἐν
1767 558 1933 626 οὐρα-

2041 553 2353 624 prophetica
2397 553 2708 608 testimonia
2741 553 3121 617 enuntiabant,
3165 551 3449 608 Dominum
3488 555 3605 610 vir-

361 652 476 712 'v0i.'c
502 647 731 701 καὶτῶν
775 648 866 700 ἐπὶ
909 648 1012 716 γῆς
1038 645 1468 716 ἀναδησάμενος.
1515 646 1622 698 Καὶ
1669 645 1830 698 πάλιν
1870 643 1938 696 τά

368 741 466 812 μὲν
495 740 806 810 προφητικὰ
843 738 1117 810 μαρτύρια
1153 739 1448 810 περιεῖχεν,
1473 737 1548 800 ὡς
1581 736 1937 806 ἐνδυσάμενος

362 832 594 902 δύναμιν
636 832 664 884 6
708 831 928 902 Κύριος,
960 828 1260 900 ὲστερέωσε
1300 829 1400 901 τὴν
1443 826 1789 900 οἰκουμένην,
1816 827 1938 896 ἥτις

360 925 424 977 οὐ
454 923 865 993 σαλευθήσεται.
914 919 1217 990 Ἐπιστιῇοη
1250 918 1305 971 δὲ
1336 919 1430 971 καὶ
1452 917 1646 980 ταῦτα,
1681 917 1768 969 ὅτε
1801 916 1938 988 μετὰ

356 1015 422 1068 τὸ
446 1013 637 1078 πάθος,
663 1014 760 1084 τὴν
787 1012 990 1066 οἰκείαν
1021 1010 1305 1064 ἀπολαϐὼν
1331 1010 1577 1080 δύναμιν,
1606 1011 1664 1062 ἐν
1695 1010 1841 1081 πάσῃ
1869 1012 1936 1081 τῇ

361 1108 472 1161 τῶν
531 1105 832 1178 ἀνθρώπων
889 1103 1184 1175 οἰκουμένῃ
1245 1103 1341 1175 τὴν
1401 1104 1728 1174 Ἐκκλησίαν
1772 1101 1938 1156 αὐτοῦ

365 1200 721 1271 ἐστερέωσεν,
755 1201 832 1260 εἰς
861 1197 924 1250 τὸ
971 1196 1167 1266 μηκέτι
1215 1195 1534 1248 σαλεύεσθαι
1585 1190 1686 1249 ὧδε
1713 1198 1938 1249 κάκεῖσε

357 1291 460 1354 τὰς
499 1291 607 1344 τῶν
640 1288 941 1361 ἀνθρώπων
980 1286 1157 1357 ψυχὰς
1190 1287 1318 1357 περὶ
1351 1287 1447 1359 τὴν
1495 1286 1651 1340 ἄθεον
1695 1286 1941 1340 δεισιδαι-

364 1383 554 1453 μονίαν
583 1382 958 1452 πλανωμένας.
985 1380 1094 1433 Καὶ
1125 1380 1284 1434 πάλιν
1312 1380 1380 1433 τὰ
1419 1381 1514 1450 μὲν
1546 1379 1634 1432 διὰ
1669 1379 1778 1432 τῶν
1809 1395 1941 1451 προ-

363 1474 548 1544 φητῶν
591 1472 864 1546 μαρτύρια
912 1473 1302 1543 προεφήτευον,
1333 1472 1410 1535 ὡς
1456 1471 1562 1542 ἄρα
1610 1471 1659 1522 οἰ
1707 1470 1940 1541 ποταμοὶ

361 1565 626 1637 ἐπαροῦσι
661 1565 842 1635 φωνὴν
885 1562 1085 1628 αὐτῶν,
1134 1564 1227 1616 καὶ
1271 1563 1418 1617 ἄλλοι
1466 1562 1702 1633 ποταμοὶ
1748 1562 1939 1632 ἀροῦσι

359 1657 458 1720 τὰς
507 1655 808 1724 ἐπι-τρίψεις
842 1653 1050 1706 αὐτῶν·
1105 1653 1198 1706 καὶ
1237 1652 1407 1706 ταῦτα
1447 1653 1504 1705 δὲ
1551 1651 1620 1705 τά
1667 1652 1940 1724 μαρτύρια

357 1745 656 1816 ἐπιστώθη,
697 1745 784 1797 ὅτε
805 1744 944 1798 κατὰ
969 1743 1148 1806 πάσας
1179 1743 1278 1807 τὰς
1325 1742 1650 1813 Ἐκκλησίας
1680 1742 1773 1795 τοῦ
1803 1743 1938 1796 Θεοῦ

359 1841 453 1892 καὶ
491 1838 611 1892 καθ’
638 1839 766 1907 ὅλης
805 1837 903 1908 τῆς
949 1836 1269 1907 οἰκουμένης
1308 1835 1374 1888 τὰ
1423 1835 1599 1906 πλήθη
1634 1835 1741 1888 τῶν
1781 1837 1937 1889 εὐσε-

2039 654 2154 700 tute
2183 646 2434 700 indutum
2465 647 2713 700 ﬁrmasse
2754 647 2940 700 orbem
2975 655 3154 710 teme,
3181 645 3276 716 qui
3318 660 3428 699 non
3459 647 3604 700 ultra

2038 737 2465 792 commovendus
2520 746 2686 793 esset.
2743 736 2948 792 Horum
2998 752 3160 808 porro
3211 737 3412 793 veritas
3449 753 3604 793 com-

2037 827 2264 897 probata
2289 837 2394 891 est,
2435 843 2558 881 cum
2597 837 2720 898 post
2758 829 3093 899 passionem,
3133 829 3353 899 prepria
3387 839 3604 901 recepta

2038 925 2259 983 virtute,
2293 935 2389 989 per
2417 928 2591 974 totum
2618 922 2803 975 orbem
2838 920 3134 975 Ecclesiam
3171 922 3404 976 ﬁrmavit
3426 937 3604 985 suam,

2039 1020 2100 1066 ut
2132 1029 2239 1066 non
2267 1013 2408 1066 ultra
2435 1021 2911 1067 commoverentur
2931 1014 3181 1068 humana:
3203 1013 3417 1076 animae,
3441 1016 3606 1085 impia
3645 1027 3690 1072 ε’

2039 1103 2430 1172 superstitione
2463 1104 2572 1156 huc
2609 1103 2736 1157 illuc
2770 1103 3111 1158 errabundae.
3147 1102 3455 1174 Iterumque
3482 1119 3606 1173 pro-

2041 1194 2328 1263 phetarum
2376 1193 2693 1247 testimonia
2741 1195 3199 1264 praenuntiabant,
3243 1192 3472 1248 flumina
3514 1209 3608 1248 vo-

2039 1299 2158 1339 cem
2190 1286 2488 1348 elevatura,
2533 1285 2748 1355 aliaque
2791 1283 3015 1338 ﬂumina
3052 1283 3250 1340 ﬂuctus
3284 1299 3415 1340 suos
3453 1283 3608 1338 exal-

2039 1382 2220 1428 tatura
2252 1391 2390 1431 esse.
2445 1375 2571 1429 Haec
2624 1383 2804 1429 autem
2862 1374 3174 1428 testimonia
3223 1388 3351 1429 vera
3389 1379 3607 1443 reperta

2039 1474 2190 1530 sunt,
2220 1481 2343 1521 cum
2380 1467 2436 1521 in
2466 1467 2718 1521 omnibus
2760 1465 2856 1520 Dei
2899 1465 3158 1521 Ecelesiis
3204 1481 3268 1520 ac
3301 1481 3396 1536 per
3431 1472 3608 1518 totum

2038 1559 2248 1624 orbem,
2289 1559 2588 1614 secundum
2626 1557 3002 1629 Evangelium,
3045 1566 3222 1612 coetus
3257 1559 3469 1627 piorum
3510 1570 3609 1612 vo-

2039 1665 2132 1704 ces
2156 1651 2454 1719 gratiarum
2485 1651 2738 1714 actionis,
2771 1666 2869 1720 per
2903 1649 3179 1704 orationes
3209 1658 3260 1704 et
3284 1649 3516 1720 hymnos
3539 1649 3609 1702 ad

2039 1738 2206 1794 Deum
2237 1741 2493 1794 emittunt
2518 1759 2530 1794 :
2557 1740 2713 1810 queis
2746 1741 2822 1793 illi
2852 1741 2982 1794 olim
3013 1748 3354 1810 arrogantes,
3391 1740 3611 1811 sapien-

2041 1840 2124 1886 tes
2162 1831 2326 1900 hujus
2361 1832 2568 1897 saeculi,
2608 1832 2832 1896 sublati,
2869 1841 2924 1885 et
2959 1838 3142 1884 tumor
3170 1846 3360 1886 eorum
3391 1831 3612 1886 destru-

359 1929 598 1984 ϐούντων
643 1928 783 1982 κατὰ
831 1928 892 1980 τὸ
917 1927 1244 1996 Εὐαγγέλιον
1290 1927 1504 1998 ἐπαίρει
1551 1926 1733 1995 φωνὰς
1778 1927 1937 1998 εὐχα-

2041 1932 2162 1978 ctus
2190 1930 2274 1978 est
2299 1941 2313 1989 ;
2341 1924 2413 1976 ita
2446 1933 2504 1977 ut
2532 1939 2722 1978 eorum
2756 1925 3102 1995 philosophia
3135 1939 3362 1994 prorsus
3400 1925 3614 1979 exstin-

366 2021 696 2093 ριστηρίους,
731 2020 827 2084 τὰς
855 2020 920 2073 δι’
959 2020 1132 2091 εὐχῶν
1160 2021 1254 2073 καὶ
1296 2019 1632 2089 ὐμνολογιῶν
1670 2018 1776 2071 τῶν
1805 2019 1939 2091 πρὸς

359 2107 453 2161 τὸν
482 2106 614 2160 Θεὸν
645 2107 1128 2178 ἀναπεμπομένας,
1157 2108 1246 2176 ὑφ’
1267 2101 1340 2160 ὧν
1371 2109 1420 2160 οἱ
1453 2107 1619 2160 πάλαι
1667 2108 1942 2178 ἐπιτριϐό-

365 2217 515 2272 μενοι
547 2201 701 2270 σοφοί
730 2199 824 2252 τοῦ
863 2201 1059 2264 αἰῶνος
1087 2200 1278 2253 τούτου
1320 2201 1677 2271 κατῄρηνται,
1720 2201 1814 2253 καὶ
1840 2199 1939 2265 τὰς

357 2292 665 2363 ἐπιτρίψεις
724 2291 903 2346 αὐτῶν
947 2293 1237 2363 περιεῖλον,
1273 2293 1348 2356 ὡς
1382 2293 1560 2346 πᾶσαν
1602 2291 1782 2344 αὐτῶν
1811 2291 1938 2344 σϐε-

353 2384 552 2455 σθῆναι
591 2383 690 2455 τὴν
742 2384 1075 2453 φιλοσοφίαν.
1107 2387 1262 2438 Κατὰ
1291 2385 1360 2438 τὰ
1413 2382 1552 2436 αὐτὰ
1592 2382 1649 2436 δὲ
1702 2381 1797 2435 καὶ
1841 2382 1940 2444 τὰς

357 2473 550 2538 λοιπὰς
601 2474 710 2527 τῶν
770 2473 1119 2546 προφητειῶν
1177 2477 1510 2547 προρρήσεις
1562 2471 1792 2537 διεξιὼν,
1854 2471 1937 2541 ἐφ’

359 2566 575 2637 ἑκάστῳ
601 2566 862 2637 άρμόσεις
905 2567 984 2631 τὸ,
1022 2568 1097 2620 Τὰ
1126 2565 1418 2635 μαρτύριὰ
1449 2581 1566 2619 σου
1606 2563 1938 2631 ἐπιστώθη-

359 2674 482 2714 σαν
520 2658 773 2727 σφόδρα.
810 2660 874 2711 Αἰ
926 2658 1024 2730 μὲν
1070 2653 1162 2711 οὖν
1205 2658 1313 2712 ἀπὸ
1356 2656 1464 2710 τῶν
1505 2655 1664 2708 θείων
1706 2654 1939 2727 Γραφῶν

362 2747 679 2819 μαρτυρίαι,
731 2747 935 2818 σφόδρα
984 2746 1045 2799 τὸ
1098 2745 1290 2798 πιστὸν
1342 2744 1594 2816 εἰλήφασι
1627 2742 1711 2796 διὰ
1756 2743 1854 2813 τῆς
1881 2744 1938 2796 ἐν

357 2843 481 2902 ταῖς
503 2838 790 2892 ἐκϐάσεσιν
818 2838 1102 2909 ὁρωμένης
1133 2835 1390 2906 ἀληθείας
1409 2852 1422 2866 ο
1458 2834 1536 2906 τῷ
1560 2834 1616 2887 δέ
1654 2833 1788 2904 οἴκῳ
1821 2851 1936 2896 σου,

357 2931 608 2985 τουτέστι
647 2933 713 3000 τῇ
772 2929 1067 2999 Ἐκκλησία
1095 2945 1212 2991 σου,
1259 2925 1408 2979 οὐδὲν
1450 2925 1592 2979 οὕτω
1622 2925 1822 2996 πρέπει
1859 2926 1940 2988 εἰς

360 3021 422 3073 τὸ
467 3019 830 3090 φυλάττεσθαι
876 3019 1043 3090 αὐτὴν
1094 3019 1175 3083 είς
1227 3019 1544 3090 μακρότητα
1584 3016 1823 3089 ἡμερῶν,
1864 3016 1940 3080 ὡς

361 3111 659 3182 ἁγιωσύνη.
703 3111 790 3174 Ὧς
815 3109 923 3182 γὰρ
952 3112 1064 3174 τοῖς
1105 3110 1424 3181 μαρτυρίοις
1451 3125 1544 3161 σου
1575 3107 1752 3162 οἰκεία
1792 3107 1940 3160 ἐστὶν

361 3206 396 3276 ἠ
429 3203 658 3275 ἀλήθεια
690 3203 784 3256 καὶ
811 3205 844 3272 ἡ
882 3202 1083 3266 πίστις,
1113 3201 1257 3254 οὕτω
1287 3201 1381 3254 καί.
1407 3199 1485 3272 τῷ
1513 3200 1648 3270 οἴκῳ
1680 3215 1774 3251 σου
1805 3197 1938 3269 πρέ-

2039 2018 2128 2064 cta
2162 2010 2344 2065 fuerit.
2391 2010 2446 2064 Si
2483 2020 2661 2066 autem
2693 2012 2820 2081 pari
2855 2013 3016 2066 modo
3049 2013 3259 2082 reliqua
3300 2013 3613 2082 prophetia-

2041 2118 2160 2157 rum
2187 2104 2442 2158 vaticinia
2477 2119 2785 2173 percurras,
2821 2105 3052 2174 singulis
3074 2105 3286 2174 aptabis
3319 2104 3478 2170 illud,
3511 2103 3613 2158 Teu-

2039 2196 2291 2249 stimonia
2329 2204 2422 2249 tua
2477 2196 2749 2250 credibilia
2796 2199 2942 2266 [acta
2996 2207 3119 2250 sunt
3184 2197 3353 2251 valde.
3419 2197 3611 2268 Itaque

2042 2287 2346 2342 divinarum
2406 2287 2816 2358 Scripturarum
2867 2289 3220 2355 testimonia,
3288 2305 3319 2344 a
3380 2289 3612 2345 veritate

2041 2388 2355 2446 eventuum,
2395 2380 2684 2434 admodum
2720 2379 2998 2434 credibilia
3026 2388 3340 2436 evaserunt.
3379 2379 3609 2436 Domum

2042 2488 2174 2526 vero
2215 2480 2386 2535 tuam,
2425 2471 2478 2526 id
2517 2478 2624 2532 est,
2655 2470 2953 2526 Ecclesiam
2993 2479 3165 2537 tuam,
3199 2472 3335 2526 nihil
3372 2481 3483 2526 tam
3516 2471 3612 2525 de-

2029 2563 2148 2626 cet,
2201 2571 2258 2614 ut
2308 2567 2364 2616 in
2418 2563 2817 2632 longitudinem
2868 2563 3080 2618 dierum
3125 2573 3391 2630 servetur,
3445 2580 3610 2636 quam

2042 2653 2371 2709 sanctitudo.
2400 2653 2555 2708 Sicut
2588 2656 2732 2708 enitn
2766 2656 3095 2711 testimoniis
3123 2658 3232 2712 tuis
3266 2658 3484 2728 propria
3519 2673 3612 2712 ve-

2040 2748 2175 2801 ritas
2198 2754 2282 2800 est
2301 2755 2355 2801 et
2381 2746 2548 2814 fides;
2575 2747 2649 2800 ita
2676 2747 2896 2802 domum
2918 2757 3063 2801 tuam
3087 2748 3241 2804 decet
3260 2749 3608 2808 sanctitudo:

2041 2839 2144 2894 sub
2175 2837 2336 2908 cujus
2363 2840 2533 2893 tutela
2562 2847 2746 2893 manet
2777 2846 3180 2910 et'perseverat
3225 2841 3279 2895 in
3315 2841 3612 2912 longitudi-

2040 2944 2166 2984 nem
2196 2929 2430 2984 dierum.
2466 2929 2600 2984 Nam
2634 2931 2680 2985 si
2716 2930 2934 3001 quando
2972 2931 3254 3002 contingat
3285 2931 3523 2987 dedecus
3556 2933 3613 2987 in

2039 3019 2205 3074 domo
2248 3027 2340 3073 tua
2378 3020 2628 3090 reperiri,
2664 3036 2729 3075 ac
2774 3023 2895 3076 loco
2927 3022 3259 3087 sanctitatis,
3290 3022 3610 3093 profanum,

2041 3111 2314 3182 impurum
2381 3126 2444 3165 ac
2521 3113 2914 3167 exsecrandum
2968 3113 3182 3171 facinus
3248 3113 3611 3184 deprehendi;

2041 3203 2159 3259 ﬁeri
2192 3215 2370 3258 tamen
2403 3205 2592 3274 nequit
2623 3214 2681 3258 ut
2707 3206 2840 3261 illud
2868 3208 2922 3260 in
2965 3206 3359 3278 longitudinem
3399 3207 3612 3262 dierum

361 3311 454 3350 πει
493 3294 804 3366 ἁγιωσύνηο
837 3295 926 3364 ὑφ’
954 3288 1023 3365 ἦς
1056 3292 1456 3363 φυλαττόμενος
1509 3291 1660 3362 μένει
1705 3290 1801 3343 καὶ
1840 3306 1937 3344 πα-

2047 3303 2380 3366 perseveret.
2415 3294 2629 3349 Etenim
2661 3296 2729 3360 si,
2760 3296 2906 3366 quod
2942 3297 3123 3352 absit!
3159 3297 3418 3354 indecens
3461 3299 3616 3368 quid-

361 3391 591 3462 ραμενεί
630 3389 709 3450 εἰς
743 3386 1058 3458 μακρότητα
1088 3383 1330 3456 ἡμερῶν.
1375 3385 1438 3437 Εἰ
1489 3383 1597 3454 γάρ
1629 3399 1760 3435 ποτε
1798 3399 1937 3452 συμ-

358 3480 489 3552 ϐαίη
549 3480 853 3552 ἀπρέπειαν
896 3478 954 3530 ἐν
1008 3477 1085 3549 τῷ
1144 3478 1281 3548 οίκῳ
1339 3494 1430 3530 σου
1482 3475 1791 3548 εὑρεθῆναι,
1845 3477 1939 3529 καὶ

359 3574 481 3627 ἀντὶ
512 3572 852 3642 ἁγιάσματος
887 3570 1131 3642 βέϐηλον,
1160 3570 1253 3622 καὶ
1283 3567 1613 3640 ἀκάθαρτον,
1636 3567 1731 3620 καὶ
1765 3582 1940 3638 μυσα-

363 3665 462 3739 ρὰν
494 3662 712 3736 πρᾶξιν,
741 3662 920 3716 οὐκέθ’
941 3661 1050 3715 οἷόν
1077 3679 1136 3714 τε
1175 3660 1306 3715 αὐτὸ
1339 3662 1416 3724 είς
1460 3661 1777 3733 μακρότητα
1800 3662 1938 3731 ἡμε-

363 3754 472 3827 ρῶν
501 3754 792 3825 διαμένειν.
838 3754 986 3824 Ἐρεῖ
1029 3751 1137 3822 γὰρ
1175 3753 1203 3804 6
1229 3753 1288 3804 ἐν
1319 3750 1468 3822 αὐτῷ
1500 3749 1772 3804 κατοικῶν
1803 3750 1936 3813 Θεὸς

361 3846 516 3914 ἂγιος
544 3844 619 3899 ὢν
638 3845 731 3898 καὶ
753 3847 809 3899 ἐν
826 3845 1000 3913 ἁγίοις
1018 3841 1448 3912 ἀναπαυόμενος,
1478 3841 1533 3912 ἢ,
1563 3841 1592 3894 ὃ
1611 3842 1684 3912 μὴ
1699 3841 1929 3910 γένοιτο,

2047 3388 2192 3457 piam
2219 3396 2273 3442 et
2304 3388 2542 3442 alienum
2569 3387 2625 3441 in
2666 3387 2828 3442 domo
2858 3387 2953 3443 Dei
2989 3389 3449 3460 deprehendatur,
3481 3406 3616 3446 sane

2045 3476 2190 3533 Deus
2215 3479 2269 3532 in
2295 3477 2413 3548 ipsa
2440 3477 2717 3544 habitans,
2748 3481 2842 3549 qui
2871 3489 3097 3536 sanctus
3128 3490 3212 3537 est
3244 3492 3296 3539 et
3324 3484 3376 3537 in
3408 3485 3615 3542 sanctis

2045 3571 2364 3640 requiescit,
2400 3569 2566 3634 dicet,
2613 3569 2746 3625 Ecce
2785 3572 3109 3642 relinquetur
3130 3573 3272 3628 vobis
3305 3574 3490 3629 domus
3529 3591 3617 3630 ite-

2043 3669 2160 3715 stra
2197 3661 2406 3716 deserta
2423 3662 2489 3718 “.
2525 3663 2891 3729 Quamobrem
2921 3681 3022 3720 nos
3045 3666 3113 3735 .‘m
3146 3666 3364 3721 domum
3398 3666 3491 3722 Dei
3529 3669 3615 3722 in-

2041 3767 2282 3823 gressos,
2310 3768 2421 3822 prae
2448 3755 2701 3810 omnibus
2742 3763 2795 3810 et
2834 3771 3000 3826 super
3037 3758 3220 3811 omnia
3251 3760 3530 3816 sanctitati
3558 3767 3616 3817 et

2039 3851 2413 3914 temperantia:
2439 3845 2662 3902 studere
2694 3853 2930 3918 oportet.

358 3939 607 4012 ἀπρεπές
637 3956 692 3992 τι
720 3941 816 3994 καὶ
846 3939 1124 4010 ἀλλότριον
1151 3937 1488 4009 ἁγιάσματος
1517 3938 1643 4009 περὶ
1674 3938 1766 3990 τὸν
1788 3934 1936 3991 οἷκον
1972 3939 2136 3993 αὐτοῦ
2171 3941 2427 4013 εὐρηθείη
2471 3943 2620 4008 ποτὲ,
2665 3943 2744 4007 τὸ,
2783 3944 2941 3998 Ἰδοὺ
2981 3946 3215 4014 ἀφίεται
3262 3947 3406 4018 ὑμῖν
3461 3951 3496 4003 ὁ
3531 3945 3617 4002 οτ-

357 4053 464 4101 κος
498 4035 666 4105 ὑμῶν
701 4034 936 4104 ἕρημος.
969 4035 1058 4087 Διὸ
1085 4034 1265 4106 δεήσει
1287 4035 1433 4106 ἡμᾶς
1463 4033 1569 4106 πρὸ
1594 4033 1812 4087 πάντων
1839 4035 1931 4088 καὶ
1959 4035 2099 4107 ὑπὲρ
2131 4037 2347 4090 πάντων
2395 4035 2722 4109 φροντίζειν,
2771 4041 3036 4104 εἰσιόντας
3071 4041 3145 4103 εἰς
3210 4040 3301 4094 τὸν
3340 4037 3487 4095 οἷκον
3526 4041 3613 4096 τοῦ

353 4129 518 4196 Θεοῦ,
551 4131 821 4203 άγιασμοῢ
849 4133 940 4184 καὶ
968 4131 1336 4203 σωφροσύνης.

409 4250 704 4305 ΨΔΛΜΟΣ
757 4252 844 4322 Τῼ
897 4250 1112 4388 AA“:
1128 4251 1452 4374 F'll‘ETPAAl
1513 4250 1889 4304 ΣΑΒΒΑΤΩΝ.

431 4438 579 4505 Θεὸς
628 4435 1000 4505 ὲκδικήσεων
1053 4437 1268 4505 Κύριος
1290 4477 1307 4502 ,
1367 4436 1503 4502 Θεὸς
1566 4435 1940 4506 ὲκδικήσεων

2045 4249 2367 4305 PSALMUS
2441 4249 2705 4319 DAVIDI,
2747 4252 3059 4379 X%IIJIIIXRTA
3127 4254 3613 4316 SABBATORUM.

2115 4431 2280 4489 Vnus.
2317 4433 2367 4488 1.
2411 4433 2550 4488 Deus
2582 4435 2844 4490 ultiouum
2875 4437 3156 4505 Dominus,
3188 4438 3326 4495 Deus
3351 4441 3617 4496 ullionum

353 4529 868 4599 ἐπαρῤησιάσατο.
959 4529 1352 4600 Ἀνεπίγραφος
1428 4528 1525 4598 μέν
1600 4531 1714 4581 ἐστι
1804 4530 1936 4598 παρ’

2043 4524 2203 4578 libere
2234 4525 2357 4595 egit.
2377 4523 2478 4578 Hic
2517 4527 2762 4596 psalmus
2794 4529 2936 4598 apud
2965 4528 3222 4586 Hebraeos
3261 4533 3616 4604 inscriptione

368 4622 641 4693 Ἑϐραίοις
690 4624 718 4674 6
768 4621 1003 4692 ψαλμὸς,
1057 4621 1297 4692 περιέχει
1347 4621 1404 4674 δὲ
1451 4621 1794 4692 παράκλησιν
1841 4619 1937 4673 καὶ

359 4713 715 4785 παραμυθίαν
749 4714 856 4767 τῶν
895 4713 1035 4768 κατὰ
1066 4712 1156 4766 τὸν
1201 4712 1311 4791 βίρν
1339 4712 1428 4764 τὸν
1457 4712 1727 4765 ἐνεστῶτα
1749 4711 1939 4764 διωκο-

365 4804 540 4874 μένων
572 4804 668 4857 καὶ
696 4802 1182 4874 καταπονουμένων
1214 4801 1495 4866 εὐσεϐείας
1525 4802 1706 4866 ἕνεκα,
1743 4795 1818 4856 ὧν
1847 4802 1940 4854 καὶ

363 4895 462 4965 τὴν
512 4895 676 4967 εὐχὴν
728 4895 1075 4958 ὑποκαταϐὰς
1139 4894 1340 4966 τίθησι.
1391 4893 1686 4966 Προτάττει
1734 4893 1792 4946 δὲ
1842 4893 1941 4964 τῆς

365 4984 531 5054 εὐχῆς
565 4986 662 5055 τὴν
690 4983 1033 5055 παράκλησιν
1067 4983 1158 5036 καὶ
1184 4982 1279 5054 τὴν
1312 4981 1662 5054 παραμυθίαν
1692 4981 1937 5054 προλαμ-

365 5076 542 5130 ϐάνων
563 5076 660 5148 τὴν
679 5077 859 5146 δέησιν
884 5077 991 5129 τῶν
1019 5076 1359 5147 διωκομένων
1388 5077 1480 5130 καὶ
1512 5075 1936 5148 προθεραπεύων

359 5168 540 5222 αὐτῶν
578 5169 705 5232 τοὺς
732 5169 946 5231 πόνους,
974 5167 1154 5240 ἔργοις
1184 5185 1242 5220 τε
1268 5168 1534 5240 παριστὰς
1562 5168 1936 5240 πληρούμενον

361 5263 448 5314 ἐπ’
486 5261 667 5324 αὐτοῖς
715 5261 798 5325 τὸ,
853 5262 982 5314 Ἔτι
1028 5261 1366 5327 λαλοῦντός
1411 5277 1526 5314 σου
1567 5260 1715 5330 ἐρῶ·
1781 5260 1934 5314 Ἰδοὺ

360 5353 618 5423 πάρειμι.
649 5353 913 5426 Θαρσεῖτε
949 5353 1255 5426 τοιγαροῦν,
1290 5348 1336 5406 ὦ
1379 5348 1544 5415 οὗτοι,
1586 5355 1750 5425 φησίν
1771 5371 1784 5384 ·
1820 5353 1936 5407 ἔστι

360 5446 471 5516 γὰρ
502 5449 530 5500 6
563 5445 785 5519 Κύριος,
821 5447 904 5515 ἐφ’
927 5447 985 5498 ὂν
1013 5446 1297 5515 ἠλπίσατε,
1328 5445 1516 5516 ὥσπερ
1548 5445 1679 5509 Θεὸς
1708 5445 1935 5516 ποιητὴς

361 5539 458 5590 καὶ
511 5539 645 5602 Θεὸς
695 5537 1047 5610 δημιουργὸς,
1098 5541 1192 5592 καὶ
1240 5539 1372 5602 Θεὸς
1425 5539 1628 5610 σωτὴρ,
1679 5539 1772 5592 καὶ
1804 5537 1936 5600 Θεὸς

362 5629 674 5700 εὐεργέτης,
721 5631 814 5684 καὶ
859 5630 990 5694 Θεὸς
1039 5630 1251 5702 κριτὴς,
1308 5632 1401 5684 καὶ
1441 5629 1572 5694 Θεὸς
1615 5629 1796 5701 πατὴρ
1827 5629 1936 5682 τῶν

362 5723 678 5794 οἰκτιρμῶν,
711 5723 804 5776 καὶ
834 5722 965 5786 Θεὸς
995 5722 1173 5786 πάσης
1207 5721 1622 5792 παρακλήσεως,
1660 5720 1934 5794 μακρόθυ-

339 5892 344 5898 ’
435 5881 481 5915 ⁸³
519 5880 652 5939 Luc.
689 5898 830 5947 xm,
866 5884 958 5941 55.
1032 5883 1077 5916 ⁸³
1119 5883 1221 5939 lsa.
1259 5899 1428 5952 Lvm,
1467 5886 1521 5943 9.

649 5979 917 6038 ΡΑτιιοι.
951 5981 1068 6041 Gn.
1117 5981 1350 6043 XXIII.

2042 4626 2214 4681 caret,
2247 4617 2674 4674 consolationem
2723 4627 2906 4675 autem
2941 4627 2994 4675 et
3024 4622 3268 4677 levamen
3299 4625 3619 4694 eomplecti-
3686 4617 3695 4623 ’

2043 4719 2134 4763 ιιιι·
2164 4726 2262 4780 pro
2282 4711 2350 4766 iis
2378 4713 2470 4782 qui
2496 4711 2548 4766 in
2566 4713 2816 4782 praesenti
2844 4717 2956 4768 vita
2977 4715 3196 4785 pietatis
3217 4731 3382 4772 causa
3407 4732 3616 4772 vexan-

2046 4813 2135 4855 tur
2165 4812 2220 4856 et
2251 4802 2584 4873 allliguntur,
2615 4820 2848 4875 quorum
2891 4805 3018 4860 item
3048 4806 3352 4862 orationem
3382 4800 3626 4865 inferius

2044 4896 2355 4966 eonsignat.
2389 4885 2636 4952 Orationi
2667 4913 2797 4952 vero
2822 4899 3254 4953 consolationem
3283 4911 3338 4954 et
3369 4901 3614 4956 levamen

2045 4988 2347 5057 praemittit,
2407 5005 2435 5041 a
2469 4989 2872 5059 supplicatione
2913 5004 3102 5044 eorum
3127 4989 3220 5061 qui
3271 4993 3614 5062 persecutio-

2043 5094 2167 5134 nem
2185 5078 2469 5148 patiuntur
2485 5095 2668 5144 orsus,
2692 5095 2990 5151 eorumque
3020 5082 3178 5137 malis
3201 5083 3498 5137 remedium
3518 5085 3616 5139 ad-

2049 5184 2269 5224 movere
2293 5184 2592 5241 occupans,
2619 5171 3011 5242 declaransque
3035 5187 3199 5242 opere
3236 5175 3516 5245 impletum
3548 5179 3614 5230 il-

2044 5260 2136 5314 lud
2151 5275 2293 5326 esse,
2316 5261 2501 5314 Adhuc
2522 5271 2568 5316 te
2586 5263 2822 5332 loquente
2836 5264 3008 5318 dicam
3029 5281 3048 5317 :
3065 5263 3198 5320 Ecce
3224 5265 3413 5320 adsum
3428 5267 3496 5322 ".
3521 5268 3612 5321 Ait

2043 5352 2249 5422 itaque,
2285 5351 2429 5408 Heus
2443 5369 2562 5416 vos,
2594 5356 2884 5411 conlidite:
2915 5355 3070 5412 adest
3096 5357 3297 5427 quippe
3323 5357 3610 5424 Dominus,

2041 5444 2098 5498 in
2135 5459 2295 5514 quem
2342 5446 2627 5515 sperastis,
2659 5455 2846 5516 utpote
2879 5447 3022 5504 Deus
3050 5449 3254 5519 opifex,
3288 5449 3433 5507 Deus
3456 5466 3612 5506 crea-

2043 5545 2150 5600 tor,
2198 5535 2342 5592 Deus
2381 5549 2646 5602 servator,
2698 5538 2842 5594 Deus
2892 5540 3196 5606 beneﬁcus,
3239 5541 3384 5599 Deus
3419 5544 3610 5615 judex,

2046 5628 2188 5684 Deus
2217 5640 2371 5701 pater
2405 5630 2932 5700 misericordiarum,
2959 5632 3104 5689 Deus
3138 5636 3307 5693 totius
3355 5639 3611 5693 consola-

2044 5721 2230 5790 tionis,
2282 5723 2521 5780 tolerans
2565 5732 2620 5782 ct
2668 5726 2896 5782 multum
2944 5721 3291 5795 misericors:
3325 5729 3614 5800 placabilis

3215 5981 3293 6045 38
