4068 6394
478 412 620 469 “95

1160 405 1430 464 EUSEBII
1463 401 1940 461 CESARIENSIS
1977 398 2126 454 OPP.
2169 396 2349 452 PARS
2377 397 2476 453 ill.
2517 424 2586 438 —-
2623 392 3034 451 EXEGETICA.

3585 372 3728 476 tias

461 548 646 604 super
697 541 938 603 peccata,
985 529 1072 586 cui
1107 536 1377 586 sexcentte
1419 529 1539 584 alia:
1566 527 1765 582 divinae
1802 525 2046 584 rationes

2165 521 2250 584 ιός
2279 538 2336 574 τε
2371 520 2466 574 καὶ
2509 518 2795 581 πολυέλεος
2827 515 2923 570 καὶ⁵
2955 513 3232 587 μετανοῶν
3258 515 3351 567 ἐπὶ
3382 516 3502 576 ταῖς
3547 514 3728 585 ἁμαρ-

465 629 826 692 νεοιηρθιυηις
858 628 1022 690 atque
1055 623 1127 672 ita
1169 619 1284 688 jam
1332 617 1476 674 Deus
1517 619 1788 673 ultionum
1823 617 2048 672 dicitur.

474 715 682 770 Curam
705 712 856 766 enim
884 711 1048 765 habet
1080 723 1431 778 eorum,quae
1458 709 1513 762 in
1543 709 1698 763 caelis
1731 706 1962 777 [meliux,
1996 707 2053 759 in

479 799 677 874 terra,1
709 809 996 872 geruntur,
1027 801 1100 855 ita
1128 809 1188 854 ut
1211 799 1432 868 dignam
1473 799 1736 853 ultionem
1773 797 1841 852 de
1871 797 2055 867 inique

482 889 766 962 agentibus
821 899 1020 953 sumat,
1061 889 1211 959 juste
1256 887 1508 960 judicet,
1554 902 1677 942 reos
1725 887 1944 958 plectat,
1991 901 2056 940 ac

481 981 682 1050 cuique
730 979 937 1034 tribuat
969 979 1272 1036 secundum
1305 994 1468 1048 opera
1498 994 1619 1034 sua.
1648 978 1916 1033 Conﬁdite
1955 977 2058 1047 igi-
2101 1052 2108 1059 ‘

483 1081 594 1136 tur,
643 1071 822 1126 edocti
876 1087 974 1125 vos
1035 1071 1206 1126 Deum
1254 1071 1524 1126 ultionum
1570 1069 1824 1124 habere:
1877 1077 2057 1124 vester

482 1161 684 1230 quippe
723 1159 891 1224 Deus,
938 1162 1205 1214 ultionum
1249 1159 1394 1214 Deus
1443 1175 1564 1214 esse
1595 1160 1753 1214 solet.
1785 1157 1848 1211 Et
1885 1158 2054 1227 quod,

483 1262 669 1324 utpote
701 1251 842 1308 Deus
878 1252 1071 1306 vindex
1093 1267 1283 1307 eorum
1313 1253 1402 1320 qui
1441 1252 1732 1318 laeduntur,
1763 1266 1886 1305 cum
1920 1251 2058 1305 iidu-

483 1345 570 1399 cia
604 1353 758 1414 agat;
789 1343 1024 1412 idipsum
1057 1343 1202 1397 clare
1229 1351 1432 1396 etcum
1460 1343 1658 1396 ﬁducia
1697 1357 1792 1411 per
1824 1341 2058 1412 prophe-

483 1444 570 1490 tas
603 1451 734 1491 suos
778 1436 1153 1504 depraedicat:
1201 1441 1364 1504 atque
1417 1434 1500 1488 sic
1543 1432 1663 1503 ejus
1706 1433 2058 1502 providentia:

485 1529 625 1583 ratio
651 1528 920 1592 consnstit,
953 1541 1058 1595 qua
1085 1526 1232 1595 juste
1265 1531 1320 1579 et
1355 1528 1628 1593 sapienter
1661 1525 1843 1579 omnia
1882 1523 2060 1577 admi-

481 1619 705 1674 nistrat.
735 1615 792 1672 ln
835 1619 938 1673 hac
963 1619 1180 1688 quidem
1211 1618 1319 1672 vita
1367 1621 1538 1674 solem
1567 1633 1726 1674 suum
1765 1617 1896 1670 oriri
1928 1615 2059 1670 facit

483 1727 652 1784 super
680 1713 862 1781 justos
906 1718 959 1766 et
1011 1711 1263 1781 injustos,
1297 1725 1360 1765 ac
1393 1711 1531 1781 pluit
1577 1726 1740 1780 super
1779 1710 2058 1780 improbos

480 1815 541 1860 et
576 1805 770 1866 bonos,
802 1811 965 1873 atque
996 1802 1140 1857 bona
1192 1817 1292 1859 sua
1340 1803 1622 1871 aequaliter
1668 1801 1922 1856 omnibus
1953 1802 2058 1855 im-

485 1897 684 1966 pertit;
719 1895 814 1950 sed
850 1894 1170 1964 congruenti
1199 1901 1445 1964 tempore
1481 1892 1626 1948 Deus
1658 1893 1923 1947 ultionum
1949 1892 2060 1946 eili-

485 1988 684 2051 cietur,
721 1986 940 2057 quando
975 1987 1298 2057 promeritas
1346 2001 1537 2057 pcenas
1569 1986 1639 2041 ab
1671 1986 1739 2042 iis
1773 1985 1865 2057 qui
1893 1984 2059 2040 bene-

482 2081 628 2140 ﬂciis
654 2079 778 2150 ejus
807 2095 916 2134 non
949 2087 1098 2136 recte
1126 2087 1254 2135 sunt
1281 2080 1367 2134 usi
1397 2087 1635 2150 expetet.

558 2342 729 2408 Vens.
759 2344 877 2398 2-4.
933 2343 1209 2412 Exaltare,
1252 2347 1342 2415 qui
1382 2345 1598 2415 judicas
1640 2355 1858 2406 terram.
1907 2344 2064 2400 redde

489 2429 891 2483 retributionem
930 2428 1187 2496 superbis.
1249 2427 1527 2500 Usquequo
1580 2440 1897 2499 peccatores,
1953 2430 2064 2484 Do-

487 2523 652 2584 mine,
683 2537 947 2593 usquequo
978 2531 1275 2590 peccatores
1306 2522 1712 2593 gloriabuntur?
1741 2523 2065 2591 Eﬂ‘abuntur

488 2624 538 2668 et
565 2611 837 2682 loquentur
858 2614 1205 2682 iniquitatem,
1229 2613 1506 2683 loquentur
1527 2630 1703 2668 omnes
1731 2615 1817 2684 qui
1840 2625 2064 2680 operan-

487 2713 580 2758 tur
610 2703 1246 2774 injuslitiamJSpiritus
1285 2704 1502 2773 quidem
1541 2712 1766 2760 sanctus
1813 2705 1897 2758 vel
1941 2712 2066 2758 ante

491 2800 795 2850 orationem
832 2796 1146 2866 prophetice
1175 2796 1588 2866 responsionem
1618 2797 1750 2856 edit.
1779 2795 1910 2849 illud
1940 2811 2068 2866 pro-

491 2885 638 2942 ferre
665 2903 942 2958 occupans
963 2889 1109 2958 quod
1133 2889 1575 2959 postorationem
1601 2887 1894 2942 dicendum
1912 2895 2062 2956 erat;

495 2977 660 3048 idque
688 2993 757 3034 ex
789 2979 1129 3048 praescientia
1152 2995 1340 3034 eorum
1373 2995 1492 3048 quae
1515 2979 1568 3032 in
1598 2978 1845 3034 oratione
1878 2977 2065 3036 dicen.-

489 3067 565 3122 da
603 3077 778 3124 erant.
807 3069 1315 3135 Quamobremduo
1343 3069 1602 3125 versiculi
1649 3071 2066 3140 responsionem

491 3160 671 3216 sancti
701 3157 936 3229 Spiritus
964 3160 1199 3215 orationi
1231 3169 1616 3230 congruentem
1645 3162 2067 3231 complectentes

492 3253 768 3324 praemissi
821 3259 972 3308 sunt.
1001 3249 1138 3307 Nam
1179 3265 1300 3322 qua:
1343 3251 1410 3306 ad
1455 3253 1906 3323 supplicationem
1951 3251 2063 3307 Deo

494 3345 752 3402 emissam
773 3345 1030 3408 attinent.
1063 3343 1264 3398 abhoc
1295 3343 1463 3408 dicto,
1499 3343 1777 3409 Exaltare,
1809 3344 2064 3417 quijudi-

493 3455 586 3492 cas
619 3447 838 3499 terram,
871 3434 1155 3491 exordium
1187 3435 1407 3490 habent.
1442 3437 1532 3488 Ait
1569 3450 1698 3506 ergo
1733 3435 2015 3506 Scriptura
2043 3457 2057 3494 :

495 3529 575 3588 Ex
599 3545 706 3599 quo
740 3530 1021 3587 hominum
1052 3543 1226 3598 genus
1255 3543 1399 3582 .esse
1427 3529 1608 3597 euenit,
1638 3536 1954 3597 peccatores
1974 3530 2066 3601 ju-

493 3623 598 3682 stis
627 3621 924 3692 praevalere
951 3627 1257 3688 cmpcrunt,
1285 3619 1496 3674 utCain
1526 3619 1699 3684 Abeli,
1734 3627 1790 3676 et
1819 3627 2063 3691 tempore

492 3713 686 3768 diluvii
720 3713 964 3782 gigantes
991 3711 1114 3767 aliis
1146 3725 1331 3766 secum
1360 3711 1743 3774 versantibus;
1771 3712 2064 3768 imoetiam

496 3805 641 3861 Esau
673 3804 898 3868 Jacobo,
929 3801 1166 3874 Josepho
1201 3802 1396 3858 fratres
1423 3803 1564 3872 ejus.
1591 3803 1669 3856 Ac
1691 3803 1748 3858 si
1780 3805 1854 3857 ita
1872 3802 2068 3858 subse-

495 3894 719 3965 quentia
759 3901 1002 3962 tempora
1033 3907 1345 3963 percurras,
1391 3893 1447 3947 in
1483 3891 1713 3963 singulis
1753 3891 2067 3962 generatio-

496 3989 660 4045 nibus
693 3994 1010 4056 peccatores
1034 3992 1225 4039 contra
1251 3983 1430 4054 justos
1467 3983 1749 4053 insurgere
1769 3983 2068 4053 deprehen-

495 4079 616 4136 des.
664 4077 980 4148 Usquequo,
1013 4076 1259 4140 Domine,
1295 4075 1409 4130 hac
1452 4075 1656 4131 erunt?
1681 4074 1976 4146 Usquequo
2010 4075 2065 4128 in

495 4179 703 4226 tantam
749 4171 1059 4240 superbiam
1114 4177 1426 4239 peccatores
1471 4170 1766 4239 erigentur,
1793 4177 1852 4223 ut
1881 4169 1937 4222 in
1968 4168 2069 4221 im-

499 4265 796 4336 pietatibus
823 4265 940 4318 suis
965 4263 1302 4334 glorientur;
1326 4277 1502 4331 neque
1533 4269 1684 4332 gesta
1703 4275 1800 4316 sua
1825 4268 2064 4326 taceant,

497 4376 677 4432 neque
723 4360 984 4415 malitiam
1019 4359 1295 4413 occultent
1334 4373 1524 4424 suam;
1557 4358 1650 4413 sed
1684 4358 1980 4427 loquantur
2012 4357 2068 4409 in

492 4452 853 4530 omniumque
900 4452 1126 4513 auribus
1164 4451 1464 4520 injusdtias
1485 4450 1713 4505 eﬂ‘erant
1746 4465 1877 4504 suas
1907 4447 2067 4504 ?1Us-

2153 616 2313 678 τίαις,
2340 614 2434 667 καὶ
2467 612 2631 674 ἄλλας
2648 611 2854 682 -μυρίας
2882 609 3020 680 έχων
3056 607 3243 670 θεῖκάς
3277 605 3520 669 ἐπινοίας
3540 623 3554 636 ⁸
3591 605 3732 658 οὕτω

2156 708 2248 760 καλ¹
2280 706 2412 768 Θεὸς
2446 703 2799 772 ὲκδικήσεων.
2849 701 3163 773 Μέλειγάρ
3207 697 3353 768 αὐτῷ
3398 697 3508 751 τῶν
3542 699 3600 750 ὲν
3640 698 3732 749 οὺ-

2157 799 2338 872 ρανοῖς
2391 795 2799 867 πραττομένων,
2825 793 2902 858 ὡς
2943 795 3038 848 καὶ
3066 793 3221 862 δίκην
3249 793 3348 862 τὴν
3378 789 3534 855 ἀξίαν
3582 791 3734 863 παρά

2154 891 2262 943 τῶν
2306 887 2630 942 ἀδικούντων
2677 885 3118 959 εἰσπράττεσθαι,
3155 885 3362 955 κρίνειν
3405 901 3465 936 τε
3515 883 3735 944 δικαίως

2157 982 2250 1035 καὶ
2279 980 2528 1045 κολάζειν
2554 979 2646 1044 οὒς
2682 980 2782 1044 δεῖ,
2817 979 3131 1032 ἀποδιδόναι
3158 995 3217 1030 τε
3249 977 3464 1046 ἑκάστῳ
3497 975 3638 1030 κατά
3665 976 3734 1028 τὰ

2156 1073 2294 1143 ἔργα
2337 1071 2519 1126 αὑτοῦ.
2552 1072 2814 1142 Θαρσεῖτε
2854 1068 3143 1140 τοιγαροῦν
3174 1067 3458 1138 μαθόντες,
3494 1067 3576 1119 ὅτι
3605 1067 3735 1120 Θεὸν

2157 1165 2307 1236 ἔχετε
2342 1165 2707 1234 ὲκδικήσεων·
2758 1163 2966 1230 πέφυκε
3010 1161 3119 1234 γὰρ
3167 1156 3304 1212 εἶναι
3342 1158 3473 1222 Θεὸς
3529 1159 3741 1229 ἐκδική-

2150 1273 2296 1309 σεων
2334 1259 2362 1310 ὁ
2409 1257 2673 1326 ὑμέτερος
2705 1255 2856 1318 Θεὸς,
2891 1253 2984 1306 καὶ
3017 1253 3094 1323 τῷ
3131 1251 3442 1322 παρρησίαν
3473 1250 3625 1318 ἄγειν
3663 1249 3738 1314 ὡς

2158 1347 2288 1411 Θεὸς
2330 1347 2538 1410 ἔκδικος
2595 1346 2699 1399 τῶν
2750 1344 3136 1416 ἀδικουμένων,
3191 1342 3488 1416 διαρρήδην
3543 1359 3600 1394 τε
3648 1343 3740 1394 καὶ.

2163 1441 2300 1512 μετά
2341 1438 2645 1512 παρρησίας
2699 1438 2856 1491 τοῦτο
2911 1437 2998 1490 διὰ
3046 1435 3156 1489 τῶν
3222 1434 3386 1488 αὑτοῦ
3447 1434 3741 1504 προφητῶν

2159 1531 2435 1604 κηρύττει·
2471 1530 2616 1584 οὕτω
2638 1529 2767 1599 γοῦν
2795 1528 2958 1583 αὑτοῦ
2983 1529 3072 1582 καὶ
3105 1529 3132 1580 ό
3167 1529 3296 1598 περὶ
3331 1528 3586 1596 προνοίας
3619 1543 3743 1579 συν’

2161 1626 2371 1678 ίσταται
2407 1623 2582 1691 λόγος,
2633 1622 2754 1676 καθ’
2793 1622 2859 1692 ἢν
2904 1622 3128 1684 δικαίως
3157 1620 3252 1673 καὶ
3284 1620 3462 1688 σοφῶς
3489 1619 3556 1672 τὰ
3607 1618 3743 1688 σύμ-

2160 1733 2340 1769 παντα
2381 1715 2589 1768 διοικεῖ.
2645 1714 2796 1777 Τέως
2857 1713 2954 1784 μὲν
2986 1713 3128 1766 κατά
3164 1711 3256 1765 τὸν
3298 1710 3568 1764 ἐνεστῶτα
3608 1709 3741 1778 βίον,

2159 1806 2464 1862 ἀνατέλλων
2488 1807 2578 1860 τὸν
2611 1805 2761 1876 ἥλιον
2791 1805 2954 1860 αὑτοῦ
2981 1805 3073 1857 ἐπὶ
3107 1803 3346 1866 δικαίους
3382 1803 3474 1856 καὶ
3505 1803 3742 1865 ἀδίκους,

2162 1897 2256 1950 καὶ
2305 1896 2513 1968 βρέχων
2565 1897 2658 1948 ἐπὶ
2690 1895 2958 1966 πονηροὺς
2989 1896 3081 1948 καὶ
3127 1893 3383 1962 ἀγαθοὺς,
3430 1891 3491 1956 ἐξ
3539 1891 3653 1944 ἴσου
3682 1909 3742 1944 τε

2159 1989 2271 2051 τοῖς
2301 1988 2434 2040 πᾶσι
2495 1986 2561 2039 τὰ
2610 1984 2776 2038 αὑτοῦ
2826 1985 3078 2056 παρέχων
3111 1983 3318 2052 ἀγαθά·
3365 1983 3505 2035 κατὰ
3553 1981 3744 2054 καιρὸν

2159 2077 2217 2130 δὲ
2255 2077 2344 2132 τὸν
2390 2077 2734 2148 προσήκοντα
2782 2076 2916 2139 Θεὸς
2960 2074 3288 2144 ὲκδικήσεων
3323 2073 3620 2143 γινόμενος,
3652 2073 3743 2125 ὅτε

2162 2167 2256 2220 καὶ
2282 2167 2382 2238 τὴν
2429 2167 2745 2238 πρέπουσαν
2785 2165 2940 2236 δίκην
2980 2165 3130 2237 παρά
3159 2165 3265 2217 τῶν
3295 2165 3370 2235 μὴ
3414 2164 3593 2226 καλῶς
3623 2167 3744 2224 cal;

2155 2259 2503 2330 εὐεργεσίαις
2535 2259 2697 2313 αὐτοῦ
2727 2258 3079 2330 κεχρημένων
3112 2255 3484 2327 εἰσπράξεται.

2247 2348 2529 2419 ’Υψκῦθητι
2575 2352 2607 2403 d
2641 2349 2862 2416 κρίνων
2894 2347 3009 2416 τὴν
3039 2346 3177 2417 γῆν,
3211 2347 3438 2412 ἀπόδος
3478 2346 3745 2399 durami-

2163 2442 2338 2497 δοσιν
2389 2439 2508 2504 τοῖς
2549 2437 2978 2509 ὑπερηφάνοις.
3011 2441 3163 2506 ’Ἑως
3208 2440 3354 2492 πότε
3387 2438 3744 2507 ἁμαρτωλοὶ,

2164 2533 2358 2599 Κύριε,
2389 2529 2500 2595 ἕως
2529 2529 2672 2582 πότε
2711 2528 3046 2598 ἁμαρτωλοὶ
3088 2528 3528 2599 καυχ-ήσυνται;
3567 2527 3747 2596 Φθέγ-

2167 2623 2376 2687 Sonat
2408 2621 2506 2674 καὶ
2536 2621 2924 2687 λαλήσουσιν
2946 2621 3202 2687 ἀδικίαν,
3226 2620 3572 2688 λαλήσουσι
3597 2619 3747 2673 πάν-

2165 2731 2264 2780 τες
2293 2717 2348 2768 ol
2388 2711 2758 2784 ἐργαζόμενοι
2790 2713 3029 2768 ἀδικίαν
3047 2730 3066 2778 ;
3100 2713 3175 2767 Τὸ
3217 2715 3314 2785 μὲν
3355 2713 3494 2767 θεῖον
3525 2713 3746 2784 Πνεῦμα

2167 2805 2519 2878 προφητικῶς
2539 2806 2631 2858 καὶ
2658 2806 2783 2875 περὶ
2810 2806 2907 2876 τῆς
2930 2805 3095 2876 εὐχῆς
3117 2806 3214 2878 τὴν
3243 2806 3532 2877 ἀπόκρισιν
3562 2807 3746 2876 ἐποιή-

2169 2917 2299 2954 σατο
2336 2899 2602 2970 προλαϐὸν
2628 2881 2688 2952 τ¹ὸ
2711 2898 2900 2969 μέλλον
2928 2897 3262 2970 ῥηθήσεσθαι
3296 2898 3434 2968 μετά
3456 2898 3555 2969 τὴν
3585 2898 3746 2968 εὐχὴν

2167 2995 2253 3048 διὰ
2295 2993 2395 3065 τὴν
2446 2993 2751 3063 πρόγνωσιν
2797 2991 2906 3045 τῶν
2942 2993 3000 3044 έν
3044 2994 3110 3063 τῇ
3145 2993 3279 3063 εὐχῇ
3319 2993 3744 3063 περιεχομένων.

2168 3086 2368 3158 Διόπερ
2399 3087 2450 3138 οἱ
2501 3085 2596 3138 δύο
2650 3085 3036 3156 προετάγησαν
3088 3086 3260 3155 στίχοι
3308 3085 3407 3156 τὴν
3455 3087 3748 3157 ἀπόκρισιν

2169 3179 2515 3250 περιέχοντες
2545 3175 2639 3230 τοῦ
2698 3177 2856 3245 ἁγίου
2904 3175 3240 3247 Πνεύματος,
3274 3177 3373 3248 τὴν
3406 3178 3749 3247 ἁρμόζουσαν

2168 3274 2234 3342 τῇ
2272 3269 2664 3342 προσευχῇ.Τά
2680 3286 2740 3322 τε
2777 3269 2883 3340 μὴν
2909 3269 3009 3341 τῆς
3045 3269 3323 3341 ἱκετηρίας
3353 3270 3450 3341 τῆς
3492 3270 3628 3341 πρὸς
3658 3270 3749 3323 τὸν

2169 3361 2300 3415 Θεὸν
2332 3362 2439 3414 ἀπὸ
2467 3360 2583 3424 τοῦ,
2629 3361 2912 3430 Ὑψώθητι
2946 3365 2979 3414 ό
3017 3361 3240 3428 κρίνων
3277 3361 3392 3429 τὴν
3419 3361 3556 3430 γῆν,
3589 3363 3748 3433 ἀρχε-

2169 3471 2277 3507 ται.
2307 3453 2444 3524 Φησὶ
2469 3453 2647 3506 τοίνυν
2679 3455 2706 3506 ό
2738 3453 2910 3521 Λόγος
2934 3467 2948 3482 ο
2998 3454 3114 3522 Ἀφ’
3142 3449 3311 3524 οὗπερ
3357 3456 3381 3506 ὁ
3407 3453 3516 3506 τῶν
3543 3452 3747 3524 ἀνθρὼ-

2171 3557 2288 3594 πων
2317 3541 2520 3611 ήρξατο
2569 3542 2886 3595 συνεστάναι
2934 3540 3068 3610 βίος,
3113 3542 3222 3596 ἀπὸ
3265 3543 3385 3596 τότε
3431 3543 3746 3614 ἁμαρτωλοὶ

2170 3633 2480 3702 κατισχύειν
2507 3632 2616 3685 τῶν
2639 3631 2858 3685 δικαίων
2885 3632 3116 3704 ἤρξαντο
3133 3650 3146 3664 ·
3172 3634 3247 3697 ὡς
3268 3635 3406 3688 Κάῖν
3434 3634 3528 3688 τοῦ
3560 3619 3744 3699 Ἅϐελ,

2165 3725 2266 3782 καὶ
2292 3727 2340 3780 οί
2364 3725 2454 3779 ἐπὶ
2473 3725 2566 3778 τοῦ
2601 3724 2986 3795 κατακλυσμοῦ
3019 3724 3274 3794 γίγαντες
3305 3725 3415 3780 τῶν
3436 3728 3494 3780 ἐν
3525 3728 3708 3790 αὐτοῖς
3726 3743 3744 3757 ο

2161 3818 2308 3874 ,ἀλλά
2333 3819 2428 3874 καὶ
2467 3817 2638 3872 Ἤσαῦ
2670 3817 2764 3872 τοῦ
2811 3817 3024 3882 Ἰακὼϐ,
3061 3820 3152 3871 καὶ
3166 3819 3263 3872 τοῦ
3297 3819 3495 3892 Ἰωσὴφ
3521 3822 3569 3873 οἱ
3605 3821 3746 3874 ἀδελ-

2173 3914 2298 3982 φοί’
2333 3914 2428 3966 καὶ
2467 3911 2610 3966 οὕτω
2656 3910 2862 3984 προῖὼν
2887 3913 3000 3974 τοῖς
3032 3911 3262 3982 χρόνοις,
3296 3911 3476 3984 εὕροις
3508 3911 3573 3965 ἂν
3623 3912 3745 3966 καθ’

2172 4003 2408 4074 ἑκάστην
2469 4002 2658 4071 γενεὰν
2707 4002 2830 4064 τοὺς
2875 4001 3230 4073 ἁμαρτωλοὺς
3284 4001 3749 4073 ἐπανισταμένους

2170 4097 2283 4159 τοῖς
2309 4094 2555 4156 δικαίοις.
2587 4093 2730 4156 ’Ἕως
2760 4088 2852 4146 οὖν
2884 4094 3034 4156 πότε,
3065 4087 3110 4146 ὧ
3147 4092 3336 4165 Κύριε,
3368 4093 3525 4147 τοῦτο
3560 4094 3746 4158 ἔσται,

2176 4188 2318 4252 Ἕως
2351 4187 2480 4245 πότε
2506 4187 2584 4250 εὶς
2607 4185 2860 4240 τοσοῦτον
2883 4186 3169 4257 ἐπιτριϐῆς
3195 4187 3472 4240 ἐλάσουσιν
3493 4189 3539 4240 οἱ
3571 4187 3752 4258 ἁμαρ-

2170 4280 2352 4344 τωλοὶ,
2387 4279 2463 4343 ὡς
2497 4280 2590 4331 καὶ
2640 4278 3014 4350 ὲγκαυχᾶσθαι
3059 4281 3179 4342 ταῖς
3225 4278 3498 4342 ἀσεϐείαις
3545 4279 3747 4340 αὐτῶν,

2155 4367 2430 4444 ,καὶιμηδὲ
2466 4369 2676 4438 σιωπᾷν
2707 4369 2797 4436 ἐφ’
2825 4363 2907 4432 οἷς
2959 4369 3276 4440 πράττουσι,
3323 4370 3458 4440 μηδὲ
3503 4371 3750 4442 ἀποκρύ-

2174 4477 2328 4513 πτειν
2371 4459 2467 4530 τὴν
2500 4459 2676 4513 αὑτῶν
2716 4460 2935 4524 κακίαν,
2981 4459 3117 4513 ἀλλά
3157 4461 3251 4514 καὶ
3294 4460 3623 4529 φθέγξασθαι
3656 4462 3752 4514 καὶ

487 4561 716 4622 queque
747 4545 910 4622 igitur
927 4544 1178 4599 costalia
1204 4543 1466 4599 audentes
1500 4541 1679 4597 feras?
1704 4543 1771 4594 At
1803 4557 1926 4596 cum
1952 4541 2064 4610 jam

2175 4549 2498 4618 ἐξάκουστον
2530 4551 2642 4612 τοῖς
2668 4551 2831 4606 πᾶσιν
2867 4549 3112 4602 ὲκλαλεῖν
3150 4550 3245 4613 τὰς
3287 4550 3496 4613 ἀδικίας
3533 4550 3751 4610 oti-tim;

488 4639 555 4698 in
583 4639 856 4694 excelsum
878 4635 1011 4705 justi
1044 4635 1230 4704 iudicii
1253 4633 1337 4686 tui
1362 4633 1616 4686 thronum
1653 4631 2064 4696 conscenderis,

499 4727 778 4792 Exaltare,
803 4726 1118 4795 quijudicas
1141 4734 1356 4786 terram,
1385 4731 1461 4788 et,
1495 4721 1650 4775 redde
1675 4721 2070 4777 retributionem

499 4821 774 4889 superbis,
828 4818 1178 4888 promeritum
1231 4814 1364 4890 ipsis
1416 4812 1664 4882 iniligens
1715 4813 2066 4882 supplicium.

498 4913 655 4969 Nunc
683 4911 828 4966 enim
877 4919 926 4964 te
962 4923 1178 4979 quoque
1211 4905 1543 4976 despiciunt,
1584 4905 1743 4975 quasi
1797 4905 1933 4959 nihil
1976 4921 2072 4960 ex-

498 5005 705 5060 celsum
746 5002 966 5064 habeas,
1019 5001 1155 5054 nihil
1196 4998 1407 5059 .vi'deas,
1448 5013 1549 5051 nec
1576 5005 1799 5052 .terram
1831 4997 2066 5064 judices.

497 5099 844 5168 Quapropter
871 5110 990 5164 quae
1014 5094 1080 5148 ad
1110 5093 1275 5147 vitam
1306 5093 1577 5161 pertinent
1606 5107 1759 5146 suam
1787 5100 1839 5144 et
1860 5090 2070 5159 judicio

499 5201 553 5244 et
587 5170 924 5258 providentia
955 5199 1143 5240 carere
1176 5183 1544 5237 arbitrantur.
1588 5186 1657 5234 At
1685 5197 1786 5253 ego
1815 5182 1906 5252 qui
1948 5197 2070 5255 pre—

486 5295 598 5335 .cor
623 5289 677 5335 et
711 5289 837 5352 opto
871 5280 937 5332 ab
968 5279 1245 5348 impietate
1280 5291 1474 5330 eorum
1522 5275 1732 5330 alienus
1765 5290 1908 5338 esse,
1942 5289 2069 5340 per-

487 5389 721 5427 .suasum
762 5373 931 5425 habeo
962 5379 1015 5426 te
1048 5369 1218 5424 Deum
1264 5369 1530 5424 ultionum
1566 5383 1706 5433 esse,
1731 5372 1902 5436 teque
1923 5365 2072 5435 judi-

489 5480 627 5518 care
672 5479 887 5518 omnem
925 5473 1146 5518 terram.
1183 5461 1406 5514 Etiamsi
1448 5460 1592 5516 enim
1629 5458 2067 5519 mansuetudine,

483 5553 789 5608 'tolerantia
836 5563 891 5609 et
943 5554 1203 5623 patientia
1265 5568 1400 5608 usus
1468 5553 1707 5621 teipsum
1757 5551 2066 5622 deprimes,

500 5652 760 5714 tuamque
786 5651 979 5699 contra
1011 5646 1220 5718 impios
1250 5646 1388 5700 iram
1417 5644 1675 5699 cohibeas
1693 5660 1711 5714 ;
1743 5651 1797 5696 at
1821 5659 1921 5713 ego
1952 5657 2067 5696 cer.

483 5725 592 5791 'tus
617 5736 967 5806 judicio-tuo,
1002 5738 1095 5806 qui
1128 5736 1310 5790 omnia
1337 5737 1627 5807 prospicis,
1663 5735 1797 5788 nihil
1829 5735 2070 5789 immune

499 5826 640 5896 fore,
696 5827 940 5900 supplico
991 5843 1294 5899 precorque
1343 5835 1400 5881 ut
1455 5826 1740 5892 exalteris,
1805 5833 2064 5898 tuamque

2174 4641 2317 4703 Ἕως
2349 4636 2439 4693 οὖν
2474 4640 2602 4692 πότε
2631 4639 2738 4711 ἄρα
2761 4639 3092 4716 προχωρήσῃ
3114 4639 3295 4702 αὐτοῖς
3314 4638 3482 4692 ταῦτα
3509 4639 3753 4703 ποιοῦσι;

2183 4729 2342 4784 Ἀλλά
2377 4728 2485 4800 γὰρ
2519 4729 2618 4800 ἤδη
2661 4729 2785 4781 ποτὲ
2818 4728 2912 4787 ἐπὶ
2939 4727 3029 4780 τὸν
3065 4727 3266 4797 ὑψηλὸν
3299 4727 3506 4790 ἀναϐὰς
3529 4727 3632 4796 τῆς
3670 4727 3760 4780 δι-

2154 4821 2513 4894 ,καιοκρισίας
2567 4838 2658 4873 σου
2714 4819 2920 4891 θρόνον,
2969 4819 3253 4892 Ὑψώθητι
3295 4823 3328 4873 ό
3376 4821 3596 4888 κρίνων
3638 4820 3762 4888 τὴν

2161 4913 2309 4990 γῆν,
2333 4912 2446 4976 καὶ,
2475 4913 2701 4978 ἀπόδος
2731 4911 3138 4967 ἀνταπόδοσιν
3171 4910 3294 4976 τοῖς
3319 4903 3755 4979 ὑπερηφάνοις,

2171 5007 2286 5076 τὴν
2322 5007 2502 5071 ἀξίαν
2544 5005 2746 5074 αὐτοῖς
2771 5003 3096 5071 ἀποδιδοὺς
3129 5004 3429 5073 τιμωρίαν.
3479 5004 3596 5055 Νῦν
3643 5003 3759 5073 γάρ

2175 5116 2267 5152 σου
2321 5097 2484 5151 αὑτοῦ
2549 5098 3129 5171 καταπεφρονήκασιν,
3183 5097 3259 5158 ὡς
3325 5094 3490 5165 μηδὲν
3549 5093 3760 5164 ὑψηλὸν

2173 5191 2404 5260 ἔχοντος,
2441 5189 2572 5261 μηδὲ
2606 5189 2858 5264 ὁρῶντος,
2895 5188 3027 5258 μηδὲ
3062 5187 3335 5260 κρίνοντος
3364 5187 3462 5258 τὴν
3495 5185 3618 5255 γῆν.
3663 5184 3762 5237 Διὸ

2173 5279 2266 5332 καὶ
2318 5280 2516 5352 ἄκριτα
2577 5280 2670 5332 καὶ
2721 5281 3031 5357 ἀπρονόητα
3080 5279 3443 5350 ὑπειλήφασιν
3489 5274 3628 5331 εἶναι
3686 5280 3764 5331 τὰ

2172 5371 2312 5423 κατά
2342 5371 2430 5422 τὸν
2466 5371 2669 5424 ἑαυτῶν
2707 5371 2837 5441 βίον.
2885 5371 3023 5424 Ἀλλ’
3073 5370 3181 5440 ἐγὼ
3211 5371 3312 5440 τῆς
3357 5369 3608 5434 ἀσεϐείας
3659 5371 3768 5423 αὖ-

2171 5461 2279 5515 τῶν
2330 5461 2604 5533 ἀλλότριος
2653 5458 2789 5514 εἶναι
2831 5463 3140 5534 εὐχόμενος,
3177 5464 3498 5537 πέπεισμαι,
3552 5462 3633 5515 ὅτι
3691 5463 3764 5514 σὺ

2171 5552 2302 5615 Θεὸς
2331 5553 2678 5624 ἐκδικήσεων,
2713 5556 2745 5627 ἡ
2779 5556 2874 5608 καὶ
2927 5557 2991 5609 σὺ
3029 5550 3079 5608 εἷ
3122 5557 3150 5607 ὀ
3195 5557 3393 5627 κρίνων
3431 5557 3609 5609 πᾶσαν
3655 5555 3766 5625 τὴν

2171 5645 2293 5715 γῆν.
2327 5645 2389 5697 Εἰ
2417 5645 2526 5722 γὰρ
2573 5647 2665 5698 καὶ
2710 5651 2986 5711 ταπεινοῖς
3020 5647 3264 5713 σεαυτὸν,
3296 5649 3623 5723 χρηστότητι
3659 5649 3767 5700 καὶ

2171 5736 2336 5806 ἀνοχῇ
2386 5738 2479 5789 καὶ
2528 5738 2877 5810 μακροθυμίᾳ
2921 5740 3220 5810 χρώμενος,
3269 5739 3485 5809 ἐπέχεις
3540 5755 3599 5792 τε
3653 5737 3770 5809 τὴν

2177 5827 2318 5881 κατὰ
2359 5826 2466 5882 τῶν
2509 5827 2718 5886 ἀσεϐῶν
2764 5831 2966 5902 ὀργήν·
3011 5828 3127 5886 ἀλλ’
3159 5829 3270 5900 ἐγὼ
3323 5828 3644 5896 πιστεύων,
3671 5829 3768 5882 ὅτι
