4068 6394
448 393 594 449 41θῖ
1537 387 2038 452 (ὋΜΜΕΝΤᾹΚΙᾹ
2079 392 2146 448 IN
2185 390 2521 450 Ρδλωιοδ,
3521 397 3577 451 -4
3598 399 3693 452 203

451 508 601 560 οὐδὲν
647 505 797 561 ἔσται
828 507 1054 578 ἄκριτον
1099 505 1194 559 σοῦ
1238 506 1540 578 ἐφορῶντος
1586 506 1654 558 τά
1706 506 2057 576 σύμπανταη

2089 558 2095 572 ,
2122 510 2550 580 magnitudinem
2594 525 2658 565 as
2687 508 2904 566 deitatis
2945 520 3052 568 tua
3087 513 3482 571 sublimitatem
3515 518 3695 569 0mm-

452 597 679 652 ικετεύω
706 599 800 652 καὶ
824 599 1010 668 δέομαι
1031 598 1310 668 ὑψωθῆναι
1340 616 1399 651 σε
1427 598 1520 652 καὶ
1547 597 1715 663 δεῖξαι
1743 601 1856 660 τοῖς
1883 601 2015 651 πᾶσι

2116 600 2220 654 bus
2253 601 2544 666 exhibeas;
2577 611 2634 655 ut
2665 604 2746 656 vel
2780 619 2902 658 sero
2935 605 3149 658 tandem
3182 617 3497 674 peccatores
3530 605 3690 658 linem

449 691 510 743 τὸ
534 690 729 744 οίκεῖὀν
749 707 841 744 σου
875 690 1102 760 μέγεθος
1123 692 1296 744 καὶτὸ
1329 690 1460 760 ὕψος
1487 691 1585 761 τῆς
1612 690 1864 760 θεότητος
1891 708 1982 743 σου
1999 708 2014 721 ο

2121 689 2324 744 faciant
2379 693 2690 746 luxuriandi
2735 710 2798 747 ac
2845 695 3116 766 gloriandi
3146 695 3214 751 de
3262 699 3521 754 omnibus
3571 713 3693 768 qtuc

445 783 596 846 ὅπως
639 783 736 854 ἤδη
771 783 901 836 ποτέ
929 783 1239 836 παύσωνται
1274 785 1323 836 οἱ
1369 782 1684 854 ἁμαρτωλοὶ
1730 782 2019 851 ἐναϐρυνό-

1117 800 1239 836 ινται
1274 785 1323 836 οἱ
1369 782 1684 854 ἁμαρτωλοὶ
1730 782 2019 851 ἐναϐρυνό-
2117 783 2364 853 improbe
2390 794 2723 856 perpetrant.

447 891 601 943 μενοι
647 875 738 927 καὶ
785 874 1190 945 ἐγκαυχώμενοι
1237 875 1329 927 ἐπὶ
1363 877 1525 928 πᾶσιν
1576 869 1658 938 οἷς
1691 874 2020 944 παρανόμως

445 963 887 1034 διαπράττονται.

521 1053 634 1106 Τὸν
654 1055 810 1107 λαόν
858 1070 995 1118 σου,
1042 1055 1240 1122 Κύριε,
1292 1054 1718 1120 ἐταπείνωσαν,
1759 1055 1854 1111 καὶ
1912 1054 2022 1124 τὴν

2190 1038 2357 1099 Vens.
2392 1044 2504 1100 5—7.
2563 1045 2826 1118 Populum
2879 1061 3046 1117 tuum,
3096 1053 3332 1121 Domine,
3380 1058 3693 1114 humiliave-

443 1147 853 1213 κληρονομίαν
906 1160 1024 1200 σου
1071 1145 1408 1200 ἐκάκωσαν.
1457 1145 1660 1215 Χήραν
1701 1146 1800 1200 καὶ
1841 1160 2026 1214 προσ·

2120 1147 2266 1198 runt,
2315 1145 2363 1190 et
2403 1137 2762 1193 [nereditatem
2793 1151 2937 1196 tuam
2964 1158 3296 1204 vexaverant.
3355 1148 3581 1206 Viduam
3642 1163 3691 1207 et

443 1232 674 1301 ήλυτον
688 1236 1063 1300 ἀπέκτειναν,
1081 1235 1179 1290 καὶ
1197 1237 1495 1305 ὀρφανοὺς
1521 1239 1878 1306 ἐφόνευσαν.
1909 1237 2019 1292 Καὶ

2122 1225 2376 1282 advenam
2413 1231 2803 1299 interfecerunt,
2839 1243 2888 1288 et
2938 1239 3198 1304 orpltanos
3244 1239 3566 1298 occiderunt.
3621 1242 3692 1296 Et

446 1319 645 1388 εἶπαν,
679 1327 800 1378 Οὐκ
826 1325 1033 1403 ὄψεται
1055 1327 1287 1394 Κύριος,
1319 1326 1460 1380 οὐδὲ
1497 1327 1754 1394 συνήσει
1804 1332 1836 1382 ό
1877 1329 2022 1394 Θεὸς

2121 1309 2408 1366 dixerunt:
2448 1310 2566 1368 Non
2599 1315 2789 1370 videbit
2826 1317 3107 1388 Dominus,
3143 1339 3233 1376 nec
3264 1326 3516 1398 intelliget
3551 1327 3689 1384 Deus

450 1417 558 1471 τοῦ
611 1416 826 1472 Ἰακώϐ.
864 1419 978 1471 υύκ
1022 1418 1202 1489 ἤρκει,
1243 1418 1377 1488 φησὶ
1425 1420 1538 1481 τοῖς
1579 1419 1921 1490 ἁμαρτωλοῖς
1963 1420 2023 1474 τὸ

2120 1407 2308 1464 Iacob.
2344 1409 2459 1466 Non
2491 1421 2632 1472 erat.
2661 1413 2855 1481 inquit,
2888 1421 3269 1486 peccatoribus
3297 1422 3353 1476 in
3385 1439 3445 1478 se
3467 1441 3693 1494 peccaro

447 1511 528 1574 εἰς
553 1511 749 1574 αὐτοὺς
783 1511 1137 1581 ἁμαρτάνειν,
1175 1511 1287 1565 ἀλλ’
1315 1513 1417 1584 ἤδη
1451 1513 1545 1564 καὶ
1569 1512 1646 1582 τῷ
1682 1513 1759 1583 σῷ
1791 1514 1902 1585 λαῷ
1929 1515 2022 1568 καὶ

2123 1503 2288 1575 satis;
2315 1504 2429 1571 jam
2461 1520 2590 1559 vero
2636 1506 2689 1560 in
2735 1509 2992 1577 populum
3031 1519 3182 1565 tuum
3222 1521 3276 1568 et
3307 1513 3362 1566 in
3393 1515 3690 1575 Ecclesia!!!

445 1604 512 1673 τῇ
547 1605 610 1673 σῇ
654 1603 948 1673 Ἐκκλησία
983 1603 1376 1674 ἐπανέστησαν,
1413 1604 1538 1667 τοὺς
1586 1605 1682 1674 μὲν
1708 1604 2025 1657 ταπεινοῦν-

2125 1602 2272 1648 tuam
2307 1597 2744 1664 insurrexerunt,
2773 1602 2912 1657 alios
2944 1603 3316 1670 bumiliantes,
3341 1609 3479 1664 alios
3498 1628 3693 1668 vexan-

443 1708 556 1754 τες,
591 1693 716 1756 τοὺς
756 1693 811 1744 δὲ
847 1692 1161 1755 κακοῦντες,
1197 1695 1321 1755 τοὺς
1347 1693 1402 1745 δὲ
1433 1693 1707 1757 παντελῶς
1735 1694 2023 1765 ἀναιροῦν-

2127 1692 2229 1751 tes,
2260 1687 2398 1741 alios
2430 1704 2656 1758 prorsus
2703 1692 3036 1747 occidentes.
3065 1694 3128 1748 Et
3157 1695 3274 1751 hmo
3304 1706 3496 1753 contra
3519 1716 3690 1771 popu-

446 1799 556 1845 τες.
593 1783 703 1835 Καὶ
745 1783 916 1836 ταῦτα
965 1784 1106 1835 κατὰ
1145 1783 1238 1835 τοῦ
1265 1783 1359 1836 σοῦ
1402 1784 1552 1846 λαοῦ,
1606 1779 1651 1837 ὦ
1704 1785 1897 1855 Κύριε,
1928 1785 2024 1838 καὶ

2126 1771 2236 1825 lum
2273 1783 2447 1839 tuum,
2498 1775 2745 1842 Domine,
2793 1787 2847 1833 et
2896 1790 3086 1836 contra
3120 1783 3486 1841 haereditatem
3546 1798 3691 1844 tuam

444 1874 588 1927 κατά
624 1874 724 1943 τῆς
758 1875 854 1944 σῆς
904 1873 1262 1944 κληρονομίας
1304 1876 1689 1946 τετολμήκασι,
1740 1878 2018 1947 μονονουχὶ

2088 1879 2094 1927 ι
2123 1864 2341 1933 aggredi
2374 1868 2494 1920 ausi
2526 1876 2674 1926 sunt.
2707 1878 2914 1924 tantum
2949 1888 3058 1927 non
3092 1875 3256 1944 impia
3285 1884 3340 1930 et
3376 1877 3694 1948 biaspbema

447 1968 513 2020 τὰ
540 1968 706 2038 ἀσεϐῆ
740 1967 832 2019 καὶ
863 1966 1155 2035 βλάσφημα
1183 1965 1308 2036 περὶ
1343 1966 1435 2018 σοῦ
1473 1967 1810 2037 φρονοῦντες.
1851 1964 2016 2021 Εἶπον

2121 1956 2189 2010 de
2220 1966 2272 2010 te
2300 1960 2618 2014 sentientes.
2661 1961 2714 2014 In
2746 1963 2942 2031 seipsis
2985 1980 3220 2036 namque
3252 1967 3508 2024 dixerunt
3529 1972 3695 2041 impie

447 2059 557 2129 γὰρ
605 2059 661 2110 ἐν
702 2060 912 2120 ἑαυτοῖς
962 2056 1158 2120 ἀσεϐὲς
1198 2056 1573 2127 λογισάμενοι·
1634 2060 1756 2111 Οὐκ
1809 2058 2019 2126 ὄψεται

2121 2048 2449 2117 cogitantes,
2488 2049 2611 2104 Non
2636 2053 2823 2106 videbit
2855 2053 3134 2122 Dominus,
3161 2075 3252 2112 nec
3272 2061 3526 2132 intelliget
3551 2063 3695 2117 Deus

445 2153 682 2219 Κύριος,
727 2149 866 2203 οὐδὲ
921 2148 1181 2217 συνήσει
1231 2151 1263 2201 d
1299 2148 1442 2213 Θεὸς
1493 2147 1598 2202 τοῦ
1641 2147 1863 2203 Ἰακώϐ.
1905 2150 2016 2213 Διὸ,

2119 2134 2307 2190 Jacob.
2342 2136 2731 2206 Quamoorem,
2763 2145 2924 2212 quasi
2961 2153 3012 2199 te
3043 2163 3143 2200 nec
3169 2149 3382 2204 vidente
3411 2153 3694 2206 necintel—

444 2243 520 2307 ὡς
567 2243 640 2314 μὴ
691 2242 1012 2314 ἐφορῶντος,
1049 2242 1181 2313 μηδὲ
1217 2242 1485 2302 συνιέντος
1517 2238 1633 2303 σοῦ,
1678 2241 1748 2293 τὰ
1788 2241 2020 2294 τοσαῦτα

2121 2225 2342 2296 ligente,
2381 2228 2510 2281 talia
2560 2228 2803 2285 facinora
2847 2233 3150 2290 moliuntur
3198 2247 3389 2294 contra
3430 2244 3693 2312 populum

445 2334 578 2406 δρᾷν
606 2333 943 2405 ἐπιχειροῦσι
986 2334 1126 2386 κατά
1159 2333 1253 2386 τοῦ
1283 2333 1411 2386 λαοῦ
1456 2349 1570 2397 σου,
1611 2334 1706 2388 καὶ
1737 2332 1878 2386 κατὰ
1923 2337 2021 2403 τῆς

2121 2324 2274 2370 tuum
2311 2326 2365 2373 et
2406 2318 2780 2377 baereditatem
2829 2334 3000 2390 tuam,
3033 2336 3224 2383 contra
3273 2331 3488 2396 viduas,
3531 2334 3694 2390 adve-

445 2425 806 2497 κληρονομίας
833 2443 949 2488 σου,
977 2426 1118 2478 κατά
1145 2443 1202 2478 τε
1230 2425 1414 2496 χηρῶν
1444 2427 1536 2478 καὶ
1558 2424 1908 2497 προσηλύτων
1929 2426 2020 2478 καὶ

2121 2424 2222 2464 nas
2247 2418 2300 2465 et
2331 2412 2630 2481 orphanos,
2655 2415 2745 2482 qui
2779 2417 2924 2470 omni
2970 2418 3209 2476 humano
3238 2424 3488 2480 subsidio
3514 2433 3568 2481 et
3594 2443 3691 2496 pa-

444 2518 723 2586 ὀρφανῶν,
773 2518 880 2570 τῶν
927 2520 1068 2571 κατὰ
1114 2516 1449 2586 ἀνθρώπειον
1499 2517 1875 2588 ἁπεριστάτων
1928 2518 2021 2570 καὶ

2121 2506 2354 2558 trocimo
2377 2513 2588 2561 carent.
2621 2506 2806 2577 Neque
2837 2518 2947 2564 tam
2982 2520 3174 2568 contra
3201 2515 3342 2578 illos,
3372 2533 3538 2587 quam
3563 2536 3692 2576 con-

446 2609 782 2681 ὰσοηθήτων.
809 2611 884 2661 Οὐ
909 2608 1159 2662 τοσοῦτον
1177 2609 1235 2662 δὲ
1261 2611 1379 2663 κατ’
1400 2609 1620 2662 ἐκείνων
1645 2609 1793 2662 ταῦτ’
1823 2607 2021 2679 ἐπρατ-

2121 2604 2205 2651 tra
2236 2604 2310 2661 te,
2344 2598 2592 2659 Domine.
2627 2599 2742 2655 haec
2779 2607 3168 2672 perpetrabant
3198 2627 3212 2662 :
3247 2625 3370 2663 nam
3403 2611 3496 2682 qui
3524 2629 3692 2668 vexa-

447 2718 556 2766 τον,
587 2702 708 2754 ὅσον
755 2701 894 2755 κατὰ
942 2700 1056 2764 σοῦ,
1093 2694 1137 2752 ὧ
1189 2701 1358 2773 Κύριε
1382 2717 1395 2730 ·
1445 2699 1538 2754 σοῦ
1568 2700 1673 2772 γὰρ
1717 2697 1856 2772 ἦσαν
1895 2700 2021 2763 λαὸς

2123 2686 2343 2750 bantur,
2375 2689 2610 2759 populus
2642 2701 2769 2772 tuus
2799 2701 2852 2748 et
2881 2693 3166 2750 haereditas
3193 2704 3284 2751 tua
3311 2708 3497 2765 erant;
3530 2709 3695 2772 atque

445 2794 542 2848 καὶ
575 2792 668 2847 σοῦ
703 2793 1035 2865 κληρονομία
1066 2795 1116 2846 oi.
1160 2791 1622 2862 καταπονούμενοι
1647 2810 1658 2820 ·
1706 2793 1800 2846 καὶ
1831 2795 1910 2856 εἰς
1959 2792 2020 2845 σὲ

2123 2777 2182 2843 ἱὶ,
2223 2780 2315 2849 qui
2356 2779 2482 2835 illos
2521 2785 2923 2852 opprimebant,
2959 2787 3027 2842 de
3071 2796 3124 2842 te
3156 2790 3469 2861 blasphema
3507 2804 3562 2849 et
3593 2795 3693 2852 im-

445 2885 889 2956 βλασφημοῦντες
919 2887 1010 2939 καὶ
1036 2884 1356 2948 ἀσεϐοῦντες
1395 2886 1443 2937 oi
1468 2885 1898 2948 καταπονοῦντες
1926 2886 2022 2939 αὐ-

2121 2870 2210 2942 pia
2237 2872 2535 2928 sentientes
2561 2874 2675 2929 haec
2700 2877 3033 2945 cogitabant,
3064 2894 3129 2934 ac
3160 2881 3204 2936 si
3233 2897 3342 2937 non
3373 2885 3690 2953 exsisteres,

443 2979 569 3041 τοὺς
596 2977 747 3032 ταῦτ’
780 2975 1100 3045 ἐλογίζοντο,
1135 2976 1212 3041 ὡς
1256 2978 1356 3030 οὐκ
1400 2976 1550 3039 ὄντος
1584 2976 1701 3038 σοῦ,
1751 2977 1857 3030 οὐδ’
1899 2978 2022 3046 ἐφο-

2123 2978 2225 3018 nec
2254 2963 2492 3029 videres,
2525 2981 2626 3020 nec
2673 2967 3026 3038 intelligeres,
3055 2987 3232 3042 neque
3279 2975 3406 3031 talia
3449 2975 3693 3033 facinora

446 3071 667 3143 ρῶντος,
699 3070 823 3124 οὐδὲ
866 3070 1155 3133 συνιέντος,
1207 3069 1326 3122 οὐδὲ
1373 3067 1714 3131 ἐκδικοῦντος
1749 3068 1818 3122 τὰ
1850 3085 2022 3139 πρατ-

2125 3055 2496 3116 ulciscereris.
2529 3058 2942 3130 Quocircajure
2971 3064 3043 3117 ita
3069 3066 3333 3135 precabar
3365 3085 3378 3119 :
3415 3067 3692 3142 Usquaquo

443 3163 665 3234 τόμενα.
717 3163 808 3216 Διὸ
850 3161 1072 3225 εἰκότως
1119 3160 1254 3232 ἔφην
1310 3160 1620 3231 εὐχόμενος,
1671 3161 1824 3225 ’Ἐως
1875 3160 2020 3214 πότε

2121 3157 2444 3216 peccatores,
2481 3148 2727 3216 Domine,
2762 3169 3045 3224 usquequo
3087 3157 3216 3210 talia
3247 3167 3471 3229 agentes
3507 3177 3695 3218 mane.

444 3217 798 3318 ἁμαρτωλοὶ,
842 3251 1018 3317 Κύριε
1036 3217 1069 3312 ,⁷
1111 3217 1220 3313 ἕως.
1278 3217 1408 3302 πότὲ
1443 3217 1814 3318 ’διαμενοῦσισ
1849 3230 2050 3304 ταῦτα⁴

2119 3239 2298 3294 bunt?
2342 3240 2608 3313 Populum
2653 3259 2784 3298 vero
2825 3217 2879 3300 et
2924 3217 3312 3304 haereditateth
3365 3250 3456 3307 Dei
3503 3261 3695 3322 putare

447 3342 762 3408 ποιοῦντες;
797 3343 936 3396 Λαόν
971 3359 1028 3394 τε
1058 3343 1150 3394 καὶ
1188 3339 1549 3411 κληρονομίαν
1576 3339 1711 3393 Θεοῦ
1749 3340 1853 3411 χρὴ
1881 3343 2020 3395 νοεῖν

2119 3333 2394 3393 convenit,
2425 3334 2552 3386 olim
2578 3336 2795 3408 quidem
2821 3335 3104 3394 Judaicam
3125 3348 3364 3410 gentem,
3396 3344 3523 3414 quia
3547 3345 3695 3415 facta

445 3435 614 3489 πάλαι
647 3434 746 3505 μὲν
771 3434 831 3487 τὸ
871 3432 1140 3486 Ἰουδαίων
1190 3431 1361 3496 ἔθνος,
1402 3432 1522 3485 ἐπεὶ
1549 3431 1805 3502 ἐγενήθη
1848 3433 2020 3502 μερὶς

2118 3431 2196 3476 est
2223 3423 2395 3490 portio
2421 3422 2640 3508 .Domini
2667 3426 2890 3494 populus
2919 3429 3034 3496 ejus
3066 3427 3257 3495 Iacob,
3288 3431 3558 3500 funiculus
3594 3436 3696 3490 ha:-

443 3526 664 3596 Κυρίου
702 3527 851 3590 λαὸς
882 3524 1068 3579 αὑτοῦ
1108 3523 1322 3590 Ἰακὼϐ,
1361 3525 1691 3594 σχοίνισμα
1730 3527 2019 3592 κληρονο-

2119 3515 2359 3570 reditatis
2388 3516 2500 3585 ejus
2529 3516 2703 3572 Israel
2724 3519 2788 3576 “.
2821 3519 2954 3575 Post
3001 3536 3190 3576 eorum
3237 3539 3366 3580 vero
3394 3530 3689 3597 repulsam,

438 3618 584 3685 μίας
629 3616 815 3670 αὐτοῦ
865 3616 1122 3684 Ἰσραήλ.
1163 3616 1318 3671 Μετὰ
1361 3615 1418 3669 δὲ
1467 3615 1566 3687 τὴν
1609 3615 1833 3669 ἐκείνων
1885 3616 2020 3670 ἀπο-

2119 3623 2283 3678 quam
2316 3608 2396 3663 sic
2429 3608 2674 3662 declarat
2702 3612 3051 3681 propheticus
3083 3614 3305 3682 quidam
3353 3633 3557 3683 sermo,
3588 3621 3695 3676 De-

443 3709 627 3782 ὃολὴν,
654 3709 721 3780 ἢν
765 3708 1060 3780 παρίστησι
1093 3709 1428 3780 προφητικός
1478 3727 1563 3774 τις
1593 3709 1768 3778 λόγος,
1803 3710 2015 3780 φήσαςο

2117 3700 2306 3769 reliqui
2354 3699 2568 3756 domum
2593 3719 2784 3765 meum,
2815 3703 2997 3758 dimisi
3039 3705 3396 3766 Ita'reditatem
3435 3728 3604 3765 meam
3622 3714 3693 3779 ",

456 3801 955 3872 Ἐγκατιαίέλοιπα
996 3800 1104 3853 τὸν
1129 3795 1298 3855 οἶκόν
1317 3818 1456 3869 μου,
1497 3800 1704 3869 ἀφῆκα
1734 3801 1849 3869 τὴν
1876 3805 2020 3867 κλη-

2117 3793 2366 3861 ipsorum
2411 3795 2530 3849 loco
2583 3811 2790 3850 novum
2831 3798 3089 3868 populum
3124 3815 3190 3854 ex
3223 3803 3477 3869 gentibus
3501 3820 3692 3860 conse-

434 3894 730 3963 ρονομίαν
769 3908 922 3962 μου·
969 3891 1087 3944 νέον
1129 3890 1256 3946 λαὸν
1287 3890 1377 3945 τὸν
1419 3890 1479 3955 ἐξ
1523 3891 1692 3944 ἐθνῶν
1725 3892 1840 3945 ἀντ’
1875 3892 2018 3945 ἐκεί-

2119 3895 2352 3955 quenter
2376 3887 2586 3941 inducit
2611 3889 2714 3942 alia
2736 3891 3040 3960 prophetia.
3060 3908 3182 3962 quae
3201 3893 3252 3946 in
3280 3910 3511 3963 persona
3533 3899 3695 3952 Clu-i-

443 4003 550 4039 νων
581 3985 791 4054 είσάγει
823 3982 1132 4045 ἀκολούθως
1173 3983 1332 4054 ἑτέρα
1381 3983 1687 4055 προφητεία
1733 3985 1811 4046 είς
1849 3983 2016 4052 πρόσ-

2120 3977 2192 4030 sti
2237 3978 2309 4030 ita
2344 3979 2623 4048 loquitur:
2656 3979 2882 4034 I’ostula
2915 3999 2948 4036 a
2978 4000 3078 4046 me,
3127 3995 3175 4040 et
3200 3985 3338 4042 dabo
3381 3989 3478 4042 tibi
3515 4000 3690 4059 gentes

409 4092 587 4129 ⁴ωπον
633 4074 727 4128 τοῦ
758 4075 994 4145 Χριστοῦ
1025 4075 1325 4144 φάσκουσα⁸
1365 4075 1617 4142 Αττησαι
1667 4075 1802 4142 παρ’
1847 4075 2014 4143 ἐμοῦ,

2117 4067 2478 4122 Ιιαννεάὶιαιεηι
2543 4081 2711 4134 luant,
2753 4081 2804 4125 et
2833 4077 3214 4142 possessionem
3263 4087 3408 4135 tuam
3445 4082 3692 4138 terminos

441 4166 541 4219 καὶ
579 4164 750 4219 δώσω
803 4181 902 4219 σοι
938 4165 1080 4233 ἔθνη
1128 4164 1242 4234 τὴν
1271 4164 1674 4232 κληρονομίαν
1714 4179 1852 4228 σου,
1906 4165 2005 4218 καί
2119 4170 2272 4213 terra:
2289 4159 2352 4212 “.

440 4257 555 4328 τὴν
579 4257 954 4326 κατὼχεσίν
981 4273 1098 4311 σου
1129 4260 1201 4312 τὰ
1225 4256 1450 4325 πέρατα
1476 4255 1586 4322 τῆς
1623 4253 1757 4324 γῆς.

509 4351 729 4406 Σύνετε
749 4348 825 4418 δὴ
853 4348 1112 4418 ἄφρονες
1139 4349 1208 4402 ἐν
1246 4347 1326 4414 τῷ
1353 4345 1501 4412 λαῷ,
1531 4347 1630 4400 καὶ
1656 4347 1842 4415 μωροί
1866 4362 2010 4399 ποτε

2190 4330 2354 4389 Vens.
2387 4335 2536 4391 8-H.
2593 4337 2881 4411 lntelligite
2935 4342 3236 4412 insipientes
3289 4351 3345 4401 in
3395 4347 3610 4417 populo,
3643 4359 3691 4401 et

439 4440 800 4510 φρονήσατε.
862 4441 914 4493 '0
973 4441 1283 4510 φυτεύσας
1338 4440 1403 4497 τὸ
1449 4435 1559 4505 οὖς
1608 4440 1718 4492 οὐκ
1769 4437 2016 4491 ἀκούσε-

2118 4426 2270 4479 stulti
2319 4428 2607 4498 aliquando
2655 4434 2843 4501 sapite.
2881 4433 2986 4501 Qui
3015 4437 3276 4504 plantavit
3326 4455 3530 4505 aurem,
3588 4456 3693 4495 non

411 4549 571 4596 -ται;
606 4531 643 4601 ἢ
679 4537 711 4586 ό
743 4531 986 4598 πλάσας
1015 4531 1122 4585 τὸν
1162 4530 1474 4600 ὀφθαλμὸν
1495 4532 1565 4584 οὐ
1596 4527 1874 4584 κατανοεῖ
1886 4545 1905 4592 ;
1949 4529 2012 4580 '0

2087 4574 2088 4589 η
2119 4518 2342 4574 audiet?
2375 4533 2467 4574 aut
2501 4524 2591 4592 qui
2632 4524 2789 4592 ﬁnxit
2821 4527 3050 4593 oculum,
3087 4547 3188 4584 non
3227 4531 3565 4588 considerat!
3588 4530 3693 4598 Qui

411 4625 735 4678 ,παιδεύων
777 4623 920 4690 ἔθνη
979 4621 1117 4691 οὐχί
1171 4619 1420 4690 ἐλέγξει,
1478 4623 1520 4682 ό,
1550 4618 1855 4673 διδάσκων
1903 4618 2010 4671 ἇν-

2117 4609 2525 4679 corripitgentes
2568 4630 2669 4668 non
2706 4627 2910 4687 arguet,
2942 4620 3032 4688 qui
3060 4619 3208 4674 docet
3226 4621 3485 4675 hominem
3519 4623 3691 4677 scien-

437 4721 675 4785 θρωπον
729 4714 984 4784 γνῶσιν;
1005 4715 1216 4782 Κύριος
1264 4712 1540 4780 γινώσκει
1574 4710 1715 4776 τοὺς
1741 4709 2009 4780 διαλογι-

2119 4698 2246 4751 tiam
2272 4701 2296 4752 .9
2327 4699 2582 4756 Dominus
2614 4705 2710 4757 scit
2740 4708 3075 4777 cogitationes
3115 4709 3407 4775 hominum,
3441 4714 3691 4782 quoniam

437 4806 632 4876 σμοὺς
657 4803 774 4859 τῶν
805 4802 1147 4871 ἀνθρώπων,
1195 4801 1282 4854 ὅτι
1317 4801 1434 4853 είσὶ
1456 4799 1711 4868 μάταιοι.
1756 4799 2010 4852 Ἀποδύσ-

2117 4807 2266 4844 vana:
2299 4802 2442 4847 sunt.
2474 4793 2770 4866 Postquam
2803 4801 3091 4869 impiorum
3123 4817 3292 4858 ausus
3317 4817 3462 4874 aegre
3506 4803 3690 4860 ferens

437 4901 678 4968 πετήσας
727 4897 822 4949 καὶ
872 4893 1227 4965 ἀνθρωπίνως
1271 4889 1756 4961 ἀποκλαυσάμενος
1801 4891 1828 4942 ὁ
1858 4891 2002 4961 Προ-

2114 4881 2382 4952 Propheta
2412 4886 2651 4943 humano
2693 4907 2844 4946 more
2873 4893 3122 4962 deﬂevit,
3153 4909 3217 4948 ac
3234 4903 3486 4964 precatus
3517 4897 3685 4952 dixit:

437 4992 613 5060 φήτης
642 4987 769 5056 περῖ¹
810 4985 916 5038 τῶν
943 4989 1055 5048 τοῖς
1084 4985 1300 5039 ἀσεϐέσι
1347 4983 1732 5054 τολμωμένων,
1768 4980 2004 5052 εὐξάμε-

2115 4973 2392 5040 Exaltare,
2426 4981 2517 5048 qui
2553 4981 2769 5049 judicas
2817 4992 3012 5037 terram
3037 5024 3052 5050 ,
3086 4984 3242 5039 redde
3297 4985 3689 5042 retributionem

435 5081 525 5143 νός
573 5097 632 5132 τε
684 5081 778 5134 καὶ
828 5076 1018 5132 εἰπών’
1073 5078 1130 5130 Ὺ
1129 5077 1355 5146 ψώθητι
1395 5080 1426 5130 ὀ
1457 5076 1676 5144 κρίνων
1697 5073 1810 5142 τὴν
1859 5072 2006 5144 γῆν,

2112 5071 2384 5139 superbis;
2423 5074 2515 5128 sed
2546 5080 2706 5130 etiam
2746 5077 2914 5132 Deum
2953 5081 3108 5149 quasi
3131 5083 3426 5136 commovit
3457 5090 3512 5138 et
3539 5082 3688 5137 exei-

433 5168 660 5234 άπόδος
698 5168 1104 5222 ἀνταπόδοσιν
1144 5166 1265 5232 τοῖς
1292 5166 1725 5234 ὑπερηφάνοις·
1751 5163 1886 5216 ἀλλὰ
1914 5163 2008 5218 καὶ

2111 5164 2244 5218 tavit
2277 5165 2362 5220 his
2391 5168 2599 5222 verbis:
2625 5169 2886 5239 Populum
2916 5183 3062 5225 tuum
3084 5183 3132 5227 et
3155 5173 3517 5230 hrvreditatem
3541 5184 3686 5230 tuam

431 5260 507 5324 ὡς
531 5262 860 5332 ἀνακινήσας
885 5259 974 5314 τὸν
997 5257 1148 5323 Θεὸν,
1174 5258 1268 5314 καὶ
1297 5257 1566 5328 διεγείρας
1592 5255 1678 5308 διὰ
1699 5255 1792 5309 τοῦ
1819 5252 2003 5323 φάναιο

2108 5267 2420 5310 vexaverant
2451 5268 2500 5312 et
2529 5259 2937 5315 humiliaverunt
2959 5304 2973 5328 ,
3005 5273 3054 5316 et
3105 5265 3373 5330 dixerunt,
3405 5283 3507 5320 non
3541 5266 3684 5322 vide-

439 5352 549 5406 Τὸν
565 5355 720 5406 λαόν
729 5367 844 5406 σου
877 5349 972 5404 καὶ
989 5349 1102 5417 τὴν
1123 5349 1529 5418 κληρονομίαν
1556 5363 1671 5401 σου
1687 5345 2006 5400 ἐκάκωσαν

2109 5347 2180 5398 bit
2204 5343 2483 5413 Dominus,
2510 5366 2600 5403 nec
2622 5352 2876 5423 intelliget
2907 5353 3047 5408 Deus
3067 5353 3272 5421 Iacob;
3303 5354 3541 5427 Spiritus
3565 5374 3689 5414 san-

432 5445 532 5496 καὶ
563 5445 994 5504 ἐταπείνωσαν,
1028 5441 1128 5495 καὶ
1162 5439 1356 5504 εἶπαν,
1387 5442 1498 5494 οὐκ
1528 5439 1739 5507 ὄψεται
1762 5439 1998 5507 Κύριος,

2108 5437 2182 5492 cti
2231 5440 2430 5495 virtute
2463 5442 2739 5510 repletur,
2773 5455 2826 5498 et
2877 5445 3035 5514 quasi
3085 5449 3438 5519 responderet
3485 5451 3554 5506 iis
3589 5451 3685 5521 qui

432 5534 573 5588 οὐδὲ
588 5534 846 5602 συνήσει
863 5539 894 5589 ὀ
914 5535 1058 5601 Θεὸς
1068 5535 1175 5589 τοῦ
1191 5531 1413 5589 ’Ῑακώόο
1441 5530 1778 5602 ἐμπίπλαται
1789 5530 1886 5600 τῆς
1905 5529 1998 5583 τοῦ

2108 5531 2356 5586 dixerant
2386 5551 2399 5588 :
2434 5530 2556 5587 Non
2594 5534 2784 5589 videbit
2816 5535 3096 5601 Dominus,
3136 5556 3227 5593 nec
3261 5541 3517 5612 intelliget
3542 5541 3687 5597 Deus

433 5625 588 5696 ἁγίου
619 5626 930 5696 Πνεύματος
955 5625 1256 5696 δυνάμεως,
1293 5623 1387 5680 καὶ
1415 5623 1490 5688 ὡς
1521 5622 1658 5694 πρὸς
1693 5622 1818 5684 τοὺς
1845 5621 1998 5692 εἰρη-

2107 5619 2296 5685 Jacob,
2326 5622 2408 5677 sic
2466 5621 2751 5694 loquitur:
2803 5623 2867 5679 Et
2917 5627 3224 5695 quomodo,
3277 5642 3314 5686 ο
3343 5643 3472 5685 vere
3505 5636 3689 5686 mento

505 5785 550 5816 νι
593 5781 748 5852 Deut.
781 5798 961 5846 xxx",
991 5782 1045 5837 9.
1121 5780 1170 5812 "
1204 5777 1400 5834 εἰει-ειη.
1439 5793 1537 5842 xtl,
1571 5776 1620 5831 7.
1698 5775 1742 5808 “
1780 5772 1926 5830 Psal.
1957 5789 2018 5837 II,
2052 5771 2103 5827 8-
