4068 6394
458 375 594 431 H99

1118 377 1383 433 EUSEBH
1408 379 1901 438 CESARIENSIS
1940 380 2089 437 OPP.
2134 382 2313 438 PARS
2350 382 2436 437 Ill.
2481 415 2548 422 —
2577 381 2989 438 EXEGETICA.

3512 367 3683 437 inde

456 493 608 557 caeci,
643 499 818 562 potest
848 508 957 546 non
990 493 1171 548 videre
1198 503 1250 549 et
1284 512 1391 549 non
1427 495 1634 559 audire,
1656 497 1749 565 qui
1780 497 1893 552 haec
1912 514 2015 552 non

2125 500 2305 564 κότας·
2324 502 2441 553 Οὐκ
2456 500 2659 568 ὄψεται
2677 503 2708 552 ὁ
2719 500 2947 567 Κύριος,
2967 496 3105 552 οὐδὲ
3121 485 3373 563 (Turrim-3t
3388 500 3421 551 ὁ
3438 498 3576 564 Θεὸς
3588 500 3695 552 τοῦ

455 587 781 642 habentibus
819 586 1093 655 impertit?
1125 585 1257 639 Nam
1312 588 1359 640 is
1404 595 1550 641 certe
1590 590 1683 657 qui
1719 589 1842 643 aliis
1872 589 2025 658 quid-

454 676 597 747 piam
627 676 927 745 elargitur,
987 677 1138 745 prior
1186 677 1372 745 utique
1424 676 1587 731 habet
1632 692 1695 732 ea
1744 694 1865 747 qua:
1902 680 2023 735 aliis

454 768 839 821 communicat.
882 766 977 821 Est
1030 783 1193 837 porro
1236 784 1413 822 sermo
1440 769 1738 838 syllogismi
1775 772 1880 824 ritu
1906 786 2024 839 pio-

454 858 596 913 latus
653 868 707 912 et
767 860 1129 913 concinnatus
1188 860 1254 913 ad
1315 861 1666 929 providentiae
1714 861 2022 916 doctrinam

452 949 932 1018 comprobandam.
983 950 1085 1004 Par
1128 959 1304 1004 autem
1344 960 1460 1004 erat
1487 953 1553 1006 iis
1583 953 1817 1007 maxime
1872 954 2021 1006 Scri-

410 1051 416 1055 ‘
449 1049 623 1112 ptura:
650 1040 847 1095 divina:
872 1042 1004 1095 locis
1028 1044 1263 1095 animum
1295 1043 1570 1105 adhibere,
1596 1051 1655 1097 ut
1681 1043 2019 1107 ostendatur,

447 1147 558 1188 non
592 1133 803 1187 ratione
848 1149 1073 1187 vacuam
1119 1135 1192 1189 ibi
1238 1134 1395 1187 fidem
1445 1136 1603 1190 nobis
1654 1134 1874 1199 offerri,
1926 1135 2021 1190 sed

446 1225 613 1280 claris
642 1226 945 1280 ratiociniis
1000 1234 1052 1280 et
1106 1227 1662 1283 demonstrationibus
1698 1229 1884 1299 logicis
1930 1229 2022 1282 do-

445 1315 636 1368 ctrina:
656 1317 974 1371 testimonia
1005 1317 1272 1370 exhiberi.
1308 1318 1572 1371 Sexcenta
1604 1326 1784 1371 autem
1817 1319 2019 1373 similia

446 1404 503 1457 in
527 1405 703 1459 sacris
730 1405 915 1460 Bibliis
945 1421 1245 1474 conspersa
1269 1416 1420 1461 sunt.
1458 1408 1798 1478 Syllogismis
1838 1409 2020 1479 itaque

446 1494 644 1563 impios
672 1503 725 1548 et
764 1495 953 1549 atheos
996 1495 1260 1558 confutat,
1287 1497 1378 1565 qui
1407 1496 1658 1550 dicebant
1709 1498 1873 1551 Deum
1925 1498 2021 1551 liu-

446 1598 607 1637 mana
631 1600 738 1639 non
768 1586 1055 1654 respicere.
1084 1584 1228 1642 Heus
1256 1602 1374 1651 vos,
1410 1588 1604 1657 inquit,
1632 1589 2020 1644 animaliumne

446 1682 642 1729 natura
682 1692 778 1744 per
818 1692 876 1730 se
906 1686 1095 1745 sponte
1125 1679 1388 1741 substitit,
1424 1694 1489 1731 an
1520 1693 1548 1731 a
1585 1678 1817 1748 quadam
1853 1694 2017 1735 causa

2138 590 2350 653 Ἰακὼϐ,
2380 591 2727 661 ἀποκρίνεται
2759 590 2948 658 λέγων’
2966 591 3074 643 Καὶ
3107 590 3242 655 πῶς,
3265 585 3309 642 ὦ
3330 589 3426 660 τὴν
3458 590 3697 643 διάνοιαν

2124 683 2338 753 ἀληθῶς
2371 682 2579 751 τυφλοὶ,
2621 683 2681 735 οὐ
2714 682 2934 735 δύναται
2970 682 3042 752 μὴ
3086 682 3237 753 όρᾷν,
3276 682 3409 752 μηδὲ
3456 683 3695 745 ἀκούειν,

2122 776 2150 827 ὁ
2176 778 2286 837 τοῖς
2314 774 2387 845 μὴ
2423 775 2602 844 ἔχουσι
2642 772 2813 826 ταῦτα
2851 774 3297 846 παρασχόμενος;
3340 773 3561 834 Πάντως
3586 773 3698 843 γάρ

2124 883 2223 918 που
2262 868 2290 918 ό
2336 866 2643 936 μεταδιδοὺς
2694 866 2897 937 ἑτέροις
2954 865 3165 936 πρῶτος
3220 864 3380 928 αὐτὸς
3434 864 3698 933 κέκτηται

2120 954 2311 1016 ταῦτα,
2345 949 2418 1005 ὧν
2458 954 2823 1024 μεταδίδωσιν.
2860 955 3012 1007 Ἔστι
3056 954 3111 1006 δὲ
3142 956 3170 1006 ό
3200 953 3353 1021 λόγος
3386 953 3525 1006 κατά
3566 953 3698 1005 συλλ

2081 1043 2086 1048 ’
2122 1043 2377 1114 λογισμὸν
2425 1045 2711 1114 εἰρημένος
2754 1046 2849 1098 καὶ
2888 1045 3386 1107 κατασκευαστικὸς
3434 1044 3525 1097 τοῦ
3564 1044 3696 1115 περὶ⁴

2122 1136 2373 1206 προνοίας
2417 1136 2698 1206 δόγματος.
2735 1138 2984 1206 Προσῆκε
3012 1136 3067 1189 δὲ
3108 1137 3336 1206 μάλιστα
3370 1139 3479 1198 τοῖς
3520 1137 3700 1189 τοιού-

2119 1243 2231 1289 τοις
2253 1227 2359 1279 τῶν
2381 1226 2539 1279 θείων
2566 1227 2793 1298 Γραφῶν
2820 1228 3105 1297 ἐφιστάναι
3131 1229 3218 1279 τὸν
3240 1227 3363 1278 νοῦν
3385 1228 3586 1289 τόπυις,
3612 1229 3698 1291 εἰς

2121 1316 2393 1381 ἀπόδειξιν
2422 1316 2515 1369 τοῦ
2561 1317 2633 1386 μὴ
2684 1316 2875 1385 ἄλογον
2910 1317 3089 1368 πίστιν
3134 1315 3529 1387 προϐάλλεσθαι
3563 1318 3697 1385 ἡμῖν

2120 1408 2213 1461 ὑπ’
2244 1406 2441 1472 αὐτῶν,
2493 1411 2629 1476 μετά
2681 1406 2954 1476 λογισμῶν
2983 1407 3039 1459 δὲ
3072 1406 3316 1477 ἐναργῶν
3356 1408 3450 1459 καὶ
3482 1407 3697 1459 ἀποδεί-

2121 1499 2254 1564 ξεων
2278 1499 2509 1568 λογικῶν
2529 1498 2626 1562 τάς
2650 1499 2756 1551 τῶν
2780 1499 3060 1569 δογμάτων
3090 1500 3389 1568 μαρτυρίας
3411 1502 3694 1570 παρέχειν·

2117 1591 2304 1663 Μυρία
2340 1590 2384 1643 δ’
2417 1589 2482 1642 ἂν
2512 1590 2596 1661 εἴη
2640 1589 2862 1643 τοιαῦτα
2915 1593 3035 1651 ταῖς
3079 1591 3252 1659 ἱεραῖς
3316 1588 3516 1659 βίϐλοις
3561 1606 3696 1642 κατ-

2118 1682 2454 1753 εσπαρμένοι.
2491 1680 2861 1748 Συλλογίζεται
2892 1680 3174 1751 τοιγαροῦν
3205 1681 3329 1743 τοὺς
3366 1679 3577 1743 ἀσεϐεῖς
3600 1681 3697 1732 καὶ

446 1766 665 1819 condita
695 1767 812 1821 est?
839 1769 881 1821 si
908 1768 1121 1821 dicatur
1158 1769 1300 1821 enim
1334 1776 1567 1831 temere,
1622 1785 1685 1822 ac
1716 1778 1860 1824 sorte
1882 1786 2015 1840 qua-

2118 1772 2309 1835 ἁθὲους
2330 1773 2423 1825 τοῦ
2452 1772 2525 1843 μὴ
2548 1774 2747 1843 ἑφορᾷν
2774 1777 2864 1824 τὸν
2885 1772 3016 1824 Θεὸν
3039 1772 3106 1824 τὰ
3130 1770 3442 1843 ἀνθρώπινα
3464 1772 3694 1841 φάσκον-

446 1856 593 1921 dam,
629 1859 744 1913 sine
771 1860 982 1913 ratione
1027 1868 1081 1913 et
1123 1868 1315 1929 sponte
1366 1875 1462 1914 sua
1497 1860 1604 1913 vita
1654 1869 1924 1915 carentem
1964 1870 2015 1915 et

2115 1881 2233 1926 τας.
2270 1865 2479 1935 Πότερα
2505 1864 2634 1934 γὰρ,
2666 1871 2850 1933 φησὶν,
2880 1858 2924 1915 ὦ
2948 1857 3112 1924 οὗτοι,
3144 1863 3443 1932 αὐτόματος
3481 1862 3690 1931 ὑπέστη

446 1947 800 2002 inanimatam
830 1951 1111 2004 materiam
1143 1958 1223 2004 tot
1254 1950 1532 2014 animalia,
1560 1958 1615 2003 et
1655 1952 1885 2022 singulis
1924 1968 2018 2021 ge-

444 2042 671 2098 neribus
695 2042 920 2095 inditam
953 2042 1259 2109 hujusmodi
1288 2043 1730 2096 constitutionem
1752 2083 1766 2106 ,
1812 2043 2016 2099 formas

446 2136 575 2189 item
622 2142 675 2188 et
709 2134 940 2204 species,
979 2148 1041 2186 ac
1069 2140 1270 2185 tantam
1302 2133 1538 2201 partium
1569 2141 1621 2187 et
1649 2134 2014 2188 membrorum

448 2226 868 2279 concinnitatem
895 2265 910 2289 ,
969 2223 1388 2294 pulchritudinis
1445 2226 1758 2278 varietatem
1785 2267 1799 2289 ,
1848 2218 1907 2279 et
1938 2234 2017 2279 tot

446 2318 761 2372 discrimina
785 2316 1048 2386 producta
1083 2332 1237 2380 esse;
1274 2316 1498 2369 stultum
1551 2326 1699 2371 certe
1738 2317 2015 2372 insanum-

447 2426 553 2480 que
587 2410 746 2463 fuerit
766 2408 920 2472 illud,
942 2418 995 2461 et
1029 2408 1307 2461 hominum
1340 2408 1430 2477 qui
1455 2422 1581 2462 vere
1609 2408 1789 2461 anima
1813 2409 2014 2461 mortui

447 2500 668 2564 fuerint,
697 2499 1078 2553 ’ratiocinium.
1128 2496 1411 2562 Quomodo
1467 2496 1611 2550 enim
1656 2496 1799 2566 quod
1849 2497 2013 2550 vitam

447 2607 556 2645 non
586 2591 747 2645 habet
781 2590 936 2644 alteri
983 2590 1292 2658 impertiat?
1320 2597 1412 2642 aut
1442 2590 1715 2658 quomodo
1743 2588 2014 2643 inanima-

446 2681 562 2737 tum
614 2682 847 2736 animam
902 2681 1286 2736 constituerit?
1319 2689 1411 2737 aut
1458 2683 1831 2737 irrationabile
1878 2697 2014 2751 quo-

446 2776 610 2831 modo
631 2774 906 2845 quidpiam
936 2774 1259 2829 rationabile
1303 2773 1663 2843 produxerit?
1693 2772 1812 2838 Quo
1858 2782 2015 2842 pacto

444 2868 683 2937 primum
714 2865 1038 2928 movebitur,
1063 2872 1156 2918 aut
1180 2865 1323 2918 aliud
1358 2854 1612 2930 movebit,
1645 2865 1789 2934 quod
1826 2880 1891 2919 ex
1920 2880 2016 2917 na-

446 2966 569 3011 tura
622 2972 721 3011 sua
754 2957 1029 3011 immobile
1076 2956 1184 3011 sit?
1234 2955 1669 3023 llujusmodi'est
1697 2965 1856 3011 terra:
1904 2957 2015 3011 ele-

447 3060 709 3113 mentum,
729 3064 792 3102 ev
818 3063 925 3117 quo
947 3049 1127 3101 omnia
1161 3056 1216 3102 et
1234 3049 1381 3101 varia
1408 3047 1656 3115 prodiere
1694 3048 2010 3101 animalium

446 3154 643 3209 genera
664 3178 677 3202 ,
710 3153 829 3207 qua:
872 3138 1045 3194 oculis
1068 3178 1084 3204 ,
1132 3138 1356 3192 auribus
1407 3139 1727 3208 cauet-isque
1760 3139 2013 3196 sensibus
2038 3176 2086 3238 ο

447 3234 714 3287 instructa
736 3240 881 3295 sunt,
902 3232 1032 3293 vita,
1053 3240 1198 3286 motu
1220 3239 1274 3287 et
1298 3232 1535 3302 appetitu
1562 3232 1826 3301 praedita?
1851 3233 2012 3287 homo

443 3339 573 3379 vero
624 3324 691 3379 iis
720 3325 877 3393 longe
898 3313 1136 3392 praestat',
1160 3337 1284 3377 cum
1315 3323 1384 3378 sit
1405 3332 1614 3377 natura:
1643 3323 2009 3388 rationabilis,

445 3430 510 3471 ac
539 3415 736 3469 mentis
762 3422 815 3469 et
852 3415 1095 3469 scientiae
1123 3428 1313 3483 capax.
1348 3413 1487 3468 Num
1515 3414 1678 3484 igitur
1701 3429 1769 3469 ex
1801 3413 2013 3469 ratione

443 3520 618 3560 vacuo
651 3513 706 3560 et
738 3506 1035 3559 inanimato
1067 3506 1333 3565 elemento
1380 3504 1492 3557 haec
1538 3505 1721 3557 omnia
1753 3504 2007 3559 substite-

441 3598 612 3652 runt?
640 3598 708 3651 At
733 3613 855 3653 eum
887 3598 981 3667 qui
1014 3597 1126 3650 haec
1156 3595 1400 3652 conﬁteri
1428 3597 1583 3659 nolit,
1618 3597 1693 3649 rei
1729 3595 1901 3665 ipsius
1930 3598 2012 3651 vis

442 3696 498 3744 et
529 3688 764 3744 efﬁcacia
797 3688 994 3751 vincit,
1042 3703 1104 3742 ac
1143 3687 1319 3757 ipsum
1366 3688 1616 3741 naturale
1661 3687 2010 3741 ratiocinium

440 3796 571 3836 vera
594 3781 776 3836 dicere
806 3781 984 3850 cogit;
1022 3782 1281 3834 nimirum
1308 3795 1405 3834 nec
1434 3779 1790 3833 inanimatam
1836 3789 2009 3832 mate-

441 3876 580 3927 riam
608 3912 624 3937 ,
667 3888 841 3942 neque
877 3872 1084 3926 aridam
1129 3874 1445 3941 rationeque
1497 3885 1722 3926 vacuam
1757 3869 2010 3925 substan-

441 3968 598 4029 tiam,
640 3966 835 4019 horum
884 3979 1006 4018 esse
1052 3978 1318 4018 causam:
1370 3963 1465 4018 sed
1522 3962 1711 4016 mundi
1760 3961 2009 4031 opificem

442 4073 566 4112 esse
604 4065 837 4111 mentem
862 4057 1149 4127 quamdam
1187 4057 1425 4111 divinam
1466 4064 1519 4109 et
1548 4034 1889 4119 creatricem,
1918 4054 2010 4108 Dei

443 4163 637 4217 nempe
669 4146 922 4210 Verbum,
952 4164 1136 4202 rerum
1173 4148 1416 4201 omnium
1449 4147 1732 4210 factorem,
1768 4148 1857 4217 qui
1896 4156 2010 4200 tum

444 4238 671 4305 reliquis
698 4224 975 4300 omnibus,
1003 4244 1115 4290 tum
1152 4238 1252 4306 ipsi
1286 4237 1491 4291 homini
1535 4252 1728 4292 sensus
1762 4241 2011 4307 corporis

444 4328 662 4392 indidit,
694 4335 748 4382 et
780 4328 974 4380 anima:
999 4327 1251 4381 humana:
1269 4327 1820 4397 ratiocinium,atque
1846 4331 2009 4383 etiam

444 4429 701 4483 mentem,
732 4432 839 4489 qua
866 4428 1116 4472 naturam
1146 4435 1327 4473 rerum
1358 4420 1706 4486 consideret;
1738 4435 1801 4475 ac
1834 4420 2009 4475 oculis

441 4510 680 4578 quidem,
706 4507 941 4563 visibilia
970 4509 1259 4577 respiciat;
1294 4510 1516 4563 auribus
1561 4524 1725 4573 vero,
1761 4510 1815 4564 in
1855 4511 2012 4564 audi-

443 4611 556 4653 tum
592 4602 840 4655 cadentia
870 4602 1093 4666 audiat;
1129 4602 1489 4671 cogitationes
1528 4602 1743 4656 demum
1764 4645 1778 4668 ,
1810 4603 2011 4658 intelli-

441 4693 624 4762 gibilia
654 4693 1096 4762 comprehendat.
1124 4692 1226 4758 Qui
1251 4694 1414 4762 igitur
1444 4693 1555 4747 ﬁeri
1599 4702 1777 4763 potest
1806 4703 1884 4757 ut,
1916 4695 2010 4764 qui

441 4784 565 4837 aliis
592 4782 899 4837 facultatem
933 4783 1171 4845 videndi,
1202 4798 1364 4852 quam
1394 4799 1461 4837 ex
1492 4799 1550 4837 se
1578 4798 1685 4837 non
1712 4784 2007 4849 habebant,

444 4873 726 4941 impertiit,
756 4888 865 4926 non
918 4872 1033 4941 ipse
1069 4873 1288 4927 videat?
1342 4874 1443 4939 Qui
1478 4874 1593 4929 fieri
1626 4883 1803 4944 potest
1838 4884 1898 4929 ut
1925 4877 1971 4931 is
1994 4917 2009 4941 ,

442 4962 539 5031 qui
574 4963 630 5015 in
658 4970 876 5017 terreno
905 4970 958 5017 et
988 4964 1132 5018 luteo
1161 4979 1291 5020 vase
1317 4966 1559 5019 auditum
1595 4977 1645 5019 et
1671 4982 1855 5020 aurem
1890 4983 2012 5035 per-

444 5055 679 5117 foravit,
732 5055 806 5108 ita
843 5062 897 5109 ut
941 5062 1090 5109 muta
1120 5064 1173 5109 et
1208 5056 1372 5111 surda
1411 5058 1661 5121 materia,
1694 5073 1757 5112 ea
1791 5070 1911 5128 quae
1941 5059 2008 5113 ad

444 5161 628 5200 aurem
654 5146 1004 5215 proferuntur
1032 5148 1235 5215 audiat,
1276 5163 1383 5202 non
1423 5150 1537 5217 ipse
1568 5150 1763 5205 melius
1793 5157 1845 5205 et
1874 5165 2011 5220 pra:-

442 5240 681 5295 stantius
707 5239 828 5294 aliis
856 5240 1108 5294 omnibus
1143 5240 1407 5296 humanas
1442 5243 1800 5312 cogitationes
1829 5244 2009 5314 perci-

447 5330 596 5399 piat?
658 5329 810 5395 ουοά
844 5330 888 5385 si
928 5331 1197 5385 universae
1232 5346 1328 5401 per
1369 5332 1555 5387 orbem
1606 5343 1788 5403 gentes
1816 5374 1830 5398 ,
1885 5349 2010 5388 cum

444 5423 690 5476 barbara:
710 5432 821 5476 tum
843 5423 1064 5487 Graecae,
1100 5424 1333 5477 naturali
1362 5424 1775 5494 cogitationum,
1814 5441 1950 5495 quas
1980 5442 2011 5480 a

442 5511 555 5565 Deo
588 5522 931 5582 acceperunt.
967 5515 1203 5583 impulsu
1230 5554 1244 5577 ,
1303 5516 1567 5584 quasdam
1622 5517 1723 5571 sibi
1779 5518 1922 5587 leges
1956 5525 2012 5571 et

445 5603 862 5659 constitutiones
899 5605 1289 5672 eﬂ‘ormarunt;
1324 5607 1595 5675 quomodo
1640 5609 1686 5661 is
1717 5609 1807 5677 qui
1844 5609 2009 5663 talem

447 5694 580 5761 ipsis
616 5695 951 5762 prudentiam
986 5697 1211 5756 indidit,
1242 5713 1350 5751 non
1392 5707 1583 5768 arguat
1615 5715 1711 5754 eos
1738 5699 1831 5769 qui
1873 5716 2011 5769 pr:e«

445 5791 530 5839 ter
549 5792 803 5840 naturam
835 5800 896 5840 ac
940 5795 1130 5848 praeter
1167 5802 1354 5841 sanam
1404 5796 1636 5843 mentem
1680 5789 1811 5853 quid
1853 5804 2009 5853 agere

2118 1953 2223 2007 τῶν
2258 1952 2411 2015 ζώων
2440 1956 2472 2022 ὴ
2506 1952 2684 2021 φύσις,
2719 1952 2752 2023 ἢ
2799 1953 3019 2021 γέγονεν
3066 1951 3129 2004 ἐκ
3170 1969 3315 2013 τινος
3367 1950 3579 2015 αἰτίους
3617 1951 3694 2001 Τὸ

2117 2047 2216 2117 μὲν
2241 2041 2333 2098 οῦν
2357 2045 2586 2114 φάσκειν
2619 2048 2739 2115 εἰκῇ
2770 2046 2863 2098 καὶ
2888 2045 2963 2108 ὼς
2998 2044 3201 2115 ἔτυχεν,
3236 2044 3447 2112 ἀλόγως
3474 2044 3567 2097 καὶ
3588 2045 3691 2097 ab-

2115 2136 2369 2205 τομάτως
2390 2135 2487 2205 τὴν
2514 2133 2687 2197 ἄζωον
2718 2136 2811 2187 καὶ
2848 2133 3050 2202 ἄψυχον
3078 2135 3172 2187 καὶ
3205 2135 3428 2204 ἀνόητον
3467 2133 3595 2203 ὓλην
3620 2134 3691 2187 τὰ

2113 2226 2349 2278 τοσαῦτα
2400 2223 2515 2288 ζῶα
2558 2225 2650 2278 καὶ
2692 2225 2789 2295 τὴν
2836 2227 2916 2292 ἐφ’
2947 2227 3157 2295 ἑκάστῳ
3190 2226 3332 2293 γένει
3378 2225 3491 2278 τῶν
3536 2224 3690 2289 ζώων

2115 2316 2320 2368 τοιάνδε
2351 2316 2712 2386 κατασκευὴν,
2745 2317 2843 2378 τάς
2873 2333 2932 2367 τε
2965 2319 3020 2368 ἐν
3042 2318 3225 2379 αὐτοῖς
3251 2318 3461 2387 μορφὰς
3501 2318 3593 2370 καὶ
3619 2318 3689 2369 τὰ

2114 2407 2229 2477 εἴδη
2263 2408 2356 2460 καὶ
2382 2408 2481 2480 τὴν
2512 2407 2778 2478 τοσαύτην
2805 2408 2913 2461 τῶν
2949 2409 3142 2479 μερῶν.
3156 2425 3214 2460 τε
3247 2409 3340 2462 κα)⁵
3376 2407 3551 2478 μελῶν
3573 2408 3689 2461 διά-

2114 2497 2282 2562 θεσιν,
2314 2500 2411 2570 τήν
2438 2516 2498 2551 τε
2536 2498 2626 2551 τοῦ
2661 2499 2887 2562 κάλλους
2918 2499 3207 2562 ποικιλίαν,
3233 2500 3328 2552 καὶ
3369 2502 3467 2562 τὰς
3498 2501 3689 2553 τοσαύο

2112 2606 2211 2653 τας
2249 2590 2511 2661 διαφορὰς
2540 2586 2979 2660 προενηνοχένάι,
3016 2591 3217 2662 σφόδρα
3248 2592 3427 2664 μωρὸν
3452 2594 3544 2644 καὶ
3574 2592 3691 2661 ἡλί-

2115 2682 2248 2745 θιον,
2275 2683 2367 2735 καὶ
2383 2682 2589 2751 ἀνδρῶν
2607 2682 2680 2745 ὡς
2704 2673 2917 2751 ἀληθῶς
2933 2682 3030 2745 τὰς
3045 2681 3223 2753 ψυχὰς
3248 2684 3685 2754 νενεκρωμένων.

2114 2773 2238 2836 Πῶς
2273 2772 2381 2844 γάρ
2412 2773 2472 2825 τὸ
2506 2773 2580 2845 μὴ
2613 2772 2757 2843 ζωῆς
2788 2775 3011 2843 μετέχον
3039 2773 3183 2845 ζωὴν
3204 2774 3376 2845 ἑτέρῳ
3409 2774 3474 2828 ἂν
3512 2777 3687 2846 παρά·

2114 2882 2265 2936 σχοι;
2292 2866 2326 2937 ῆ
2363 2866 2423 2918 τὸ
2450 2864 2653 2935 ἄψυχον
2684 2866 2798 2927 πῶς
2828 2865 2893 2919 ἂν
2916 2866 3093 2936 ψυχὴν
3132 2867 3527 2936 ύποστήσαιτο;
3561 2867 3594 2938 ἢ
3627 2866 3689 2920 τὸ

2113 2958 2307 3025 ἄλογον
2334 2958 2451 3020 πῶς
2475 2957 2541 3011 ἂν
2566 2958 2778 3026 λογικόν
2805 2975 2858 3011 τι
2877 2959 3337 3026 κατασκευάσειε;
3362 2960 3486 3023 Πῶς
3506 2960 3560 3012 δὲ
3587 2958 3686 3029 τὴν

2113 3051 2287 3121 ἀρχὴν
2316 3050 2685 3122 κινηθήσεται,
2718 3051 2751 3122 ἢ
2781 3050 2898 3114 πῶς
2936 3051 3121 3123 ἕτερον
3150 3053 3358 3122 κινήσει
3387 3052 3446 3105 τὸ
3478 3052 3536 3117 ἐξ
3562 3052 3690 3103 ἑαυα-

2115 3142 2209 3194 τοῦ
2247 3142 2344 3213 τὴν
2373 3143 2532 3212 φύσιν
2552 3142 2805 3213 ἀκίνητον
2825 3159 2839 3207 ;
2869 3143 3120 3196 Τοιοῦτον
3143 3142 3198 3195 δὲ
3223 3141 3284 3194 τὸ
3306 3141 3406 3211 τῆς
3427 3142 3529 3212 γῆς
3553 3154 3689 3193 στοι-

2119 3234 2281 3301 χεῖον,
2311 3232 2369 3298 ἐξ
2397 3224 2457 3284 οῦ
2501 3234 2726 3285 παντοῖα
2755 3231 2985 3303 προῆλθε
3021 3230 3173 3295 ζώων
3201 3232 3353 3302 γένη,
3378 3232 3687 3302 ὀφθαλμοὺς

2118 3322 2308 3391 ἔχοντα
2336 3322 2429 3374 καὶ
2455 3316 2568 3374 ὦτα
2617 3322 2711 3375 καὶ
2732 3322 2799 3375 τά
2830 3321 2991 3374 λοιπά
3033 3320 3378 3394 αἰσθητήρια,
3415 3320 3562 3391 ζωῆς
3594 3322 3686 3374 καὶ

2118 3412 2382 3480 κινήσεως
2413 3411 2506 3463 καὶ
2550 3410 2727 3481 ὁρμῆς
2775 3410 3006 3480 μέτοχα;
3039 3410 3322 3482 ἄνθρωπος
3353 3411 3410 3463 δὲ
3440 3412 3534 3463 καὶ
3566 3412 3687 3464 τού-

2116 3516 2224 3553 των
2254 3501 2516 3568 ἐπάγεται
2542 3502 2726 3566 πλέον,
2758 3501 2979 3572 λογικῆς
3020 3499 3095 3554 ὢν
3123 3502 3356 3570 φύσεως,
3384 3502 3477 3555 νοῦ
3502 3519 3559 3555 τε
3591 3504 3687 3555 καὶ

2118 3593 2425 3663 ἐπιστήμης
2468 3593 2714 3657 δεκτικὸς
2756 3594 3057 3665 τυγχάνων.
3086 3591 3209 3665 Ἆρ’
3235 3589 3328 3647 οῦν
3378 3593 3435 3659 ἐξ
3487 3593 3682 3661 ἀλόγου

2117 3686 2210 3738 καὶ
2232 3685 2437 3755 ἀψύχου
2462 3687 2721 3755 στοιχείου
2740 3686 2809 3738 τά
2834 3686 3008 3740 τοιάδε
3039 3687 3213 3739 πάντα
3237 3686 3479 3755 ὑπέστη;
3520 3685 3684 3739 Ἀλλά

2117 3777 2212 3828 καὶ
2249 3777 2341 3829 τὸν
2381 3778 2454 3848 μὴ
2490 3777 2805 3848 βουλόμενον
2836 3777 3113 3847 ὁμολογεῖν
3145 3776 3280 3829 αὐτὰ
3319 3778 3505 3846 νικᾷ,ή
3537 3776 3685 3845 ἐνέρ-

2117 3885 2259 3937 γεια,
2289 3869 2381 3922 καὶ
2413 3871 2440 3921 ό
2462 3869 2601 3922 κατά
2640 3868 2799 3936 φύσιν
2844 3868 3099 3938 λογισμὸς
3128 3868 3331 3938 τάληθῆ
3374 3867 3553 3933 λέγειν
3593 3869 3681 3918 ἑκ-

2117 3959 2379 4023 ϐιάζεται,
2406 3960 2467 4012 τὸ
2494 3962 2566 4031 μὴ
2587 3961 2683 4029 τὴν
2705 3960 2906 4030 ἄψυχον
2930 3959 3082 4029 ὕλην,
3115 3960 3251 4030 μηδὲ
3271 3959 3367 4030 τὴν
3398 3958 3577 4029 ξηράν
3589 3960 3681 4010 καὶ

2116 4052 2308 4121 ἄλογον
2336 4053 2519 4106 οὐσίαν
2547 4052 2748 4105 τούτων
2776 4051 3040 4123 ὑπάρχειν
3072 4051 3248 4104 αἰτίαν
3267 4069 3280 4081 ο
3312 4051 3435 4104 νοῦν
3467 4051 3522 4103 δέ
3559 4067 3677 4103 τινα

2118 4144 2259 4197 θεῖον
2291 4146 2383 4197 καὶ
2404 4144 2790 4215 δημιουργικὸν
2818 4140 2953 4196 εἶναι
2983 4143 3152 4210 Λόγον
3183 4143 3316 4195 Θεοῦ
3349 4143 3438 4195 τὸν
3479 4159 3676 4211 κοσμο-

2118 4235 2289 4298 ποιὸν,
2320 4235 2413 4287 καὶ
2445 4236 2659 4287 πάντων
2705 4234 2933 4304 ποιητὴν
2974 4233 3154 4295 αὑτὸν,
3189 4233 3279 4285 καὶ
3319 4236 3430 4295 τοῖς
3475 4232 3678 4295 λοιποῖς

2117 4328 2286 4382 ἅπασι
2321 4328 2413 4380 καὶ
2440 4326 2587 4397 αὐτῴ
2611 4325 2880 4396 ἀνθρώπῳ
2914 4324 3189 4397 αἰσθήσεις
3209 4325 3473 4378 δεδωκότα
3496 4324 3678 4395 σώμα-

2114 4437 2227 4483 τος,
2260 4420 2355 4473 καὶ
2389 4419 2567 4489 ψυχῆς
2602 4418 2879 4488 λογισμὸν,
2909 4419 3003 4472 καλ⁸
3033 4418 3157 4473 νοῦν
3195 4418 3329 4488 πρὸς
3364 4417 3573 4479 τούτοις
3598 4418 3679 4479 εἰς

2048 4531 2090 4583 ι)
2113 4512 2175 4566 τὸ
2201 4512 2509 4565 ἐπιϐάλλειν
2536 4515 2601 4582 τῇ
2626 4511 2782 4579 φύσει
2811 4510 2920 4564 τῶν
2943 4511 3277 4582 πραγμάτων
3297 4528 3309 4540 ·
3344 4510 3436 4562 καὶ
3460 4509 3675 4578 θεωρεῖν

2118 4598 2216 4674 μὲν
2248 4603 2544 4673 ὀφθαλμοῖς
2571 4604 2638 4656 τά
2660 4601 2851 4674 όρατά,
2875 4602 2977 4654 ὠσὶ
3004 4602 3059 4654 δὲ
3084 4601 3151 4653 τά
3174 4600 3413 4654 ἀκουστά
3438 4599 3675 4660 ἀκούειν,

2112 4694 2354 4765 λογισμῷ
2384 4695 2441 4748 δὲ
2477 4695 2710 4749 συνιέναι
2740 4694 2810 4747 τά
2845 4694 3025 4762 νοητά.
3074 4692 3193 4756 Πῶς
3223 4687 3314 4745 οῦν
3360 4685 3470 4743 οἷόν
3501 4707 3558 4744 τε
3587 4690 3676 4742 τὸν

2112 4788 2317 4859 ἑτέροις
2338 4790 2449 4849 τοῖς
2485 4786 2558 4857 μὴ
2580 4789 2708 4858 παρ’
2737 4786 2942 4840 ἑαυτῶν
2971 4786 3150 4855 έχουσι
3176 4782 3557 4854 παρεσχηκότα
3578 4780 3677 4851 τὴν

2112 4877 2371 4949 ὁρατικὴν
2402 4877 2647 4947 δύναμιν,
2691 4876 2849 4930 αὐτὸν
2896 4875 2970 4946 μὴ
2999 4876 3161 4946 όρᾷν;
3197 4873 3320 4935 Πῶς
3364 4873 3422 4924 δὲ
3453 4871 3676 4925 δυνατὸν

2111 4968 2201 5021 τὸν
2243 4970 2300 5020 ἐν
2332 4967 2409 5038 τῷ
2457 4969 2645 5036 γεώδει
2693 4969 2783 5021 καὶ
2822 4968 3029 5038 πηλίνῳ
3082 4963 3264 5019 σκεύει
3316 4963 3679 5033 διατρήσαντα

2111 5061 2281 5131 ἀκοὴν
2312 5060 2405 5114 καὶ
2432 5055 2544 5122 οῦς,
2577 5058 2724 5112 ἔνθεν
2758 5059 2825 5112 τά
2857 5062 2936 5121 εἰς
2968 5053 3083 5111 ὦτα
3115 5055 3332 5110 ἀκούειν
3377 5058 3475 5126 τὴν
3514 5057 3677 5108 ἄναυ-

2111 5152 2200 5203 δον
2243 5150 2337 5204 καὶ
2374 5150 2562 5221 κωφὴν
2596 5150 2725 5221 ὓλην
2761 5150 2868 5203 τῶν
2908 5148 3101 5214 ἔξωθεν
3146 5148 3337 5218 φωνῶν
3370 5147 3565 5209 αὐτῶν,
3604 5146 3676 5216 μὴ

2112 5243 2232 5313 οὐχὶ
2263 5243 2371 5314 πρὸ
2403 5242 2614 5295 πάντων
2649 5241 2779 5295 πολὺ
2812 5242 3132 5312 κρειττόνως
3159 5242 3252 5294 καὶ
3282 5239 3543 5311 μειζόνως
3571 5241 3678 5298 τοῖς

2111 5335 2219 5388 τῶν
2265 5334 2566 5405 ἀνθρώπων
2598 5334 2872 5388 ἐπιϐάλλει
2910 5334 3218 5404 λογισμοῖς;
3252 5335 3315 5385 Εἰ
3357 5318 3412 5385 δὲ
3448 5332 3544 5385 καὶ
3584 5330 3676 5382 ὅλα

2113 5424 2239 5494 ἔθνη
2268 5425 2336 5478 τά
2354 5427 2446 5476 ἐπὶ
2466 5426 2569 5495 γῆς
2593 5425 2840 5497 βάρϐαρά
2868 5443 2926 5479 τε
2959 5426 3053 5480 καὶ
3091 5424 3399 5495 Ἑλληνικὰ,
3428 5422 3674 5492 φυσικαῖς

2113 5515 2342 5578 ἐννοίαις
2382 5516 2691 5586 κινούμενα,
2731 5517 2797 5580 ἃς
2830 5518 2933 5570 ὑπὸ
2979 5517 3113 5570 Θεοῦ
3163 5516 3439 5586 εἰλήφασι,
3483 5515 3674 5582 νόμους

2112 5607 2263 5668 τινὰς
2296 5608 2388 5659 καὶ
2412 5606 2678 5670 διατάξεις
2707 5608 2917 5672 ἑαυτοῖς
2954 5608 3355 5663 διετυπώσαντο
3373 5624 3385 5636 ·
3422 5606 3535 5668 πῶς
3560 5601 3675 5665 οι)γῖ

2113 5699 2141 5750 ό
2173 5699 2374 5768 ταύτην
2408 5701 2586 5762 αὐτοῖς
2616 5700 2712 5771 τὴν
2751 5702 2959 5754 σύνεσιν
2986 5700 3352 5770 δεδωρημένος
3380 5699 3509 5759 Θεὸς
3537 5696 3675 5761 ἐλέγ-

2116 5789 2194 5855 ξει
2225 5791 2348 5855 τοὺς
2375 5790 2646 5844 παοάτῇν
2680 5791 2838 5851 φύσιν
2871 5794 2967 5847 καὶ
2994 5794 3141 5846 παοᾶ
3169 5791 3263 5852 τὰς
3285 5790 3449 5853 όοῦἀς
3478 5787 3674 5847 ἐννοίας
