4068 6394
395 305 534 378 ms

1521 335 2047 395 'COMMENTARIA
2084 337 2153 393 1N
2191 324 2531 400 essurus;

3495 333 3640 414 nos

395 435 665 506 ὃμολογῶν
691 438 918 510 τάληθῆ,
951 442 1146 513 μηδένα
1178 444 1368 517 βοηθὸν
1393 448 1449 500 ἐν
1475 450 1779 522 ἀνθρώποις
1802 455 1951 523 εὑρή-

2071 471 2347 526 unumque
2373 464 2585 511 tantum
2617 460 3015 528 auxiliatorem,
3065 449 3366 521 Dominum.
3403 469 3648 536 scilicet;

395 541 508 577 σειν
532 526 772 597 ἐμαυτῷ,
813 528 907 580 ’ένα
930 529 985 582 δὲ
1014 532 1185 600 μόνονι
1211 536 1508 606 ἐπίκουρον·
1535 540 1850 609 κεκτῆσθαι,
1876 541 1966 594 τὸν

394 617 618 688 Κύριον,
646 619 704 682 ὃς
741 624 791 673 εί
819 620 893 691 μὴ
942 621 1261 696 βεδοηθήκει
1290 645 1399 698 μοι,
1430 630 1594 684 πάλαι
1634 631 1698 686 ἂν
1724 631 1828 685 ὑπὸ
1860 634 1967 686 τῶν

393 711 839 781 πονηρευομένων
863 715 956 766 καὶ
979 714 1087 768 τῶν
1112 717 1492 790 ἐργαζομένων
1510 723 1609 792 τὴν
1633 724 1860 795 ἀνομίαν
1884 743 1968 778 νε-

397 803 682 873 νικημένος
727 806 804 876 τῷ
829 806 928 880 ᾄδῃ
969 811 1277 882 παρῲκουν,
1316 815 1485 886 αὐτῆς
1526 832 1628 885 μου
1660 817 1758 888 τῆς
1793 817 1968 889 ψυχῆς

391 893 489 944 καὶ
511 894 610 963 τῆς
634 893 874 968 λογικῆς,
903 903 998 954 καὶ
1037 902 1136 972 τῆς
1162 906 1281 956 κατ’
1307 905 1490 959 εἰκόνα
1514 906 1650 960 Θεοῦ
1675 909 1968 981 γενομένης

388 982 598 1048 οὐσίας,
619 987 707 1040 τὸν
735 989 959 1044 θάνατον
985 992 1078 1045 καὶ
1103 993 1191 1047 τὸν
1208 993 1339 1065 ᾅδην
1363 997 1675 1068 οἰκητήριον
1698 998 1968 1070 λαχούσης

391 1075 554 1143 ἔχειν.
584 1078 834 1134 Ταῦτα-δ”
859 1079 951 1136 οὖν
991 1084 1190 1140 ἔπαθον
1213 1087 1303 1152 ἂν,
1347 1090 1394 1142 εί
1425 1089 1498 1160 μὴ
1526 1076 1739 1154 αὐτὺςό
1765 1091 1966 1164 Κύριος

390 1169 678 1239 παραστὰς
699 1171 1020 1245 βεϐοηθήκει
1041 1195 1150 1248 μοι.
1183 1179 1250 1231 Εἴ
1266 1197 1394 1233 ποτε
1417 1181 1547 1250 γοῦν
1573 1183 1966 1256 πειραζόμενος

389 1259 448 1313 ὲν
471 1264 582 1325 τοῖς
629 1263 832 1332 ἀγῶσιν
869 1267 1240 1342 ἀντελαϐόμην
1279 1271 1563 1337 ἀσθενείας
1606 1275 1862 1345 ἐμαυτοῦ,
1890 1278 1967 1342 ὠς

389 1351 716 1408 κινδυνεύειν
762 1357 1086 1429 σαλευθῆναι
1123 1363 1246 1426 τοὺς
1271 1364 1436 1428 πόδας
1470 1368 1569 1438 τῆς
1607 1369 1744 1439 ἐμῆς
1769 1369 1963 1443 ψυχῆς

387 1444 632 1514 ὁμολογῶ
657 1451 997 1522 παραχρῆμα
1021 1454 1114 1507 τοῦ
1140 1455 1322 1520 ἐλέους
1348 1474 1462 1522 σου,
1488 1460 1679 1532 Κύριε,
1716 1463 1966 1535 αἴσθησιν

387 1535 687 1607 εἰληφέναι,
727 1540 820 1593 καὶ
839 1535 950 1595 ’ὑπὸ
977 1545 1068 1598 σοῦ
1104 1544 1462 1620 βεϐοηθῆσθαι
1482 1567 1495 1580 ·
1535 1552 1610 1616 ὼς
1635 1556 1682 1606 εἰ
1711 1554 1784 1626 μὴ
1807 1557 1966 1612 τοῦτό

390 1643 480 1697 μοι
514 1628 694 1701 παρῆν
741 1632 1101 1707 ὖποστηρίζον
1149 1655 1249 1708 μου
1290 1641 1416 1704 τοὺς
1454 1642 1638 1707 πόδας,
1688 1646 1854 1700 πάλαι
1897 1647 1963 1702 ἂν

385 1715 677 1788 δλισθήσας
723 1721 1060 1778 ὲπεπτὼκειν
1097 1727 1204 1780 ἀπὸ
1255 1729 1352 1801 τῆς
1388 1731 1538 1804 παρὰ
1579 1734 1662 1788 σοὶ
1699 1737 1959 1802 στάσεως.

2070 553 2358 598 nacturum
2388 562 2512 603 esse
2539 567 2554 602 :
2586 550 2678 619 qui
2706 551 2815 606 nisi
2833 552 2974 607 mihi
2997 553 3295 624 Opitulatus
3327 567 3493 624 esset,
3519 561 3646 630 jam~

2069 633 2277 703 pridem
2315 649 2345 688 a
2375 637 2798 706 malignantibus
2820 651 2874 695 et
2902 644 3259 711 operantibus
3291 647 3632 719 iniquitatem

2071 723 2348 790 devictus,
2372 728 2428 781 in
2473 728 2691 785 inferno
2716 731 3069 798 habitassem,
3121 737 3408 810 animaque
3432 757 3551 797 mea
3579 750 3636 798 et

2068 814 2161 869 illa
2190 817 2528 874 rationabilis
2547 822 2613 875 ad
2639 821 2926 894 imaginem
2954 826 3046 882 Dei
3069 828 3345 885 efformata
3374 834 3632 888 substan-
3717 905 3720 908 ἢ

2067 905 2164 968 tia,
2215 919 2445 963 mortem
2501 919 2556 966 et
2620 912 2891 968 infernum
2947 917 3003 972 in
3052 918 3386 978 domicilium
3440 927 3632 981 sortita
3714 905 3721 968 ῗ

2065 1004 2230 1052 esset.
2265 996 2389 1054 Haec
2431 1015 2564 1057 sane
2619 1018 2816 1074 passus
2857 1023 3056 1074 essem,
3116 1012 3222 1068 nisi
3281 1023 3466 1071 astans
3516 1018 3634 1087 ipse

2067 1085 2329 1145 Dominus
2375 1093 2669 1151 auxiliatus
2719 1098 2848 1152 mihi
2907 1109 3069 1158 esset.
3140 1101 3196 1158 Si
3223 1106 3440 1176 quando
3467 1085 3634 1179 igitur

2065 1179 2121 1234 in
2149 1184 2540 1242 certaminibus
2570 1194 2840 1255 tentatus,
2918 1189 3231 1251 Infirmitate
3277 1213 3397 1253 mea
3451 1215 3634 1254 corre-

2063 1279 2191 1340 ptus
2222 1271 2437 1340 fuerim,
2473 1275 2546 1330 ita
2571 1285 2630 1332 ut
2653 1280 2954 1350 periculum
2983 1292 3129 1340 esset
3158 1303 3225 1342 nc
3242 1291 3406 1358 pedes
3439 1292 3634 1349 anima

2065 1376 2199 1415 meae
2227 1374 2739 1435 commoverentur;
2767 1368 2943 1426 fateor
2974 1388 3061 1428 me
3087 1375 3291 1441 statim,
3318 1391 3351 1432 ο
3383 1377 3630 1444 Domine,

2063 1452 2498 1511 misericordiam
2546 1459 2788 1515 sensisse
2819 1469 2992 1527 tuam,
3037 1479 3102 1519 ac
3145 1481 3250 1536 ope
3300 1475 3392 1523 tua
3435 1469 3629 1525 fultum

2067 1555 2212 1597 esse.
2242 1542 2374 1609 Quae
2402 1546 2448 1600 si
2471 1547 2604 1602 mihi
2636 1566 2745 1604 non
2803 1551 3131 1622 adfuissent,
3162 1572 3260 1612 nec
3287 1559 3451 1627 pedes
3481 1576 3632 1618 meos

2065 1643 2493 1705 sn-stentassent;
2527 1638 2636 1709 jam
2670 1641 2798 1696 olim
2818 1643 3004 1715 lapsus
3033 1661 3062 1699 a
3106 1663 3225 1702 mea
3277 1649 3419 1719 apud
3461 1658 3630 1707 testa-

2071 1726 2220 1780 tione
2253 1726 2596 1786 decidissem.
2666 1732 2820 1789 Nunc
2877 1746 3054 1792 autem
3098 1739 3471 1796 misericordia
3513 1750 3626 1810 tua,

385 1807 500 1862 Νῦν
527 1808 584 1863 δὲ
607 1811 667 1865 τὸ
694 1812 840 1880 ἔλεός
861 1834 974 1882 σου,
1001 1819 1192 1892 Κύριε,
1219 1795 1398 1876 δίδωσί
1419 1795 1506 1896 μόι
1532 1829 1842 1899 παρρησίαν
1866 1795 1951 1885 τοῦ

2063 1814 2310 1884 Domine,
2344 1819 2594 1876 fiduciam
2623 1825 2754 1878 mihi
2779 1835 2997 1894 praestat
3025 1829 3092 1883 ad
3125 1829 3237 1886 haec
3258 1795 3624 1902 proferenda;

385 1897 590 1966 λέγειν’
633 1902 946 1973 Ἔστησας
993 1908 1092 1961 ἐπὶ
1142 1911 1366 1979 πέτραν
1406 1915 1548 1981 τοὺς
1593 1897 1784 1984 πόδας
1817 1938 1957 1990 μου,

385 1989 485 2044 καὶ
521 1996 897 2065 κατηύθυνας
919 2000 992 2054 τὰ
1028 2001 1355 2074 διαδήματὰ
1374 2023 1512 2074 μου.

453 2105 615 2161 Κατὰ
642 2107 708 2162 τὸ
739 2109 972 2178 πλῆθος
1001 2112 1120 2167 τῶν
1142 2114 1375 2170 ὀδυνῶν
1395 2135 1514 2186 μου
1536 2119 1605 2173 ἐν
1639 2119 1714 2190 τῇ
1741 2123 1954 2194 καρδίᾳ

375 2216 499 2267 μου
537 2202 598 2254 αἱ
645 2203 1055 2272 παρακλήσεις
1088 2223 1204 2261 σου
1245 2209 1562 2277 ηὔφραναν
1601 2212 1719 2282 τὴν
1748 2215 1959 2284 ψυχήν

374 2309 516 2358 μου.
552 2292 628 2344 Οὐ
669 2293 827 2364 μόνον
851 2299 962 2361 τοῖς
1011 2298 1137 2351 ποσί
1166 2315 1265 2370 μου
1297 2301 1358 2354 τὸ
1404 2301 1551 2367 ἔλεός
1592 2322 1683 2358 σου
1729 2305 1956 2378 δύναμιν

383 2385 610 2454 παρεῖχε
637 2385 772 2456 πρὸς
808 2392 868 2441 τὸ
899 2389 972 2461 μὴ
1011 2391 1355 2462 σαλευθῆναι,
1389 2395 1510 2448 οὐδὲ
1551 2396 1706 2467 μόνον
1734 2399 1764 2470 ή
1805 2400 1954 2470 παρὰ

383 2475 475 2528 σοῦ
503 2476 724 2549 βοήθεια
762 2481 860 2550 τὴν
886 2481 1022 2553 ἐμὴν
1060 2486 1386 2556 κατεκράτει
1417 2486 1595 2559 ψυχὴν
1638 2489 1770 2561 πρὸς
1794 2491 1853 2544 τὸ
1879 2493 1954 2565 μὴ

381 2567 714 2639 παροικῆσαι
747 2571 822 2642 τῷ
848 2571 948 2643 ᾄδῃ
971 2589 984 2602 ·
1013 2573 1148 2628 ἀλλὰ
1171 2576 1264 2628 καὶ
1305 2576 1372 2641 ἃς
1413 2578 1605 2651 ἔφερον
1632 2582 1688 2634 ὲν
1713 2584 1779 2651 τῇ
1819 2599 1954 2652 καρ-

377 2657 466 2730 δίᾳ
493 2676 594 2730 μου
609 2660 820 2727 ὀδύνας,
842 2663 898 2715 αἱ
923 2663 1072 2735 παρὰ
1095 2665 1188 2718 σοῦ
1207 2668 1575 2739 παρακλήσεις
1601 2669 1950 2744 ἐθεράπευον,

375 2749 674 2823 ἀπορρήτῳ
703 2752 926 2823 δυνάμει
953 2755 1050 2825 τῆς
1086 2753 1186 2826 σῆς
1211 2760 1577 2831 χρηστότητος
1613 2764 1953 2833 παρακαλού-

379 2858 478 2912 σης
503 2860 604 2914 μου
627 2844 725 2916 τὴν
749 2845 926 2919 ψυχὴν
950 2847 1043 2899 καὶ
1067 2848 1403 2922 εὐφροσύνης
1426 2852 1592 2924 αὐτὴν
1619 2853 1722 2926 πλη
1731 2855 1948 2926 ρούσης.

375 2933 511 2986 Οὐδὲ
535 2935 644 3007 γὰρ
672 2937 768 3006 μία
786 2955 874 3001 ,τις
899 2934 965 3008 ἧν
991 2939 1354 3011 παράκλησις,
1381 2943 1501 2996 οὐδὲ
1542 2944 1786 3016 δευτέρα,
1814 2947 1948 3003 ἀλλὰ

377 3022 595 3087 πλείους
621 3027 713 3077 καὶ
733 3025 1014 3091 τοσαῦται,
1041 3028 1162 3081 ὅσαι
1185 3025 1252 3100 ἦν
1276 3029 1507 3102 ἀριθμὸς
1521 3034 1626 3086 τῶν
1647 3035 1703 3089 ὲν
1725 3038 1788 3107 τῇ
1815 3054 1950 3109 καρ-

2061 1905 2314 1962 Statuisti
2337 1927 2498 1980 supra
2524 1921 2728 1982 petram
2760 1916 2912 1982 pedes
2939 1935 3099 1984 meos,
3129 1932 3178 1975 et
3225 1922 3466 1980 direxisti
3493 1942 3630 1998 gres-

2057 2013 2147 2052 sus
2175 2016 2313 2054 meos
2337 2001 2399 2056 δ”.
3615 2020 3622 2027 ’

2127 2109 2298 2168 Vsus.
2334 2110 2419 2167 l9.
2454 2112 2752 2171 Secundum
2784 2119 3177 2176 multitudinem
3213 2122 3456 2179 dolorum
3487 2143 3629 2182 meo-

2058 2218 2176 2256 rum
2201 2203 2255 2256 in
2278 2205 2438 2259 corde
2482 2223 2616 2273 meo,
2661 2211 3042 2267 consolationes
3078 2223 3182 2269 tua:
3224 2209 3632 2286 lwtiﬁcauerunt

2057 2295 2292 2348 animam
2337 2313 2527 2352 meam.
2557 2297 2677 2353 Non
2720 2302 2894 2356 solum
2929 2303 3159 2374 pedibus
3212 2308 3350 2362 meis
3411 2307 3631 2365 miseri?-

2055 2387 2242 2442 cordia
2270 2393 2364 2442 tua
2395 2389 2541 2445 vires
2577 2390 2804 2457 addidit,
2837 2401 2896 2448 ut
2938 2410 3048 2450 non
3096 2409 3572 2456 commoverentur
3608 2445 3624 2457 .

2053 2495 2228 2550 neque
2262 2483 2637 2538 tantummodo
2681 2486 2940 2541 auxilium
2970 2479 3122 2542 tﬁum
3171 2491 3408 2547 animam
3447 2509 3624 2550 meam

2052 2567 2359 2641 Occupavit,
2401 2581 2460 2627 ut
2504 2591 2614 2628 non
2647 2575 2914 2632 habitaret
2953 2581 3010 2635 in
3050 2579 3302 2651 inferno;
3336 2584 3430 2640 sed
3459 2585 3623 2642 etiam

2052 2663 2292 2728 dolores,
2314 2679 2452 2733 quos
2479 2665 2534 2720 in
2568 2667 2732 2722 corde
2772 2685 2892 2724 meo
2927 2673 3046 2736 tuli,
3094 2677 3495 2733 consolationes
3517 2686 3625 2732 tua:

2052 2754 2374 2822 allevarunt,
2397 2771 2596 2810 arcana
2629 2759 2926 2816 clementiae
2960 2771 3066 2819 tua:
3087 2767 3138 2818 vi
3173 2767 3406 2820 animam
3444 2783 3658 2826 meam-I.

2051 2849 2388 2912 consolante,
2434 2849 2718 2920 ipsamque
2761 2854 2959 2923 gaudio
3018 2856 3276 2927 replente.
3316 2857 3432 2913 Non
3474 2861 3621 2913 enim
3651 2890 3671 2906 π.

2049 2951 2157 2990 una
2196 2940 2519 3006 consolatio,
2556 2956 2661 2999 non
2691 2941 2859 2997 altera
2895 2953 3102 3000 tantum
3138 2947 3342 3018 adfuit,
3375 2947 3470 3003 sed
3500 2949 3626 3018 plu-

2048 3045 2161 3097 res,
2185 3046 2247 3085 ac
2264 3039 2345 3085 tot
2369 3047 2620 3096 numero,
2638 3041 2771 3104 quot
2796 3035 2849 3088 in
2866 3037 3029 3092 corde
3058 3053 3178 3094 meo
3200 3039 3415 3095 dolores
3441 3048 3618 3096 erant;
3674 3095 3679 3100 .

374 3111 464 3184 δίᾳ
490 3130 590 3184 μου
616 3114 830 3169 ὀδυνῶν.
874 3117 1213 3189 Ἐφαμίλλως
1239 3120 1367 3190 γοῦν
1390 3125 1510 3187 ταῖς
1541 3127 1700 3195 ἐμαῖς
1741 3126 1950 3194 ὀδύναις

2052 3121 2312 3178 Certatim
2341 3125 2525 3193 itaque
2565 3141 2664 3195 pro
2697 3142 2924 3181 numero
2957 3127 3228 3195 dolorum,
3263 3129 3620 3201 adlsingulos
3653 3168 3676 3178 --

373 3204 634 3278 τάςξπαρὰ
656 3206 750 3261 σοῦ
777 3226 868 3279 μοι
893 3212 1149 3283 παρεῖχες
1166 3214 1534 3287 παρακλήσεις
1555 3218 1689 3289 πρὸς
1713 3219 1948 3291 ἑκάστην

372 3295 585 3369 ὀδύνην,
613 3297 802 3372 ὥσπερ
826 3319 878 3355 τι
912 3303 1198 3374 φάρμακον
1234 3306 1498 3378 σωτήριον
1525 3306 1623 3380 τὴν
1649 3309 1746 3381 σὴν
1777 3312 1948 3382 παρά-

374 3387 566 3460 κλησιν
624 3393 969 3465 προσφέρων,
1020 3397 1112 3450 καὶ
1158 3395 1346 3470 ὥσπερ
1393 3398 1600 3452 πλείοσι
1646 3401 1942 3472 τραύμασι,

373 3479 591 3545 πλείους
629 3484 722 3536 καὶ
751 3485 850 3548 τὰς
901 3485 1193 3557 θεραπείας
1235 3489 1542 3558 προσάγων.
1575 3493 1842 3547 Τοιούτων
1888 3495 1945 3548 δὲ

375 3573 773 3646 παρακλήσεων
799 3579 826 3630 ό
853 3577 992 3642 θεῖος
1032 3581 1352 3645 Ἀπόστολος
1391 3583 1940 3656 ἀντιλαμϐανόμενος,

375 3661 609 3731 ἔφασκεν
630 3681 642 3694 ·
685 3668 1028 3738 Εὐλογητὸς
1054 3671 1086 3722 ό
1116 3669 1276 3736 Θεὸς,
1304 3675 1336 3724 ό
1368 3673 1568 3742 Πατὴρ
1595 3673 1712 3727 τῶν
1734 3677 1944 3744 οἰκτιρ-

366 3752 518 3822 μῶν,
565 3755 662 3809 καὶ
704 3757 847 3823 Θεὸς
878 3758 1081 3828 πάσης
1122 3761 1574 3831 παρακλήσεως,
1615 3767 1648 3818 ό
1679 3781 1944 3835 παρακα-

371 3843 499 3899 λῶν
526 3845 692 3916 ἡμᾶς’
717 3847 788 3902 ἐν
817 3849 984 3920 πάσῃ
1022 3851 1095 3922 τῇ
1125 3855 1323 3922 θλίψει
1353 3853 1540 3924 ἡμῶν,
1567 3860 1655 3922 εἰς
1677 3859 1742 3912 τὸ
1766 3858 1944 3914 δύνα-

373 3937 512 3991 σθαι
539 3936 690 4007 ἡμᾶς
733 3942 1102 4008 παρακαλεῖν
1138 3945 1280 4012 τοὺς
1308 3946 1378 4000 ἐν
1409 3946 1578 4017 πάσῃ
1610 3951 1811 4019 θλίψει
1843 3951 1942 4006 διὰ

370 4027 481 4096 τῆς
509 4031 965 4100 παρακλήσεως,
985 4031 1059 4104 ἧς
1084 4040 1582 4108 παρακαλούμεθα
1621 4043 1789 4096 αὐτοὶ
1822 4044 1940 4098 ὑπὸ

369 4117 478 4170 τοῦ
532 4119 697 4173 Θεοῦ.
747 4122 866 4174 Ὅτι
910 4125 1071 4178 καθὼ
1120 4130 1462 4196 περισσεύει
1511 4131 1581 4184 τὰ
1625 4133 1941 4202 παθήματα

366 4207 477 4263 τοῦ
499 4211 754 4278 Χριστοῦ
787 4214 856 4266 ἐν
879 4215 1040 4284 ἡμῖν,
1071 4216 1221 4270 οὕτω
1268 4221 1604 4287 περισσεύει
1642 4221 1740 4275 καὶ
1771 4223 1808 4290 ἡ
1833 4239 1943 4277 πα-

359 4299 662 4370 ράκλησις
701 4306 885 4374 ἡμῶν.
915 4310 1024 4362 Καὶ
1059 4305 1127 4382 ἦν
1161 4310 1226 4364 ἂν
1261 4313 1434 4366 εἰπεῖν
1459 4315 1595 4385 πρὸς
1620 4316 1808 4380 ταῦτα,
1839 4334 1938 4388 με·-

367 4391 667 4449 ταόαλόντα
689 4398 768 4450 τό·
805 4398 926 4452 Οὺκ
950 4400 1026 4466 ἅξ
1030 4420 1086 4456 ια
1110 4403 1182 4456 τὰ
1199 4403 1512 4473 παθήματα
1549 4405 1654 4460 τοῦ
1679 4407 1796 4462 νῦν
1817 4425 1939 4462 και-

359 4482 476 4549 ροῦ
510 4485 660 4552 πρὸς
684 4485 798 4555 τὴν
824 4463 1176 4558 μέλλουσαν
1221 4463 1410 4559 δόξαν
1436 4496 1938 4567 ἀποκαλυφθῆναι
1968 4463 2014 4518 D

366 4575 454 4640 είς
494 4572 670 4643 ἡμᾶς,
707 4579 784 4630 τό’
814 4580 927 4633 Οὐκ
964 4582 1110 4646 ἄξιον
1136 4584 1195 4637 τὸ
1233 4584 1434 4656 πλῆθος
1467 4587 1575 4640 τῶν
1600 4588 1798 4642 ὀδυνῶν
1829 4589 1937 4645 τῶν

366 4667 426 4719 ἐν
450 4670 516 4738 τῇ
544 4670 739 4740 καρδίᾳ
762 4689 863 4742 μου
898 4675 1033 4746 πρὸς
1057 4677 1153 4739 τὰς
1187 4679 1554 4751 παρακλήσεις
1596 4699 1711 4747 σου,
1736 4677 1780 4735 ὧ
1820 4684 1934 4738 Κύ-

367 4774 473 4828 ριε,
500 4759 588 4830 ἐφ’
608 4754 696 4824 αἷς
711 4761 991 4834 ηὔφρανας
1011 4765 1109 4836 τὴν
1125 4765 1299 4837 ψυχήν
1323 4786 1445 4837 μου.
1464 4770 1526 4822 Εἰ
1542 4771 1597 4823 δὲ
1622 4772 1707 4840 ἐφ’
1729 4773 1934 4845 ἑκάστῃ

364 4849 530 4924 ὀδύνῃ
555 4854 950 4924 παρακαλεῖταί
984 4875 1065 4920 τις
1091 4858 1194 4910 ὑπὸ
1236 4858 1329 4912 τοῦ
1358 4859 1514 4925 Θεοῦ,
1539 4862 1633 4913 καὶ
1659 4861 1758 4932 τῆς
1785 4864 1934 4935 παρὰ

364 4941 458 4996 τοῦ
487 4943 620 4996 Θεοῦ
647 4944 980 5018 εὐφροσύνης
1008 4949 1351 5014 καταξιοῦταί
1375 4968 1475 5014 τις·
1505 4952 1604 5004 οὐκ
1630 4951 1695 5006 ἂν
1723 4953 1936 5018 εῦξαιτο

364 5032 452 5086 διὰ
480 5033 610 5088 Θεὸν
645 5035 860 5101 πλείους
893 5038 1180 5108 ὑπομένειν
1221 5039 1428 5104 ὀδύνας,
1456 5041 1531 5105 ὡς
1573 5042 1638 5096 ἂν
1676 5044 1935 5098 πλειόνων

363 5128 619 5198 τυγχάνοι
657 5129 1069 5201 παρακλήσεων,
1097 5132 1190 5185 καὶ
1225 5134 1481 5189 πλειόνων
1507 5133 1612 5189 τῶν
1649 5137 1740 5188 ἐπὶ
1763 5137 1935 5191 ταῦτα

359 5220 710 5291 εὐφροσυνῶν
731 5239 746 5286 ;

433 5311 531 5380 Μὴ
558 5315 1010 5382 συμπροσέσται
1033 5330 1129 5368 σοι
1149 5318 1358 5384 θρόνος
1390 5319 1714 5388 ἀνομίας-..ό
1741 5319 1935 5375 πλάσ-

357 5419 492 5455 σων
521 5405 714 5458 κόπον
748 5407 846 5459 ἐπὶ
883 5407 1266 5477 πρόσταγμα;
1313 5410 1569 5476 Εἰκότως,
1599 5413 1750 5482 φησὶ,
1792 5411 1932 5469 κατὰ

362 5493 424 5546 τὸ
455 5494 656 5566 πλῆθος
681 5495 788 5552 τῶν
829 5497 1025 5551 ὀδυνῶν
1048 5499 1156 5552 τῶν
1196 5503 1251 5553 ὲν
1283 5503 1349 5571 τῇ
1386 5501 1584 5572 καρδίᾳ
1615 5519 1718 5572 μου
1742 5503 1798 5554 αἱ
1825 5519 1932 5554 πα-

346 5587 650 5658 ¹ρακλήσεις
678 5603 770 5641 σου
809 5587 1088 5660 ηῦφραναν
1121 5591 1217 5660 ἢν
1253 5591 1428 5665 ψυχήν
1471 5609 1570 5664 μου
1590 5608 1604 5623 ·
1635 5592 1931 5665 ἐπειδήπερ

2051 3215 2295 3287 singulas
2335 3217 2466 3271 mihi
2511 3218 2914 3275 consolationes
2949 3228 3069 3275 tuas
3098 3221 3383 3276 admovisti
3418 3240 3431 3276 :
3461 3222 3620 3292 quasi
3681 3282 3684 3284 γ

2047 3309 2286 3364 salutare
2305 3309 2656 3379 pharmacum
2675 3312 3102 3367 consolationem
3121 3311 3374 3378 offerens,
3393 3320 3446 3368 et
3462 3313 3621 3384 quasi

2047 3401 2232 3454 multis
2261 3400 2578 3456 vulneribus
2623 3401 2789 3454 multa
2825 3403 3061 3455 remedia
3098 3403 3616 3473 inducens..ﬂujus-.

2049 3491 2196 3546 modi
2221 3502 2400 3546 autem
2429 3491 2832 3547 consolationes
2852 3501 3047 3548 nactus
3075 3494 3295 3548 divinus
3322 3494 3618 3569 Apostolus
3667 3554 3672 3556 _

2045 3583 2260 3638 dicebat
2299 3599 2313 3634 :
2360 3581 2675 3638 Benedictus
2723 3585 2862 3640 Deus
2902 3584 3068 3639 Pater
3109 3587 3618 3652 misericordiarum,
3691 3648 3694 3651 _

2044 3675 2184 3728 Deus
2207 3677 2367 3729 totius
2397 3677 2802 3741 consolationis,
2827 3679 2918 3748 qui
2936 3678 3356 3735 consolaturlnos
3388 3680 3441 3732 in
3470 3681 3616 3736 omni
3695 3698 3697 3701 '

2047 3766 2384 3821 tribulatione
2412 3776 2594 3822 nostra
2637 3784 2655 3821 .'
2692 3779 2748 3822 ut
2779 3770 3040 3838 possimus
3074 3787 3178 3824 nos.
3203 3769 3469 3827 consolari
3503 3787 3613 3835 eos,

2042 3859 2129 3928 qui
2161 3859 2213 3911 in
2256 3859 2400 3912 omni
2437 3875 2686 3928 pressura
2730 3869 2874 3924 sunt,
2907 3876 3000 3929 per
3026 3863 3462 3926 consolationem,
3513 3879 3617 3932 qua
3683 3915 3688 3921 ,

2042 3951 2382 4006 consolamur
2433 3953 2537 4021 ipsi
2583 3969 2615 4005 a
2669 3951 2797 4006 Deo.
2851 3952 3116 4019 Quoniam
3157 3955 3296 4008 sicut
3341 3954 3616 4008 abundant

2040 4043 2312 4112 passiones
2345 4041 2545 4098 Christi
2566 4045 2621 4097 in
2655 4044 2801 4098 nobis
2821 4060 2839 4108 ;
2875 4046 2950 4097 sic
2972 4043 3212 4103 abundat
3243 4055 3292 4099 et
3319 4046 3614 4100 consolatio

2042 4145 2228 4190 nostra
2264 4137 2330 4189 '°.
2378 4137 2555 4206 Atque
2593 4137 2707 4190 ιιωο
2739 4137 2902 4190 verba
2955 4139 3216 4192 mutando
3265 4158 3277 4192 :
3327 4137 3450 4198 Non
3489 4149 3618 4200 sunt

2041 4228 2310 4298 condignae
2337 4230 2610 4298 passiones
2642 4228 2797 4296 hujus
2828 4229 3074 4296 temporis
3110 4229 3178 4282 ad
3227 4232 3463 4302 futuram
3499 4233 3617 4304 91οε

2040 4322 2180 4376 riam
2215 4337 2330 4391 qua:
2366 4321 2680 4376 revelabitur
2715 4322 2768 4374 in
2799 4319 2950 4378 nobis
2986 4321 3069 4384 “;
3103 4324 3182 4378 sic
3211 4323 3318 4379 dici
3349 4333 3561 4395 poterat
3594 4344 3610 4380 :
3675 4359 3678 4362 ~

2039 4411 2162 4467 Non
2201 4420 2287 4467 est
2331 4412 2602 4483 condigna
2652 4413 2946 4470 multitudo
2975 4413 3227 4470 dolorum
3273 4431 3517 4470 raucorum
3555 4416 3616 4470 in
3666 4451 3673 4460 ι

2041 4502 2208 4558 corde
2245 4517 2387 4568 meo,
2424 4504 2492 4558 ad
2522 4503 2929 4563 consolationes
2957 4513 3099 4568 tuas,
3132 4505 3378 4568 Domine,
3411 4508 3614 4577 quibus
3649 4551 3664 4558 -

2039 4594 2321 4649 lzetilicasti
2355 4594 2590 4648 animam
2624 4609 2822 4650 meam.
2853 4595 3007 4662 Quod
3036 4599 3080 4652 si
3109 4597 3164 4650 in
3195 4597 3426 4667 singulis
3454 4598 3612 4652 dolo-

2038 4685 2193 4741 ribus
2231 4685 2355 4754 quis
2385 4699 2418 4738 a
2449 4683 2560 4739 Deo
2579 4685 3008 4741 consolationem
3040 4685 3292 4755 accipiat,
3322 4695 3376 4740 et
3401 4687 3612 4748 laetitia.

2039 4793 2160 4846 qua:
2192 4791 2221 4829 a
2246 4775 2356 4831 Deo
2375 4781 2480 4838 est,
2512 4775 2796 4845 dignetur;
2822 4792 3001 4831 annon
3054 4784 3202 4844 Optet
3260 4791 3323 4831 ac
3352 4787 3607 4847 precetur

2039 4872 2240 4926 multos
2266 4886 2363 4941 pro
2403 4869 2512 4925 Deo
2541 4870 2756 4926 dolores
2790 4871 3081 4933 sustinere,
3139 4879 3198 4924 ut
3243 4871 3425 4940 plures
3476 4888 3612 4926 con,
3639 4875 3662 4910 ⁸

2041 4962 2342 5018 solationes
2371 4968 2424 5015 et
2473 4961 2657 5030 plures
2697 4976 2759 5016 ea
2790 4962 2857 5016 de
2896 4977 3060 5016 causa
3099 4962 3316 5018 laetitias
3349 4977 3614 5034 assequar:

2041 5057 2172 5107 tur?

2115 5317 2278 5373 Vens.
2313 5319 2403 5372 20.
2447 5318 2696 5389 Nunquid
2721 5319 2889 5373 aderit
2921 5319 3015 5372 tibi
3043 5319 3262 5376 thronus
3291 5319 3612 5390 iniquitatis;

2040 5413 2130 5482 qui
2149 5411 2301 5482 ﬁngis
2326 5411 2558 5466 laborem
2588 5414 2641 5466 in
2663 5427 2916 5481 praecepto
2937 5416 2962 5470 ?
2985 5411 3142 5476 Jure,
3168 5413 3365 5483 inquit,
3411 5428 3610 5470 secuit.-

2039 5502 2168 5557 dum
2198 5503 2598 5560 multitudinem
2631 5505 2877 5560 dolorum
2921 5520 3159 5558 meorum
3187 5504 3239 5558 in
3273 5505 3436 5560 corde
3466 5520 3627 5579 11:00,.

2035 5578 2442 5652 consolationes
2490 5603 2596 5650 tua:
2647 5597 3053 5654 lwtiﬁcaverunt
3097 5597 3330 5652 animam
3388 5613 3613 5657 mean»;

431 5743 475 5774 ⁸⁸
515 5742 655 5799 Psal.
693 5761 877 5810 xxxix,
915 5746 965 5800 5.
1044 5747 1092 5778 ³ο
1125 5744 1166 5801 ιι
1200 5745 1327 5802 Cor.
1365 5762 1413 5812 ι,
1453 5747 1564 5802 5-5.
1645 5748 1686 5778 "
1730 5745 1885 5801 Rom.
1922 5747 2120 5816 I|,.18.
