4068 6394
324 321 462 380 1209

1436 316 1944 373 COMMENTARIA
1972 316 2040 371 IN
2080 316 2419 373 PSALMOS.

3424 325 3564 380 1210

323 439 503 503 σεῖτε,
530 438 650 509 ἐγὼ
673 437 962 506 νενίκηκα
990 436 1097 491 τὸν
1118 438 1382 505 κόσμον;
1408 438 1436 490 ὁ
1468 436 1562 489 καὶ
1590 436 1892 507 ῥυσάμενος

2012 436 2098 491 nisi
2160 435 2252 491 Dei
2301 434 2532 490 Verbum
2564 437 2710 506 quod
2753 437 2935 496 dixit:
2978 440 3271 510 Conﬁdite,
3326 460 3419 515 ego
3468 445 3567 498 vici

321 533 469 602 ἡμᾶς
498 531 605 583 ἀπὺ
630 530 728 598 τῆς
770 530 935 583 πάλαι
977 528 1425 598 κατακρατούσης
1452 527 1609 597 ἡμῶν
1648 527 1893 597 δαιμονι-

324 623 425 691 κῆς
469 622 762 692 ἐνεργείας,
809 615 869 673 οὗ
918 622 1012 674 καὶ
1051 620 1111 674 τὸ
1157 618 1365 690 Ἰησοῦς
1411 620 1581 690 ΰνομα
1600 633 1896 685 σ’ωτηριοιν⁹

337 711 595 783 Ἐϐραῖκῇ
648 714 798 782 φωνῇ
844 712 1116 782 σημαίνει.
1165 712 1328 773 Τίνας
1364 709 1424 763 δέ
1471 707 1897 780 προηγουμένως

323 806 351 856 ό
377 803 530 870 λόγος
563 803 654 855 ἐπὶ
677 802 775 874 τὴν
798 803 1109 870 ἀγαλλίασιν
1132 802 1455 872 παρακαλεῖ,
1488 800 1668 873 εὕροις
1692 799 1758 854 ἂν
1778 802 1896 863 ἐπι-

328 896 528 966 στήσας
550 897 659 956 τοῖς
684 894 833 964 ἑξῆς,
864 896 921 947 ἐν
952 888 1030 957 οἷς
1060 892 1291 964 εἴρηται,
1325 893 1487 947 Κατὰ
1517 892 1633 960 τὴν
1672 891 1901 961 ἡμέραν

326 987 432 1041 τοῦ
467 986 795 1054 πειρασμοῦ
821 986 890 1039 ὲν
919 983 993 1053 τῇ
1027 983 1241 1052 ἐρήμῳ,
1272 980 1343 1039 οὗ
1382 982 1710 1051 ἐπείρασαν
1743 1000 1821 1051 με
1845 985 1899 1035 οἱ

326 1078 578 1147 πατέρες
627 1075 812 1147 ὑμῶν.
854 1076 1047 1145 Σαφῶς
1075 1077 1183 1146 γὰρ
1211 1075 1299 1128 διὰ
1348 1074 1547 1128 τούτων
1594 1075 1744 1147 δηλοῖ
1774 1075 1899 1136 τοὺς

326 1171 476 1234 υἱοὺς
506 1170 612 1223 τῶν
653 1170 709 1222 ὲν
745 1170 809 1240 τῇ
852 1170 1043 1240 ἐρήμῳ
1077 1166 1627 1237 παραπικρανάντων.
1673 1165 1828 1236 δῆλον
1855 1165 1900 1217 δ’

325 1264 406 1315 ὅτι
426 1261 549 1324 τοὺς
568 1263 633 1314 ὲκ
657 1260 974 1331 περιτομῆς.
998 1260 1229 1322 Τούτους
1248 1258 1533 1328 τοιγαροῦν
1554 1257 1900 1311 ἀνακαλεῖται

324 1353 530 1421 λέγων’
566 1352 741 1405 Δεῦτε
762 1350 1255 1420 ἀγαλλιασώμεθα
1287 1350 1367 1415 τῷ
1400 1350 1611 1418 Κυρίῳ.
1641 1348 1900 1413 Θεσπίζει

325 1445 369 1498 δ’
400 1446 483 1499 ὅτι
518 1445 590 1515 μὴ
631 1442 1022 1497 ὑπακούσονται
1055 1445 1120 1513 τῇ
1157 1442 1380 1513 κλήσει·
1414 1442 1561 1510 λέγει
1593 1442 1636 1495 δ’
1664 1437 1756 1495 οῦν
1807 1442 1900 1494 ἐπὶ

328 1538 494 1592 τέλει·
539 1537 653 1591 Ἀεὶ
698 1534 1039 1590 πλανῶνται
1068 1533 1143 1603 τῇ
1191 1534 1424 1603 καρδίᾳ.
1468 1535 1647 1587 Αὐτοὶ
1686 1532 1754 1586 δὲ
1791 1534 1902 1586 οὐκ

327 1632 602 1700 ἔγνωσαν
628 1629 736 1694 τὰς
784 1627 964 1693 ὁδούς
994 1644 1134 1695 μου,
1189 1626 1269 1692 ὡς
1297 1624 1506 1696 ὤμοσα
1531 1626 1600 1679 ὲν
1636 1624 1714 1694 τῇ
1754 1622 1902 1693 ὀργῇ

325 1738 464 1791 μου,
503 1722 557 1773 εὶ
592 1719 1041 1773 εἰσελεύσονται
1076 1720 1163 1784 είς
1199 1718 1315 1788 τὴν
1346 1716 1727 1771 κατάπαυσίν
1759 1733 1897 1785 μου.

1995 526 2247 580 mundum
2262 528 2329 589 ⁸⁷,
2361 533 2638 595 atquenos
2668 529 2735 583 ab
2769 530 2969 587 ellicaci
3014 535 3103 588 illa
3126 536 3432 590 daemonum
3454 536 3568 588 vir-

1995 629 2145 685 tute,
2205 635 2327 690 quae
2361 621 2518 675 nobis
2537 621 2663 674 olim
2686 621 3386 694 dominabatur,liberavit;
3409 626 3570 694 cujus

1997 727 2195 767 nomen
2224 710 2403 777 Jesus,
2454 712 2690 766 salutare
2742 713 3007 768 Hebraice
3049 717 3357 787 significat?
3385 717 3569 783 Quos-

1997 820 2123 857 nam
2157 819 2288 858 vero
2318 805 2589 874 praecipue
2622 804 2687 859 ad
2722 806 3140 862 exsultationem
3184 816 3439 879 provocet
3476 808 3572 861 de-

1999 894 2325 965 prehendes,
2372 896 2415 949 si
2444 896 2760 951 consideres
2802 911 2863 951 ea
2895 913 3017 964 quae
3048 908 3371 968 sequuntur,
3403 906 3455 955 et
3489 898 3569 953 sic

2000 986 2220 1051 habent,
2262 987 2558 1042 Secundum
2612 971 2750 1042 diem
2783 992 3088 1044 tentationis
3122 993 3178 1045 in
3214 992 3437 1056 deserto,
3480 990 3571 1045 ubi

2002 1089 2332 1133 tentaverunt
2364 1097 2444 1133 me
2471 1090 2647 1148 patres
2678 1082 2852 1134 vestri.
2884 1080 2981 1137 llis
3002 1084 3145 1136 enim
3178 1083 3467 1138 manifeste
3496 1082 3574 1137 si-

2000 1170 2222 1240 gniﬁcat
2249 1169 2386 1225 filios
2412 1185 2600 1224 eorum
2627 1170 2720 1239 qui
2746 1171 2798 1223 in
2832 1171 3053 1225 deserto
3098 1173 3571 1227 exacerbaverunt

1999 1276 2147 1322 eum,
2181 1260 2297 1315 sive
2347 1261 2606 1329 populum
2661 1276 2725 1313 cx
2776 1261 3215 1316 circumcisione.
3269 1261 3379 1316 Hos
3408 1263 3575 1332 igitur

1999 1361 2189 1406 evocat
2214 1351 2425 1413 dicens,
2453 1350 2647 1411 Venite,
2675 1351 2996 1406 exsultemus
3026 1352 3271 1406 Domino.
3298 1351 3576 1407 Vaticina-

2002 1449 2089 1494 tur
2122 1454 2304 1509 porro,
2332 1454 2426 1493 eos
2454 1439 2724 1493 vocationi
2759 1454 2868 1493 non
2901 1440 3371 1509 obtemperaturos
3403 1459 3526 1498 esse
3558 1468 3573 1500 .

2001 1531 2077 1585 ait
2106 1531 2250 1587 enim
2281 1532 2383 1585 sub
2414 1530 2572 1585 ﬁnem
2602 1550 2615 1585 :
2651 1532 2865 1600 Semper
2887 1543 3065 1586 errant
3096 1533 3269 1588 corde.
3304 1533 3417 1602 Ipsi
3458 1551 3578 1589 vero

2002 1640 2107 1677 non
2142 1632 2488 1692 cognoverunt
2516 1623 2626 1676 uias
2667 1640 2832 1687 meas,
2858 1624 2992 1677 sicut
3017 1624 3199 1693 juravi
3227 1625 3281 1678 in
3304 1626 3386 1678 ira
3417 1642 3533 1679 mea
3559 1665 3574 1687 ,

2004 1714 2050 1769 si
2098 1715 2388 1768 introibant
2427 1716 2482 1767 in
2508 1716 2734 1784 requiem
2766 1732 2957 1770 meam.
2989 1714 3256 1781 Quoniam
3308 1716 3473 1786 igitur
3500 1715 3576 1771 illi

342 1813 494 1867 Ἐπεὶ
521 1808 613 1867 οῦν
644 1814 840 1865 ἐκεῖνοι
871 1811 958 1864 ἀεὶ
988 1810 1294 1865 πλανῶνται
1324 1812 1390 1881 τῇ
1432 1809 1649 1881 καρδίᾳ,
1680 1807 1902 1872 εἰκότως

2012 1821 2218 1875 semper
2244 1811 2434 1860 errant
2486 1806 2684 1871 corde;
2720 1808 2913 1861 merito
2966 1809 3310 1877 subsequens
3338 1810 3581 1878 psalmus

329 1906 359 1959 ό
385 1903 771 1975 ἐπιφερόμενος
826 1902 953 1973 ἑξῆς
982 1901 1192 1973 ψαλμὸς
1236 1900 1306 1954 τὰ
1360 1900 1486 1970 ἔθνη
1534 1901 1709 1954 πάντα
1751 1898 1905 1952 καλεῖ

330 1994 423 2047 ἐπὶ
451 1993 512 2046 τὸ
562 1992 746 2047 καινὸν
778 1989 948 2065 ᾆσμα,
1000 1992 1093 2045 καὶ
1124 1990 1216 2044 ἐπὶ
1258 1990 1354 2063 τὴν
1384 1992 1441 2043 ἐν
1491 1989 1611 2060 Θεῷ
1648 1988 1904 2057 ἀγαλλία-

334 2102 439 2138 σιν.

404 2176 844 2247 Προφθάσωμεν
864 2176 928 2231 τὸ
959 2176 1283 2244 πρόσωπον
1305 2173 1492 2227 αὐτοῦ
1515 2173 1585 2226 ἐν
1624 2173 1907 2242 ἐξομολο-

332 2269 527 2341 γήσει,
569 2270 667 2322 καὶ
710 2269 781 2323 ἐν
827 2267 1089 2337 ψαλμοῖς
1132 2265 1531 2335 ἀλαλάξωμεν
1561 2264 1736 2330 αὐτῷ.
1780 2264 1906 2318 Ἐπὶ

337 2362 435 2433 μὲν
462 2362 561 2431 τῆς
585 2358 807 2431 πρώτης
828 2358 991 2414 αὐτοῦ
1009 2357 1311 2431 παρουσίας
1336 2355 1398 2411 τὸ
1430 2357 1720 2428 πρόσωπον
1740 2354 1903 2408 αὐτοῦ

332 2453 395 2507 τὸ
424 2454 603 2507 ἔνθεον
633 2453 956 2524 ἀποκρύψας
976 2455 1003 2507 ὁ
1040 2452 1130 2506 τοῦ
1165 2451 1301 2506 Θεοῦ
1330 2450 1519 2519 Λόγος,
1547 2449 1647 2520 τὴν
1668 2447 1761 2502 τοῦ
1782 2447 1917 2500 δοῦ-η

333 2543 427 2598 λου
465 2544 674 2616 μορφὴν
703 2544 1072 2616 περιεϐάλετο⁹
1101 2543 1179 2597 διὸ
1194 2543 1427 2614 εἴρηται·
1471 2544 1812 2608 Ἀνθρωπος
1837 2538 1908 2592 ἐν

330 2636 545 2706 ,πληγῇ
570 2636 675 2700 ὢν,
704 2637 802 2689 καὶ
829 2635 999 2702 εἰδὼς
1026 2636 1232 2705 φέρειν
1279 2634 1618 2705 μαλακίαν·
1659 2632 1750 2686 ὅτι
1790 2632 1905 2686 ἀπ-

334 2727 592 2796 έστρεψε
619 2727 690 2794 ,τὸ
720 2730 1046 2796 πρόσωπον
1071 2727 1278 2791 αὑτοῦ,
1314 2725 1633 2795 ήτιμάσθη,
1660 2724 1757 2779 καὶ
1788 2726 1900 2779 οὐκ

335 2820 644 2889 ἐλογίσθη.
688 2820 810 2873 Ἐπὶ
842 2820 899 2873 δὲ
934 2821 1034 2889 τῆς
1072 2819 1332 2890 δευτέρας
1382 2816 1545 2871 αὐτοῦ
1604 2815 1909 2888 παρουσίας

338 2909 839 2981 ἀνακεκαλυμμένῳ
871 2909 1146 2980 προσώπῳ
1178 2911 1274 2964 καὶ
1316 2908 1455 2980 μετὰ
1495 2908 1774 2979 δυνάμεως
1814 2907 1910 2960 καὶ

338 2994 497 3065 δόξης
531 2996 732 3065 πολλῆς
758 2996 1128 3067 ὲπιστήσεται’
1164 2996 1351 3066 διόπερ
1377 2996 1405 3049 ὁ
1430 2994 1603 3062 λόγος,
1636 2993 1909 3066 προτάξας

2001 1911 2196 1950 omnes
2226 1903 2415 1966 gentes
2439 1896 2504 1950 ad
2528 1897 2803 1950 canticum
2833 1912 3056 1964 novum,
3083 1908 3137 1953 et
3167 1900 3233 1955 ad
3257 1900 3580 1955 exsultatio-

2002 2001 2126 2041 nem
2161 1986 2214 2040 in
2248 1985 2355 2041 Deo
2390 1994 2669 2057 provocat.

2076 2180 2240 2235 Vens.
2260 2181 2315 2234 2.
2354 2177 2784 2249 Prteoccnpemus
2808 2179 2997 2248 faciem
3013 2178 3127 2247 ejus
3151 2178 3204 2230 in
3230 2175 3580 2246 confessione,

2002 2277 2052 2322 et
2076 2269 2129 2322 in
2162 2267 2382 2338 psalmis
2404 2267 2692 2337 jubilemus
2723 2269 2790 2324 ei.
2821 2267 2877 2321 In
2910 2268 3084 2337 primo
3111 2265 3326 2336 quidem
3346 2265 3584 2319 adventu

2003 2360 2368 2423 suo,divinam
2386 2373 2539 2412 suam
2559 2358 2839 2413 occultans
2857 2356 3170 2420 faciem,Dei
3192 2354 3423 2410 Verbum
3444 2354 3586 2410 servi

2006 2451 2232 2506 formate
2252 2449 2428 2503 induit
2449 2467 2461 2502 :
2485 2463 2653 2519 quare
2672 2449 2876 2503 dictum
2900 2457 3003 2513 est,
3035 2446 3202 2499 Homo
3224 2446 3277 2499 in
3294 2446 3452 2516 plaga
3469 2461 3589 2498 con-

2005 2543 2245 2605 stitutus,
2275 2550 2324 2595 et
2347 2540 2515 2594 sciens
2536 2539 2671 2609 ferre
2688 2540 3088 2609 inﬁrmitatem;
3118 2540 3367 2607 quoniam
3398 2535 3590 2590 avertit

2005 2632 2205 2687 vultum
2234 2648 2386 2686 suum
2407 2670 2422 2696 ,
2458 2631 2806 2685 inhonoratus
2839 2638 2938 2694 est,
2971 2645 3063 2682 nec
3128 2627 3479 2697 reputatus".
3526 2624 3587 2680 In

2008 2724 2250 2779 secundo
2301 2733 2482 2777 autem
2541 2722 2779 2776 adventu
2838 2736 2960 2785 suo,
2998 2720 3235 2775 revelata
3268 2717 3426 2781 facie,
3460 2732 3589 2773 cum

2008 2821 2275 2885 potestate
2304 2822 2358 2870 et
2378 2813 2549 2883 gloria
2573 2827 2770 2883 magna
2800 2812 2974 2867 aderit
3006 2832 3019 2867 ι
3046 2810 3399 2881 quamobrem
3440 2808 3593 2864 Scri-

2009 2917 2192 2977 ptura,
2235 2906 2534 2976 praemissis
2577 2904 2644 2959 iis
2682 2918 2805 2974 qua!
2846 2904 2993 2957 dicta
3047 2910 3174 2957 sunt
3208 2902 3261 2956 in
3295 2888 3587 2973 principio,

2009 3015 2130 3070 quae
2155 2999 2208 3052 in
2230 2998 2407 3067 primo
2435 2995 2667 3051 adventu
2695 2995 2815 3065 ejus
2838 2994 3048 3050 edenda
3082 3002 3260 3059 erant,
3295 2994 3422 3048 hinc
3452 3008 3588 3047 con-

337 3087 407 3140 τὰ
447 3086 713 3159 εἰρημένα
742 3085 830 3139 διὰ
871 3086 980 3141 τῶν
1022 3085 1274 3158 πρώτων,
1308 3088 1452 3157 ἅπερ
1490 3086 1659 3158 ἐχρῆν
1688 3087 1781 3138 ἐπὶ
1809 3084 1909 3156 τῆς

2012 3096 2301 3159 sequenter
2357 3085 2655 3143 secundum
2706 3093 2761 3141 et
2816 3086 3113 3157 gloriosum
3140 3086 3260 3156 ejus
3299 3085 3589 3141 adventum

340 3180 611 3251 προτέρας
638 3178 804 3234 αὑτοῦ
834 3179 1135 3252 παρουσίας
1164 3182 1444 3251 πράττειν,
1464 3178 1588 3249 ἐξῆς
1606 3176 1911 3241 ἀκολούθως

340 3269 443 3339 τῆς
478 3270 736 3341 δευτέρας
794 3270 958 3324 αὑτοῦ
1001 3270 1097 3324 καὶ
1139 3269 1349 3335 ἐνδόξου
1398 3269 1723 3338 ἐπιφανείας
1774 3268 1910 3321 imo-

342 3362 661 3431 μιμνήσκει,
687 3360 1190 3432 παρακελευόμενος
1210 3359 1498 3432 προϐαλεῖν
1513 3359 1574 3412 τὸ
1597 3358 1806 3431 μέλλον,
1820 3358 1914 3412 καὶ

347 3454 661 3525 προφθάσαι
687 3455 747 3508 τὸ
770 3456 1061 3528 πρόσωπον
1097 3453 1262 3509 αὐτοῦ
1288 3456 1345 3508 ἐν
1369 3453 1770 3525 ἐξομολογήσει.
1800 3453 1916 3505 Κα-

340 3541 432 3593 λὸν
454 3542 563 3612 γὰρ
586 3543 897 3613 προφθάσαι
930 3544 1025 3597 καὶ
1049 3543 1359 3616 προλαϐεῖν,
1398 3545 1493 3597 καὶ
1521 3543 1650 3617 πρὶν
1685 3543 1915 3613 φανῆναι

341 3633 405 3685 τὸ
435 3633 721 3704 πρόσωπον
753 3634 917 3688 αὐτοῦ
950 3634 1179 3699 ἔνδοξον,
1210 3636 1295 3704 ἐφ’
1321 3632 1402 3699 οἷς
1430 3635 1748 3707 ἡμάρτομεν
1778 3636 1915 3688 ἀπο-

344 3723 612 3796 κάθαρσιν
640 3726 851 3789 ἑαυτοῖς
877 3725 1201 3796 πορίσασθαι
1220 3726 1308 3781 stat
1328 3727 1427 3798 τῆς
1457 3726 1913 3799 ἐξομολογήσεως.

343 3816 559 3869 Γένοιτο
582 3817 627 3871 δ’
661 3817 727 3870 ἂν
756 3818 789 3887 ἡ
830 3817 1216 3887 ἐξομολόγησις
1242 3818 1460 3890 γνησία,
1500 3822 1548 3872 εί
1591 3821 1648 3873 ἐν
1684 3819 1919 3890 ψαλμοῖς

344 3908 701 3979 ὲλαλάζωμεν
745 3909 912 3979 αὐτῷ,
957 3910 1203 3963 τουτέστι
1247 3909 1334 3964 διὰ
1383 3910 1491 3963 τῶν
1538 3896 1785 3983 ὀργάνων
1819 3915 1918 3983 τῆς

344 4000 540 4070 ψυχῆς,
580 4001 719 4073 ἅπερ
758 4001 876 4053 ἐστὶ
906 4002 976 4055 τὰ
1009 4000 1267 4072 σώματα·
1302 4001 1368 4054 δι’
1397 3996 1472 4053 ὧν
1523 4004 1784 4073 προσήκει
1828 4005 1921 4056 τὸν

346 4089 679 4161 καλούμενον
718 4090 1031 4162 ἀλαλαγμὸν
1070 4090 1357 4154 ἐπιτελεῖν,
1402 4091 1502 4161 βίῳ
1540 4090 1779 4162 σώφρονι
1826 4093 1920 4145 καὶ

349 4183 592 4253 πολιτείᾳ
618 4183 857 4254 ἐναρέτῳ
903 4184 1001 4255 τὴν
1025 4183 1118 4237 τοῦ
1146 4183 1291 4236 θείου
1321 4183 1636 4253 Πνεύματος
1660 4184 1922 4255 ἁρμονίαν

346 4274 443 4327 καὶ
487 4274 579 4328 τὸν
626 4274 779 4342 ἆγιον
834 4274 1039 4346 ῥυθμὸν
1096 4275 1591 4344 ἐπιδεικνυμένους.
1642 4275 1823 4328 Ταῦτα
1867 4274 1925 4327 δὲ

350 4366 775 4437 προηγουμένως
813 4367 953 4438 πρὸς
994 4367 1087 4420 τὸν
1145 4366 1413 4419 Ἰουδαίων
1471 4366 1719 4419 λέλεκται
1772 4364 1920 4426 λαὸν,

2015 3186 2426 3245 commemorat,
2450 3179 2709 3248 iubetque
2739 3177 2922 3233 futura
2946 3187 3290 3249 praevertere,
3309 3185 3363 3234 et
3395 3178 3591 3233 faciem

2014 3274 2133 3343 ejus
2157 3273 2209 3327 in
2238 3271 2582 3328 confessione
2612 3270 3073 3342 praeoccupare.E
3096 3288 3155 3327 re
3175 3287 3409 3341 namque
3432 3270 3592 3324 fuerit

2015 3370 2374 3429 antevenere,
2399 3370 2559 3433 atque
2581 3363 2876 3433 gloriosum
2895 3364 3015 3432 ejus
3042 3364 3247 3418 vultum
3274 3364 3590 3434 praevenire,

2014 3462 2069 3510 et
2100 3464 2391 3524 antequam
2439 3454 2677 3524 gloriosa
2725 3454 2847 3523 ejus
2887 3454 3057 3508 facies
3085 3462 3363 3525 appareat,
3396 3470 3593 3525 purga-

2016 3545 2218 3600 tionem
2252 3544 2575 3599 delictorum
2612 3560 2707 3614 per
2745 3544 3148 3600 confessionem
3193 3546 3353 3600 nobis
3399 3552 3595 3615 procué

2016 3653 2158 3693 rare.
2186 3637 2475 3693 Confessio
2508 3644 2688 3692 autem
2721 3639 2936 3692 sincera
2966 3645 3019 3692 et
3052 3653 3309 3707 germana
3344 3638 3522 3699 fuerit,
3546 3638 3594 3692 si

2018 3732 2074 3785 in
2120 3731 2343 3801 psalmis
2388 3730 2683 3799 jubilemus
2710 3730 2781 3794 ei,
2815 3730 2867 3784 id
2898 3737 3002 3795 est,
3035 3745 3131 3799 per
3158 3730 3351 3784 anima:
3389 3729 3597 3783 instru-

2017 3829 2227 3897 menta,
2273 3836 2394 3891 quae
2449 3828 2579 3874 sunt
2609 3835 2841 3889 corpora
2872 3828 3061 3876 nostra
3103 3821 3303 3891 :queis
3343 3820 3596 3876 convenit

2020 3914 2188 3976 illam,
2218 3923 2277 3966 ut
2306 3920 2486 3975 vocat,
2505 3912 2875 3979 jubilationem
2907 3928 3004 3982 per
3026 3912 3189 3965 vitam
3219 3912 3500 3967 honestam
3531 3929 3599 3969 ac

2019 4003 2240 4057 virtutis
2263 4002 2571 4057 institutum
2596 4001 2923 4071 persolvere,
2940 4015 3005 4055 ac
3019 4001 3190 4055 divini
3212 4000 3449 4072 Spiritus
3470 4004 3597 4056 bar-

2020 4095 2257 4148 moniam
2293 4108 2619 4162 sacrumque
2648 4100 2974 4148 concentum
3009 4094 3286 4148 exhibere.
3322 4092 3447 4148 [late
3478 4112 3600 4165 por-

2020 4200 2084 4239 ro
2108 4183 2417 4238 Judaaorum
2452 4185 2753 4254 przesertim
2787 4185 2989 4254 populo
3021 4184 3300 4254 dicuntur,
3344 4174 3605 4243 sermone

2024 4277 2172 4345 ipsos
2202 4277 2268 4330 ad
2297 4275 2596 4332 Salvatoris
2638 4277 2813 4331 nostri
2845 4277 3208 4347 cognitionem
3246 4288 3593 4348 provocante.

2024 4366 2276 4419 Attamen
2300 4366 2460 4419 nobis
2482 4364 2645 4418 etiam
2671 4366 2925 4420 omnibus
2944 4366 3058 4421 ha‘c
3088 4376 3391 4435 Opportune
3425 4369 3599 4437 appli-

349 4458 791 4527 προκαλουμένου
822 4459 1019 4521 αὐτοὺς
1046 4457 1138 4511 τοῦ
1172 4446 1328 4526 λόγου
1361 4457 1455 4510 ἐπὶ
1487 4456 1585 4528 τὴν
1612 4457 1705 4509 τοῦ
1735 4455 1911 4522 Σωτῆ-

2026 4466 2222 4512 ccntur
2246 4474 2258 4511 :
2286 4454 2544 4511 —Vsns.
2600 4457 2650 4510 ’5.
2685 4457 2949 4522 Quoniam
2989 4456 3126 4511 Deus
3155 4475 3377 4528 magnus
3418 4458 3597 4511 Domi-

353 4566 445 4621 ρος
492 4549 650 4619 ἡμῶν
687 4548 920 4618 γνῶσιν·
955 4549 1103 4619 ὅμως
1135 4548 1191 4601 δὲ
1226 4549 1320 4601 καὶ
1353 4547 1489 4619 πρὸς
1537 4548 1743 4611 πάντας
1774 4549 1921 4618 ἡμᾶς

348 4640 634 4711 χρησίμως
665 4639 728 4693 ἂν
752 4641 1120 4711 ἐφαρμοσθείη
1138 4681 1151 4693 .
1184 4641 1301 4693 Ὅτι
1329 4641 1471 4706 Θεὸς
1499 4639 1684 4709 μέγας
1709 4640 1923 4707 Κύριος

352 4731 451 4783 καὶ
490 4732 790 4798 ,βασιλεὺς
812 4733 1000 4802 μέγας
1028 4734 1126 4786 ἐπὶ
1155 4731 1386 4798 πάντας
1427 4732 1568 4797 τοὺς
1606 4732 1798 4796 θεούς.
1841 4730 1921 4785 Τὰ

353 4822 782 4895 παρηγγελμένα
813 4822 901 4876 διὰ
929 4823 1036 4875 τῶν
1071 4823 1377 4895 ἔμπροσθεν
1404 4823 1461 4875 ἐν
1488 4822 1567 4892 τῷ
1599 4822 1788 4892 Κυρίῳ
1826 4821 1921 4874 καὶ

355 4914 568 4986 Σωτῆρι
604 4914 783 4984 ἡμῶν,
830 4913 1028 4984 δηλαδὴ
1059 4912 1137 4984 τῷ
1166 4913 1258 4966 τοῦ
1289 4913 1423 4966 Θεοῦ
1470 4914 1650 4982 Λόγῳ,
1682 4911 1923 4965 ἐπιτελε-

354 5005 529 5069 στέον,
556 5004 644 5059 διά
659 5022 719 5059 τε
750 5005 818 5058 τὰ
846 5004 1000 5071 ἄλλα,
1029 5005 1121 5057 καὶ
1151 5005 1282 5057 διότι
1305 5004 1463 5074 φύσει
1492 5004 1664 5075 μέγας
1695 5004 1768 5057 ὢν
1793 5004 1925 5067 Θεὸς

354 5097 449 5151 καὶ
485 5097 658 5168 μέγας
686 5098 943 5168 τυγχάνει
979 5097 1247 5169 βασιλεὺς,
1284 5097 1379 5149 ἅτε
1414 5096 1706 5167 μονογενὴς
1734 5094 1809 5148 ὣν
1829 5094 1924 5148 τοῦ

352 5189 487 5243 Θεοῦ
523 5190 711 5259 Λόγος.
758 5190 1020 5253 Βασιλεὺς
1067 5190 1126 5243 δὲ
1179 5189 1350 5260 μέγας
1401 5189 1548 5242 ἐστὶν
1595 5190 1688 5243 ἐπὶ
1719 5190 1928 5251 πάντας

352 5283 481 5345 τοὺς
510 5281 689 5345 θεοὺς,
735 5280 768 5351 ἥ
798 5281 940 5335 κατὰ
967 5277 1058 5334 τὸν
1109 5280 1425 5351 Σύμμαχον,
1453 5280 1654 5333 ἐπάνω
1686 5278 1928 5333 πάντων

353 5354 474 5425 τών
493 5370 643 5427 θεῶν
660 5390 675 5404 ·
710 5373 827 5443 ῆτοι
848 5371 958 5425 τῶν
990 5372 1426 5443 ’πεπλανημένως
1452 5372 1600 5443 παρὰ
1614 5374 1727 5434 τοῖς
1752 5370 1925 5424 ἔθνεσι

352 5464 777 5535 νενομισμένων·
814 5463 981 5535 ἢτῶν
1014 5464 1238 5518 Μωῦσεῖ
1280 5462 1693 5533 παραπλησίων,
1718 5455 1926 5533 ᾧεῐρηο

353 5575 466 5621 ται,
506 5555 741 5610 Τέθεικά
771 5572 846 5610 σε
878 5555 1016 5609 θεὸν
1035 5552 1261 5611 φαιοοιώ⁸
1299 5555 1331 5618 ἣ
1365 5553 1502 5608 θεῶν
1526 5554 1652 5624 περὶ
1672 5547 1746 5608 ὧν
1778 5552 1925 5628 εῐρη-

426 5715 469 5766 ⁸Ὶ
510 5712 666 5770 Joan.
705 5729 827 5770 va.
865 5714 950 5768 35.

2026 4566 2147 4613 nus,
2192 4558 2241 4604 et
2298 4566 2390 4605 rex
2431 4567 2649 4621 magnus
2684 4567 2839 4619 super
2882 4567 3057 4605 omnes
3098 4550 3241 4605 deos.
3275 4550 3407 4615 Quae
3441 4553 3597 4620 prius

2026 4650 2292 4712 praecepta
2329 4652 2382 4697 et
2431 4643 2687 4696 mandata
2730 4641 2901 4703 fuere,
2939 4643 2993 4696 in
3039 4642 3267 4697 Domino
3304 4650 3358 4697 et
3403 4632 3613 4695 Serva—7

2026 4742 2146 4789 tore
2176 4742 2385 4799 nostro,
2410 4735 2621 4789 scilicet
2648 4734 2703 4788 in
2746 4733 2841 4789 Dei
2875 4732 3050 4788 Verbo
3085 4734 3403 4803 complenda
3438 4743 3596 4799 sunt;

2025 4828 2140 4875 tum
2192 4823 2316 4877 aliis
2367 4822 2434 4878 de
2478 4824 2683 4889 causis,
2716 4830 2831 4878 tum
2883 4823 3009 4893 quia
3058 4838 3183 4877 cum
3230 4833 3423 4877 natura
3454 4822 3597 4879 Deus

2028 4929 2260 4983 magnus
2292 4917 2382 4981 sit,
2417 4932 2645 4986 magnus
2683 4915 2812 4970 item
2845 4930 2941 4969 rex
2972 4914 3154 4981 fuerit,
3195 4922 3383 4984 utpote
3411 4916 3598 4985 unige-

2026 5003 2202 5057 nitum
2246 5003 2341 5057 Dei
2370 5003 2628 5061 V'erbum.
2656 5005 2754 5062 Est
2784 5013 2962 5061 autem
3018 5020 3112 5059 rex
3165 5019 3397 5073 magnus
3435 5020 3601 5073 super

2027 5110 2215 5150 omnes
2243 5095 2410 5162 deos;
2452 5096 2586 5160 sive,
2627 5097 2926 5152 secundum
2981 5095 3389 5166 Symmachum,
3426 5094 3599 5163 Supra

2029 5200 2204 5239 omnes
2234 5184 2396 5245 deos;
2431 5185 2682 5239 videlicet
2730 5200 2825 5240 eos
2862 5184 2954 5253 qui
2991 5183 3233 5252 gentium
3286 5197 3473 5235 errore
3524 5179 3597 5232 dii

2029 5294 2151 5332 esse
2186 5286 2473 5347 putantur;
2512 5277 2627 5331 sive
2679 5290 2797 5338 eos,
2828 5274 2922 5344 qui
2975 5272 3145 5343 Moysi
3193 5272 3399 5327 similes
3450 5281 3597 5335 sunt,

2033 5370 2120 5424 cui
2143 5369 2345 5423 dictum
2368 5376 2450 5423 est
2470 5367 2659 5421 :Posui
2675 5376 2723 5420 te
2740 5367 2907 5420 Deum
2924 5364 3222 5418 Pharaonis
3241 5365 3308 5429 Im;
3330 5364 3444 5419 sive
3466 5362 3601 5417 deos

2032 5460 2099 5514 de
2130 5459 2328 5529 quibus
2359 5459 2474 5512 haec
2502 5458 2782 5521 dicuntur,
2815 5456 2956 5510 Deus
2993 5455 3209 5509 deorum
3243 5454 3500 5509 Dominus
3522 5453 3603 5508 lo~

2032 5562 2184 5607 cutus
2211 5550 2386 5617 est“;
2416 5563 2490 5615 et,
2530 5550 2663 5605 Deus
2697 5551 2839 5606 stetit
2880 5551 2932 5603 in
2971 5565 3237 5619 synagoga
3276 5547 3548 5603 deorum"
3581 5566 3599 5606 ι

1029 5714 1072 5747 ³⁸
1114 5711 1215 5767 lsa.
1255 5728 1383 5769 Lm.
1422 5712 1474 5767 5.
1552 5712 1595 5744 "
1635 5710 1803 5766 Exod.
1841 5726 1954 5773 vn,
1994 5710 2041 5763 1.
2119 5709 2163 5740 ⁶⁰
2203 5706 2345 5763 Psal.
2386 5722 2541 5766 XLIX.
2584 5707 2629 5763 1.
2709 5707 2746 5740 ⁸³
2793 5704 2933 5761 Psal.
2969 5719 3168 5767 tum,
3207 5706 3256 5761 1.
