4068 6394
502 325 633 378 1211

1169 325 1439 381 EUSEBII
1480 322 1958 379 CAESABlENSIS
1993 319 2145 377 OPP.
2187 315 2366 373 PARS
2403 318 2488 372 lll.
2530 348 2601 358 ——
2639 317 3049 373 EXEGETICA.

3612 302 3757 371 me

501 454 663 494 nemo
706 455 849 494 enim
899 455 1089 495 eorum
1138 440 1241 509 ipsi
1308 440 1505 493 similis
1549 449 1650 493 est.
1706 436 2074 504 Quamobrem

2184 434 2293 485 ταν
2340 432 2484 497 Θεὸς
2540 430 2689 485 θεῶν
2726 433 2940 500 Κύριος
2989 431 3289 498 ἐλάλησε·
3327 431 3450 495 καὶ,
3485 410 3555 483 ’Ὀ
3604 432 3756 497 Θεὸς

503 532 636 586 alibi
663 547 879 602 quoque
918 532 1124 585 dictum
1152 541 1235 585 est
1263 550 1277 587 :
1305 532 1569 597 Quoniam
1603 531 1720 599 quis
1760 532 1813 583 in
1853 528 2077 582 nubibus

504 623 801 692 a'quabitur
854 623 1103 690 Domino,
1158 624 1352 678 similis
1411 625 1512 678 erit
1574 623 1802 678 Domino
1846 624 1902 676 in
1948 624 2077 693 ﬁliis

506 714 601 768 Dei
620 716 661 746 ⁶¹
681 715 704 768 ἲ

576 889 742 944 Vens.
776 890 830 944 4.
858 890 993 955 Quia
1026 891 1078 944 in
1110 907 1269 943 manu
1309 891 1423 960 ejus
1455 902 1580 945 sunt
1614 909 1789 946 omnes
1815 893 1945 962 fines
1975 900 2079 946 ter-

506 999 601 1045 τω,
634 992 683 1035 et
723 983 1029 1036 altitudines
1083 984 1339 1036 montium
1382 985 1545 1049 ipsius
1576 993 1719 1038 sunt.
1742 983 1865 1038 Ideo
1896 986 2081 1039 exsul-

510 1082 692 1129 tcmus
726 1082 780 1127 et
802 1074 1100 1143 jubilemus
1136 1074 1244 1127 Deo
1260 1094 1278 1139 ,ε
1311 1089 1419 1127 non
1455 1074 1616 1127 modo
1647 1076 1771 1144 quia
1816 1073 2079 1131 Dominus

504 1174 558 1220 et
582 1165 725 1221 Deus
757 1174 841 1220 est
869 1174 922 1220 et
950 1181 1043 1220 rex
1079 1180 1309 1234 magnus
1353 1181 1517 1234 super
1560 1181 1751 1220 onmes
1782 1166 1946 1231 deos;
1981 1167 2078 1221 sed

503 1259 667 1311 etiam
720 1257 846 1326 quia
880 1257 1014 1311 fines
1059 1265 1217 1311 terra:
1245 1256 1347 1311 sibi
1378 1257 1609 1325 subjecit
1638 1266 1690 1311 et
1723 1258 1981 1313 subdidit.
2021 1257 2078 1312 Id

503 1350 650 1404 enim
682 1364 804 1403 cum
839 1349 1083 1417 petiisset
1124 1363 1152 1400 a
1200 1347 1382 1414 Patre,
1415 1349 1744 1417 impetravit,
1777 1350 2077 1405 secundum

508 1440 641 1497 illud
675 1461 687 1496 :
722 1441 946 1495 Postulo
981 1458 1013 1494 a
1045 1457 1123 1493 me
1157 1450 1206 1495 et
1235 1440 1372 1494 dabo
1398 1440 1493 1493 tibi
1522 1452 1697 1510 gentes
1720 1440 2079 1495 hwreditatem

508 1546 675 1598 tuam,
710 1544 759 1588 et
800 1534 1182 1602 possessionem
1207 1544 1351 1585 tuam
1385 1534 1632 1586 terminos
1663 1541 1815 1586 terrm
1833 1533 1896 1587 ⁸³.
1923 1532 2078 1599 Quod

506 1627 553 1680 si
600 1626 845 1695 quaedam
894 1626 1208 1686 altitudines
1234 1626 1498 1678 montium
1540 1639 1709 1693 penes
1741 1622 2078 1694 Scripturam

505 1718 747 1771 divinam
799 1719 853 1771 in
902 1718 1108 1773 honore
1157 1718 1445 1780 habentur,
1491 1718 1641 1772 verbi
1673 1719 1867 1787 gratia,
1902 1717 2075 1779 Sinai,

505 1806 742 1871 Cliorcb,
773 1805 1008 1871 Thabor,
1041 1822 1195 1862 mons
1232 1806 1383 1869 Sion,
1416 1822 1572 1862 mons
1611 1806 1911 1873 Olivarum,
1946 1818 2001 1863 et
2032 1809 2079 1866 si

507 1899 633 1967 quis
682 1899 823 1953 alius
858 1899 1137 1966 similiter;
1173 1901 1287 1953 sive
1322 1900 1482 1954 etiam
1512 1901 1581 1953 iis
1610 1901 1874 1954 contrarii
1905 1910 1959 1956 et
1983 1917 2081 1972 op-

508 1990 671 2058 positi
712 1998 945 2052 montes,
976 1989 1068 2058 qui
1112 2004 1142 2041 a
1174 1989 1512 2044 dannonibus
1559 1989 1689 2043 olim
1733 1991 2080 2060 occupaban~

507 2090 617 2147 tur,
650 2080 739 2134 ubi
770 2090 957 2151 gentes
1006 2081 1260 2151 malignis
1293 2080 1634 2135 daemonibus
1657 2082 1817 2151 quasi
1845 2083 1951 2137 diis
1980 2083 2080 2136 im-

509 2173 815 2236 molabant;
870 2173 962 2227 sed
1024 2173 1125 2226 hos
1174 2187 1364 2228 onmes
1413 2171 1627 2227 Domini
1670 2183 1726 2228 et
1780 2172 2081 2230 Salvatoris

509 2264 682 2317 nostri
715 2279 839 2319 esse
874 2263 1131 2319 docemur
1167 2284 1179 2319 :
1223 2266 1341 2334 ipse
1371 2278 1605 2334 namque
1659 2281 1845 2320 eorum
1900 2266 2081 2336 opifex

506 2363 645 2409 crat.
677 2354 817 2409 Num
846 2355 984 2410 forte
1017 2356 1139 2411 ideo
1170 2356 1224 2409 in
1257 2372 1419 2411 manu
1446 2360 1566 2427 ejus
1594 2366 1723 2412 sunt
1748 2359 2079 2424 tiuesterne,

508 2446 639 2516 quia
690 2448 795 2501 sub
845 2464 1007 2502 manu
1043 2448 1163 2517 ejus
1209 2457 1423 2503 terrena
1458 2450 1875 2518 dispensantur;
1911 2454 2081 2507 coele-

510 2539 615 2592 stia
650 2555 798 2604 vero,
831 2555 952 2607 qua:
994 2541 1200 2609 tr0pice
1234 2542 1549 2597 altitudines
1578 2542 1847 2597 montium
1880 2560 2082 2599 vocan-

510 2618 619 2695 tur,
669 2633 798 2700 quid
845 2634 1199 2702 praestantius
1252 2636 1485 2689 terrenis
1533 2636 1766 2703 habent;
1801 2641 1931 2707 quia
1962 2639 2081 2708 ejus

509 2725 670 2794 quasi
727 2727 1004 2795 possessio
1062 2736 1211 2789 sunt,
1261 2735 1315 2781 et
1381 2729 1718 2783 domicilium
1778 2731 1950 2798 regni.
2010 2760 2084 2772 ~—

508 2811 674 2868 γωδ.
708 2815 759 2869 5.
789 2814 1053 2880 Quoniam
1083 2816 1249 2883 ipsius
1276 2825 1353 2870 est
1386 2834 1532 2871 mare
1555 2828 1604 2871 et
1634 2820 1743 2885 ipse
1765 2819 1885 2888 fecit
1924 2820 2080 2887 illud,

489 2913 558 2960 “et
592 2905 800 2959 aridam
833 2907 1182 2975 fundaverant
1229 2925 1417 2962 manus
1446 2909 1580 2972 eius.
1618 2909 1696 2964 Ne
1730 2912 1967 2977 mireris,
1999 2915 2085 2966 int

510 2998 650 3067 quit,
684 2999 728 3052 si
777 2998 911 3054 fines
968 3007 1126 3054 terra:
1174 3000 1350 3068 ipsius
1405 3010 1552 3063 sunt,
1587 3009 1641 3055 et
1682 3002 1730 3056 si
1767 3003 2084 3061 altitudines

513 3089 782 3141 montium
816 3091 881 3143 ad
920 3090 1098 3159 ipsum
1134 3091 1428 3159 pertinent.
1466 3090 1578 3146 lino
1614 3109 1743 3148 vero
1777 3093 1926 3150 disce
1959 3099 2082 3150 uni-
2111 3132 2153 3188 ο

509 3194 729 3231 versum
762 3179 998 3233 humida:
1020 3181 1339 3235 substantiae
1361 3182 1711 3247 elementum,
1727 3184 1782 3238 in
1809 3201 1918 3255 quo
1939 3194 2085 3241 terra

514 3270 783 3335 firmatur,
834 3272 954 3340 ejus
988 3271 1262 3341 opificium
1317 3289 1439 3329 esse
1473 3292 1485 3328 :
1519 3291 1695 3345 neque
1736 3277 1909 3331 solum
1957 3294 2085 3348 pos-

516 3362 710 3425 sessio,
759 3363 853 3416 sed
904 3364 1068 3417 etiam
1110 3364 1386 3433 Opiﬁcium
1419 3366 1539 3435 ejus
1582 3374 1685 3421 est.
1720 3367 1865 3422 Mare
1897 3370 2083 3437 igitur,

514 3468 624 3524 quo
658 3462 828 3507 totum
864 3454 1098 3509 humida:
1142 3455 1461 3511 substantia:
1511 3458 1835 3512 elementum
1880 3459 2087 3528 signifi-

515 3554 690 3611 catur,
713 3548 827 3616 ipse
851 3548 1006 3615 fecit;
1039 3547 1246 3601 aridam
1282 3565 1411 3602 vero
1436 3565 1628 3604 manus
1653 3552 1822 3620 ipsius
1844 3550 2089 3605 eﬂ‘orma-

518 3646 647 3692 runt
676 3658 687 3692 :
719 3639 838 3693 ideo
885 3639 1116 3695 fortasse
1146 3642 1273 3711 quia
1314 3641 1519 3696 dictum
1563 3650 1649 3695 est
1675 3659 1687 3694 :
1716 3644 1923 3711 Accepit
1947 3643 2087 3697 Deus

517 3728 779 3797 pulverem
809 3730 872 3784 de
910 3740 1071 3797 terra,
1104 3742 1153 3786 et
1183 3733 1475 3801 e/I'ormavit
1496 3735 1754 3789 hominem
1772 3736 1844 3803 ⁶⁸;
1874 3750 1937 3789 ac
1965 3751 2087 3789 rur-

517 3835 639 3874 sum
672 3838 683 3872 :
707 3818 982 3875 Formavit
1014 3823 1124 3876 Deo
1150 3822 1213 3877 de
1236 3834 1379 3877 terra
1412 3840 1589 3878 omnes
1613 3824 1752 3893 feras
1770 3826 1835 3879 ⁵⁸.
1861 3823 2088 3879 Videtur

516 3925 683 3979 porro
712 3919 870 3967 terra:
920 3915 1267 3979 elementum,
1314 3916 1461 3985 quod
1510 3918 1838 3986 sphtericum
1890 3926 1974 3973 est
2029 3927 2089 3971 ut

518 4004 694 4068 aiunt,
731 4006 845 4059 sive
886 4008 1119 4075 quadam
1151 4008 1254 4061 alia
1286 4011 1498 4064 ratione
1530 4010 1892 4075 eﬂ‘orinatum,
1922 4012 2087 4067 verbo

518 4094 612 4147 Dei
645 4096 804 4148 talem
838 4097 1116 4167 accepisse
1145 4096 1544 4154 formationem.
1588 4099 1953 4166 Quamobrem
1993 4117 2086 4155 ac-

517 4188 706 4232 curate
754 4187 806 4233 et
856 4182 1153 4235 secundum
1216 4183 1492 4253 physicam
1564 4187 1830 4240 rationem
1881 4187 2085 4241 dictum

518 4271 649 4325 illud
679 4281 761 4325 est
796 4291 809 4326 :
843 4270 913 4323 Et
936 4273 1142 4324 aridam
1176 4273 1532 4342 formaverunt
1566 4294 1751 4330 manus
1776 4277 1910 4346 ejus.

588 4544 753 4600 Vens.
778 4545 830 4600 6.
873 4544 1069 4610 Venite,
1090 4546 1367 4599 adoremus
1400 4556 1448 4600 et
1479 4548 1813 4613 procidamus
1833 4562 1879 4602 et
1915 4550 2086 4618 plore-

516 4657 632 4693 mus
660 4656 839 4692 coram
876 4639 1100 4692 Domino
1133 4640 1221 4708 qui
1245 4640 1366 4707 fecit
1406 4656 1519 4695 nos.
1547 4642 1685 4695 Cum
1716 4643 1951 4696 divinam
1983 4643 2089 4699 Do-

518 4731 653 4785 mini
684 4731 937 4784 virtutem
969 4745 1031 4782 ex
1065 4732 1384 4799 praecedenti
1416 4731 1662 4785 doctrina
1701 4749 1882 4787 sermo
1909 4735 2088 4787 decla-

517 4834 712 4886 rasset,
758 4838 821 4877 ac
851 4823 1101 4892 superius
1132 4822 1381 4888 dixisset,
1434 4822 1865 4892 Prceoccupemus
1897 4825 2087 4894 faciem

514 4918 629 4982 eius
654 4917 706 4969 in
729 4917 1083 4985 confessione:
1106 4917 1216 4985 jam
1242 4917 1557 4971 necessario
1578 4918 1940 4972 confessionis
1971 4933 2087 4973 mo-

518 5009 646 5063 dum
680 5008 872 5077 aperit.
932 5008 1291 5063 Adhortantis
1351 5018 1533 5063 autem
1599 5024 1751 5063 more
1817 5011 2086 5079 psalmum

519 5105 677 5173 plane
707 5117 959 5165 exorsus,
991 5117 1101 5156 non
1148 5117 1179 5155 a
1222 5102 1559 5157 tristioribus
1585 5104 1770 5173 cmpit,
1809 5103 1903 5158 sed
1936 5120 1964 5157 a
1999 5105 2088 5158 lae-

515 5196 750 5249 tioribus
782 5212 795 5247 :
829 5210 895 5249 ne
920 5194 955 5248 ii
985 5195 1074 5264 qui
1099 5194 1485 5260 evocabantur,
1518 5195 1644 5248 illud
1672 5195 2007 5263 procidamus
2034 5203 2088 5247 et

516 5286 779 5352 ploremus
805 5292 1209 5345 aversarentur,
1238 5284 1282 5337 si
1313 5284 1494 5338 statim
1520 5283 1588 5337 ab
1612 5284 1765 5337 initio
1785 5283 2086 5338 audissent.

518 5375 633 5431 Nisi
672 5375 907 5429 fortasse
954 5375 1040 5429 his
1090 5376 1268 5431 verbis
1321 5376 1459 5431 duos
1518 5376 1740 5430 ordines
1787 5376 2088 5445 significet;

524 5484 688 5521 unum
715 5468 1013 5528 meliorem,
1033 5484 1191 5537 quem
1228 5469 1404 5537 primo
1432 5468 1498 5522 ad
1533 5467 1743 5521 laudem
1776 5476 1829 5520 et
1855 5466 2092 5520 exsulta-

522 5560 720 5613 tionem
774 5559 1071 5626 evocabat;
1131 5560 1360 5613 alterum
1398 5575 1527 5615 vero
1556 5558 1760 5614 medela
1794 5567 2040 5625 egentem
2075 5575 2088 5611 :

594 5735 637 5765 "
679 5734 801 5790 Psal
858 5750 1136 5799 Lxxxvm,
1175 5736 1220 5788 7.
1300 5736 1343 5765 ⁸³
1380 5734 1523 5790 Psal.
1564 5752 1635 5802 ιι,
1663 5735 1711 5792 8.
1791 5735 1833 5767 “
1873 5735 2006 5791 Gen.
2048 5751 2123 5799 ιι,
2157 5734 2213 5803 '7,

2179 523 2325 590 ἔστη
2351 523 2420 574 ἐν
2452 520 2772 592 συναγωγῇ
2804 522 2982 576 θεῶν·
3013 522 3187 585 οὐδεὶς
3218 521 3323 592 γὰρ
3367 521 3513 591 αὐτῷ
3544 522 3763 575 τούτων·

2177 614 2381 683 ὅμοιος.
2402 615 2477 666 Δι’
2507 613 2535 665 ὃ
2556 614 2649 665 καὶ
2687 613 2916 683 ἀλλαχοῦ
2946 612 3187 685 εἴρηταιτ
3214 615 3343 666 ’Ότι
3361 612 3451 678 τίς
3475 613 3545 666 ὲν
3572 612 3753 681 νεφέ-

2179 710 2317 771 λαις
2349 704 2704 770 ίσωθήσεται
2723 705 2803 770 τῷ
2827 706 3035 773 Κυρίῳ,
3073 704 3494 774 ὁμοιωθήσεται
3524 703 3606 770 τῷ
3632 708 3755 759 Κυ-

2171 798 2283 865 ρίῳ
2310 798 2378 849 ἐν
2408 796 2558 861 υἱοῖς
2582 796 2729 850 Θεοῦ
2755 812 2774 859 ;

2254 889 2380 941 Ὅτι
2409 889 2479 941 ἐν
2509 886 2584 956 τῇ
2613 889 2763 957 χειρὶ
2792 886 2994 958 αὐτοῦ¹
3017 887 3088 942 τὰ
3120 887 3346 956 πέρατα
3377 885 3486 954 τῆς
3510 885 3621 955 τῆς
3650 889 3749 940 καὶ

2176 978 2251 1031 τὰ
2270 979 2397 1046 ὕψη
2422 977 2540 1031 τῶν
2572 978 2756 1046 ὀρέων
2781 979 2965 1033 αὑτοῦ
2987 981 3124 1033 εἱσι.
3149 980 3256 1032 Καὶ
3290 980 3376 1032 διὰ
3402 978 3559 1032 τοῦτο
3583 979 3752 1047 ἀγαλ-

2179 1068 2494 1139 λιασώμεθα
2538 1070 2634 1123 καὶ
2675 1067 3028 1139 άλαλάξωμεν
3072 1068 3152 1140 τῷ
3188 1069 3328 1140 Θεῷ,
3368 1069 3429 1122 οὐ
3468 1070 3627 1140 μόνον
3668 1071 3753 1123 ὅτι

2178 1161 2385 1233 Κύριος
2418 1163 2512 1214 καὶ
2536 1161 2668 1224 Θεός
2696 1164 2812 1215 ἐστι
2840 1162 2934 1214 καὶ
2956 1161 3207 1232 βασιλεὺς
3232 1162 3402 1233 μέγας
3421 1162 3511 1217 ἐπὶ
3544 1164 3753 1225 πάντας

2178 1255 2304 1317 τοὺς
2333 1254 2514 1316 θεοὺς,
2555 1254 2669 1309 ἀλλ’
2700 1254 2779 1305 ὅτι
2820 1254 2914 1306 καὶ
2953 1252 3267 1324 ὑπηγάγετο
3312 1254 3404 1307 καὶ
3438 1255 3526 1322 ὑφ’
3559 1254 3752 1306 ἑαυτὸν

2180 1348 2475 1417 ἐποιήσατο
2520 1345 2587 1399 τὰ
2626 1346 2839 1417 πέρατα
2873 1347 2973 1416 τῆς
3014 1348 3136 1417 γῆς.
3189 1345 3359 1400 Τοῦτο
3390 1346 3498 1418 γὰρ
3528 1348 3753 1418 αἰτήσας

2181 1441 2330 1512 παρὰ
2348 1439 2444 1492 τοῦ
2466 1439 2677 1511 Πατρὺς
2701 1438 2889 1509 εἴληφε
2920 1440 3060 1493 κατὰ
3088 1440 3168 1491 τό’
3184 1439 3431 1505 Αἵτησαι
3454 1440 3587 1507 παρ’
3607 1437 3754 1507 ἐμοῦ

2179 1531 2276 1583 καὶ
2311 1528 2482 1582 δώσω
2497 1545 2595 1582 σοι
2623 1529 2766 1595 ἔθνη
2787 1528 2901 1596 τὴν
2925 1530 3331 1597 κληρονομίαν
3350 1544 3485 1592 σου,
3522 1529 3618 1581 καὶ
3640 1528 3755 1595 τὴν

2180 1621 2554 1690 κατάσχεσίν
2583 1636 2699 1674 σου
2727 1619 2797 1673 τὰ
2826 1618 3050 1687 πέρατα
3075 1619 3182 1687 τῆς
3207 1619 3337 1690 γῆς.
3359 1622 3419 1672 Εἰ
3440 1621 3495 1673 δὲ
3527 1620 3756 1673 καίτινα

2179 1709 2248 1784 ἦν
2278 1712 2382 1784 ὕψη
2416 1712 2605 1784 ὀρέων,
2638 1713 2755 1782 ήτοι
2780 1711 2849 1764 τὰ
2878 1710 3027 1782 παρὰ
3053 1713 3120 1781 τῇ
3162 1710 3282 1781 θείᾳ
3311 1712 3496 1783 Γραφῇ
3527 1728 3753 1781 τετιμηο

2186 1802 2343 1874 μένα,
2370 1804 2445 1866 ὼς
2476 1802 2538 1855 τὸ
2564 1800 2738 1867 Σιναῒ,
2780 1801 2954 1854 καὶτὸ
2975 1800 3199 1872 Χωρὴὸ,
3232 1802 3292 1854 τό
3316 1819 3374 1854 τε
3405 1801 3623 1873 Θαϐὼρ,
3659 1803 3756 1854 καὶ

2177 1896 2240 1948 τὸ
2270 1895 2393 1966 ὄρος
2415 1892 2573 1957 Σιὼν,
2608 1894 2703 1946 καὶ
2731 1893 2791 1945 τὸ
2817 1893 2940 1963 ὅρος
2961 1893 3070 1945 τῶν
3096 1893 3341 1957 Ἐλαιῶν,
3361 1893 3456 1946 καὶ
3490 1894 3605 1945 εἴτι
3628 1892 3757 1945 ἄλλο

2178 1988 2388 2051 τούτοις
2419 1987 2831 2059 παραπλήσιονο
2866 1987 2896 2057 ἤ
2933 1988 3027 2039 καὶ
3053 1986 3123 2039 τὰ
3156 1985 3365 2049 τούτοις
3410 1984 3659 2050 ἐναντία,
3686 1985 3759 2037 τὰ

2180 2076 2244 2149 δὴ
2280 2077 2384 2130 ὑπὸ
2412 2077 2683 2148 δαιμόνων
2713 2076 2878 2129 πάλαι
2905 2076 3274 2147 κρατούμενα,
3315 2080 3371 2130 ἐν
3418 2071 3499 2139 οἷς
3543 2076 3760 2128 ἐθυσξα-

2181 2169 2272 2235 ζον
2305 2170 2379 2235 ὡς
2421 2170 2561 2233 θεοῖς
2601 2173 2714 2234 τοῖς
2755 2173 3011 2241 πονηροῖς
3054 2170 3272 2241 δαίμοσι
3308 2169 3377 2222 τὰ
3419 2169 3580 2238 ἔθνη·
3619 2167 3755 2220 ἀλλὰ

2180 2264 2466 2321 καὶταῦτα
2496 2265 2671 2317 πάντα
2694 2263 3047 2333 δεδιδάγμεθα
3071 2265 3152 2316 ὅτι
3173 2261 3267 2317 τοῦ
3298 2261 3501 2333 Κυρίου
3533 2262 3627 2315 καὶ
3655 2262 3761 2313 Σω-

2179 2355 2340 2426 τῆρος
2370 2356 2526 2425 ἡμῶν
2563 2356 2665 2408 ἴδια
2704 2356 2992 2425 τυγχάνει·
3030 2355 3197 2418 αὐτὸς
3222 2354 3330 2424 γάρ
3358 2350 3426 2425 ἦν
3456 2356 3484 2408 ὁ
3527 2353 3759 2425 ποιητὴς

2179 2445 2376 2499 αὐτῶν.
2413 2446 2637 2516 Μήποτε
2660 2446 2717 2498 δὲ
2750 2448 2809 2499 ἐν
2837 2446 2933 2516 μὲν
2959 2448 3026 2516 τῇ
3059 2446 3200 2516 χειρὶ
3241 2446 3404 2498 αὑτοῦ
3436 2445 3503 2498 τά
3534 2446 3751 2516 πέρατά

2181 2540 2286 2590 εἰσι
2310 2537 2408 2606 τῆς
2439 2537 2561 2607 γῆς,
2593 2538 2680 2591 διὰ
2704 2538 2763 2590 τὸ
2792 2538 2895 2590 ὑπὸ
2922 2538 3021 2608 τὴν
3052 2534 3217 2590 αὑτοῦ
3248 2539 3403 2608 χεῖρα
3441 2536 3759 2590 διοικεῖσθαι

2182 2633 2249 2686 τά
2279 2631 2550 2702 περίγεια,
2586 2630 2654 2683 τὰ
2687 2630 2744 2685 δὲ
2774 2632 3102 2700 ἐπουράνια,
3146 2630 3424 2703 τροπικῶς
3454 2629 3560 2701 ὕψη
3588 2630 3761 2699 ὀρέων

2182 2721 2576 2792 ὀνομαζόμενα,
2608 2721 2855 2794 κρεῖττόν
2885 2738 2943 2773 τι
2974 2720 3085 2791 ἔχει
3108 2720 3215 2773 τῶν
3245 2721 3342 2773 ἐπὶ
3366 2721 3504 2791 γῆς;
3534 2720 3765 2790 ἐπειδή-

2183 2828 2289 2882 περ
2325 2810 2487 2864 αὐτοῧ
2525 2813 2671 2864 ἐστιν
2712 2804 2822 2865 οἶόν
2853 2827 2905 2863 τι
2948 2812 3133 2880 κτῆμα
3172 2810 3264 2863 καὶ
3311 2810 3621 2881 οἰκητήριον
3661 2810 3769 2878 τῆς

2185 2902 2488 2973 βασιλείας·
2520 2903 2647 2954 Ὅτι
2675 2901 2861 2955 αὐτοῦ
2880 2901 3051 2955 ἐστιν
3078 2908 3117 2970 ὴ
3136 2899 3419 2955 θάλασσα
3450 2900 3550 2954 καὶ
3579 2900 3765 2965 αὐτὸς

2182 2996 2468 3061 ἐποίησεν
2494 2993 2719 3061 αὐτὴν,
2761 2992 2860 3046 καὶ
2892 2992 3006 3061 τὴν
3039 2990 3229 3060 ξηρὰν
3260 2994 3318 3046 αἱ
3352 2992 3545 3061 χεῖρες
3574 2990 3764 3045 αὐτοῦ

2184 3087 2481 3140 ἔπλασαν.
2508 3085 2598 3155 Μὴ
2624 3084 2932 3156 θαυμάσῃς,
2981 3086 3167 3171 φησιν,
3212 3086 3262 3137 εί
3311 3083 3382 3136 τὰ
3422 3084 3637 3153 πέρατα
3663 3080 3763 3151 τῆς

2187 3177 2287 3247 γῆς
2315 3174 2477 3228 αὑτοῦ
2504 3176 2799 3245 τυγχάνει·
2850 3175 2945 3227 καὶ
2988 3176 3035 3226 εί
3064 3174 3135 3227 τὰ
3179 3172 3288 3244 ὕψη
3321 3174 3428 3226 τῶν
3462 3172 3632 3243 ὀρέων
3668 3172 3765 3224 αὐε-

2186 3265 2279 3318 τοῦ
2307 3266 2472 3318 ἐστιν.
2516 3262 2676 3316 Ἀλλά
2710 3263 2819 3333 γὰρ
2850 3262 3108 3334 μάνθανε,
3138 3264 3226 3315 ὅτι
3260 3264 3351 3315 ua).
3382 3262 3442 3315 τὸ
3480 3264 3589 3315 πᾶν
3626 3278 3767 3315 στοι-

2186 3359 2328 3426 χιϊον
2360 3356 2460 3425 τῆς
2500 3355 2673 3426 ὑγρᾶς
2708 3354 2913 3418 οὐσίας,
2955 3354 3039 3422 ἐφ’
3135 3353 3460 3425 ἐστερέωσται
3490 3354 3523 3422 ἡ
3547 3352 3639 3421 γῆ,
3668 3352 3765 3404 αὐ·-

2186 3447 2276 3499 τοῦ
2312 3446 2469 3518 ἔργον
2510 3446 2779 3517 ὑπάρχει·
2810 3447 2870 3499 οὐ
2906 3447 3062 3516 μόνον
3113 3446 3299 3515 κτῆμα
3347 3443 3437 3507 ὃν,
3485 3443 3618 3497 ἀλλὰ
3670 3444 3767 3497 καὶ

2186 3538 2397 3608 ποίημα
2432 3538 2616 3592 αὑτοῦ.
2662 3537 2771 3609 Τὴν
2809 3538 2905 3607 μὲν
2933 3534 3025 3590 οὖν
3054 3536 3349 3600 θάλασσαν,
3377 3535 3444 3588 δι’
3473 3532 3541 3606 ἧς
3563 3535 3624 3587 τὸ
3655 3537 3765 3588 πᾶν

2190 3631 2447 3699 στοιχεῖον
2468 3630 2566 3699 τῆς
2592 3630 2763 3700 ὑγρᾶς
2791 3627 2976 3691 οὐσίας
3003 3626 3277 3698 δηλοῦται,
3320 3624 3481 3690 αὐτὸς
3507 3626 3759 3698 ὲποίησε’

2185 3722 2283 3790 τὴν
2317 3721 2373 3773 δὲ
2410 3721 2577 3791 ξηράν
2606 3722 2661 3773 αἱ
2692 3723 2873 3790 χεῖρες
2901 3720 3066 3773 αὐτοῦ
3097 3720 3366 3771 ἔπλασαν·
3406 3718 3545 3787 τάχα
3582 3716 3669 3770 διὰ
3702 3714 3767 3771 ’σὺ

2187 3813 2439 3881 λέγεσθαι
2459 3830 2472 3843 ο
2508 3814 2765 3866 Ἔλαϐεν
2793 3815 2823 3865 ό
2859 3812 3003 3878 Θεὸς
3031 3811 3183 3879 χοῦν
3212 3809 3331 3864 ἀπὸ
3362 3808 3474 3876 τῆς
3498 3807 3631 3878 γῆς,
3663 3808 3765 3860 καὶ

2188 3906 2421 3959 ἔπλασε
2450 3904 2556 3958 τὸν
2600 3906 2913 3972 ἄνθρωπον
2935 3921 2948 3932 ·
2992 3903 3088 3956 καὶ
3130 3903 3323 3956 πάλινο
3391 3903 3704 3953 Ἐπλασεν
3728 3903 3763 3952 d

2191 3996 2332 4063 Θεὸς
2365 3996 2479 4050 ἀπὸ
2519 3994 2629 4063 τῆς
2668 3995 2780 4064 γῆς
2830 3993 3023 4047 πάντα
3072 3992 3145 4046 τὰ
3187 3993 3380 4059 θηρία.
3412 3992 3593 4044 Ἕοικε
3616 3992 3673 4044 δὲ
3701 3992 3765 4043 τὸ

2186 4089 2286 4158 τῆς
2312 4090 2413 4159 γῆς
2446 4090 2722 4158 στοιχεῖον,
2780 4085 3115 4157 σφαιροειδὲς
3143 4083 3223 4147 ὃν,
3247 4082 3342 4145 ’ὥς
3370 4099 3552 4151 φασιν,
3582 4082 3613 4152 ἢ
3669 4083 3764 4134 καὶ

2188 4180 2359 4241 ἄλλως
2394 4180 2535 4233 κατά
2561 4196 2683 4231 τινα
2702 4179 2904 4249 τρόπον
2940 4175 3432 4246 ἐσχηματισμένον,
3464 4173 3606 4243 λόγῳ
3627 4172 3762 4225 Θεοῦ

2190 4274 2284 4326 καὶ
2316 4272 2447 4325 αὐτὸ
2479 4273 2578 4340 τὴν
2602 4270 2808 4323 τοιάνδε
2838 4269 3033 4322 πλάσιν
3065 4267 3361 4337 εἰληφέναι.
3400 4266 3490 4318 Διὸ
3521 4264 3765 4336 ἀκριόὦς

2183 4366 2281 4419 καὶ
2320 4364 2459 4419 κατὰ
2493 4365 2717 4433 φυσικὸν
2745 4364 2900 4431 λόγον
2932 4363 3145 4433 εἴρηται
3174 4360 3255 4413 τόο
3297 4360 3407 4413 Καὶ
3433 4359 3547 4428 τὴν
3574 4359 3763 4427 ξηρὰν

2122 4464 2165 4519 D
2193 4459 2252 4510 αἱ
2276 4455 2471 4525 χεῖρες
2501 4455 3016 4507 αὐτοῦ’ἕπλαοαν.

2263 4548 2438 4602 Δεῦτε
2469 4545 3016 4615 προσκυνήσωμεν,
3059 4545 3154 4598 καὶ
3200 4544 3636 4611 προσπέσωμεν
3666 4542 3765 4595 καὶ

2194 4642 2551 4709 κλαύσωμεν
2612 4639 2891 4691 ἐναντίον
2944 4640 3169 4705 Κυρόυ
3233 4635 3339 4689 τοῦ
3401 4634 3766 4700 ποιήσαντος

2192 4728 2365 4799 ἡμᾶς.
2405 4728 2512 4799 Τὴν
2537 4728 2714 4781 ἔνθεον
2738 4728 2831 4781 τοῦ
2866 4728 3068 4799 Κυρίου
3093 4725 3318 4796 δύναμιν
3350 4724 3437 4779 διὰ
3455 4726 3553 4795 τῆς
3581 4741 3747 4795 προτε

2194 4821 2378 4890 Osich
2407 4820 2754 4882 διδασκαλίας
2784 4822 3129 4891 παραιτήσας
3154 4820 3181 4870 ὁ
3214 4818 3391 4885 λόγος,
3423 4817 3680 4887 ἀνωτέρω
3707 4833 3769 4868 τε

2194 4912 2382 4979 εἰπὼν,
2410 4911 2855 4980 Προφθάσωμεν
2881 4912 2947 4964 τὸ
2980 4912 3303 4978 πρόσωπον
3324 4908 3509 4961 αὐτοῦ
3542 4908 3613 4961 ἐν
3638 4908 3771 4970 ἐξοο

2187 5006 2539 5076 μολογήσει,
2568 5005 2662 5059 νῦν
2689 5005 3000 5072 ἀναγκαίως
3032 5004 3285 5071 διασαφεῖ
3322 5002 3412 5053 τὸν
3450 5002 3648 5072 τρόπον
3671 5001 3771 5070 τῆς

2194 5096 2652 5167 ὲξομολογήσεως.
2710 5096 2859 5148 Πάνυ
2902 5095 2960 5147 δὲ
3004 5092 3417 5163 προτρεπτικῶς
3468 5093 3770 5163 ἀρχόμενος

2194 5187 2288 5239 τοῦ
2334 5186 2573 5257 ψαλμοῦ,
2608 5189 2707 5239 οὐκ
2744 5185 2992 5239 ἐντεῦθεν
3021 5186 3128 5239 ἀπὸ
3168 5184 3276 5236 τῶν
3305 5184 3765 5254 σκυθρωποτέρων

2196 5280 2426 5350 ἤρξατο,
2459 5279 2571 5331 ἀλλ’
2599 5279 2707 5330 ἀπὸ
2748 5276 2856 5329 τῶν
2884 5274 3273 5346 φαιδροτέρων,
3320 5274 3396 5337 ὡς
3427 5274 3491 5327 ἂν
3525 5274 3600 5345 μὴ
3636 5275 3765 5325 ἀπο,

2195 5375 2450 5444 τραπεῖεν
2469 5373 2518 5424 οἱ
2553 5370 2874 5439 καλούμενοι
2903 5367 2982 5429 τὸ,
3011 5364 3449 5434 προσπέσωμεν
3477 5366 3568 5417 καὶ
3590 5365 3767 5417 saluti-

2197 5480 2415 5533 σωμεν,
2451 5463 2609 5526 εὐθὺς
2649 5464 2706 5514 ἐν
2731 5462 2925 5532 ἀρχαῖς
2960 5458 3289 5518 ἀκούσαντες
3312 5473 3324 5487 ·
3361 5459 3409 5509 εἰ
3438 5457 3512 5526 μὴ
3541 5457 3645 5526 ἄρα
3678 5454 3770 5507 δύο

2198 5556 2451 5625 τάγματα
2496 5553 2583 5623 διὰ
2630 5552 2832 5606 τούτων
2882 5552 3059 5623 δηλοῖ’
3107 5549 3165 5603 ’ἐν
3212 5549 3307 5621 μὲν
3338 5548 3396 5602 τὸ
3425 5552 3694 5617 κρεῖττον,
3738 5544 3772 5599 ὃ

2290 5735 2337 5767 ⁸⁵
2375 5732 2509 5789 Gen.
2545 5748 2594 5797 ε,
2627 5731 2718 5786 Ξὸι
