4068 6394
270 310 410 365 12ιῦ

1386 315 1882 372 COMMENTARIA
1927 316 1994 371 IN
2035 315 2369 373 PSALMOS.

3385 316 3528 370 I‘Ill

268 424 693 495 προηγουμένως
722 425 815 478 ἐπὶ
844 424 934 479 τὸν
962 423 1107 481 αἶνον
1130 431 1225 483 καὶ
1258 429 1354 501 τὴν
1380 433 1699 515 άγαλλιασιν
1736 448 1835 486 κα-

1941 432 2314 502 quamobrem,
2406 430 2589 483 Venite
2646 430 2991 507 exsultemus,
3048 429 3103 483 in
3158 428 3389 484 exordio
3450 428 3525 482 di-

268 514 385 569 λεῖ’
445 516 691 587 δεύτερον
738 518 793 571 δὲ
840 521 901 572 τὸ
950 521 1201 591 δεόμενον
1258 514 1592 594 θεραπείας*
1645 525 1713 577 δι’
1768 524 1836 589 ὃ,

268 608 447 661 Δεῦτε
476 609 986 680 ἀγαλλιασώμεθα,
1012 615 1068 666 ἐν
1095 618 1206 677 τοῖς
1235 614 1468 686 πρώτοις
1485 617 1716 687 εἴρηταιο
1742 614 1839 669 εἷθ’

267 698 400 767 ἑξῆς
439 699 575 769 μετὰ
620 700 690 754 τὰ
723 702 1153 775 τεθεολογημένα
1196 707 1323 777 περὶ
1367 706 1461 760 τοῦ
1499 708 1704 777 Κυρίου
1746 708 1841 762 καὶ

269 789 411 860 μετὰ
434 790 532 861 τὴν
560 791 668 847 τῶν
702 795 983 868 προτέρων
1022 797 1211 867 κλῆσιν
1265 800 1521 862 ἐπὶοτοὺς
1558 800 1842 871 δευτέρους

271 880 607 950 μεταδαίνει,
652 886 745 937 καὶ
783 885 1004 961 τούτους
1046 886 1312 941 διδάσκων
1355 888 1475 940 ἀντὶ
1518 887 1708 951 ὓδατος
1748 888 1842 941 καὶ

266 972 763 1043 περιρραντηρίων,
797 973 1058 1046 κλαυθμῷ
1078 977 1171 1029 καὶ
1198 974 1576 1047 ἐξομολογήσει
1618 978 1709 1030 ἐπὶ
1730 980 1843 1041 τοῖς

266 1061 503 1131 πρώτοις
530 1062 707 1116 αὐτῶν
756 1065 1114 1136 ἁμαρτήμασι
1149 1068 1473 1138 χρήσασθαι.
1511 1071 1841 1141 Προτρεπτι-

266 1149 380 1212 aii-3;
397 1151 453 1203 δὲ
474 1151 556 1217 τὸ,
582 1153 939 1222 κλαύσωμεν
957 1154 1237 1207 ἐναντίον
1254 1158 1498 1223 Κυρίου.
1528 1157 1840 1226 ἐπαγαγὼν,

266 1240 375 1293 τοῦ
411 1240 780 1307 ποιήσαντος
808 1242 984 1311 ἡμᾶς,
1016 1244 1225 1312 ἀγαθὰς
1254 1245 1566 1315 ὑπέγραψεν
1595 1246 1838 1311 ἐλπίδας,

267 1330 509 1396 διδάξας,
557 1334 637 1386 ὅτι
675 1334 747 1405 μὴ
795 1335 1062 1407 ἀλλότριοι
1096 1337 1262 1406 ἐσμεν
1309 1337 1510 1404 αὑτοῦ,
1542 1337 1655 1390 ἀλλ’
1682 1338 1842 1409 ἔργον

266 1422 433 1474 αὑτοῦ
468 1424 561 1475 καὶ
591 1425 798 1496 ποίημα
824 1424 989 1477 αὑτοῦ
1007 1442 1019 1455 ·
1046 1426 1113 1478 δι’
1152 1426 1180 1477 ὃ
1209 1428 1472 1497 προσήκει
1512 1427 1579 1479 τὰ
1609 1428 1841 1498 χρηστό-

268 1529 400 1583 τερα
428 1513 748 1585 προσδοκᾷν,
780 1514 873 1567 ἆτε
924 1514 987 1585 δὴ
1021 1515 1319 1585 κηδομένου
1368 1515 1530 1569 αὑτοῦ
1579 1516 1673 1569 τοῦ
1710 1516 1840 1569 ἰδίου

270 1606 593 1677 ποιήματος.
618 1609 739 1661 Ἔτι
756 1607 893 1678 πρὸς
916 1607 1124 1673 τούτοις
1152 1609 1239 1662 διὰ
1257 1610 1374 1675 τοῦ,
1399 1609 1843 1679 Προσπέσνωμεν

269 1698 366 1752 καὶ
396 1700 756 1769 κλαύσωμεν
785 1699 1043 1756 ἐνώπιον
1093 1704 1339 1770 Κυρίου,
1368 1702 1606 1755 διδάσκει
1644 1702 1719 1773 μὴ
1759 1704 1844 1755 ὲν-

1941 529 2089 573 ctum
2140 520 2240 586 sit;
2291 518 2489 572 deinde
2526 533 2656 572 vero
2699 527 2823 587 post
2856 534 2917 572 ea
2958 534 3081 587 quae
3113 517 3265 571 circa
3314 516 3523 575 Domini

1939 609 2196 665 deitatem
2255 612 2398 665 dicta
2454 619 2603 672 sunt,
2671 620 2723 664 et
2784 618 2907 679 post
2959 609 3203 680 priorum
3275 608 3529 663 vocatio-

1939 703 2172 767 tionem,
2209 702 2274 756 ad
2301 702 2576 757 secundos
2607 711 2873 764 transeat,
2906 702 3110 755 docens
3130 712 3225 757 eos
3257 716 3356 771 pro
3387 713 3528 767 aqua

1941 802 1996 851 et
2038 795 2337 857 ablutione,
2386 794 2644 864 lacrymis
2673 805 2724 847 et
2765 794 3117 847 confessione
3175 794 3240 847 ad
3296 792 3527 862 pristina

1942 896 2167 956 peccata
2202 887 2468 956 expianda
2508 886 2768 940 utendum
2804 900 2947 939 esse.
2991 884 3126 938 Cum
3160 891 3340 938 autem
3393 883 3526 936 hor-

1942 977 2112 1031 tantis
2163 991 2314 1029 more
2367 975 2442 1027 illi
2484 974 2650 1037 dicto,
2715 974 2979 1041 ploremus
3025 989 3209 1027 coram
3272 971 3529 1035 Domino,

1940 1066 2236 1129 addiderit,
2265 1067 2353 1135 qui
2382 1064 2502 1133 fecit
2540 1082 2655 1131 nos,
2698 1065 2895 1119 bonam
2933 1080 3084 1134 spem
3116 1063 3391 1133 ascripsit,
3421 1061 3523 1116 do-

1943 1172 2076 1211 cens
2102 1171 2203 1210 nos
2240 1171 2348 1208 non
2373 1156 2584 1209 alienos
2608 1155 2710 1225 ipsi
2736 1170 2879 1216 esse,
2911 1155 3004 1209 sed
3036 1170 3175 1224 opus
3213 1161 3267 1208 et
3301 1162 3522 1208 creatu-

1942 1261 2059 1299 ram
2083 1246 2203 1312 ejus
2226 1264 2237 1298 :
2259 1244 2609 1314 quamobrem
2631 1246 2961 1315 jucundiora
2985 1244 3349 1314 exspectanda
3373 1252 3523 1311 sunt;

1942 1350 2066 1390 cum
2110 1338 2226 1405 ipse
2270 1352 2430 1389 suum
2468 1344 2625 1390 curet
2669 1334 2968 1405 opificium.
3002 1334 3082 1387 Ad
3116 1334 3231 1387 haec
3256 1348 3405 1398 vero,
3438 1333 3527 1389 his

1938 1427 2162 1491 verbis,
2207 1425 2556 1481 Procidamus
2610 1436 2660 1480 et
2706 1427 2971 1496 ploremus
3034 1442 3214 1479 coram
3274 1425 3524 1493 Domino,

1942 1521 2100 1573 docet
2137 1535 2245 1573 non
2279 1519 2333 1572 in
2377 1529 2672 1589 conspectu
2738 1518 3042 1583 hominum,
3075 1533 3182 1571 non
3242 1518 3522 1572 hominum

1943 1608 2125 1677 gratia
2158 1608 2211 1661 id
2251 1610 2518 1678 agendum
2557 1625 2714 1674 esse;
2741 1609 2835 1665 sed
2872 1610 2926 1663 in
2952 1609 3297 1673 abscondito,
3329 1624 3529 1664 secun-

1943 1700 2181 1754 cundum
2214 1699 2367 1763 illud,
2405 1700 2571 1754 Pater
2602 1711 2743 1767 tuus,
2782 1701 2871 1770 qui
2913 1700 3051 1753 videt
3096 1701 3151 1753 in
3194 1698 3523 1764 abscondita,

268 1790 438 1844 ώπιον
476 1791 776 1863 ἀνθρώπων
824 1793 956 1865 μηδὲ
992 1794 1059 1847 δι’
1087 1793 1407 1867 ἀνθρώπους
1444 1793 1603 1847 τοῦτο
1646 1796 1838 1859 ποιεῖν,

1943 1792 2119 1847 reddet
2139 1792 2233 1847 tibi
2246 1793 2308 1849 ".
2330 1792 2596 1849 Omnibus
2615 1796 2794 1864 itaque
2807 1793 3103 1863 generatim
3125 1793 3235 1847 haec
3259 1800 3529 1863 prtecepta

272 1881 388 1936 ἀλλ’
418 1882 476 1933 ὲν
511 1881 589 1952 τῷ
619 1881 849 1954 κρυπτῷ
877 1883 1019 1937 κατὰ
1056 1884 1135 1948 τὸ,
1173 1884 1228 1936 Ὁ
1249 1882 1450 1952 Πατήρ
1475 1898 1593 1937 σου
1633 1886 1665 1937 ὀ
1693 1882 1841 1948 ,βλέ-

269 1987 398 2025 πων
424 1972 493 2025 ἐν
516 1970 597 2037 τῷ
626 1971 866 2040 κρυπτῷ
886 1972 1180 2027 ἀποδώσει
1196 1990 1314 2027 σοι.
1339 1972 1580 2026 Καθόλου
1623 1973 1720 2044 μὲν
1749 1970 1840 2026 οὖν

269 2064 473 2116 ἅπασιν
505 2061 735 2133 ἁρμόζει
768 2063 838 2117 τὰ
882 2064 1346 2136 παρηγγελμένα³
1396 2065 1600 2136 κυρίως
1641 2065 1696 2117 δὲ
1747 2064 1842 2118 καὶ

268 2156 696 2227 προηγουμένως
728 2158 757 2210 6
777 2155 947 2224 Λόγος
978 2156 1068 2211 τὸν
1104 2157 1371 2210 Ἰουδαίων
1399 2158 1526 2211 λαὸν
1558 2158 1650 2210 ἐπὶ
1678 2174 1842 2227 μετα-

267 2246 386 2318 νοίᾳ
404 2239 480 2300 ὧν
511 2246 817 2318 ἐτόλμησαν
862 2248 1190 2318 παρακαλεῖ,
1225 2248 1354 2301 Ὀτι
1382 2248 1568 2314 αὑτός
1600 2248 1771 2301 ἐστιν
1808 2251 1841 2302 ὀ

271 2335 415 2401 Θεὸς
452 2334 640 2405 ήμῶν,
693 2336 791 2389 καὶ
836 2336 1005 2405 ἡμεῖς
1056 2337 1207 2402 λαὸς
1236 2336 1427 2405 νομῆς
1480 2335 1698 2401 αὐτοῦ,
1741 2337 1839 2390 καὶ

269 2427 532 2494 πρόϐατα
559 2427 753 2496 χειρὸς
771 2427 978 2481 αὐτοῦ.
997 2428 1073 2481 Οὐ
1108 2428 1265 2499 μόνον
1294 2427 1497 2499 Κύριος
1517 2427 1673 2498 ήμῶν
1693 2429 1840 2481 ἐστιν

268 2518 344 2581 ὼς
372 2517 594 2572 οἰκετῶν
620 2518 903 2589 δεσπότης,
926 2518 1047 2571 οὐδὲ
1077 2518 1235 2589 μόνον
1259 2518 1484 2590 ποιητὴς
1529 2519 1603 2582 ὼς
1628 2519 1693 2573 ἂν
1722 2518 1840 2571 κτί-

265 2626 401 2693 ρτης
428 2608 605 2680 ἡμῶν,
634 2609 768 2664 ἀλλὰ
788 2610 883 2663 καὶ
909 2609 1037 2674 Θεός
1065 2612 1210 2664 ἐστιν
1240 2611 1417 2683 ἡμῶν,
1440 2612 1534 2666 an
1554 2612 1611 2664 δὲ
1639 2611 1842 2680 ἀγαθὸς

268 2698 343 2753 ὢν
372 2702 466 2755 καὶ
502 2700 677 2764 ἵλεως.
722 2701 799 2754 Δι’
832 2701 860 2755 ὃ
891 2701 985 2756 καὶ
1016 2702 1260 2771 φείσεται
1292 2702 1449 2774 ἡμῶν
1498 2703 1592 2756 καὶ
1626 2702 1839 2774 ἐλεήσει

268 2791 434 2861 ἡμᾶς·
469 2793 550 2845 ὅτι
584 2793 645 2845 οὐ
684 2792 840 2862 μόνον
874 2796 1107 2864 ποίημα,
1162 2792 1298 2846 ἀλλὰ
1344 2794 1437 2847 καὶ
1466 2793 1652 2864 κτῆμα
1674 2794 1839 2847 αὑτοῦ

269 2884 607 2955 τυγχάνομεν
636 2884 788 2947 ὄντες
806 2900 817 2913 ·
851 2884 945 2938 καὶ
986 2886 1035 2937 οἱ
1077 2884 1174 2955 μὲν
1204 2884 1553 2956 λογικώτεροι
1583 2886 1712 2948 λαὸς
1736 2886 1837 2938 a6-

267 2975 382 3042 τοῦ,
406 2976 455 3028 οἱ
488 2976 544 3029 δὲ
570 2975 649 3029 ἔτι
675 2976 883 3041 ἀτελεῖς
907 2978 999 3029 καὶ
1022 2976 1349 3049 ἁλογώτεροι
1380 2978 1625 3050 πρόϐατα
1660 2979 1840 3051 χειρὸς

268 3066 608 3121 αὐτοῦ·ὥστε
637 3068 732 3122 ἐὰν
764 3068 1284 3141 ὲξομολογησώμεθα
1313 3070 1461 3142 αὐτῷ
1491 3073 1582 3124 καὶ
1608 3089 1840 3144 προσκυ-

267 3159 521 3229 νήσωμεν
548 3162 640 3213 καὶ
672 3160 1069 3232 προσπέσωμεν
1114 3163 1207 3215 καὶ
1240 3162 1561 3234 κλαύσωμεν
1599 3165 1840 3219 ἐναντίον
1867 3147 1909 3205 C

270 3248 457 3313 αὐτοῦ,
480 3250 536 3316 ἐξ
555 3251 792 3313 ἅπαντος
819 3250 1198 3322 σωθησόμεθα,
1227 3253 1275 3304 οἱ
1295 3252 1394 3322 μὲν
1408 3252 1483 3316 ὼς
1498 3252 1623 3315 λαὸς
1650 3253 1837 3319 αὐτοῦ,

268 3343 319 3393 οι
357 3340 413 3394 δὲ
448 3342 524 3404 ὡς
564 3342 805 3411 πρόϐατα
833 3342 1013 3414 χειρὸς
1043 3343 1227 3397 αὑτοῦ.
1266 3343 1497 3413 Λέγεται
1518 3344 1649 3413 γοῦν
1681 3345 1843 3410 αὐτὸς

270 3430 409 3486 εἶναι
433 3436 461 3486 6
478 3434 680 3504 ποιμὴν
702 3435 730 3486 6
751 3434 933 3498 καλός·
957 3437 1051 3489 καὶ
1080 3437 1239 3507 ἡμεῖς
1258 3436 1435 3505 λέγειν
1457 3437 1840 3509 διδασκόμεθα·

270 3525 482 3593 Κύριος
510 3526 807 3595 ποιμαίνει
830 3543 928 3595 με,
964 3526 1063 3580 καὶ
1092 3526 1273 3580 οὐδέν
1286 3544 1363 3597 με
1399 3528 1740 3597 ὺστερήσει.

341 3639 608 3708 Σήμερον
638 3638 745 3694 ἐὰν
788 3638 898 3709 τῆς
938 3640 1144 3710 φωνῆς
1182 3641 1370 3696 αὐτοῦ
1402 3642 1723 3710 ἀκούσητε,
1754 3642 1840 3713 μὴ

270 3730 655 3797 σκληρύνητε
698 3729 803 3794 τὰς
849 3728 1095 3797 καρδίας
1143 3728 1309 3798 ὑμῶν
1351 3728 1421 3783 ἐν
1474 3728 1554 3795 τῷ
1597 3744 1845 3798 παραπι-

272 3818 535 3889 κρασμῷ.
575 3820 757 3885 "Arrcti
787 3820 928 3883 τότε,
955 3820 1138 3892 φησὶν,
1165 3819 1532 3891 ὲσκληρύνατε
1569 3820 1667 3884 τὰς
1708 3837 1844 3891 καρ-

270 3910 386 3973 δίας
414 3911 585 3981 ὑμῶν,
619 3911 947 3975 ἀκούσαντες
968 3910 1130 3965 αὑτοῦ
1158 3912 1256 3983 τῆς
1276 3911 1459 3982 φωνῆς
1484 3912 1574 3964 ἐπὶ
1590 3912 1689 3982 τῆς
1716 3910 1844 3983 ἐρή-

273 4018 393 4071 μου·
425 4002 585 4072 ὁρᾶτε
606 3996 696 4054 οὖν
725 4002 799 4072 μὴ
828 4002 922 4055 καὶ
949 3999 1199 4072 δεύτερον
1228 3999 1418 4054 ταύτὸν
1452 3999 1714 4072 πράξητε,
1747 3998 1842 4051 ἐὰν

270 4090 426 4158 αὖθις
458 4096 554 4165 τῆς
580 4096 760 4165 φωνῆς
776 4094 938 4149 αὐτοῦ
965 4094 1229 4166 ἀκούσητε
1259 4097 1316 4147 ἐν
1345 4092 1649 4163 ἀνθρώποις
1675 4095 1737 4164 σή
1748 4110 1842 4164 με-

273 4202 366 4256 ρον
397 4186 710 4256 γενομένου.
745 4187 803 4239 '0
831 4186 888 4239 δὲ
922 4186 1079 4255 λόγος
1098 4186 1526 4258 προηγουμένως
1550 4186 1687 4257 πρὸς
1716 4188 1843 4249 τοὺς

269 4280 335 4332 ἐκ
363 4277 666 4349 περιτομῆς
703 4276 950 4332 λέλεκται
980 4279 1045 4331 ὲκ
1075 4277 1365 4348 προσώπου
1400 4277 1494 4331 τοῦ
1530 4277 1690 4349 χοροῦ
1732 4277 1842 4331 τῶν

268 4370 563 4444 προφητῶν
594 4370 1026 4443 προφερόμενοςο
1058 4371 1107 4424 οἳ
1138 4370 1200 4442 δὴ
1238 4370 1379 4425 κατὰ
1421 4370 1519 4443 μὲν
1549 4372 1645 4442 τὴν
1669 4370 1840 4442 ἀρχὴν

1940 1883 2316 1950 conveniunt;
2351 1893 2402 1938 at
2432 1884 2652 1954 proprie
2685 1891 2741 1938 et
2785 1884 3061 1953 prmcipne
3080 1881 3396 1937 Judazorum
3421 1899 3526 1954 po-

1942 1979 2127 2049 pulum
2148 1979 2214 2034 ad
2247 1979 2554 2032 facinorum
2586 1994 2810 2033 suorum
2836 1979 3211 2047 paenitentiam
3243 1978 3526 2050 Scriptura

1940 2077 2152 2126 evocat.
2188 2101 2260 2111 —
2304 2069 2465 2126 Vens.
2491 2071 2545 2125 7.
2576 2071 2717 2137 Quia
2766 2071 2874 2139 ipse
2926 2079 3007 2124 est
3059 2070 3202 2125 Deus
3243 2081 3444 2137 noster,
3474 2080 3527 2127 et

1942 2175 2035 2212 nos
2064 2159 2287 2226 populus
2315 2174 2526 2227 pascua:
2574 2160 2709 2230 ejus,
2741 2170 2792 2214 et
2822 2176 2937 2214 oves
2980 2176 3171 2215 manus
3212 2162 3347 2231 ejus.
3404 2160 3525 2217 Non

1941 2251 2104 2306 modo
2125 2250 2389 2307 Dominus
2419 2260 2609 2307 noster
2630 2259 2735 2314 est,
2772 2259 2833 2305 ut
2866 2253 3032 2306 herus
3055 2252 3523 2321 domeSIicorum;

1942 2360 2120 2414 neque
2160 2344 2337 2399 solum
2376 2344 2592 2413 opifex,
2645 2351 2831 2415 utpote
2869 2343 3097 2399 Creator
3145 2355 3369 2413 noster;
3429 2346 3527 2400 sed

1941 2435 2103 2488 etiam
2135 2434 2280 2490 Deus
2325 2443 2515 2489 noster
2546 2444 2650 2498 est,
2685 2442 2873 2505 utpote
2916 2434 3095 2489 bonus
3125 2443 3179 2489 et
3229 2434 3521 2505 propitius.

1942 2525 2305 2592 Quamobrem
2365 2535 2551 2596 parcet
2599 2526 2759 2581 nobis
2803 2534 2860 2581 et
2907 2526 3256 2581 miserebitur
3307 2527 3529 2582 nostri:

1941 2621 2068 2687 quia
2100 2633 2207 2672 non
2237 2616 2514 2688 opificium
2565 2618 2850 2681 duntaxat,
2889 2619 2983 2672 sed
3036 2620 3201 2672 etiam
3244 2618 3529 2687 possessio

1941 2710 2063 2780 ejus
2093 2726 2285 2765 sumus
2312 2729 2327 2764 :
2357 2718 2412 2765 et
2447 2709 2900 2764 rationabiliores
2930 2725 2960 2763 e
3008 2709 3169 2763 nobis
3208 2716 3336 2764 sunt
3360 2725 3527 2779 popuo

1942 2801 2027 2856 lus
2054 2804 2174 2871 ejus
2220 2800 2304 2868 ;ii
2354 2816 2481 2855 vero
2538 2800 2632 2870 qui
2674 2800 2852 2854 adhuc
2908 2799 3208 2869 imperfecti
3242 2808 3296 2854 et
3343 2800 3526 2854 minus

1942 2893 2292 2948 rationabiles
2330 2901 2479 2955 sunt,
2518 2907 2647 2946 Oves
2676 2907 2871 2946 manus
2909 2892 3047 2959 ejus.
3082 2890 3267 2961 Itaque
3307 2891 3351 2944 si
3380 2905 3515 2944 con,-

1942 2982 2192 3037 ﬁteamur
2226 2982 2351 3051 ipsi,
2386 2981 2431 3036 si
2468 2982 2779 3043 adoremus,
2819 2982 3169 3051 proridamus
3210 2989 3265 3034 et
3299 2980 3524 3034 lleatnus

1943 3088 2127 3129 coram
2172 3073 2288 3140 illo,
2328 3073 2559 3126 salutem
2605 3088 2835 3142 prorsus
2892 3072 3245 3127 consecuturi
3297 3087 3523 3135 sumus;

1944 3167 2033 3222 alii
2061 3166 2275 3237 quidem
2320 3174 2377 3219 ut
2430 3166 2693 3236 populus;
2732 3166 2823 3219 alii
2871 3181 3001 3220 vero
3053 3173 3112 3219 ut
3165 3180 3295 3219 ores
3330 3179 3526 3218 manus

1943 3258 2084 3328 ejus.
2123 3258 2243 3329 Ipse
2265 3272 2502 3326 namque
2524 3256 2727 3310 dicitur
2749 3272 2872 3310 esse
2901 3257 3081 3309 bonus
3118 3264 3399 3325 pastor,et
3425 3270 3529 3308 nos

1945 3350 2284 3405 instituimur
2326 3349 2389 3403 ad
2447 3348 2736 3403 dicendum
2771 3367 2784 3402 :
2818 3348 3077 3403 Dominus
3104 3350 3271 3417 pascit
3326 3365 3441 3413 me,
3475 3356 3525 3401 et

1945 3442 2077 3497 nihil
2114 3442 2243 3495 mihi
2272 3440 2439 3495 deerit
2470 3442 2535 3493 ⁸⁷.

2015 3634 2181 3690 Vens.
2208 3636 2259 3689 8.
2298 3634 2471 3689 Hodie
2492 3635 2538 3688 si
2562 3651 2733 3689 vocem
2764 3635 2878 3704 ejus
2915 3634 3214 3699 audieritis,
3243 3633 3406 3686 nolite
3427 3632 3524 3686 ob-

1943 3718 2334 3780 durare'corda
2375 3736 2547 3780 vestra
2586 3728 2640 3779 in
2683 3726 3105 3780 exacerbatione.
3139 3724 3294 3780 Tunc
3329 3724 3521 3787 semel,

1945 3820 2145 3890 inquit,
2171 3819 2355 3872 audita
2379 3819 2433 3873 in
2451 3834 2636 3873 eremo
2658 3834 2792 3875 voce
2812 3819 2987 3889 ipsius
3017 3817 3334 3873 obdurastis
3356 3818 3525 3872 corda

1942 3919 2359 3977 vestra;cavetc
2389 3926 2519 3983 ergo
2558 3928 2625 3967 ne
2664 3910 2905 3967 secundo
2934 3910 3164 3980 idipsum
3199 3909 3523 3974 admittatis,

1945 4003 1989 4057 si
2026 4017 2242 4055 rursum
2271 4002 2390 4071 ejus
2431 4004 2574 4073 apud
2609 4002 2861 4057 homines
2912 4002 3073 4056 hodie
3123 4003 3397 4057 versantis
3428 4018 3524 4056 vo-

1944 4108 2060 4147 cem
2080 4093 2335 4149 audiatis.
2356 4094 2547 4148 Sermo
2574 4102 2752 4148 autem
2781 4094 2983 4164 populo
3005 4110 3068 4148 ex
3101 4094 3525 4149 circumcisione

1943 4184 2239 4253 praesertim
2270 4185 2605 4248 enuntiatur,
2637 4200 2705 4238 ex
2750 4199 2983 4253 persona
3034 4185 3187 4238 chori
3232 4186 3524 4255 propheta-

1944 4293 2063 4330 rum
2105 4278 2370 4347 prolatus.
2404 4276 2483 4330 Illi
2516 4278 2723 4332 scilicet
2758 4277 2915 4331 initio
2947 4276 3163 4346 quidem
3198 4278 3377 4330 omnia
3403 4278 3525 4347 plu-

1944 4370 2130 4424 raliter
2150 4358 2429 4432 dicebant,
2454 4372 2661 4425 vocatis
2683 4386 2803 4426 sese
2831 4378 3291 4424 connumerantes
3322 4390 3334 4424 :
3369 4385 3521 4435 nam,

264 4462 337 4517 τὰ
374 4464 551 4517 πάντα
583 4462 1195 4536 ἔλεγονπληθυντικῶς,
1246 4465 1338 4517 καὶ
1386 4466 1609 4527 ἑαυτοὺς
1639 4481 1841 4533 συγκα-

1944 4461 2129 4524 venite,
2153 4459 2389 4524 aiebant,
2425 4461 2772 4523 exsultemus,
2794 4462 3085 4531 jubilemus
3114 4471 3164 4514 et
3194 4476 3527 4530 praeoccupe-

267 4554 587 4623 ταλέγοντες
619 4558 729 4618 τοῖς
755 4554 1105 4626 καλουμένοις
1125 4571 1139 4585 ο
1180 4555 1377 4617 Δεῦτε,
1420 4556 1527 4627 γὰρ
1564 4555 1802 4624 ἔφασκον
1822 4597 1835 4621 ,

269 4641 767 4711 ἀγαλλιασώμεθα
796 4643 891 4696 καὶ
921 4642 1318 4713 ἀλαλάξωμεν
1350 4644 1448 4697 καὶ
1485 4645 1837 4714 προφθὰσω-

264 4750 377 4803 μεν
395 4751 409 4765 ’
443 4734 537 4787 καὶ
558 4735 715 4787 πάλιν
734 4751 747 4764 ·
784 4735 959 4789 Δεῦτε
981 4737 1497 4806 προσκυνήσωμεν
1527 4739 1621 4790 καὶ
1654 4754 1837 4806 προσ-

266 4824 544 4894 πέσωμεν
574 4827 670 4878 καὶ
701 4828 1077 4897 κλαύσωμεν·
1104 4830 1195 4881 ἐπὶ
1221 4829 1278 4882 δὲ
1314 4828 1407 4882 τοῦ
1435 4830 1695 4901 παρόντος
1719 4829 1835 4882 ἐτέ-

269 4932 378 4987 ρων
409 4918 487 4980 είς
512 4917 797 4989 πρόσωπον
830 4919 905 4990 μὴ
930 4920 1366 4991 παραιτήσασθαι
1398 4922 1495 4992 τὴν
1522 4921 1709 4991 κλῆσιν
1742 4940 1839 4975 πα-

269 5008 540 5079 ραινοῡσι⁹
572 5010 695 5081 μηδ’
729 5012 1024 5081 ἀπιστῆσαι
1052 5016 1115 5084 τῇ
1140 5016 1289 5085 φωνῇ
1306 5016 1371 5085 τῇ
1392 5017 1627 5085 σήμερον
1656 5015 1836 5078 αὐτοῖς

268 5101 536 5174 μελλούσῃ
579 5103 781 5159 λαλεῖν.
817 5106 890 5159 Τὸ
921 5105 998 5169 δὲ,
1021 5106 1304 5175 σήμερον,
1334 5108 1361 5160 6
1410 5106 1728 5171 Ἀπόστολος
1756 5109 1836 5169 εἰς

264 5196 443 5249 πάντα
470 5196 561 5248 τὸν
595 5197 987 5267 παρατείνοντα
1016 5198 1115 5269 τῆς
1150 5198 1293 5270 ζωῆς
1318 5202 1352 5270 ἡ
1361 5198 1476 5270 μῶν
1495 5200 1681 5270 χρόνον
1704 5200 1835 5265 ἐξεί-

262 5284 424 5359 ληφε,
460 5287 598 5340 κατὰ
626 5288 706 5351 τὸ,
738 5288 848 5354 ἕως
884 5284 955 5343 οὗ
995 5290 1058 5343 τὸ
1085 5289 1354 5359 σήμερον
1373 5291 1654 5344 καλεῖται.
1695 5293 1837 5362 Προ-

263 5378 451 5448 τρέπει
471 5378 526 5431 δὲ
550 5379 644 5432 καὶ
672 5381 817 5450 ἡμᾶς
843 5382 872 5433 6
897 5380 1053 5449 λόγος
1085 5381 1333 5435 ἐντεῦθεν
1364 5382 1708 5454 ἀπάρξασθαι
1730 5382 1837 5435 τῶν

264 5469 753 5538 παρηγγελμένων.
786 5472 848 5525 Ei
883 5472 991 5541 γὰρ
1024 5472 1118 5524 κα)⁵
1142 5471 1305 5542 πολλή
1339 5489 1422 5533 τις
1452 5473 1643 5540 γέγονε
1675 5471 1837 5543 631.61;-

266 5561 364 5629 μία
408 5562 463 5613 ὲν
504 5560 581 5630 τῷ
624 5562 943 5633 παρελθόντι
995 5564 1201 5635 χρόνῳ·
1261 5562 1394 5617 ἀλλὰ
1441 5564 1543 5617 κᾶν
1588 5564 1694 5618 ἀπὸ
1739 5565 1836 5635 τῆς

333 5719 376 5748 ⁶⁶
423 5716 607 5773 Matth.
644 5736 729 5782 vr,
769 5720 821 5780 4,
849 5718 905 5783 6,
950 5720 1033 5775 18.
1114 5722 1154 5753 ⁸⁷
1199 5719 1340 5776 Psal.
1384 5738 1527 5779 xm.
1570 5722 1617 5775 l.

1944 4569 2096 4616 mus;
2132 4568 2195 4607 ac
2224 4569 2465 4614 rursum,
2512 4553 2709 4619 Venite,
2758 4553 3055 4617 adoremus,
3100 4553 3438 4622 procidamus
3470 4561 3522 4607 et

1942 4646 2208 4714 ploremus
2244 4662 2260 4698 :
2292 4646 2345 4699 in
2370 4646 2626 4716 praesenti
2662 4662 2792 4701 vero
2820 4646 3050 4701 aliorum
3077 4652 3355 4713 assumpta
3395 4660 3520 4715 per-

1944 4753 2103 4803 sona,
2131 4738 2426 4792 hortantur
2482 4754 2549 4792 ne
2610 4740 2951 4793 vocationem
3009 4746 3302 4807 respuant;
3346 4752 3523 4806 neque

1944 4831 2062 4886 voci
2093 4846 2214 4901 qua:
2256 4830 2404 4900 ipsos
2454 4829 2615 4883 hodie
2661 4830 2966 4883 allocutura
2992 4836 3071 4882 est
3107 4828 3265 4882 fidem
3297 4836 3519 4897 negent.

1943 4923 2081 4977 Illud
2110 4938 2293 4993 porro,
2328 4922 2502 4988 hodie,
2530 4923 2829 4992 Apostolus
2869 4921 3065 4990 accipit
3113 4937 3211 4990 pro
3240 4929 3357 4973 toto
3400 4921 3523 4974 vita:

1944 5022 2144 5068 nostrae
2175 5022 2449 5083 tempore;
2484 5012 2783 5068 secundum
2827 5012 2978 5073 illud,
3009 5011 3184 5064 Donec
3238 5011 3389 5064 hodie
3432 5027 3523 5062 uo-

1942 5106 2179 5160 catur“.
2218 5105 2718 5159 llortatur‘autem
2771 5119 2873 5159 nos
2925 5102 3227 5172 Scriptura,
3280 5111 3339 5157 ut
3392 5103 3521 5155 hinc.

1941 5206 2208 5268 praecepta
2237 5195 2487 5251 servandi
2512 5197 2797 5252 exordium
2820 5196 3106 5249 ducamus.
3130 5193 3518 5247 Etiamsienim

1938 5289 2266 5361 praecedenti
2321 5296 2564 5358 tempore
2624 5289 2680 5342 in
2746 5302 2941 5358 magna
3023 5286 3254 5356 segnitie
3314 5285 3517 5339 versati

1939 5383 2148 5449 simus;
2183 5390 2237 5436 at
2288 5384 2368 5437 vel
2427 5384 2616 5438 saltem
2667 5383 2735 5437 ab
2782 5383 2884 5435 hac
2915 5381 3025 5444 die,
3057 5394 3179 5449 qua:
3220 5393 3316 5447 per
3356 5376 3512 5440 illud,

1939 5472 2111 5535 hodie,
2142 5473 2489 5543 exprimitur,
2514 5473 2655 5527 etab
2683 5472 2785 5525 hoc
2814 5480 3056 5540 tempore
3078 5468 3239 5523 dictis
3269 5464 3516 5520 attende.—

1938 5581 1998 5619 re
2028 5578 2283 5619 curemus
2324 5584 2334 5618 :
2375 5581 2471 5619 nec
2508 5564 2767 5635 populum
2822 5563 2971 5617 illum
3003 5560 3297 5624 imitemur,
3326 5555 3417 5628 qui
3458 5555 3518 5609 in

1698 5722 1739 5753 ⁸⁸
1782 5719 1943 5778 Ilebr.
1986 5736 2082 5781 tu.
2120 5723 2210 5779 15.
