4068 6394
552 306 692 366 1215

1225 311 1497 369 EUSEBII
1536 313 2017 374 CESABIENSIS
2054 317 2206 374 OPP.
2245 317 2425 373 PARS
2464 318 2552 374 Ill.
2594 315 2664 360 ——-
2696 318 3108 379 EXEGETIC'X.

3691 319 3842 386 im

547 421 761 476 visione
789 422 844 476 in
881 421 1122 490 deserto,
1154 429 1367 483 audita'
1387 430 1478 485 Dei
1511 447 1663 494 voce,
1698 433 1866 488 corde
1899 433 2136 488 obdura-

2242 433 2510 503 σήμερον
2531 437 2869 508 καλουμένης
2899 439 3112 512 ⁴ἡμέρας
3143 433 3235 494 καὶ
3256 442 3363 495 ἀπὸ
3390 444 3691 510 ἐνεστῶτος
3706 464 3841 500 και-

547 522 639 569 ἱιις
689 521 771 568 est
805 514 861 567 in
913 523 1161 587 tempore
1215 522 1679 587 cxaccrbationis,
1717 538 1841 578 cum
1894 524 2138 593 ipsorum

547 606 796 658 omnium
853 609 1096 663 membra
1154 611 1208 664 in
1260 613 1479 669 deserto
1516 623 1787 683 prostrata
1820 624 1970 682 sunt,
2011 618 2139 685 quia

548 697 668 749 voci
702 696 793 752 Dei
816 715 924 752 non
943 701 1477 772 obtemperaverant.
1498 707 1819 762 Necessario
1841 709 2023 779 itaque
2050 710 2139 764 illa

549 801 966 856 Commemorat,
1001 811 1069 850 ne
1103 813 1205 851 nos
1256 815 1474 868 quoque
1521 811 1796 872 praecepta
1830 802 1925 858 Dei
1979 804 2140 861 hodie

551 882 858 946 audientes,
894 903 957 941 ac
1009 905 1115 942 non
1172 891 1632 960 oblemperantes,
1686 897 1866 965 ipsum
1915 912 2142 952 exacer-

553 974 768 1039 bemns,
807 979 1060 1032 obduraii
1092 981 1279 1044 corde,
1308 992 1362 1037 et
1405 1001 1508 1038 non
1552 989 1908 1044 exaudientes
1937 990 2141 1044 saluta-

507 1073 514 1080 ‘
551 1069 630 1121 ria
660 1084 924 1140 prtecepta
949 1073 1104 1140 ejus;
1129 1084 1290 1144 atque
1322 1077 1442 1130 ideo
1478 1079 1654 1148 ipsum
1688 1081 1949 1135 acerbum
1979 1082 2139 1137 nobis

552 1174 616 1214 ac
641 1177 892 1217 severum
936 1166 1176 1234 judicent
1213 1179 1487 1237 parantes.
1519 1169 1683 1235 Sane,
1712 1179 1770 1225 ut
1798 1172 1934 1236 dixi,
1979 1174 2141 1229 nobis

551 1253 806 1308 omnibus
836 1265 1166 1326 pneceptum
1191 1261 1478 1326 convenit;
1509 1261 1604 1316 sed
1640 1264 1945 1319 secundum
1984 1265 2138 1335 prius

552 1345 774 1400 allatam
808 1351 1096 1412 rationem,
1127 1354 1328 1421 popqu
1361 1369 1426 1407 ex
1469 1355 1892 1411 circumcisione
1927 1357 2016 1410 illa
2050 1357 2138 1410 di-

553 1443 777 1500 cuntur,
805 1455 1038 1508 quorum
1090 1442 1205 1497 hanc
1237 1446 1511 1499 sententia
1563 1445 1727 1500 fuerit
1754 1465 1767 1500 :
1799 1445 1936 1501 Cum
1967 1449 2136 1502 semel

553 1529 684 1582 olim
717 1545 905 1586 vocem
943 1532 1033 1586 Dei
1066 1533 1120 1588 in
1149 1535 1367 1591 deserto
1409 1538 1730 1602 audissetis,
1766 1539 2138 1596 exacerbastis

550 1635 700 1685 eum,
719 1622 990 1678 obdurato
1018 1633 1263 1696 tempore
1290 1629 1492 1702 Moysis
1521 1631 1687 1685 corde
1709 1639 1925 1698 vestro;
1944 1648 2135 1687 verum

554 1712 685 1780 quia
711 1712 888 1782 ipsum
927 1713 1018 1770 Dei
1046 1714 1284 1772 Verbum
1323 1720 1378 1773 in
1403 1722 1607 1775 mundo
1641 1737 1932 1791 apparens,
1959 1723 2136 1778 homi-

2244 526 2338 597 ροῦ
2374 527 2764 600 σπουδάσωμεν
2796 532 3088 602 προσέχειν
3118 537 3230 596 τοῖς
3259 535 3583 605 εἰρημένοις·
3620 537 3720 590 καὶ
3759 539 3838 610 μὴ

2241 614 2571 689 ζηλώσωμεν
2587 621 2678 673 τὸν
2693 621 2821 675 λαὸν
2847 624 3074 689 ἐκεῖνον,
3103 624 3181 688 ὃς,
3210 625 3451 690 ἀκούσας
3478 629 3662 698 φωνῆς
3692 631 3837 685 Θεοῦ

2240 708 2333 759 ἐπὶ
2365 708 2464 778 τῆς
2493 709 2634 763 κατὰ
2663 710 2760 780 τὴν
2785 710 2989 782 ἔρημον
3011 712 3295 776 ὀπτασίας,
3329 713 3673 786 ἐσκληρύνθη
3730 718 3838 788 τὴν

2241 798 2466 869 καρδίαν
2509 801 2567 854 ἐν
2605 801 2681 872 τῷ
2707 802 2882 874 καιρῷ
2914 803 3006 856 τοῦ
3057 805 3546 876 παραπικρασμοῦ,
3589 808 3838 877 ὁπηνίκα

2241 892 2459 948 πάντων
2493 893 2670 946 αὐτῶν
2697 897 2765 948 τὰ
2795 896 2944 950 κῶλα
2993 897 3345 969 κατεστρώθη
3395 900 3451 951 ἐν
3499 901 3564 969 τῇ
3613 901 3833 971 ἐρήμῳ,

2239 983 2327 1037 διά
2358 984 2418 1036 τὸ
2445 985 2792 1056 παρακοῦσαι
2825 987 2927 1055 τῆς
2956 988 3141 1057 φωνῆς
3171 987 3266 1042 τοῦ
3295 988 3448 1044 Θεοῦ.
3491 990 3834 1059 Ἀναγκαίως

2245 1072 2340 1129 οὖν
2371 1078 2598 1131 ἐκείνων
2633 1079 3059 1149 ὑπομιμνήσκει,
3090 1081 3174 1134 ἵνα
3216 1081 3290 1152 μὴ
3321 1083 3414 1135 καὶ
3447 1084 3611 1153 ἡμεῖς
3637 1088 3703 1154 τῇ
3730 1086 3833 1156 df

2243 1185 2406 1239 μερον
2439 1168 2620 1241 ἡμέρα
2659 1170 2767 1222 τῶν
2800 1170 2892 1223 τοῦ
2928 1171 3062 1222 Θεοῦ
3091 1173 3566 1244 παραγγελμάτων
3603 1174 3834 1227 ἀκούον-

2239 1276 2329 1321 τες
2345 1259 2436 1312 καὶ
2449 1261 2848 1332 παρακούοντες
2862 1280 2934 1314 πα
2940 1263 3381 1335 ραπικραίνωμεν
3406 1265 3564 1318 αὐτὸν
3590 1266 3726 1336 σκλη
3737 1284 3831 1336 ρυ-

2239 1351 2453 1421 νόμενοι
2486 1353 2585 1416 τὰς
2636 1353 2879 1426 καρδίας,
2911 1355 3003 1406 καὶ
3037 1355 3111 1425 μὴ
3143 1355 3505 1420 ὑπακούοντες
3524 1360 3635 1420 τοῖς
3653 1375 3832 1428 σωτη-

2245 1441 2381 1512 ρίοις
2414 1443 2856 1514 παραγγέλμασι,
2893 1444 2989 1498 καὶ
3009 1444 3098 1498 διὰ
3125 1445 3282 1499 τοῦτο
3315 1447 3510 1516 πικρὸν
3541 1447 3707 1501 αὐτὸν
3734 1449 3831 1501 καὶ

2240 1532 2514 1604 ἀπότομον
2544 1536 2735 1606 κριτὴν
2764 1537 2974 1600 ἑαυτοῖς
3000 1537 3518 1602 κατασκευάζοντες.
3547 1541 3659 1593 Καὶ
3691 1541 3830 1612 πρὸς

2242 1633 2451 1696 πάντας
2483 1635 2579 1703 μὲν
2617 1630 2709 1686 οὖν
2749 1635 2916 1704 ἡμᾶς,
2950 1635 3024 1698 ὡς
3057 1635 3217 1705 ἔφην,
3246 1636 3472 1706 ἁρμόζει
3503 1639 3560 1690 τὸ
3609 1639 3832 1708 παράγ-

2239 1725 2435 1793 γελμα·
2472 1724 2615 1777 κατὰ
2647 1725 2703 1778 δὲ
2729 1724 2818 1778 τὸν
2849 1725 3260 1796 προηγούμενον
3294 1726 3452 1794 λόγον
3478 1727 3618 1799 πρὸς
3642 1729 3736 1781 τὸν
3767 1732 3833 1783 ὲκ

553 1803 717 1859 nibus
772 1806 969 1860 iterum
1021 1808 1368 1875 locuturum,
1421 1821 1585 1882 atque
1656 1813 1799 1884 apud
1854 1829 1952 1869 vos
2005 1813 2136 1869 Novi

2242 1816 2544 1886 περιτομῆς
2569 1815 2696 1870 λαὸν
2724 1816 2898 1871 ταῦτα
2925 1817 3165 1885 λέγεται,
3191 1818 3444 1889 τοιαύτην
3476 1819 3668 1889 ἔχοντα
3711 1820 3829 1873 διά-

551 1889 886 1950 Testamenti
948 1902 1206 1970 mysteria
1259 1901 1664 1958 declaraturqu
1712 1913 1829 1970 est;
1863 1915 2049 1962 cavete
2073 1923 2142 1962 ne

556 1984 759 2041 iterum
792 1987 958 2044 corda
988 1991 1270 2048 obduretis
1307 2003 1368 2048 ut
1403 1995 1582 2064 prisce
1629 1995 1964 2062 obdurastis,
2007 2013 2142 2054 neve

553 2091 776 2132 rursum
811 2095 934 2136 eum
967 2083 1330 2147 exacerbetis,
1364 2086 1410 2140 si
1447 2085 1629 2142 denuo
1667 2103 1855 2142 vocem
1883 2089 2005 2158 ejus
2039 2104 2139 2143 au-

552 2167 788 2233 dieritis,
824 2187 999 2241 neque
1031 2173 1132 2228 hac
1176 2175 1234 2229 in
1277 2191 1336 2232 re
1369 2185 1552 2247 patres
1578 2189 1789 2235 vestros
1829 2180 2138 2246 imitemini,

553 2275 624 2315 ne
657 2277 756 2317 vos
778 2279 909 2317 vero
955 2263 1195 2320 Sabbato
1224 2275 1281 2322 ct
1323 2271 1512 2338 requie
1544 2271 1665 2340 ejus
1688 2273 1897 2328 orbetis
1925 2292 1938 2326 :
1973 2289 2134 2344 quam

551 2353 798 2423 requiem
867 2355 1019 2411 dabit
1078 2358 1257 2428 ipsum
1335 2360 1431 2416 Dei
1490 2361 1766 2428 Verbum,
1843 2374 2137 2436 postquam

552 2459 781 2517 regnum
809 2463 968 2503 suum
1005 2451 1300 2520 acceperit,
1321 2453 1376 2507 in
1413 2454 1644 2525 ipsoque
1665 2457 1992 2526 requiescet,
2019 2473 2138 2510 om-

551 2553 758 2610 nesque
802 2548 1070 2611 quotquot
1120 2543 1299 2612 ipsum
1345 2547 1654 2617 receperint
1686 2548 1752 2602 ad
1814 2564 1932 2604 eam
1968 2551 2139 2620 ipsam

551 2630 792 2701 quietem
822 2632 1071 2688 admittet
1101 2654 1114 2689 :
1144 2650 1208 2690 ac
1229 2645 1481 2692 sanctum
1504 2655 1805 2709 verumque
1839 2637 2138 2693 Sabbatum

551 2721 622 2777 iis
681 2722 960 2794 impertiet
1003 2726 1096 2797 qui
1150 2743 1339 2784 secum
1387 2738 1444 2786 et
1492 2747 1661 2802 penes
1716 2749 1796 2798 se,
1851 2733 1945 2788 illo
1989 2732 2116 2804 dign

551 2821 734 2868 erunt.

2241 1925 2388 1960 νοιαν
2409 1925 2422 1937 ·
2459 1906 2641 1972 ’Ἄπαξ
2667 1909 2796 1962 ποτὲ
2825 1909 2925 1980 ἤδη
2955 1909 3219 1982 πρότερον
3253 1912 3346 1964 ἐπὶ
3372 1911 3472 1982 τῆς
3498 1913 3713 1983 ἐρήμου
3733 1913 3832 1982 τῆς

2239 2000 2423 2069 φωνῆς
2466 2001 2798 2065 ἀκούσαντες
2841 2002 2935 2055 τοῦ
2982 2000 3140 2064 Θεοῦ,
3172 2005 3620 2076 παρεπικράνατε
3667 2005 3831 2058 αὐτὸν

2241 2089 2377 2160 σκλη
2388 2090 2645 2160 ρύναντες
2660 2093 2869 2146 ἑαυτῶν
2887 2093 2986 2156 τάς
3011 2093 3236 2164 καρδίας
3262 2095 3354 2148 ἐπὶ
3387 2097 3688 2160 Μωῦσέως-
3717 2096 3830 2150 ἀλλ’

2239 2182 2537 2254 ἐπειδήπερ
2569 2186 2598 2237 ό
2641 2185 2804 2248 αὐτὸς
2831 2185 2926 2238 τοῦ
2978 2185 3111 2239 Θεοῦ
3139 2189 3308 2256 Λόγος
3354 2187 3535 2259 μέλλει
3575 2188 3831 2258 δεύτερον

2243 2274 2552 2344 ἀνθρώποις
2585 2275 2766 2330 λαλεῖν
2816 2280 3101 2348 ἐπιφανεὶς
3130 2279 3206 2350 τῷ
3240 2279 3358 2350 βίῳ,
3393 2281 3488 2333 καὶ
3535 2281 3668 2352 παρ’
3701 2281 3831 2350 ὑμῖν

2247 2365 2431 2428 αὐτοῖς
2464 2365 2737 2418 διδάσκειν
2764 2367 2833 2420 τά
2861 2368 2957 2438 τῆς
2988 2367 3195 2439 Καινῆς
3222 2369 3495 2441 Διαθήκης
3529 2371 3827 2440 μυστήρια,

2239 2459 2403 2530 ὁρᾶτε
2463 2458 2538 2530 μὴ
2591 2459 2752 2512 πάλιν
2811 2459 3149 2533 σκληρύνητε
3189 2461 3413 2525 ἑαυτοὺς
3466 2461 3542 2524 ὼς
3592 2461 3655 2514 τὸ
3698 2463 3830 2533 πρὶν

2243 2549 2632 2621 ὲσκληρύνατε,
2667 2550 2801 2623 μηδὲ
2831 2547 2988 2615 αὖθις
3012 2551 3173 2605 αὑτὸν
3200 2554 3659 2624 παραπικράνητε
3679 2593 3693 2613 ,
3734 2553 3831 2604 ἐὰν

2243 2637 2398 2705 αὖθις
2432 2641 2530 2712 τῆς
2558 2642 2741 2713 φωνῆς
2767 2642 2931 2696 αὐτοῦ
2955 2643 3246 2714 ἀκούσητε,
3270 2644 3402 2715 μηδὲ
3428 2645 3554 2706 τοὺς
3583 2645 3829 2716 πατέρας

2244 2731 2396 2801 ὑμῶν
2419 2731 2558 2785 κατὰ
2591 2732 2750 2785 τοῦτο
2769 2733 3103 2806 μιμήσησθε,
3126 2734 3273 2798 ὅπως
3296 2735 3370 2805 μὴ
3403 2737 3701 2806 στερήσητε
3728 2736 3828 2793 αΰο

2243 2823 2371 2886 τοὺς
2397 2823 2489 2876 τοῦ
2522 2823 2774 2895 ἀληθινοῦ
2830 2825 3201 2897 σαῢὶεῖατισμοῦ
3246 2828 3339 2879 καὶ
3393 2827 3493 2897 τῆς
3549 2825 3830 2881 καταπαύ-

554 2919 691 2967 σεως
720 2904 916 2970 αὑτοῦ,
941 2907 1008 2978 ἦν
1034 2911 1376 2966 καταπαύσει
1411 2914 1572 2978 αὐτὸς
1609 2915 1638 2967 ό
1672 2915 1763 2968 τοῦ
1793 2915 1928 2968 Θεοῦ
1959 2915 2151 2984 Λόγος,
2179 2915 2278 2985 τὴν
2323 2916 2528 2969 οἰκείαν
2597 2917 2887 2970 ἀπολαϐὼν
2923 2917 3227 2988 βασιλείαν,
3265 2919 3357 2973 καὶ
3397 2919 3456 2971 ὲν
3513 2919 3654 2989 αὐτῇ
3695 2919 3826 2972 ἀνιμ

551 2995 910 3067 παυσόμενος,
943 2999 1150 3064 πάντας
1164 3018 1225 3055 τε
1248 3004 1378 3068 τοὺς
1411 3006 1880 3078 παραδεχομένους
1898 3006 2060 3060 αὐτὸν
2086 3008 2166 3070 είς
2191 3008 2288 3078 τὴν
2311 3007 2478 3077 αὐτὴν
2509 3007 2825 3062 ἀνάπαυλαν
2849 3008 3258 3079 ὑποδεξόμενος,
3284 3010 3375 3062 καὶ
3396 3009 3455 3062 τὸ
3474 3008 3630 3077 ἅγιον
3654 3010 3752 3062 καὶ
3770 3010 3830 3064 τί»

549 3088 750 3160 ἀληθὲς
777 3091 946 3146 αὐτοῦ
978 3093 1259 3150 Σάϐϐατον
1296 3099 1547 3171 παρέξων
1565 3105 1680 3166 τοῖς
1704 3102 1873 3168 ἀξίοις
1899 3103 2000 3173 τῆς
2039 3103 2168 3174 παρ’
2200 3102 2348 3174 αὐτῷ
2387 3104 2481 3157 καὶ
2517 3104 2611 3156 σὺν
2639 3103 2785 3175 αὐτῷ
2815 3105 3194 3170 ἀναπαύσεως.

622 3205 792 3264 Vens.
818 3209 976 3267 9-H.
1009 3212 1308 3271 Secundum
1337 3219 1475 3274 diem
1497 3225 1806 3280 lentationis
1830 3228 1882 3281 in
1905 3229 2136 3295 deserto,

2311 3232 2476 3284 Κατὰ
2508 3229 2624 3297 τὴν
2646 3229 2876 3298 ἡμέραν
2904 3231 3009 3285 τοῦ
3043 3231 3376 3302 πειρασμοῦ
3402 3231 3474 3284 ἐν
3500 3230 3578 3299 τῇ
3605 3231 3834 3302 ἐρήμῳ,

551 3295 644 3349 ubi
687 3305 1017 3355 tentaverunt
1050 3321 1129 3359 me
1164 3318 1341 3374 patres
1388 3313 1568 3374 vestri,
1591 3314 1944 3381 probaverunt
1981 3336 2061 3373 me
2088 3330 2137 3374 et

550 3387 794 3442 viderunt
823 3407 980 3460 opera
1021 3413 1155 3452 mea.
1192 3398 1564 3472 Quadraginta
1602 3409 1754 3460 annis
1797 3410 2027 3479 offensus
2060 3413 2140 3485 [ui

551 3482 882 3548 generationi
912 3485 1033 3540 huic
1064 3503 1081 3541 :
1106 3498 1155 3543 et
1187 3490 1303 3545 dixi
1330 3508 1349 3546 :
1379 3492 1594 3564 Semper
1612 3509 1795 3553 errant
1815 3502 1990 3557 corde.
2025 3482 2139 3574 Ipsi

554 3588 672 3626 vero
709 3591 810 3628 non
840 3592 1190 3647 cognoverunt
1230 3585 1342 3638 vias
1379 3604 1544 3652 meas,
1577 3591 1713 3644 sicut
1745 3594 1927 3663 juravi
1958 3595 2012 3648 in
2056 3597 2140 3651 ira

553 3680 690 3730 mea,
715 3668 761 3720 si
781 3669 1074 3725 introibant
1101 3675 1154 3727 in
1192 3679 1421 3744 requiem
1453 3698 1642 3736 meam.
1670 3685 1953 3750 Quomodo
1974 3689 2138 3747 Deum

550 3761 912 3826 tentaverint,
974 3781 1082 3819 non
1125 3767 1341 3824 illorum
1400 3773 1527 3827 olim
1579 3773 1896 3834 Iudaeorum
1953 3791 2139 3849 patres

552 3855 1152 3926 tantum,utquispiam
1181 3862 1558 3932 aestimaverit,
1590 3869 1687 3923 sed
1720 3870 1884 3924 etiam
1918 3874 2139 3930 hodier-

552 3957 772 4009 norum,
798 3947 890 4016 qui
918 3951 1102 4005 audita
1131 3968 1265 4010 voce
1288 3955 1380 4010 Dei
1407 3959 1750 4016 obdurantur
1771 4005 1784 4028 ,
1818 3967 1958 4036 apud
1993 3968 2142 4042 Moy-

557 4047 675 4088 sem
703 4036 933 4092 habetur
956 4059 971 4108 ;
994 4052 1048 4096 et
1078 4045 1130 4097 in
1152 4061 1330 4101 Lxxvu
1358 4052 1567 4119 psalmo
1588 4054 1906 4128 plerumque
1933 4036 2139 4116 dictum

558 4134 665 4191 cst,
699 4143 762 4183 ac
804 4132 1060 4189 similiter
1091 4135 1144 4190 in
1180 4153 1245 4191 cv
1277 4151 1334 4192 ut
1366 4149 1477 4208 tute
1508 4145 1553 4198 si
1614 4149 1902 4217 perquiras
1947 4151 2135 4222 depre~

559 4219 788 4278 bendes.
840 4222 1110 4290 Quoniam
1155 4229 1322 4299 igitur
1362 4233 1445 4289 his
1473 4235 1682 4304 juravit
1719 4241 1881 4305 Deus,
1916 4259 2136 4299 exacer-

555 4311 748 4367 bantes
775 4314 894 4370 illos
925 4333 1033 4371 non
1063 4320 1410 4390 ingressuros
1437 4342 1557 4382 esse
1579 4329 1630 4384 in
1658 4334 1905 4402 requiem
1935 4335 2138 4405 ipsius,

553 4418 719 4472 quam
759 4408 948 4474 paucis
981 4426 1164 4466 sermo
1195 4414 1524 4487 descripsit;
1563 4422 1798 4478 sollicite
1844 4426 2004 4483 nobis
2045 4445 2143 4484 cu-

556 4493 789 4550 randum
825 4505 909 4552 est
961 4515 1030 4555 ne
1072 4501 1126 4556 in
1174 4507 1325 4573 paria
1381 4509 1706 4568 incidamus.
1772 4514 1908 4571 Nam
1947 4520 2137 4576 eadem

2240 3320 2312 3379 οὗ
2355 3322 2686 3390 ἐπείρασάν
2725 3341 2802 3393 με
2847 3327 2902 3377 οὶ
2937 3323 3190 3391 πατέρες
3220 3323 3405 3392 ὑμῶν,
3449 3324 3825 3394 ὲδοκίμσσάν

2235 3431 2311 3484 με
2332 3413 2428 3466 καὶ
2455 3409 2619 3467 εἶδον
2633 3414 2704 3468 τὰ
2721 3414 2861 3483 ἔργα
2870 3432 3012 3484 μου.
3037 3413 3495 3483 Τεσσαράκοντα
3513 3416 3618 3482 ἐτη
3641 3433 3825 3485 προσ-

2238 3506 2464 3572 ώχθισα
2499 3504 2571 3575 τῇ
2602 3506 2778 3576 γενεᾷ
2810 3508 2995 3577 ταύτῃ
3015 3525 3029 3538 ·
3066 3506 3166 3562 καὶ
3199 3503 3365 3561 εἴπαο
3413 3508 3520 3562 Ἀεὶ
3551 3507 3826 3563 πλανῶνο

2239 3612 2334 3647 ται
2361 3594 2434 3664 τῇ
2468 3595 2704 3664 καρδίᾳ.
2732 3597 2911 3651 Αὐτοὶ
2941 3596 3011 3652 δὲ
3043 3600 3155 3651 οὐκ
3185 3597 3463 3669 ἔγνωσαν
3502 3597 3611 3663 τὰς
3646 3597 3825 3664 ὁδούς

2235 3705 2376 3758 μου,
2409 3689 2489 3754 ὡς
2515 3687 2722 3757 ὤμοσα
2757 3689 2828 3742 ἐν
2862 3687 2938 3758 τῇ
2965 3688 3112 3760 ὀργῇ
3127 3708 3269 3759 μου,
3299 3692 3349 3743 εὶ
3370 3692 3826 3762 εἰσελεύσονται

2239 3783 2327 3846 εὶς
2382 3779 2496 3847 τὴν
2551 3779 2936 3834 κατάπαυσίν
2977 3798 3118 3850 μου.
3159 3782 3347 3844 Ὅπως
3397 3781 3697 3852 ἐπείρασαν
3734 3782 3825 3834 τὸν

2240 3871 2372 3924 Θεὸν
2404 3873 2460 3924 ἐν
2511 3874 2576 3944 τῇ
2619 3873 2811 3944 ἐρήμῳ
2839 3873 2886 3925 οἱ
2938 3873 3174 3944 πατέρες
3201 3873 3320 3943 οὐχὶ
3351 3873 3458 3926 τῶν
3493 3874 3660 3927 πάλαι
3695 3874 3826 3926 Ἰους

2241 3963 2402 4016 δαίων
2439 3963 2617 4033 μόνον,
2649 3963 2723 4027 ὼς
2754 3963 2818 4016 ἂν
2842 3964 3098 4018 ὑπολάὸοι
3122 3982 3224 4028 τις,
3248 3966 3383 4018 ἀλλὰ
3397 3965 3505 4018 τῶν
3532 3967 3628 4019 καὶ
3665 3968 3828 4039 σήμε-

2243 4073 2335 4126 ρον
2389 4055 2692 4109 ἀκουόντων
2729 4055 2827 4126 μὲν
2852 4057 2948 4127 τῆς
2985 4056 3168 4126 φωνῆς
3219 4057 3312 4110 τοῦ
3339 4057 3496 4120 Θεοῦ,
3531 4057 3828 4129 σκληρυνο-

2245 4146 2420 4218 μένων
2471 4147 2546 4210 δὲ,
2592 4149 2766 4200 κεῖται
2797 4147 2948 4219 παρὰ
2981 4149 3223 4212 Μωῦσεῖ,
3261 4149 3356 4202 καὶ
3401 4149 3458 4200 ἐν
3481 4147 3522 4200 0'
3554 4149 3612 4203 δὲ
3653 4150 3749 4201 καὶ
3784 4147 3824 4211 ζ’

2240 4239 2440 4311 ψαλμῷ
2469 4239 2726 4303 πολλάκις
2761 4240 2995 4311 εἴρηται,
3030 4242 3125 4293 καὶ
3155 4243 3211 4294 ὲν
3240 4237 3346 4312 ps"
3379 4240 3520 4311 ἆπερ
3549 4241 3672 4294 καθ’
3701 4243 3826 4294 ἐαυ-

2241 4336 2332 4388 τὸν
2361 4337 2696 4408 ἐπιζητήσας
2743 4337 3018 4409 εὑρήσεις.
3076 4336 3230 4389 Ἐπεὶ
3279 4335 3459 4401 τοίνυν
3507 4335 3594 4390 διὰ
3653 4335 3826 4400 ταῦτα

2242 4427 2453 4498 ὤμοσεν
2473 4429 2647 4493 ὁΘεὸς
2681 4430 2755 4500 μὴ
2782 4427 3186 4482 εἰσελεύσεσθαι
3213 4429 3340 4491 τοὺς
3370 4429 3827 4499 παραπικράναν-

2245 4539 2345 4585 τας
2373 4523 2452 4585 είς
2484 4521 2581 4592 τὴν
2607 4523 2953 4576 κατάπαυσιν
2983 4519 3168 4584 αὑτοῦ,
3207 4521 3273 4591 ἣν
3310 4523 3339 4574 ὁ
3373 4520 3529 4589 λόγος
3560 4520 3649 4574 διὰ
3689 4520 3824 4591 βρα-

555 4585 675 4654 ipsa
701 4602 801 4642 nos
848 4591 1142 4660 excipient,
1180 4596 1226 4650 si
1257 4614 1444 4653 vocem
1475 4601 1564 4656 Dei
1613 4621 1760 4660 nunc
1795 4618 1846 4662 et
1877 4608 1931 4663 in
1984 4627 2136 4680 prae—

2244 4579 2384 4683 χέων
2419 4579 2772 4684 παρέστησε,
2823 4579 3284 4683 προνοητέοννκαὶ
3327 4579 3460 4682 ἡμῖν
3509 4579 3606 4665 καὶ
3671 4579 3822 4683 μέρι-

553 4679 694 4734 senti
749 4681 928 4737 adhuc
981 4694 1226 4755 tempore
1279 4706 1379 4747 nos
1443 4707 1762 4752 evocantem
1825 4679 2136 4772 audientes,

554 4770 722 4824 corda
767 4774 1147 4834 obduremus:
1208 4797 1309 4836 nos
1366 4785 1566 4855 quippe
1607 4788 1684 4842 ira
1739 4789 1834 4846 Dei
1890 4770 2134 4863 invadet,

553 4878 620 4919 ac
658 4864 841 4934 quiete
905 4867 996 4921 illa
1047 4871 1190 4938 apud
1242 4873 1419 4942 ipsum
1466 4885 1519 4932 et
1564 4895 1689 4935 cum
1744 4883 1862 4954 ipso
1908 4904 2133 4944 sumen-

553 5043 798 5098 declarat
816 5047 1106 5116 Apostolus
1131 5069 1145 5106 :
1168 5051 1466 5110 Secundum
1491 5070 1666 5115 autem
1687 5063 1942 5122 duriliam
1965 5077 2133 5135 tuam,

551 5145 602 5188 et
630 5137 955 5205 impwuitens
986 5160 1095 5210 cor,
1135 5147 1463 5205 thesaurizas
1511 5154 1605 5207 tibi
1635 5158 1770 5210 iram
1816 5161 1868 5212 in
1897 5161 1982 5216 die
2013 5165 2130 5230 irae,

549 5236 598 5279 et
647 5229 979 5288 reuelationis
1014 5240 1153 5304 justi
1173 5239 1366 5308 judicu
1422 5243 1516 5298 Dei
1538 5247 1601 5299 θ’,
1648 5246 1776 5314 Quae
1821 5261 2003 5307 autem
2048 5229 2132 5311 re?

551 5319 710 5385 quies
739 5321 859 5390 ejus
884 5334 985 5388 est,
1020 5329 1124 5382 nisi
1155 5329 1244 5384 illa
1269 5342 1389 5401 post
1419 5337 1626 5390 exitum
1657 5340 1820 5410 hujus
1853 5344 1976 5399 vitae
2005 5361 2128 5401 cum

551 5407 644 5463 illo
675 5417 1057 5484 commoratio,
1090 5437 1198 5490 qua
1243 5425 1652 5495 rcquiesccmus
1697 5433 1751 5487 in
1789 5451 1954 5506 regno
1983 5438 2125 5508 ejus,

552 5508 699 5562 omni
744 5525 972 5579 prorsus
1022 5529 1185 5582 opere
1233 5533 1296 5573 ac
1341 5525 1559 5593 negotio
1605 5531 1863 5600 exempti,
1916 5533 2128 5604 solique

557 5596 860 5656 divinorum
909 5614 964 5658 et
1006 5609 1308 5668 cmlestium
1345 5621 1787 5689 contemp'atioui
1817 5627 2126 5689 jvacantes’

669 5749 708 5785 "
751 5752 903 5813 Rom.
942 5776 1011 5824 ιι,
1052 5762 1104 5818 5.

2244 4706 2475 4777 μνητέον
2517 4706 2592 4776 μὴ
2640 4708 2751 4769 τοῖς
2788 4705 2995 4776 ὁμοίοις
3046 4707 3385 4776 περιπεσεῖν.
3416 4704 3497 4757 Τὰ
3529 4704 3670 4757 αὐτὰ
3717 4704 3824 4775 γάρ

2241 4796 2334 4850 καὶ
2367 4800 2514 4867 ἡμᾶς
2539 4795 2857 4863 διαδέξεται,
2898 4798 2945 4848 εἰ
2974 4796 3074 4866 τῆς
3116 4793 3212 4848 τοῦ
3249 4795 3386 4848 Θεοῦ
3415 4795 3600 4865 φωνῆς
3635 4797 3714 4859 εἰς
3734 4795 3812 4848 ἐτι

2239 4889 2331 4942 καὶ
2376 4890 2470 4942 νῦν
2532 4888 2672 4943 κατὰ
2723 4887 2821 4960 τὴν
2878 4889 3118 4960 σήμερον
3165 4886 3388 4959 ἡμέραν
3443 4886 3823 4960 ἀνακαλουμέ-

2237 4998 2335 5050 νης
2366 4983 2514 5052 ἡμᾶς
2545 4981 2833 5045 ἀκούοντες
2865 4979 3255 5052 σκληρύνωμεν
3289 4981 3386 5044 τὰς
3428 4979 3643 5034 ἑαυτῶν
3688 4998 3824 5052 καρ-

2241 5071 2397 5136 δίας·
2461 5072 2779 5143 διαλήψεται
2845 5072 2954 5144 γάρ
2993 5072 3088 5126 καὶ
3145 5073 3293 5143 ἡμᾶς
3345 5071 3486 5143 ὀργὴ
3549 5071 3690 5125 Θεοῦ
3725 5072 3820 5125 καὶ

2239 5165 2660 5236 ἁποπεσούμεθα
2713 5167 2812 5236 τῆς
2865 5165 2992 5235 παρ’
3045 5162 3197 5234 αύτῴ
3258 5163 3477 5216 καὶσὺν
3507 5161 3658 5232 αὐτῷ
3689 5164 3819 5216 ἀνα·

2237 5259 2508 5322 παύσεως.
2551 5257 2744 5311 Ὀποία
2799 5255 2857 5310 δέ
2898 5258 3044 5309 ἐστιν
3089 5256 3122 5326 ἡ
3183 5254 3344 5326 ὀργὴ,
3421 5255 3756 5324 παρίστησιν
3794 5254 3823 5304 ό

2252 5351 2568 5415 Ἀπόστολος
2595 5351 2787 5419 λέγων·
2820 5350 2977 5404 Κατὰ
3009 5348 3076 5401 δὲ
3107 5347 3222 5416 τὴν
3255 5345 3646 5415 σκληρότητά
3678 5362 3818 5407 σου,

2237 5443 2333 5497 καὶ
2379 5444 2787 5513 ἀμετανόητον
2833 5442 3116 5509 καρδίαν,
3166 5439 3540 5507 θησαυρίζεις
3586 5437 3821 5502 σεαυτῷ

2236 5533 2423 5605 ὀργὴν
2453 5535 2521 5588 ἐν
2553 5534 2740 5604 ἡμέρῃ
2767 5533 2948 5603 ὀργῆς
2975 5535 3074 5586 καὶ
3121 5533 3566 5600 ἀποκαλύψεως
3599 5529 3819 5583 δικαιο-

2234 5628 2468 5696 κρισίας
2500 5627 2606 5681 τοῦ
2637 5626 2804 5682 Θεοῦ.
2845 5627 2940 5690 Τίς
2972 5626 3026 5680 δὲ
3061 5628 3153 5680 καὶ
3196 5629 3227 5697 ή
3275 5627 3621 5692 κατάπαυσις
3653 5622 3822 5679 αὑτοῦ
