4068 6394
271 317 380 372 alii
393 318 424 380 ἴ
1363 320 1866 378 COMMENTARIA
1907 322 1973 378 IN
2015 322 2354 380 PSALMOS.
3367 331 3539 386 r1216

283 432 402 487 ἀλλ’
433 433 467 503 ἡ
507 431 641 502 μετά
665 430 762 500 τὴν
793 430 969 498 ἔξοδον
991 431 1085 485 τοῦ
1113 433 1377 504 παρόντος
1415 434 1530 504 βίου
1571 438 1667 490 σὺν
1703 436 1839 508 αὐτῷ

1952 439 2171 510 quando
2214 439 2469 495 abscedet
2516 439 2738 509 quidem
2791 439 2968 504 dolor,
3005 441 3228 497 tristitia
3263 448 3321 498 et
3362 447 3535 515 gemi-

280 522 558 594 διατριϐὴ,
585 521 706 576 καθ’
735 523 802 593 ἢν
841 524 1266 594 ἀναπαυσόμεθα
1308 528 1366 578 ἐν
1391 529 1458 596 τῇ
1494 526 1658 580 αὑτοῦ
1705 527 1839 598 βασι·

1959 537 2084 594 tus;
2114 527 2271 598 quies
2295 536 2499 590 autem,
2529 529 2740 600 ereptio
2761 543 2793 583 a
2817 531 3000 594 malis,
3031 532 3288 595 cessatio,
3314 536 3533 603 requies

284 616 432 688 λεία,
468 617 647 685 πάσης
682 616 780 685 τῆς
825 615 910 670 διὰ
948 617 1197 688 πράξεως
1233 618 1457 688 ἀγωγῆς
1502 618 1856 690 ἀπηλλαγμέ-

278 719 388 770 Vat,
447 707 582 777 μόνῃ
755 709 824 777 τῇ
885 707 994 760 τῶν
1041 707 1197 761 θείων
1239 710 1333 762 καὶ
1383 711 1717 782 ἐπουρανίων
1759 709 1857 783 θέᾳ

279 781 733 872 προσανέχοντες;
768 801 856 852 ὅτε
887 800 1247 872 ἀποδράσεται
1274 802 1372 873 μὲν
1403 781 1557 875 ὀδύνη
1586 803 1681 857 καὶ
1709 781 1852 875 λύπη

268 892 378 952 ,καὶ
436 893 757 961 στεναγμός·
817 888 984 962 ἀργία
1040 892 1096 946 δὲ
1149 894 1242 946 καὶ
1308 894 1593 966 ἀπαλλαγὴ
1644 898 1852 962 κακῶν,

265 983 442 1054 ισχολή
483 1000 540 1036 τε
574 984 667 1037 καὶ
716 983 1003 1036 ἀνάπαυλα
1049 985 1142 1038 καὶ
1183 980 1248 1037 τὸ
1293 985 1544 1056 ἀληθινὸν
1578 989 1854 1046 Σάϐϐατον

271 1069 422 1145 ἡμᾶς
459 1074 784 1140 διαδέξεται·
810 1075 868 1126 ἐν
969 1074 1228 1145 Σαϐϐάτῳ
1254 1076 1487 1148 ἀληθινῷ
1521 1079 1612 1133 καὶ
1640 1081 1799 1146 αὐτὸς
1825 1084 1855 1135 ό

266 1167 364 1222 ῗτοῦ
409 1166 542 1218 Θεοῦ
597 1166 768 1234 Λόγος
823 1166 1225 1220 ἀναπαύσεται·
1297 1168 1357 1222 τὸ
1417 1170 1516 1240 μὲν
1579 1174 1708 1243 περὶ
1761 1173 1853 1226 τὸν

269 1256 525 1328 αἰσθητὸν
569 1257 808 1327 κόσμον,
856 1256 936 1326 τῷ
987 1258 1258 1312 Ἰουδαίων
1309 1259 1422 1330 λαῷ
1474 1260 1544 1314 τὰ
1603 1264 1660 1314 ἐν
1706 1263 1853 1335 αὐτῷ

270 1346 631 1417 προσφωνῶν,
671 1346 766 1399 καὶ
801 1348 1133 1418 παρακαλῶν
1160 1349 1375 1413 αὐτοὺς,
1409 1354 1456 1405 εί
1479 1351 1732 1424 δεύτερον
1756 1371 1854 1407 κα-

267 1437 602 1505 ταξιωθεῖεν,
643 1439 717 1502 ὼς
756 1439 817 1492 τὸ
857 1439 1069 1510 πρῶτον
1113 1442 1205 1494 ἐπὶ
1236 1443 1333 1513 τῆς
1361 1445 1589 1515 ἐρήμου,
1624 1445 1852 1499 ἀκοῦσαι

264 1533 370 1602 ’τῆς
399 1532 492 1586 τοῦ
526 1532 659 1586 Θεοῦ
684 1533 856 1599 Λόγου
887 1534 1092 1604 φωνῆς,
1120 1537 1242 1607 ἥτις
1269 1537 1500 1607 ἡμελλεν
1525 1539 1706 1603 αὐτοῖς
1735 1543 1845 1594 πά-

264 1621 352 1681 Rw
387 1627 524 1680 κατά
581 1628 678 1699 τὴν
723 1628 1134 1700 ἐνανθρώπησιν
1178 1631 1341 1684 αὐτοῦ
1387 1631 1586 1697 λαλεῖν,
1625 1634 1699 1705 μὴ
1727 1636 1853 1698 τοὺς

270 1717 512 1786 πατέρας
543 1716 719 1770 αὐτῶν
742 1717 1002 1788 ζηλῶσαι,
1038 1721 1160 1792 μηδ’
1186 1718 1346 1786 αὖθις
1381 1722 1472 1776 τὸν
1505 1723 1638 1778 Θεὸν
1666 1744 1846 1798 παρα-

1957 635 2022 674 ac
2085 635 2272 676 verum
2323 621 2606 676 sabbatum
2663 638 2766 677 nos
2812 624 3045 694 excipiet
3081 642 3093 679 :
3130 624 3185 678 in
3240 641 3352 696 quo
3396 627 3526 683 item

1955 726 2084 766 vero
2121 711 2348 766 sabbato
2383 711 2558 780 ipsum
2593 710 2686 768 Dei
2719 711 2956 767 Verbum
2998 715 3321 784 requiescet.
3369 715 3528 783 Quod

1955 819 2086 858 vero
2112 812 2315 874 spectat
2353 804 2416 862 ad
2447 804 2594 860 hunc
2639 805 2952 861 sensibilem
2984 808 3270 871 mundum,
3306 807 3527 866 Iudaeos

1954 907 2146 952 evocat
2174 905 2226 952 et
2254 896 2526 963 hortatur,
2577 907 2637 952 ut
2684 898 2729 952 si
2755 897 2869 967 jam
2903 899 3166 963 secundo,
3211 909 3271 954 ut
3305 903 3433 956 olim
3469 903 3524 958 in

1954 989 2192 1055 deserto,
2223 989 2319 1044 Dei
2355 989 2519 1044 Verbi
2545 1005 2678 1045 voce
2702 991 3014 1061 dignentur,
3044 1008 3166 1061 quae
3194 993 3346 1059 ipsos
3384 1000 3526 1048 tem-

1953 1093 2084 1146 pore
2117 1081 2512 1134 incarnationis
2538 1081 2658 1151 ejus
2690 1082 2884 1135 iterum
2934 1082 3237 1136 allocutura
3264 1093 3397 1149 erat,
3455 1100 3524 1139 nc

1953 1181 2138 1243 patres
2193 1188 2324 1229 suos
2383 1175 2686 1241 imitentur,
2748 1192 2924 1246 neque
2976 1192 3196 1231 rursum
3250 1185 3310 1231 ut
3363 1185 3524 1233 antea

1953 1263 2122 1320 Deum
2177 1264 2520 1319 esacerbent.
2552 1264 2688 1320 Cum
2727 1273 2907 1320 autem
2951 1266 3031 1320 sic
3061 1266 3333 1331 hortatur,
3367 1266 3520 1321 vide-

1951 1364 2042 1410 tur
2083 1355 2214 1409 mihi
2257 1357 2624 1424 praenuntiam
2665 1371 2728 1410 ac
2758 1357 3109 1412 subindicare
3147 1355 3384 1412 futuram
3435 1373 3524 1414 eo-

1952 1460 2072 1498 rum
2112 1460 2238 1516 erga
2277 1445 2554 1500 Christum
2591 1447 3051 1512 incredulitatem,
3091 1458 3277 1518 utpote
3317 1447 3509 1503 future-

1952 1552 2072 1590 rum
2125 1552 2232 1591 non
2279 1539 2497 1592 nescius
2531 1521 2692 1592 :nam
2751 1539 2855 1594 sub
2885 1539 2999 1592 haec
3051 1554 3114 1593 ex
3150 1553 3383 1608 persona
3423 1535 3517 1594 Dei

1930 1627 2139 1697 .adjicit
2171 1636 2224 1682 et
2259 1629 2374 1681 ait:
2400 1627 2468 1680 Et
2491 1628 2622 1695 dixi,
2657 1627 2870 1698 Semper
2892 1629 3277 1693 errantcorde;
3311 1644 3375 1684 ac
3404 1644 3521 1684 rur-

1952 1734 2094 1781 sum,
2131 1716 2278 1772 Sicut
2308 1719 2491 1788 juravi
2536 1722 2590 1772 in
2633 1720 2717 1773 ira
2766 1737 2903 1784 mea,
2950 1722 2996 1774 si
3029 1721 3315 1777 mtroilmnt
3345 1721 3398 1774 in
3441 1736 3519 1775 re-

262 1805 528 1876 πικράναι
559 1806 633 1870 ὼς
666 1807 760 1860 καὶ
795 1807 1080 1879 πρότερον.
1127 1810 1362 1866 Τοιαῦτα
1393 1810 1450 1864 δὲ
1483 1812 1839 1883 παρακαλῶν,

1945 1810 2116 1879 quiem
2156 1825 2344 1864 meam.
2377 1809 2587 1865 Etenim
2623 1810 2670 1865 si
2713 1811 2768 1865 in
2811 1827 2874 1868 os
2915 1813 3047 1867 illud
3081 1813 3325 1867 divinum
3371 1827 3522 1866 men-

265 1897 550 1968 προλέγειν
590 1917 678 1970 μοι
699 1899 845 1953 δοκεῖ
873 1901 963 1954 καὶ
992 1901 1424 1973 προαινῦιτεσθαι
1449 1905 1551 1972 τὴν
1579 1905 1842 1975 ἐσομένην

265 1988 445 2042 αὐτῶν
467 1992 547 2055 εἰς
591 1990 683 2043 τὸν
723 1990 954 2062 Χριστὸν
987 1992 1265 2058 ἀπιστίαν,
1303 1993 1397 2048 ἀτε
1431 1992 1491 2046 τὸ
1535 1994 1726 2064 μέλλον
1763 1995 1837 2067 μὴ

263 2079 492 2149 ἀγνοῶνο
529 2081 721 2150 ἐπάγει
757 2081 802 2135 δ’
839 2079 932 2135 οὖν
983 2083 1111 2155 ἐξῆς
1142 2087 1207 2137 ἐκ
1247 2083 1538 2156 προσώπου
1579 2084 1671 2138 τοῦ
1707 2083 1842 2138 Θεοῦ

267 2173 363 2225 καὶ
397 2173 558 2243 φησίν
586 2189 602 2206 ο
641 2174 751 2227 Καὶ
789 2171 946 2228 εἶπα·
1003 2175 1108 2229 Ἀεὶ
1141 2175 1481 2230 πλανῶνται
1509 2175 1584 2245 τῇ
1607 2177 1838 2246 καρδίᾳ·

271 2267 365 2318 καῖ¹
395 2266 574 2320 πάλινο
613 2267 706 2333 Ὡς
734 2267 937 2337 ὤμοσα
966 2268 1037 2321 ἐν
1063 2267 1140 2337 τῇ
1167 2267 1312 2338 ὀργῇ
1336 2287 1474 2338 μου,
1501 2272 1552 2323 εὶ
1576 2271 1843 2324 εισελεύ-

275 2375 484 2413 σον-ται
515 2361 603 2425 είς
632 2359 747 2426 τὴν
778 2359 1157 2414 κατάπαυσίν
1197 2378 1333 2430 μου.
1372 2361 1434 2413 Ei
1469 2360 1576 2432 γὰρ
1616 2360 1844 2430 ἀψευδὲς

274 2450 532 2520 τυγχάνει
561 2451 622 2504 τὸ
651 2451 790 2505 θεῖον
821 2452 1012 2522 στόμα,
1043 2453 1168 2525 ὅρον
1185 2469 1242 2504 τε
1277 2452 1564 2523 ἐξήνεγκεν
1589 2454 1682 2506 καὶ
1705 2454 1843 2506 ἀπε-

269 2543 495 2614 φήνατο,
523 2545 603 2597 ὅτι
643 2545 728 2597 ἀεὶ
783 2543 1124 2610 πλανῶνται,
1165 2545 1314 2616 ὅρκῳ
1351 2562 1410 2598 τε
1456 2543 1748 2598 ἐϐεϐαίωσε
1785 2543 1847 2598 τὸ

264 2635 342 2706 μὴ
376 2633 632 2710 εἰσελθεῖν
661 2636 856 2700 αὐτοὺς
889 2638 968 2701 είς
1003 2635 1100 2709 τὴν
1131 2638 1473 2691 κατάπαυσιν
1513 2636 1676 2691 αὐτοῦ
1697 2653 1711 2667 ο
1753 2653 1848 2690 σα-

1947 1895 2162 1949 dacium
2205 1911 2314 1950 non
2351 1898 2517 1962 cadit,
2560 1912 2625 1952 ac
2674 1896 3042 1955 deﬁnitionem
3077 1902 3516 1971 sententiamque

1948 1985 2095 2038 illam
2148 1988 2391 2055 protulit,
2436 1987 2581 2057 quod
2625 1989 2833 2043 scilicet
2883 2004 3097 2058 semper
3133 1998 3337 2054 errent,
3364 1990 3517 2060 jura-

1947 2085 2240 2146 mentoque
2267 2077 2553 2133 aliirmavit
2579 2095 2674 2134 eos
2707 2080 2761 2133 in
2788 2081 3030 2150 requiem
3058 2082 3232 2152 ipsius
3260 2097 3370 2136 non
3392 2097 3517 2137 esse

1949 2167 2328 2238 ingressuros;
2361 2177 2544 2239 aperte
2591 2167 2770 2224 futura
2799 2172 3126 2226 vaticinatus
3173 2179 3278 2227 est.
3308 2173 3512 2238 Quare,

1949 2267 2008 2313 ut
2033 2258 2163 2313 olim
2187 2270 2433 2333 tempore
2461 2260 2684 2332 Moysis,
2712 2263 2792 2316 sic
2813 2261 3007 2317 iterum
3031 2261 3243 2317 Domini
3270 2271 3516 2334 tempore

1944 2354 2160 2409 videtur
2184 2353 2400 2410 Judaos
2431 2355 2593 2410 corde
2621 2370 2858 2421 errasse,
2890 2355 3119 2425 ideoque
3150 2355 3514 2426 promissione

1947 2449 2038 2502 illa
2062 2447 2356 2504 frustratos
2377 2463 2521 2506 esse.
2541 2447 2882 2519 Quapropter
2901 2455 3022 2517 post
3050 2448 3195 2501 hunc
3220 2449 3513 2518 psalmum,

1947 2541 2040 2612 qui
2090 2541 2336 2611 sequitur
2368 2556 2559 2596 omnes
2602 2549 2790 2612 gentes
2847 2539 2914 2594 ad
2956 2539 3372 2609 promissionem
3415 2536 3511 2594 Dei

1947 2640 2126 2698 vocat,
2159 2648 2222 2688 ac
2251 2633 2296 2688 si
2325 2633 2474 2702 prior
2509 2632 2600 2687 ille
2630 2631 2861 2701 p0pulus
2884 2643 2994 2683 non
3030 2627 3436 2698 obtemperarit.

266 2727 379 2795 φῶς
401 2728 463 2780 τὸ
498 2729 685 2799 μέλλον
711 2729 1014 2784 ἐθέσπισεν.
1049 2730 1208 2784 Ὅθεν
1243 2731 1519 2801 φαίνονται
1548 2731 1736 2803 ὥσπερ
1770 2730 1830 2784 τὸ
1854 2731 2068 2802 πρῶτον
2107 2729 2197 2783 ἐπὶ
2218 2728 2519 2792 Μωῦσέως,
2542 2727 2683 2780 οὕτω
2735 2726 2830 2779 καὶ
2873 2723 2932 2778 τὸ
2988 2722 3234 2795 δεύτερον
3274 2725 3366 2776 ἐπὶ
3415 2712 3511 2778 τοῦ

263 2820 468 2889 Κυρίου
507 2819 867 2892 πλανηθέντες
900 2823 965 2892 τῇ
1003 2821 1218 2893 καρδία,
1262 2823 1357 2875 καὶ
1397 2822 1488 2876 διὰ
1531 2821 1689 2876 τοῦτο
1731 2822 1829 2892 τῆς
1861 2821 2193 2890 ἐπαγγελίας
2236 2818 2610 2890 στερηθέντες.
2647 2817 2846 2887 Διόπερ
2895 2814 3201 2878 ἀκολούθως
3252 2814 3386 2885 μετὰ
3419 2815 3510 2867 τὸν

266 2912 505 2984 παρόντα
528 2912 740 2984 ψαλμὸν
764 2915 793 2966 ό
812 2913 938 2985 ἐξῆς
960 2914 1136 2968 πάντα
1171 2913 1241 2968 τὰ
1267 2913 1394 2986 ἔθνη
1429 2915 1509 2978 εἰς
1528 2914 1626 2986 τὴν
1656 2911 1989 2982 ἐπαγγελίαν
2016 2911 2112 2966 τοῦ
2145 2912 2280 2966 Θεοῦ
2303 2912 2479 2976 καλεῖ,
2524 2911 2598 2972 ὡς
2651 2909 2717 2963 ἂν
2766 2905 2860 2960 τοῦ
2923 2907 3186 2978 προτέρου
3231 2905 3360 2959 λαοῦ
3401 2979 3410 2986 _
3434 2907 3510 2982 μὴ

268 3003 698 3068 ὑπακούσαντος.
1792 3032 1796 3036 ~

264 3119 402 3189 nan
453 3118 540 3189 Τῼ
594 3118 829 3182 ΔΑΥΙΔ,
878 3118 1008 3172 orn
1061 3123 1102 3172 υ
1149 3119 1356 3172 οικοΣ

524 3189 716 3242 ΜΕΤΑ
753 3190 794 3241 Τ
799 3190 893 3242 HN
933 3189 1430 3244 ΑΙΧΜΑΛΩΣΙΑΝ,
1465 3190 1582 3256 με’.

337 3365 559 3434 ’ᾼσατε
594 3363 675 3430 τῷ
715 3365 905 3435 Κυρίῳ
936 3357 1100 3435 ᾆσμα
1131 3365 1361 3419 καινόν’
1396 3364 1584 3433 ᾆσατε
1614 3363 1694 3429 τῷ
1725 3366 1839 3417 Κυ-

260 3454 388 3523 ρίῳ,
421 3453 591 3508 πᾶσα
616 3457 654 3524 ii
681 3454 778 3525 γῆ.
818 3457 1042 3526 ’ᾼσατε
1077 3455 1157 3521 τῷ
1200 3457 1416 3524 Κυρίῳ,
1464 3454 1838 3525 εὐλογήσατε

265 3545 332 3598 τὸ
368 3545 552 3615 ὄνομα
583 3548 785 3602 αὑτοῦ.
829 3549 1009 3620 Φήσας
1049 3550 1077 3601 ὁ
1105 3548 1259 3618 λόγος
1295 3550 1352 3601 ἐν
1393 3548 1470 3620 τῷ
1500 3547 1606 3620 πρὸ
1647 3545 1837 3600 τούτου

265 3635 462 3708 ψαλμῴ
492 3640 618 3708 περὶ
634 3637 728 3691 τοῦ
771 3639 1037 3693 Ἰουδαίων
1062 3639 1192 3694 λαοῦ
1221 3640 1301 3704 τὸ,
1349 3640 1455 3694 Ἀεὶ
1495 3638 1838 3693 πλανῶνται

267 3723 342 3795 τῇ
370 3728 601 3796 καρδίᾳ·
629 3729 826 3790 καὶτὸ,
870 3728 963 3795 Ὠς
995 3729 1199 3798 ὤμοσα
1230 3728 1299 3782 ἐν
1321 3727 1394 3795 τῇ
1426 3725 1572 3798 ὀργῇ
1611 3745 1753 3796 μου.
1786 3728 1839 3779 εὶ

265 3821 716 3873 εἰσελεύσονται
759 3821 846 3886 εἰς
885 3819 999 3888 τὴν
1045 3819 1425 3873 κατάπαυσίν
1464 3834 1602 3886 μου’
1651 3817 1836 3889 ἐπειδὴ

270 3909 515 3982 πρώτους
537 3911 730 3975 αὐτοὺς
757 3912 849 3964 ἐπὶ
901 3912 999 3983 τὴν
1028 3913 1169 3966 κατά
1197 3911 1329 3966 Θεὸν
1356 3909 1674 3980 ἀγαλλίασιν
1697 3925 1838 3981 προ-

266 4001 634 4073 καλεσάμενος
683 4003 926 4068 ἀπειθεῖς
981 3999 1170 4076 εὗρεν,
1233 4002 1326 4056 ἐπὶ
1371 4003 1468 4075 τὴν
1515 4001 1623 4055 τῶν
1666 4000 1837 4056 ἐθνῶν

267 4091 458 4163 κλῆσιν
491 4094 820 4164 μεταϐαίνει·
857 4097 1166 4165 προσφωνεί
1196 4092 1440 4147 δὲταῦτα
1464 4095 1573 4155 τοῖς
1600 4091 1835 4144 ἀποστό·

265 4185 375 4249 λοις
399 4186 489 4239 καὶ
523 4186 791 4258 μαθηταῖς
817 4189 911 4243 τοῦ
942 4187 1213 4259 Σωτῆρος,
1248 4189 1384 4257 ὅπερ
1412 4184 1568 4256 δῆλόν
1588 4185 1704 4238 ἐστι
1725 4183 1834 4237 ἀπὸ

265 4265 380 4339 τοῦ,
410 4277 875 4347 Εὑαγγελίζεσθε
906 4277 1132 4348 ἡμέραν
1164 4276 1232 4340 ἐξ
1269 4275 1493 4344 ἡμέρας
1531 4273 1596 4328 τὸ
1639 4272 1833 4339 σωτή-

260 4385 394 4438 ριον
416 4368 623 4434 αὑτοῦ,
655 4369 782 4439 ἑξῆς
825 4369 1132 4441 εἰρημένου,
1163 4368 1276 4430 καὶ,
1333 4365 1738 4434 Ἀναγγείλατε
1764 4365 1834 4417 ἐν

266 4461 389 4528 τοῖς
420 4463 621 4518 ἔθνεσι
647 4462 761 4530 τὴν
782 4461 968 4526 δόξαν·
995 4460 1199 4522 αὺτοῦ,
1232 4460 1302 4513 ἐν
1336 4457 1483 4512 πᾶσι
1514 4456 1636 4523 τοῖς
1662 4455 1833 4521 λαοῖς
1865 4479 1906 4533 D
1933 4455 2090 4510 ejus:
2123 4455 2232 4492 non
2283 4455 2511 4490 altorum
2555 4455 2721 4497 Cllllll,
2759 4455 2920 4502 quam
2981 4455 3277 4483 curvatum
3300 4455 3498 4533 .Iu‘raul

1603 4517 1709 4602 ,ἑῶν
1733 4517 1826 4600 τοῂ
1866 4517 1905 4533 υ
1936 4530 2308 4601 apostolorum
2343 4543 2530 4598 opera,
2577 4526 2630 4579 hi
2679 4537 2958 4580 sermones
3005 4520 3070 4574 ad
3121 4533 3234 4573 rem
3282 4517 3501 4571 deducti

265 4553 339 4607 τὰ
354 4552 654 4624 θαυμάσια
677 4553 880 4606 αὑτοῦ·
900 4553 1023 4606 ἐπεὶ
1049 4551 1122 4623 μὴ
1153 4553 1217 4604 δι’
1247 4551 1421 4604 ἀλλων
1436 4549 1468 4621 ἢ
1485 4549 1572 4602 διὰ

266 4646 514 4718 Σωτῆρος
538 4645 694 4716 ἡμῶν
714 4645 1023 4698 ἀποστόλων
1040 4647 1121 4707 εἰς
1149 4643 1309 4716 ἔργον
1339 4641 1828 4714 προκεχωρήκασιν

268 4737 313 4789 οἱ
339 4735 504 4804 λόγοι.
531 4736 752 4789 suam
782 4734 959 4806 μόνοις
993 4733 1217 4806 ἁρμόζει
1243 4733 1313 4787 τὰ
1338 4733 1669 4805 προκείμενα
1693 4747 1828 4802 προ-

266 4828 588 4897 σφωνεῐσθαι
603 4827 794 4900 διὰτὴν
807 4827 1012 4898 Καινὴν
1024 4826 1294 4898 Διαθήκην
1311 4824 1470 4879 καὶτὸ
1481 4823 1665 4877 καινὸν
1678 4818 1829 4894 ᾆσμα

263 4920 325 4973 τὸ
342 4917 708 4988 εὐαγγελικὸν,
726 4920 788 4972 τὸ
803 4921 933 4971 πᾶσι
950 4920 1060 4981 τοῖς
1076 4917 1250 4970 έθνεσι
1264 4918 1332 4970 δι’
1369 4916 1546 4969 αὐτῶν
1591 4931 1726 4983 κεκη
1736 4931 1830 4985 ρυ-

250 5013 479 5083 .γμένον.
517 5004 675 5064 Οὗτοι
714 5009 777 5081 δὴ
807 5005 897 5063 οῦν
921 5009 1339 5080 προστάττονται
1372 5006 1514 5078 ᾄδειν
1541 5005 1617 5074 τῶ
1643 5003 1831 5074 Κυρίῳ

253 5101 414 5176 ¹ᾆσμα
441 5102 623 5156 καινὸν
656 5103 713 5154 ἐν
741 5101 887 5172 πάσῃ
916 5103 981 5170 τῇ
1009 5102 1101 5170 γῇ·
1136 5100 1271 5168 ὅπερ
1299 5098 1392 5151 καὶ
1422 5096 1600 5168 ἔργοις
1620 5094 1830 5162 πεπλη-

269 5193 524 5265 ρώκασιν,
559 5195 647 5247 ὅτε
671 5195 756 5258 εις
787 5191 993 5246 πᾶσαν
1018 5189 1132 5257 τὴν
1162 5187 1279 5259 γῆν
1307 5187 1564 5256 ἐξῆλθεν
1595 5188 1628 5240 ό
1654 5186 1832 5254 φθόγ-

265 5302 369 5352 τος
403 5282 619 5348 αὐτῶν,
641 5282 740 5336 καὶ
765 5285 850 5347 εὶς
877 5282 948 5336 τὰ
971 5279 1193 5349 πέρατα
1223 5277 1333 5348 τῆς
1375 5277 1730 5347 οἰκουμένης
1756 5275 1829 5329 τὰ

259 5373 497 5444 priuata
523 5374 738 5427 αὐτῶν.
771 5369 880 5426 τΗν
905 5373 962 5426 δέ
992 5373 1054 5425 τὸ
1082 5368 1232 5444 ᾆσμα
1261 5371 1321 5423 τὸ
1348 5369 1551 5431 καινὸν,
1574 5369 1636 5420 τὸ
1666 5369 1834 5437 σωτή-

272 5482 381 5538 ριον
406 5464 748 5532 Εὖαγγέλιον,
781 5464 842 5517 οὐ
861 5463 930 5517 τά
961 5461 1112 5534 παρά
1137 5463 1359 5516 Μωῦσεῖ
1386 5457 1590 5512 παλαιά
1627 5458 1831 5523 νόμιμα

267 5560 538 5632 περιέχον,
565 5558 701 5611 ἀλλὰ
735 5557 800 5612 τά
830 5558 923 5612 τοῦ
963 5553 1196 5629 Χριστοῦ
1232 5556 1395 5609 πᾶσιν
1428 5551 1678 5622 Ἕλλησιν
1728 5549 1828 5618 ἀρε·

337 5716 383 5747 "
429 5713 576 5769 Psal.
617 5726 777 5779 xvm,
817 5710 868 5766 5.

1403 3118 1841 3190 ῼΚΟΔΟΜΕΙΤΟ
1866 3123 1911 3180 c

1946 3116 2000 3172 l.
2071 3106 2430 3169 CANTICUM
2509 3103 2636 3163 iPSI
2679 3101 2907 3160 DAVID.
2937 3099 3243 3172 QUANDQ
3277 3097 3509 3172 DDMUS

1981 3169 2407 3241 EDIFICABA'I
2423 3177 2516 3233 UB
2545 3175 2720 3232 POST
2737 3172 2938 3230 CAPTI
2949 3169 3265 3225 Vl'i‘ATiSM.
3292 3169 3449 3226 XCV.

2010 3343 2176 3399 Vnus.
2203 3341 2259 3396 2.
2301 3339 2526 3396 Cuntate
2561 3335 2784 3389 Domino
2823 3333 3090 3388 canticum
3124 3346 3333 3394 novum,
3379 3346 3509 3383 can-

1940 3446 2045 3491 tate
2077 3435 2323 3496 Domino,
2356 3431 2525 3486 omnis
2569 3437 2727 3483 terra.
2763 3426 2987 3482 Cantate
3009 3424 3256 3486 Domino,
3299 3422 3509 3475 benedi-

1936 3529 2038 3583 cite
2067 3526 2265 3580 nomini
2292 3524 2427 3594 ejus.
2458 3521 2593 3576 Cum
2628 3519 2683 3572 in
2713 3515 3038 3587 praecedenti
3080 3515 3289 3585 psalmo
3319 3512 3386 3567 de
3415 3512 3509 3566 Ju-

1937 3620 2096 3675 daico
2127 3618 2328 3690 p0pulo
2363 3616 2567 3668 dictum
2604 3612 2818 3673 fuisset,
2841 3608 3054 3676 Semper
3093 3613 3274 3660 errant
3308 3605 3500 3668 corde,

1937 3721 2013 3774 et,
2041 3708 2190 3764 Sicut
2208 3706 2389 3776 juravi
2417 3705 2471 3757 in
2507 3703 2590 3755 ira
2623 3717 2760 3766 mea,
2786 3699 2830 3753 si
2862 3695 3152 3750 introibant
3187 3696 3242 3748 in
3274 3695 3502 3764 requiem

1939 3817 2109 3857 meam
2133 3814 2150 3852 :
2175 3798 2308 3869 quia
2346 3797 2469 3851 illos
2501 3795 2735 3865 primum
2763 3792 2829 3846 ad
2857 3805 2978 3844 eam
3010 3787 3309 3843 secundum
3336 3784 3504 3840 Deum

1935 3893 2356 3950 exsultationem
2407 3889 2701 3949 advocans,
2750 3882 3126 3952 immorigeros
3183 3878 3502 3942 invenisset,

1937 3987 2004 4041 ad
2028 3987 2366 4040 vocationem
2388 3979 2632 4052 gentium
2657 3975 2873 4031 transit.
2908 3973 3001 4029 llis
3023 3987 3184 4043 porro
3223 3974 3504 4040 apostolos

1935 4083 1990 4132 et
2038 4073 2399 4145 evangelistas
2437 4069 2736 4124 Salvatoris
2773 4066 3079 4137 compellat,
3117 4071 3174 4117 ut
3205 4063 3380 4132 palam
3417 4070 3504 4116 cst

1935 4182 2000 4222 ex
2035 4164 2237 4225 verbis,
2269 4160 2594 4215 Annuntiate
2629 4165 2692 4212 de
2729 4156 2813 4211 die
2839 4163 2890 4209 in
2925 4155 3062 4208 diem
3092 4153 3328 4207 salutare
3361 4151 3502 4220 ejus,

1936 4272 2056 4328 qua:
2085 4257 2342 4325 deinceps
2371 4261 2696 4323 sequuntur,
2737 4257 2791 4304 et
2821 4264 2885 4303 ex
2919 4247 3026 4311 his,
3069 4245 3394 4298 Annuntiate
3428 4243 3507 4296 in-

1936 4359 2012 4404 ter
2035 4350 2208 4420 gentes
2230 4346 2454 4418 gloriam
2489 4345 2624 4414 ejus,
2658 4343 2712 4396 in
2734 4341 2972 4394 omnibus
2999 4337 3204 4410 populis
3233 4337 3503 4390 mirabilia

1933 4441 2090 4510 ejus:
2123 4453 2232 4492 non
2283 4437 2511 4490 aliorum
2555 4434 2721 4497 enim,
2759 4447 2920 4502 quam
2981 4428 3277 4483 Salvatoris
3326 4426 3501 4479 nostri

1937 4629 2085 4678 sunt.
2114 4622 2294 4686 Quare
2320 4620 2388 4674 ob
2413 4616 2621 4671 Novum
2661 4614 3087 4677 Testamentum,
3134 4617 3187 4664 et
3221 4607 3293 4662 ob
3336 4621 3503 4661 cvan-

1935 4714 2166 4785 gelicum
2198 4726 2396 4765 novum
2436 4710 2728 4768 canticum,
2770 4719 2864 4776 per
2895 4705 3043 4773 ipsos
3074 4701 3328 4754 omnibus
3378 4714 3505 4768 gen-

1940 4808 2088 4863 libus
2117 4804 2495 4875 praedicatum,
2530 4803 2678 4872 ipsos
2708 4802 2856 4853 solos
2893 4797 2972 4851 sic
3004 4793 3332 4861 compellare
3363 4805 3500 4844 con-

1938 4896 2210 4952 veniebat.
2249 4893 2314 4947 lii
2347 4894 2529 4962 itaque
2557 4892 2820 4960 jubentur
2858 4895 3082 4940 cantare
3113 4883 3341 4936 Domino
3371 4897 3496 4935 can-

1938 4993 2107 5046 ticum
2140 5003 2338 5044 novum
2375 4985 2430 5039 in
2473 4985 2726 5038 universa
2755 4990 2897 5033 terra
2927 4996 2939 5031 :
2967 4975 3110 5046 quod
3149 4974 3311 5027 etiam
3338 4985 3505 5040 opere

1936 5081 2305 5153 perfecerunt,
2333 5075 2551 5148 quando
2599 5074 2654 5127 in
2693 5085 2894 5125 omnem
2925 5078 3117 5121 terram
3156 5065 3314 5118 exivit
3343 5075 3504 5116 sonus

1935 5190 2138 5239 eorum,
2166 5183 2215 5227 et
2238 5174 2293 5226 in
2319 5173 2447 5242 ﬁnes
2473 5168 2612 5222 orbis
2643 5176 2794 5220 terra:
2860 5162 3012 5216 verba
3047 5175 3225 5214 eorum
3248 5158 3317 5211 ".
3376 5156 3506 5209 Erat

1935 5281 2100 5340 porro
2131 5265 2406 5319 canticum
2439 5259 2570 5315 illud
2606 5273 2826 5320 novum,
2854 5255 3093 5310 salutare
3130 5247 3504 5340 Evangelium,

1937 5337 2081 5430 quod
2126 5371 2237 5410 non
2271 5361 2450 5408 vetera
2503 5352 2594 5404 illa
2647 5345 2851 5418 Moysis
2881 5344 3073 5414 legalia
3113 5337 3505 5406 complecteba-

1935 5460 2047 5513 tur,
2095 5446 2190 5504 sed
2249 5444 2451 5501 Christi
2501 5449 2770 5512 praecepta
2821 5437 3077 5492 omnibus
3131 5430 3336 5485 Graecis
3379 5441 3504 5480 con-

1935 5542 2182 5617 gruentia
2202 5557 2216 5594 ;
2237 5539 2328 5596 illa
2355 5538 2554 5610 quippe
2583 5533 2819 5591 Mosaica
2845 5546 2955 5587 non
2986 5522 3298 5599 bujusmodi
3322 5527 3502 5577 erant.
