4068 6394
575 351 737 415 ’³1219

1264 357 1532 414 EUSEBll
1561 357 2044 414 CESARIETISIS
2077 356 2228 411 OPP.
2268 353 2454 409 PARS
2490 352 2578 408 Ill.
2621 381 2687 394 —
2726 352 3137 408 EXEGETICA.

3699 345 3846 404 1220

595 473 658 528 lii
692 472 916 528 exordio
949 471 1128 540 itaque
1153 471 1306 540 jubet
1333 471 1436 540 ipsi
1471 471 1701 528 Domino
1729 481 1954 527 cantare
1987 471 2164 525 canti-

2271 468 2427 542 μόδια
2462 469 2910 540 παραγγέλματα·
2945 468 3012 520 τά
3059 469 3166 540 γὰρ
3197 467 3468 530 Μωῦσέως
3507 469 3568 521 οῦ
3610 467 3847 520 τοιαῦτα

597 578 722 616 cum
746 576 966 617 novum.
1004 561 1140 626 Quia
1181 575 1308 614 vero
1336 576 1443 613 non
1472 568 1682 629 poterat
1716 561 1895 613 omnis
1919 567 2062 613 terra
2095 559 2170 609 in-

593 653 839 723 telligere
862 653 986 722 quis
1013 659 1159 707 esset
1190 651 1475 719 Dominus,
1499 667 1674 720 neque
1698 649 2080 720 prol‘undiores
2101 649 2170 702 de

602 743 833 796 Domino
888 758 1165 798 sermones
1220 757 1446 810 capere;
1494 743 1809 796 necessario
1846 741 2051 795 dictum
2087 754 2171 793 re-

599 838 732 907 petit
773 836 876 889 hoc
907 834 1090 898 modo,
1121 832 1346 890 Cantate
1381 834 1622 899 Domino,
1656 833 1938 888 benedicite
1966 831 2168 885 nomini

595 929 734 998 ejus,
763 927 922 995 cujus
960 927 1072 980 haec
1112 934 1195 980 est
1228 927 1495 980 sententia
1531 945 1544 981 :
1573 927 1618 980 si
1652 927 1919 979 universa
1947 938 2043 993 per
2080 937 2170 976 or-

598 1022 720 1075 bem
756 1029 964 1089 gentes,
1009 1019 1134 1088 quis
1181 1019 1252 1072 sit
1284 1019 1450 1072 totius
1480 1018 1667 1072 mundi
1713 1015 1915 1087 opifex,
1961 1025 2016 1070 et
2045 1015 2169 1084 quis

579 1115 981 1167 universorum
1013 1109 1296 1172 Dominus,
1331 1125 1525 1179 capere
1569 1125 1676 1164 non
1707 1111 1951 1176 valeant;
1994 1124 2172 1177 neque

603 1204 903 1274 intelligere
950 1204 1180 1273 possint,
1221 1201 1494 1271 quomodo
1533 1199 1627 1255 Dei
1671 1200 1930 1264 Verbum,
1986 1201 2169 1269 opifex

598 1313 725 1352 cum
759 1298 850 1358 sit,
883 1295 1094 1349 occulta
1119 1301 1173 1348 et
1212 1293 1475 1349 invisibili
1501 1293 1704 1347 virtute
1725 1293 1904 1346 omnia
1939 1292 2172 1346 admini—

601 1395 739 1442 stret
766 1394 820 1440 et
853 1386 1150 1454 gubernet;
1198 1391 1253 1435 at
1295 1382 1426 1437 satis
1457 1389 1539 1436 est
1582 1381 1710 1444 illis,
1749 1389 1933 1450 utpote
1963 1383 2171 1437 solum-

604 1475 765 1530 modo
821 1475 1083 1536 initiatis,
1151 1473 1473 1527 benedicere
1533 1473 1739 1526 nomini
1787 1472 1928 1540 ejus.
1989 1471 2168 1542 Ipsum

605 1568 804 1636 quippe
861 1565 1073 1619 Domini
1118 1581 1336 1626 nomen,
1390 1564 1701 1633 nudumque
1731 1565 1903 1634 ipsius
1937 1565 2161 1618 vocabu-

605 1657 716 1711 lum
746 1672 867 1711 cum
896 1657 1054 1710 laude
1085 1665 1138 1711 et
1191 1655 1564 1710 benedictione
1598 1657 2022 1725 pronuntiatum,
2056 1671 2171 1708 ma-

603 1765 764 1820 gnam
799 1758 973 1819 potest
1007 1749 1451 1805 benedicentibus
1503 1749 1787 1801 utilitatem
1829 1748 2166 1814 "conciliare;

2267 559 2354 634 ἦν.
2381 563 2627 633 Προηγου
2637 560 2808 630 μένως
2840 560 2935 630 μὲν
2957 555 3050 613 οὖν
3073 561 3393 632 προστάττει
3417 561 3562 630 ᾅδειν
3586 559 3745 629 αύτῷ
3766 558 3848 628 τῷ

2270 654 2458 724 Κυρίῳ
2490 652 2554 704 τὸ
2587 652 2769 704 καινὸν
2800 647 2970 722 ᾆσμα·
3007 653 3126 704 ἐπεὶ
3155 651 3212 703 δὲ
3241 653 3303 704 ού
3329 655 3474 704 πᾶσα
3501 655 3532 722 ἡ
3560 651 3630 721 τῆ
3661 652 3752 704 οἶα
3784 666 3846 702 τε

2267 740 2336 816 ἦν
2363 745 2447 807 τίς
2472 746 2592 798 ποτ’
2622 739 2688 814 ἦν
2716 745 2745 795 ὁ
2770 743 2972 814 Κύριος
2995 745 3247 808 συνεῖναι,
3274 742 3393 796 οὐδὲ
3416 744 3540 806 τοὺς
3575 743 3708 814 περὶ
3743 740 3843 792 τοῦ

2269 835 2473 906 Κυρίου
2503 833 2832 903 βαθυτέρους
2875 833 3072 886 εἰδέναι
3117 833 3326 900 λόγους·
3368 833 3683 900 ἀναγκαίως
3712 831 3844 901 ἑξῆς

2271 927 2410 982 κατά
2432 927 2683 998 δεύτερον
2716 925 2872 1004 λόγον
2905 925 3237 993 έπιλέγειτό·
3273 928 3492 995 ’ᾼσατε
3519 924 3599 990 τῷ
3620 927 3840 993 Κυρίῳ,

2269 1017 2640 1086 εὐλογήσατε
2679 1015 2746 1068 τὸ
2789 1015 2976 1083 ὄνομα
3017 1016 3224 1079 αὑτοῦ,
3265 1015 3517 1074 τοιαύτην
3561 1016 3700 1085 ἔχων
3736 1015 3839 1085 τὴν

2269 1111 2520 1164 διάνοιαν·
2547 1111 2594 1160 εἰ
2629 1107 2703 1179 μὴ
2743 1107 2978 1160 συνιέναι
3010 1107 3094 1170 τίς
3140 1109 3286 1160 ἐστιν
3327 1110 3355 1161 ὁ
3405 1105 3495 1159 τοῦ
3525 1106 3837 1176 σύμπαντος

2270 1206 2472 1276 κόσμου
2511 1204 2857 1274 δημιουργὸς,
2907 1203 2999 1256 καὶ⁵
3030 1205 3058 1255 ὁ
3090 1204 3199 1256 τῶν
3240 1204 3373 1256 ὅλων
3418 1203 3680 1273 δεσπότης
3725 1203 3838 1256 Κύ-

2273 1314 2384 1369 ριος
2414 1295 2632 1348 δύναται
2661 1295 2728 1348 τὰ
2765 1293 2886 1346 καθ’
2918 1295 3044 1366 ὅλης
3081 1296 3177 1364 τῆς
3207 1295 3310 1365 γῆς
3339 1293 3464 1364 ἔθνη
3484 1311 3499 1324 ο
3540 1294 3635 1346 καὶ
3669 1296 3718 1347 εί
3762 1294 3837 1363 μὴ

2273 1386 2498 1455 συνορᾷν
2536 1379 2625 1436 οἷά
2657 1384 2716 1436 τέ
2763 1385 2912 1436 ἐστιν
2956 1385 3104 1447 ὅπως
3149 1384 3531 1456 δημιουργικὸς
3574 1383 3648 1436 ὢν
3701 1377 3837 1436 Θεοῦ

2269 1477 2458 1544 Λόγος,
2488 1477 2685 1545 ἀφανεῖ
2717 1475 2810 1527 καὶ
2846 1475 3059 1546 ἀοράτῳ
3082 1475 3307 1546 δυνάμει
3343 1476 3410 1528 τὰ
3449 1477 3626 1529 πάντα
3662 1476 3837 1528 διέπει

2271 1571 2364 1624 καὶ
2383 1569 2726 1639 διακυϐερνᾷ·
2752 1569 2865 1622 ἀλλ’
2893 1571 3132 1639 ἀπαρκεῖ
3156 1586 3218 1636 γε
3251 1569 3431 1631 αὐτοῖς
3461 1569 3536 1631 ὡς
3579 1570 3637 1620 έν
3688 1571 3838 1621 εἱσα-

2269 1661 2422 1729 γωγῇ
2455 1658 2546 1712 καὶ
2579 1659 2641 1710 τὸ
2672 1657 2910 1726 εὐλογεῖν
2945 1657 3004 1710 τὺ
3035 1657 3207 1726 ὄνομα
3247 1656 3429 1710 αὐτοῦ.
3487 1657 3691 1709 Ἱκανὸν
3733 1658 3840 1726 γάρ

2273 1750 2417 1802 ἐστιν
2459 1748 2588 1802 αὐτὸ
2632 1749 2692 1801 τὸ
2730 1748 2823 1800 τοῦ
2865 1747 3069 1818 Κυρίου
3109 1748 3276 1818 ὄνομα
3322 1748 3413 1800 καὶ
3455 1747 3591 1817 αὑτὴ
3631 1747 3761 1816 ψιλὴ
3804 1749 3838 1816 ἡ

602 1847 657 1895 et
683 1840 940 1908 majorem
982 1854 1134 1903 sane,
1166 1853 1329 1908 quam
1371 1837 1440 1890 iis
1475 1837 1566 1906 qui
1611 1837 1921 1890 Abrahamo
1956 1837 2166 1890 benedi-

2271 1839 2609 1910 προσηγορία
2643 1837 2806 1892 αὐτοῦ
2837 1838 3224 1909 εύφημουμὲνη
3257 1839 3351 1891 καὶ
3377 1837 3744 1907 εύλογουμένη
3773 1837 3839 1888 τὰ

603 1939 827 1986 cerent:
863 1932 927 1985 ad
969 1946 1128 2002 quem
1156 1931 1361 1984 dictum
1395 1938 1499 1996 est,
1533 1928 1905 1983 Benedicentes
1938 1940 1986 1981 te
2018 1926 2170 1982 bene-

598 2024 840 2079 dicentur
854 2024 919 2078 ⁷³.

643 2220 878 2277 ίΝονυιῐι
911 2237 1075 2292 porro
1117 2222 1390 2275 canticum
1416 2228 1536 2290 post
1566 2220 1931 2288 captivitatem
1961 2233 2054 2286 per
2085 2225 2170 2270 to-

599 2322 718 2367 tum
766 2315 954 2367 orbem
997 2314 1274 2368 celebrent
1333 2315 1461 2366 novi
1507 2312 1658 2366 orbis
1715 2312 1924 2365 iucolze.
1968 2311 2169 2375 Quam.

603 2404 790 2457 obrem
826 2405 901 2456 ait
931 2403 1122 2472 psalmi
1156 2403 1368 2467 titulus,
1403 2401 1628 2468 Quando
1659 2401 1844 2454 domus
1873 2399 2170 2469 wdiﬁcaba-

601 2509 691 2552 tur
729 2508 844 2567 post
867 2499 1244 2565 captivitatem.
1272 2495 1407 2549 Cum
1443 2495 1584 2548 enim
1629 2507 1822 2563 magna
1857 2492 1946 2544 illa
1975 2493 2170 2545 domus

603 2587 720 2651 Dei,
747 2587 992 2643 Ecclesia
1013 2587 1222 2642 scilicet
1248 2587 1389 2654 ejus,
1416 2585 1469 2637 in
1499 2584 1754 2636 omnibus
1775 2583 2023 2652 gentibus
2047 2568 2170 2651 post

602 2683 909 2737 animarum
937 2679 1307 2749 captivitatem
1330 2675 1618 2730 excitanda
1649 2683 1768 2728 erat
1796 2690 1826 2727 a
1852 2688 2046 2744 magno
2077 2674 2170 2726 illo

600 2784 658 2828 et
686 2772 930 2842 sapiente
966 2769 1266 2822 architecto
1293 2765 1522 2819 Domino
1547 2773 1601 2819 et
1632 2763 1913 2819 Salvatore
1955 2773 2166 2830 nostro,

602 2863 670 2918 de
693 2878 801 2932 quo
829 2863 903 2915 ait
928 2861 1206 2931 propheta,
1243 2859 1343 2912 Hic
1373 2857 1659 2926 wdiﬁcabit
1681 2859 1944 2911 civitatem
1975 2874 2166 2924 meam,

599 2964 652 3010 et
681 2955 1040 3024 captivitatem
1071 2954 1248 3022 populi
1277 2952 1376 3005 mei
1401 2950 1670 3005 reducet"
1694 2968 1710 3017 ;
1737 2960 1867 3005 tunc
1901 2951 2017 3020 ipse
2051 2948 2170 3004 Ser-

603 3057 783 3111 vator,
825 3047 1148 3117 impleturus
1179 3061 1241 3099 ea
1278 3059 1400 3115 quae
1428 3059 1456 3096 a
1491 3042 1767 3113 prophetis
1806 3042 2167 3110 praenuntiata

604 3139 842 3200 fuerant,
863 3153 974 3210 prae
999 3137 1251 3191 manibus
1288 3136 1567 3205 accipiens
1599 3133 1753 3189 Isaia:
1775 3134 2076 3188 clausulam
2101 3149 2165 3188 ex

604 3231 776 3300 ipsius
807 3245 1039 3299 persona
1063 3228 1356 3292 dicentem,
1379 3225 1618 3295 Scriptus
1646 3224 1860 3279 Domini
1882 3241 2037 3294 super
2067 3241 2166 3288 me,

595 3338 662 3376 eo
683 3320 818 3390 quod
868 3321 1076 3373 tinxerit
1129 3335 1228 3382 me,
1269 3318 1629 3388 evangeliaare
1669 3316 1982 3386 pauperibus
2026 3316 2170 3369 misit

605 3430 705 3477 me,
745 3413 1032 3481 praedicare
1078 3413 1294 3481 captivis
1337 3410 1719 3472 dimissionem,
1759 3418 1808 3464 et
1839 3410 1989 3464 cazcis
2028 3411 2167 3463 visus

605 3505 994 3560 restitutionem
1019 3504 1086 3568 ⁷³,
1149 3503 1412 3573 replicate
1467 3509 1590 3571 post
1640 3501 1929 3555 lectionem
1987 3499 2165 3562 libro,

603 3598 758 3662 dixit,
802 3597 975 3652 Hodie
1016 3596 1232 3666 impleta
1270 3603 1346 3649 est
1377 3595 1485 3647 tum:
1526 3592 1802 3660 Scriptura
1844 3592 1898 3645 in
1948 3591 2167 3645 auribus

602 3689 788 3742 vestris
809 3688 856 3716 "
888 3706 902 3742 :
932 3688 1137 3741 docens
1169 3699 1230 3740 se
1264 3699 1387 3740 esse
1419 3685 1594 3749 illum,
1628 3698 1736 3736 non
1781 3697 2046 3750 corporeo
2075 3697 2169 3736 un-

600 3785 805 3849 guento
867 3776 1093 3847 perinde
1151 3783 1313 3846 atque
1371 3775 1478 3829 alio
1531 3789 1823 3844 corporeos
1875 3773 2165 3839 Christus,

605 3866 702 3922 sed
745 3866 950 3936 Spiritu
999 3875 1237 3934 paternae
1280 3863 1496 3919 deitatis
1533 3872 1793 3930 unctum;
1844 3869 2007 3932 atque
2046 3862 2169 3917 ideo

602 3956 882 4012 Christum
929 3964 1184 4010 vocatum
1239 3955 1451 4011 fuisse:
1483 3969 1514 4007 a
1543 3969 1604 4009 se
1647 3953 1774 4008 item
1815 3952 2166 4024 Evangelium

602 4047 674 4102 iis
702 4047 796 4117 qui
820 4047 998 4100 anima
1029 4044 1231 4115 captivi
1258 4050 1414 4098 erant
1443 4041 1793 4112 praedicatum
1825 4057 1946 4096 esse
1973 4056 2170 4096 secun-

603 4137 734 4193 dum
765 4138 1126 4209 prophetiam.
1165 4134 1474 4190 Iudaeorum
1505 4135 1686 4198 itaque
1739 4133 2014 4202 propheta:
2057 4148 2168 4186 non

605 4232 739 4286 talia
768 4231 1062 4292 canebant,
1089 4230 1272 4297 itaque
1315 4228 1586 4282 bonorum
1630 4225 1920 4295 Evangelia
1955 4225 2044 4288 iis,
2074 4225 2168 4295 qui

594 4337 720 4379 sevo
753 4337 854 4377 suo
901 4321 1252 4382 exsisterent,
1286 4317 1689 4388 praedicabant;
1732 4317 1827 4371 sed
1865 4317 2062 4370 similia
2103 4317 2169 4371 iis

603 4431 728 4486 qua:
757 4413 968 4485 Moyses
1018 4414 1070 4465 iu
1104 4427 1302 4482 magno
1334 4412 1549 4464 cantico
1593 4410 1660 4463 ad
1696 4411 1953 4479 populum
1984 4410 2115 4463 dicit
2150 4425 2163 4460 :

2269 1931 2499 2001 μέγιστα
2532 1932 2658 1993 τοὺς
2697 1929 3048 1998 εύλογοῦντας
3079 1929 3322 1998 ὠφελεῖν,
3359 1929 3555 2000 μᾶλλον
3593 1929 3628 1998 ἢ
3661 1931 3712 1981 οἱ
3751 1930 3840 1980 τὸν

2281 2019 2536 2090 ’Δϐραὰμ
2578 2019 2944 2088 εὐλογοῦντες,
2993 2020 3130 2091 πρὸς
3165 2019 3224 2072 ὃν
3269 2020 3500 2091 εῐρηται·
3551 2023 3617 2072 Οἱ
3664 2023 3840 2073 εὐλο-

2267 2112 2514 2185 ⁸Γοῦντές
2542 2130 2615 2167 σε
2634 2113 3166 2182 εὐλογηθήσονται.

2338 2228 2411 2281 Τδ
2444 2229 2626 2281 καινὸν
2654 2228 2709 2280 δὲ
2741 2223 2893 2300 ᾆσμα
2939 2226 3076 2296 μετὰ
3119 2227 3215 2298 τὴν
3257 2226 3629 2296 αἰχμαλωσίαν
3656 2229 3705 2279 oi
3741 2227 3839 2295 τῆς

2267 2322 2392 2383 νέας
2424 2319 2744 2391 οἰκουμένης
2781 2319 3177 2389 κατηξιωμένοι
3219 2319 3339 2372 καθ’
3368 2320 3495 2390 ὅλης
3532 2320 3632 2390 τῆς
3663 2322 3839 2372 οἰκου-

2272 2415 2436 2485 μένης
2480 2411 2772 2482 ᾁδέτωσαν.
2811 2411 2902 2463 Διό
2950 2427 3111 2480 φησιν
3159 2412 3191 2480 ἠ
3237 2410 3527 2482 προγραφὴ
3569 2409 3665 2462 τοῦ
3707 2410 3839 2479 ψαλ-

2267 2504 2394 2576 μοῦ,
2417 2504 2555 2556 ’Ὀτε
2588 2505 2619 2555 ὀ
2644 2497 2804 2567 οἶκος
2823 2500 3172 2569 ᾠκοδομεῖτο
3202 2501 3352 2569 μετὰ
3389 2487 3503 2569 τὴν
3541 2505 3837 2570 αἰχμαλω-

2269 2597 2432 2649 σίαν.
2463 2595 2591 2646 Ὅτε
2619 2592 2748 2661 γοῦν
2779 2594 2806 2645 ὁ
2840 2592 3008 2663 μέγας
3031 2587 3174 2656 οἶκος
3202 2592 3294 2645 τοῦ
3327 2592 3482 2656 Θεοῦ,
3517 2596 3550 2664 ἡ
3608 2593 3838 2665 Ἐκκληο

2271 2685 2360 2738 σία
2400 2683 2584 2748 αὐτοῦ,
2619 2686 2676 2737 ὲν
2704 2685 2836 2737 πᾶσι
2867 2687 2978 2747 τοῖς
3007 2683 3183 2736 ἔθνεσι
3222 2683 3359 2753 μετά
3387 2684 3485 2755 τὴν
3519 2682 3627 2736 τῶν
3653 2682 3841 2752 ψυχῶν

2269 2777 2639 2849 αἰχμαλωσίαν
2663 2775 3056 2846 οἰκοδομεῖσθαι
3085 2775 3315 2846 ἡμελλεν
3344 2775 3449 2828 ὑπὸ
3481 2775 3575 2827 τοῦ
3606 2774 3842 2844 μεγάλου

2270 2871 2364 2922 καὶ
2408 2867 2570 2937 σοφοῦ
2629 2868 3004 2938 ἀρχιτέκτονος
3043 2867 3137 2920 τοῦ
3193 2867 3396 2937 Κυρίου
3441 2868 3534 2920 καὶ
3591 2868 3844 2936 Ean-illm;

2270 2957 2446 3028 ἡμῶν,
2481 2957 2608 3027 περὶ
2646 2953 2706 3010 οὗ
2749 2973 2911 3027 φησιν
2957 2957 2986 3008 ὁ
3023 2959 3338 3027 προφήτης·
3397 2951 3586 3021 Οὗτος
3615 2955 3844 3008 obroda-

2264 3048 2444 3118 μήσει
2475 3047 2586 3116 τὴν
2623 3050 2803 3101 πόλιν
2831 3065 2951 3116 μου
2987 3047 3085 3100 καί
3126 3046 3240 3113 τὴν
3282 3048 3701 3116 αἰχμαλωσίαν
3740 3047 3843 3100 τοῦ

2268 3138 2424 3194 λαοῦ
2446 3157 2563 3208 μου
2590 3137 2952 3206 ἐπιστρέψει·
2991 3139 3110 3191 τότε
3145 3138 3306 3202 αὐτὸς
3334 3140 3362 3191 ὁ
3385 3137 3595 3209 Σωτὴρ,
3636 3137 3846 3208 μέλλων

2276 3231 2454 3304 ἔργοις
2484 3229 2831 3301 ἀποπληροῦν
2859 3231 2928 3284 τὰ
2963 3229 3050 3283 διὰ
3091 3230 3199 3283 τῶν
3232 3229 3523 3301 προφητῶν
3561 3247 3846 3299 προπεφυ-

2275 3321 2500 3392 νημένα,
2535 3322 2670 3391 μετὰ
2697 3323 2882 3392 χεῖρας
2918 3321 3094 3374 λαϐὼν
3127 3322 3221 3374 καὶ
3255 3320 3474 3373 διελθὼν
3514 3321 3614 3390 τὴν
3655 3319 3721 3372 δι’
3762 3319 3845 3372 αὐ-

2274 3412 2368 3466 τοῦ
2424 3412 2714 3485 προσώπου
2762 3412 3076 3481 φάσκουσαν
3106 3410 3199 3464 τοῦ
3247 3411 3466 3464 Ἡσαΐου
3508 3413 3840 3481 περικοπήν·

2273 3503 2516 3574 Πνεῦμα
2559 3505 2782 3571 Κυρίου
2824 3504 2915 3556 ἐπ’
2963 3503 3086 3572 ἐμὲ,
3129 3499 3200 3558 οὗ
3237 3504 3471 3557 εἵνεκεν
3513 3503 3723 3572 ἐχρισέ
3748 3519 3842 3572 με,

2273 3595 2773 3664 εὐαγγελίσασθαι
2808 3595 3062 3663 πτωχοῖς
3089 3592 3436 3648 ἀπέσταλκε
3462 3612 3560 3664 με,
3590 3593 3845 3664 κηρῦξαι

2271 3687 2664 3757 αίχμαλώτοις
2717 3687 2968 3758 ἄφεσιν,
3030 3688 3127 3741 καὶ
3194 3687 3443 3756 τυφλοῖς
3487 3687 3842 3757 ἀνάϐλεψιν,

2275 3783 2480 3847 πτύξας
2505 3781 2600 3852 τὴν
2637 3780 2815 3851 βίϐλον
2839 3777 2975 3851 μετὰ
3009 3781 3106 3850 τὴν
3137 3780 3458 3848 ἀνάγνωσιν,
3485 3775 3636 3833 εἷπε·
3662 3779 3846 3848 Σήμε-

2265 3892 2380 3944 ρον
2401 3873 2777 3941 πεπλήρωται
2795 3873 2833 3938 ἠ
2857 3870 3064 3941 Γραφὴ
3087 3872 3236 3938 αὕτη
3257 3872 3326 3924 ἐν
3344 3871 3467 3937 τοῖς
3487 3871 3639 3924 ὠσὶν
3657 3871 3841 3940 ὑμῶν·

2272 3966 2536 4021 διδάσκων
2565 3947 2736 4018 αὑτὸν
2779 3965 2876 4035 μὲν
2918 3959 3054 4016 εἶναι
3091 3963 3182 4016 τὸν
3221 3963 3280 4015 ού
3339 3961 3634 4033 σωματικῷ
3692 3962 3846 4033 μύρῳ

2272 4060 2385 4121 τοῖς
2427 4059 2755 4129 σωματικοῖς
2794 4058 3035 4127 χριστοῖς
3077 4054 3296 4126 ὁμοίως,
3345 4054 3421 4125 τῷ
3467 4055 3524 4108 δὲ
3568 4055 3845 4125 Πνεύματι

2273 4149 2373 4217 τῆς
2398 4149 2670 4220 πατρικῆς
2707 4147 2958 4219 θεότητος
2985 4146 3361 4218 κεχρισμένον,
3415 4147 3509 4199 καὶ
3542 4147 3631 4200 διὰ
3690 4146 3845 4199 τοῦτο

2273 4238 2505 4312 Χριστὸν
2530 4240 2987 4311 ἀνηγορευμένον·
3021 4239 3087 4291 δι’
3117 4238 3282 4291 αὐτοῦ
3303 4239 3359 4291 δὲ
3385 4240 3477 4292 καὶ
3503 4239 3565 4291 τὸ
3599 4239 3845 4306 Εὐαγγέ-

2273 4330 2385 4384 λιον
2431 4334 2544 4394 so‘t;
2587 4332 2684 4394 τὰς
2718 4330 2899 4401 ψυχὰς
2942 4328 3306 4400 αἰχμαλώτοις
3351 4327 3690 4399 κεκηρῦχθαι
3715 4330 3846 4381 ἀκο-

2273 4417 2477 4483 λούθως
2501 4423 2565 4491 τῇ
2595 4419 2917 4490 προφητείᾳ.
2933 4421 2994 4472 Οἱ
3019 4420 3117 4489 μὲν
3136 4414 3229 4472 οὖν
3250 4418 3342 4471 τοῦ
3373 4418 3638 4471 Ἰουδαίων
3661 4418 3847 4481 ἔθνους

603 4507 740 4562 Filii
785 4504 1176 4574 vituperabiles,
1221 4504 1486 4573 generatio
1533 4512 1771 4556 tortuosa
1822 4510 1871 4554 et
1901 4517 2168 4569 perversa,

2276 4512 2551 4582 προφῆται
2591 4510 2652 4562 ού
2696 4509 2917 4562 τοιαῦτα
2954 4505 3097 4580 ᾖδον,
3141 4509 3252 4561 οὐδ’
3288 4508 3508 4576 ἀγαθῶν
3539 4509 3847 4577 Εύαγγέλια

601 4599 831 4653 Ιιιινεεὶηε
865 4597 1090 4651 Domino
1130 4594 1390 4649 redditis?
1420 4594 1612 4646 siccine
1648 4593 1870 4660 populus
1903 4591 2096 4646 stultus
2121 4603 2170 4646 et

595 4708 709 4746 non
740 4688 1048 4758 sapiens"?
1087 4695 1141 4742 et
1172 4702 1292 4756 qua:
1330 4694 1632 4754 sequuntur
1661 4704 1672 4738 :
1703 4684 1820 4738 ubi
1843 4683 1997 4738 adest
2041 4683 2167 4738 item

601 4783 760 4846 illud,
794 4781 1146 4834 Irritaverunt
1187 4795 1264 4832 me
1285 4779 1336 4831 in
1363 4779 1572 4839 alienis,
1598 4777 1651 4828 in
1691 4774 2167 4828 abominationibus

598 4876 714 4928 suis
745 4872 1186 4927 exacerbaverunt
1226 4887 1325 4924 me.
1353 4868 1767 4923 Immotaverunt
1797 4867 2092 4928 dwmoniis,
2119 4875 2170 4918 et

607 4983 714 5020 non
743 4964 852 5018 Deo
872 4965 918 4994 ⁷⁸
944 4979 958 5027 ;
991 4970 1045 5016 et
1075 4960 1228 5024 illud,
1265 4959 1376 5028 Ipsi
1411 4965 1816 5028 pravocaverunt
1863 4972 1943 5009 me
1985 4956 2039 5008 in
2070 4971 2174 5008 non

593 5059 721 5117 deo,
765 5057 1106 5109 irritaverant
1167 5053 1221 5106 in
1265 5051 1420 5105 idolis
1465 5051 1656 5105 suis".
1703 5049 1872 5104 Isaias
1912 5065 2041 5104 vero
2087 5049 2174 5103 his

595 5149 762 5204 aliine
784 5147 1061 5200 canticum
1087 5145 1256 5200 edens
1276 5143 1492 5198 dicebat
1525 5161 1537 5193 :
1561 5141 1800 5196 Cantabo
1829 5139 2018 5195 dilecto
2046 5157 2175 5192 can-

603 5245 764 5297 ticum
797 5240 979 5294 dilecti
1025 5240 1148 5302 mei,
1187 5238 1349 5292 uinea:
1397 5235 1624 5290 mete":
1668 5234 1868 5304 quibus
1917 5233 2105 5300 adjicit
2150 5249 2163 5284 :

602 5318 750 5399 Q'uid
774 5331 971 5400 faciam
1004 5331 1162 5383 uinea:
1198 5344 1346 5390 mete,
1401 5326 1526 5397 quia
1559 5326 1854 5395 exspectavi
1884 5334 1940 5377 ut
1974 5324 2169 5392 faceret

595 5439 778 5482 uvam,
809 5423 933 5490 fecit
971 5430 1146 5473 autem
1185 5421 1362 5488 spinas
1386 5422 1411 5474 ζ)
1449 5417 1703 5487 Auferam
1749 5433 1917 5486 sepem
1944 5416 2078 5486 ejus,
2119 5425 2170 5469 et

594 5517 700 5576 erit
731 5518 785 5568 in
808 5516 1180 5584 direptionem;
1210 5525 1256 5565 et
1286 5513 1555 5565 destruant
1599 5512 1790 5563 turrim
1829 5508 1964 5580 ejus,
1995 5519 2043 5562 et
2068 5509 2169 5562 erit

672 5697 714 5727 ⁷⁸
753 5693 886 5749 Gen.
923 5711 997 5748 xu
1023 5734 1035 5749 .
1075 5694 1126 5747 3.
1201 5695 1245 5724 τ’
1282 5693 1389 5746 lsa.
1426 5709 1544 5760 XLV,
1578 5695 1659 5748 l5.
1735 5692 1780 5723 ⁷³
1820 5690 1903 5752 lsu
1962 5706 2024 5758 ιι
2050 5691 2088 5752 ἓ.
2131 5691 2148 5756 ι

601 5765 645 5796 ⁷⁷
684 5766 815 5818 ibid.
853 5768 942 5819 2|.
1019 5765 1061 5794 "
1103 5767 1204 5816 lsa.
1241 5778 1292 5826 ν,
1335 5764 1385 5816 1.

2276 4605 2390 4664 τοῖς
2423 4600 2542 4655 καθ’
2565 4601 2790 4663 ἑαυτοὺς
2819 4601 3112 4671 ἐκήρυττον
3132 4616 3145 4629 ·
3185 4600 3298 4653 ἀλλ’
3326 4603 3484 4653 ὁποῖα
3518 4601 3761 4669 Μωῦῆς
3791 4602 3846 4652 ἐν

2281 4693 2489 4765 μεγάλῃ
2513 4692 2622 4763 ᾠδῇ
2653 4693 2787 4763 πρὸς
2806 4693 2896 4746 τὸν
2927 4693 3053 4746 λαὸν
3077 4694 3299 4762 φάσκων
3320 4710 3331 4722 ·
3359 4692 3543 4746 Τέκνα
3561 4692 3816 4760 μωμητὰ
3831 4731 3846 4753 ,

2275 4784 2451 4854 γενεὰ
2486 4785 2705 4839 σκολιὰ
2762 4783 2860 4837 καὶ
2915 4782 3371 4853 διεστραμμένη,
3422 4785 3609 4838 ταῦτα
3655 4786 3849 4850 Kvpi’tp

2276 4875 2741 4939 ἀνταποδίδοτε;
2764 4874 2916 4927 οὕτω
2938 4875 3087 4941 λαὸς
3109 4874 3306 4944 μωρὸς
3333 4876 3429 4928 καὶ
3459 4874 3596 4944 οὐχὶ
3620 4875 3850 4942 σορόςς

2276 4966 2371 5018 καὶ
2397 4965 2466 5018 τὰ
2503 4966 2711 5030 τούτοις
2744 4967 3010 5021 ἀκόλουθα
3030 4984 3043 4997 ·
3092 4969 3148 5019 ὲν
3182 4961 3264 5030 οἷς
3301 4968 3417 5019 ἐστι
3449 4966 3542 5019 καὶ
3585 4966 3668 5028 τὸ,
3698 4969 3852 5033 Παρ-

2275 5055 2518 5120 ώξυνάν
2532 5075 2608 5124 με
2632 5058 2702 5111 ἐν
2729 5058 3090 5126 ἀλλοτρίοις,
3109 5059 3180 5110 ἐν
3201 5058 3626 5128 ﬁderiquan
3652 5057 3852 5110 αὐτῶν

2274 5146 2676 5214 ἐξεπίκρανιὲν
2693 5165 2788 5217 με.
2814 5151 3076 5202 Ἐθυσαν
3093 5147 3440 5216 δαιμονίοις,
3463 5147 3566 5201 καὶ
3594 5149 3666 5200 οὐ
3695 5146 3848 5210 Θεῷ·

2276 5241 2369 5290 καὶ
2397 5238 2477 5300 τὸ,
2513 5239 2689 5291 Αὐτοὶ
2723 5238 3152 5308 παρεζήλωσάν
3167 5257 3244 5308 με
3290 5239 3382 5291 ἐπ’
3417 5240 3488 5292 οὐ
3529 5237 3672 5303 Θεῷ,
3704 5253 3854 5306 παρ-

2273 5328 2535 5399 ώργισάν
2569 5347 2646 5399 με
2687 5330 2756 5382 ἐν
2782 5331 2906 5397 τοῖς
2932 5329 3198 5396 εἰδώλοις
3235 5329 3451 5383 αὐτῶν.
3481 5330 3590 5382 Καὶ
3625 5329 3853 5390 Ἡσαΐας

2275 5420 2331 5473 δὲ
2366 5420 2570 5483 τούτοις
2604 5420 2934 5490 κατάλληλον
2966 5419 3104 5491 ᾅδων
3139 5415 3291 5488 ᾆσμα
3331 5419 3550 5487 ἔλεγεν·
3591 5419 3745 5488 ’ξᾼσω
3775 5416 3851 5480 δὴ

2276 5509 2354 5575 τῷ
2374 5509 2733 5579 ἠγαπημένῳ
2756 5504 2920 5579 ᾆσμα
2945 5509 3050 5563 τοῦ
3074 5509 3384 5580 ἀγαπητοῦ
3401 5528 3541 5578 μου,
3559 5511 3638 5574 τῷ
3664 5507 3852 5575 ἀμπε-

2255 5695 2299 5724 "‘
2339 5693 2467 5750 Luc.
2509 5712 2557 5748 ιι·
2615 5693 2705 5749 2|.
2783 5695 2828 5726 ‘5
2867 5693 3018 5747 Deut.
3051 5706 3228 5758 uxu,
3259 5688 3330 5753 5,
3373 5687 3404 5742 ὓ
3503 5689 3549 5718 ’⁸
3589 5687 3719 5743 ibid.
3761 5682 3847 5739 16.
