4068 6404
307 377 445 434 ﬂii

1435 378 1934 435 COMMENTA-RIA
1962 380 2026 436 ΙΝ
2063 381 2408 440 PSALMOS.

3331 448 3334 452 .
3425 390 3570 445 1222

295 492 459 554 ,λῶν-ί
479 509 630 562 μου·
669 485 750 555 οἷς
779 490 1058 561 ἐπιλέγειο
1101 495 1162 547 Τί
1199 494 1431 564 ποιήσω
1456 492 1534 559 τῷ
1578 492 1877 562 ἀμπελῶνι

1991 495 2044 549 in
2089 496 2539 560 conculcationem
2564 513 2582 550 :
2621 507 2673 552 et
2719 499 3010 568 relinquam
3064 499 3267 552 vineam
3309 515 3479 552 meam
3497 501 3568 565 ⁷³,

293 600 446 651 μου,
478 583 569 636 ὅτι
597 583 803 653 ἔμεινα
839 584 944 638 τοῦ
973 582 1220 652 ποιῆσαι
1263 585 1609 654 σταφυλὴν,
1643 585 1891 652 ἐποίησε

297 673 376 728 δὲ
419 672 720 739 ἀκάνθας-ς
775 673 1017 730 Καθελῶ
1057 675 1162 729 τὸν
1206 676 1479 746 φραγμὸν
1527 676 1748 740 αὑτοῦ,
1792 676 1891 730 καί

305 764 480 820 ἔσται
531 767 617 830 εὶς
657 764 1028 836 διαρπαγήν⁸
1068 766 1167 819 καί
1225 768 1457 821 καθελῶ
1511 768 1617 820 τὸν
1661 768 1892 836 πύργον

305 857 523 920 αὑτοῦ,
559 857 658 910 καί
707 857 879 912 ἔσται
923 861 1011 925 είς
1075 858 1496 928 καταπάτημαο
1527 859 1627 912 καὶ
1683 858 1891 926 ἀνήσω

305 948 412 1000 τὸν
469 947 796 1016 ἀμπελῶνα
858 966 1012 1018 μου,
1067 949 1163 1003 καὶ
1214 950 1284 1002 τὰ
1333 950 1602 1004 ἀκόλουθα
1659 950 1886 1014 τούτοις.

306 1040 549 1109 Θρήνους
599 1041 655 1094 δὲ
687 1042 781 1094 καὶ
829 1043 1098 1113 Ἱερεμίας
1156 1038 1250 1115 ᾖδε
1290 1042 1429 1096 κατὰ
1471 1043 1565 1096 τοῦ
1621 1043 1889 1097 Ἰουδαίων

295 1128 438 1182 λαοῦ
462 1147 475 1161 ·
509 1131 603 1184 καὶ
627 1133 676 1184 οἱ
703 1132 882 1186 λοιποὶ
914 1133 972 1184 δὲ
998 1129 1200 1202 ὁμοίως
1234 1134 1531 1205 προφῆται,
1564 1132 1661 1204 τὴν
1684 1132 1888 1186 πτῶσιν

305 1221 490 1275 αὐτῶν
527 1223 1022 1294 ἀπολοφυρόμενοι.
1057 1225 1196 1296 ᾠδὰς
1224 1226 1405 1288 αὐτοῖς
1443 1223 1567 1296 ᾖδον
1614 1225 1888 1296 καταλλή-

297 1315 451 1378 ηλους.
480 1315 553 1369 Τὸ
578 1316 634 1368 δὲ
663 1321 774 1380 τοῖς
798 1317 1004 1372 ἔθνεσιν
1027 1317 1511 1389 εὐαγγελιζόμενον
1533 1315 1685 1390 ᾆσμα
1704 1320 1887 1373 καινὸν

305 1408 406 1462 οὐκ
437 1404 505 1481 ἦν
548 1409 777 1470 ἐκείνοις
807 1412 1013 1480 ὅμοιον,
1050 1411 1251 1464 καινῶν
1280 1411 1335 1463 δὲ
1367 1412 1457 1464 καὶ
1501 1411 1634 1464 νέων
1668 1411 1887 1479 ἀγαθῶν

298 1501 638 1570 ἐπαγγελίας
663 1503 938 1572 περιέχον,
975 1503 1068 1555 καὶ
1101 1504 1161 1556 οὐ
1190 1502 1268 1573 τῷ
1303 1503 1571 1556 Ἰουδαίων
1594 1502 1727 1574 λαῷ,
1753 1503 1888 1557 ἀλλὰ

307 1595 455 1665 πάσῃ
479 1597 543 1666 τῇ
579 1597 646 1665 γῇ
685 1596 1218 1666 προσπεφωνημένα.
1246 1597 1458 1667 Σφόδρα
1495 1596 1553 1649 δὲ
1581 1596 1821 1667 ἀκριδῶς
1852 1599 1884 1669 ὴ

303 1687 602 1758 προγραφὴ
650 1687 710 1741 τὸ
743 1687 930 1741 καινὸν
971 1685 1123 1760 ᾇσμά
1167 1706 1300 1758 φησι
1334 1689 1884 1760 εὐαγγελισθὴσεσθαι

300 1779 437 1830 πᾶσι
470 1781 580 1841 τοῖς
622 1777 851 1843 ἔθνεσιν,
883 1779 1022 1833 Ὅτε
1052 1783 1084 1834 ὀ
1133 1776 1300 1846 οἶκος
1331 1781 1685 1850 ᾠκοδομεῖτο
1736 1779 1885 1850 μετὰ

297 1868 416 1936 μὲν
449 1871 883 1938 αίχμαλωσίαν.
917 1872 1026 1926 Καὶ
1076 1872 1247 1936 ἄλλως
1276 1871 1382 1944 γὰρ
1432 1872 1570 1942 μετὰ
1601 1873 1700 1943 τὴν
1747 1873 1877 1925 Ἰουο

297 1959 466 2014 δαίων
489 1962 861 2032 αἰχμαλωσίαν
895 1963 989 2016 καὶ
1026 1965 1162 2034 μετὰ
1186 1965 1283 2035 τὴν
1317 1965 1633 2019 ἀπόπτωσιν
1675 1964 1876 2028 αὐτῶν,

299 2051 396 2104 καὶ
419 2051 518 2122 τὴν
545 2052 874 2106 ἐπελθοῦσαν
905 2053 1084 2114 αὐτοῖς
1115 2054 1180 2107 ἐκ
1229 2054 1364 2106 Θεοῦ
1408 2053 1595 2125 ὀργὴν,
1637 2055 1703 2125 ἢν
1757 2053 1876 2106 ἐθέ-

303 2157 492 2194 σπισεν
520 2143 547 2194 ὁ
580 2142 686 2213 πρὸ
715 2142 905 2195 τούτου
935 2141 1147 2212 ψαλμὸς
1179 2141 1367 2206 εἰπὼν,
1405 2143 1509 2196 Ἀεὶ
1533 2142 1875 2196 πλανῶνται

299 2231 374 2302 τῇ
403 2232 634 2302 καρδίᾳ.
659 2233 838 2287 Αὐτοὶ
867 2233 934 2286 δὲ
967 2236 1076 2288 οὐκ
1098 2235 1374 2304 ἔγνωσαν
1402 2234 1505 2300 τὰς
1531 2233 1705 2298 ὁδούς
1731 2252 1871 2303 μου,

295 2325 378 2390 ὡς
394 2324 601 2393 ὤμοσα
615 2325 685 2379 ἐν
701 2324 774 2393 τῇ
791 2321 938 2395 ὀργῇ
955 2343 1089 2390 μου,
1111 2328 1164 2379 εί
1183 2327 1633 2380 εἰσελεύσονται
1649 2328 1735 2391 εὶς
1766 2325 1880 2394 τὴν

295 2416 682 2472 κατάπαυσίν
707 2436 858 2488 μου,
899 2419 948 2471 οί
985 2420 1162 2471 πᾶσαν
1190 2417 1288 2490 τὴν
1333 2417 1437 2488 γῆν
1481 2417 1754 2482 οἰκοῦντες
1783 2419 1876 2473 ἄν·

300 2507 504 2578 θρωποι
533 2508 797 2581 βάρϐαροί
826 2527 883 2562 τε
915 2510 1010 2563 καὶ
1037 2509 1317 2582 Ἕλληνες,
1350 2509 1587 2580 ὁπηνίκα
1622 2510 1750 2581 παρ’
1780 2510 1877 2562 αὐ-

1993 595 2050 641 et
2102 596 2322 643 caetera.
2369 587 2636 646 Jeremias
2687 591 2816 646 item
2866 591 3280 646 lamentationes
3335 593 3568 647 canebat

1993 688 2187 734 contra
2206 679 2495 736 Iudaicum
2517 683 2774 753 populum
2796 701 2808 736 :
2833 683 3024 752 reliqui
3045 685 3251 752 pariter
3265 683 3564 753 prophetae,

1993 771 2208 828 ruinam
2253 789 2441 828 eorum
2485 774 2854 844 deplorantes,
2884 773 3238 843 congruentia
3269 774 3399 829 item
3436 788 3570 828 can-

1992 863 2099 916 tica
2129 865 2386 919 edebant.
2420 863 2633 920 Novum
2664 874 2848 919 autem
2882 864 3138 934 gentibus
3177 865 3568 924 annuntiatum

1993 954 2268 1009 canticum
2300 956 2408 1012 illis
2437 956 2616 1010 simile
2638 971 2746 1011 non
2776 963 2932 1024 erat;
2963 955 3060 1010 sed
3087 970 3355 1009 novorum
3387 969 3452 1008 ac
3482 971 3569 1009 re-

1992 1048 2234 1101 centium
2271 1048 2541 1102 bonorum
2579 1048 2852 1118 promissa
2905 1048 3406 1117 complectebatur,
3452 1064 3563 1103 non

1989 1137 2302 1192 Judaeorum
2333 1139 2555 1209 populo,
2587 1138 2685 1194 sed
2716 1139 2864 1193 omni
2900 1145 3058 1193 terrae
3085 1122 3568 1194 annuntiata..Ac-

1991 1231 2338 1285 curatissime
2381 1241 2560 1285 aulem
2606 1230 2796 1285 titulus
2833 1231 3058 1293 indicat,
3105 1239 3236 1283 tunc
3285 1231 3560 1286 canticum

1988 1335 2190 1374 novum
2223 1321 2474 1391 gentibus
2505 1321 2940 1375 annuntiandum
2964 1336 3106 1385 esse,
3134 1321 3346 1390 quando
3371 1321 3563 1375 domus

1989 1411 2384 1480 a’diﬁcabatur,
2408 1421 2524 1480 post
2547 1414 2925 1481 captivitatem.
2961 1411 3027 1465 Et
3052 1414 3295 1483 alioquin
3322 1423 3442 1483 post
3461 1413 3562 1467 Ju-

1989 1502 2230 1556 dzeorum
2255 1505 2627 1572 captivitatem
2658 1518 2722 1557 ac
2749 1515 2870 1572 post
2893 1504 3105 1556 ruinam
3129 1519 3318 1558 eorum
3341 1512 3396 1559 et
3425 1505 3561 1558 iram

1988 1590 2083 1646 Dei
2125 1591 2428 1646 immissam
2473 1593 2629 1662 ipsis,
2667 1609 2829 1661 quam
2871 1594 3200 1648 vaticinatus
3233 1601 3318 1649 est
3360 1609 3562 1662 praece-

1987 1684 2123 1738 dens
2149 1684 2392 1753 psalmus
2419 1685 2627 1747 dicens,
2657 1684 2869 1752 Semper
2889 1695 3069 1739 errant
3098 1685 3273 1740 corde.
3303 1687 3414 1754 Ipsi
3444 1704 3560 1741 vero

1986 1791 2090 1854 non
2119 1783 2469 1844 cognoverunt
2498 1776 2610 1829 vias
2640 1792 2806 1840 meas,
2840 1777 2976 1830 sicut
3009 1777 3192 1845 juravi
3217 1778 3270 1830 in
3301 1768 3384 1830 ira
3421 1796 3556 1842 mea,

1915 1852 1957 1906 Β
1986 1852 2032 1920 εἰ
2060 1864 2352 1920 introibant
2388 1866 2442 1918 in
2474 1866 2701 1935 requiem
2733 1883 2922 1928 meam,
2954 1883 3144 1922 omnes
3189 1867 3439 1922 homines
3469 1885 3558 1921 or-

1984 1959 2104 2014 bem
2129 1959 2453 2020 incolentes,
2479 1973 2603 2012 cum
2637 1957 2874 2020 barbari,
2904 1965 3017 2010 tum
3042 1957 3235 2023 Graeci,
3257 1975 3381 2012 cum
3413 1959 3556 2027 apud

1983 2066 2078 2108 eos
2105 2051 2302 2108 domus
2359 2051 2475 2116 Dei,
2512 2051 2725 2106 scilicet
2759 2049 3002 2104 Ecclesia
3034 2051 3156 2120 ejus
3197 2053 3558 2107 constituere-

1983 2152 2092 2206 tur,
2127 2143 2378 2212 deposito
2414 2157 2480 2197 eo
2515 2143 2659 2212 quod
2688 2141 2743 2195 in
2787 2141 3117 2196 diabolicum
3162 2143 3398 2213 plurium
3429 2142 3560 2197 deo-

1982 2250 2106 2289 rum
2145 2235 2354 2288 cullum
2393 2234 2553 2288 edere
2597 2234 2867 2298 solebant,
2899 2249 3100 2288 novum
3151 2236 3423 2289 canticum
3466 2250 3557 2289 ca-

1985 2340 2120 2380 nere
2145 2325 2324 2380 cdocti
2358 2332 2506 2379 sunt.
2539 2323 2620 2378 Ex
2663 2325 2756 2378 illo
2782 2340 3016 2395 namque
3047 2333 3291 2394 tempore
3316 2326 3561 2380 salutare

1985 2416 2080 2473 Dei
2115 2418 2251 2486 ipsis
2277 2418 2627 2480 annuntiant,
2663 2432 2786 2470 cum
2824 2433 2920 2486 per
2950 2427 3122 2471 totum
3155 2418 3341 2472 orbem
3369 2434 3558 2472 sacro-

1981 2526 2102 2564 rum
2139 2509 2553 2580 Evangeliorum
2585 2509 2910 2564 lectionibus
2933 2517 3182 2563 utuntur.

296 2599 610 2668 τοῖςόοῐκος
641 2604 736 2658 τοῦ
765 2604 900 2658 Θεοῦ
937 2606 1187 2676 συνέστη,
1222 2605 1422 2677 δηλαδὴ
1453 2607 1486 2676 ἡ
1527 2605 1822 2676 Ἐκκλησία
1846 2606 2031 2672 αὐτοῦ,
2063 2607 2126 2659 τὸ
2149 2611 2333 2659 καινὸν
2363 2601 2513 2677 ᾆσμα
2532 2605 2675 2676 ᾄδειν
2706 2604 3082 2676 ἐδιδάχθησαν,
3103 2605 3164 2658 τὸ
3187 2622 3285 2676 της
3341 2624 3552 2676 αιμονι-

300 2699 402 2764 κῆς
429 2697 521 2748 καί¹
551 2695 814 2749 πολυθέου
846 2695 1055 2768 πλάνης
1087 2697 1436 2768 ἀποθέμενοι.
1456 2696 1544 2761 Ἐξ
1575 2697 1782 2750 ἐκείνου
1807 2697 1864 2750 δὲ
1893 2697 1988 2751 κα).
2015 2696 2076 2750 τὸ
2110 2697 2376 2768 σωτήριον
2403 2695 2497 2748 τοῦ
2514 2695 2648 2749 Θεοῦ
2679 2695 3135 2764 εὐαγγελίζονται,
3159 2694 3278 2748 καθ’
3306 2694 3432 2767 ὅλης
3457 2698 3558 2768 τῆς

298 2789 620 2860 οἰκουμένης
649 2791 762 2852 τοῖς
793 2789 900 2842 τῶν
925 2790 1083 2859 ἱερῶν
1100 2790 1447 2859 Εὐαγγελίων
1471 2788 1860 2860 ἁναγνώσμασι
1890 2789 2182 2862 χρώμενοι.

370 2904 840 2976 Εὐαγγελίζεσθε
866 2906 1094 2974 ἡμέραν
1129 2906 1200 2971 ἐξ
1230 2906 1455 2976 ἡμέρας
1486 2907 1551 2960 τὸ
1581 2906 1879 2975 σωτήριον

297 2997 517 3050 αὐτοῦ’
566 2997 958 3068 ἀναγγείλίιτε
985 2998 1055 3050 ἐν
1104 2998 1231 3062 τοῖς·
1285 2998 1487 3052 ἔθνεσι
1531 2997 1644 3066 τὴν
1690 2997 1878 3062 δόξαν

2063 2906 2225 2963 Vens.
2254 2907 2309 2963 3.
2337 2907 2661 2962 Annuntiate
2680 2905 2743 2960 de
2774 2906 2858 2960 die
2895 2906 2946 2959 in
2977 2906 3118 2960 diem
3147 2906 3386 2961 salutare
3416 2908 3556 2976 ejus.

1983 2998 2313 3054 Annuntiate
2344 3000 2399 3053 in
2431 2998 2666 3068 gentibus
2705 2999 2930 3068 gloriam
2957 2997 3090 3066 ejus,
3114 2997 3166 3049 in
3193 2997 3435 3050 omnibus
3462 3014 3558 3065 po-

297 3091 504 3155 αὐτοῦ,
533 3091 604 3144 ἐν
633 3090 785 3145 πᾶσι
819 3089 944 3156 τοῖς
965 3089 1136 3156 λαοῖς
1167 3088 1469 3159 θαυμάσια
1514 3089 1720 3144 αὐτοῦ.
1765 3088 1876 3142 Καὶ

1980 3093 2120 3160 puli:
2152 3092 2425 3146 mirabilia
2451 3091 2586 3160 ejus.
2609 3089 2950 3155 Quibusnam
2973 3090 3088 3142 haec
3115 3089 3332 3158 praecipi
3363 3099 3557 3158 putan-

295 3184 408 3236 τίσι
443 3183 618 3236 ταῦτα
649 3185 915 3255 προσήκει
965 3183 1210 3254 νομίζειν
1235 3183 1660 3254 προστάττεσθαι
1700 3182 1733 3254 ἢ
1769 3185 1878 3245 τοῖς

293 3274 361 3327 δι’
404 3274 580 3346 ἔργων
629 3273 854 3346 ὕστερόν
914 3292 1045 3328 ποτε
1097 3273 1238 3327 αὐτὰ
1297 3273 1716 3346 πεπληρωκὸσι,
1765 3270 1878 3337 τοῗς

295 3366 495 3438 δηλαδὴ
528 3366 1046 3438 εὐαγγελισαμένοις
1083 3368 1160 3430 εἰς
1195 3365 1372 3420 πάντα
1409 3366 1478 3419 τὰ
1515 3365 1643 3437 ἔθνη
1673 3365 1734 3419 τὺ
1771 3383 1876 3418 σω-

294 3461 484 3529 τήριον
531 3457 624 3510 τοῦ
679 3457 850 3523 Θεοῦ;
905 3457 1129 3521 Τούτοις
1188 3456 1297 3527 γὰρ
1346 3456 1408 3509 τὸ
1460 3456 1598 3509 θεῖον
1655 3455 1878 3526 Πνεῦμα

295 3548 502 3602 ἄνωθεν
543 3550 639 3602 καὶ
705 3549 813 3622 πρὸ
862 3547 1061 3601 πολλοῦ
1111 3547 1270 3600 τοῦτο
1322 3546 1582 3618 πράττειν
1643 3563 1879 3617 παρεκε-

295 3641 503 3695 λεύετο.
529 3643 654 3705 Τοῖς
683 3643 869 3705 αὐτοῖς
911 3641 968 3694 δὲ
1007 3639 1198 3694 καὶτὰ
1246 3639 1371 3710 ἑξῆς
1417 3641 1766 3710 προσφωνεῖ,
1801 3638 1877 3702 ὡς

297 3735 364 3788 ἂν
399 3733 687 3806 μέλλουσιν
733 3733 1089 3803 ἀναγγέλλειν
1116 3733 1211 3786 τοῦ
1256 3732 1462 3806 Κυρίου
1505 3731 1603 3802 τὴν
1629 3730 1786 3796 δόξαν
1819 3731 1876 3784 ἐν

295 3830 429 3882 πᾶσι
456 3830 568 3890 τοῖς
599 3826 799 3890 ἔθνεσι,
853 3825 1105 3897 μέλλουσί
1137 3842 1197 3877 τε
1230 3826 1288 3876 ὲν
1319 3825 1451 3876 πᾶσι
1483 3826 1596 3886 τοῖς
1624 3822 1773 3886 λαοῖς
1808 3822 1877 3876 τὰ

295 3920 574 3991 θαυμάσια
606 3919 772 3973 αὐτοῦ
803 3918 1121 3991 κηρύττειν.
1157 3917 1313 3981 Τίνες
1335 3913 1427 3970 οὖν
1454 3913 1592 3987 ἦσαν
1623 3918 1670 3969 oi
1704 3915 1876 3969 ταῦτα

295 4014 362 4067 δι’
394 4013 569 4084 ἔργων
597 4013 1038 4078 ὲπιτελέσαντεςς
1074 4013 1135 4064 Ei
1166 4011 1263 4082 μὲν
1295 4008 1364 4082 ῆν
1397 4009 1615 4081 ἐτέρους
1653 4007 1876 4061 δυνατὸν

295 4103 680 4166 ἐπιδεικνύναι,
704 4105 822 4174 ἦτοι
853 4103 995 4155 κατὰ
1023 4103 1149 4164 τοὺς
1172 4101 1358 4172 Κύρου
1389 4100 1634 4172 χρόνους,
1671 4098 1703 4170 ἢ
1736 4099 1876 4152 κατὰ

293 4199 421 4259 τοὺς
440 4195 514 4266 (I)
535 4196 757 4266 Δαρείου
788 4194 1058 4258 τοιούτους
1077 4197 1132 4248 αί
1162 4195 1520 4265 προκείμεναι
1551 4191 1874 4264 προστάξεις

293 4283 570 4353 γίγνονται
600 4285 712 4345 τοῖς
764 4282 940 4353 Ἰησοῦ
988 4283 1290 4354 μαθηταῖς,
1345 4281 1603 4336 ἀκούουσι
1635 4282 1723 4334 τό’
1755 4285 1871 4335 Πο-

286 4373 606 4445 ρευθέντες
631 4375 1050 4443 μαθητεύσατε
1093 4374 1288 4428 πάντα
1317 4375 1388 4428 τὰ
1416 4374 1582 4442 ἔθνη.
1616 4374 1872 4427 Βούλεται

1981 3184 2111 3239 dum
2144 3191 2250 3248 est,
2280 3183 2388 3238 nisi
2415 3183 2482 3237 iis
2510 3183 2603 3252 qui
2637 3182 2730 3236 diu
2764 3189 2951 3250 postea
2985 3179 3099 3232 haec
3122 3179 3379 3246 operibus
3403 3195 3557 3232 com-

1979 3275 2300 3345 pleverunt;
2346 3273 2416 3329 iis
2460 3272 2714 3328 videlicet
2755 3270 2849 3340 qui
2899 3269 2954 3322 in
2999 3269 3256 3324 omnibus
3301 3268 3560 3338 gentibus

1980 3370 2220 3426 salutare
2267 3365 2364 3422 Dei
2421 3362 2898 3436 praedicaverunt?
2943 3360 3040 3414 llis
3087 3362 3289 3432 quippe
3334 3362 3558 3418 divinus

1981 3454 2220 3526 Spiritus
2269 3451 2480 3523 jamdiu
2517 3457 2574 3505 et.
2623 3448 2800 3502 multo
2847 3452 2971 3500 ante
3015 3453 3259 3514 tempore
3307 3443 3360 3498 id
3395 3460 3556 3515 agere

1977 3545 2351 3619 praecipiebat.
2403 3541 2600 3597 Iisdem
2633 3553 2852 3608 quoque
2901 3537 3184 3606 sequentia
3239 3534 3552 3596 denuntiat,

1979 3642 2166 3704 utpote
2193 3633 2287 3701 qui
2320 3628 2536 3683 Domini
2561 3626 2792 3697 gloriam
2825 3625 2880 3677 in
2909 3623 3165 3676 omnibus
3194 3621 3470 3691 gentibus,
3500 3627 3558 3675 ct

1978 3729 2034 3783 in
2057 3726 2314 3782 omnibus
2360 3721 2576 3792 populis
2610 3717 2885 3772 mirabilia
2931 3723 3050 3784 ejus
3085 3713 3430 3784 praedicaturi
3460 3728 3553 3767 es-

1976 3825 2117 3875 sent.
2143 3816 2372 3882 Quinam
2398 3813 2560 3882 igitur
2593 3807 2838 3878 suntqui
2868 3805 2990 3860 haec
3021 3803 3280 3874 Operibus
3311 3801 3558 3873 perfece»

1974 3909 2142 3968 runt?
2177 3907 2234 3961 Si
2281 3904 2501 3974 quidem
2532 3907 2760 3972 possent
2801 3897 2895 3952 alii
2942 3897 3057 3951 sive
3095 3893 3222 3966 Cyri
3255 3894 3370 3948 sive
3406 3891 3555 3948 Darii

1977 3996 2222 4073 tempore
2265 3995 2520 4060 indicari,
2564 3992 2789 4065 [quibus
2837 3990 2954 4044 haec
2997 3992 3403 4056 competerent;
3430 3986 3557 4042 illos

1974 4086 2261 4160 prophetia
2306 4083 2626 4154 respiceret.
2664 4079 2772 4134 Sed
2805 4093 2932 4132 cum
2966 4076 3103 4130 nulli
3126 4077 3236 4132 sint
3265 4074 3553 4144 hujusmo-

1974 4178 2079 4252 di,]
2111 4179 2222 4232 haec
2259 4180 2533 4246 praecepta
2573 4169 2864 4240 discipulis
2905 4165 3033 4222 Jesn
3087 4165 3419 4228 traduntur,
3459 4164 3554 4234 qui

1973 4275 2091 4327 haec
2120 4269 2351 4324 audiunt
2379 4282 2392 4318 :
2428 4264 2653 4326 Euntes,
2686 4262 2867 4316 docete
2906 4275 3084 4313 omnes
3135 4268 3310 4329 gentes
3332 4258 3398 4310 ⁸ο.
3427 4255 3555 4310 Vult

1973 4367 2118 4422 enim
2174 4361 2416 4433 Spiritus
2455 4363 2681 4414 sanctus
2731 4371 2826 4410 eos
2861 4357 3088 4408 strenua
3125 4360 3178 4406 et
3222 4349 3550 4404 indesinenti

293 4442 404 4541 γὰρ
438 4468 498 4521 τὸ
562 4442 783 4537 Πνεῦμα
835 4465 896 4518 τὴ
944 4465 1096 4533 ἆγιον
1155 4465 1388 4534 συντόνῳ
1435 4465 1528 4517 καὶ
1571 4464 1875 4534 ἀδιαστάτῳ

1980 4472 2145 4529 opera
2187 4453 2560 4524 evangelicum
2594 4465 2734 4519 opus
2764 4447 3054 4518 perﬁcere;
3087 4458 3210 4497 nam
3245 4443 3298 4495 id
3326 4442 3411 4496 his
3435 4456 3554 4495 vcr-

295 4561 508 4631 σπουδῇ·
534 4557 798 4612 ἐπιτελεῖν
830 4557 1026 4620 αὐτοὺς
1063 4556 1125 4609 τὸ
1176 4554 1529 4622 εὐαγγελικὸν
1577 4554 1768 4626 ἔργονο
1803 4558 1868 4626 τῇ

291 4654 421 4724 γὰρ,
456 4650 646 4721 ἡμέρᾳ
681 4650 751 4714 ἐξ
784 4649 1044 4718 ἡμέρας,
1103 4647 1262 4700 τοῦτο
1295 4645 1624 4716 παρίστησι,
1657 4646 1720 4698 τὸ
1751 4647 1869 4716 διη-

291 4745 464 4808 νεκῶς
499 4743 695 4806 αὐτοὺς
720 4739 1168 4810 εὐαγγελίζεσθαι
1208 4739 1272 4791 τὸ
1307 4741 1595 4810 σωτήριον,
1640 4740 1767 4809 περὶ
1807 4735 1868 4793 οῦ

290 4837 538 4906 εἴρηται·
589 4830 779 4899 Οὗτός
810 4833 981 4886 ἐστιν
1025 4827 1262 4896 ἀληθῶς
1297 4831 1329 4881 ὀ
1377 4826 1580 4895 Σωτὴρ
1620 4827 1728 4880 τοῦ
1773 4829 1870 4880 κό-

290 4942 471 4994 σ’μου.

303 5034 306 5037 ·
375 5017 684 5088 Ἐνέγκατε
714 5015 794 5081 τῷ
840 5015 1066 5082 Κυρίῳ,
1098 5015 1156 5066 αἱ
1214 5009 1455 5078 πατριαὶ
1497 5007 1615 5061 τῶν
1644 5006 1868 5072 ἐθνῶν,

290 5111 573 5180 ἐνέγκατε
600 5107 680 5173 τῷ
731 5107 927 5174 Κυρίῳ
969 5103 1158 5168 δόξαν
1192 5103 1290 5156 καὶ
1339 5099 1550 5170 τιμὴν,
1587 5099 1869 5168 ἐνέγκατε

291 5202 373 5268 τῷ
401 5201 592 5270 Κυρίῳ
618 5197 807 5262 δόξαν
848 5197 1091 5264 ὀνόματι
1137 5193 1342 5249 αὑτοῦ.
1391 5192 1466 5245 υύ
1511 5193 1687 5262 μάτην
1717 5187 1872 5262 ᾆσμα

291 5295 477 5350 καινὸν
508 5293 656 5364 ᾄδειν
683 5293 741 5343 ἔν
763 5287 1070 5359 προοιμίοις
1098 5286 1196 5354 τῆς
1217 5283 1532 5354 ψαλμῳδίας
1562 5282 1868 5344 ἐκέλευσεν,

291 5389 407 5443 ἀλλ’
442 5385 628 5456 ἐπειδὴ
653 5383 812 5452 καινή
843 5396 928 5443 τις
966 5379 1158 5448 κλῆσις
1191 5375 1285 5429 τοῦ
1320 5376 1586 5446 παρόντος
1625 5373 1866 5443 ψαλμοῦ,

292 5478 477 5534 καινὸν
505 5477 565 5531 τὸ
592 5476 878 5546 κήρυγμα.
916 5467 1084 5537 Ἔθνη
1131 5466 1264 5537 γὰρ,
1299 5466 1374 5529 ὡς
1403 5467 1558 5535 ὁρᾷς,
1589 5466 1640 5516 οι
1674 5462 1869 5517 καλού-

294 5588 446 5647 μενοι
479 5568 596 5640 (sic)
631 5566 691 5618 οὐ
728 5564 964 5635 μόσχους
991 5558 1098 5612 οὐδ’
1139 5559 1328 5629 ἄρνας,
1373 5557 1482 5608 οὐδ’
1523 5555 1718 5622 ἔξωθεν
1756 5555 1866 5606 εἰσ-

1977 4553 2062 4608 bis
2098 4549 2432 4609 declaratur,
2466 4543 2529 4596 de
2561 4541 2645 4594 die
2692 4543 2746 4594 in
2776 4539 2934 4604 diem,
2971 4546 3029 4590 ut
3070 4536 3281 4591 scilicet
3330 4532 3552 4588 assiduo

1977 4647 2218 4702 salutare
2244 4641 2377 4694 illud
2424 4635 2770 4698 annuntient,
2806 4632 2874 4686 de
2908 4646 3019 4701 quo
3045 4629 3251 4683 dictum
3284 4635 3367 4680 est
3398 4640 3413 4678 :
3449 4624 3556 4680 llic

1973 4748 2052 4794 est
2079 4752 2193 4792 cere
2213 4734 2465 4789 Salvator
2495 4727 2761 4783 mundi“.

2048 4998 2216 5052 V'sns.
2252 4995 2304 5060 7,
2342 4995 2396 5048 8.
2430 4991 2627 5060 ΑΙῙενιε
2672 4987 2894 5040 Domino
2938 4983 3125 5054 patriae
3175 4980 3431 5050 gentium,
3462 4978 3551 5046 af-

1975 5093 2107 5162 ferte
2148 5089 2376 5142 Domino
2415 5085 2646 5154 gloriam
2691 5089 2739 5133 et
2781 5077 3060 5138 honorem,
3107 5074 3292 5140 aﬂ'erte
3328 5070 3556 5123 Domino

1974 5183 2202 5255 gloriam
2246 5178 2446 5233 nomini
2493 5174 2630 5244 ejus.
2680 5171 2965 5226 Canticum
3015 5181 3215 5220 novum
3257 5177 3456 5216 canere
3498 5162 3552 5215 in

1974 5249 2250 5345 principio
2309 5265 2631 5333 psalmodia:
2687 5279 2796 5317 non
2847 5259 3052 5314 frustra
3097 5253 3398 5325 praecepit;
3456 5249 3556 5304 scd

1975 5344 2105 5435 quia
2135 5361 2475 5415 vocationem
2503 5363 2557 5411 et
2585 5352 3024 5425 praedicationem
3053 5361 3250 5401 novam
3289 5344 3376 5397 hic
3419 5345 3556 5411 psal-

1975 5471 2099 5510 mus
2138 5453 2622 5522 complectebatur.
2645 5449 2712 5499 At
2739 5446 2907 5505 enim,
2936 5450 2994 5496 ut
3015 5441 3130 5509 ipse
3163 5437 3336 5495 vides,
3365 5443 3555 5504 gentes

1975 5565 2096 5621 quae
2128 5552 2415 5612 vocantur,
2448 5559 2557 5598 non
2600 5541 2820 5603 vitulos,
2870 5552 2982 5591 non
3013 5546 3205 5604 agnos,
3251 5544 3360 5583 non
3395 5525 3555 5597 quid-

363 5727 409 5759 "
447 5727 550 5782 lsa.
581 5739 635 5787 ν,
669 5720 725 5782 4,
756 5720 812 5774 5.
884 5718 930 5749 ⁸ο
969 5714 1160 5771 Matth.
1196 5728 1390 5779 xxvm,
1425 5711 1513 5765 i9.
1589 5711 1632 5742 δι
1673 5708 1830 5765 Joan.
1870 5725 1943 5774 iv,
1979 5705 2069 5762 ιε,

363 5871 442 5941 (ι)
477 5869 572 5922 llic
604 5862 804 5918 desinit
837 5857 1008 5913 codex
1041 5871 1146 5912 cm.
1179 5854 1332 5910 card.
1369 5850 1639 5909 Coislinii.
