4068 6394
520 388 668 446 12⁸15

1227 384 1499 446 ιςυεΕΒιι
1538 384 2027 442 CJESARIENS‘IS
2065 385 2217 443 OPP.
2261 388 2444 445 PARS
2477 388 2563 445 ill.
2605 422 2672 430 —-
2712 389 3123 450 EXEGETICA.

3650 398 3803 455 ms

518 507 670 577 piam
697 513 1016 561 extraneum
1046 521 1109 559 ex
1145 505 1481 577 imperfectis
1534 505 1870 559 animalibus
1924 504 2096 575 (quid-

2214 508 2386 579 φοράν
2424 526 2546 561 τινα
2572 509 2680 561 τῶν
2709 511 2769 562 οὑ
2799 510 3019 563 τελείων
3047 513 3179 579 (πᾶν
3199 511 3309 582 γὰρ
3337 506 3531 580 ἄλογον
3554 510 3761 584 ἐνδεὲς)
3782 554 3800 576 ν

523 601 608 653 vis
637 599 783 652 enim
822 598 1143 652 irrationale
1186 597 1568 668 imperfectum
1597 598 1704 666 est)
1728 616 1742 664 ;
1769 596 1863 652 sed
1897 597 2109 668 seipsas

525 690 835 752 immolare,
870 698 1035 758 atque
1068 689 1169 753 illi,
1200 696 1387 759 utpote
1422 687 1556 752 Deo,
1588 689 1818 758 gloriam
1849 695 1905 742 et
1936 690 2111 741 hono-

520 795 635 835 rem
666 779 860 833 aﬁ'erre
885 780 1168 846 jubentur.
1201 779 1341 846 Quia
1366 794 1498 834 vero
1540 796 1651 833 non
1682 779 1946 849 operibus
1985 787 2110 833 tan-

522 881 661 935 tum,
694 873 779 927 vel
829 888 965 927 sana
996 875 1245 928 doctrina
1285 876 1463 945 ipsum
1498 884 1555 929 ut
1598 874 1766 930 Deum
1803 876 2106 938 celebrare,

521 966 615 1019 sed
638 967 800 1019 etiam
825 966 1092 1021 sacrilicia
1111 966 1372 1035 eioﬂ‘erre
1393 983 1489 1037 par
1510 975 1594 1020 est
1619 984 1633 1033 ;
1658 967 1779 1021 ideo
1800 966 1996 1034 adjicit
2019 985 2108 1019 :—

520 1055 688 1111 νεεδ.
710 1058 765 1115 9.
798 1058 884 1111 Η),
920 1058 1113 1112 Tollite
1131 1061 1357 1123 hostias,
1387 1069 1437 1114 et
1462 1061 1675 1114 introitu
1699 1061 1753 1113 in
1790 1061 1932 1113 atria
1962 1059 2098 1130 ejus,

521 1150 741 1202 adorate.
788 1151 1068 1204 Dominum
1112 1155 1163 1205 in
1206 1155 1348 1206 atrio
1384 1163 1567 1206 sancto
1596 1153 1731 1221 ejus.
1765 1152 2106 1206 Commovea-

521 1255 610 1296 tur
648 1262 679 1298 a
715 1259 851 1314 [uete
893 1246 1007 1314 ejus
1055 1247 1303 1300 universa
1337 1261 1519 1301 terra:
1554 1248 1710 1300 dicite
1742 1248 1797 1301 in
1840 1247 2103 1318 gentibus,

520 1337 783 1391 Dominus
813 1339 1073 1407 regnavit,
1119 1347 1170 1392 et
1216 1346 1433 1393 czetera.
1478 1337 1699 1393 llostias
1736 1338 1827 1415 hic
1852 1338 1986 1393 dicit
2015 1353 2104 1390 ra-

518 1426 809 1481 tionabiles
832 1428 953 1481 illas
977 1436 1031 1482 et
1060 1428 1395 1498 spirituales,
1431 1443 1571 1498 quas
1605 1428 1826 1481 assidue
1855 1426 2103 1483 videmus

518 1535 617 1589 pro
652 1521 758 1589 piis
788 1522 973 1575 olTerri
1005 1529 1059 1575 et
1087 1537 1117 1574 a
1149 1521 1529 1575 sacerdotibus
1576 1519 1870 1587 immolari,
1914 1522 2104 1590 cujus-

518 1612 664 1662 niodi
724 1620 855 1665 sunt
893 1612 1127 1667 virtutes
1161 1629 1173 1664 :
1215 1613 1353 1665 atria
1390 1618 1569 1665 autem
1614 1619 1771 1664 vocat
1813 1612 2099 1678 ecclesias,

516 1702 610 1754 ubi
630 1700 763 1757 Novi
785 1700 1119 1758 Tcstamenti
1146 1704 1336 1759 hostiae
1354 1702 1686 1771 offeruntur;
1713 1705 1965 1760 videlicet
1990 1706 2105 1776 spi-

514 1794 731 1848 ritualis
764 1796 970 1860 cultus,
1005 1797 1274 1850 bonorum
1321 1811 1548 1866 operum
1598 1796 1834 1865 fructus,
1864 1797 2100 1853 oblatio-

516 1902 616 1940 nes
668 1888 973 1957 gratiarum
1014 1889 1269 1943 actionis.
1321 1888 1387 1941 Et
1416 1888 1551 1942 alias
1586 1904 1694 1942 non
1740 1889 1856 1943 hrec
1894 1889 2099 1946 Iudicis

513 1981 793 2049 praecepit,
822 1997 889 2034 ne
913 1984 1035 2050 quis
1067 1982 1378 2050 suspicetur
1407 1980 1495 2034 hic
1515 1981 1582 2035 de
1610 1982 1873 2052 legalibus
1903 1984 2098 2039 hostiis

512 2088 822 2131 sermonem
850 2074 1037 2150 haberi
1064 2095 1078 2139 ς
1115 2075 1210 2130 sed
1238 2074 1461 2131 familiis
1491 2077 1761 2146 gentium,
1796 2076 1863 2129 de
1894 2076 2099 2145 quibus

512 2180 609 2234 per
639 2165 806 2218 alium
844 2165 1168 2235 prophetam
1204 2165 1348 2220 Deus
1387 2165 1606 2221 Judaeos
1655 2168 1942 2236 alloquens
1972 2167 2045 2219 ait
2081 2180 2094 2216 :

513 2255 638 2311 Non
668 2266 747 2311 est
789 2259 1035 2311 voluntas
1081 2274 1197 2311 mea
1221 2260 1274 2311 in
1320 2258 1487 2323 vobis,
1531 2270 1581 2313 et
1620 2258 1945 2328 sacriﬁcium
1994 2274 2099 2311 non

510 2352 770 2418 accipiam
817 2349 879 2404 de
932 2350 1176 2404 manibus
1212 2354 1446 2406 vestris:
1475 2354 1602 2423 quia
1638 2352 1701 2406 ab
1756 2354 1955 2407 oriente
1988 2350 2100 2404 sole

508 2459 671 2512 usque
704 2442 771 2495 ad
808 2442 1131 2497 occidentem
1168 2460 1417 2513 magnum
1462 2455 1541 2498 est
1592 2461 1781 2498 nomen
1834 2460 2007 2497 meum
2044 2445 2097 2497 in

507 2536 785 2604 gentibus:
815 2548 864 2589 et
903 2537 957 2589 in
1010 2538 1153 2590 omni
1196 2538 1309 2591 loco
1350 2538 1621 2591 incensum
1649 2538 1870 2606 o/fertur
1898 2536 2099 2589 nomini

507 2644 621 2680 meo
664 2638 713 2681 et
746 2628 947 2683 oblatio
998 2631 1281 2685 munda".
1317 2630 1382 2684 Et
1432 2632 1603 2702 probe
1654 2629 1923 2701 quidem:
1968 2618 2097 2684 nam

506 2720 664 2785 illud,
699 2720 892 2776 Tollite
918 2722 1145 2787 hostias,
1179 2724 1235 2777 id
1282 2733 1389 2789 est,
1424 2732 1662 2779 vestram
1694 2724 1761 2779 de
1783 2724 1977 2779 hostiis
2004 2738 2100 2777 co-

504 2813 822 2882 gitationem
847 2815 1135 2870 sublimem
1163 2817 1329 2886 agite,
1357 2832 1458 2871 nec
1497 2818 1592 2871 vili
1624 2825 1677 2871 et
1712 2817 1900 2871 humili
1939 2817 2097 2870 intel-

505 2905 709 2974 ligendi
744 2921 895 2961 more
928 2906 1096 2961 boves
1128 2908 1303 2962 aliave
1333 2896 1591 2962 animalia
1631 2909 1959 2976 immoletis;
1999 2911 2094 2965 sed

505 2998 815 3052 sublimiori
851 2998 1011 3051 modo
1053 2998 1156 3051 hoc
1185 2998 1391 3052 dictum
1426 3000 1814 3070 intelligentes,
1839 3002 2097 3071 spiritua-

504 3089 585 3143 les
612 3100 664 3143 et
694 3090 950 3144 ccelcstes
985 3090 1176 3145 olferte
1223 3091 1457 3154 hostias,
1484 3106 1720 3162 quarum
1763 3094 2010 3164 exempla
2041 3104 2095 3150 et

2212 602 2366 655 αὑτοὶ
2400 602 2456 654 δὲ
2502 604 2700 667 αὑτοὺς
2748 604 2897 658 θύειν
2946 604 3367 675 ἀπαιτούμενοι,
3398 604 3556 671 δόξαν
3592 623 3651 659 τε
3702 609 3803 661 καὶ

2210 694 2375 765 τιμὴν
2399 696 2472 759 ὡς
2504 695 2624 766 Θεῷ
2658 697 2901 766 κομίζειν
2924 698 3404 767 προσταττόμενοι.
3447 698 3601 750 Ἐπεὶ
3626 697 3685 751 δὲ
3717 701 3803 753 δεῖ

2215 788 2289 859 μὴ
2320 789 2478 858 μόνον
2503 788 2685 857 λόγοις
2719 789 2814 842 καὶ
2845 789 3024 861 ὀρθοῖς
3048 789 3279 859 δόγμασι
3306 788 3574 858 θεολογείν
3607 792 3796 855 αὑτὸν,

2210 880 2345 934 ἀλλὰ
2362 883 2456 935 καὶ
2480 881 2672 945 Θυσίας
2694 882 3043 954 προσφέρειν,
3077 883 3292 950 ἐπάγει*
3313 884 3527 949 Ἄρατε
3553 883 3793 948 θυσίας,

2209 973 2309 1027 καὶ
2354 975 2782 1042 είσπορεύεσθε
2818 976 2905 1040 είς
2965 974 3072 1039 τὰς
3103 974 3297 1039 αὐλὰς
3336 974 3559 1037 αὐτοῦ,
3602 990 3795 1053 προσ-

2210 1066 2519 1133 κυνήσατε
2546 1066 2624 1131 τῷ
2657 1068 2852 1133 Κυρίῳ
2880 1067 2949 1119 ἐν
2977 1065 3139 1134 αὐλῇ
3166 1066 3307 1134 ἁγίᾳ
3325 1066 3537 1119 αὐτοῦ.
3561 1068 3791 1119 Σαλεν-

2209 1156 2365 1225 θήτω
2386 1156 2506 1211 ἀπὸ
2529 1156 2854 1226 προσώπου
2880 1157 3067 1211 αὐτοῦ
3092 1155 3262 1211 πᾶσα
3290 1159 3327 1225 ἡ
3354 1155 3429 1227 γῆ
3450 1176 3463 1188 ·
3492 1158 3700 1212 είπατε
3721 1159 3792 1213 ἐν

2208 1248 2332 1314 τοῖς
2359 1249 2593 1304 ἔθνεσιθ
2633 1252 2665 1301 ό
2694 1242 2908 1316 Κύριος
2947 1249 3329 1311 ἐϐασίλευσε,
3381 1248 3477 1301 καὶ
3517 1249 3585 1302 τὰ
3620 1250 3751 1319 ἑξῆς
3773 1267 3788 1281 ’

2207 1336 2401 1400 θυσίας
2432 1338 2531 1408 μὲν
2562 1339 2735 1406 λέγων
2774 1338 2873 1401 τὰς
2905 1338 3130 1406 λογικὰς
3160 1340 3254 1391 καὶ
3298 1339 3695 1410 πνευματικὰς,
3724 1342 3791 1404 ἃς

2206 1430 2420 1500 ὁρῶμεν
2447 1430 2711 1500 διηνεκῶς
2738 1429 2879 1501 ὑπὲρ
2908 1429 3016 1481 τῶν
3048 1429 3290 1483 εὐσεϐῶν
3316 1431 3787 1503 προσφερομένας,

2205 1522 2301 1575 καὶ
2325 1522 2784 1593 ίερουργουμὲνας
2821 1521 2925 1574 ὑπὸ
2960 1520 3068 1573 τῶν
3106 1521 3318 1592 ἱερέων,
3340 1522 3583 1575 τοιαῦται
3612 1522 3669 1576 δὲ
3693 1525 3789 1575 καὶ

2204 1614 2257 1693 αἱ
2294 1612 2522 1683 ἀρεταί·
2559 1612 2729 1675 αὐλὰς
2755 1613 2812 1665 δὲ
2835 1612 2935 1675 τὰς
2955 1612 3273 1684 ἐκκλησίας,
3306 1616 3362 1667 ὲν
3397 1610 3485 1677 αἷς
3508 1614 3609 1685 τῆς
3645 1617 3786 1668 Και-

2204 1703 2303 1772 νῆς
2331 1702 2606 1775 Διαθήκης
2642 1704 2822 1757 θυσίαι
2854 1706 3277 1776 προσφέρονται,
3319 1707 3376 1760 αὶ
3417 1708 3787 1776 πνευματικαὶ

2204 1794 2473 1867 λατρεῖαι,
2507 1799 2562 1850 αἱ
2608 1796 2676 1849 δι’
2713 1798 2890 1868 ἔργων
2924 1799 3295 1870 καρποφορίαι
3342 1800 3400 1850 αἱ
3442 1801 3786 1871 χαριστήρια

2134 1874 2171 1931 Β
2202 1892 2494 1963 ἁναφοραί.
2541 1891 2749 1955 ’Ἄλλως
2785 1892 2842 1944 δὲ
2893 1892 3013 1945 οὐδὲ
3062 1889 3337 1957 Ἰουδαίοις
3388 1892 3563 1947 ταῦτα
3613 1911 3787 1965 προσ-

2200 1982 2411 2049 έταξεν,
2439 1983 2526 2036 ἵνα
2558 1984 2630 2054 μή
2662 2000 2745 2047 τις
2792 1983 2891 2047 τὰς
2928 1983 3157 2054 νομικὰς
3191 1983 3504 2055 ὑποπτεύσῃ
3555 1984 3782 2047 θυσίας·

2200 2074 2335 2127 ἀλλὰ
2381 2077 2503 2137 ταῖς
2535 2078 2791 2148 πατριαῖς
2828 2074 2936 2127 τῶν
2970 2075 3137 2127 ἐθνῶν
3157 2114 3171 2138 ,
3220 2076 3348 2146 περὶ
3378 2070 3453 2129 ὦν
3506 2076 3573 2129 δι’
3595 2078 3784 2148 ἐτέρου

2200 2167 2482 2236 προφήτου
2511 2166 2673 2236 φησιν
2696 2168 2724 2219 ὀ
2745 2165 2877 2229 Θεὸς
2897 2166 3033 2237 πρὸς
3050 2167 3338 2231 Ἰουδαίους
3362 2167 3745 2239 διαλεγόμενος
3768 2190 3780 2198 ·

2202 2260 2323 2311 Οὐκ
2354 2257 2487 2310 ἐστι
2517 2274 2636 2326 μου
2665 2257 2894 2326 θέλημα
2936 2259 3006 2311 ἐν
3056 2259 3233 2328 ὑμῖν,
3281 2261 3381 2312 καὶ
3439 2262 3666 2315 θυσίαν
3709 2264 3785 2315 οὐ

2198 2349 2605 2419 προσδέξημαι
2634 2342 2703 2403 ἐκ
2742 2350 2861 2403 τῶν
2884 2350 3099 2419 χειρῶν
3122 2351 3322 2421 ὑμῶν’
3358 2352 3447 2405 ὅτι
3480 2352 3597 2407 ἀπὸ
3632 2354 3783 2406 ἁνα-

2196 2442 2391 2495 τολῶν
2414 2444 2592 2511 ἡλίου
2613 2442 2790 2512 μέχρι
2815 2442 3063 2513 δυσμῶν
3085 2444 3245 2514 μέγα
3266 2445 3329 2499 τὸ
3359 2445 3551 2514 ὄνομα
3569 2464 3689 2515 μου
3711 2447 3786 2500 ἐν

2197 2535 2321 2601 τοῖς
2352 2536 2555 2591 ἔθνεσι
2577 2576 2591 2600 ,
2622 2537 2720 2589 καὶ
2762 2537 2832 2590 ἐν
2875 2537 3052 2591 παντὶ
3084 2540 3245 2606 τόπῳ
3283 2540 3544 2609 θυμίαμα
3592 2554 3781 2608 προσ-

2195 2629 2433 2698 φέρεται
2462 2628 2542 2694 τῷ
2572 2628 2819 2699 ὀνόματί
2833 2648 2953 2699 μου
2992 2631 3089 2684 καὶ
3123 2632 3307 2685 θυσία
3337 2630 3583 2700 καθαρά.
3618 2628 3691 2686 Εὖ
3722 2632 3780 2687 δὲ

2196 2720 2292 2772 καὶ
2318 2720 2378 2773 τὸ
2400 2720 2586 2787 φάναι,
2609 2721 2822 2788 Ἀρατε
2849 2721 3084 2788 θυσίας,
3107 2720 3375 2785 τουτέστι,
3394 2723 3778 2793 Μετεωρίσατι

2194 2810 2255 2863 τὺ
2285 2811 2413 2881 περ).
2440 2810 2640 2863 θυσιῶν
2671 2810 2847 2880 νόημα
2879 2811 2953 2883 μὴ
2987 2810 3342 2882 χαμαιζήλως
3369 2812 3773 2882 βουθυτοῦντες,

2196 2903 2288 2955 καὶ
2323 2902 2392 2957 τὰ
2428 2902 2591 2956 λοιπὰ
2645 2904 2941 2972 σφάζοντες
2982 2902 3117 2966 ζῶα,
3152 2904 3269 2958 ἀλλ’
3304 2904 3524 2975 ὑψηλῶς
3568 2905 3639 2958 τὰ
3684 2906 3777 2959 διὰ

2193 2996 2400 3049 τούτων
2449 2994 2755 3065 δηλούμενα
2799 2993 3167 3066 διανοούμενοι
3191 3033 3206 3060 ,
3248 2998 3347 3060 τὰς
3396 2997 3777 3068 πνευματικὰς

2196 3092 2290 3143 καὶ
2320 3088 2673 3160 ὲπουρανίους
2703 3087 2894 3151 θυσίας
2913 3129 2927 3153 ,
2980 3083 3055 3141 ὧν
3088 3088 3464 3159 ὑποδείγματα
3494 3092 3589 3144 καὶ
3619 3092 3773 3144 σκιαὶ

505 3182 714 3235 umbrae
762 3190 921 3235 erant
970 3183 1062 3235 illa
1112 3184 1360 3238 sensibili
1412 3184 1521 3237 ritu
1573 3184 1754 3238 oblata
1798 3188 2088 3242 sacriﬁcia.

2196 3179 2332 3254 ἦσαν
2374 3184 2430 3235 αἱ
2484 3180 2757 3251 αἰσθητῶς
2804 3182 3210 3251 προσαγόμεναι
3263 3181 3466 3236 θυσίαι.
3496 3182 3666 3246 Ποίας
3713 3183 3775 3237 δὲ

501 3274 652 3340 Quas
688 3290 853 3344 porro
888 3275 1094 3330 hostias
1136 3276 1223 3329 hic
1255 3276 1498 3345 psalmus
1533 3276 1734 3346 exigat,
1771 3277 1930 3331 docet
1963 3278 2090 3331 bea-

504 3374 595 3421 tus
624 3366 827 3422 Paulus
870 3367 956 3422 his
981 3368 1163 3422 verbis
1201 3387 1213 3422 :
1242 3366 1495 3421 Exhibete
1526 3383 1751 3436 corpora
1784 3377 1959 3423 vestra
1989 3371 2088 3422 Ito-

501 3459 662 3511 stiam
691 3474 903 3525 puram,
953 3459 1229 3522 virentem,
1264 3458 1373 3512 Deo
1425 3459 1739 3526 placentem,
1774 3458 2090 3513 rationabile

500 3547 808 3620 obsequium
835 3550 1146 3604 vestrum”.
1182 3549 1251 3603 Et
1277 3550 1515 3613 introite,
1548 3552 1744 3621 inquit,
1794 3566 1891 3620 per
1922 3553 2086 3620 Quam

502 3643 791 3695 Sclnitam?
821 3659 916 3712 per
966 3642 1126 3697 ﬁdem
1176 3644 1480 3699 videlicet:
1518 3643 1635 3714 ipsa
1673 3644 1822 3697 enim
1873 3649 1958 3697 est
2003 3641 2089 3694 in-

502 3750 726 3803 gressus
766 3735 833 3787 ad
868 3735 1121 3790 salutem.

574 3823 738 3878 Vens.
777 3824 864 3888 ll,
912 3825 995 3879 i5.
1053 3824 1327 3880 Lwtentur
1374 3826 1491 3880 cali
1521 3834 1572 3880 et
1634 3825 1864 3880 exsultet
1916 3835 2082 3891 terra,

497 3930 894 3970 commoveatur
923 3934 1069 3970 mare
1118 3928 1169 3971 et
1233 3917 1508 3986 plenitudo
1565 3917 1699 3987 ejus.
1768 3916 2085 3971 Gaudebant

499 4012 675 4074 campi
709 4016 758 4059 et
809 4008 989 4061 omnia
1019 4024 1135 4077 qua:
1200 4009 1251 4061 in
1279 4008 1351 4061 eis
1380 4017 1522 4062 sunt.
1558 4008 1662 4062 Pro
1687 4008 1800 4072 illo,
1833 4006 2083 4062 Commo-

499 4109 682 4153 veatur
720 4114 885 4161 mare,
919 4101 1223 4154 secundum
1268 4101 1522 4170 Aquilam
1554 4100 1791 4163 dicitur,
1828 4101 2079 4163 Tonabit;

499 4190 802 4245 secundum
859 4190 1251 4261 Symmachum
1297 4205 1449 4253 vero,
1482 4191 1727 4245 Sonabit.
1771 4190 1868 4245 llis
1917 4208 2083 4262 porro

497 4281 859 4353 signiﬁcatur,
890 4283 1261 4352 evangelicam
1324 4283 1768 4352 praedicationem
1812 4284 1929 4353 ipsa
1966 4301 2083 4336 ma-

496 4382 657 4435 riaet
711 4381 921 4435 insulas
972 4382 1027 4435 in
1082 4382 1219 4434 mari
1276 4382 1509 4450 positas,
1556 4396 1765 4435 necnon
1830 4381 2080 4436 homines

2196 3275 2384 3337 θυσίας
2415 3275 2636 3327 ἀπαιτεῖ
2667 3274 2699 3343 ἡ
2732 3272 3039 3343 ψαλμῳδία,
3063 3275 3091 3326 ό
3119 3273 3388 3344 μακάριος
3417 3274 3631 3338 Παῦλος
3660 3275 3774 3329 δια-

2195 3366 2523 3438 μνημονεύει
2542 3366 2718 3435 λέγων
2737 3382 2751 3397 ⁸
2775 3365 3211 3434 Παραστήσατε
3238 3367 3310 3419 τὰ
3336 3366 3584 3435 σώματα
3606 3364 3772 3435 ὑμῶν

2190 3462 2413 3515 θυσίαν
2445 3459 2730 3527 καθαρὰν,
2764 3456 2978 3523 ζῶσα-ν,
3014 3457 3346 3526 εὐάρεστον
3374 3458 3453 3523 τῷ
3488 3457 3627 3524 Θεῷ,
3659 3459 3773 3525 τὴν

2188 3545 2443 3617 λογικὴν
2466 3546 2753 3613 λατρείαν
2776 3545 2962 3614 ὑμῶν.
2990 3546 3100 3600 Kal
3137 3550 3585 3615 εἱσπορεύεσθε,
3613 3551 3768 3619 φησι,

2187 3637 2277 3691 διὰ
2312 3638 2470 3700 ποίας
2504 3636 2791 3708 ἐρχόμενοι
2821 3636 3047 3708 τρίϐου;
3075 3636 3162 3689 διὰ
3199 3637 3300 3707 τῆς
3323 3639 3559 3702 πίστεως
3584 3638 3769 3707 δηλονο

2186 3730 2301 3782 ότι·
2338 3729 2478 3799 αὕτη
2507 3730 2616 3799 γάρ
2645 3729 2848 3799 ἐστινὴ
2878 3730 2977 3799 τῆς
3009 3730 3283 3801 σωτηρίας
3314 3730 3551 3801 εἰσϐολὴ.

2258 3822 2809 3891 Εὑφραινέσθωσαν
2851 3825 2904 3876 οί
2962 3821 3205 3890 οὐρανοὶ
3253 3823 3350 3877 καὶ
3380 3821 3767 3893 ἀγαλλιᾶσθε.»

2186 3914 2224 3980 ἡ
2268 3911 2378 3981 γῆ,
2415 3912 2768 3980 σαλευθήτω
2818 3914 2856 3980 ἠ
2892 3911 3178 3965 θάλασσα
3220 3911 3316 3963 καὶ
3362 3910 3430 3963 τὸ
3477 3911 3767 3979 πλήρωμα

2184 4004 2394 4073 αὐτῆς.
2442 4004 2777 4073 Χαρήσεται
2817 4005 2890 4057 τὰ
2942 4003 3134 4068 πεδία,
3182 4002 3279 4055 καὶ
3335 4006 3533 4054 πάντα
3572 4001 3643 4054 τὰ
3694 4002 3767 4053 ἐν

2184 4097 2408 4164 αὐτοῖς.
2441 4099 2587 4151 Ἀντὶ
2606 4098 2663 4150 δὲ
2691 4096 2805 4159 τοῦ,
2837 4095 3195 4164 Σαλευθήτω
3219 4097 3256 4163 ἡ
3286 4095 3589 4157 θάλασσα,
3621 4093 3766 4147 κατὰ

2184 4190 2272 4243 τὸν
2317 4190 2545 4242 Ἀκύλαν
2570 4229 2585 4252 ,
2636 4188 2965 4256 Βροντήσει
2987 4227 3001 4251 ,
3030 4187 3062 4258 ἢ
3114 4187 3255 4239 κατὰ
3288 4185 3378 4239 τὸν
3429 4185 3722 4255 Σύμμαχον
3743 4223 3762 4245 ,

2196 4284 2454 4351 Ἡχήσει.
2489 4283 2752 4352 Σημαίνει
2784 4282 2840 4335 δὲ
2875 4281 2964 4334 διὰ
3006 4280 3208 4333 τούτων
3240 4281 3269 4331 ό
3305 4280 3464 4347 λόγος
3492 4277 3763 4331 διελεύσε-

2185 4376 2307 4431 σθαι
2332 4376 2392 4429 τὸ
2422 4374 2777 4443 εὑαγγελικὺν
2807 4375 3068 4445 κήρυγμα
3098 4373 3193 4425 καὶ
3212 4372 3279 4424 τὰ
3308 4372 3520 4440 πελάγη
3547 4373 3639 4423 καὶ
3662 4371 3763 4432 τὰς

497 4474 648 4543 ipsas
672 4474 1001 4537 incolentes,
1053 4481 1466 4543 peragraturam
1497 4489 1618 4527 esse
1644 4491 1659 4539 ;
1687 4474 1780 4542 qui
1826 4472 2081 4527 homines

2196 4467 2274 4519 ἐπὶ
2305 4466 2403 4535 τῆς
2432 4465 2707 4535 θαλάσσης
2738 4466 2951 4535 νήσους,
2983 4462 3109 4524 τούς
3144 4480 3201 4514 τε
3237 4464 3294 4514 ὲν
3321 4461 3549 4524 ταύταις
3583 4478 3764 4514 κατοι-

496 4566 782 4636 plenitudo
837 4566 958 4635 ejus
1002 4574 1289 4620 vocantur.
1330 4565 1487 4631 Quod
1553 4566 1732 4635 ipsum
1801 4565 1869 4618 ad
1915 4566 2076 4619 linem

2196 4560 2412 4622 ιιοῦντας
2445 4558 2542 4611 ἀνθ
2554 4557 2785 4628 ρώπους,
2820 4557 3092 4628 πλήρωμα
3118 4558 3285 4627 αὐτῆς
3308 4555 3725 4625 ὠνομασμένους
3743 4570 3759 4584 ο

496 4659 791 4712 deductum
838 4666 943 4714 est.
983 4657 1100 4712 Jam
1136 4660 1280 4711 enim
1316 4657 1575 4712 Ecclesia:
1612 4657 1817 4711 Christi
1873 4673 2065 4712 omnes

2196 4653 2211 4706 5
2245 4654 2338 4706 καὶ
2378 4653 2511 4705 αὑτὸ
2558 4651 2745 4714 τέλους
2777 4650 2984 4720 ἔτυχεν.
3036 4650 3243 4703 Αὑτίκα
3287 4648 3417 4717 γοῦν
3447 4649 3760 4718 Ἐκκλησίαι

496 4750 708 4805 insulas
742 4751 977 4819 replent,
1020 4750 1395 4818 salutarisque
1438 4750 1688 4803 doctrina
1730 4751 1782 4802 in
1834 4749 1953 4804 dies
1981 4766 2076 4803 ex-

2196 4743 2415 4814 Κριστοῦ
2474 4743 2572 4806 τὰς
2604 4745 2800 4814 νήσους
2847 4744 3062 4805 ἁπάσας
3114 4742 3409 4813 πληροῦσι,
3443 4740 3669 4811 πληθύει
3702 4759 3761 4793 τε

494 4842 741 4893 tenditur
779 4849 833 4894 et
882 4842 1174 4903 accrescit,
1205 4840 1271 4892 ad
1304 4856 1398 4895 eos
1451 4856 1624 4909 usque
1672 4840 1763 4909 qui
1798 4840 2073 4892 Oceanum

2196 4837 2492 4908 ὅσημὲραι,
2551 4839 2643 4889 καὶ
2704 4836 3004 4889 ἐπιδίδωσιν
3054 4837 3086 4906 ἡ
3130 4837 3394 4906 σωτήριος
3442 4833 3761 4887 διδασκαλία

495 4933 747 4987 incolunt
773 4941 1093 5003 propagata.
1118 4931 1183 4983 Et
1218 4942 1338 4983 tunc
1361 4929 1701 4983 exsultabant
1728 4931 1905 4982 omnia
1930 4929 2076 4998 ligna

2196 4933 2348 5003 ιιέχρι
2376 4931 2482 4983 τῶν
2519 4931 2609 4982 τὸν
2646 4929 2897 4981 Ὠκεανὸν
2931 4928 3221 4981 οἰκούντων
3270 4927 3756 4998 παρεκτεινομὲνη.

492 5025 750 5077 silvarum
795 5043 825 5077 a
873 5028 1008 5093 facie
1047 5023 1278 5087 Domini,
1312 5025 1436 5092 quia
1467 5023 1627 5088 venit,
1662 5038 1909 5090 quamam
1941 5020 2079 5073 venit

2196 5024 2287 5077 Kal
2313 5023 2445 5076 τότε
2473 5020 2945 5091 amisi/dumetae
2969 5018 3168 5071 πάντα
3197 5017 3269 5071 τὰ
3300 5018 3458 5082 ξύλα
3484 5016 3589 5071 τοῦ
3618 5016 3756 5084 dpu-

491 5116 731 5179 iudicare
761 5127 979 5171 terram.
1009 5114 1281 5168 Judicabit
1321 5114 1499 5166 orbem
1531 5122 1687 5165 terra:
1734 5113 1787 5164 in
1829 5110 2075 5180 justitia,

2196 5115 2289 5168 λοῦ
2343 5113 2454 5183 πρὸ
2504 5111 2833 5181 προσώπου
2891 5112 2998 5165 τοῦ
3049 5111 3302 5179 Κυρίου,
3366 5110 3453 5164 ὅτι
3502 5110 3757 5179 ἔρχεται,

488 5218 540 5262 et
573 5209 790 5277 populos
817 5209 871 5261 in
905 5211 1121 5262 veritate
1151 5224 1271 5262 sua.

2196 5208 2263 5259 ἳτι
2311 5206 2548 5276 ἔρχεται
2596 5206 2789 5273 κρῖναι
2826 5206 2943 5273 τὴν
2980 5204 3117 5275 γῆν.
3156 5203 3356 5272 Κρινεῖ
3414 5202 3530 5270 τὴν
3560 5205 3757 5255 οἰκου-

2174 5300 2362 5370 μένην
2393 5301 2464 5353 ἐν
2506 5299 2861 5369 δικαιοσύνῃ
2888 5340 2901 5365 ,
2934 5299 3033 5352 καὶ
3064 5298 3254 5364 λαοὺς
3294 5298 3365 5350 ἐν
3405 5294 3481 5366 τῇ
3511 5296 3759 5363 ἀληθείᾳ

2176 5395 2382 5448 αὑτοῦ.

2177 5506 2265 5577 Τῼ
2302 5488 2532 5572 ΔΑΥῙΔ,
2569 5504 2794 5559 onore
2833 5504 2881 5555 Η
2906 5504 3029 5640 ηιὲξ
3075 5501 3307 5556 ΑΥΤΟΥ
3344 5496 3752 5553 ΚΑΘΙΣΤΔΤΟ.

2260 5669 2311 5721 '0
2371 5668 2585 5738 Κύριος
2637 5667 3063 5730 ἐϐασίλευσεν,
3128 5662 3514 5735 ἀγαλλιάσθω
3573 5663 3612 5731 ἡ
3655 5658 3749 5731 7'71.

526 5514 659 5571 IPSl
694 5516 927 5581 DAVID,
957 5512 1738 5642 EJL’S
1789 5510 2029 5567 RESTI-

561 5675 815 5732 “133.1.
858 5678 1113 5733 Dominus
1168 5680 1403 5749 regnavit
1473 5676 1699 5731 exsultet
1758 5684 1918 5741 terra,
1970 5671 2067 5727 ιιι-ν

556 5854 600 5886 ⁸²
644 5852 867 5907 Malach.
912 5871 958 5921 ι,
1000 5854 1187 5919 l0,il.
1264 5855 1307 5887 ⁸³
1350 5854 1506 5909 Rom.
1543 5869 1655 5919 xu,
1691 5853 1741 5905 i.
