4068 6394
282 414 423 471 I285
1412 417 1915 475 COMMENTARIA
1948 419 2018 475 IN
2056 418 2392 476 PSALMOS.
3399 416 3533 473 1221»

284 531 790 601 εὐφρανθήτωσαν
824 531 1003 601 νῆσοι
1035 535 1281 588 πολλαί.
1324 535 1542 607 Ἐπειδὴ
1573 537 1629 590 ὲν
1655 539 1721 607 τῇ
1754 536 1864 590 τῶν

1924 563 1937 597 ι
1970 546 2144 591 tentur
2170 537 2361 590 insulae
2403 534 2604 589 mutue.
2643 531 2913 599 Quoniam
2952 532 3006 585 in
3055 530 3409 602 Septuaginta
3442 530 3530 585 ln-

294 622 691 694 Ἑϐδομήκοντα
725 625 989 697 ἑρμηνείᾳ
1026 626 1249 694 φέρεται
1284 628 1317 697 ή
1352 628 1668 699 προγραφὴ,
1703 627 1859 699 ὲροῦο

1961 636 2255 697 terpretum
2289 628 2543 682 versione
2603 625 2693 680 hic
2741 624 2934 678 titulus
2966 620 3212 683 aﬂ‘ertur,
3259 622 3533 691 dicamus,

286 734 406 789 μεν,
444 716 540 780 ὡς,
575 717 834 780 πολλάκις
856 718 1163 787 συμφοραῖς
1194 718 1629 789 περιπεπτωκὼς
1649 720 1677 772 ὁ
1698 718 1860 772 Δαυῒδ

1960 718 2217 775 Davidem
2267 720 2324 773 in
2370 719 2571 773 multas
2622 717 2904 786 delapsum
2962 714 3303 770 calamitates
3352 730 3533 772 cuma

283 810 403 862 τότε
438 809 537 879 μὲν
565 810 654 863 ὅτε
702 810 806 862 ὑπὸ
836 810 1009 864 Σαοὺλ
1038 809 1319 879 ἠλαύνετο,
1356 813 1449 865 καὶ
1489 811 1589 879 τὰς
1619 814 1858 883 ἐρήμους

1961 808 2124 865 Saule
2152 811 2463 880 pelleretur,
2498 808 2714 864 deserta
2738 809 2853 864 loca
2898 806 3267 877 frequentaret
3300 818 3354 865 et
3385 808 3532 881 apud

286 901 601 972 μετεδίωκε,
635 902 733 965 τάς
773 919 832 954 τε
866 902 1019 973 παρὰ
1047 905 1160 966 τοῖς
1197 902 1515 972 ἀλλοφύλοις
1543 903 1855 976 διατριϐάςο

1959 902 2264 973 allophylos
2304 909 2650 967 moraretur;
2689 908 2840 961 tunc.
2897 916 3021 955 cum
3072 902 3283 957 scilicet
3310 917 3340 956 a
3373 903 3530 961 bellis

279 992 401 1045 τότε
448 991 506 1045 δὲ
557 993 647 1046 ὅτε
699 992 954 1063 πολέμοις
1003 991 1292 1061 ἐσχόλαζε,
1332 992 1425 1045 τὸν
1468 993 1857 1064 προκείμενον,

2028 999 2195 1056 caret,
2248 992 2397 1047 hunc
2460 992 2756 1062 psalmum,
2801 998 2862 1045 ut
2925 991 3186 1055 arbitror,
3237 993 3528 1060 cecinisse,
3626 987 3630 992 ’

190 1070 198 1079 ’
280 1077 467 1153 οἶμαι,
503 1083 715 1153 ψαλμὸν
760 1086 881 1137 κατ’
919 1086 1126 1137 ἐκεῖνον
1165 1080 1267 1156 ᾖσε
1305 1084 1426 1137 καθ’
1456 1084 1514 1137 ὃν
1557 1084 1792 1153 κατέστη

1958 1098 2081 1138 cum
2107 1084 2219 1151 jam
2250 1091 2396 1138 terra
2416 1084 2535 1154 ejus
2564 1085 2817 1139 restituta
2862 1092 3029 1147 esset,
3062 1084 3302 1155 quando,
3344 1086 3529 1140 subla-

280 1176 349 1245 γῆ
378 1174 566 1240 αὐτοῦ,
598 1176 854 1245 ὁμοῦςκαὶ
881 1177 978 1247 τῆς
1010 1178 1248 1240 διανοίας
1273 1176 1438 1230 αὐτοῦ
1470 1176 1683 1247 καὶτῆς
1707 1176 1859 1245 βασι·-

1958 1178 2031 1231 tis
2056 1176 2299 1231 inimicis
2323 1177 2597 1239 omnibus,
2627 1185 2681 1230 et
2715 1177 2930 1231 animus
2967 1182 3022 1230 et
3065 1192 3290 1246 regnum
3324 1178 3444 1246 ejus
3472 1178 3527 1232 in

278 1266 428 1331 λείας
477 1267 535 1319 ὲν
578 1267 845 1338 ἀταραξίᾳ
893 1269 989 1321 καὶ
1038 1270 1226 1339 εἰρήνῃ
1277 1269 1371 1320 καὶ
1423 1268 1630 1339 γαλήνῃ
1688 1284 1856 1320 κατα--

1959 1269 2276 1332 securitate,
2312 1268 2366 1322 in
2408 1283 2543 1338 pace
2572 1275 2625 1322 et
2654 1268 3053 1337 tranquillitate
3081 1268 3335 1339 degebat.
3373 1266 3530 1324 Tunc

282 1356 487 1427 στάσης
514 1355 650 1427 μετὰ
674 1355 773 1428 τὴν
803 1358 1018 1411 πάντων
1042 1357 1149 1410 τῶν
1172 1357 1381 1429 ἐχθρῶν
1403 1358 1701 1429 ἀναίρεσιν.
1723 1357 1856 1410 Τότε

1958 1374 2089 1431 ergo
2124 1359 2413 1429 propheta,
2445 1359 2655 1429 pacatis
2680 1361 2843 1412 rebus
2870 1358 3010 1425 suis,
3040 1358 3110 1413 ad
3136 1359 3277 1413 hanc
3298 1358 3530 1415 eﬂ‘eren-

279 1443 373 1501 οὖν
394 1449 423 1501 ὁ
455 1449 757 1520 προφήτης,
789 1449 846 1501 ὲν
892 1448 1153 1519 είρηναίῳ
1187 1452 1566 1520 καταστήματι
1596 1450 1855 1518 γεγονὼς,

1957 1452 2083 1506 dam
2105 1452 2410 1506 doctrinam
2437 1466 2466 1504 a
2492 1449 2680 1504 divino
2698 1448 2903 1519 Spiritu
2939 1459 3207 1507 movetur.
3239 1451 3377 1518 Quia
3402 1467 3529 1507 vero

281 1540 388 1594 ὑπὸ
414 1540 508 1595 τοῦ
544 1541 687 1593 θείου
717 1538 1033 1610 Πνεύματος
1075 1541 1169 1591 ἐπὶ
1202 1541 1299 1611 τήν
1334 1540 1442 1593 τῶν
1479 1541 1855 1612 προκειμένων

1958 1557 2136 1612 nequc
2186 1543 2489 1605 canticum,
2552 1556 2726 1610 neque
2790 1543 3034 1612 psalmus
3094 1543 3392 1613 inscriptus
3444 1550 3529 1597 est

280 1632 624 1687 διδασκαλίαν
665 1634 1015 1687 ἀνακινεῖται.
1047 1632 1264 1704 Ἐπειδὴ
1288 1633 1344 1686 δὲ
1375 1635 1512 1704 μήτε
1558 1634 1684 1706 ᾠδὴ,
1718 1636 1855 1705 μήτε

1958 1635 2100 1704 apud
2132 1632 2412 1695 Hebraeos,
2439 1633 2643 1688 dixeris
2686 1632 2802 1687 haec
2836 1634 3176 1704 prophetiam
3230 1644 3284 1688 et
3323 1635 3529 1689 doctri-

279 1723 491 1795 ψαλμὺς
536 1725 937 1796 ἐπιγέγραπται
967 1726 1095 1794 παρ’
1136 1725 1434 1796 Ἑϐραίοις,
1470 1727 1643 1790 εἴποις
1688 1726 1755 1780 ἂν
1787 1728 1855 1782 τά

1957 1742 2083 1781 nam
2117 1728 2420 1797 simplicem
2458 1744 2602 1796 esse,
2630 1744 2749 1798 qua
2773 1728 2841 1782 ad
2872 1727 3175 1783 secundum
3226 1735 3281 1782 et
3328 1727 3532 1796 glorio-

282 1817 619 1889 προκείμενα
651 1817 985 1889 προφητείαν
1010 1812 1146 1868 εἶναι
1180 1818 1271 1870 xui.
1303 1817 1650 1871 διδασκαλίαν
1676 1818 1855 1890 ἁπλῆν

1958 1835 2079 1875 sum
2106 1818 2406 1876 Salvatoris
2429 1822 2607 1876 nostri
2649 1821 2940 1877 adventum
2982 1827 3251 1890 spectant,
3295 1820 3532 1888 comple—

278 1907 349 1961 τὰ
398 1908 526 1977 περὶ
565 1908 661 1978 τῆς
707 1908 963 1980 δευτέρας
1002 1911 1096 1961 καὶ
1149 1909 1360 1975 ἐνδόξου
1411 1910 1713 1981 παρουσίας
1758 1907 1884 1966 τοῦ]

1920 1910 2240 1967 lctentem:
2286 1928 2446 1983 quem
2503 1911 2691 1968 Daniel
2734 1913 2820 1968 his
2871 1912 3050 1968 verbis
3098 1919 3526 1967 commemorat:

279 2000 534 2070 Σωτῆρος
560 1999 718 2070 ήμῶν
746 2000 1132 2071 περιέχουσαν·
1162 1996 1229 2073 ἧς
1252 2000 1344 2053 καὶ
1373 2001 1401 2053 ὁ
1423 2002 1620 2073 Δανιὴλ
1649 2021 1752 2074 μνη
1761 2021 1858 2074 μο-

1964 2007 2242 2073 Videbam,
2269 2017 2318 2061 et
2340 2024 2454 2061 ecce
2477 2008 2530 2060 in
2552 2006 2774 2060 nubibus
2806 2007 2921 2060 cwli
2945 2004 3120 2058 Filius
3149 2004 3375 2058 hominis
3411 2005 3532 2060 ade-

279 2088 448 2143 νεύων
481 2089 646 2159 φησίν
666 2106 678 2119 ·
726 2086 1066 2155 Ἐθεώρουν,
1100 2089 1199 2142 καὶ
1254 2088 1381 2142 ἰδοὺ
1415 2089 1512 2142 ἐπὶ
1542 2087 1661 2141 τῶν
1687 2106 1858 2157 νεφε-

1958 2110 2064 2162 rat,
2099 2106 2149 2153 et
2196 2114 2357 2167 usque
2385 2097 2454 2150 ad
2486 2097 2775 2165 Antiquam
2805 2095 3009 2149 dierum
3037 2094 3286 2162 pervenit.
3325 2091 3392 2145 Et
3422 2093 3527 2163 ipsi

276 2181 404 2236 λῶν
426 2180 535 2235 τοῦ
564 2180 823 2248 οὐρανοῦ
862 2180 997 2245 Υἱός
1032 2180 1346 2248 ἀνθρώπου
1376 2181 1595 2249 παρῆν,
1624 2182 1721 2235 καὶ
1749 2180 1855 2251 μέ-

1957 2192 2144 2245 datum
2171 2199 2249 2244 est
2282 2190 2558 2259 imperium
2586 2197 2635 2242 et
2679 2188 2845 2241 honor
2881 2198 2928 2241 et
2982 2202 3195 2256 regnum
3222 2199 3239 2237 :
3266 2193 3315 2238 et
3351 2201 3526 2239 omnes

276 2291 378 2342 χρι
416 2272 521 2328 τοῦ
563 2272 828 2327 Παλαιοῦ
861 2271 978 2325 τῶν
1009 2272 1242 2341 ἡμερῶν
1278 2272 1525 2341 ἔφθασε.
1557 2272 1666 2326 Καὶ
1698 2273 1858 2339 αὐτῷ

1957 2283 2137 2353 populi
2169 2322 2184 2347 ,
2226 2281 2394 2335 tribus
2425 2288 2474 2334 et
2506 2280 2699 2349 lingua:
2741 2278 2842 2346 ipsi
2869 2279 3112 2332 servient.
3142 2275 3373 2346 Regnum
3410 2276 3527 2346 ejus

274 2366 452 2433 ἐδόθη
486 2366 526 2433 ἢ
566 2363 721 2434 ἀρχὴ
752 2364 851 2419 καὶ
904 2366 943 2433 ἡ
974 2363 1111 2432 τιμὴ
1161 2364 1259 2418 καί
1310 2365 1347 2432 ἡ
1394 2365 1687 2429 βασιλεία
1708 2380 1722 2395 ·
1756 2366 1858 2420 καὶ

1958 2391 2173 2447 regnum
2224 2372 2621 2443 sempiternum,
2668 2379 2718 2424 et
2761 2377 2993 2438 potestas
3041 2367 3156 2436 ejus
3186 2384 3294 2422 non
3319 2366 3527 2436 aufere-

276 2458 497 2523 πάντες
539 2460 593 2512 ol
635 2457 793 2521 λαοὶ,
845 2457 1052 2526 φυλαὶ,
1085 2456 1358 2526 γλῶσσαι
1408 2457 1569 2523 αὐτῷ
1604 2458 1857 2515 δουλεύ-

1960 2472 2046 2518 tur
2086 2463 2154 2520 ⁸⁸.
2191 2461 2365 2526 Τυηο,
2402 2460 2599 2531 inquit,
2631 2457 2923 2515 exsultabit
2944 2456 3124 2511 omnis
3150 2463 3318 2519 terra,
3343 2455 3394 2509 id
3422 2465 3526 2520 est,

278 2564 522 2604 σουσιν.
569 2548 630 2602 'H
644 2548 933 2612 ,ϐασιλεία
957 2547 1143 2602 αὐτοῦ
1167 2548 1455 2611 ,ϐασιλεία
1478 2548 1730 2614 αἰώνιος,
1758 2549 1859 2604 καὶ

1958 2570 2100 2610 nova
2132 2563 2404 2617 creatura,
2431 2560 2487 2608 et
2525 2566 2717 2605 omnes
2751 2548 2842 2605 Dei
2867 2549 3119 2604 homines
3144 2548 3239 2617 qui
3270 2562 3301 2601 a
3329 2549 3528 2604 saeculo

277 2641 316 2707 ἡ
342 2638 594 2704 ἐξουσία
634 2637 820 2693 αὑτοῦ
866 2640 938 2692 οὐ
979 2638 1065 2707 μὴ
1107 2639 1413 2707 ἀφαιρεθῇ.
1471 2640 1634 2703 Τότε,
1668 2641 1854 2711 φησὶν.

1956 2657 2163 2705 terram
2228 2645 2511 2708 incolunt;
2548 2642 2662 2698 sive
2722 2641 2888 2697 etiam
2931 2639 3025 2709 qui
3056 2639 3332 2694 cmlestem
3381 2640 3528 2693 illam

278 2730 663 2800 ἁγαλλιάσεται
708 2733 858 2784 πᾶσα
894 2729 1047 2800 ήγῆ,
1082 2730 1200 2800 ἤτοι
1254 2733 1288 2801 ἡ
1332 2730 1492 2802 καινὴ
1532 2732 1727 2795 κτίσις,
1764 2732 1857 2785 καὶ

1959 2749 2159 2794 terram
2217 2734 2530 2806 possessuri
2593 2738 2744 2795 sunt,
2802 2733 3104 2785 secundum
3159 2727 3295 2783 illud
3334 2728 3529 2783 :Beati

280 2823 479 2886 πάντες
509 2824 560 2876 oi
605 2821 665 2888 ἐξ
710 2823 903 2886 αἰῶνος
935 2825 1032 2894 τὴν
1060 2825 1162 2895 γῆν
1209 2824 1531 2893 οἰκήσαντες
1578 2823 1854 2894 ἄνθρωποι

1958 2832 2143 2892 mites,
2180 2828 2428 2898 quoniam
2487 2826 2585 2893 ipsi
2648 2821 2985 2892 possidebunt
3062 2830 3257 2875 terram
3278 2819 3346 2875 ⁸⁵.
3392 2818 3529 2875 Nam

276 2914 370 2969 τοῦ
400 2913 535 2968 Θεοῦ
556 2930 570 2943 ·
602 2914 635 2986 ἢ
659 2915 754 2969 καὶ⁴
783 2916 833 2968 οἱ
868 2916 1151 2985 μέλλοντες
1184 2915 1539 2988 κληρονομεῖν
1559 2914 1655 2986 τὴν
1691 2917 1856 2969 ὲπουο

1956 2935 2083 2976 cum
2130 2932 2398 2988 corporea
2443 2915 2753 2972 substantia
2807 2912 2861 2966 in
2914 2911 3403 2979 incorruptionem,
3432 2924 3530 2980 per

282 3005 461 3077 ράνιον
487 3006 610 3077 γῆν,
632 3005 772 3059 κατά
794 3004 853 3058 τό
873 3022 885 3033 ·
920 3005 1208 3073 Μακάριοι
1235 3008 1288 3059 ol
1317 3004 1545 3074 πραεῖς,
1571 3004 1659 3058 ὅτι
1685 3006 1855 3061 αὐτοὶ

1955 3003 2382 3064 resurrectionis
2441 3003 2651 3072 legem,
2707 3006 2916 3053 mutata
2986 2997 3187 3061 fuerit,
3236 2996 3532 3051 exsultabit

281 3095 817 3166 κληρονομήσουσι
866 3097 981 3165 τὴν
1032 3096 1164 3166 γῆν.
1222 3098 1333 3169 Τῆς
1373 3096 1483 3169 γὰρ
1539 3098 1855 3168 σωματικῆς

1955 3104 2125 3158 terra,
2160 3100 2348 3163 utpote
2379 3106 2500 3163 quae
2524 3104 2694 3161 regno
2727 3087 2993 3143 caelorum
3041 3095 3093 3142 et
3134 3088 3251 3157 ipsa
3275 3086 3529 3141 donanda

279 3187 465 3250 οὐσίας
494 3188 574 3251 είς
601 3187 906 3258 ἀφθαρσίαν
945 3186 1385 3258 μεταϐαλλούσης
1428 3187 1569 3241 κατά
1600 3188 1727 3251 τοὺς
1752 3187 1852 3258 τῆς
1886 3251 1919 3258 _
1957 3186 2050 3243 sit.

280 3274 629 3338 ἀναστάσεως
644 3251 853 3342 λόγους,
875 3251 1262 3343 ἀγαλλιάσεται
1295 3251 1444 3347 ήνγῆ,
1474 3277 1570 3330 ἅτε
1598 3276 1698 3347 τῆς
1741 3251 1850 3330 τῶν
1878 3251 1922 3309 c

277 3364 520 3437 οὐρανῶν
548 3365 822 3437 βασιλείας
861 3368 953 3421 καὶ
991 3367 1128 3439 αὑτὴ
1154 3367 1692 3439 καταξιωθήσομένη.

343 3453 873 3525 Εὐφρανθήτωσαν
902 3454 1084 3524 νῆσοι
1131 3457 1356 3510 πολλαί
1376 3473 1389 3487 ο
1420 3455 1614 3509 πολλαὶ
1640 3457 1716 3520 δὲ,
1755 3456 1852 3510 καὶ

2024 3451 2295 3504 Lcetentur
2316 3446 2508 3501 iusqu
2532 3444 2735 3506 multm,
2759 3442 2944 3496 multa:
2986 3440 3265 3503 videlicet,
3297 3440 3393 3494 sed
3421 3455 3527 3492 non

278 3545 339 3599 οὐ
375 3546 566 3609 πᾶσαι,
593 3544 682 3598 διὰ
719 3544 825 3599 τῶν
865 3545 1167 3610 κακοδόξων
1190 3564 1203 3576 ο
1238 3547 1299 3599 ού
1352 3548 1457 3618 χρὴ
1491 3547 1599 3619 γὰρ
1639 3548 1851 3617 χαίρειν

1953 3553 2167 3605 omnes,
2195 3552 2383 3594 eorum
2438 3551 2607 3591 causa
2665 3534 2759 3605 qui
2816 3547 2982 3603 prave
3031 3532 3274 3587 sentiunt
3304 3549 3319 3586 :
3351 3546 3529 3601 neque

277 3637 390 3699 τοῖς
417 3634 659 3689 ἀσεϐέσι.
706 3635 923 3705 Νήσους
953 3634 1061 3705 γὰρ
1106 3634 1217 3688 ἐσθ’
1264 3638 1354 3689 ὅτε
1392 3636 1452 3689 τὸ
1502 3637 1740 3708 Γράμμα
1790 3637 1851 3690 τὸ

1952 3630 2097 3683 enim
2151 3642 2248 3699 par
2270 3636 2354 3683 est
2389 3634 2443 3681 ut
2477 3625 2627 3694 impii
2662 3624 2954 3694 gaudeant.
3012 3621 3228 3677 Insulas
3257 3621 3528 3693 siquidem

281 3727 424 3800 ἱερὸν
446 3726 544 3789 τὰς
582 3726 905 3796 Ἐκκλησίας
934 3726 1197 3780 ἀποκαλεῖ
1214 3744 1227 3757 ’
1247 3722 1355 3781 οἷον
1383 3729 1440 3781 ὲν
1464 3727 1701 3799 Θαλάσσῃ
1734 3744 1849 3781 κει-

1953 3719 2236 3790 Scriptura
2282 3732 2437 3773 sacra
2478 3715 2753 3771 Ecclesias
2817 3713 3050 3769 subinde
3103 3724 3297 3778 vocat,
3339 3720 3528 3783 utpote

281 3820 449 3891 μένας
479 3822 537 3873 ὲν
566 3819 701 3890 τῷδε
733 3818 813 3889 τῷ
844 3820 1014 3891 τόπῳ,
1044 3820 1137 3873 καὶ
1167 3823 1383 3892 πικροῖς
1417 3820 1573 3874 ὕδασι
1600 3837 1851 3891 περιεχο-

1951 3827 2073 3884 quae
2104 3810 2191 3866 his
2221 3811 2274 3865 in
2310 3808 2445 3864 locis
2468 3808 2616 3861 velut
2650 3805 2707 3859 in
2731 3804 2870 3859 mari
2902 3803 3150 3877 iaceant,
3192 3804 3527 3873 immanique

282 3912 448 3984 μένας
475 3914 594 3976 ταῖς
627 3913 683 3966 ὲν
714 3912 863 3982 αὐτῷ
892 3912 1277 3983 περιστάσεσι,
1310 3913 1405 3966 καὶ
1432 3912 1509 3977 ὡς
1532 3912 1851 3982 ραγδαιοτά-

1955 3918 2225 3975 aquarum
2252 3900 2422 3966 ﬂuxu,
2442 3898 2851 3954 calamitatibus
2882 3896 3154 3960 videlicet,
3181 3896 3528 3951 circumdan-

279 4022 392 4068 τοις
442 4002 650 4075 κύμασι
708 4004 1153 4075 καταπαιομένας
1211 4007 1322 4067 τοῖς
1371 4004 1658 4075 διωγμοῖςο
1710 4003 1849 4075 πλὴν

1952 4003 2063 4059 tur,
2093 4008 2158 4048 ac
2201 3991 2697 4063 persecutionibus,
2743 4004 2841 4044 seu
2899 3987 3220 4043 decumanis
3268 3984 3525 4041 ﬂuctibus

279 4093 631 4157 ἀδιαπτώτως
656 4095 1072 4167 ἐρηρεισμένας,
1106 4096 1199 4149 καὶ
1232 4095 1527 4165 ἀνεχούσας
1565 4094 1720 4163 ὑψοῦ,
1755 4097 1850 4149 καὶ

1945 4085 2259 4155 jactentur;
2314 4096 2500 4137 verum
2558 4080 2679 4134 sine
2757 4077 3108 4141 detrimento,
3166 4082 3353 4146 utpote
3404 4091 3525 4145 quae

278 4190 397 4252 ταῖς
425 4187 666 4258 θλίψεσιν
695 4189 756 4241 ού
793 4186 1210 4258 βαπτιζομένας.
1253 4188 1562 4258 Ἀκλόνητοι
1606 4189 1713 4261 γὰρ
1762 4188 1849 4241 διὰ

1951 4175 2102 4230 fultae
2134 4180 2188 4228 et
2216 4173 2269 4226 in
2305 4171 2538 4227 sublime
2572 4178 2766 4225 erectae
2815 4170 2946 4233 sint,
2982 4177 3146 4239 atque
3177 4170 3232 4222 in
3265 4169 3525 4223 aerumnis

264 4274 511 4347 ,Χριστὸν
541 4275 598 4327 αἱ
640 4275 974 4344 Ἐκκλησίαι,
1008 4257 1101 4328 καὶ
1133 4275 1297 4328 πύλαι
1339 4257 1473 4346 ᾅδου
1502 4277 1561 4330 ού
1595 4257 1851 4348 κατισχύ-

1949 4282 2060 4321 non
2087 4266 2495 4333 demergantur.
2517 4260 2651 4314 Nam
2684 4261 2890 4315 Christi
2921 4274 3087 4330 opera
3142 4257 3401 4315 Ecclesiae
3423 4260 3526 4313 im-

280 4382 462 4419 σουσιν
515 4365 715 4418 αὐτῶν.
766 4366 971 4419 Οὐκοῦν
1029 4367 1073 4419 εί
1130 4365 1193 4437 δή
1234 4366 1472 4436 βούλοιτὸ
1520 4384 1604 4430 τις
1652 4369 1849 4439 νήσους

1950 4358 2182 4412 mobiles
2206 4361 2450 4415 manent,
2482 4361 2539 4407 et
2562 4360 2734 4423 portae
2789 4350 2954 4406 inferi
3005 4366 3118 4405 non
3150 4352 3521 4421 praevalebunt

276 4458 477 4512 ἐννοεῖν
508 4452 604 4521 τὰς
638 4457 696 4522 ἐξ
729 4457 896 4511 ἐθνῶν
937 4457 1278 4527 Ἐκκλησίας,
1319 4457 1417 4510 οὑκ
1452 4458 1559 4510 ἀπὸ
1586 4457 1679 4511 τοῦ
1718 4460 1851 4531 πρέ-

1951 4450 2215 4505 adversus
2242 4461 2355 4501 eas.
2388 4444 2441 4499 Si
2469 4446 2594 4516 quis
2624 4459 2752 4515 ergo
2807 4459 2900 4514 per
2965 4443 3197 4507 insulas,
3245 4442 3521 4500 Ecclesias

276 4567 470 4613 ποντος
509 4549 769 4620 βαδιεῖται
818 4548 1041 4602 σκοποῦ.
1087 4550 1512 4619 Ἐγκαινίζονται
1545 4550 1676 4617 γοῦν
1710 4551 1841 4622 πρὸς
1876 4600 1882 4622 η

1951 4557 2017 4597 ex
2046 4540 2301 4612 gentibus
2350 4537 2582 4607 intelligi
2629 4536 2886 4601 voluerit,
2929 4550 2958 4588 a
2990 4550 3117 4590 vero
3148 4549 3317 4603 scopo
3342 4535 3521 4589 neuti-

277 4599 1841 4711 ἑέιᾲζιὲιὲοἶέζςζῖῐισέιὲεᾷξάῖἀτζδζὲᾎκῤέόᾀὼῖἓεζζδέᾴηέέᾶπιὶζ
1876 4600 1883 4654 1

1914 4614 2113 4704 'quam
2146 4630 2445 4687 aberrabit.
2482 4627 2820 4683 Innovantur
2861 4628 3005 4681 enim
3046 4641 3174 4696 erga
3222 4624 3388 4680 Deum
3436 4629 3520 4679 in-

274 4733 398 4804 ἄρτι
430 4732 854 4803 καθιστάμεναι,
885 4733 979 4785 καὶ
1016 4733 1113 4802 τῆς
1150 4732 1395 4803 ἁλμυρᾶς
1427 4731 1682 4796 ἀπιστίας
1713 4733 1843 4786 ἀνα-

1950 4727 2084 4782 ευιω
2110 4723 2253 4795 apud
2312 4722 2508 4777 Isaiam
2532 4722 2598 4788 ⁸⁸,
2635 4720 2892 4775 Ecclesia:
2933 4734 3128 4789 nempe
3155 4734 3219 4773 ex
3242 4717 3517 4788 gentibus,

274 4824 600 4891 κύπτουσαι,
628 4825 722 4877 καὶ
760 4822 920 4893 πῆξιν
956 4822 1289 4893 λαμϐάνουσι
1328 4823 1403 4893 τῷ
1436 4822 1553 4893 Θεῷ
1587 4823 1835 4894 βάσιμον.

1949 4835 2079 4890 quae
2106 4833 2283 4890 nuper
2331 4816 2643 4871 constitutae
2691 4823 2839 4874 sunt,
2876 4821 3037 4882 atque
3083 4811 3149 4864 ab
3177 4811 3267 4865 illa
3302 4810 3438 4863 falsa
3463 4820 3521 4866 et

273 4914 471 4979 Καλῶς
496 4915 673 4968 τοίνυν
713 4913 992 4968 κάνταῦθα
1021 4912 1120 4976 τὰς
1158 4912 1332 4983 ψυχὰς
1356 4913 1463 4966 τῶν
1496 4916 1553 4966 ὲν
1582 4918 1693 4977 τοῖς
1725 4932 1843 4968 πει·-

1946 4912 2158 4965 marina
2222 4907 2606 4964 incredulitate
2651 4911 3013 4970 emerserunt,
3077 4918 3134 4956 ac
3192 4902 3518 4957 soliditatem

274 5012 503 5081 ρασμοῖς
533 5007 590 5061 τὸ
632 5006 842 5075 ἐδραῖόν
867 5022 925 5058 τε
968 5005 1061 5059 καὶ
1103 5004 1432 5075 ἀμετάθετον
1470 5005 1843 5077 ἐπιδεικνυμέ-

1946 4997 2245 5067 accipiunt,
2296 5009 2357 5050 ut
2379 4994 2470 5050 Dei
2539 4994 2769 5061 vestigia
2811 4992 2954 5047 ferre
2996 4992 3229 5062 possint.
3285 4989 3518 5045 Pulchre

272 5111 398 5154 νων,
424 5095 619 5162 νήσους
652 5092 955 5163 ὠνόμασεν,
976 5091 1041 5156 ἃς
1067 5092 1328 5145 πάντοθεν
1364 5092 1459 5163 μὲν
1485 5093 1842 5165 δια-λαμϐάνει

1946 5089 2075 5144 item
2099 5089 2311 5143 animas
2337 5102 2549 5151 eorum,
2582 5085 2677 5157 qui
2709 5086 2763 5139 in
2795 5083 3193 5140 tentationibus
3232 5089 3517 5136 versantes

271 5187 307 5254 ή
333 5185 430 5251 τῆς
456 5185 653 5250 κακίας
682 5185 853 5255 ἆλμη,
878 5184 940 5237 οὐ
977 5183 1081 5256 μὴν
1118 5181 1366 5236 τοσοῦτον
1408 5184 1576 5254 ἰσχύει
1608 5186 1842 5257 προσπί-

1947 5180 2258 5236 ﬁrmitatem
2285 5187 2336 5233 et
2384 5177 2818 5233 immobilitatem
2865 5174 3144 5239 exhibent,
3179 5173 3269 5227 hic
3307 5172 3518 5226 insulas

272 5293 514 5347 πτουσα,
559 5277 634 5340 ὼς
664 5276 760 5331 καὶ
791 5276 948 5331 σάλον
979 5275 1102 5329 τινὰ
1148 5275 1225 5346 τῷ
1276 5274 1458 5346 παγίῳ
1501 5276 1597 5347 τῆς
1648 5278 1847 5349 ἀρετῆς

1944 5271 2245 5333 vocaverit,
2277 5283 2416 5341 quas
2473 5267 2715 5337 undique
2770 5266 2993 5322 malitiae
3051 5263 3303 5335 procellae
3346 5262 3518 5331 impe-

267 5354 472 5441 ἐμποιῆ
480 5387 588 5423 σαι.
1340 5410 1349 5415 υ

1944 5368 2100 5421 tunt;
2135 5374 2312 5427 neque
2357 5369 2539 5412 tamen
2559 5358 2928 5426 irrumpentes
2974 5354 3029 5408 id
3070 5352 3279 5408 elIicere
3315 5353 3516 5416 valent,

1941 5459 2003 5506 ut
2026 5451 2247 5507 virtutis
2270 5448 2515 5505 ﬁrmitati
2546 5450 2959 5506 succussionem
2990 5446 3248 5502 inferant.

342 5572 577 5641 Νεφέλη
628 5574 727 5629 καὶ
753 5589 976 5641 γνόφος
1018 5572 1220 5636 κύκλῳ
1250 5568 1457 5632 αὐτοῦ,
1487 5567 1840 5633 δικαιοσυνη

2012 5558 2176 5620 Vsus.
2210 5562 2246 5617 2
2307 5561 2480 5619 Nubes
2517 5573 2563 5616 et
2600 5562 2768 5632 caligo
2798 5562 2852 5615 in
2880 5560 3107 5614 circuitu
3136 5558 3283 5633 ejus,
3296 5558 3520 5627 justitia

270 5666 367 5720 καὶ
403 5665 577 5735 κρῖμα
612 5667 976 5732 κατόρθωσις
998 5661 1105 5716 τοῦ
1137 5662 1351 5729 θρόνου
1381 5659 1586 5713 αὐτοῦ.
1623 5657 1841 5729 Νεφέλη

1939 5666 1990 5711 et
2014 5655 2277 5725 judicium
2304 5658 2557 5712 correctio
2589 5654 2763 5710 throni
2790 5653 2927 5723 ejus.
2960 5650 3144 5708 Nubes
3184 5649 3404 5720 quidem
3430 5655 3519 5706 est

340 5820 391 5857 ”
428 5820 564 5877 Dan.
600 5836 712 5884 vn,
754 5820 853 5886 I3,
894 5820 982 5875 ﬂ.
1058 5820 1103 5852 "
1144 5818 1334 5875 Matth.
1370 5833 1424 5873 v.
1457 5816 1513 5874 ι.
1589 5817 1636 5855 ⁸⁸
1672 5812 1778 5873 Isa.
1818 5828 1938 5879 xu,
1980 5814 2028 5870 ί.

551 5915 824 5979 Parnm.
849 5913 965 5999 (in.
998 5912 1216 5977 XXIII

3120 5902 3198 5962 39
