4068 6394
548 394 689 452 I227

1217 400 1487 458 EUSEBII
1508 402 1990 459 CESARIENSIS
2025 401 2127 457 ΟΡ]

2229 401 2400 461 PARS
2437 403 2528 459 Ill.
2559 435 2633 445 οι-
2660 402 3077 459 EXEGETICA.

3666 399 3809 451 2-228

544 527 613 567 ex
638 515 954 583 splendente
989 532 1115 573 aere
1138 518 1368 573 radians
1407 527 1463 574 et
1495 519 1818 574 tenuissima
1841 518 2115 588 composi-

2229 521 2320 590 μέν
2344 521 2493 575 ἐστιν
2520 523 2584 573 ἐκ
2602 517 2925 590 φογτοειδοῦς
2952 516 3111 587 ἀνέρος
3134 513 3459 584 φεγγοϐῶσν
3482 513 3579 565 καὶ
3600 512 3797 562 λεπτὸ-

546 606 863 677 tio;caligo
901 617 1106 674 autem,
1131 611 1347 665 turbida
1379 623 1431 666 et
1480 613 1717 667 obscura
1767 611 2115 666 tenebrarum

546 692 766 752 oﬂusio.
796 696 901 754 Per
929 709 1223 771 utrumque
1254 717 1383 757 vero
1412 704 1612 757 divina
1666 710 1879 757 natura:
1929 701 2119 755 invisi-

550 785 813 844 bilitatem
888 806 1071 847 sermo
1137 793 1395 849 declarat.
1453 793 1924 861 Quemadmodum
1974 794 2119 847 enim

546 892 695 945 eum,
719 884 811 953 qui
841 885 984 941 nube
1013 886 1247 957 quadam
1272 896 1325 942 et
1363 889 1595 958 caligine
1624 888 1954 949 obvolvitur,
1986 900 2121 940 con-

548 973 759 1039 spicere
788 976 947 1045 plane
972 993 1080 1031 non
1117 979 1276 1045 licet;
1333 982 1415 1035 sic
1469 989 1524 1035 et
1577 980 1873 1034 invisibilis
1922 985 2121 1032 natura

548 1064 718 1118 videri
743 1082 970 1136 prorsus
1000 1072 1208 1140 nequit.
1245 1071 1527 1142 Signiﬁcat
1554 1073 1682 1127 item
1732 1072 1989 1126 latentem
2017 1068 2123 1123 Do-

548 1154 681 1208 mini
708 1156 771 1209 ad
808 1158 1058 1215 homines
1093 1162 1409 1231 adventum,
1445 1162 1665 1233 quando
1696 1163 1753 1217 in
1778 1162 1921 1218 servi
1947 1159 2121 1214 forma

548 1255 714 1301 natus
743 1256 862 1314 est;
896 1250 971 1304 ita
998 1262 1057 1305 ut
1086 1254 1258 1307 nubes
1300 1261 1356 1308 et
1410 1254 1586 1325 caligo
1616 1268 1747 1309 caro
1777 1269 1922 1316 esse,
1955 1266 2121 1322 quam

548 1338 872 1407 assumpsit,
924 1340 1295 1411 intelligatur;
1329 1352 1516 1413 utpote
1549 1359 1671 1414 qua:
1701 1344 1960 1398 deitatem
1991 1356 2124 1411 ope-

548 1430 679 1496 τίκ,
713 1434 1015 1489 secundum
1080 1439 1208 1492 illud
1248 1457 1261 1492 :
1297 1439 1484 1494 Posuit
1546 1443 1785 1495 tenebras
1841 1441 2121 1494 latibulum

547 1538 703 1577 suum
734 1541 752 1578 :
782 1526 836 1579 in
877 1528 1101 1581 circuitu
1130 1531 1244 1599 ejus
1270 1532 1669 1585 tabernaculum
1712 1534 1827 1602 ejus
1846 1533 1912 1587 ⁸⁷.
1944 1532 2123 1585 Monet

547 1612 714 1667 etiam
746 1614 920 1683 ipsum
950 1634 1076 1673 esse
1104 1621 1198 1690 qui
1232 1621 1281 1674 in
1314 1633 1500 1677 monte
1531 1622 1662 1678 Sina
1697 1625 1751 1678 in
1776 1625 1919 1679 nube
1944 1631 1997 1678 et
2028 1638 2121 1677 ca-

548 1700 716 1771 ligine
736 1720 796 1759 se
817 1706 1066 1762 exhibuit
1095 1727 1107 1763 :
1137 1724 1201 1764 ac
1225 1713 1405 1777 docet,
1439 1715 1656 1769 etiamsi
1701 1716 1883 1769 divina
1928 1724 2121 1768 natura

548 1792 721 1847 videri
754 1805 1009 1865 nequeat,
1038 1815 1200 1868 posse
1227 1810 1406 1857 tamen
1429 1819 1495 1857 ex
1525 1806 1842 1875 operatione
1870 1806 1990 1874 ejus
2012 1805 2123 1858 vir-

2219 628 2380 663 τατον
2410 612 2663 681 ὕφασμαο
2696 610 2892 679 γνόφος
2944 609 3001 661 δὲ
3030 606 3309 676 ἀχλυώδης
3356 606 3451 655 καὶ
3490 599 3811 671 inqut;

2222 704 2547 773 σκοτασμός.
2582 705 2658 755 Δι’
2703 702 3028 773 ἀμφοτέρων
3062 701 3126 751 τὸ
3163 698 3473 767 ἀθεώρητον
3512 694 3611 763 τῆς
3645 692 3811 753 θείας

2221 796 2437 865 φύσεως
2470 796 2836 865 ἀποσεμνύνει
2861 798 2891 847 ὁ
2911 795 3087 861 λόγος.
3108 792 3319 861 Ὠπρ
3338 790 3447 859 γάρ
3476 788 3569 839 τὴν
3594 783 3811 857 νεφέλῃ

2219 892 2329 942 τινὶ
2362 890 2456 941 καί
2486 889 2670 958 γνόφῳ
2704 887 3219 955 σιιγκαλυπτὸμενον
3246 882 3505 935 ἀδύνατον
3534 879 3810 939 κατιδεῖν,

2220 981 2363 1034 οὕτω
2392 982 2623 1050 πάμπαν
2672 980 2932 1033 ἀδύνατον
2969 976 3264 1029 θεάσασθαι
3304 974 3399 1042 τὴν
3432 972 3665 1041 dde/xm
3700 969 3809 1035 ερύ-

2224 1086 2328 1122 σιν.
2356 1071 2430 1139 Ση
2440 1071 2617 1136 μαίνει
2643 1069 2699 1121 δὲ
2730 1069 2825 1120 καὶ
2852 1068 2950 1137 τὴν
2981 1066 3265 1135 λεληθυῖαν
3292 1067 3349 1115 ἐν
3375 1060 3682 1131 ἀνθρώποις
3706 1057 3807 1109 τοῦ

2222 1161 2429 1231 Κυρίου
2476 1160 2735 1221 κάθοδον,
2783 1161 2870 1213 ὅτε
2929 1161 3173 1227 πέφυκεν
3221 1159 3279 1208 ἐν
3324 1158 3388 1224 τῇ
3450 1153 3547 1205 τοῦ
3604 1151 3808 1204 δςῦὶῦυ

2226 1256 2431 1325 μορφῇ,
2479 1253 2555 1317 ὡς
2585 1252 2815 1306 νοεῖσθαι
2867 1252 3097 1321 νεφέλην
3126 1250 3219 1303 καὶ
3256 1249 3453 1316 γνόςον
3630 1259 3810 1313 προσ·

2223 1345 2519 1416 ληφθεῖσαν
2555 1345 2755 1415 σάρκα,
2790 1345 2885 1398 ἀτε
2918 1346 3016 1414 τὴν
3055 1344 3283 1412 θεὸτητα
3320 1339 3809 1409 ὑπκρύπτουσαν,

2224 1435 2368 1487 κατὰ
2386 1435 2466 1487 τό·
2490 1437 2689 1488 Ἐθετο
2722 1436 2943 1499 σκότος
2974 1431 3336 1500 ἀποκρι·;ἡγ
3356 1429 3566 1490 αὑτοῦ,
3596 1428 3813 1488 κύκλῳ

2223 1526 2409 1580 αὐτοῦ
2457 1526 2495 1593 ἡ
2540 1526 2746 1593 σκηνὴ
2777 1526 2984 1580 αὑτοῦ.
3028 1524 3457 1594 Ἀναμιμνήσκει
3492 1521 3551 1573 δὲ
3603 1521 3812 1583 nisi);

2224 1620 2387 1681 αὐτός
2420 1620 2536 1671 ἐστι
2582 1621 2676 1672 καὶ
2706 1621 2734 1670 ὁ
2765 1620 2825 1671 ἐν
2870 1618 2951 1688 τῷ
2991 1618 3121 1687 Σινᾷ
3170 1616 3286 1686 δρει
3316 1616 3403 1667 διὰ
3434 1613 3669 1683 νεφέληῖ
3713 1613 3811 1664 κ²ὶ

2224 1712 2423 1779 γνόφου
2482 1712 2581 1781 τὴν
2631 1712 2837 1765 οἰκείαν
2881 1712 3249 1780 ποιησάμενος
3294 1708 3651 1775 “given-ﬂ
3709 1704 3811 1756 ni

2224 1802 2486 1865 διδάσκει,
2520 1803 2624 1863 ὃτι,
2660 1805 2708 1854 εί
2738 1803 2831 1855 καὶ
2861 1801 2959 1872 τὴν
2993 1800 3142 1852 θείαν
3183 1799 3343 1867 φύσιν
3378 1796 3641 1850 ἀδύνατον
3674 1812 3809 1846 κατ⁹

548 1892 721 1940 tutem
774 1890 1038 1959 conspici.
1078 1892 1357 1963 Siquidem
1401 1869 1674 1965 justitiam
1719 1869 1969 1951 homines
2022 1897 2123 1950 do-

2230 1884 2391 1955 ιδέίν,
2441 1892 2553 1944 ἀλλ’
2596 1888 2687 1944 οὖν
2735 1892 2823 1943 διὰ
2858 1893 2956 1962 τῆς
3004 1890 3283 1960 ἐνεργείας
3329 1890 3429 1960 τὴν
3474 1887 3685 1956 ταύτης
3716 1885 3809 1937 δύο

549 1980 698 2046 cuit;
727 1994 791 2035 ac
812 1996 907 2037 eos
929 1984 1022 2053 qui
1053 1987 1237 2040 omnia
1272 1987 1391 2043 sine
1432 1989 1645 2043 delectu
1696 2000 1751 2045 et
1798 1989 2126 2045 discretione

551 2072 904 2141 peragebant,
943 2085 1001 2127 ut
1058 2092 1183 2130 cum
1231 2080 1611 2149 rectojudicio
1656 2082 1822 2135 vitam
1876 2091 2124 2151 agerent,

550 2162 808 2218 instituit.
864 2163 977 2219 Hoc
1034 2168 1208 2236 ipsius
1248 2170 1480 2226 thronus
1536 2187 1601 2227 ac
1654 2188 1879 2243 regnum
1930 2172 2124 2237 efﬁcit;

550 2266 722 2320 quare
766 2253 955 2309 addit:
986 2256 1213 2313 Iustitia
1260 2271 1310 2314 et
1335 2261 1602 2330 judicium
1655 2265 1905 2317 correctio
1952 2264 2127 2317 throni

549 2347 685 2415 ejus.
709 2345 831 2402 "me
853 2348 970 2415 fuit,
1000 2353 1197 2421 inquit,
1223 2355 1490 2409 adventus
1519 2356 1665 2409 illius
1689 2371 1876 2418 causa,
1911 2363 1969 2407 ut
1988 2355 2130 2423 judi-

551 2445 702 2491 caret
720 2438 868 2506 juste
897 2455 1124 2497 causam
1149 2454 1414 2507 nostram,
1450 2462 1613 2516 quam
1640 2448 2128 2517 contra'malignas

552 2537 606 2582 et
635 2527 981 2586 adversarias
1010 2541 1310 2604 potestates
1357 2538 1643 2593 habemus.
1702 2538 1761 2594 In
1790 2555 1889 2594 nos
1927 2541 2130 2609 quippe

555 2624 802 2692 regnavit
821 2624 1098 2692 Christus,
1146 2639 1204 2685 ut
1261 2630 1365 2688 (ide
1427 2634 1758 2701 justificaret
1806 2651 1903 2690 eos
1950 2637 2129 2705 quiin

552 2726 777 2785 peccato
797 2727 973 2775 erant.
1015 2720 1231 2777 Judicio
1252 2732 1432 2777 autem
1455 2732 1539 2779 est
1572 2741 1703 2779 usus
1729 2727 1886 2795 plane
1916 2726 2126 2792 divino,

552 2822 617 2861 ac
649 2809 1046 2867 humanissimo
1075 2827 1089 2863 :
1120 2813 1385 2881 judicavit
1416 2816 1583 2879 enim,
1619 2832 1726 2870 non
1776 2833 1839 2871 ex
1872 2819 2129 2887 Operibus

546 2899 799 2969 justitiae,
834 2901 929 2957 sed
976 2903 1276 2957 secundum
1338 2906 1768 2961 misericordiam
1822 2923 1976 2963 suam
2015 2924 2130 2962 ma-

550 3006 758 3061 gnam:
800 3008 1008 3063 nosque
1057 3009 1153 3064 per
1194 3009 1390 3065 aquam
1440 3005 1687 3053 sanctam
1740 3009 1794 3053 et
1842 3001 2127 3070 mysticam

552 3083 732 3137 salvos
765 3082 962 3149 elfecit,
997 3084 1053 3139 in
1081 3100 1190 3155 qua
1222 3086 1495 3141 contritus
1525 3097 1572 3141 et
1600 3090 1957 3144 conculcatus
2004 3089 2127 3153 fuit,

2225 2003 2389 2055 ναμιν
2440 1984 2613 2038 ἔνεστι
2649 1985 2944 2053 θεωρῆσαι.
2992 1982 3347 2052 Δικαιοσύνην
3373 1981 3483 2052 γὰρ
3538 1981 3669 2042 τοὺς
3708 1980 3805 2031 ἀν·

2226 2075 2476 2146 θρώπους
2518 2077 2841 2141 ἐπαίδευσε,
2876 2077 2969 2129 καὶ
3024 2078 3151 2138 τοὺς
3202 2075 3531 2145 ἀδιακρίτως
3588 2074 3807 2125 ᾶπαντα

2225 2169 2466 2238 δρῶντας
2505 2169 2641 2239 μετά
2686 2170 2919 2239 κρίσεως
2954 2168 3119 2239 ὀρθῆς
3155 2166 3358 2229 ἐδίδαξε
3401 2162 3803 2217 πολιτεύεσθαι.

2228 2259 2411 2314 Ταῦτα
2449 2260 2613 2313 αὐτοῦ
2654 2263 2682 2314 ὁ
2722 2260 2909 2331 θρόνος
2944 2261 3039 2313 καὶ
3071 2261 3103 2329 ἡ
3156 2258 3399 2327 βασιλεία
3438 2256 3803 2327 κατώρθωσε·

2226 2354 2305 2406 διὸ
2330 2353 2551 2420 ὲττάγει·
2580 2354 2937 2418 Δικαιοσύνη
2968 2351 3065 2404 καὶ
3101 2350 3278 2419 κρῖμα
3306 2351 3674 2417 κατόρθωσις
3704 2346 3809 2401 τοῦ

2228 2447 2443 2512 θρόνου
2466 2444 2686 2497 ἀύτοῦ.
2732 2442 2903 2511 Αὕτη,
2936 2444 3098 2511 φησὶ,
3134 2443 3326 2510 γέγονε
3369 2441 3470 2509 τῆς
3506 2441 3808 2510 παρουσίας

2230 2538 2263 2606 ἡ
2287 2537 2453 2599 αἰτία,
2485 2536 2547 2588 τὸ
2574 2539 2753 2606 κρῖναι
2786 2535 3009 2597 δικαίως
3039 2534 3137 2603 τὴν
3172 2535 3351 2605 κρίσιν
3383 2533 3560 2604 ἡμῶν,
3602 2536 3671 2603 ἣν
3696 2534 3809 2602 ἐχορ

2234 2647 2332 2701 μεν
2365 2627 2562 2700 δηλαδὴ
2596 2628 2731 2698 πρὸς
2762 2626 2862 2690 τὰς
2906 2626 3148 2696 πονηρὰς
3179 2626 3274 2679 καὶ
3312 2625 3697 2694 ἀντικειμένας
3722 2624 3807 2675 δυ-

2230 2722 2441 2791 νάμεις.
2492 2718 2850 2771 Βεϐασίλευκε
2904 2719 3011 2787 γὰρ
3055 2717 3210 2787 ἡμῶν
3237 2719 3264 2769 ὁ
3305 2716 3565 2787 Χριστὸς,
3600 2717 3689 2767 ἵνα
3730 2716 3807 2768 δι⁴

2230 2812 2443 2883 καιώση
2466 2816 2530 2882 τῇ
2563 2811 2739 2864 πίστει
2770 2812 2895 2873 τοὺς
2912 2812 2968 2861 ἐν
2999 2811 3262 2881 ἁμαρτίᾳ.
3300 2808 3675 2880 Ἐχρήσατοδὲ
3717 2809 3809 2860 καὶ

2231 2904 2525 2975 θεοπρεπεί
2569 2903 2664 2954 καὶ
2716 2902 3001 2972 φιλαγάθῳ
3036 2903 3294 2974 κρίματιο
3350 2900 3665 2953 δεδικαίωκε
3702 2902 3809 2969 γὰρ

2231 2993 2330 3044 οὐκ
2360 2991 2419 3055 ἐξ
2448 2990 2623 3061 ἔργων
2648 2990 3017 3059 δικαιοσύνης,
3046 2990 3181 3043 ἀλλά
3210 2988 3352 3042 κατά
3383 2989 3444 3041 τὸ
3476 2990 3613 3042 πολὺ
3644 2990 3806 3041 αὑτοῦ

2232 3082 2399 3145 ἔλεος
2432 3081 2637 3133 σέσωκε
2667 3081 2723 3132 δὲ
2758 3082 2907 3151 ἡμᾶς
2929 3081 3022 3132 καὶ
3054 3080 3121 3133 δι’
3150 3080 3341 3145 ὓδατος
3379 3081 3472 3134 τοῦ
3515 3080 3674 3147 ἀγίου
3718 3082 3809 3132 καὶ

554 3171 663 3225 imo
692 3172 874 3241 potius
924 3175 1085 3243 periit
1145 3174 1313 3229 draco
1370 3177 1460 3230 ille
1491 3178 1679 3233 multis
1738 3179 2012 3248 capitibus
2044 3178 2127 3232 in—

2237 3174 2519 3243 μυστικοῦ,
2544 3173 2600 3223 ὲν
2697 3171 2984 3242 συνετρίϐη
3018 3173 3111 3224 καὶ
3141 3172 3470 3242 πεπάτηται,
3511 3171 3713 3241 μᾶλλον
3753 3171 3809 3222 δὲ

552 3268 819 3325 structus,
880 3276 945 3317 ac
998 3277 1124 3317 cum
1166 3279 1232 3319 eo
1258 3265 1494 3321 virtutes
1523 3268 1644 3336 ejus
1685 3268 1954 3338 malignae.
2002 3267 2128 3324 Haec

551 3351 791 3404 correxit
832 3350 1037 3407 Christi
1067 3367 1315 3423 regnum.
1363 3353 1420 3409 ιιι
1470 3370 1602 3410 sane
1654 3356 1783 3410 hinc
1813 3359 1989 3426 palam
2020 3367 2125 3423 est,

551 3441 698 3513 quod
726 3458 824 3497 nos
845 3442 1064 3513 quidem
1096 3444 1164 3497 ab
1196 3445 1263 3500 iis
1284 3447 1378 3514 qui
1410 3461 1511 3501 nos
1546 3447 1747 3515 injuste
1790 3448 1844 3500 in
1893 3449 2129 3503 servitu-

551 3543 661 3591 tem
692 3535 1012 3605 redegerant
1035 3536 1247 3592 liberati
1292 3538 1464 3592 simus
1484 3577 1498 3601 ,
1535 3538 1609 3591 illi
1633 3553 1761 3591 vero
1782 3540 2125 3593 condemnati

553 3629 685 3684 sint.
721 3627 845 3683 Haec
870 3630 1071 3699 quippe
1100 3645 1226 3684 vera
1252 3629 1465 3699 justitia
1505 3638 1609 3696 est,
1644 3641 1701 3683 ut
1736 3632 1783 3686 is
1813 3633 1905 3701 qui
1942 3640 2129 3702 tyran-

552 3720 735 3775 nidem
796 3722 1087 3776 exercebat
1154 3721 1405 3776 diabolus
1472 3722 1823 3792 destruatur,
1880 3724 2129 3780 homines

551 3828 682 3867 vero
712 3811 806 3882 qui
861 3812 965 3866 sub
998 3812 1286 3883 tyrannide
1340 3812 1610 3883 degebant
1662 3814 1982 3869 liberentur.
2013 3815 2130 3869 Cae-

551 3913 729 3958 terum
775 3904 830 3959 id
861 3920 1079 3976 quoque
1111 3920 1140 3958 a
1176 3905 1335 3959 nobis
1385 3906 1614 3977 expetit,
1647 3915 1704 3961 ut
1753 3906 2025 3977 justitiam
2076 3916 2131 3962 et

547 3997 815 4066 judicium
842 4005 991 4051 recte
1021 4011 1396 4051 exerceamus.

614 4088 790 4145 Vsus.
825 4090 943 4143 5-7.
985 4088 1133 4159 Ignis
1160 4090 1213 4141 in
1246 4099 1523 4159 conspectu
1553 4092 1665 4161 ejus
1710 4090 2012 4145 exardescet
2033 4130 2047 4155 ,
2081 4099 2131 4144 et

551 4182 903 4251 inﬂammabit
951 4184 1005 4235 in
1055 4184 1279 4236 circuitu
1332 4184 1571 4238 inimicos
1630 4183 1764 4253 ejus.
1830 4183 2129 4239 Illuxerunt

554 4275 768 4343 fulgura
794 4274 905 4343 ejus
941 4274 1054 4328 orbi
1091 4284 1246 4329 terra:
1270 4291 1289 4329 ε
1320 4275 1447 4329 vidit
1478 4286 1528 4329 et
1564 4285 1827 4329 commota
1856 4285 1933 4329 est
1966 4286 2127 4332 terra.

553 4365 760 4421 Montes
790 4366 925 4419 sicut
958 4382 1081 4419 cera
1112 4365 1380 4436 liquefacti
1408 4378 1529 4421 sunt
1571 4386 1603 4421 a
1644 4368 1779 4437 facie
1803 4368 2057 4439 Domini,
2099 4388 2131 4424 a

553 4459 690 4528 facie
745 4457 959 4512 Domini
1021 4460 1189 4512 omnis
1259 4469 1432 4513 terrae.
1496 4462 1958 4517 Anuuutiaverunt
2017 4466 2133 4517 comi

2232 3265 2325 3318 καὶ
2364 3262 2640 3316 ἀπόλωλεν
2685 3264 2713 3315 ὁ
2760 3264 3129 3333 πολυκέφαλος
3178 3264 3427 3335 δράκων,
3456 3265 3551 3316 καὶ
3601 3265 3658 3316 αἱ
3714 3265 3808 3315 σὺν

2230 3358 2377 3429 αὐτῷ
2398 3358 2653 3428 δυνάμεις
2688 3358 2941 3429 πονηραί.
2969 3358 3152 3410 Ταῦτα
3186 3360 3218 3428 ή
3254 3358 3346 3411 τοῦ
3379 3358 3618 3429 Χριστοῦ
3653 3358 3807 3427 βασι-

2230 3450 2347 3502 λεία
2381 3449 2728 3521 κατώρθωσε.
2765 3451 2932 3520 Δῆλον
2971 3450 3028 3502 δὲ
3085 3452 3176 3518 ἀφ’
3220 3444 3294 3503 ὧν
3334 3453 3495 3521 ἡμεῖς
3552 3452 3651 3521 μὲν
3699 3453 3808 3507 τῶν

2232 3539 2749 3592 καταδουλωσάντων
2780 3540 2978 3603 ἀδίκως
3011 3540 3354 3611 ἠλευθερώθη
3366 3559 3483 3611 μεν,
3522 3543 3721 3594 ἐκεῖνοι
3752 3541 3808 3595 δὲ

2233 3631 2655 3703 κατεκρίθησαν.
2686 3632 2857 3685 Τοῦτο
2890 3633 2997 3703 γάρ
3040 3635 3219 3705 κρίσις
3256 3634 3468 3696 δικαία,
3497 3635 3558 3687 τὸ
3581 3635 3671 3687 τὸν
3711 3635 3807 3704 μὲν

2230 3724 2596 3795 τυραννοῦντα
2635 3723 2878 3776 διάϐολον
2907 3723 3171 3787 καθελεῖν,
3198 3726 3324 3787 τοὺς
3351 3724 3407 3776 δὲ
3446 3724 3801 3794 τυραννουμέ-

2231 3831 2356 3877 νους
2391 3812 2708 3886 ἀνθρώπους
2753 3812 3133 3884 ἐλευθερῶσαι.
3166 3814 3312 3885 Πλὴν
3345 3814 3481 3865 ἀλλά
3532 3815 3627 3868 καὶ
3657 3815 3802 3883 ἡμᾶς

2232 3906 2455 3959 ἀπαιτεῖ
2487 3904 2835 3974 δικαιοσύνην
2869 3905 2962 3957 καὶ
2992 3905 3170 3977 κρίσιν
3205 3905 3520 3977 κατορθοζν.

2307 4088 2429 4155 Πῦρ
2463 4088 2719 4143 ἐνώπιον
2754 4087 2942 4142 αὑτοῦ
2988 4087 3389 4155 καυθήσεται,
3438 4090 3537 4141 καὶ
3574 4085 3805 4156 φλογιεῖ

2233 4181 2440 4243 κύκλῳ
2468 4180 2611 4245 τοὺς
2638 4181 2889 4250 ἐχθροὺς
2910 4181 3394 4249 αὐτοῦ.Ἔε.ςαναν
3421 4184 3481 4233 αἱ
3507 4182 3803 4249 ἀστραπαὶ

2233 4271 2418 4325 αὑτοῦ
2443 4270 2518 4339 τῇ
2546 4270 2864 4340 οἰκουμένῃ
2888 4287 2901 4301 ·
2934 4269 3056 4325 εἶδε
3085 4272 3181 4324 καὶ
3213 4272 3514 4339 ἐσαλεύθη
3542 4273 3579 4339 ὴ
3608 4271 3707 4340 τῆ.
3735 4274 3806 4325 Τὰ

2234 4367 2343 4434 ὄρη
2367 4364 2510 4419 ὡσεὶ
2534 4364 2721 4433 κηρὸς
2743 4363 3047 4432 ἔτὰκησαν
3068 4364 3185 4418 ἀπὸ
3209 4365 3536 4432 προσώπου
3566 4368 3804 4433 Kvpiov,

2234 4456 2350 4510 ἀπὸ
2386 4455 2721 4524 πρωσώπου
2749 4456 2969 4524 Κυρίου
2996 4455 3199 4523 πάσης
3229 4455 3340 4523 τῆς
3376 4456 3507 4525 γῆς.
3529 4457 3809 4527 Ἀνήγγει-

554 4551 815 4605 iustitiam
835 4551 1036 4620 ejus,et
1067 4550 1305 4605 viderunt
1326 4567 1501 4605 omnes
1529 4553 1709 4621 populi
1736 4554 1959 4623 gloriam
1991 4557 2126 4623 ejus.

2231 4551 2350 4602 λαν
2379 4552 2430 4602 οἱ
2469 4550 2709 4617 οὐρανοὶ
2734 4547 2849 4616 τὴν
2872 4547 3264 4615 δικαιοσύνην
3299 4550 3507 4613 αὑτοῦ,
3539 4550 3639 4603 καὶ
3664 4551 3814 4604 εἴδο-

556 4639 964 4709 Confundantur
992 4655 1166 4693 omnes
1190 4641 1278 4709 qui
1308 4641 1535 4695 adorant
1582 4644 1870 4711 sculptilia,
1894 4647 1983 4715 qui
2016 4646 2130 4716 glo-

555 4733 764 4785 riantur
790 4732 843 4785 in
879 4731 1035 4786 idolis
1063 4732 1195 4787 suis.
1246 4732 1348 4787 Hic
1404 4734 1669 4789 terribilia
1718 4735 1932 4791 ultricis
1983 4738 2129 4793 illius

558 4824 773 4880 virtutis
787 4824 1079 4895 perigncm
1100 4833 1153 4879 et
1176 4824 1406 4895 fulguris
1432 4827 1796 4896 splendorem,
1814 4844 1932 4898 quae
1961 4830 2014 4883 in
2045 4847 2131 4887 se-

555 4917 738 4971 cundo
763 4916 970 4973 Christi
1003 4916 1237 4972 adventu
1280 4917 1509 4973 videnda
1538 4928 1667 4974 sunt
1688 4922 2029 4991 subindicat;
2069 4941 2133 4978 ac

554 5002 926 5072 evangelicam
957 5004 1410 5061 illuminationem
1465 5010 1705 5076 revelat,
1756 5010 1954 5067 divina:
1996 5030 2133 5085 prae-

557 5093 850 5151 dicationis
885 5111 1188 5162 sermones,
1218 5098 1313 5169 qui
1340 5114 1438 5171 per
1464 5106 1640 5155 totum
1669 5105 1858 5160 orbem
1886 5107 2134 5174 resplen-

557 5185 707 5253 dent,
742 5186 958 5257 fulgura
988 5203 1334 5259 nuncupans.
1394 5187 1581 5262 Neque
1632 5193 1777 5249 enim
1831 5193 2133 5249 dixerimus

557 5290 682 5330 eum
711 5275 961 5348 fulguris,
997 5278 1194 5348 pluvia;
1244 5279 1440 5335 indicis
1464 5319 1480 5345 ,
1521 5281 1852 5337 mentionem
1913 5283 2130 5353 facere;

559 5367 653 5422 sed
692 5366 861 5422 divini
889 5376 942 5423 et
975 5370 1279 5439 spiritua’lis
1320 5370 1546 5427 luminis
1581 5369 1867 5442 fulgorem,
1901 5372 2134 5444 fulguris

560 5458 781 5513 nomine
813 5461 1118 5529 signiﬁcat;
1153 5471 1246 5516 aut
1276 5462 1509 5519 fortasse
1540 5463 1755 5535 fulgura
1797 5465 2001 5521 Christi
2041 5483 2135 5522 vo-

561 5558 648 5603 cat
679 5566 793 5615 eos,
819 5553 912 5621 qui
947 5568 1162 5608 sacrum
1197 5557 1392 5612 divinae
1423 5567 1475 5613 et
1504 5559 1830 5627 evangelica:
1871 5560 2136 5631 praedica-

562 5642 726 5696 tionis
758 5659 955 5699 munus
987 5647 1275 5718 obierunt,
1307 5650 1361 5705 id
1398 5657 1483 5707 est
1510 5652 1789 5723 apostolos
1812 5660 1864 5709 et
1899 5669 2135 5725 evange-

629 5822 674 5855 ⁸⁷
716 5822 859 5881 Psal.
897 5840 1008 5883 xm
1032 5865 1047 5893 ,
1084 5826 1172 5883 12.

2232 4655 2353 4693 σαν
2378 4639 2600 4705 πάντες
2622 4643 2676 4693 οὶ
2700 4641 2835 4693 λαοὶ
2863 4640 2977 4708 τὴν
3006 4640 3195 4704 δόξαν
3221 4641 3428 4695 αὐτοῦ.
3467 4644 3815 4712 Naxos-01}-

2231 4747 2433 4785 τωσαγ
2462 4730 2683 4797 πάντες
2720 4735 2773 4785 οἱ
2812 4733 3297 4800 προσκυνοῦντες
3336 4732 3460 4798 τοῖς
3504 4738 3814 4803 γλυπτοῖς,

2233 4826 2287 4877 οι
2318 4823 2755 4893 ἐγκαυχώμενοι
2793 4824 2863 4877 ἐν
2902 4825 3025 4891 τοῖς
3050 4825 3318 4891 εἱδὼλοις
3341 4826 3560 4880 αὐτῶν.
3581 4829 3671 4881 Ἐν
3696 4831 3817 4882 τούς

2232 4933 2345 4979 τοις
2366 4916 2435 4969 τὰ
2460 4917 2665 4987 φοϐερὰ
2683 4917 2781 4987 τῆς
2806 4918 3233 4988 ἀνταποδοτικῆς
3250 4919 3535 4990 δυνάμεως
3565 4921 3815 4973 emam-

2235 5024 2373 5069 νυσι,
2409 5008 2497 5060 διὰ
2522 5007 2613 5060 τοῦ
2649 5008 2819 5079 πυρὸς
2850 5013 2942 5063 καὶ
2968 5012 3067 5081 τῆς
3099 5011 3417 5081 διαττούσης
3448 5014 3740 5084 ἀστραπῆς
3763 5016 3818 5066 ὲν

2233 5098 2298 5166 τῇ
2326 5097 2551 5166 δευτέρᾳ
2577 5097 2812 5168 Χριστοῦ
2836 5099 3108 5169 παρουσίᾳ
3127 5116 3141 5129 ο
3168 5099 3494 5153 ἐκκαλύπτεν
3522 5102 3579 5153 δὲ
3611 5104 3703 5155 καὶ
3724 5103 3820 5173 τὴν

2235 5187 2592 5258 εὐαγγελικὴν
2623 5190 3004 5257 φωταγωγίαν,
3034 5191 3319 5261 ἀστραπὰς
3352 5190 3527 5259 λέγων
3566 5194 3695 5256 τοὺς
3725 5194 3817 5246 τοῦ

2236 5275 2378 5327 θείου
2414 5277 2762 5348 κηρύγματος
2789 5278 3001 5346 λόγους,
3035 5283 3083 5334 οἳ
3115 5281 3256 5334 κατὰ
3288 5283 3469 5353 πάσης
3507 5284 3608 5353 τῆς
3636 5288 3818 5338 οἰκου-

2240 5369 2406 5439 μένης
2433 5369 2822 5441 ὲκλάμπουσιν,
2850 5373 2925 5425 Οὐ
2949 5372 3056 5445 γὰρ
3080 5373 3252 5444 δήπου
3281 5376 3481 5445 φαμὲν,
3505 5377 3587 5429 ὅτι
3618 5378 3717 5447 τῆς
3741 5380 3820 5440 εἰς

2238 5462 2425 5523 ὑετοὺς
2450 5464 2822 5534 γεγενημένης
2847 5467 3132 5536 ἀστραπῆς
3158 5470 3391 5520 ἐποιεῖτο
3418 5470 3661 5539 μνήμην,
3684 5470 3821 5522 ἀλλά

2237 5550 2335 5620 τὴν
2367 5550 2458 5603 τοῦ
2499 5552 2643 5605 θείου
2678 5557 2773 5606 καὶ
2822 5556 3013 5625 νοητοῦ
3049 5558 3225 5625 φωτὸς
3268 5559 3579 5630 ἀνάλαμψιν
3610 5560 3689 5631 τῷ
3719 5562 3822 5631 τῆς

2238 5644 2523 5715 ἀστραπῆς
2548 5648 2944 5719 κατασημαίνει
2975 5650 3194 5721 ὀνόματι
3212 5668 3223 5680 ·
3251 5651 3284 5721 ἢ
3314 5653 3599 5723 ἀστραπὰς
3626 5655 3822 5724 ὀνομά-
