4068 6394
216 391 351 447 129.9

1327 385 1832 444 COMMENTARIA
1872 384 1939 439 IN
1978 381 2316 440 PSALMOS.

3318 379 3453 435 1250

213 503 320 569 ζων
343 501 598 575 Χριστοῦ,
632 503 756 564 τοὺς
784 502 843 554 τὸ
874 502 1013 556 θεῖον
1056 504 1151 556 καὶ
1186 503 1537 573 εὐαγγελικὸν
1577 505 1788 575 ἱερουρ-

1901 502 2065 564 listas,
2098 499 2190 570 qui
2215 500 2385 553 instar
2412 496 2633 551 luminis
2670 498 2859 551 orbem
2888 505 3156 553 terrarum
3204 496 3449 551 illustra—

213 596 441 664 γοῦντας
469 596 746 666 κήρυγμα,
774 594 1051 647 τουτέστιν
1082 596 1410 659 ἀποστόλους
1434 597 1529 649 καὶ
1558 596 1786 664 εὐαγγε-

212 687 416 750 λιστάς,
445 688 496 740 οἳ
516 685 692 755 φωτὸς
722 685 875 757 δίκην
913 687 1011 757 τὴν
1044 688 1368 759 οἰκουμένην
1406 686 1779 757 κατέλαμψαψ

212 775 293 843 οἷς
320 780 412 832 καὶ
438 778 597 841 αὐτὸς
619 778 722 850 ἔφη
744 779 977 852 Χριστός
998 795 1013 810 ·
1058 780 1242 849 Ὑμεῖς
1270 779 1410 832 ἐστε
1434 778 1499 831 τὸ
1528 778 1653 847 φῶς
1682 775 1786 830 τοῦ

213 869 459 937 κόσμου.
486 867 604 932 Φῶς
628 869 726 939 μὲν
758 870 866 940 γὰρ
892 869 952 923 τὸ
975 869 1225 941 ἀληθινὸν
1252 870 1413 932 αὐτός
1444 871 1589 921 ἐστιν
1612 871 1640 922 6
1662 869 1786 931 Υἱὸς

213 959 604 1028 καταφωτίζων
641 961 857 1015 ἃπασαν
891 961 1065 1013 κτίσιν
1096 961 1336 1031 λογικήν.
1357 960 1574 1031 Ἐπειδὴ
1605 959 1659 1012 δὲ
1692 976 1788 1028 γε·-

213 1049 401 1117 γόνασι
434 1048 647 1119 μέτοχοι
672 1050 767 1102 τοῦ
803 1051 933 1121 παρ’
957 1050 1120 1103 αὐτοῦ
1144 1051 1322 1121 φωτὸς
1350 1052 1443 1103 καὶ
1471 1051 1624 1103 αὐτοὶ
1650 1049 1789 1103 κατὰ

213 1140 274 1193 τό
293 1157 305 1169 ·
334 1141 650 1208 Ἀνθρακες
674 1138 1035 1209 ἀνήφθησαν
1062 1142 1160 1194 ἀπ’
1184 1142 1393 1204 αὑτοῦ,
1422 1140 1789 1213 χρηματίζου-

215 1247 270 1284 σι
298 1230 412 1299 φῶς
442 1229 537 1283 τοῦ
577 1230 803 1300 κόσμου.
836 1225 992 1284 Οὗτοι
1022 1232 1201 1286 τοίνυν
1236 1231 1487 1305 καθάπερ
1515 1232 1791 1303 ἀστραπαὶ⁸

214 1322 470 1391 γεγόνασι
501 1323 566 1391 τῇ
598 1321 687 1373 ὑπ’
720 1320 946 1391 οὐρανὸν
977 1308 1355 1394 διατρέχοντες
1377 1321 1675 1392 πανταχοῦ,
1699 1321 1793 1375 καὶ

215 1413 278 1467 τὸ
306 1412 447 1466 θεῖον
470 1413 562 1465 καὶ
587 1411 773 1483 νοητὸν
797 1414 916 1475 ταῖς
950 1412 1055 1466 τῶν
1083 1431 1437 1483 μυσταγωγου
1447 1414 1624 1484 μένων
1640 1420 1791 1484 ’καρ-

215 1505 353 1568 δίαις
382 1505 775 1575 είσπέμπονται
806 1504 938 1572 φῶς.
962 1506 1070 1557 Καὶ
1092 1505 1202 1576 πῦρ
1229 1505 1285 1557 δέ
1308 1522 1471 1575 φησιν
1499 1507 1526 1557 6
1553 1504 1792 1574 ψάλλων,

216 1598 276 1651 οὐ
310 1597 526 1659 πάντως
563 1595 718 1649 τοῦτο
744 1595 804 1648 τὸ
832 1596 1106 1666 αἰσθητὸν,
1134 1594 1263 1647 οὔτε
1309 1597 1413 1666 μὴν
1455 1597 1549 1667 τὴν
1586 1594 1795 1666 ὁρωμέ-

216 1707 315 1760 νην
347 1689 538 1759 φλόγα,
564 1688 698 1741 ἀλλά
725 1687 874 1742 θείαν
902 1688 1023 1741 τινὰ
1049 1686 1278 1757 δύναμιν
1306 1688 1513 1757 ἄμαχον
1544 1688 1637 1739 καὶ
1668 1685 1794 1737 δυσ-

217 1782 445 1852 άντητον
468 1781 560 1834 καί⁵
587 1780 998 1849 δυσδιάφυκτον,
1033 1779 1200 1851 πυρὸς
1228 1778 1382 1848 δίκην
1410 1777 1795 1831 κατεσθίουσαν

216 1874 342 1936 τοὺς
373 1872 752 1944 ἐχθραίνοντας
799 1871 966 1942 αὐτῷ.
999 1866 1158 1925 Οῦτοι
1206 1870 1261 1922 δὲ
1302 1866 1441 1941 ἦσαν
1474 1870 1568 1922 καὶ
1602 1868 1705 1938 πρό
1728 1886 1791 1937 γε
1828 1858 1869 1911 Β

216 1961 324 2016 τῶν
349 1961 522 2016 ἄλλων
541 1962 590 2014 οἱ
615 1960 883 2032 ἀλιτήριοι
905 1960 1157 2030 δαίμονες
1184 1959 1276 2011 καὶ
1305 1961 1332 2011 6
1356 1962 1455 2028 τῆς
1478 1956 1677 2028 ἀγέλης
1699 1957 1795 2010 αὑ-

217 2052 326 2107 τῶν
361 2054 656 2122 ἐπιστάτης
676 2069 689 2082 ·
724 2052 909 2105 τοῦτον
941 2051 1265 2120 κατέφλεξεν
1296 2053 1323 2103 6
1352 2050 1541 2120 Σωτὴρ
1568 2052 1677 2112 τοῖς
1709 2048 1794 2102 ἄλ-

218 2146 329 2209 λοις
362 2145 516 2213 ὁμοῦ.
552 2146 624 2199 Οὐ
654 2145 762 2216 γὰρ
791 2140 857 2215 ἦν
884 2144 1081 2213 ἑτέρως
1117 2142 1387 2207 ἐξελέσθαι
1417 2143 1542 2203 τοὺς
1575 2142 1666 2194 ἐπὶ
1698 2142 1795 2211 τῆς

218 2235 323 2305 γῆς
354 2235 445 2287 ὑπ’
467 2233 614 2305 αὐτῷ
653 2234 992 2304 γενομένους,
1018 2235 1065 2286 εί
1098 2234 1171 2304 μὴ
1208 2233 1455 2303 καθάπερ
1484 2250 1536 2286 τι
1563 2230 1674 2301 πῦρ
1700 2233 1795 2283 ἐπ-

219 2328 429 2397 αφῆκεν
458 2325 716 2397 αὐτῷτὴν
737 2325 1061 2379 δαπανῶσάν
1089 2342 1145 2377 τε
1178 2325 1270 2377 καί
1302 2324 1666 2393 ἀφανίζουσαν
1694 2324 1793 2375 αὑ-

218 2419 309 2471 τὸν
332 2419 522 2491 όργήν.
544 2416 727 2481 Οὕτως
750 2417 982 2482 ἐξείλετο
1008 2417 1133 2480 τοὺς
1158 2418 1248 2470 ὑπ’
1264 2416 1427 2470 αὑτοῦ
1452 2416 1792 2486 γενομένους,

224 2510 428 2563 σέσωκε
456 2510 581 2573 τοὺς
609 2512 665 2563 ἐν
695 2510 1054 2582 αἰχμαλωσίᾳ,
1079 2509 1346 2581 ἐρρύσατο
1367 2510 1491 2572 τοὺς
1519 2509 1796 2581 πεπλανη-

226 2601 438 2670 μένους,
474 2601 567 2654 καί
599 2603 678 2665 εἰς
708 2601 768 2653 τὸ
795 2601 895 2671 τῆς
918 2602 1176 2673 ἀληθείας
1211 2600 1433 2655 ἐκάλεσε
1480 2600 1613 2669 φῶς.
1644 2601 1796 2671 Τάχα

222 2691 278 2743 δέ
309 2692 480 2763 πυρὸς
510 2692 603 2745 καὶ
632 2693 914 2763 ἀστραπῆς
946 2692 1345 2763 ἐμνημόνευσεν
1370 2695 1397 2746 6
1419 2692 1599 2757 Δαυῒδ,
1631 2694 1796 2764 ἤγουν

224 2780 420 2848 φλογὸς
452 2782 545 2834 καὶ
589 2782 761 2851 φωτός
788 2800 800 2813 ·
835 2781 1020 2851 ἐπειδὴ
1052 2783 1213 2853 διπλῆ
1247 2783 1338 2837 τοῦ
1370 2784 1539 2855 πυρὸς
1580 2786 1613 2854 ἡ
1643 2785 1792 2855 ἐνέρ-

222 2888 379 2941 γεια·
423 2872 482 2925 οὐ
514 2872 620 2945 γάρ
655 2875 812 2944 μόνον
843 2875 903 2927 τὸ
927 2876 1121 2938 καίειν,
1152 2874 1287 2929 ἀλλὰ
1320 2877 1413 2928 καὶ
1454 2876 1515 2928 τὸ
1545 2875 1796 2945 φωτίζειν

223 2966 367 3034 ἔχει’
402 2965 496 3019 καὶ
542 2966 602 3019 τὸ
649 2966 746 3037 μὲν
778 2966 892 3036 φῶς
921 2971 1032 3032 τοῖς
1066 2968 1293 3032 δικαίοις
1318 2968 1726 3039 ἀποχαρίζεται,
1761 2972 1795 3042 ὴ

224 3057 281 3108 δὲ
314 3056 504 3121 καῦσις
529 3060 641 3121 τοῖς
671 3059 1005 3130 παρανόμοις
1025 3060 1346 3132 ἀφώρισται.
1374 3060 1559 3114 Ταῦτα
1583 3061 1797 3132 καὶτῆς

224 3147 480 3220 δευτέρας
515 3151 830 3220 ἐπιφανείας
861 3151 929 3205 τὰ
959 3152 1334 3207 θεσπίσματα·
1364 3153 1535 3207 ταῦτα
1570 3154 1662 3207 καὶ
1693 3155 1797 3207 Δα-

225 3238 346 3309 νιὴλ
384 3239 644 3295 ἐθεάσατο
665 3260 677 3273 ·
709 3244 998 3312 Ποταμὸς,
1032 3245 1141 3314 γάρ
1188 3262 1341 3316 φησι,
1377 3245 1567 3314 πυρὸς
1599 3241 1802 3299 εἷλκεν

225 3334 560 3403 ἔμπροσθεν
591 3335 776 3389 αὑτοῦ
798 3352 811 3364 ·
844 3335 937 3389 καὶ
957 3338 986 3388 6
1014 3335 1214 3406 Κύριος
1233 3333 1404 3399 εἶπεν,
1432 3337 1507 3399 ὡς
1533 3339 1566 3408 ἡ
1595 3352 1800 3407 παρου-

231 3427 321 3478 σία
366 3426 529 3479 αὑτοῦ
570 3426 721 3479 ἔσται
754 3427 828 3490 ὡς
856 3429 889 3496 ἡ
916 3427 1024 3480 ἀπὸ
1070 3428 1343 3481 ἀνατολῶν
1389 3428 1548 3499 μέχρι
1583 3425 1801 3497 δυσμῶν

230 3517 503 3586 φθάνουσα
533 3519 806 3589 ἀστραπή.
839 3518 911 3571 Τὸ
954 3518 1051 3589 μὲν
1093 3517 1203 3591 πῦρ
1229 3518 1394 3572 αὐτοῦ
1434 3517 1803 3589 προπορεύσε-

228 3628 319 3665 ται
339 3612 502 3665 ’ἑνεκα
519 3611 625 3664 τῶν
645 3611 852 3683 ἐχθρῶν
869 3610 1033 3664 αὐτοῦ
1052 3628 1065 3641 ·
1096 3610 1205 3664 τῶν
1231 3610 1288 3664 δὲ
1315 3608 1550 3663 εὐσεϐῶν
1573 3610 1666 3663 καὶ
1687 3609 1804 3661 θεο-

229 3704 400 3773 φιλῶν
447 3703 653 3776 ἀνδρῶν
701 3706 858 3775 χάριν
904 3704 1179 3775 ἀστραπαὶ
1207 3701 1370 3756 αὐτοῦ
1402 3705 1465 3755 ἐκ
1492 3700 1588 3755 τοῦ
1633 3698 1798 3754 αὑτοῦ

231 3796 408 3865 φωτὸς
457 3796 870 3867 ἐκπεμπόμεναι
917 3796 1037 3849 ἀντὶ
1084 3795 1234 3866 ἡλίου
1267 3793 1676 3864 καταλάμψουσι
1702 3790 1800 3861 τὴν

230 3888 569 3960 οἰκουμένην.
618 3889 679 3940 Εἰ
707 3888 815 3958 γὰρ
858 3888 977 3940 τότε
1021 3890 1053 3941 ὀ
1094 3887 1264 3955 ἥλιος
1311 3886 1797 3953 σκοτισθήσεται,

1887 603 2048 646 runt:
2083 593 2282 661 quibus
2338 591 2500 644 etiam
2546 589 2797 646 Christus
2842 590 3017 658 dixit,
3068 589 3169 643 Vos
3200 590 3326 643 estis
3360 587 3453 641 (ua:

1887 684 2070 737 mundi
2100 684 2165 738 ⁸⁸.
2221 682 2355 737 Nam
2403 697 2531 737 vera
2564 684 2656 736 lux
2711 691 2793 737 est
2827 684 2941 751 ipse
2972 680 3163 745 Filius,
3205 681 3299 752 qui
3330 696 3453 735 om—

1887 792 2011 832 nem
2032 784 2338 831 creaturam
2382 776 2760 831 rationabilem
2805 775 3097 828 illuminat.
3142 773 3280 840 Quia
3327 788 3456 829 vero

1887 869 2026 923 lucis
2054 869 2200 923 illius
2232 869 2522 939 participes
2546 868 2768 924 fuerunt
2798 868 3101 923 secundum
3139 867 3295 931 illud,
3318 866 3456 921 Car-

1889 957 2043 1011 bones
2072 957 2307 1010 succensi
2332 966 2455 1011 sunt
2494 957 2557 1010 ab
2588 974 2646 1011 eo
2678 958 2743 1023 ⁸⁹,
2777 957 2898 1012 ideo
2962 958 3056 1012 lux
3111 967 3239 1013 sunt
3292 958 3455 1026 hujus

1888 1047 2101 1102 mundi.
2133 1046 2201 1101 Hi
2231 1049 2415 1118 itaque
2446 1048 2610 1104 veluti
2640 1048 2855 1119 fulgura
2892 1047 3015 1102 facti
3061 1058 3187 1103 sunt
3215 1090 3229 1114 ,
3285 1057 3455 1105 totam

1890 1140 2091 1211 ubique
2123 1148 2319 1195 terram
2367 1147 2776 1210 percurrentes,
2828 1156 2890 1194 ac
2917 1140 3157 1195 divinam
3197 1143 3457 1212 spiritua-

1889 1231 2107 1302 lemque
2160 1231 2337 1286 lucem
2396 1231 2733 1286 initiatorum
2807 1230 3063 1287 cordibus
3132 1232 3452 1287 immittunt.

1890 1322 2071 1394 Ignem
2099 1339 2263 1395 porro
2291 1324 2582 1381 Psalmista
2610 1324 2760 1389 dicit,
2789 1340 2897 1379 non
2917 1324 3063 1380 hunc
3094 1327 3406 1381 sensibilem
3436 1365 3453 1390 ,

1892 1433 2069 1487 neque
2091 1414 2362 1471 ﬂammam
2388 1416 2532 1469 illam
2553 1431 2673 1486 qua:
2712 1415 2814 1471 sub
2839 1427 3115 1485 aspectum
3146 1418 3326 1483 cadit;
3362 1418 3457 1471 sed

1894 1505 2130 1559 divinam
2177 1505 2468 1574 quamdam
2516 1506 2769 1559 virtutem
2822 1505 3328 1576 inexpugnabilem,
3371 1507 3459 1560 cui

1895 1613 2003 1652 non
2035 1597 2248 1664 obsisti,
2280 1613 2399 1668 quae
2430 1613 2541 1651 non
2583 1597 2745 1668 effugi
2776 1605 2990 1669 potest,
3038 1613 3161 1668 qua:
3189 1599 3331 1669 ignis
3369 1598 3457 1651 in-

1897 1697 2011 1745 star
2034 1690 2219 1745 hostes
2264 1705 2394 1744 suos
2427 1689 2671 1745 devorat.
2705 1689 2771 1744 Hi
2802 1701 2979 1745 autem
3004 1697 3178 1754 erant,
3201 1703 3313 1760 prae
3338 1689 3462 1746 aliis

1898 1780 2192 1851 perniciosi
2219 1780 2494 1836 daemones
2518 1819 2534 1845 ,
2578 1788 2631 1835 et
2680 1781 2861 1852 gregis
2908 1796 3098 1836 eorum
3129 1779 3417 1852 praefectus
3442 1819 3461 1847 ,

1897 1887 2057 1942 quem
2090 1852 2339 1926 Salvator
2382 1866 2671 1927 cum‘aliis
2712 1873 3031 1928 combussit.
3086 1870 3273 1942 Neque
3327 1873 3464 1930 alias

1898 1963 2262 2048 ροισι-θοι.ᾳυί
2290 1963 2345 2017 ἰιι
2375 1970 2518 2017 terra
2546 1964 2624 2017 illi
2642 1964 2873 2035 subjecti
2895 1971 3051 2019 erant
3083 1964 3326 2027 liberari,
3352 1965 3459 2020 nisi

1897 2071 1996 2111 ceu
2018 2056 2213 2128 ,ignem
2234 2056 2541 2127 quempiam
2572 2057 3032 2127 consumptricem
3063 2056 3130 2111 ad
3164 2058 3460 2127 perniciem

1900 2157 1956 2203 et
1984 2134 2435 2214 destructionem,
2474 2150 2607 2203 iram
2639 2165 2793 2204 suam
2842 2151 3159 2206 immisissct
3197 2153 3252 2206 in
3285 2152 3461 2206 illum.

1900 2241 1990 2295 Sic
2012 2240 2103 2295 ille
2128 2241 2378 2296 liberavit
2428 2257 2521 2297 eos
2557 2242 2650 2310 qui
2682 2242 2883 2297 subditi
2942 2241 3193 2305 fuerant,
3222 2243 3465 2312 captivos

1899 2330 2121 2400 eripuit,
2186 2340 2437 2387 errantes
2484 2330 2731 2396 reduxit,
2777 2340 2833 2387 et
2878 2332 2936 2387 in
2993 2333 3236 2389 veritatis
3286 2334 3461 2389 lucem

1898 2421 2163 2477 evocavit.
2204 2420 2458 2479 Fortasse
2505 2439 2634 2478 vero
2669 2423 2808 2494 ignis
2839 2431 2894 2478 et
2938 2424 3169 2496 fulguris
3219 2425 3465 2481 meminit

1899 2512 2090 2576 David,
2121 2514 2369 2570 videlicet
2389 2515 2618 2571 flammae
2644 2527 2696 2572 et
2736 2516 2905 2583 lucis;
2966 2518 3093 2587 quia
3121 2518 3318 2589 duplex
3353 2519 3465 2589 igni

1898 2607 2136 2662 ellicacia
2164 2609 2307 2663 inest
2335 2627 2349 2662 :
2382 2624 2493 2663 non
2522 2609 2665 2664 enim
2695 2610 2883 2665 urendi
2931 2609 3130 2676 solum,
3161 2611 3256 2666 sed
3299 2612 3461 2665 etiam

1899 2693 2243 2749 illuminandi
2280 2696 2386 2749 vim
2436 2695 2633 2765 habet;
2684 2712 2747 2751 ac
2797 2698 2970 2752 lucem
3023 2696 3240 2769 quidem
3292 2699 3462 2769 justis

1901 2785 2165 2856 impertit,
2190 2787 2497 2842 combustio
2521 2795 2700 2844 autem
2739 2789 2941 2859 iniquis
2965 2796 3297 2845 reservatur.
3339 2789 3465 2845 Haec

1901 2883 2030 2931 sunt
2058 2877 2280 2933 secundi
2311 2880 2577 2934 adventus
2609 2880 2858 2935 vaticinia
2886 2899 2898 2935 :
2931 2881 3045 2935 haec
3078 2879 3266 2936 Daniel
3286 2881 3421 2937 vidit
3445 2920 3464 2946 ,

1903 2985 2026 3023 nam
2045 2971 2138 3035 ait,
2159 2969 2378 3024 Flavius
2396 2973 2574 3042 igneus
2599 2972 2833 3027 trahebat
2866 2974 2917 3027 in
2947 2984 3221 3042 conspectu
3242 2973 3354 3043 ejus
3380 2975 3462 3041 9°;

1902 3069 1956 3116 et
1983 3061 2243 3117 Dominus
2276 3045 2441 3125 dicit,
2495 3063 2784 3119 adventum
2819 3078 3020 3130 suum,
3071 3072 3130 3118 ut
3188 3065 3367 3136 fulgur
3397 3066 3469 3122 ab

1903 3154 2110 3211 oriente
2135 3155 2201 3210 ad
2225 3155 2560 3210 occidentem
2602 3157 2934 3228 pertingens,
2964 3156 3206 3212 futurum
3249 3173 3373 3215 esse
3395 3158 3467 3216 ⁹¹.

1901 3245 2046 3317 Ignis
2092 3247 2308 3317 quidem
2364 3248 2483 3316 ejus
2533 3247 2800 3317 praecedet
2857 3248 3204 3304 inimicorum
3259 3264 3467 3316 causa;

1904 3340 2202 3393 amicorum
2231 3353 2361 3393 vero
2389 3353 2453 3392 ac
2482 3339 2861 3408 religiosorum
2916 3339 3194 3395 hominum
3250 3341 3424 3410 gratia
3451 3380 3468 3405 ,

1901 3429 2115 3502 fulgura
2137 3445 2167 3483 a
2190 3431 2311 3485 luce
2335 3430 2453 3499 ejus
2472 3430 2672 3485 emissa
2694 3430 2815 3485 loco
2846 3432 2976 3486 solis
3003 3432 3188 3487 orbem
3223 3432 3469 3487 illustra-

1903 3526 2058 3580 bunt.
2093 3522 2149 3577 Si
2173 3522 2317 3578 enim
2350 3530 2483 3577 tunc
2520 3522 2600 3576 sol
2630 3521 3026 3587 obscurabitur,
3081 3532 3132 3577 et
3192 3523 3320 3576 luna
3364 3541 3471 3579 non

1904 3612 2049 3666 dabit
2077 3612 2249 3665 lumen
2282 3627 2467 3673 suum,
2517 3618 2566 3663 et
2599 3609 2767 3665 stella:
2798 3610 2989 3664 cadent
3029 3610 3091 3664 de
3119 3610 3244 3665 caelo
3279 3612 3347 3676 ",
3385 3627 3470 3667 se-

1906 3702 2144 3758 cundum
2175 3700 2474 3755 Salvatoris
2502 3699 2843 3768 doctrinam;
2876 3700 3021 3755 unde
3061 3700 3196 3756 alias
3230 3701 3469 3755 mundus

1907 3792 2323 3857 illuminabitur,
2354 3791 2457 3846 nisi
2482 3806 2548 3845 ex
2576 3792 2735 3862 ipso?
2768 3791 3205 3862 quandoquidem
3238 3798 3323 3847 est
3354 3791 3471 3861 ipse

1910 3884 2171 3939 Dominus
2204 3885 2294 3937 lux
2321 3890 2543 3938 aeterna.

232 3979 329 4032 καὶ
353 3980 407 4049 ιὴ
443 3978 675 4047 σελήνη
704 3981 772 4032 οὐ
806 3978 983 4032 δώσει
1027 3979 1092 4032 τὸ
1132 3977 1351 4047 φέγγος
1377 3978 1588 4046 αὐτῆς,
1618 3979 1715 4033 καὶ
1746 3982 1801 4032 ol
1838 3978 2087 4046 ἀστέρες
2114 3978 2438 4031 πεσοῦνται
2470 3977 2533 4030 ἐκ
2589 3975 2695 4030 τοῦ
2733 3975 3012 4044 οὐρανοῦ,
3048 3974 3190 4029 κατά
3219 3973 3317 4046 τὴν
3368 3991 3476 4028 σω·-

232 4076 417 4146 τήριον
461 4073 802 4128 διδασκαλίαν
821 4092 833 4103 ·
871 4075 1033 4129 πόθεν
1083 4073 1302 4129 ἄλλοθεν
1355 4073 1751 4145 φωτισθήσεται
1776 4077 1805 4128 6
1842 4075 2044 4144 κόσμος
2069 4075 2116 4127 εἰ
2139 4072 2214 4145 μὴ
2238 4071 2295 4139 ἐξ
2322 4069 2484 4125 αὑτοῦ
2506 4088 2517 4098 ·
2557 4069 2881 4141 Ἐπειδήπεο
2902 4070 3049 4124 ἐστὶν
3067 4068 3227 4132 αὐτὸς
3265 4068 3294 4120 ὁ
3359 4065 3475 4120 Κύ-

234 4183 348 4237 ριος
380 4165 495 4234 φῶς
525 4166 757 4223 αἰώνιον.

301 4282 771 4349 Προσκυνήσατε
820 4282 980 4349 αὐτῷ
1026 4283 1247 4351 πάντες
1292 4284 1531 4355 ἄγγελοι
1578 4282 1763 4337 αὐτοῦ
1783 4298 1797 4311 °

230 4371 463 4443 ⁴ἣκουοέ
495 4373 595 4427 ναὶ
616 4375 918 4443 εὐφράνθη
952 4376 991 4443 ἠ
1030 4376 1201 4440 Σιὼν,
1227 4377 1325 4429 καὶ
1353 4373 1800 4446 ἠγαλλιάσαπο

1976 4276 2142 4333 Vens.
2174 4274 2325 4331 8-12.
2360 4272 2594 4327 Adorate
2619 4289 2737 4327 eum
2760 4290 2935 4327 omnes
2980 4274 3153 4344 angeli
3184 4276 3297 4345 ejus
3324 4291 3345 4330 :
3373 4295 3474 4332 au-

1907 4370 2035 4424 divit
2068 4377 2117 4423 et
2151 4367 2333 4421 lwtata
2349 4373 2428 4419 est
2446 4364 2595 4427 Sion,
2614 4374 2663 4417 et
2686 4365 3079 4420 exsultaverunt
3108 4367 3239 4435 ﬁlia:
3269 4367 3476 4426 Judcew

232 4467 292 4518 al
314 4463 629 4533 θυγατέρες
668 4464 778 4533 τῆς
817 4466 1099 4531 Ἰουδαίας
1141 4466 1349 4520 ἕνεκεν
1370 4465 1489 4519 τῶν
1514 4466 1798 4535 κριμάτωιν

1908 4469 2126 4551 propter.
2140 4459 2347 4530 judicia
2401 4466 2525 4523 tua,
2578 4456 2820 4511 Domine.
2875 4456 3007 4512 Sion
3037 4460 3255 4528 quidem
3288 4461 3477 4520 Eccle-

232 4570 371 4619 σου,
394 4555 587 4622 Κύριε.
612 4553 749 4608 Σιὼν
777 4554 874 4623 μὲν
902 4555 997 4625 τὴν
1026 4555 1346 4625 Ἐκκλησίαν
1369 4555 1602 4626 Χριστοῦ
1630 4554 1805 4626 ὑπάρ-

232 4664 349 4717 χειν
380 4647 572 4710 ίστέον,
600 4646 899 4718 θυγατέρας
938 4646 994 4699 δὲ
1037 4647 1134 4718 τῆς
1173 4645 1424 4710 Ἰουδαίας
1447 4646 1545 4709 τὰς
1572 4646 1803 4700 ἀποστο-

231 4737 391 4800 λικάς
436 4736 610 4807 ψυχὰς
660 4738 767 4790 ἀπὸ
813 4738 907 4791 τοῦ
953 4737 1214 4791 Ἰουδαίων
1245 4736 1429 4801 ἔθνους
1459 4737 1801 4801 διελθούσας·

232 4830 289 4883 αἳ
320 4829 385 4899 δὴ
420 4830 511 4883 καὶ
543 4829 907 4900 ἐμπίπλανται
933 4830 1268 4901 εὐφροσύνης
1300 4831 1391 4882 καὶ
1414 4829 1803 4898 ἀγαλλιάσεως,

237 4919 603 4991 μανθάνουσαι
639 4920 765 4991 περὶ
790 4918 897 4972 τῶν
922 4919 1201 4990 χριμάτων
1232 4920 1327 4972 τοῦ
1355 4920 1581 4992 Κυρίου,
1611 4918 1719 4971 τῶν
1745 4936 1805 4971 τε

232 5016 347 5076 τοῖς
379 5012 784 5083 εἰδωλολάτραις
816 5011 1190 5081 ἀποκειμένων
1228 5012 1526 5083 τιμωριῶν,
1557 5010 1653 5065 καὶ
1697 5009 1805 5064 τ’ῶν

234 5105 348 5166 τοῖς
372 5102 546 5158 ἔθνεσι
565 5103 946 5175 τετηρημένων
973 5102 1332 5172 ἐπαγγελιῶν.
1348 5104 1586 5167 Εἰκότως
1609 5103 1667 5157 δὲ
1685 5103 1804 5174 χαί-

239 5212 420 5267 ρουσιν
444 5195 537 5249 ἀτε
559 5194 706 5266 αὐτῷ
736 5194 1107 5265 ἀνακείμεναι,
1134 5196 1225 5248 καὶ
1255 5195 1566 5260 ἐλπίζουσαι
1596 5194 1695 5265 τῆς
1718 5195 1805 5247 ἐν-

234 5288 387 5352 δόξου
420 5287 581 5340 αὐτοῦ
610 5289 910 5360 παρουσίας
956 5285 1606 5361 καταξιωθήσεσθαι.“οτι
1640 5286 1722 5341 σὺ
1753 5282 1815 5341 ετ

236 5379 452 5445 Κύριος
490 5381 522 5431 d
561 5379 842 5447 Ὕψιστος
875 5379 974 5433 ἐπὶ
1011 5376 1216 5434 πᾶσαν
1246 5378 1361 5447 τὴν
1398 5379 1533 5449 γῆν,
1571 5379 1808 5448 σφόδρα

234 5470 638 5537 ὑπερυψώθης
659 5468 809 5538 ὑπὲρ
832 5455 1060 5533 πάντας
1080 5468 1221 5534 τοὺς
1243 5470 1434 5535 θεούς.
1454 5472 1518 5522 01
1537 5453 1808 5539 ἀγαπῶν-

236 5576 338 5623 τες
371 5558 477 5611 τὸν
499 5561 737 5628 Κύριον,
755 5558 982 5629 μισεῖτε
1021 5560 1314 5627 πονηρόνο
1355 5558 1660 5628 φυλάσσει
1700 5560 1810 5613 K6-

238 5668 365 5719 ριος
388 5650 493 5717 τὰς
508 5653 709 5722 ψυχὰς
732 5652 848 5707 τῶν
869 5653 1054 5706 ὁσίων
1073 5652 1280 5717 αὐτοῦ,
1313 5653 1382 5706 ἐκ
1402 5651 1598 5721 χειρὸς
1629 5650 1811 5721 ἀμαρ-

1910 4557 2046 4611 siam
2069 4550 2270 4609 Christi
2305 4566 2428 4607 esse
2465 4550 2745 4605 sciendum
2770 4555 2886 4618 est;
2929 4550 3068 4606 ﬁlias
3096 4567 3224 4607 vero
3252 4552 3471 4618 Judaeae,

1911 4645 2239 4716 apostolicas
2269 4643 2480 4698 animas
2513 4658 2579 4697 ex
2607 4640 2918 4697 Judreorum
2961 4653 3122 4714 gente
3168 4645 3430 4702 oriundas
3457 4666 3471 4702 :

1912 4754 2032 4809 quae
2058 4752 2190 4793 sane
2211 4736 2446 4807 impletae
2465 4742 2593 4791 sunt
2617 4735 2816 4805 gaudio
2838 4742 2893 4789 et
2913 4735 3315 4804 exsultatione;
3345 4752 3472 4792 cum

1912 4830 1980 4885 de
2001 4829 2224 4899 judiciis
2250 4827 2465 4882 Domini
2500 4826 2811 4890 audierunt,
2831 4824 3008 4895 deque
3033 4827 3337 4896 suppliciis,
3355 4845 3476 4898 quae

1912 4920 2180 4975 idolorum
2209 4917 2511 4972 cultoribus
2546 4919 2783 4987 reposita
2815 4924 2964 4979 sunt,
3008 4933 3221 4973 necnon
3250 4920 3318 4975 de
3348 4936 3477 4990 pro~

1913 5011 2117 5074 missis,
2140 5024 2261 5080 quae
2281 5008 2533 5079 gentibus
2554 5016 2925 5063 reservantur.
2953 5011 3020 5063 Et
3046 5012 3240 5065 merito
3257 5010 3477 5082 quidem

1910 5102 2165 5173 gaudent,
2186 5108 2371 5170 utpote
2392 5102 2492 5169 ipsi
2518 5102 2764 5163 adﬂictae,
2798 5114 2861 5155 ac
2887 5108 3168 5171 sperantes
3196 5116 3255 5157 se
3276 5101 3478 5172 glorio-

1913 5206 1975 5246 so
2014 5190 2134 5259 ejus
2188 5191 2422 5244 adventu
2460 5188 2764 5259 dignandos
2805 5202 2946 5243 esse.
3002 5187 3264 5253 Quoniam
3312 5195 3368 5240 tu
3422 5203 3477 5241 es

1913 5283 2169 5337 Dominus
2224 5281 2518 5335 altissimus
2567 5295 2718 5349 super
2771 5294 2971 5333 omnem
3025 5288 3257 5339 terram,
3320 5277 3476 5331 nimis

1911 5374 2179 5428 exaltatus
2208 5388 2262 5427 es
2285 5387 2438 5439 super
2466 5386 2641 5424 omnes
2685 5369 2828 5423 deos.
2882 5368 2986 5435 Qui
3018 5369 3238 5440 diligitis
3292 5368 3477 5422 Domi-

1915 5479 2037 5519 num
2059 5507 2074 5530 ,
2103 5463 2240 5517 adite
2267 5461 2465 5515 malum
2491 5478 2508 5514 :
2545 5459 2772 5515 custodit
2802 5458 3060 5514 Dominus
3107 5461 3315 5513 animas
3347 5446 3476 5513 san-

1916 5566 2120 5609 ctorum
2153 5570 2368 5608 suorum
2387 5592 2404 5617 ,
2459 5551 2521 5607 de
2548 5569 2710 5606 manu
2730 5561 3063 5621 peccatorum
3104 5539 3344 5605 liberabit
3367 5565 3476 5606 eos.

1921 5648 1975 5704 Si
2003 5650 2225 5709 malum.
2258 5647 2453 5719 inquit,
2486 5647 2741 5711 aversati,
2774 5644 2949 5701 sancti
2969 5641 3277 5699 efﬁciamini
3297 5660 3313 5711 ;
3336 5652 3481 5716 tunc

310 5806 357 5839 ⁸⁸
395 5805 581 5864 Matth.
615 5825 705 5879 vi,
742 5809 827 5864 H.
903 5811 947 5844 ⁸⁵
984 5808 1132 5867 Psal.
1165 5825 1313 5878 xvu,
1347 5809 1403 5866 9.
1478 5810 1523 5844 ”
1556 5806 1693 5865 Dan.
1730 5823 1844 5875 vn,
1884 5806 1971 5862 lt).
2045 5806 2088 5836 ⁹¹
2129 5803 2317 5863 Matth.
2354 5819 2503 5893 sxw,
2543 5803 2634 5859 27.
2710 5803 2754 5835 ”
2786 5799 2928 5891 ibid.
2964 5798 3057 5856 29.
