4068 6394
612 358 748 417 1931

1286 347 1548 409 EUSEBII
1589 350 2064 409 CESARIENSIS
2103 351 2250 409 OPP.
2288 349 2465 407 PARS
2508 349 2597 406 111.
2631 380 2703 393 -
2727 349 3139 408 EXEGETICA.

3714 354 3740 406 Ι
3750 354 3858 408 252

610 471 764 526 vobis
785 467 1061 539 continget
1091 465 1184 523 Dei
1208 465 1464 536 praesidio
1513 466 1734 534 muniri,
1761 475 1924 538 atque
1951 482 1981 522 a
2012 481 2175 521 manu

2278 466 2486 521 τωλῶν·
2515 469 2769 536 ῥύσεται
2810 469 3054 534 αὐτούς.
3107 469 3170 520 El
3201 468 3660 540 άποστραφέντες,
3698 485 3860 539 φησι,

610 559 809 614 diaboli
841 558 1059 613 liberari
1088 577 1102 612 :
1136 557 1183 614 is
1210 557 1354 612 enim
1387 556 1608 628 proprie
1655 565 1914 628 peccator
1952 558 2173 613 dicitur.

611 648 805 704 Modus
834 648 1015 717 itaque
1043 646 1351 702 dilectionis
1383 662 1510 718 erga
1540 645 1828 703 Dominum
1875 655 1961 704 est
1994 648 2178 704 odisse

614 741 755 795 mala
781 755 795 803 ;
827 753 1036 794 merces
1061 746 1240 793 autem
1272 737 1418 792 illius
1449 744 1551 800 est,
1585 737 1761 808 ipsum
1794 739 1851 794 in
1884 738 2007 794 vitae
2040 753 2178 809 pra:-

615 831 811 886 sidium
845 829 1120 892 obtinere,
1159 837 1318 898 atque
1358 830 1762 898 insurgentibus
1795 830 2032 887 inimicis
2088 847 2179 887 su-

615 922 881 991 periorem
919 921 1166 975 evadere.
1191 918 1382 973 Viden’
1409 926 1610 989 quanta
1637 934 1735 990 pro
1766 918 1859 975 Dei
1886 920 2175 977 dilectione

611 1018 944 1088 accipimus?
976 1015 1159 1070 Sancti
1192 1031 1318 1071 vero
1365 1014 1649 1079 efﬁcimur,
1700 1029 1825 1069 cum
1849 1011 1952 1082 ipsi
1976 1011 2173 1066 addicti

609 1125 820 1174 sumus,
853 1118 1012 1178 atque
1045 1107 1213 1162 Deum
1251 1106 1535 1162 custodem
1570 1105 1750 1176 magni
1785 1105 1932 1160 illius
1963 1103 2171 1175 praedii,

609 1200 803 1255 animae
837 1200 1048 1256 scilicet
1079 1207 1312 1262 nostrae,
1367 1197 1767 1261 nanciscimur;
1822 1197 1899 1249 ita
1948 1200 2008 1248 ut
2061 1207 2172 1247 non

608 1294 749 1348 ultra
798 1293 902 1349 sub
934 1307 1099 1346 manu
1147 1299 1201 1346 et
1246 1297 1514 1361 potestate
1555 1289 1764 1344 inimici
1808 1302 2128 1342 maneamus
2155 1329 2172 1353 ,

607 1400 732 1440 nam
761 1383 875 1437 Lua:
899 1393 1018 1438 orta
1037 1393 1114 1450 est
1137 1383 1307 1452 justo,
1337 1393 1386 1436 et
1404 1383 1555 1435 rectis
1574 1380 1726 1433 corde
1772 1380 1980 1434 lwtitia.
2032 1377 2174 1432 Lwt-

608 1477 795 1542 amim',
817 1476 974 1546 justi,
993 1476 1047 1528 in
1069 1474 1312 1540 Domino,
1329 1482 1378 1528 et
1400 1473 1720 1542 conﬁtemini
1740 1472 1999 1525 memoria:
2018 1486 2173 1524 sanc-

610 1569 910 1638 tiﬁcationis
938 1569 1072 1637 ejus.

2279 558 2341 611 τὸ
2377 558 2609 629 πονηρὸν
2641 558 2778 611 ὅσιοι
2813 558 3067 630 γένησθε,
3105 561 3226 614 τότε
3255 560 3318 631 δὴ
3354 558 3690 631 συμϐήσεται
3725 560 3864 628 ὑμῖν

2281 651 2375 703 καὶ
2403 649 2503 719 τῆς
2533 649 2776 721 φυλακῆς
2803 650 2903 720 τῆς
2938 650 3088 723 παρὰ
3115 650 3210 704 τοῦ
3233 650 3365 704 Θεοῦ
3393 654 3592 722 τυχεῖν,
3627 651 3726 704 καὶ
3754 651 3861 721 τῆς

2281 739 2376 794 τοῦ
2417 739 2658 794 διαϐόλου
2701 740 2963 812 ρυσθῆναι
3009 741 3220 814 χειρός·
3256 736 3408 804 οὗτος
3452 740 3560 812 γάρ
3587 741 3618 793 ὁ
3650 740 3860 812 κυρίως

2285 831 2621 903 ἁμαρτωλός.
2642 832 2699 885 'O
2735 833 2830 902 μὲν
2857 829 2948 886 οὖν
2972 833 3175 904 τρόπος
3215 833 3316 904 τῆς
3350 832 3484 904 πρὸς
3527 833 3616 884 τὸν
3650 833 3859 902 Κύριον

2281 923 2498 993 ἀγάπης
2521 922 2582 975 τὸ
2617 926 2792 993 μισεῖν
2827 925 3039 995 πονηρά
3058 942 3070 955 ·
3104 924 3291 996 μισθὸς
3315 924 3372 976 δὲ
3403 923 3590 976 τούτου
3619 923 3679 976 τὸ
3709 923 3860 994 ἒχειν

2280 1015 2440 1068 αὐτὸν
2463 1014 2706 1088 φυλακὴν
2735 1016 2834 1085 τῆς
2859 1016 3022 1086 ζωῆς,
3051 1018 3146 1070 καὶ
3175 1017 3406 1087 κρείττω
3436 1014 3544 1068 τῶν
3571 1017 3858 1069 ἐπανιστα-

2282 1107 2454 1177 μένων
2478 1108 2754 1179 δυσμενῶν
2783 1107 3044 1176 γίνεσθαι.
3070 1103 3221 1170 Εἶδες
3251 1106 3409 1178 ήλίκα
3434 1108 3532 1178 τῆς
3564 1106 3703 1178 πρὸς
3722 1106 3858 1160 Θεὸν

2276 1199 2496 1272 ἀγάπης
2537 1199 2917 1270 ἀπολάὸομεν;
2963 1198 3226 1269 Γινόμεθα
3251 1199 3307 1252 δὲ
3338 1199 3474 1250 ὅσιοι
3507 1198 3855 1269 ἀνακείμενοι

2278 1291 2448 1362 αὐτῷ,
2483 1292 2575 1345 καὶ
2617 1292 2830 1361 φύλακα
2871 1291 2960 1346 τὸν
3004 1291 3132 1345 Θεὸν
3159 1289 3252 1343 τοῦ
3285 1290 3537 1362 μεγίστου
3577 1292 3855 1360 κτήματος

2278 1382 2379 1452 τῆς
2404 1384 2678 1456 ἡμετέρας
2704 1384 2881 1455 ψυχῆς
2915 1385 3108 1456 ἔχομεν
3128 1401 3141 1414 ’
3173 1383 3311 1437 ὥστε
3341 1384 3414 1456 μὴ
3444 1384 3548 1436 ὑπὸ
3569 1384 3668 1454 τὴν
3694 1385 3855 1454 χεῖρα

2279 1471 2374 1525 καὶ
2420 1474 2519 1543 τὴν
2568 1473 2812 1540 ἐξουσίαν
2860 1475 3112 1545 γενέσθαι
3167 1475 3261 1530 τοῦ
3308 1475 3534 1548 ἐχθροῦ·
3576 1475 3707 1541 Φῶς
3745 1475 3854 1547 γάρ

2278 1563 2548 1620 ἀνέτειλε
2593 1566 2674 1632 τῷ
2715 1567 2940 1635 δικαίῳ,
2972 1568 3068 1621 καὶ
3114 1567 3240 1632 τοῖς
3275 1568 3475 1623 εὺθέσι
3521 1562 3596 1635 τῇ
3635 1566 3854 1635 καρδίᾳ

607 1663 971 1732 εὐφροσύνη.
1016 1660 1424 1731 Εὐφράνθητε,
1473 1659 1706 1724 δίκαιοι,
1759 1658 1829 1712 ἐν
1865 1657 1946 1725 τῷ
1986 1655 2200 1725 Κυρίῳ,
2230 1658 2325 1712 καὶ
2351 1659 2806 1734 ἐξομολογεῖσθε
2842 1662 2918 1732 τῇ
2948 1665 3155 1734 μνήμῃ
3197 1663 3306 1734 τῆς
3360 1663 3703 1735 ἁγιωσύνης
3750 1662 3854 1716 αὑ-

607 1772 732 1808 του.

912 1870 1233 1927 PSALMUS
1258 1868 1386 1923 lPSl
1414 1867 1621 1922 DAVID
1651 1865 1863 1922 XCVII.

678 1964 844 2020 Vens.
877 1965 928 2019 1.
983 1964 1205 2020 Caritate
1250 1962 1480 2015 Domino
1505 1960 1768 2013 canticum
1801 1973 2014 2019 norum,
2049 1955 2174 2025 quia

607 2054 877 2108 mirabilia
900 2053 1044 2124 fecit.
1089 2053 1188 2108 Hic
1221 2053 1350 2107 item
1408 2051 1651 2120 psalmus
1681 2048 1859 2102 eidem
1890 2045 2174 2101 sententia)

607 2146 846 2203 insistit:
878 2160 1004 2200 nam
1033 2153 1325 2214 utrumque
1346 2141 1649 2196 Salvatoris
1667 2130 1956 2194 adventum
1982 2136 2176 2190 vatici-

606 2248 792 2304 natur,
826 2235 936 2293 sed
966 2235 1135 2290 multo
1165 2234 1336 2303 magis
1362 2232 1430 2287 de
1467 2231 1710 2286 secundo
1739 2228 2013 2285 edisserit.
2044 2224 2175 2280 Jure

609 2340 787 2385 autem
820 2327 1099 2384 canticum
1127 2340 1328 2380 novum
1361 2323 1472 2377 Deo
1502 2321 1700 2378 ofIcrre
1747 2320 2014 2390 praecipit,
2046 2317 2174 2388 quia

606 2420 964 2495 pristinarum
1009 2432 1190 2472 rerum
1223 2415 1578 2469 mutationem
1612 2413 1892 2483 praadicat,
1923 2425 2174 2480 praenun-

607 2514 816 2583 tiatque
844 2524 1048 2564 novum
1093 2508 1218 2562 vitae
1254 2507 1587 2560 institutum.
1637 2503 1852 2558 Etenim
1887 2517 1950 2556 ea
1995 2516 2115 2572 quae
2144 2515 2176 2554 a

609 2605 718 2659 Deo
755 2601 1142 2657 universorum
1171 2614 1268 2669 pro
1318 2597 1496 2652 salute
1536 2603 1729 2651 nostra
1771 2601 1990 2664 peracta
2023 2599 2174 2655 sunt,

607 2693 1049 2767 supernaturalia
1099 2706 1234 2746 sane
1287 2695 1416 2744 sunt
1465 2703 1529 2742 ac
1576 2685 1866 2757 stupenda.
1917 2682 2175 2738 Servator

606 2787 806 2858 quippe
830 2794 1018 2840 noster
1056 2781 1260 2836 mundo
1285 2780 1601 2843 adveniens,
1634 2791 1698 2831 ac
1732 2776 1825 2831 Dei
1867 2775 2041 2846 gratia
2076 2789 2175 2844 pro

606 2874 859 2931 omnibus
885 2879 1114 2926 mortem
1161 2870 1480 2939 degustans,
1523 2873 1583 2922 ut
1629 2866 1842 2921 tolleret
1890 2871 2176 2934 peccatum

606 2964 817 3029 mundi,
850 2971 910 3018 ut
954 2978 1022 3017 ex
1059 2961 1416 3031 sequentibus
1462 2958 1752 3014 versiculis
1773 2956 2177 3011 demonstrabi-

607 3064 718 3120 tur,
748 3054 961 3125 magnis
988 3060 1044 3107 et
1071 3053 1288 3106 arcanis
1321 3066 1421 3104 nos
1469 3051 1724 3120 dignatus
1764 3055 1848 3102 est
1878 3047 2173 3118 mysteriis.

608 3147 842 3204 Salvavit
874 3145 975 3200 sibi
999 3142 1215 3197 dextera
1234 3143 1369 3212 ejus,
1399 3154 1448 3196 et
1473 3141 1746 3194 brachium
1775 3149 2016 3193 sanctum
2045 3138 2180 3206 ejus.
2211 3127 2256 3188 C

607 3236 945 3293 Salvatorem
982 3249 1108 3290 esse
1155 3233 1432 3289 dexteram
1477 3239 1532 3288 et
1578 3231 1863 3286 brachium
1904 3229 2019 3293 Dei,
2056 3230 2173 3298 jam

605 3334 857 3408 pluribus
882 3347 948 3387 ex
981 3331 1218 3387 dexterae
1253 3340 1307 3385 et
1340 3329 1554 3385 brachii
1593 3327 1993 3399 significatione
2025 3341 2175 3380 com-

603 3433 970 3482 monstratum
1021 3430 1129 3480 est.
1170 3422 1402 3478 Dextera
1449 3422 1631 3492 itaque
1678 3420 1770 3475 Dei
1819 3435 1936 3484 eos,
1972 3419 2066 3489 qui
2106 3418 2173 3472 ad

604 3517 997 3574 beatitudinem
1029 3514 1196 3570 erecti
1228 3520 1376 3577 sunt,
1407 3512 1587 3568 salvos
1638 3511 1744 3581 ipsi
1772 3509 2024 3565 custodit.
2057 3509 2174 3563 Non

601 3611 749 3666 enim
781 3610 960 3665 omnis
994 3607 1088 3678 qui
1122 3607 1308 3662 salvus
1340 3615 1444 3670 est,
1477 3604 1713 3660 Domino
1738 3603 1850 3658 Deo
1881 3611 2171 3668 servatur;

606 3704 701 3758 sed
732 3703 882 3759 solus
905 3709 962 3758 et
989 3698 1168 3754 omnis
1195 3698 1288 3754 ille
1321 3699 1414 3768 qui
1443 3695 1745 3753 secundum
1775 3701 1980 3750 rectam
2004 3693 2175 3748 ratio-

604 3810 728 3850 nem
754 3810 784 3848 a
813 3794 971 3849 malis
1001 3799 1057 3847 et
1078 3792 1286 3846 morbis
1316 3791 1604 3854 liberatur,
1634 3795 1689 3843 et
1720 3787 1965 3843 veritatis
1987 3785 2177 3856 cogni-

605 3890 809 3944 tionem
843 3901 966 3941 cum
997 3889 1197 3956 pietate
1220 3874 1507 3940 assecutus
1533 3891 1635 3938 est.
1659 3879 1795 3934 Nam
1819 3879 1912 3950 qui
1933 3895 1999 3935 ex
2030 3894 2178 3933 mor-

602 3979 690 4035 bis
719 3984 774 4034 et
799 3977 1120 4033 vulneribus
1155 3981 1428 4038 servatur,
1452 3989 1561 4028 non
1598 3972 1819 4043 penitus
1859 3970 1970 4026 Deo
1991 3971 2176 4026 salvus

601 4079 709 4136 est,
739 4071 977 4124 maxime
1005 4084 1138 4124 vero
1182 4083 1306 4123 cum
1342 4069 1556 4139 ignorat
1587 4081 1646 4122 se
1687 4081 1716 4120 a
1745 4065 1854 4120 Deo
1886 4064 2178 4120 incolumi-

602 4173 714 4220 tate
746 4164 1026 4218 donatum.
1079 4160 1343 4216 Sanctum
1390 4174 1555 4229 porro
1600 4157 1694 4213 Dei
1733 4157 2020 4212 brachium
2069 4167 2173 4219 est,

2659 1865 2951 1919 ΨΑΛΜΟΣ
2990 1867 3078 1937 Τῼ
3116 1867 3313 1919 ΔΑΥΙΔ
3355 1865 3459 1933 ιιζί.

2347 1956 2566 2026 ’ᾼσατε
2603 1955 2684 2021 τῷ
2725 1959 2918 2024 Κυρίῳ
2956 1951 3118 2027 ᾆσμα
3153 1957 3377 2022 καινὸν,
3413 1957 3501 2011 ὅτι
3539 1961 3853 2029 θαυμαστὰ

2275 2045 2540 2115 ἐποίησε.
2561 2049 2670 2102 Καὶ
2695 2041 2851 2112 οὗτος
2871 2051 2898 2102 ὁ
2917 2049 3127 2121 ψαλμὸς
3150 2049 3245 2120 τὴν
3267 2050 3434 2121 αὐτὴν
3457 2051 3568 2121 ἔχει
3589 2051 3847 2106 διάνοιανο

2275 2138 2540 2210 ἑκατέραν
2562 2140 2671 2211 γάρ
2703 2139 2797 2193 τοῦ
2830 2141 3077 2212 Σωτῆρος
3117 2141 3439 2210 ἐπιφάνειαν
3469 2141 3848 2211 προθεσπίζει,

2275 2230 2412 2284 ἀλλὰ
2436 2230 2504 2285 τά
2537 2232 2758 2284 πλείονα
2775 2249 2840 2285 πε
2851 2234 2902 2304 ρὶ
2921 2234 3018 2302 τῆς
3038 2233 3293 2304 δευτέρας
3318 2233 3584 2300 διέξεισιν.
3609 2236 3850 2299 Είκότως

2274 2321 2330 2376 δὲ
2358 2318 2508 2394 ᾆσμα
2531 2324 2713 2377 καινὸν
2734 2323 2942 2378 κελεύει
2971 2327 3351 2395 προσενεγκεῖν
3379 2325 3457 2396 τῷ
3479 2325 3596 2396 Θεῷ
3617 2342 3629 2354 ·
3663 2328 3847 2399 ἐπειδὴ

2275 2413 2382 2467 τῶν
2415 2414 2702 2496 προτέρων⁴
2727 2417 3064 2486 πραγμάτων
3098 2415 3352 2486 κηρύττει
3389 2416 3712 2488 μεταὸολὴν.
3760 2419 3848 2470 καὶ

2275 2503 2464 2576 καινὴν
2487 2505 2758 2559 πολιτείαν
2790 2506 3166 2578 προαγορεύει.
3183 2507 3467 2578 ’Υπερφυᾶ
3491 2507 3600 2578 γὰρ
3630 2511 3724 2562 καὶ
3747 2525 3848 2562 πα·-

2278 2596 2473 2668 ράδοξα
2505 2597 2574 2651 τὰ
2607 2597 2711 2651 ὑπὸ
2738 2598 2829 2650 τοῦ
2863 2598 2998 2651 Θεοῦ
3034 2598 3140 2651 τῶν
3173 2598 3310 2652 ὅλων
3334 2600 3598 2668 γενόμενα
3633 2601 3727 2652 ἐπὶ
3751 2618 3849 2652 σω·

2276 2691 2442 2762 τηρίᾳ
2463 2691 2726 2762 ἡμετέρᾳ.
2829 2691 2935 2764 γὰρ
2957 2693 3164 2765 Σωτὴρ,
3193 2693 3534 2764 ἐπιδημήσας
3560 2693 3638 2763 τῷ
3663 2694 3850 2764 κόσμῳ

2279 2781 2374 2834 καὶ
2401 2782 2580 2854 χάριτι
2601 2782 2736 2835 Θεοῦ
2759 2783 2898 2852 ὑπὲρ
2925 2783 3123 2846 παντὸς
3148 2783 3482 2855 γευσάμενος
3509 2784 3740 2837 θανάτου
3765 2785 3851 2835 ἐπὶ

2279 2869 2356 2940 τῷ
2389 2866 2518 2942 ᾇραι
2561 2872 2659 2943 τὴν
2699 2873 2969 2944 ἁμαρτίαν
2994 2872 3086 2925 τοῦ
3119 2873 3344 2944 κόσμου,
3381 2874 3456 2937 ὡς
3486 2874 3573 2928 διὰ
3594 2875 3704 2928 τῶν
3733 2877 3854 2928 ἐτω-

2285 2966 2459 3036 μένων
2489 2965 2855 3036 δηλωθήσεται
2887 2967 3104 3036 στίχων,
3131 2966 3238 3019 τῶν
3273 2967 3524 3037 μεγάλων
3558 2970 3652 3020 καὶ
3685 2970 3851 3038 ἀττοῄ-

2285 3055 2462 3124 ρήτων
2489 3056 2636 3126 ἡμᾶς
2670 3054 2970 3125 κατηξίωσε
3019 3056 3593 3127 μυστηρίων.Ἕσωσε
3623 3059 3784 3124 αὐτῷ
3813 3059 3848 3125 ἡ

2285 3144 2454 3209 δεξιὰ
2493 3147 2701 3212 αὑτοῦ,
2731 3147 2827 3199 καὶ
2859 3151 2892 3200 ό
2920 3147 3190 3216 βραχίων
3213 3150 3246 3200 ό
3269 3147 3434 3218 ἄγνος
3461 3149 3670 3203 αὐτοῦ.
3695 3149 3853 3216 Acili

2279 3238 2373 3290 καὶ
2402 3237 2641 3308 βραχίων
2667 3238 2800 3292 Θεοῦ
2823 3239 2909 3292 διὰ
2933 3241 3191 3295 πλειόνων
3211 3241 3582 3294 ἀποδέδεικται
3612 3243 3641 3294 ὁ
3666 3243 3854 3314 Σωτὴρ

2279 3327 2413 3384 εἶναι
2436 3332 2573 3385 κατὰ
2591 3332 2683 3385 τοῦ
2706 3335 2804 3404 τῆς
2835 3333 3012 3397 δεξιᾶς
3039 3336 3131 3386 καὶ⁴
3159 3333 3249 3387 τοῦ
3274 3334 3553 3405 βραχίονος
3576 3334 3851 3405 κειμένου.

2279 3421 2448 3485 Σώζει
2484 3416 2576 3475 οῦν
2604 3422 2750 3492 αὐτῷ
2782 3422 2856 3492 τῷ
2889 3423 3064 3493 Θεῷὴ
3096 3423 3244 3487 δεξιὰ
3271 3422 3435 3476 αὑτοῦ
3478 3425 3607 3486 τοὺς
3637 3425 3720 3486 εἰς
3755 3441 3856 3494 μα-

2279 3514 2579 3586 καριότητα
2610 3513 2898 3583 ὴρμένους.
2933 3516 3007 3566 Οὐ
3042 3514 3150 3584 γὰρ
3182 3516 3288 3577 πᾶς
3319 3515 3624 3585 σωζόμενος
3667 3515 3858 3586 Κυρίῳ

2278 3602 2356 3673 τῷ
2400 3602 2518 3673 Θεῷ
2567 3601 2824 3667 σώζεται·
2857 3604 2991 3657 ἀλλὰ
3022 3607 3180 3673 μόνος
3213 3605 3307 3657 καὶ
3351 3607 3461 3667 πᾶς
3484 3607 3512 3657 ὁ
3541 3605 3729 3658 κακῶν
3763 3606 3861 3658 καὶ

2279 3692 2467 3747 παθῶν
2491 3693 2630 3747 κατὰ
2650 3694 2741 3748 τὸν
2773 3693 2930 3765 ὀρθὸν
2953 3694 3108 3762 λόγον
3131 3696 3622 3766 ἀπαλλαττόμενος,
3646 3698 3742 3751 καὶ
3759 3697 3862 3768 τὴν

2276 3784 2374 3856 τῆς
2397 3786 2650 3856 ἀληθείας
2677 3787 2874 3855 γνῶσιν
2898 3790 3012 3858 μετ’
3035 3789 3310 3852 εὐσεϐείας
3330 3789 3651 3861 ἀνειληφώς.
3669 3791 3728 3845 ⁸0
3750 3790 3864 3863 γάρ

2278 3879 2343 3932 ἐκ
2366 3879 2532 3932 νόσων
2561 3880 2653 3933 καὶ
2677 3882 3004 3951 τραυμάτων
3035 3882 3226 3945 σωθεὶς
3256 3883 3316 3934 οὐ
3351 3883 3568 3946 πάντως
3600 3883 3719 3953 Θεῷ
3749 3883 3861 3936 σώ-

2278 3968 2449 4033 ζεται,
2475 3971 2707 4042 μάλιστα
2729 3974 2817 4025 ὅτε
2847 3973 2945 4026 οὐκ
2975 3973 3340 4043 ἐπίπαταιιέκ
3361 3975 3496 4029 Θεοῦ
3518 3975 3614 4047 τὴν
3643 3977 3866 4044 ὑγίειαν

2279 4064 2426 4135 αὐτῷ
2464 4064 2920 4136 δεδόσθαι.⁶’Δγιος
2949 4069 3004 4122 δὲ
3042 4070 3069 4122 ὀ
3104 4069 3338 4142 βραχίων
3378 4069 3470 4122 τοῦ
3505 4069 3639 4122 Θεοῦ
3679 4073 3869 4137 ἐστιν,

2276 4157 2339 4209 οὐ
2392 4156 2529 4210 κατὰ
2574 4157 2803 4230 μετοχὴν
2853 4161 3136 4232 ἁγιότητος
3186 4163 3490 4232 τυγχάνων,
3540 4163 3655 4216 ἀλλ’
3697 4165 3870 4232 ἁγίου

602 4269 717 4308 non
760 4251 1182 4323 participatione
1232 4249 1576 4314 sanctitatis;
1619 4247 1711 4303 sed
1755 4247 1883 4317 quia
1937 4245 2176 4317 Spiritus

2279 4247 2592 4318 Πνεύματος
2621 4249 2695 4303 ὢν
2731 4249 2988 4322 βραχίων.
3016 4253 3127 4306 Καὶ
3156 4254 3296 4323 τάχα
3326 4253 3473 4318 δεξιὰ
3505 4254 3602 4324 μὲν
3633 4256 3666 4324 ἠ
3706 4257 3875 4329 ἐνερ-

603 4347 780 4402 sancti
796 4343 1082 4398 brachium
1106 4351 1210 4400 est.
1228 4344 1295 4396 Et
1318 4341 1553 4397 fortasse
1567 4339 1792 4395 dextera
1809 4337 2054 4409 quidem,
2080 4337 2176 4392 Dei

2278 4341 2478 4410 γητικὴ
2524 4341 2617 4394 τοῦ
2659 4341 2793 4396 Θεοῦ
2836 4344 3080 4416 δύναμις,
3111 4346 3211 4400 οὐκ
3235 4345 3366 4415 άλλη
3391 4347 3484 4400 τοῦ
3517 4346 3652 4400 Θεοῦ
3678 4349 3872 4418 Λόγου

601 4435 688 4489 vis
713 4433 1000 4504 operandi,
1025 4449 1145 4503 quae
1177 4448 1283 4488 non
1318 4431 1424 4485 alia
1451 4445 1613 4500 quam
1638 4429 1782 4484 Deus
1814 4427 2050 4484 Verbum
2068 4434 2173 4495 est,

2278 4435 2639 4504 τυγχάνουσα,
2664 4435 2928 4501 καλεῖται,
2950 4437 3036 4490 διὰ
3055 4437 3115 4490 τὸ
3135 4437 3345 4503 δεξιῶς,
3362 4439 3639 4493 τουτέστιν
3659 4441 3871 4508 άγίως,

601 4529 866 4591 vocatur;
919 4524 1048 4595 quia
1085 4522 1328 4586 dextere,
1371 4521 1426 4575 id
1470 4527 1574 4584 est,
1622 4527 1833 4584 sancte,
1877 4519 2171 4589 sapienter,

2279 4525 2476 4593 σοφῶς,
2505 4526 2828 4596 ἀμέμπτως,
2852 4527 3149 4591 ἐπαινετῶς
3176 4529 3352 4582 πάντα
3375 4534 3549 4583 ποιεῖν
3569 4548 3583 4561 ·
3615 4531 3875 4605 βραχίων

602 4613 903 4685 inculpate,
958 4612 1310 4668 laudabiliter
1366 4611 1564 4698 omnia
1635 4609 1827 4677 efIicit;
1887 4609 2175 4664 brachium

2278 4616 2332 4671 δὲ
2362 4616 2450 4671 διὰ
2480 4617 2541 4671 τὸ
2572 4619 2789 4690 ἰσχυρὸν
2818 4620 2912 4672 καὶ
2945 4620 3281 4691 ὑπερὸάλλον
3306 4625 3370 4694 τῇ
3405 4623 3795 4695 κραταιότητι.

603 4722 735 4763 vero
776 4707 848 4762 ob
885 4704 1265 4760 fortitudinem
1315 4718 1379 4758 ac
1430 4704 1600 4758 robur
1640 4702 2175 4772 prastantissimum.

680 4798 844 4855 Vsus.
866 4798 923 4864 2,
951 4798 1006 4854 '5.
1045 4795 1248 4850 Notum
1278 4797 1401 4866 fecit
1431 4794 1688 4850 Dominus
1719 4791 1971 4848 Salutare
1998 4809 2173 4859 suum,

603 4893 662 4946 in
689 4899 968 4961 conspectu
1014 4889 1246 4958 gentium
1284 4887 1528 4942 reuelauit
1550 4887 1823 4955 justitiam
1869 4902 2042 4941 suam.
2077 4883 2177 4940 Re-

601 4983 856 5040 cordatus
904 4990 981 5036 est
1034 4979 1414 5035 misericordia:
1456 4994 1565 5033 sua:
1600 4975 1804 5042 Iacob,
1853 4987 1902 5030 et
1941 4977 2174 5032 veritatis

607 5093 717 5132 sum
763 5075 945 5130 domui
993 5072 1187 5128 Israel.
1234 5072 1489 5128 Viderunt
1538 5088 1715 5126 omnes
1763 5070 1973 5124 termini
2023 5079 2177 5124 terra:

607 5168 855 5224 Salutare
887 5167 982 5222 Dei
1016 5167 1206 5221 nostri.
1240 5164 1379 5220 Olim
1429 5163 1742 5219 Abrabamo
1785 5161 2079 5232 pollicitus,
2119 5161 2177 5216 in

607 5262 813 5317 semine
841 5260 1016 5330 ipsius
1039 5257 1442 5315 benedicendas
1461 5271 1585 5312 esse
1605 5270 1796 5310 omnes
1818 5262 2030 5326 gentes,
2056 5269 2176 5308 ver-

603 5355 800 5412 borum
835 5354 1120 5408 veritatem
1151 5366 1246 5422 per
1275 5364 1458 5405 rerum
1502 5356 1755 5403 eventum
1782 5347 2128 5402 conﬁrmavit
2158 5365 2172 5402 :

603 5455 658 5500 et
691 5445 1146 5506 misericordiam,
1189 5457 1354 5514 quam
1389 5456 1449 5498 se
1479 5443 1851 5496 exbihiturum
1894 5457 2018 5498 esse
2049 5456 2174 5496 cum

603 5539 916 5609 iuramento
945 5536 1218 5606 promisit,
1249 5535 1318 5589 ad
1343 5550 1460 5590 rem
1486 5534 1775 5590 deductam
1808 5549 1934 5589 esse
1956 5533 2179 5589 demon-

2359 4793 2678 4863 Ἐ’τνώρισε
2698 4794 2915 4861 Κύριος
2938 4793 3006 4847 τὸ
3028 4792 3327 4863 Σωτήρων
3344 4795 3552 4861 αὐτοῦ,
3576 4797 3879 4854 ἐναντιον

2273 4883 2393 4938 τῶν
2432 4883 2622 4938 ἐθνῶν
2665 4883 3019 4954 ἁπεκάλυψε
3060 4885 3177 4954 τὴν
3203 4884 3602 4954 δικαιοσύνην
3644 4892 3874 4948 αὑτοῦ.

2288 4978 2584 5046 Ἐμνήσθη
2610 4976 2716 5030 τοῦ
2739 4977 2951 5042 ἐλέους
2990 4977 3178 5033 αὐτοῦ
3215 4979 3296 5043 τῷ
3337 4979 3561 5045 Ἰακὼϐ,
3595 4983 3696 5036 καὶ
3753 4983 3880 5054 τῆς

2273 5071 2558 5140 ἀληθείας
2579 5070 2764 5128 αὐτοῦ
2800 5069 2878 5136 τῷ
2902 5072 3046 5139 οικῳ
3076 5071 3342 5140 Ἰσραήλ.
3369 5072 3640 5128 Εῖδοσαν
3661 5076 3877 5131 πάντα

2273 5165 2346 5218 τὰ
2382 5162 2606 5233 πέρατα
2644 5163 2756 5233 τῆς
2797 5163 2911 5234 γῆς
2943 5163 3009 5216 τὸ
3036 5162 3335 5231 Σωτήρων
3356 5164 3463 5219 τοῦ
3493 5165 3644 5220 Θεοῦ
3665 5167 3874 5236 ἡμῶν.

2277 5255 2452 5310 Πάλαι
2475 5257 2566 5310 τὸν
2580 5255 2828 5329 Ἀϐραὰμ.
2849 5259 2905 5310 ἐν
2919 5253 2998 5327 τῷ
3018 5256 3289 5328 σπέρματι
3309 5256 3473 5310 αὑτοῦ
3498 5257 3880 5331 ἐνευλογηθῆ-

2274 5365 2361 5402 ναι
2391 5347 2461 5402 τά
2490 5348 2615 5420 ἔθνη
2648 5347 3129 5420 ἐπαγγειλάμενος,
3150 5347 3249 5421 τὴν
3276 5349 3383 5402 τῶν
3401 5348 3574 5418 λόγων
3595 5347 3878 5419 ἀλήθειαν

2273 5437 2361 5491 διὰ
2386 5437 2485 5509 τῆς
2506 5437 2612 5491 τῶν
2633 5439 2973 5510 πραγμάτων
3001 5439 3277 5504 ἐκϐάσεως
3307 5440 3647 5494 ἐπιστώσατο
3666 5459 3678 5472 ο
3712 5445 3823 5496 καὶ
3848 5443 3879 5498 δ

2274 5525 2514 5600 δι’ὅρκου
2535 5527 2895 5598 ἐπηγγείλατο
2913 5527 3171 5600 παρέξειν
3187 5527 3353 5594 ἔλεος,
3371 5528 3531 5582 τοῦτο
3552 5529 3761 5596 ἔδειξεν
3787 5536 3878 5598 εἰς

2276 5623 2434 5694 ιἔργον
2459 5621 2645 5678 ἐκϐάν.
2676 5621 2886 5695 Κομιδῆ
2916 5622 2974 5687 δὲ
3004 5621 3177 5677 ταῦτα
3206 5623 3348 5676 ἔοικε
3377 5626 3492 5686 τοῖς
3517 5623 3743 5677 Ἡσαΐου
3780 5624 3883 5682 ϐε-

2276 5715 2567 5786 σπίσμασι,
2596 5713 2664 5767 δι’
2691 5708 2752 5768 οῦ
2797 5715 2827 5767 ὀ
2871 5713 3059 5786 Πατὴρ
3087 5713 3191 5783 ἔφη
3234 5713 3370 5786 πρὸς
3407 5712 3499 5767 τὸν
3531 5713 3879 5786 Μονογενῆ-·

2281 5804 2507 5861 Ἕδωκά
2527 5821 2601 5861 σε
2625 5807 2713 5872 εἰς
2726 5803 3021 5876 διαθήκη-ν
3030 5805 3266 5875 τέγους,
3283 5805 3371 5873 εις
3386 5801 3516 5875 φῶς
3528 5802 3885 5870 ἐθνῶν,τώ

605 5629 823 5684 Stravit.
856 5627 980 5682 Haec
1012 5643 1176 5698 porro
1207 5628 1440 5682 multum
1471 5625 1651 5681 afIinia
1687 5625 1946 5680 videntur
1982 5625 2176 5681 vatici-

604 5719 714 5772 niis
737 5718 908 5780 Isaiae,
935 5731 1032 5785 per
1061 5732 1222 5786 quem
1259 5714 1419 5772 Pater
1449 5715 1738 5787 Unigenito
1764 5730 1866 5770 suo
1889 5715 1964 5769 ait
1992 5732 2005 5768 :
2039 5713 2176 5769 Dedi

606 5817 656 5862 te
683 5809 738 5861 in
770 5816 1136 5862 testamentum
1179 5808 1404 5877 generis,
1433 5807 1488 5863 in
1530 5805 1690 5863 lucem
1713 5807 1971 5877 gentium,
2004 5816 2062 5861 ut
2099 5807 2174 5862 sis
