4068 6394
232 427 366 486 i233

1358 426 1867 488 COMMENTARIA
1902 428 1970 487 IN
2007 429 2344 488 PSALMOS.

3337 433 3475 489 ιεδι

221 542 380 602 εἶναι
396 562 470 602 σε
483 549 568 614 εἰς
582 549 888 617 σωτηρίαν
906 549 1017 618 ἕως
1031 550 1294 623 ἐσχάτου
1311 551 1421 620 τῆς
1434 549 1566 620 τῆς.
1584 550 1800 622 Ἐπειδὴ

1906 549 1961 604 in
1991 550 2218 606 salutem
2264 566 2425 621 usque
2467 549 2538 604 ad
2576 550 2822 604 ultimum
2865 548 3098 605 terrm”.
3143 545 3282 615 Quia
3327 551 3472 604 enim

225 635 335 709 γὰρ
367 641 479 702 τοῖς
517 637 838 710 Θαυμασίοις
868 643 1232 715 πατριάρχαις
1279 643 1374 696 καὶ
1406 642 1484 713 τῷ
1513 640 1674 694 Δαυῒδ
1703 641 1805 695 ὐπ-

224 727 416 801 ἐσχετο
442 729 591 798 όςτῶν
620 730 754 785 ὅλων
771 732 903 796 Θεὸς
924 734 988 788 ἐκ
1008 736 1102 789 τοῦ
1127 733 1438 807 σπέρματος
1465 730 1642 786 αὐτῶν
1664 729 1802 784 κατά

230 821 408 893 σάρκα
437 821 526 875 τὸν
559 823 790 896 Χριστὸν
817 825 1159 898 ἀναστήσειν,
1194 828 1287 882 καὶ
1318 825 1588 897 σωτηρίαν
1617 825 1681 878 δι’
1704 823 1803 878 αὐ·-

224 912 318 965 τοῦ
352 917 514 966 πᾶσιν
536 913 839 986 ἀνθρώποις
861 917 1136 988 παρέξειν,
1158 916 1423 990 διαθήκην
1449 915 1675 970 ἐκάλεσε
1703 913 1803 985 τὴν

225 1001 360 1073 πρὸς
391 1002 518 1064 τοὺς
550 1002 792 1074 πατέρας
819 1006 1117 1078 γενομένην
1153 1005 1504 1075 ἐπαγγελίαν.
1550 1004 1711 1068 Γένος
1747 1003 1804 1056 δὲ

224 1093 389 1148 αὑτοῦ
440 1094 531 1148 τὸν
578 1097 793 1168 Ἰσραὴλ
845 1098 1143 1170 κέκληκενο
1192 1097 1378 1171 ἐπειδὴ
1429 1097 1487 1164 ἐξ
1536 1097 1804 1151 Ἰουδαίων

224 1186 366 1240 κατά
400 1187 576 1259 σάρκα
608 1187 860 1260 Χριστός.
894 1189 1111 1244 Δέδωκά
1140 1207 1199 1244 σε
1227 1190 1406 1244 τοίνυν
1432 1191 1510 1248 είς
1541 1189 1802 1259 διαθήκην

223 1275 434 1344 γένους,
453 1276 901 1339 τουτέστιν,ὥστε
926 1278 1210 1352 πληρῶσαι
1233 1278 1333 1343 τὰς
1353 1279 1488 1350 πρὸς
1520 1278 1802 1342 Ἰουδαίους

225 1366 596 1436 γεγενημένας
633 1366 932 1437 συνθήκας·
965 1369 1080 1423 ἀλλ’
1109 1371 1190 1434 είς
1241 1369 1358 1440 φῶς
1405 1370 1506 1422 οὐκ
1549 1369 1630 1422 ἔτι
1675 1370 1804 1422 Ἰου-

227 1457 413 1522 δαίων,
447 1457 560 1511 άλλ’
594 1457 762 1513 ἐθνῶν
783 1473 796 1487 ·
832 1451 980 1513 οὗτοι
1011 1461 1122 1532 γὰρ
1169 1459 1257 1514 διὰ
1307 1459 1407 1531 τῆς
1438 1459 1672 1523 πίστεως
1701 1459 1801 1530 τῆς

227 1550 500 1624 σωτηρίας
542 1550 863 1621 μετέλαχον·
899 1553 1095 1605 ἐκεῖνοι
1134 1551 1190 1605 δέ
1235 1551 1326 1605 τὸν
1355 1550 1516 1621 ζόφον
1539 1551 1640 1621 τῆς
1669 1551 1800 1604 ἀπι-

228 1643 382 1704 στίας
435 1641 747 1714 ἠγάπησαν.
774 1643 943 1696 Τοῦτο
997 1644 1090 1696 καὶ
1150 1643 1384 1698 ἐνταῦθα
1446 1642 1549 1714 ἔφη
1600 1643 1796 1696 Δαυΐδ⁶

234 1733 542 1804 Ἐμνήσθη
565 1735 670 1789 τοῦ
702 1733 914 1803 ἐλέους
940 1736 1128 1791 αὐτοῦ
1153 1735 1231 1802 τῷ
1271 1735 1491 1802 Ἰακὼϐ,
1530 1737 1696 1808 ήγουν
1721 1734 1797 1806 τῷ

234 1821 466 1896 Ἰσραὴλ,
520 1825 766 1879 τουτέστι
811 1826 910 1890 τὰς
959 1827 1096 1898 πρὸς
1145 1827 1386 1890 ἐκείνους
1427 1825 1798 1897 γεγενημένας

1905 639 2243 696 admirandis
2271 641 2380 697 illis
2413 641 2740 713 patriarchis
2778 649 2831 697 et
2874 639 3060 696 Davidi
3092 641 3472 696 universorum

1903 728 2048 786 Deus
2079 732 2424 803 promiserat,
2449 749 2508 792 se
2532 749 2595 790 ex
2622 734 2831 790 semine
2858 748 3048 788 eorum
3079 731 3355 788 Christum
3386 747 3472 788 se-

1904 822 2144 877 cundum
2172 837 2394 879 carnem
2423 825 2811 892 excitaturum,
2843 839 2908 880 ac
2938 839 3034 896 per
3061 823 3212 878 illum
3241 824 3468 880 salutem

1903 910 2160 966 omnibus
2190 911 2509 968 hominibus
2541 914 2799 969 daturum
2832 929 2988 982 esse;
3019 914 3332 985 hujusmodi
3355 915 3474 985 pol-

1902 999 2258 1056 licitationem
2292 1003 2538 1072 patribus
2567 1004 2772 1069 datam,
2812 1012 3198 1061 testamentum
3231 1007 3466 1062 vocavit.

1903 1089 2079 1161 Ipsius
2108 1101 2288 1148 autem
2315 1109 2486 1164 genus
2515 1096 2769 1151 lsraelem
2791 1097 3040 1164 vocavit;
3068 1097 3196 1168 quia
3218 1094 3470 1154 Christus

1902 1183 2203 1239 secundum
2233 1199 2451 1242 carnem
2491 1203 2558 1242 ex
2587 1186 2790 1244 Judaeis
2828 1197 2933 1244 est.
2969 1187 3100 1244 Dedi
3130 1197 3181 1244 te
3213 1188 3377 1259 igitur
3415 1190 3470 1246 in

1901 1283 2288 1330 testamentum
2323 1279 2574 1348 generis;
2607 1279 2659 1334 id
2703 1287 2809 1345 est,
2847 1287 2904 1334 ut
2933 1289 3089 1350 pacta
3118 1296 3242 1335 cum
3267 1278 3471 1338 Judaeis

1901 1365 2034 1418 inita
2069 1365 2432 1437 impleantur;
2464 1369 2558 1424 sed
2592 1370 2648 1424 in
2692 1371 2866 1426 lucem
2898 1369 3020 1425 dedi
3063 1377 3134 1438 te,
3175 1387 3282 1426 non
3329 1372 3472 1426 ultra

1898 1456 2121 1526 Judaeis,
2155 1459 2251 1514 sed
2294 1461 2546 1531 gentibus
2569 1501 2584 1527 ,
2621 1478 2716 1532 per
2753 1462 2915 1518 [idem
2943 1462 3090 1518 enim
3124 1464 3206 1518 hae
3237 1464 3470 1520 salutem

1899 1556 2074 1603 nactae
2104 1556 2265 1604 sunt:
2299 1550 2377 1604 illi
2405 1566 2534 1607 vero
2569 1553 2904 1608 infidelitatis
2948 1555 3236 1624 caliginem
3263 1555 3469 1611 dilexe-

1899 1645 2047 1693 runt.
2081 1637 2138 1693 Id
2171 1639 2246 1693 ait
2279 1641 2381 1696 hoc
2423 1642 2546 1696 loco
2582 1641 2750 1698 David
2785 1660 2798 1695 ε
2841 1643 3160 1699 Recordatus
3193 1656 3270 1700 est
3315 1647 3470 1701 mise-

1875 1731 2145 1786 ‘ricordite
2170 1749 2282 1787 sua:
2325 1732 2527 1800 Iacob,
2573 1737 2782 1792 scilicet
2811 1736 3021 1804 lsraeli,
3072 1739 3127 1794 id
3166 1749 3269 1804 est,
3313 1741 3470 1798 datas

1901 1821 2036 1890 ipsis
2073 1823 2466 1892 promissiones
2514 1827 2782 1898 implevit,
2822 1839 2877 1885 et
2925 1831 2995 1885 ad
3038 1845 3154 1886 rem
3201 1831 3466 1888 deduxit:

221 1916 551 1985 ἐπαγγελίας
587 1917 892 1990 ἐπλήρωσε,
928 1918 1022 1972 καὶ
1067 1919 1146 1982 εἰς
1173 1918 1332 1991 ἔργον
1359 1919 1534 1990 ήγαγε
1559 1936 1574 1950 ο
1596 1918 1686 1972 ,διδ
1717 1918 1796 1972 εί-

1897 1928 2066 1983 quare
2101 1913 2343 1970 uiderunt
2387 1932 2563 1972 omnes
2605 1920 2814 1973 termini
2873 1931 3026 1976 teme
3064 1920 3322 1978 Salutare
3378 1924 3472 1980 Dei

222 2003 416 2060 ὄσσαν
437 2007 632 2063 πάντα
649 2010 720 2064 τὰ
739 2008 962 2078 πέρατα
994 2007 1102 2078 τῆς
1124 2009 1237 2081 γῆς
1259 2010 1324 2064 τό
1354 2009 1656 2079 Σωτήριον
1690 2009 1796 2064 τοῦ

226 2099 373 2154 Θεοῦ
394 2099 580 2168 ἡμῶν.
597 2102 684 2171 Κη
693 2102 974 2173 ρυχθέντος
987 2100 1096 2173 γάρ
1116 2101 1208 2154 τοῦ
1219 2102 1546 2172 Εὑαγγελίου
1565 2102 1622 2154 ἐν
1646 2101 1797 2174 πάσῃ

217 2194 284 2261 τῇ
311 2191 402 2243 ὑπ’
415 2191 642 2263 οὐρανὸν
665 2193 759 2246 καὶ
778 2194 836 2246 ἐν
854 2192 999 2263 πάσῃ
1012 2195 1077 2264 τῇ
1094 2191 1382 2264 οἰκουμένῃ
1400 2195 1478 2255 είς
1502 2191 1798 2264 μαρτύριον

220 2287 355 2338 πᾶσι
387 2288 498 2352 τοῖς
530 2285 726 2352 ἔθνεσι,
762 2287 903 2341 κατὰ
928 2289 1028 2360 τὴν
1059 2286 1293 2359 Χριστοῦ
1327 2285 1698 2357 χρησμῳδίαν,
1719 2278 1797 2337 εἴ-

216 2377 306 2430 δον
335 2377 511 2432 πάντα
531 2378 597 2433 τά
623 2378 835 2452 πέρατα
865 2380 966 2451 τῆς
997 2383 1099 2452 γῆς
1130 2377 1386 2452 Χριστὸν,
1420 2377 1480 2431 τὸ
1522 2378 1797 2447 Σωτήριον

220 2469 314 2521 τοῦ
347 2469 502 2523 Θεοῦ.

301 2581 662 2648 Ἀλαλάξατε
707 2583 786 2649 τῷ
834 2582 978 2649 Θεῷ,
1009 2581 1178 2639 πᾶσα
1223 2583 1263 2652 ἡ
1316 2580 1416 2652 γῆ,
1447 2579 1655 2648 ᾅσατε,
1698 2577 1799 2633 καὶ

215 2673 588 2742 ἀγαλλιᾶσθε
617 2675 713 2730 καὶ
747 2675 1000 2745 ψὰλατε.
1032 2673 1270 2730 Ψάλατε
1294 2675 1374 2741 τῷ
1396 2665 1590 2743 Κυρίῳ
1613 2674 1683 2727 ἐν
1709 2691 1796 2726 κι-

216 2764 388 2834 θάρᾳ,
414 2765 482 2820 ἐν
508 2766 720 2836 κιθάρᾳ
765 2767 864 2821 καὶ
902 2767 1071 2836 φωνῇ
1091 2765 1358 2836 ψαλμοῦ,
1381 2767 1452 2819 ἐν
1470 2764 1798 2834 σάλπιγξιν

216 2857 475 2925 ἐλαταῖς,
510 2859 607 2913 καὶ
647 2858 818 2928 φωνῇ
855 2860 1192 2930 σάλπιγγος
1214 2859 1545 2928 κερατίνης.
1565 2857 1799 2914 Ἀλαλά-

216 2949 359 3014 [fare
388 2949 644 3005 ἐνώπιον
678 2952 784 3006 τοῦ
809 2952 1117 3019 ,βασιλέως
1139 2952 1381 3021 Κυρίου,
1410 2952 1504 3004 καὶ
1543 2951 1612 3004 τὰ
1646 2950 1793 3021 ἑξῆς.

216 3040 375 3094 Κατὰ
401 3039 497 3110 μὲν
532 3041 593 3093 τὸ
626 3041 806 3112 ῥητὸν,
836 3041 1308 3111 συνάψατε,,φησὶ,
1340 3043 1450 3104 τοῖς
1484 3039 1672 3111 ὕμνοις
1706 3041 1796 3094 καὶ

215 3128 423 3199 δργανα
453 3130 706 3202 ψαλμικά
725 3149 738 3162 ’
771 3134 910 3188 κατά
941 3133 998 3186 δὲ
1027 3133 1337 3203 ἀναγωγὴν,
1356 3131 1556 3202 κιθάρα
1588 3135 1620 3204 ἡ
1653 3149 1797 3204 πραο

216 3224 412 3292 κτική’
460 3223 611 3295 φωνὴ
660 3225 725 3280 δὲ¹
747 3224 962 3296 ψαλμοῦ
1012 3227 1044 3296 ἡ
1099 3224 1319 3296 θεωρία.
1353 3221 1619 3288 Δοξάσατε
1685 3219 1790 3308 ιῦν,
1819 3249 1863 3306 C

218 3314 371 3384 φησὶ,
400 3314 489 3368 τὸν
515 3315 719 3387 Κύριον
747 3316 836 3370 διὰ
865 3316 1117 3389 πράξεως
1149 3317 1244 3371 καὶ
1266 3317 1517 3388 θεωρίας,
1547 3315 1638 3369 καὶ
1659 3318 1794 3387 πρὸς

215 3407 308 3461 τὸν
331 3407 543 3478 ψαλμὸν
572 3409 662 3464 τὸν
691 3410 779 3464 διὰ
816 3409 912 3463 τοῦ
951 3411 1182 3482 ὀργάνου
1211 3409 1598 3481 πληττόμενον,
1631 3412 1796 3480 ήγουν

216 3500 318 3562 τὰς
341 3499 428 3554 διὰ
459 3500 552 3555 τοῦ
586 3500 832 3572 σώματος
865 3502 1142 3572 ἐνεργείας
1169 3501 1268 3565 τὰς
1297 3500 1418 3555 κατ’
1447 3501 1670 3573 ἀρετὴν,
1705 3502 1796 3554 καὶ

219 3591 370 3662 φωνή
403 3607 484 3665 τις
517 3592 688 3661 ᾀδέτω
712 3594 744 3663 ή
770 3594 898 3664 περὶ
932 3591 1037 3645 τῶν
1066 3592 1353 3665 πρακτέων
1380 3590 1610 3664 θεωρίαο
1645 3593 1798 3649 κιθά-

220 3699 320 3751 ραν
485 3685 583 3754 τὴν
611 3683 704 3736 τοῦ
733 3661 987 3754 σώματος
1022 3661 1157 3756 πρός
1188 3683 1286 3755 τὴν
1313 3661 1502 3754 ψυχὴν
1533 3685 1796 3758 ἁρμονίαν

218 3772 387 3840 λέγει.
418 3773 527 3827 Καὶ
559 3773 746 3828 τοῦτον
775 3775 832 3829 δὲ
864 3775 955 3832 τὸν
987 3775 1149 3847 νόμον
1183 3775 1331 3830 ἔστιν
1370 3777 1498 3832 ίδεῖν
1512 3776 1796 3845 ’διηνεκῶς

219 3864 278 3916 ἐν
309 3866 430 3928 ταῖς
453 3864 767 3936 ἐκκλησίαις
794 3865 1166 3938 πληρούμενον
1187 3881 1199 3894 ·
1225 3869 1290 3938 τῇ
1312 3866 1422 3938 γὰρ
1450 3869 1794 3940 πνευματικῇ

221 3955 422 4029 κιθάρᾳ
449 3958 548 4028 τὴν
587 3957 733 4012 θείαν
764 3959 1178 4030 ἀνακρουόμεθα
1211 3960 1494 4031 μελῳδίαν.
1527 3961 1798 4032 Ποιοῦμεν

218 4045 277 4101 δὲ
311 4048 404 4102 καὶ
438 4051 598 4121 ἡμεῖς
627 4049 850 4118 λογικὰς
875 4051 1106 4122 κιθάρας
1144 4052 1214 4105 τὰ
1253 4051 1497 4124 ἡμέτερα
1530 4050 1794 4124 στόματα,

220 4141 317 4194 καὶ
347 4140 607 4214 χρώμεθα
638 4143 756 4198 ἀντὶ
792 4144 890 4216 μὲν
930 4144 1134 4216 χορδῶν
1170 4147 1284 4208 τοῖς
1321 4145 1551 4212 ὀδοῦσιν,
1585 4146 1706 4200 ἀντὶ
1738 4145 1795 4200 δὲ

222 4233 424 4304 χαλκοῦ
457 4236 568 4299 τοῖς
588 4235 826 4306 χείλεσι·
861 4235 1140 4308 πλήκτρου
1167 4235 1222 4288 δὲ
1259 4235 1458 4300 παντὸς
1496 4238 1531 4308 ἡ
1576 4237 1795 4306 γλῶσσα

219 4324 474 4398 ὀξύτερον
523 4327 832 4399 κινουμένη,
882 4327 980 4400 τὴν
1026 4328 1341 4400 ἐναρμόνιον
1391 4329 1645 4382 ἀποτελεῖ
1688 4329 1807 4383 τῶνρ

220 4415 578 4486 κρουσμάτων
611 4418 752 4488 ήχήν
772 4436 784 4448 ·
809 4421 948 4472 κινεῖ
967 4418 1024 4472 δὲ
1055 4417 1151 4489 τὴν
1177 4416 1421 4486 γλῶτταν
1453 4421 1481 4472 ό
1513 4417 1656 4483 νοῦς,
1686 4415 1794 4474 οἷόν

217 4521 302 4569 τις
339 4506 592 4577 μουσικὸς
628 4510 744 4580 μετ’
774 4511 1084 4582 ἐπιστήμης
1124 4511 1442 4581 ποιούμενος
1469 4508 1567 4582 τὴν
1592 4510 1795 4582 ταύτης

1896 2007 2082 2062 nostri.
2116 2005 2410 2078 Evangelio
2449 2011 2592 2064 enim
2638 2012 2692 2066 in
2742 2015 2891 2068 omni
2941 2023 3109 2083 terra,
3166 2018 3470 2073 secundum

1895 2095 2098 2152 Christi
2137 2099 2475 2163 vaticinium.
2504 2103 2634 2156 etin
2671 2104 2926 2160 universo
2956 2115 3224 2162 terrarum
3252 2109 3382 2164 orbe
3415 2109 3471 2165 in

1896 2191 2270 2248 testimonium
2303 2195 2560 2252 omnibus
2589 2198 2842 2265 gentibus
2870 2200 3186 2269 praedicato,
3215 2201 3471 2259 viderunt

1896 2297 2090 2340 omnes
2127 2283 2264 2339 ﬁnes
2297 2291 2456 2340 terrae
2486 2283 2788 2353 Christum,
2827 2285 3076 2344 Salutare
3107 2287 3224 2344 Dei.

1969 2572 2135 2630 Vnus.
2170 2573 2280 2629 4-6.
2325 2571 2562 2628 Jubilate
2593 2571 2718 2638 Deo,
2760 2575 2932 2626 omnis
2973 2582 3138 2639 terra,
3184 2583 3394 2630 cantate
3418 2585 3470 2632 et

1896 2667 2164 2720 exsuttate
2196 2677 2244 2720 et
2271 2667 2505 2736 psallite.
2543 2665 2769 2720 Psallite
2803 2664 3027 2719 Domino
3072 2667 3130 2720 in
3155 2666 3382 2734 cithara,
3413 2670 3471 2724 in

1896 2759 2103 2812 cithara
2129 2767 2178 2812 et
2212 2775 2330 2812 uoce
2377 2757 2603 2827 psalmi,
2646 2758 2702 2811 in
2737 2757 2873 2811 tubis
2913 2756 3226 2825 ductilibus,
3271 2770 3321 2815 et
3351 2775 3473 2815 vace

1899 2851 2036 2907 tuba:
2085 2868 2306 2908 cornere.
2342 2850 2581 2905 Jubilate
2628 2852 2684 2904 in
2725 2861 3002 2904 consuectu
3057 2853 3190 2922 regis
3237 2851 3466 2920 Domini,

1895 2951 1948 3000 et
1963 2956 2179 3002 cmtera.
2197 2944 2276 3000 Ad
2301 2945 2517 3000 verbum
2543 2942 2785 3014 quidem,
2815 2943 3049 3014 hymnis,
3067 2946 3164 3009 ait,
3193 2944 3470 3017 adjungite

1895 3046 1948 3092 et
1979 3037 2342 3092 instrumenta
2362 3037 2645 3108 psalmica.
2672 3035 2982 3092 Secundum
3003 3038 3354 3108 anagogicum
3374 3054 3472 3092 au-

1894 3136 2004 3182 tem
2054 3127 2453 3198 interpretandi
2510 3129 2756 3194 modum,
2805 3128 3017 3183 cithara
3063 3136 3147 3184 est
3187 3128 3472 3198 practica;

1896 3236 1996 3276 vox
2028 3235 2161 3275 vero
2191 3220 2409 3290 psalmi,
2431 3219 2665 3276 theoria.
2691 3220 2921 3276 Domino
2952 3221 3162 3300 itaque,
3184 3221 3281 3286 ait,
3313 3223 3470 3292 praxi

1897 3319 1950 3368 et
1980 3312 2189 3367 theoria
2213 3311 2428 3367 laudem
2445 3312 2612 3368 dicite
2646 3331 2658 3366 :
2687 3322 2739 3368 et
2754 3321 2950 3383 praeter
2973 3313 3242 3384 psalmum
3273 3315 3472 3371 instru-

1895 3413 2080 3460 mento
2115 3406 2410 3476 pulsatum,
2440 3406 2692 3462 videlicet
2719 3415 2914 3478 praeter
2943 3409 3192 3478 corporis
3225 3409 3483 3464 actiones.

1896 3511 2022 3550 cum
2051 3497 2255 3552 virtute
2293 3497 2491 3563 editas,
2526 3515 2627 3552 vox
2681 3500 2808 3554 item
2851 3507 3032 3564 canat,
3090 3499 3139 3555 id
3173 3511 3278 3564 est,
3310 3515 3469 3571 agen-

1897 3587 2089 3642 darum
2119 3603 2304 3644 rerum
2335 3589 2547 3646 theoria
2577 3590 2713 3661 (sive
2739 3591 3061 3662 speculatio)
3093 3591 3324 3646 addatur
3347 3610 3361 3647 :
3383 3593 3466 3646 ci-

1899 3677 2106 3733 tharam
2134 3678 2336 3751 quippe
2358 3690 2537 3746 vocat,
2567 3683 2812 3753 corporis
2845 3698 2970 3737 cum
3004 3684 3184 3737 anima
3234 3698 3480 3740 concen-

1897 3782 2031 3825 tum.
2068 3769 2222 3826 lianc
2250 3786 2414 3842 porro
2440 3773 2613 3845 legem
2645 3773 2830 3830 videre
2857 3773 3019 3829 liceat
3051 3774 3272 3830 assidue
3299 3775 3354 3829 in
3382 3789 3468 3829 ec-

1895 3863 2082 3920 clesiis
2105 3863 2356 3933 impleri:
2389 3879 2515 3919 nam
2539 3865 2810 3936 spirituali
2840 3866 3050 3921 cithara
3072 3866 3312 3922 divinam
3345 3867 3466 3939 pul-

1897 3970 2084 4012 samus
2128 3954 2442 4010 melodiam.
2494 3954 2607 4011 lmo
2646 3957 2807 4012 etiam
2851 3972 2947 4011 ora
2992 3966 3182 4014 nostra
3228 3957 3483 4014 citharas.

1894 4046 2192 4106 rationales
2219 4046 2516 4114 efficimus;
2555 4053 2609 4103 et
2656 4063 2756 4118 pro
2784 4049 3028 4114 chordis,
3057 4049 3311 4106 dentibus
3353 4051 3465 4104 uti-

1894 4156 2057 4208 mur;
2090 4154 2191 4212 pro
2223 4155 2349 4206 aere,
2383 4139 2544 4197 labiis
2572 4157 2584 4194 :
2629 4141 2824 4213 quovis
2859 4149 3038 4198 autem
3083 4142 3295 4214 plectro
3324 4143 3466 4200 cele-

1894 4235 2013 4291 rius
2060 4233 2259 4306 agitata
2310 4234 2519 4305 lingua,
2567 4236 2896 4290 concinnum
2932 4235 3044 4292 edit
3096 4235 3480 4306 pulsationume

1894 4340 2092 4380 sonum
2126 4343 2140 4380 :
2176 4339 2330 4381 mens
2364 4332 2544 4378 autem
2590 4324 2832 4396 linguam
2878 4334 3077 4390 movet,
3112 4342 3212 4382 ceu
3260 4327 3487 4396 peritus.

1894 4417 2116 4490 quidam
2165 4417 2410 4473 musicus
2452 4418 2588 4473 scite
2635 4418 2755 4488 ejus
2803 4419 3162 4473 mutationem
3203 4416 3463 4473 elliciens.

1897 4511 2022 4567 llaec
2051 4509 2263 4565 cithara
2299 4509 2409 4564 Deo
2454 4510 2661 4578 gratior
2687 4517 2791 4574 est,
2836 4525 2998 4579 quam
3046 4509 3135 4562 illa
3164 4509 3330 4564 animi
3367 4523 3484 4564 ιιι--

221 4597 540 4670 μετάϐασιν.
557 4597 704 4670 Αὕτη
726 4599 816 4670 τῷ
843 4599 960 4671 Θεῷ
993 4603 1035 4672 ἡ,
1053 4600 1252 4674 κιθάρα
1274 4602 1371 4674 τῆς
1399 4601 1607 4672 ἀψύχου
1625 4601 1687 4654 θυ
1696 4619 1792 4674 μη-

1897 4621 2042 4675 pers.
2071 4603 2243 4675 Cujus
2275 4603 2355 4659 rei
2397 4603 2553 4659 testis
2593 4604 2708 4673 ipse
2739 4610 2822 4658 est
2862 4618 2959 4672 per
2997 4603 3314 4672 prophetam
3349 4601 3485 4657 hate-

219 4691 470 4764 ρεστέρα.
499 4693 608 4746 Καὶ
639 4692 844 4762 μάρτυς
875 4693 1036 4756 αὐτὸς
1062 4693 1148 4749 διὰ
1181 4694 1274 4748 τοῦ
1302 4696 1582 4766 προφήτου
1619 4692 1756 4765 βοῶν
1777 4711 1788 4722 ·

231 4781 606 4853 Ἆπόστησον
627 4785 725 4853 ἀφ’
747 4784 916 4854 ἡμῶν
941 4783 1094 4856 ἦχον
1119 4785 1286 4854 ᾠδῶν
1306 4803 1444 4855 σου,
1465 4787 1563 4841 καὶ
1588 4787 1795 4857 φωνῆς

218 4874 488 4945 ὀργάνων
517 4892 634 4930 σου
666 4879 778 4930 οὐκ
805 4878 1154 4948 ἀκούσομαι.
1173 4880 1271 4933 Ἐν
1297 4879 1629 4950 σάλπιγξιν
1651 4880 1791 4934 ἐλαα

215 4965 368 5032 ταῖς,
385 4967 482 5021 καὶ
503 4965 673 5037 φωνῇ’
687 4967 1020 5040 σάλπιγγος
1036 4972 1366 5040 κερατίνης.
1388 4971 1600 5026 Ἐλαταὶ
1617 4970 1794 5040 λέγον-
1827 4991 1829 4994 ί

215 5070 311 5109 ται
341 5055 636 5125 σάλπιγγες
667 5059 715 5109 οἱ
743 5056 889 5126 λόγοι
921 5059 1054 5112 τῶν⁶
1072 5059 1385 5113 ἀποστόλων
1414 5059 1506 5114 τοῦ
1538 5060 1793 5131 Σωτῆρος

220 5146 377 5218 ήμῶν
397 5147 484 5202 διὰ
511 5147 572 5202 τὺ
589 5147 1044 5221 βεϐασανισμένον
1069 5151 1161 5206 καὶ
1181 5153 1574 5223 πεπυρωμένον
1588 5153 1686 5224 τῆς
1709 5153 1802 5206 πί·-

221 5253 392 5301 στεως
425 5238 637 5292 αὐτῶν⁸
677 5241 958 5311 κεράτιναι
989 5242 1048 5295 δέ·
1077 5243 1164 5297 διά
1195 5241 1256 5296 τὸ
1289 5245 1606 5314 πρακτικόν.
1642 5243 1792 5297 Βοῶν

218 5327 329 5399 γὰρ
359 5331 414 5382 αἱ
445 5331 723 5402 κεράτιναι
757 5333 1050 5404 σάλπιγγες
1069 5351 1083 5366 ·
1105 5334 1229 5404 βοῦς
1248 5335 1303 5389 δὲ
1328 5337 1615 5408 ἐργατικὸν
1632 5335 1788 5402 ζῶον.

216 5421 332 5477 Καὶ
359 5426 484 5498 περὶ
503 5425 610 5479 τῶν
636 5427 948 5481 ἀποστόλων
979 5427 1035 5480 δέ
1061 5429 1272 5499 φησινεό
1294 5429 1505 5493 Παῦλος
1525 5448 1538 5460 ·
1557 5429 1655 5498 Μὴ
1675 5429 1793 5484 τῶν

216 5511 382 5579 βοῶν
395 5515 566 5584 μέλει
597 5516 678 5584 τῷ
703 5519 983 5591 Evn/(mil
1009 5519 1075 5574 δι’
1092 5520 1239 5590 ἡμᾶς
1261 5521 1475 5586 πάντως
1503 5520 1792 5590 λέγει.Φω-

217 5606 310 5662 ναὶ
359 5609 642 5679 τοιγαροῦν
694 5609 803 5664 τῶν
855 5611 1014 5684 ἱερῶν
1064 5610 1159 5664 τοῦ
1208 5612 1461 5683 Σωτῆρος
1485 5612 1793 5666 ἀποστόλων

217 5695 410 5753 ﬂutat
433 5698 568 5769 ὁμοῦ
600 5703 694 5754 καὶ
728 5703 1006 5774 κεράτιναι
1033 5701 1329 5773 σάλπιγγες
1357 5703 1671 5773 ἐτύγχανον.
1695 5701 1794 5755 Κι-

290 5849 340 5884 ”
382 5851 486 5908 lsa.
520 5868 686 5919 xm,
722 5852 775 5910 6.
851 5856 896 5894 ’δ
934 5854 1102 5914 Amos
1133 5872 1188 5923 ν,
1223 5854 1313 5918 23.
1389 5855 1438 5890 ’⁸
1474 5853 1498 5910 1
1528 5856 1656 5914 Cor.
1691 5871 1784 5924 ιι,
1817 5855 1874 5912 9.

1896 4699 2172 4752 clamans:
2204 4695 2392 4749 Averte
2421 4710 2453 4748 a
2486 4692 2634 4748 nobis
2663 4709 2850 4747 sonum
2874 4693 3202 4746 canticorum
3231 4700 3485 4754 tuorum,~

1894 4798 1944 4843 et
1991 4803 2165 4843 uocem
2207 4787 2676 4840 instrumentorum
2700 4793 2908 4837 tuorum
2928 4799 3031 4836 non
3059 4780 3274 4835 audiam
3302 4779 3370 4836 “.
3398 4777 3466 4834 In

1896 4881 2030 4936 tubis
2072 4879 2390 4946 ductilibus,
2431 4887 2480 4933 et
2542 4893 2662 4933 voce
2709 4875 2847 4930 tubae
2896 4891 3120 4929 cornete.
3154 4871 3320 4928 Tuba:
3361 4872 3466 4927 du-

1896 4973 2054 5028 ctiles
2105 4972 2366 5026 dicuntur
2404 4983 2687 5025 sermones
2735 4967 3106 5039 apostolorum
3158 4963 3488 5024 Servatoris.

1901 5062 2098 5129 nostri,
2143 5063 2214 5118 ob
2263 5062 2550 5133 probatam
2596 5069 2650 5116 et
2701 5062 2826 5131 igne
2871 5058 3232 5114 examinatam
3274 5071 3466 5112 eorum

1901 5155 2093 5222 ﬁdem;
2159 5169 2374 5210 cornea
2452 5169 2581 5209 vero
2659 5161 2881 5224 propter
2957 5150 3220 5205 actiones.
3294 5148 3464 5203 Boum

1897 5247 2040 5302 enim
2107 5255 2237 5302 sunt
2294 5247 2438 5302 tuba:
2489 5261 2703 5300 cornea:
2745 5261 2760 5297 :
2819 5251 2904 5300 est
2958 5249 3138 5296 autem
3192 5241 3292 5295 bos
3341 5239 3466 5294 ani-

1897 5334 2008 5389 mal
2057 5334 2411 5388 laboriosum.
2467 5333 2542 5390 De
2597 5333 2859 5404 apostolis
2908 5347 3039 5387 vero
3089 5332 3166 5385 ait
3211 5329 3462 5384 Paulus:

1902 5423 2158 5494 Nunquid
2199 5425 2264 5478 de
2320 5424 2480 5478 bobus
2519 5441 2649 5478 cura
2704 5434 2782 5479 est
2855 5423 3070 5477 Domine
3095 5422 3188 5477 ".9
3227 5420 3310 5475 vel
3349 5435 3470 5490 pro.

1899 5528 2021 5590 pter
2051 5533 2150 5574 nos
2193 5517 2416 5574 omnino
2451 5518 2554 5572 hoc
2576 5517 2729 5572 dicit.
2775 5515 2946 5572 Voces
2978 5517 3153 5586 itaque
3185 5529 3465 5569 sacrorum

1901 5609 2200 5667 Salvatoris
2241 5610 2609 5681 apostolorum
2633 5648 2647 5675 ,
2682 5609 2914 5664 ductiles
2960 5608 3122 5666 simul
3156 5614 3210 5664 et
3254 5617 3469 5662 cornea

1899 5703 2046 5760 tuba
2062 5711 2236 5760 erant.
2257 5704 2378 5761 Alio
2393 5712 2578 5760 autem
2603 5707 2787 5769 modo,
2807 5703 3068 5760 citharam
3097 5718 3166 5760 ne
3194 5697 3498 5760 cunctaris,

3563 4557 3593 4624 ὲ
