4068 6394
594 444 729 500 1235

1336 443 1605 501 EUSEBII
1642 437 2120 500 CESARIENSIS
2158 438 2308 496 OPP.
2350 437 2530 496 PARS
2566 437 2652 494 III.
2692 470 2754 479 —
2794 436 3203 495 EXEGETICA.

3707 433 3856 489 {236

588 565 773 621 dicere
792 565 1109 621 universum
1147 565 1354 623 Christi
1377 567 1662 639 populum,
1690 582 1757 622 ex
1781 565 2017 621 diversis
2047 564 2158 618 ani-

2269 562 2429 634 θάραν
2477 562 2535 615 δὲ
2583 562 2756 625 ἄλλως
2809 560 2883 631 μὴ
2928 559 3072 613 δκνει
3090 558 3269 627 λέγειν
3300 555 3392 609 τὸν
3425 555 3725 626 σύμπαντα
3752 552 3855 607 τοῦ

588 656 813 721 mahus,
864 665 1125 727 tanquam
1178 672 1245 713 ex
1291 657 1544 729 pluribus
1574 658 1815 723 chordis,
1860 658 2159 712 concinna-

590 755 730 812 tum,
765 758 925 817 atque
960 749 1180 804 unicam
1222 751 1526 812 orationem
1560 757 1615 806 et
1645 750 1948 821 gratiarum
1992 748 2164 804 actio-

590 853 713 893 nem
743 838 853 895 Deo
876 838 1213 897 oderentem.

836 950 1160 1007 PSALMUS
1215 951 1346 1008 IPSI
1410 953 1640 1008 DAVID.
1704 953 1935 1009 XCVIII.

662 1038 923 1118 Vnus},
954 1043 1007 1095 2.
1037 1042 1299 1098 Dominus
1335 1046 1593 1116 regnavit.
1624 1046 1931 1099 irascantur
1960 1047 2163 1115 populi,

591 1131 683 1211 qui
704 1132 843 1184 sedet
883 1150 1040 1202 super
1070 1134 1359 1200 cherubim,
1391 1145 1663 1191 moveatur
1694 1146 1856 1191 terra.
1888 1136 1988 1191 Hic
2022 1137 2168 1207 psal-

591 1234 717 1275 mus
763 1222 907 1291 apud
958 1221 1215 1279 Hebraeos
1254 1225 1415 1280 titulo
1444 1234 1594 1281 caret
1628 1246 1641 1282 :
1678 1235 1871 1297 estque
1917 1244 2062 1284 unus
2100 1242 2166 1282 ex

591 1312 663 1367 iis
683 1313 778 1383 qui
801 1312 1006 1368 Christi
1038 1330 1266 1385 regnum
1299 1317 1650 1374 annuntiant.
1674 1316 1811 1373 Cum
1830 1319 1976 1373 enim
2006 1335 2167 1375 nemo

591 1402 761 1459 irasci
810 1420 870 1460 se
899 1404 1046 1460 dicat
1075 1407 1221 1477 quod
1268 1406 1413 1463 Deus
1443 1409 1825 1465 universorum
1878 1410 1934 1463 in
1976 1425 2166 1466 omnes

593 1510 822 1567 regnum
854 1496 1133 1566 obtineat;
1168 1498 1235 1553 de
1260 1498 1467 1555 Christi
1493 1507 1675 1554 tamen
1724 1516 1893 1571 regno
1924 1500 1999 1554 ait
2027 1516 2167 1571 pra:-

593 1602 724 1642 sens
775 1602 955 1642 sermo
1013 1590 1246 1660 populos
1286 1591 1473 1655 irasci,
1522 1591 1777 1646 videlicet
1832 1592 2063 1661 populos
2101 1609 2167 1648 ex

593 1677 1019 1734 circumcisione
1058 1688 1114 1735 et
1162 1696 1227 1736 ex
1274 1682 1550 1752 gentibus,
1586 1683 1682 1753 qui
1722 1683 1778 1737 in
1830 1684 2010 1754 ipsum
2056 1698 2167 1738 non

593 1768 846 1823 credunt.
888 1768 1023 1836 Quis
1058 1772 1129 1827 sit
1182 1781 1365 1828 autem
1412 1772 1700 1839 Dominus,
1752 1790 1877 1830 mox
1928 1776 2168 1831 declarat

592 1858 782 1916 dicens
821 1882 833 1916 :
894 1863 999 1929 Qui
1045 1864 1186 1918 sedet
1217 1882 1372 1934 super
1420 1867 1708 1921 cherubim.
1762 1866 1971 1924 Mordet
2022 1869 2165 1923 enim

592 1950 863 2017 inﬁdeles,
908 1954 1152 2025 ipsisque
1211 1955 1359 2011 dolet
1412 1960 1655 2028 gentium
1708 1973 1807 2028 pro
1848 1960 2024 2013 salute
2054 1966 2169 2014 stu-

592 2043 785 2099 dium:
824 2046 1092 2116 siquidem
1134 2049 1480 2118 propheticas
1520 2050 1588 2105 de
1633 2066 1801 2121 regno
1844 2051 1966 2120 ejus
2008 2067 2169 2108 voces

592 2148 706 2188 non
747 2136 1152 2193 intellexerunt.
1194 2138 1472 2194 Moveatur
1495 2150 1653 2195 terra.
1687 2140 1971 2197 Daemones
2000 2142 2167 2207 enim,

592 2228 689 2298 qui
721 2228 850 2282 olim
880 2228 1178 2299 plurimum
1207 2231 1491 2296 valebant,
1518 2232 1775 2286 inﬁrmati
1811 2240 1968 2299 sunt;
1998 2231 2071 2285 ita
2110 2242 2171 2286 ut

592 2331 785 2373 omnes
812 2333 1001 2372 eorum
1045 2319 1276 2377 virtutes
1313 2328 1600 2376 commotae
1645 2323 1776 2388 sint,
1807 2332 1862 2377 et
1895 2324 2170 2392 operatio-

592 2419 692 2461 nes
714 2405 1070 2461 cessaverint.
1094 2406 1357 2464 Homines
1378 2424 1593 2479 quoque
1613 2420 1812 2465 terram
1843 2411 2165 2477 incolentes,

589 2498 1000 2569 resipiscentes,
1022 2501 1235 2570 paterni
1261 2502 1467 2557 erroris
1493 2502 1787 2573 perniciem
1806 2510 2165 2573 agnoverunt,

591 2589 763 2645 Deum
796 2589 1033 2645 Verbum
1067 2592 1170 2649 sibi
1200 2592 1488 2650 Dominum
1521 2594 1872 2649 ascribentes.
1898 2593 2011 2649 Imo
2040 2611 2170 2651 vero

592 2680 762 2750 quiin
800 2697 923 2735 eum
960 2683 1225 2739 increduli
1259 2683 1502 2753 fuerunt,
1536 2687 1883 2742 vehementer
1908 2689 2169 2743 commoti

592 2780 745 2837 sunt,
776 2773 828 2827 vi
852 2774 1116 2830 doctrina:
1153 2776 1274 2845 ejus
1296 2778 1551 2833 concussi
1598 2786 1759 2849 atque
1803 2782 2070 2851 percussi.
2100 2781 2170 2835 ll-

593 2870 689 2925 lud
723 2878 927 2937 autem,
968 2873 1059 2943 qui
1089 2872 1252 2937 sedet,
1284 2874 1443 2943 quasi
1480 2874 1727 2931 homines
1757 2876 2039 2947 alloquens
2069 2876 2165 2930 ait.

592 2960 800 3017 Natu'a
830 2963 1033 3033 quippe
1066 2964 1387 3034 incorporea
1425 2963 1879 3037 incomprehensa
1914 2973 1968 3020 et
1994 2966 2167 3020 incir-

592 3057 929 3128 cumscripta
957 3065 1061 3112 est.
1101 3055 1357 3110 Dominus
1390 3056 1444 3109 in
1476 3054 1605 3111 Sion
1642 3072 1885 3127 magnus,
1926 3067 1975 3114 et
1999 3057 2170 3113 excel-

594 3163 686 3202 sus
718 3164 873 3216 super
894 3164 1070 3201 omnes
1099 3147 1337 3215 populos.
1382 3146 1515 3201 Sion
1558 3146 1829 3218 signiﬁcat
1866 3150 2167 3217 speculam;

2264 653 2502 726 Χριστοῦ
2548 652 2675 706 λαὸν
2721 656 2786 705 ἐκ
2825 651 3095 723 διαφόρων
3140 648 3329 719 ψυχῶν
3368 646 3445 711 ὡς
3486 648 3549 700 ἐκ
3584 645 3857 698 πλειόνων

2266 746 2469 818 χορδῶν
2496 744 2863 817 ἡρμοσμένον,
2900 743 3031 815 μίαν
3073 758 3134 796 τε
3182 739 3347 813 εὐχὴν
3379 740 3471 795 καὶ
3496 738 3856 811 εὐχαριστίαν

2264 838 2343 910 τῷ
2368 837 2487 908 Θεῷ
2515 836 2932 907 άναπέμποντα.

2650 945 2944 999 ΨΑΔΜΟΣ
2975 946 3062 1017 Τῼ
3080 944 3299 998 ΔΑΥΙΔ.
3330 945 3454 1011 ’ίιιΗ’.

2349 1041 2402 1093 '0
2444 1041 2658 1108 Κύριος
2698 1040 3100 1094 ἐϐασίλευσεν
3118 1077 3133 1101 ,
3195 1037 3631 1107 ὀργιζὲσθωσαν
3675 1036 3815 1091 λαοί
3833 1076 3851 1102 ,

2268 1136 2301 1188 ό
2317 1131 2645 1201 καθήμενος
2668 1132 2765 1185 ἐπὶ
2804 1131 3108 1200 χερουϐὶμ,
3126 1130 3476 1196 σαλευθήτω
3500 1131 3539 1198 ἡ
3562 1130 3658 1199 γῆ.
3699 1132 3852 1184 Ἀνε-

2270 1227 2541 1297 πίγραφος
2570 1225 2698 1295 παρ’
2746 1224 3018 1295 Ἑϐραίοις
3044 1226 3072 1276 6
3096 1222 3310 1293 ψαλμός
3332 1239 3346 1253 °
3378 1217 3459 1285 εἷς
3479 1223 3537 1276 δὲ
3569 1224 3669 1277 καὶ
3691 1224 3852 1287 αὐτὸς

2266 1316 2520 1385 τυγχάνει
2539 1314 2649 1369 τῶν
2669 1311 3172 1384 εὐαγγελιζομένων
3197 1313 3297 1384 τὴν
3322 1312 3416 1366 τοῦ
3430 1313 3667 1385 Χριστοῦ
3694 1314 3851 1383 βασι-

2266 1409 2434 1461 λείαν.
2492 1408 2646 1461 Ἐπεὶ
2702 1408 2799 1478 μὲν
2858 1405 2966 1476 γὰρ
2993 1406 3071 1475 τῷ
3106 1405 3408 1475 βασιλεύειν
3448 1406 3707 1460 ἁπάντων
3745 1404 3851 1458 τῶν

2267 1503 2404 1555 ὅλων
2433 1501 2585 1565 Θεὸν,
2646 1499 2837 1553 οὐδένα
2890 1499 2955 1553 ἄν
2978 1516 3062 1562 τις
3117 1498 3431 1570 ὀργίζεσθαι
3477 1500 3635 1569 φαίη,
3680 1499 3851 1552 ἐπὶδὲ

2267 1597 2332 1665 τῇ
2362 1592 2458 1646 τοῦ
2492 1592 2726 1664 Χριστοῦ
2752 1590 2999 1662 βασιλεία
3034 1591 3197 1661 φησὶν
3222 1593 3251 1644 ὁ
3278 1588 3468 1660 παρὼν
3499 1590 3660 1658 λόγος
3702 1590 3849 1660 ὀργί-

2268 1684 2455 1749 ζεσθαι
2497 1684 2691 1747 λαούς’
2742 1684 2877 1753 φησὶ
2904 1682 2961 1735 δέ
2990 1683 3115 1743 τοὺς
3154 1683 3218 1734 ἐκ
3248 1682 3554 1752 περιτομῆς
3601 1682 3693 1733 καὶ
3725 1682 3850 1746 τοὺς

2267 1776 2328 1842 ἐξ
2379 1776 2548 1829 ἐθνῶν
2592 1774 2954 1837 ἀπιστοῦντας
2998 1773 3166 1844 αύτῷ.
3197 1774 3294 1837 Τίς
3319 1773 3376 1826 δέ
3408 1775 3557 1825 ἐστιν
3588 1775 3616 1826 6
3647 1773 3851 1843 Κύριος

2267 1869 2520 1937 διασαφεί
2547 1866 2721 1934 λέγων
2752 1863 2914 1935 ἑξῆς·
2956 1864 3011 1917 '0
3064 1864 3402 1933 καθήμενος
3438 1863 3592 1931 ὑπὲρ
3648 1881 3850 1931 χερου-

2270 1960 2387 2028 ϐίμ.
2442 1956 2636 2011 Δάκνει
2691 1955 2799 2028 γὰρ
2828 1956 2957 2019 τοὺς
2994 1955 3259 2017 ἀπίστους
3280 1954 3376 2007 καὶ
3405 1954 3564 2007 λυπεῖ
3597 1956 3626 2006 ό
3665 1954 3759 2005 ἐπὶ
3788 1957 3848 2023 τῇ

2271 2047 2515 2119 σωτηρίᾳ
2539 2045 2645 2099 τῶν
2670 2046 2837 2101 ἐθνῶν
2870 2044 3027 2117 ζῆλος
3049 2061 3065 2077 ο
3101 2045 3162 2097 ού
3192 2043 3299 2115 γὰρ
3334 2047 3570 2115 συνῆκαν
3596 2045 3697 2107 τὰς
3730 2044 3848 2114 περὶ

2269 2137 2367 2204 τῆς
2403 2135 2677 2205 βασιλείας
2703 2134 2869 2188 αὑτοῦ
2883 2133 3228 2205 προφητικὰς
3256 2133 3437 2203 φωνάς
3458 2151 3471 2163 ο
3494 2134 3848 2199 Σαλευθὴτω

2269 2233 2308 2299 ἡ
2334 2230 2431 2301 γῆ.
2468 2230 2536 2284 Οἵ
2563 2246 2623 2282 τε
2662 2228 2771 2299 γάρ
2817 2226 2987 2281 πάλαι
3036 2224 3205 2279 πολλὰ
3269 2225 3554 2295 δυνάμενοι
3601 2224 3845 2294 δαίμονες

2269 2324 2655 2397 ἐξησθένησαν,
2691 2322 2767 2385 ὡς
2802 2321 2979 2383 πάσας
3025 2318 3205 2372 αὐτῶν
3239 2316 3339 2381 τὰς
3370 2317 3629 2387 δυνάμεις
3658 2316 3845 2368 σαλευ-

2270 2418 2451 2489 θῆναι,
2480 2416 2574 2469 καὶ
2618 2414 2921 2485 παυσθῆναι
2955 2411 3054 2475 τὰς
3093 2410 3371 2482 ἐνεργείας
3395 2426 3408 2439 ·
3452 2410 3505 2462 οἵ
3531 2425 3593 2461 τε
3621 2409 3723 2479 τὴν
3752 2408 3847 2477 γῆν

2269 2508 2545 2572 οἰκοῦντες
2565 2507 2659 2562 ἄνθ
2670 2523 2859 2578 ρωποι,
2883 2503 3297 2575 μεταϐαλόντες,
3317 2502 3419 2571 τῆς
3440 2499 3700 2572 πατρῴας
3717 2499 3846 2552 πλά-

2269 2618 2367 2671 νης
2404 2598 2495 2652 τὸν
2536 2597 2753 2668 ὄλεθρον
2800 2595 3140 2663 ἐπέγνωσαν,
3183 2593 3274 2645 τὸν
3306 2592 3439 2645 Θεὸν
3467 2591 3641 2659 Λόγον
3672 2590 3845 2643 αὐτῶν

2270 2690 2473 2761 Κύριον
2535 2685 2991 2756 ἐπιγραψάμενοι.
3032 2685 3107 2737 Οὐ
3168 2681 3273 2753 μὴν
3325 2680 3459 2734 ἁλλά
3494 2681 3587 2735 καὶ
3631 2683 3679 2733 οἱ
3718 2681 3845 2733 άπι-

2270 2782 2517 2843 στοῦντες
2548 2778 2731 2849 αὐτῷ,
2786 2776 3035 2848 μεγάλως
3085 2775 3485 2844 ἐσαλεύθησαν,
3540 2773 3846 2842 κινούμενοι

2268 2875 2362 2928 καὶ
2393 2869 2891 2941 καταπληττόμενοι
2918 2866 3018 2936 τῆς
3060 2865 3406 2928 διδασκαλίας
3446 2863 3613 2918 αὑτοῦ
3642 2863 3741 2932 τὴν
3768 2861 3846 2914 δύ-

2268 2978 2452 3030 ναμιν.
2483 2960 2556 3013 Τὸ
2583 2959 2659 3024 δέ,
2682 2955 3036 3026 καθήμενος,
3064 2956 3139 3019 ὡς
3166 2954 3303 3027 πρὸς
3332 2952 3651 3023 ἀνθρώπους
3678 2952 3845 3003 διαλε-

2268 3054 2495 3125 γόμενος
2554 3052 2796 3123 εἴρηκεν.
2850 3051 2914 3103 Ἦ
2961 3049 3070 3121 γάρ
3114 3047 3405 3119 ἀσώματος
3445 3046 3609 3115 φύσις
3659 3044 3846 3114 ἀπερί-

2269 3148 2472 3217 ληπτος
2524 3146 2619 3198 καὶ
2672 3143 3070 3215 άπερίγραφος.
3114 3142 3328 3209 Κύριος
3367 3140 3431 3193 ἐν
3461 3138 3616 3191 Σιὼν
3639 3138 3842 3209 μέγας.

595 3240 677 3295 sic
714 3246 893 3295 autem
946 3239 1218 3309 appellare
1256 3238 1442 3293 divina
1498 3240 1784 3311 Scriptura
1832 3243 1969 3297 solet
2005 3257 2165 3298 omne

2272 3237 2369 3292 καὶ
2398 3236 2637 3305 ὑψηλός
2674 3236 2846 3289 ἐστιν
2882 3234 2982 3287 ἐπὶ
3023 3231 3254 3297 πάντας
3281 3230 3423 3296 τοὺς
3464 3231 3675 3295 λαούς.
3713 3228 3844 3280 Σιὼν

594 3331 911 3402 religiosum
946 3331 1279 3395 institutum,
1312 3338 1479 3402 atque
1517 3332 1619 3387 hoc
1655 3333 1816 3388 modo
1849 3334 2167 3389 indicantur

595 3424 634 3478 ii
666 3424 761 3494 qui
811 3424 1053 3482 caelestia
1087 3424 1461 3494 speculantur,
1493 3426 1672 3495 qualis
1722 3434 1839 3481 erat
1870 3427 2166 3496 Apostolus

593 3514 687 3585 qui
712 3514 829 3569 ait:
874 3512 998 3566 Non
1043 3512 1435 3583 speculantibus
1479 3512 1630 3567 nobis
1683 3522 1913 3576 terrena,
1949 3514 2039 3568 sed
2064 3529 2165 3567 cae-

593 3603 749 3659 lestia
778 3603 845 3657 ⁹⁶.
876 3604 1031 3676 Apud
1066 3604 1186 3660 illos
1217 3605 1363 3658 enim
1391 3619 1622 3675 magnus
1649 3612 1732 3660 est
1763 3603 2046 3661 Dominus.

660 3870 828 3929 Vnus.
883 3873 935 3927 5.
973 3871 1336 3941 Conﬁteantur
1382 3875 1584 3927 nomini
1640 3882 1729 3927 tuo
1781 3890 1991 3942 magno,
2043 3890 2165 3943 quo-

590 3964 734 4019 niam
759 3963 991 4017 terribile
1018 3974 1068 4017 et
1092 3974 1333 4017 sanctum
1356 3974 1453 4018 est.
1491 3963 1647 4019 Nunc
1672 3964 1891 4035 quidem
1916 3966 2164 4021 irascun-

589 4065 684 4111 tur
703 4056 888 4126 pepuli
914 4056 1177 4111 adversus
1208 4071 1436 4126 regnum
1476 4054 1777 4112 Salvatoris
1808 4057 1980 4112 nostri
2010 4076 2023 4111 :
2059 4058 2165 4113 erit

590 4162 756 4218 porro
786 4153 997 4216 tempus
1028 4162 1136 4217 quo
1174 4147 1277 4217 ipsi
1306 4162 1522 4218 quoque
1556 4146 1764 4201 nomini
1810 4162 2007 4217 magno
2044 4147 2162 4217 ejus

588 4237 1016 4302 confitebuntur,
1039 4238 1248 4309 quando
1267 4256 1416 4293 omne
1438 4256 1570 4310 genu
1591 4239 1828 4308 ﬂectetur
1850 4239 2157 4305 mlestium,

591 4340 748 4398 atque
780 4332 1127 4394 terrestrium,
1155 4341 1204 4385 et
1234 4332 1404 4386 omnis
1437 4331 1619 4402 lingua
1656 4330 2011 4401 conﬁtebitur,
2035 4333 2162 4402 quia

2269 3328 2627 3401 ἑρμηνεύεται
2659 3325 3133 3393 σκοπευτήριον·
3173 3324 3317 3377 οὕτω
3346 3323 3401 3375 δὲ
3426 3320 3711 3392 ὀνομάζειν
3731 3320 3843 3383 ἕθος

2267 3422 2366 3495 τὴν
2399 3421 2546 3474 θείαν
2594 3421 2815 3492 Γραφὴν
2856 3421 2962 3473 πᾶν
2992 3419 3053 3471 τὸ
3096 3416 3345 3479 θεοσεϐὲς
3391 3415 3715 3485 πολίτευμα,
3745 3413 3846 3464 τῶν

2265 3513 2335 3571 τὰ
2388 3513 2686 3584 ἐπουράνια
2740 3510 3084 3564 σκοπούντων
3130 3501 3319 3562 τοῦτον
3364 3506 3711 3578 δηλουμένων
3759 3505 3848 3557 τὸν

2265 3605 2462 3677 τρόπον
2524 3606 2703 3666 ὁποῖος
2765 3599 2833 3674 ἦν
2864 3603 3039 3671 λέγων
3075 3603 3104 3655 6
3143 3600 3462 3663 Ἀπόστολος
3488 3617 3502 3629 ·
3555 3599 3853 3652 Σκοποίρανι

2266 3713 2385 3749 των
2416 3694 2664 3765 ἡμῶνοὺ
2681 3696 2752 3749 τὰ
2772 3696 3020 3765 ἐπίγεια,
3045 3692 3207 3748 ἀλλὰ
3225 3693 3297 3746 τὰ
3316 3690 3663 3760 ἐπουράνια.
3691 3688 3853 3760 Παρὰ

2264 3785 2473 3850 τούτοις
2501 3781 2593 3839 οῦν
2626 3786 2797 3857 μέγας
2825 3788 2969 3839 ἐστὶν
2994 3787 3022 3839 6
3049 3784 3271 3857 Κύριος.

2353 3876 3052 3946 Ἐξομολογησάσθωσαν
3083 3874 3164 3940 τῷ
3199 3873 3447 3944 ὀνόματί
3485 3887 3603 3926 σου
3637 3869 3716 3935 τῷ
3750 3886 3857 3940 με·

2266 3968 2447 4040 γάλῳ,
2477 3968 2566 4022 ὅτι
2594 3970 2850 4039 φοϐερὸν
2887 3970 2987 4022 καὶ
3029 3968 3199 4037 ἅγιόν
3232 3968 3383 4020 ἐστι.
3430 3964 3544 4019 Νῦν
3573 3964 3671 4034 μὲν
3702 3963 3861 4033 ὀργί-

2266 4060 2447 4125 ζονται
2489 4060 2607 4114 λαοὶ
2654 4062 2745 4114 ἐπὶ
2779 4060 2870 4113 τοῦ
2906 4060 3156 4130 Σωτῆρος
3195 4058 3352 4130 ἡμῶν
3391 4056 3666 4126 βασιλείᾳ·
3700 4054 3863 4107 ἔσται

2264 4154 2321 4208 δέ
2359 4171 2442 4216 τις
2484 4153 2675 4223 καιρὸς
2721 4155 2776 4205 ἐν
2814 4148 2858 4221 ᾧ
2884 4153 2978 4206 καὶ
3036 4153 3188 4206 αὐτοὶ
3242 4149 3732 4220 ἐξομολογήσονται
3780 4144 3864 4214 τῷ

2266 4245 2490 4317 ὀνόματι
2515 4242 2682 4298 αὐτοῦ
2712 4244 2789 4316 τῷ
2845 4245 3087 4315 μεγάλῳ,
3120 4244 3252 4297 Ὅτε
3284 4241 3406 4296 πᾶν
3445 4242 3593 4311 γόνυ
3627 4236 3865 4307 κάμψει

2264 4338 2637 4406 ἐπουρανίων
2660 4338 2757 4391 καὶ
2794 4338 3087 4406 ἐπιγείων,
3121 4336 3219 4407 καὶ
3247 4332 3414 4389 πᾶσα
3438 4330 3693 4401 γλῶσσα
3726 4330 3868 4393 ἑξο-

592 4422 850 4477 Dominus
898 4422 1055 4477 Jesus
1087 4425 1139 4477 in
1166 4425 1337 4495 gloria
1385 4422 1568 4477 Patris
1593 4424 1661 4477 ⁸⁷.
1693 4453 1763 4464 -
1813 4421 1984 4479 Vens.
2007 4423 2061 4478 4.
2094 4422 2165 4477 Et

2269 4429 2683 4500 μολογὴσεται,
2713 4428 2801 4483 ὅτι
2833 4429 3050 4494 Κύριος
3092 4425 3320 4494 Ἰησοῦς
3372 4425 3459 4488 είς
3507 4419 3697 4485 δόξαν
3736 4422 3869 4472 Πα-

593 4517 758 4571 honor
788 4518 920 4586 regis
960 4517 1222 4586 judicium
1263 4516 1459 4587 diligit.
1498 4515 1685 4571 Honor
1723 4525 1777 4571 et
1808 4516 1982 4571 virtus
2016 4516 2162 4586 regis

2264 4523 2421 4590 τρός.
2459 4522 2570 4576 Καὶ
2610 4520 2748 4591 τιμὴ
2782 4518 3091 4585 ,βασιλέως
3134 4517 3338 4586 κρίσιν
3357 4513 3578 4586 ἀγαπᾷ.
3643 4512 3713 4564 Ἡ
3767 4510 3868 4564 τοῦ

591 4622 717 4661 cum
755 4607 984 4677 judicio.
1032 4608 1153 4662 aliis
1202 4607 1421 4677 quidem
1482 4622 1681 4661 nomen
1730 4607 1851 4671 ejus
1900 4606 2159 4672 terribile,

2269 4614 2532 4684 βασιλέως
2563 4615 2695 4684 τιμή
2757 4630 2818 4666 τε
2862 4612 2958 4665 καὶ
2981 4610 3148 4682 ἀρετὴ
3191 4610 3413 4671 εἰκότως
3445 4606 3581 4678 μετὰ
3619 4604 3870 4674 κρίσεως

592 4697 716 4752 aliis
740 4714 867 4753 vero
896 4707 1145 4752 sanctum
1182 4698 1373 4753 merito
1396 4697 1576 4752 efﬁcit.
1606 4697 1663 4753 Si
1688 4700 1833 4754 enim
1868 4700 1961 4770 qui
1991 4700 2162 4769 legem

591 4783 712 4852 ejus
763 4786 1263 4855 transgrediuntur.
1305 4802 1401 4856 per
1450 4788 1624 4857 ipsam
1672 4790 2164 4861 transgressionem

593 4873 745 4929 illum
774 4876 1103 4931 inhonorant
1129 4895 1143 4942 ;
1173 4877 1267 4946 qui
1298 4878 1536 4935 divinam
1567 4881 1742 4952 legem
1766 4891 2160 4953 exsequuntur,

595 4965 713 5020 vice
745 4982 922 5031 versa,
964 4983 1061 5036 per
1108 4968 1229 5038 ejus
1283 4972 1693 5027 exsecutionem
1747 4989 1928 5043 regem
1984 4976 2163 5045 ipsum

591 5057 684 5127 qui
740 5059 912 5131 legem
960 5060 1110 5115 dedit
1157 5061 1366 5118 honore
1417 5063 1677 5128 alliciunt,
1724 5065 1990 5135 judicium
2045 5068 2166 5137 ejus

592 5149 881 5220 diligentes
912 5172 924 5207 :
957 5153 1190 5209 scientes
1225 5156 1436 5225 justum
1469 5172 1592 5213 esse
1617 5157 1883 5226 judicium
1914 5159 2056 5229 ejus,
2100 5174 2165 5215 ac

592 5257 652 5297 se
670 5242 851 5298 divina
873 5246 1093 5314 praemia
1115 5257 1508 5303 consecuturos
1540 5265 1682 5312 esse,
1710 5252 1837 5321 quia
1861 5253 2162 5308 secundum

591 5334 928 5390 voluntatem
963 5337 1084 5406 ejus
1114 5338 1203 5408 pie
1232 5346 1287 5394 et
1312 5339 1460 5409 juste
1481 5348 1728 5412 egerunt.

662 5516 828 5573 Vens.
859 5519 913 5573 5.
941 5519 1019 5572 Tu
1049 5523 1254 5588 parasti
1277 5522 1611 5586 directiones,
1635 5525 1900 5592 judicium
1929 5533 1980 5579 et
1998 5525 2167 5594 justi-

596 5609 722 5661 tiam
765 5612 817 5663 in
847 5609 1013 5664 Jacob
1046 5621 1098 5665 tu
1129 5612 1317 5681 fecisti.
1370 5615 1620 5670 Exaltate
1658 5617 1943 5671 Dominum
1996 5598 2167 5671 Deum

591 5711 851 5763 nostrum,
904 5710 1010 5756 etc.
1077 5704 1268 5770 Nemo,
1313 5705 1511 5776 inquit,
1542 5709 1817 5764 existimet
1863 5709 1951 5764 hic
2000 5709 2166 5765 alium

696 5855 739 5888 “
782 5857 821 5911 II
856 5854 978 5911 Cor.
1015 5875 1099 5924 tv,
1136 5860 1219 5915 I8.
1296 5862 1341 5894 ⁸⁷
1381 5860 1613 5923 Philiun.
1651 5878 1721 5926 ιι,
1764 5865 1861 5924 10.
1902 5867 1987 5920 Il.

2265 4708 2379 4768 τοῖς
2404 4705 2501 4775 μὲν
2543 4704 2799 4773 ἐπίφοϐον
2827 4705 3059 4756 ποιεῖται
3086 4701 3147 4754 τὸ
3184 4700 3355 4771 ὄνομα
3394 4696 3581 4762 αὐτοῦ,
3636 4697 3760 4759 τοῖς
3812 4693 3869 4747 δὲ

2268 4798 2442 4865 ἅγιον.
2494 4797 2557 4849 Εἰ
2594 4795 2702 4868 γάρ
2752 4795 2803 4848 οἱ
2856 4792 3279 4864 παραϐαίνοντες
3316 4788 3479 4842 αὐτοῦ
3511 4787 3604 4840 τὸν
3667 4789 3865 4859 νόμον,

2266 4889 2331 4943 δι’
2357 4889 2520 4941 αὑτοῦ
2539 4887 2633 4941 τοῦ
2663 4886 3019 4957 παραϐαίνειν
3045 4882 3400 4954 ἀτιμάζουσιν
3436 4880 3600 4933 αὐτόν
3618 4896 3633 4911 ·
3670 4881 3725 4932 οἱ
3763 4899 3865 4934 κα-

2267 4980 2585 5052 τορθοῦντες
2635 4980 2726 5033 τὸν
2758 4979 2898 5033 θεῖον
2921 4978 3084 5049 νόμον
3134 4975 3203 5029 δι’
3254 4973 3421 5030 αὑτοῦ
3468 4972 3562 5026 τοῦ
3608 4973 3868 5043 ἐνεργεῖν

2273 5073 2412 5127 κατὰ
2444 5073 2638 5126 ταύτὸν
2667 5070 2865 5142 τιμῶσι
2904 5071 2996 5123 τὸν
3043 5066 3480 5139 νομοθετήσαντα
3505 5063 3670 5117 αὑτὸν
3700 5064 3868 5133 βασι-

2271 5163 2390 5229 λέα,
2418 5162 2735 5231 ἀγαπῶντες
2762 5160 2858 5232 τὴν
2893 5161 3021 5231 παρ’
3046 5157 3211 5212 αὐτοῦ
3258 5157 3461 5229 κρίσιν,
3498 5155 3869 5225 ἐπιστάμενοι

2268 5253 2474 5306 δίκαιον
2523 5254 2584 5306 τὸ
2643 5256 2816 5325 κρῖμα
2876 5250 3062 5313 αὐτοῦ,
3106 5250 3199 5303 καὶ
3244 5249 3327 5302 ὅτι
3369 5248 3645 5313 τεύξονται
3692 5247 3871 5301 Θεξων

2268 5344 2530 5415 ἀμοιϐῶν,
2569 5344 2708 5397 κατὰ
2762 5344 2818 5397 τὸ
2848 5343 3095 5415 βούλημα
3150 5339 3338 5407 αὐτοῦ,
3375 5338 3615 5401 εὐσεϐῶς
3648 5339 3755 5391 καὶ
3788 5339 3872 5392 δι-

2269 5433 2440 5495 καίως
2477 5432 2946 5504 πολιτευσάμενοι.

2336 5526 2422 5580 Σὺ
2458 5527 2791 5595 ἡτοίμασας
2845 5526 3195 5592 εὐθύτητος,
3227 5524 3433 5592 κρίσιν
3466 5522 3566 5576 καὶ
3623 5522 3871 5574 δικαιο-

2267 5618 2467 5684 σὺνην
2481 5618 2550 5670 ἐν
2577 5601 2777 5671 Ἰακὼϐ
2788 5616 2869 5670 σὺ
2900 5617 3216 5685 ἐποίησας.
3234 5615 3483 5683 Ὑψοῦτε
3498 5613 3730 5681 Κύριον
3752 5614 3875 5667 τὸν

2273 5706 2421 5763 Θεὸν
2465 5704 2657 5778 ἡμῶν,
2718 5706 2813 5761 καὶ
2863 5705 3115 5778 τὰέξῆς.
3153 5704 3380 5777 Μηδεὶς,
3399 5703 3554 5775 φησὶ,
3572 5699 3879 5772 νομίζοιτο
