4068 6394
335 333 470 388 1257

1458 334 1966 395 COMMENTARIA
2001 341 2070 397 IN
2106 341 2445 399 PSALMOS.

3439 345 3583 406 1258

329 445 514 518 ἕτερον
550 441 686 500 εἶναι
713 445 804 500 τὸν
826 447 1057 502 ἐνταῦθα
1085 447 1529 524 δοξολογούμενον
1564 453 1769 527 Κύριον
1812 456 1909 510 τοῦ

2013 459 2292 516 dominum
2325 460 2498 532 gloria
2543 459 2834 524 celebrari,
2871 474 3033 531 quam
3081 458 3250 516 Deum
3279 459 3372 530 qui
3411 461 3584 532 legem

327 535 463 588 Θεοῦ
490 534 584 589 τοῦ
612 535 1070 608 νομοθετήσαντος
1094 541 1152 592 ἐν
1182 543 1246 612 τῇ
1278 542 1488 614 ἐρήμῳ.
1515 545 1587 598 Σὺ
1599 546 1729 616 γὰρ,
1754 548 1907 618 φησὶ,

329 622 526 695 Κύριε,
559 619 620 678 οὗ
647 625 743 697 τὴν
780 626 1055 694 βασιλείαν
1087 629 1433 701 θεσπίζομεν,
1477 633 1640 698 αὐτὸς
1674 634 1750 688 ὢν
1779 654 1910 706 τυγ-

331 713 533 785 χάνεις,
565 717 592 768 6
612 716 707 768 xui
732 716 810 787 τῷ
834 718 898 770 ὲκ
921 720 1222 790 περιτομῆς
1243 720 1356 792 λαῷ
1373 722 1554 797 κρίσιν
1582 727 1677 778 καὶ¹
1705 705 1910 782 δικαιο-

332 804 496 876 σύνην
517 806 908 878 διαταξάμενος
942 810 1082 862 κατὰ
1123 810 1220 883 τὴν
1253 812 1496 873 δοθεῖσαν
1529 816 1713 880 αὐτοῖς
1749 835 1904 890 νομοτ

329 895 536 960 θεσίαν,
554 898 897 970 δικαιώματα
929 902 1023 955 καί
1047 901 1290 974 κρίματα
1321 903 1700 976 περιέχουσαν.
1736 909 1810 962 Σὺ
1853 908 1910 962 δὲ

328 991 492 1054 αὐτὸς
521 991 617 1044 καὶ
649 990 950 1064 εὐθύτητας
979 993 1280 1064 ἡτοίμασας
1309 996 1452 1050 κατὰ
1486 995 1577 1051 τὸν
1602 999 1702 1069 τῆς
1748 1001 1912 1054 ἀντα-

329 1081 600 1144 ποδόσεως
621 1083 811 1154 καιρὸν
833 1084 1310 1156 ἀποδοθησομένας
1333 1089 1444 1152 τοῖς
1464 1088 1788 1158 φυλάττουσι
1813 1090 1910 1167 τὴν

332 1171 512 1244 κρίσιν
541 1171 636 1226 κα)⁸
661 1173 758 1244 τὴν
779 1173 1144 1246 δικαιοσύνην.
1172 1175 1436 1250 Μωῢσῆς
1464 1177 1564 1231 καί
1606 1177 1820 1248 Ἀαρὼν
1842 1180 1913 1234 ἐν

331 1263 456 1330 τοῖς
485 1263 747 1332 ἱερεῦσιν
771 1265 978 1332 αὐτοῦ,
1012 1267 1114 1320 καὶ
1145 1268 1430 1336 Σαμουὴλ
1454 1270 1524 1323 ὲν
1554 1270 1679 1338 τοῖς
1710 1271 1913 1325 ἐπικα-

330 1350 647 1420 λουμένοις
678 1351 744 1405 τὸ
773 1351 960 1422 ὄνομα
979 1354 1184 1409 αὐτοῦ.
1215 1356 1649 1411 Ἐπεκαλοῦντο
1677 1361 1782 1414 τὸν
1796 1361 1913 1413 Κύ-

321 1459 478 1508 ριον,
529 1442 629 1496 καί
679 1443 863 1510 αὐτὸς
901 1443 1244 1513 είσήκουεν,
1290 1449 1360 1502 ἐν
1398 1452 1602 1514 στύλῳ
1650 1451 1914 1521 ’νεφέλης

330 1531 537 1587 ἐλάλει
577 1533 729 1602 πρὸς
765 1537 1008 1603 αὐτούς.
1075 1539 1461 1608 Ἑφύλασσον
1509 1542 1580 1596 τὰ
1617 1545 1914 1614 μαρτύρια

329 1625 536 1690 αὑτοῦ,
566 1627 665 1680 καὶ
692 1626 1204 1699 τὰ-προστάγματα
1239 1631 1276 1685 ἆ
1308 1632 1531 1687 ἔδωκεν
1555 1636 1780 1706 αὐτοῖς.
1815 1638 1910 1699 T6,

329 1719 401 1770 El
419 1717 816 1774 ἐπιστεύσατε
829 1721 1076 1791 Μωῡσῇ,
1099 1724 1493 1778 ἐπιστεύσατε
1509 1725 1584 1780 ἂν
1594 1727 1726 1797 ἐμοί
1741 1745 1755 1758 ο
1781 1727 1915 1796 περὶ

2013 553 2164 608 dedit
2214 553 2269 608 in
2301 553 2536 609 deserto.
2580 551 2663 608 Tu
2692 553 2862 617 enim,
2899 553 3101 624 inquit,
3136 552 3386 618 Domine,
3426 553 3587 624 cujus

2012 660 2240 716 regnum
2287 644 2673 710 vaticinamur,
2702 645 2846 700 idem
2897 645 3014 715 ipse
3047 661 3106 701 es
3145 645 3237 716 qui
3286 646 3488 716 popqu
3521 661 3583 701 ex

2011 733 2430 789 circumcisione
2461 733 2729 803 judicium
2759 733 3107 805 etjustitiam
3139 736 3464 806 pmcepisti,
3495 751 3587 792 se-

2009 825 2248 880 cundum
2273 833 2535 881 statutam
2572 825 2708 896 ipsis
2741 827 2938 897 legem,
2967 826 3390 897 justiﬁcationes
3419 835 3473 882 et
3494 827 3588 896 ju-

2009 917 2150 972 dicia
2191 919 2662 988 complectentem.
2696 917 2779 973 Tu
2815 926 2997 973 autem
3039 919 3155 989 ipse
3197 919 3404 988 parasti
3445 918 3590 974 dirc-

2010 1009 2241 1073 ctiones,
2271 1010 2652 1064 retributionis
2676 1017 2922 1079 tempore
2949 1009 3027 1066 iis.
3040 1008 3344 1065 reddendas
3367 1009 3460 1080 qui
3497 1009 3589 1079 ju-

2009 1100 2213 1156 dicium
2266 1107 2320 1156 et
2372 1101 2644 1171 justitiam
2702 1101 3084 1160 custodierint.
3143 1131 3212 1141 —-
3246 1099 3413 1157 Vens.
3444 1100 3498 1164 6,
3534 1101 3584 1154 7.

2012 1191 2222 1262 Moyses
2248 1201 2297 1246 et
2321 1192 2502 1246 Aaron
2531 1193 2588 1245 in
2619 1192 2981 1250 sacerdotibus
3021 1192 3158 1262 ejus,
3181 1202 3230 1246 et
3254 1191 3474 1247 Samuel
3503 1193 3587 1244 iu-

2013 1294 2091 1340 ter
2117 1301 2204 1339 eos
2229 1289 2318 1355 qui
2338 1285 2581 1342 invocant
2624 1301 2812 1340 nomen
2843 1285 2977 1354 ejus.
3026 1282 3352 1339 Invacabant
3406 1283 3590 1338 Domi-

2012 1393 2162 1442 num,
2194 1389 2243 1430 et
2275 1377 2382 1445 ipse
2413 1375 2734 1434 exaudiebat
2752 1392 2864 1441 eos,
2893 1377 2948 1430 in
2972 1376 3217 1430 columna
3239 1375 3392 1430 nubis
3419 1377 3592 1446 loque-

2013 1467 2171 1523 batur
2220 1466 2288 1521 ad
2322 1484 2431 1532 eos,
2457 1466 2823 1522 custodiebant
2876 1468 3173 1522 testimonia
3216 1468 3351 1538 ejus,
3377 1476 3425 1520 et
3449 1484 3588 1536 pra:-

2012 1569 2162 1628 cepta
2214 1577 2331 1630 qua:
2375 1559 2519 1613 dedit
2558 1560 2690 1614 illis.
2745 1558 2904 1623 Illud,
2942 1560 3002 1614 Si
3063 1561 3346 1614 crederetis
3389 1557 3588 1628 Moysi,

2013 1652 2292 1708 crederetis
2336 1655 2514 1724 utique
2561 1655 2712 1720 mihi,
2745 1655 2809 1710 de
2842 1671 2921 1710 me
2976 1655 3115 1708 enim
3161 1654 3252 1708 ille
3281 1654 3493 1723 scripsit
3516 1652 3586 1716 9‘,

2015 1746 2260 1814 ejusdem
2293 1747 2576 1802 sententiae
2614 1759 2698 1803 est
2746 1755 2909 1818 atque
2952 1748 3040 1802 illa
3070 1762 3192 1816 quae
3231 1745 3343 1815 jam
3395 1753 3592 1799 tracta-

331 1810 440 1880 ⁸μὰρ
467 1812 613 1882 ἐμοῦ
640 1814 870 1880 ἐκεῖνος
893 1814 1138 1885 ἔπραψιε,
1161 1817 1260 1888 τῆς
1284 1813 1376 1872 οὖν
1399 1819 1567 1890 αὐτῆς
1587 1819 1769 1898 ἔχεται
1797 1821 1910 1874 δια-

2017 1854 2158 1892 mus.
2191 1836 2326 1890 Nam
2358 1837 2632 1903 eumdem,
2650 1839 2846 1909 inquit,
2867 1846 2922 1894 et
2947 1854 3056 1894 non
3080 1839 3246 1892 alium
3279 1837 3589 1896 Dominum.

331 1901 480 1968 νοίας
534 1905 631 1958 καὶ
674 1907 743 1960 τά
794 1909 1150 1979 προκείμενα».
1188 1908 1388 1964 Τοῦτον
1412 1911 1520 1983 γὰρ
1548 1911 1640 1965 τὸν
1683 1912 1906 1985 Κύριον,

332 1999 422 2050 καὶ
450 2000 548 2068 οὐχ
579 2003 786 2070 έτερον,
812 2000 968 2073 φησὶ,
997 2001 1089 2054 τὸν
1121 2003 1177 2055 ὲν
1208 2002 1284 2073 τῷ
1311 2005 1536 2074 παρόντι
1560 2003 1913 2076 θεολογούμε-

329 2105 449 2152 νον,
487 2089 582 2142 καὶ
622 2091 866 2160 Μωῡίσῆς
909 2092 1001 2145 καὶ
1037 2091 1243 2164 Ἀαρὼν
1281 2094 1374 2147 καὶ
1408 2095 1693 2166 Σαμουὴλ,
1734 2097 1828 2150 καὶ
1863 2096 1916 2150 ei

328 2193 410 2240 τις
444 2177 645 2255 ἕτερος,
665 2179 773 2233 εἴτε
798 2182 1112 2254 προφητῶν,
1139 2183 1249 2236 εἴτε
1281 2185 1494 2254 ἱερέων,
1523 2188 1908 2244 ἐπεκαλοῦντο.

330 2270 440 2322 Καί
467 2263 620 2335 οὗτος
645 2267 712 2344 ἦν
743 2273 905 2336 αὐτὸς
933 2275 960 2326 6
985 2275 1080 2328 τοῦ
1123 2275 1256 2329 Θεοῦ
1279 2278 1472 2347 Λόγος,
1535 2280 1630 2333 καὶ
1675 2278 1772 2334 νῦν
1818 2280 1913 2334 ἐπὶ

329 2361 536 2426 πάντας
567 2364 691 2428 τοὺς
713 2363 875 2428 λαοὺς
903 2365 1103 2436 ὑψηλὸς
1136 2369 1418 2441 ὑπάρχων,
1455 2370 1551 2424 καὶ
1585 2370 1736 2446 παρὰ
1777 2374 1912 2426 πᾶσι

327 2455 439 2515 τοῖς
481 2453 660 2508 ἔθνεσι
702 2455 1074 2529 δοξαζόμενος,
1111 2462 1140 2513 6
1184 2462 1451 2516 κάκείνων
1495 2464 1794 2519 είσακούων
1818 2465 1914 2519 καὶ

327 2542 502 2599 λαλῶν
532 2547 717 2611 αὐτοῖς
765 2551 823 2602 ὲν
866 2550 1041 2622 στύλῳ
1082 2552 1333 2622 νεφέλης.
1378 2553 1494 2607 Οὐκ
1522 2553 1697 2619 ἄλλως
1723 2555 1781 2609 δὲ
1810 2555 1914 2627 τῆς

325 2637 596 2710 τοσαύτης
627 2640 782 2706 ἀξίας
813 2640 1001 2712 ἔτυχον
1033 2644 1081 2696 oi
1113 2643 1465 2715 δηλωθέντες,
1494 2647 1541 2698 εί
1569 2645 1643 2718 μὴ
1671 2648 1752 2700 ὅτι
1779 2647 1914 2715 ἐφύ-

324 2729 516 2784 λαττον
547 2731 616 2785 τὰ
639 2733 916 2804 μαρτύρια
963 2735 1151 2802 αὐτοῦ,
1193 2738 1286 2791 καὶ
1317 2738 1376 2791 τὸ
1421 2739 1747 2812 πρρσταγμα
1774 2741 1803 2795 ὃ
1830 2741 1916 2795 δέ-

324 2821 496 2878 δωκεν
537 2825 740 2888 αὐτοῖς.
782 2825 968 2891 Οὕτως
1015 2825 1108 2881 οὖν
1151 2829 1246 2882 καὶ
1281 2832 1415 2901 ἡμῖν
1447 2830 1534 2884 διὰ
1572 2832 1670 2903 τῆς
1703 2831 1916 2902 Καινῆς

329 2912 606 2984 Διαθήκης
651 2915 888 2992 ὁάύτὺς
950 2916 1351 2988 προστάγματα
1397 2920 1492 2972 καὶ
1538 2920 1776 2987 ἐντολὰς,
1819 2921 1916 2975 καὶ

335 3005 607 3078 μαρτύρια
641 3006 858 3071 ἔδωκεν,
913 3007 1052 3082 ἅπερ
1111 3009 1159 3061 εί
1204 3009 1588 3082 φυλάττοιμεν,
1626 3012 1734 3066 τῶν
1784 3011 1914 3066 ἴσων

328 3097 422 3148 καὶ
448 3096 602 3150 αὐτοὶ
621 3096 1163 3170 καταξιωθησόμεθα.

2013 1929 2106 2000 qui
2131 1929 2244 1999 jam
2270 1928 2414 1984 Deus
2437 1930 2785 2000 pl'aadicatur,
2808 1929 3043 2002 Moyses,
3064 1930 3247 1984 Aaron
3266 1937 3321 1984 et
3352 1928 3590 1990 Samuel,

2013 2036 2077 2074 ac
2100 2021 2145 2076 si
2163 2021 2287 2090 quis
2308 2021 2470 2087 alius,
2495 2021 2610 2077 sive
2633 2022 3044 2092 prophetarum,
3075 2021 3190 2076 sive
3219 2020 3591 2081 sacerdotum,

2013 2113 2361 2169 invocabant.
2395 2111 2466 2169 Et
2510 2115 2600 2168 hic
2657 2121 2777 2169 erat
2818 2113 2997 2183 ipsum
3052 2112 3149 2168 Dei
3185 2110 3446 2176 Verbum,
3480 2111 3594 2179 jam

2014 2205 2156 2274 apud
2203 2217 2394 2260 omnes
2425 2204 2655 2273 populos
2699 2203 2978 2258 excelsum
3021 2208 3076 2257 et
3112 2199 3254 2278 apud
3307 2201 3594 2255 universas

2013 2301 2204 2364 gentes
2234 2294 2407 2364 gloria
2430 2294 2704 2356 allectum,
2738 2292 2883 2363 quod
2923 2293 3048 2347 illos
3087 2293 3216 2348 olim
3245 2291 3591 2354 exaudiebat,

2014 2394 2070 2440 et
2092 2385 2149 2439 in
2175 2387 2435 2440 columna
2461 2385 2625 2440 nubis
2660 2386 2986 2456 loquebatur
3022 2384 3089 2438 ad
3117 2399 3234 2440 eos.
3267 2382 3452 2459 Neque
3486 2377 3605 2437 alio‘

2015 2477 2179 2532 modo
2210 2477 2497 2533 memorati
2533 2478 2633 2532 viri
2664 2484 2869 2531 tantam
2906 2476 3224 2547 dignitatem
3263 2475 3411 2530 nacti
3435 2482 3588 2538 sunt,

2016 2571 2120 2626 nisi
2151 2569 2280 2640 quia
2314 2571 2629 2626 testimonia
2659 2570 2779 2641 ejus
2809 2577 2862 2625 et
2887 2568 3421 2647 praeceptum,_quod
3443 2567 3595 2623 dedit

2016 2663 2146 2728 illis,
2206 2662 2628 2727 custodiebant.»
2676 2661 2770 2716 Sic
2830 2663 3018 2732 itaque
3072 2661 3162 2722 ille
3217 2675 3313 2730 per
3376 2659 3590 2720 Novum

2017 2755 2427 2817 Testamentum
2458 2763 2732 2826 praecepta
2767 2762 2822 2810 et
2865 2753 3118 2809 mandata
3151 2762 3317 2824 atque
3345 2752 3594 2808 testimo-

2016 2848 2106 2902 nia
2146 2849 2306 2906 nobis
2330 2849 2499 2916 dedit,
2529 2864 2650 2920 quae
2684 2848 2731 2904 si
2776 2848 3176 2912 custodiamus,
3204 2846 3355 2919 paria
3389 2852 3444 2902 et
3483 2845 3591 2916 ipsi

2017 2939 2402 3000 obtinebimus.

393 3187 571 3260 Κύριε
597 3188 740 3254 Θεὸς
769 3188 955 3258 ἡμῶν,
981 3191 1064 3245 σὺ
1107 3191 1404 3260 ἐπήκουες
1435 3195 1654 3262 αὐτῶν,
1679 3197 1760 3252 σὺ
1795 3199 1910 3252 εὐΐ-

2087 3182 2254 3240 Vens.
2286 3184 2338 3239 8.-
2371 3183 2594 3238 Domiue
2623 3185 2765 3238 Deus
2802 3193 2998 3248 noster,
3036 3193 3092 3236 tu
3131 3181 3452 3237 exaudiebas
3477 3195 3592 3246 eos,

326 3275 511 3342 λατος
548 3277 753 3346 ἐγίνου
779 3280 1002 3347 αὐτοῖς,
1035 3283 1132 3336 καὶ
1171 3283 1424 3338 ἐκδικῶν
1449 3285 1547 3340 ἐπὶ
1605 3285 1804 3341 πάντα
1843 3288 1915 3343 τὰ

327 3363 763 3436 ἐπιτηδεύματα
791 3369 1006 3425 αὐτῶν.
1033 3373 1127 3437 Σὺ,
1153 3374 1339 3446 φησὶν,
1361 3376 1390 3427 6
1423 3376 1688 3447 ἡμέτερος
1713 3378 1918 3449 Κύριος

330 3456 425 3509 καὶ
453 3456 606 3522 Θεὸς,
639 3462 668 3512 6
693 3460 800 3514 τῶν
833 3461 1002 3516 ἐθνῶν
1034 3463 1309 3534 βασιλεὺς,
1341 3469 1368 3520 ὁ
1391 3467 1480 3536 ὑφ’
1519 3468 1676 3540 ἡμῶν
1707 3487 1914 3542 κηρυτν

329 3548 572 3619 τόμενος,
627 3553 785 3617 αὐτὸς
825 3550 968 3625 ἦσθα
1019 3558 1048 3608 ὁ
1098 3557 1191 3610 καὶ
1232 3557 1340 3610 τῶν
1381 3560 1524 3630 ἀμφὶ
1556 3560 1786 3614 Μωΰσέα
1821 3563 1916 3623 καὶ

342 3638 552 3710 Ἀαρὼν
583 3643 874 3699 ὑπακούων
906 3686 921 3710 ,
952 3649 1045 3700 καὶ
1072 3649 1171 3719 τῆς
1193 3649 1463 3720 τοσαύτης
1486 3651 1716 3718 ἐκείνοις
1749 3670 1914 3724 μετα-

326 3729 503 3796 διδοὺς
556 3735 888 3806 παρρησίας,
945 3738 1275 3810 ἱλεουμένοις
1318 3759 1377 3794 σε
1411 3742 1552 3814 ὑπὲρ
1579 3742 1674 3796 τοῦ
1706 3760 1913 3821 παρορ-

327 3823 574 3892 γίζοντος
602 3825 754 3892 λαοῦ,
792 3829 884 3881 καὶ
926 3829 1123 3902 πολλῆς
1167 3833 1362 3898 αὐτοὺς
1395 3833 1561 3899 ἀξιῶν
1601 3836 1908 3907 εὐμενείας.

326 3915 391 3968 Ei
417 3917 528 3987 γὰρ
552 3919 645 3971 καί
668 3937 808 3972 τισιν
856 3922 1160 3988 ἀσθενείαις
1193 3927 1549 3997 περιέπιπτον
1581 3928 1658 3992 ὡς
1701 3928 1913 4000 ἄνθρω-

329 4021 444 4073 ποι,
492 4007 568 4071 ὡς
613 4011 850 4081 Μωῦσῆς
901 4013 995 4066 ἐπὶ
1041 4017 1106 4086 τῇ
1142 4016 1370 4088 ἀπιστίᾳ
1416 4017 1513 4071 τοῦ
1554 4017 1774 4084 ὓδατος,
1817 4019 1911 4072 καὶ

341 4097 550 4170 Ἀαρὼν
567 4102 659 4153 ἐπὶ
677 4104 741 4171 τῇ
769 4106 1110 4177 μοσχοποιίᾳ,
1142 4109 1228 4170 σὺ,
1252 4108 1327 4171 ὡς
1353 4110 1673 4178 παναγάθου
1704 4111 1910 4182 πατρὸς

331 4191 642 4258 πανάγαθος
685 4192 818 4258 υίὸς,
877 4195 1034 4259 ἵλεως
1083 4197 1263 4262 αὐτοῖς
1321 4201 1523 4268 ὲγίνου,
1577 4201 1908 4274 συγγνώμην

330 4283 508 4352 νέμων
538 4287 603 4355 τῇ
639 4284 804 4358 θνητῇ
843 4287 1112 4359 ἀσθενείᾳ.
1146 4291 1255 4344 Καὶ
1289 4292 1542 4346 ἐκδικῶν
1581 4294 1678 4347 ἐπὶ

329 4375 403 4428 τὰ
441 4376 883 4447 ἐπιτηδεύματα
921 4381 1138 4435 αὐτῶν.
1174 4383 1235 4435 El
1271 4385 1365 4436 καὶ
1397 4383 1583 4449 ἔδοξάν
1615 4404 1690 4447 τι,
1719 4387 1904 4456 φησὶν,

333 4467 666 4539 ἁμαρτάνειν
714 4469 788 4533 ὼς
833 4471 1130 4542 ἄνθρωποι,
1163 4474 1277 4527 ἀλλ’
1312 4475 1592 4540 ἐπαίδευες
1622 4479 1818 4541 αὐτοὺς
1850 4481 1908 4532 ὲν

333 4550 413 4619 οἷς
445 4559 692 4623 παιδείας
733 4560 964 4615 ἐδέοντο.
1007 4563 1292 4634 Ἦλέγχετο
1328 4566 1436 4638 γὰρ
1464 4570 1555 4621 ἐπὶ
1584 4568 1676 4621 τοῦ
1706 4571 1906 4642 μόσχου

330 4648 654 4720 ἁμαρτήσας
695 4651 923 4724 Ἀαρὼν,
954 4655 1048 4706 καὶ
1075 4656 1313 4726 Μωῦσῆς
1347 4659 1440 4710 ἐπὶ
1474 4659 1566 4711 τοῦ
1592 4658 1782 4721 ὓδατος
1805 4661 1908 4736 τῆς

330 4737 659 4806 ἀντιλογίας.

411 4829 656 4898 Ὑψοῦτε
692 4836 909 4902 Κύριον
949 4837 1050 4890 τὸν
1085 4837 1232 4891 Θεὸν
1270 4837 1460 4906 ἡμῶν,
1493 4840 1593 4893 καὶ
1640 4858 1907 4910 προσκυ-

326 4919 483 4975 νεῖτε
518 4925 606 4988 εὶς
654 4923 791 4992 ὅρος
823 4926 992 4990 ἅγιον
1032 4930 1240 4993 αὐτοῦ,
1281 4931 1369 4983 ὅτι
1415 4930 1580 5001 ἅγιος
1615 4934 1830 5000 Κύριος
1877 4938 1908 4988 o'

331 5013 475 5079 Θεὸς
502 5015 688 5084 ἡμῶν.
728 5020 906 5089 Μηδὲν
933 5021 1208 5085 ταπεινὸν,
1238 5025 1391 5098 φησὶ,
1436 5024 1526 5076 καὶ
1567 5025 1905 5097 ἀνθρώπινον

329 5105 569 5174 περὶτοῦ
605 5108 811 5180 Κυρίου
838 5115 1082 5180 φρονεῖτε
1102 5132 1113 5142 ·
1147 5114 1264 5166 ἀλλ’
1301 5114 1494 5184 ύψοῦτε
1531 5117 1690 5170 αὐτὸν
1727 5117 1904 5189 ὑψηλά

328 5194 458 5266 περὶ
520 5195 684 5248 αὐτοῦ
741 5197 1080 5264 δοξάζοντες,
1144 5203 1237 5255 καὶ
1303 5203 1363 5256 τὸ
1421 5205 1695 5276 προσῆκον
1753 5205 1903 5276 αὐτῷ

329 5287 729 5355 προσενέγκατε
785 5290 968 5354 σέϐας.
1003 5293 1165 5364 Ὄρος
1192 5295 1248 5347 δὲ
1285 5295 1437 5364 ἆγιον
1484 5296 1651 5350 πάλαι
1707 5297 1805 5368 μὲν
1840 5297 1903 5350 τὸ

328 5375 467 5430 Σιὼν
529 5380 794 5443 ἐκαλεῖτο,
843 5383 938 5436 νῦν
992 5385 1048 5438 δὲ
1115 5387 1214 5457 τῆς
1257 5387 1584 5456 θεογνωσίας
1629 5389 1690 5443 τὸ
1731 5389 1898 5460 ὕψος·

327 5465 471 5519 οὕτω
481 5468 588 5540 γάρ
607 5474 699 5523 καὶ
727 5473 953 5536 Ἡσαΐας
972 5476 1065 5527 καὶ
1081 5476 1318 5546 Μιχαίας
1347 5476 1639 5531 ὲθέσπισαν
1656 5495 1670 5508 ·
1692 5480 1903 5534 Ἔσται

327 5559 398 5614 ἐν
415 5560 542 5628 ταῖς
560 5563 844 5632 ἐσχάταις
872 5565 1111 5634 ἡμέραις
1125 5568 1386 5636 ἐμφανὲς
1398 5567 1462 5622 τὸ
1483 5569 1622 5635 ὄρος
1643 5571 1866 5637 Κυρίου
1886 5587 1897 5600 ·

403 5743 450 5782 ³-⁸
485 5741 641 5800 Joan.
683 5762 732 5811 ν,
773 5745 860 5799 46.
940 5747 982 5778 ³⁵³
1025 5746 1106 5802 lsa
1173 5762 1244 5809 ιι.
1279 5746 1313 5798 ἳ
1343 5744 1548 5816 ;,Μίε1το
1584 5762 1668 5812 ινιτ
1700 5746 1750 5799 l-

2020 3283 2074 3329 tu
2102 3277 2362 3346 propitius
2387 3277 2540 3347 fuisti
2561 3279 2661 3341 eis,
2686 3288 2735 3331 et
2765 3278 3023 3330 ulciscens
3056 3277 3110 3329 in
3135 3291 3312 3330 omnes
3342 3273 3595 3328 adiuven-

2018 3368 2184 3422 tiones
2207 3385 2414 3424 eorum.
2450 3367 2555 3433 Tu,
2591 3369 2788 3440 inquit,
2822 3368 3088 3424 Dominus
3113 3377 3168 3423 et
3197 3368 3339 3422 Deus
3381 3373 3591 3432 noster,

2016 3461 2257 3516 omnium
2284 3477 2402 3525 rex,
2443 3461 2536 3531 qui
2561 3476 2591 3516 a
2625 3461 2787 3517 nobis
2816 3459 3158 3532 praedicaris,
3183 3459 3300 3528 ipse
3325 3473 3450 3513 eras
3497 3458 3594 3531 qui

2015 3553 2256 3621 Moysem
2293 3561 2348 3607 et
2402 3553 2673 3608 Aaronem
2732 3552 3082 3618 exaudiebas,
3118 3567 3181 3606 ac
3225 3558 3432 3605 tantam
3482 3549 3593 3605 illis

2017 3644 2257 3699 addebas
2287 3643 2564 3707 ﬁduciam,
2592 3658 2717 3697 cum
2763 3655 2816 3698 te
2844 3642 3197 3697 exacerbanti
3232 3640 3433 3710 papulo
3463 3654 3594 3709 pro-

2016 3737 2210 3805 pitium
2263 3734 2572 3798 redderent,
2603 3735 2807 3804 quique
2837 3733 2959 3788 illos
2993 3732 3164 3785 multa
3212 3729 3593 3785 benevolentia

2015 3827 2335 3897 dignabere.
2367 3825 2596 3882 Etiamsi
2627 3826 2772 3881 enim
2819 3825 2874 3878 in
2921 3823 3190 3894 quasdam
3245 3819 3592 3874 inﬁrmitates

2014 3917 2350 3982 laberentur,
2388 3925 2575 3986 utpote
2605 3917 2874 3979 homines,
2894 3910 3351 3985 quemadmodum
3381 3909 3592 3982 Moyses

2013 4009 2069 4065 in
2104 4011 2540 4065 incredulitatem
2567 4010 2715 4065 circa
2749 4023 2969 4078 aquam,
3006 4014 3061 4062 et
3085 4007 3264 4060 Aaron
3293 4004 3348 4058 in
3384 4001 3592 4059 conﬂa-

2013 4101 2218 4156 tionem
2271 4101 2461 4166 vituli;
2504 4112 2560 4156 tu
2603 4109 2662 4156 ιιι
2683 4101 2874 4171 optimi
2925 4098 3097 4169 patris
3134 4096 3374 4168 Optimus
3421 4095 3587 4162 illius,

2013 4193 2282 4262 propitius
2312 4193 2450 4263 ipsis
2492 4207 2639 4255 eras,
2674 4207 2737 4245 ac
2789 4191 3004 4244 mortali
3049 4187 3352 4242 inﬁrmitati
3376 4186 3588 4241 veniam

2012 4281 2376 4336 concedebas.
2436 4280 2504 4335 Et
2555 4281 2808 4335 ulciscens
2860 4281 2915 4334 in
2964 4296 3142 4334 omnes
3194 4278 3589 4333 adinventiones

2011 4388 2214 4427 eorum.
2266 4371 2516 4437 Etiamsi,
2548 4371 2746 4442 inquit,
2779 4379 2964 4442 ulpote
2997 4371 3269 4433 homines,
3312 4371 3367 4424 in
3405 4369 3589 4438 aliquo

2013 4479 2238 4532 peccare
2267 4463 2614 4529 viderentur,
2640 4472 2696 4518 tu
2719 4465 3028 4534 castigabas
3056 4480 3173 4525 eos,
3205 4478 3328 4517 cum
3357 4461 3590 4530 castiga-

2013 4557 2162 4611 tione
2195 4572 2333 4627 opus
2363 4565 2500 4612 erat.
2529 4556 2664 4610 Nam
2717 4557 2784 4611 de
2817 4555 3050 4612 conﬂato
3081 4555 3263 4638 vitulo.
3283 4553 3465 4607 Aaron
3501 4569 3588 4606 re-

2012 4648 2403 4718 darguebatur,
2439 4656 2493 4704 et
2525 4648 2740 4719 Moyses
2782 4648 2923 4718 apud
2962 4662 3159 4717 aquam
3199 4642 3590 4700 contradictio-

2012 4744 2116 4795 nis.

2086 4840 2249 4891 Vuns.
2300 4836 2353 4891 9.
2405 4835 2650 4889 Exaltate
2682 4833 2964 4888 Dominum
3020 4831 3190 4887 Deum
3241 4839 3503 4893 nostrum,
3534 4838 3584 4882 et

2012 4931 2231 4983 σάοι-ατε
2265 4931 2318 4982 in
2357 4937 2528 4982 monte
2559 4938 2742 4982 sancto
2781 4925 2921 5001 ejus,
2946 4924 3198 4996 quoniam
3226 4932 3441 4976 sanctus
3476 4919 3585 4972 Do-

2014 5021 2188 5073 minus
2220 5020 2356 5073 Deus
2401 5028 2598 5072 noster.
2629 5016 2794 5078 Nihil,
2846 5017 3044 5085 inquit,
3075 5013 3280 5068 humile
3308 5019 3364 5067 et
3393 5013 3584 5064 huma-

2012 5127 2143 5165 num
2167 5111 2233 5164 de
2250 5110 2481 5164 Domino
2526 5109 2759 5174 sentite;
2815 5106 2912 5162 sed
2957 5106 3174 5160 excelsa
3204 5104 3273 5158 de
3311 5102 3404 5156 illo
3433 5098 3586 5168 cogi-

2013 5211 2190 5257 tantes
2229 5203 2405 5272 ipsum
2455 5203 2709 5263 exaltatc,
2772 5200 2988 5268 ipsique
3029 5196 3278 5252 debitum
3329 5192 3584 5248 exhibete

2009 5296 2237 5349 cultum.
2264 5293 2418 5349 Mons
2447 5301 2628 5348 autem
2660 5302 2886 5347 sanctus
2915 5291 3044 5344 olim
3096 5288 3227 5343 Sion
3258 5285 3580 5346 vocabatur,

2010 5402 2156 5440 nunc
2187 5399 2317 5440 vero
2341 5384 2541 5438 divime
2591 5383 2898 5438 sublimitas
2926 5379 3258 5451 cognitionis
3283 5395 3297 5443 ;
3331 5375 3405 5429 ita
3433 5372 3582 5428 enim

2009 5477 2180 5533 lsaias
2209 5483 2264 5532 et
2309 5475 2562 5531 Michaaas
2588 5473 2873 5530 vaticinati
2901 5478 3030 5527 sunt
3062 5487 3075 5523 :
3111 5469 3230 5523 Erit
3267 5468 3322 5522 in
3357 5463 3583 5520 nouissi-

2011 5570 2110 5624 mis
2148 5569 2333 5624 diebus
2355 5567 2674 5638 manifestus
2719 5582 2867 5621 mons
2914 5563 3125 5619 Domini
3143 5562 3223 5627 ";
3257 5559 3310 5615 id
3344 5565 3450 5622 est,
3483 5555 3598 5620 Dei,
