3992 6404
467 352 609 409 1259

1131 348 1400 405 EUSEBII
1430 346 1909 406 CESARIENS-IS
1939 348 2091 408 OPP.
2125 347 2304 405 PARS
2335 344 2424 403 Ill.
2466 376 2537 387 -—
2576 344 2985 401 EXEGETICA.

3581 344 3736 399 1240

469 473 708 542 engiiitio
749 477 935 538 aperta
987 468 1243 525 omnibus
1276 469 1401 525 erit.
1454 466 1590 522 Nam
1655 471 1771 539 ipse
1820 484 2038 542 quoque

2147 470 2415 524 τουτέστιν
2454 469 2489 540 ὴ
2517 467 2616 521 τοῦ
2646 466 2782 521 Θεοῦ
2828 467 3030 536 γνῶσις
3059 468 3193 521 πᾶσι
3233 466 3365 539 δήλη
3407 467 3736 538 γενήσεται.

468 563 766 633 Λοροειοιιιε
810 568 1052 617 montem
1107 559 1239 615 Sion
1284 560 1629 631 spiritualem
1680 566 1931 633 agnovit;
1964 566 2041 620 ait

467 658 669 725 qtiippe
704 671 719 705 :
756 654 1067 708 Accessistis
1097 653 1166 707 ad
1219 663 1447 707 montem
1494 652 1646 716 Sion,
1680 664 1729 708 et
1777 658 2041 712 civitatem

471 747 567 801 Dei
591 748 822 809 viventis,
875 745 1175 801 Jerusalem
1216 747 1531 800 cwlestem‘.
1569 746 1833 802 Jubemur
1862 752 2042 821 itaque

468 854 568 909 pro
597 839 792 893 collata
822 838 981 894 nobis
1012 854 1043 893 a
1070 837 1183 893 Deo
1202 840 1516 908 cognitione
1538 842 1639 911 ipsi
1667 842 2041 899 adorationem

469 924 709 982 olierre:
753 928 844 997 qui
906 926 1172 983 Dominus
1199 940 1386 984 noster
1431 938 1537 997 est,
1572 933 1698 1000 quia
1753 948 1853 987 nos
1899 937 2040 990 servi

470 1020 590 1089 ejus
620 1035 840 1087 sumus;
874 1028 929 1075 et
962 1020 1107 1075 Deus
1166 1020 1295 1075 item
1337 1029 1441 1085 est,
1478 1030 1663 1091 utpote
1697 1025 1898 1094 opifex.
1945 1032 2042 1079 At-

470 1128 577 1183 que
601 1112 674 1167 ita
702 1113 974 1183 spirituali
1001 1128 1153 1167 more
1178 1114 1447 1181 psalmum
1477 1115 1863 1185 intelligamus.

632 1204 955 1277 PSALMUS
992 1221 1059 1277 IN
1100 1222 1648 1281 coxressronen.
1694 1224 1877 1281 XCIX.

541 1312 708 1369 Vens.
746 1314 801 1379 Ξ,
836 1315 889 1368 3.
951 1313 1187 1366 Jubilate
1261 1313 1506 1381 Domino,
1550 1319 1717 1371 omnis
1780 1330 1939 1372 terra.
1988 1318 2042 1373 Id

468 1416 576 1471 est,
600 1414 790 1477 gentes
821 1421 942 1475 quae
988 1406 1041 1459 in
1088 1415 1231 1459 terra
1281 1416 1447 1461 sunt:
1481 1424 1602 1476 qua:
1639 1409 1722 1463 bis
1752 1411 1934 1464 verbis
1973 1411 2041 1465 ad

470 1500 829 1570 pristinorum
874 1506 1221 1567 peccatorum
1272 1496 1675 1553 confessionem
1719 1510 2040 1565 evocantur,

472 1590 529 1643 in
558 1589 758 1659 quibus
796 1587 1015 1657 quando
1062 1589 1332 1643 idolorum
1382 1592 1555 1646 errori
1617 1592 1813 1648 dedita:
1864 1605 2042 1658 erant,

469 1679 876 1732 volutabantur.
910 1678 1275 1744 Quamobrem
1332 1683 1578 1750 psalmus
1618 1683 1916 1753 inscriptus
1961 1692 2045 1740 est

474 1769 541 1825 In
572 1771 971 1840 confessionem.
1014 1769 1217 1827 Servite
1264 1772 1491 1826 Domino
1531 1776 1587 1827 in
1624 1774 1836 1839 ltetitia,
1870 1777 2043 1845 ipsius

469 1864 600 1934 jugo
625 1879 720 1918 vos
759 1864 1160 1917 submittentes.
1194 1862 1427 1919 Perinde
1466 1880 1700 1935 namque
1734 1875 1817 1921 est
1841 1842 2044 1921 servire
2076 1842 2119 1897 Β

472 1955 599 2025 ipsi,
629 1961 793 2024 atque
845 1954 1050 2009 servire
1080 1954 1214 2018 luci,
1261 1962 1316 2008 et
1362 1956 1569 2011 servire
1611 1957 1757 2021 vitm,
1805 1959 2041 2023 veritati,

468 2046 697 2119 iustitiae
724 2056 777 2101 et
813 2046 1089 2100 sanctitati
1124 2063 1136 2096 :
1176 2049 1288 2101 haec
1312 2049 1511 2117 quippe
1545 2049 1729 2103 omnia
1779 2050 2043 2105 Dominus

470 2149 574 2194 est.
610 2137 833 2192 Introite
862 2140 915 2191 in
959 2147 1235 2206 conspectu
1284 2140 1396 2207 ejus
1442 2142 1494 2193 in
1556 2142 1927 2197 exsultatione.
1986 2142 2042 2196 Si

471 2234 597 2303 quis
630 2241 810 2286 autem
839 2247 948 2286 non
1006 2235 1208 2287 serviat
1246 2234 1349 2304 ipsi
1400 2233 1454 2286 in
1509 2233 1716 2296 laetitia,
1749 2252 1817 2289 ne
1848 2236 2044 2289 audeat

380 2385 385 2390 ,
439 2326 783 2395 .conspectui
815 2325 934 2395 ejus
964 2340 1023 2380 se
1047 2326 1263 2389 sistere,
1296 2326 1463 2380 illotis
1493 2326 1723 2395 pedibus
1760 2328 1826 2381 ad
1860 2327 2047 2383 Eccle~

471 2416 612 2472 siam
636 2414 756 2484 ejus
793 2416 1082 2469 accedens.
1126 2414 1323 2470 Scitote
1353 2416 1603 2485 quoniam
1644 2414 1902 2469 Dominus
1932 2417 2045 2486 ipse

470 2505 709 2562 est‘Deus
740 2522 758 2561 :
786 2508 896 2576 ipse
926 2507 1047 2577 fecit
1068 2525 1185 2572 nos,
1214 2516 1262 2561 et
1286 2524 1388 2561 non
1417 2508 1517 2577 ipsi
1541 2524 1658 2572 nos,
1681 2508 1904 2577 populus
1928 2510 2044 2579 ejus

470 2608 655 2654 etoves
675 2616 885 2669 pascua:
928 2617 1063 2669 ejus.
1096 2600 1231 2654 Cum
1290 2600 1435 2655 enim
1494 2602 1807 2656 noverimus
1864 2606 2044 2672 Ipsum

469 2688 663 2757 Deum,
692 2691 871 2758 ipsum
899 2690 1185 2746 Dominum
1211 2705 1354 2758 esse,
1384 2696 1517 2745 tunc
1548 2705 1646 2761 per
1679 2690 1825 2744 illam
1857 2693 2046 2761 cogni-

468 2783 673 2839 tionem
698 2785 753 2838 in
780 2791 1130 2854 conspectum
1160 2784 1279 2853 ejus
1309 2783 1563 2853 ingressi,
1590 2784 1767 2853 ipsum
1794 2783 2043 2853 opiﬁcem

470 2883 721 2932 nostrum
764 2891 887 2931 esse
933 2875 1332 2931 conﬁtebimur.
1374 2875 1531 2942 Quod
1590 2877 1735 2931 enim
1799 2892 1907 2931 non
1943 2892 2045 2932 nos

469 2969 573 3037 ipsi
622 2983 723 3025 nos
765 2967 1071 3033 faciamus,
1119 2968 1223 3022 etsi
1276 2975 1534 3022 auctores
1584 2968 1867 3023 videamur
1923 2982 2045 3022 esse

470 3059 840 3130 generationis
880 3058 1200 3121 liberorum,
1254 3059 1383 3113 hinc
1432 3060 1613 3128 palam
1657 3068 1764 3126 est,
1792 3058 1938 3129 quod
1976 3075 2044 3114 ex

473 3157 626 3221 patre
646 3158 700 3205 et
726 3158 899 3205 matre
924 3149 1091 3220 geniti
1112 3149 1215 3203 Job
1238 3157 1291 3203 et
1315 3149 1508 3214 David,
1558 3150 1718 3204 ambo
1748 3158 1932 3203 tamen
1961 3148 2045 3202 di-
2072 3180 2114 3237 ρ

470 3248 600 3294 cant
629 3259 642 3294 :
676 3238 871 3294 Manus
904 3252 1007 3295 tua:
1028 3241 1260 3309 fecerunt
1288 3258 1366 3294 me
1403 3251 1451 3295 et
1478 3242 1871 3309 plasmaverunt
1904 3259 1983 3296 me
2001 3242 2042 3305 ³,

471 3347 534 3387 ac
556 3331 804 3387 Ieremia:
832 3333 947 3402 ipse
994 3331 1137 3387 Deus
1169 3333 1242 3385 ait
1270 3350 1281 3383 :
1314 3333 1609 3400 Antequam
1664 3343 1711 3387 te
1760 3334 2047 3402 formarem

468 3419 525 3476 in
551 3430 719 3489 utero,
744 3425 862 3476 novi
897 3423 1002 3478 te’.
1036 3422 1169 3476 Nam
1204 3439 1449 3486 uxorem,
1476 3441 1597 3494 quae
1651 3441 1839 3480 errore
1886 3425 2046 3479 ducta

468 3513 590 3567 viro
616 3529 718 3568 suo
754 3513 970 3568 dicebat
1004 3532 1017 3567 :
1047 3514 1153 3567 Aut
1204 3514 1273 3567 da
1311 3514 1438 3566 mihi
1466 3514 1683 3577 liberos,
1728 3515 1813 3568 sin
1848 3515 2044 3578 minus,

471 3602 647 3657 occide
670 3621 751 3658 me
768 3604 809 3669 δ,
846 3604 951 3668 vir,
980 3618 1105 3658 cum
1136 3604 1356 3674 sapiens
1382 3611 1549 3669 esset,
1585 3605 1748 3660 docte
1800 3604 2050 3675 increpat

468 3693 558 3748 his
587 3696 769 3750 verbis
804 3710 816 3745 :
858 3692 1113 3765 Nunquid
1150 3709 1244 3762 pro
1268 3693 1377 3749 Deo
1398 3711 1490 3765 ego
1526 3693 1619 3747 tibi
1649 3711 1785 3761 sum,
1825 3696 1913 3764 qui
1940 3696 2051 3763 pri-

467 3784 608 3833 uauit
647 3789 695 3832 te
725 3780 903 3848 fructu
946 3778 1223 3832 ventris”?
1255 3779 1481 3834 Etiamsi
1531 3779 1675 3835 enim
1744 3789 1927 3849 patres
1976 3779 2052 3833 vi-

469 3873 703 3925 deantur
735 3872 936 3926 liberos
980 3886 1306 3942 procreare,
1334 3880 1388 3924 at
1418 3870 1563 3925 Deus
1600 3871 1723 3926 illos
1746 3871 1909 3926 eilicit
1942 3888 1953 3922 :
1986 3887 2049 3926 ac

470 3962 563 4016 ille
583 3961 800 4031 quidem
835 3976 1002 4015 causa
1023 3971 1126 4024 est,
1157 3963 1235 4016 illi
1279 3978 1410 4017 vero
1448 3971 1836 4034 cooperantur,
1864 3971 2051 4033 utpote

469 4052 761 4122 quijussui
785 4051 906 4121 ejus
940 4053 1196 4122 primitus
1227 4053 1355 4108 dato
1396 4054 1797 4109 obsecundent.
1844 4054 2050 4121 Quam-

470 4145 659 4198 obrem
692 4143 850 4196 multi
882 4143 983 4197 etsi
1010 4142 1213 4197 liberos
1257 4144 1541 4213 suscipere
1588 4152 1898 4215 peroptent,
1937 4160 2048 4199 non

468 4241 702 4305 possunt
747 4241 951 4288 tamen.
1012 4232 1375 4306 Symmachus
1420 4252 1553 4290 vero
1602 4237 1719 4288 ait:
1756 4235 1875 4304 Ipse
1925 4236 2051 4304 fecit

467 4343 588 4392 nos,
616 4344 721 4382 non
743 4328 1073 4381 exsistentes.
1101 4326 1214 4382 Nos
1235 4337 1409 4382 autem
1437 4330 1660 4397 populus
1690 4345 1905 4398 pascua:
1933 4329 2048 4399 ejus

467 4430 519 4475 et
538 4436 654 4474 oves
686 4438 874 4476 manus
902 4423 1071 4475 illius.
1105 4420 1202 4475 His
1229 4437 1358 4476 vero
1390 4437 1496 4475 non
1518 4422 1856 4476 dominatum
1886 4421 2049 4477 modo

2145 560 2267 619 Οἶδε
2290 564 2397 635 γὰρ
2428 564 2521 616 καὶ
2545 564 2575 615 6
2615 559 2936 624 Ἀπόστολος
2960 560 3147 631 νοητὸν
3170 560 3294 630 ὅρος
3326 558 3495 611 Σιώνο
3526 562 3740 627 Προσ-

2143 657 2478 723 εληλύθατε
2504 653 2614 725 γὰρ
2634 652 2755 721 ὄρει
2804 651 2957 707 Σιὼν
2990 652 3087 704 καὶ
3117 653 3289 705 πόλει
3334 651 3480 704 Θεοῦ
3509 650 3741 719 ζῶντος

2157 744 2545 814 Ἰερουσαλὴμ
2600 744 2956 810 ἐπουρανίῳ.
3021 740 3483 811 Προστετάγμεθα
3544 741 3738 794 τοίνυν

2144 837 2287 891 κατὰ
2318 838 2415 907 τὴν
2442 837 2683 889 δοθεῖσαν
2702 838 2831 905 ἡμῖν
2857 834 2960 887 ὑπὸ
2996 832 3130 885 Θεοῦ
3164 832 3364 899 πηδῶσιν
3398 831 3740 903 προσφέρειν

2144 926 2293 998 αὐτῷ
2327 928 2726 998 προσκύνησιν
2774 927 2832 989 ὃς
2870 927 2963 979 καὶ
3012 924 3215 992 Κύριος
3260 923 3417 993 ἡμῶν
3471 925 3619 976 ἐστιν
3650 924 3735 986 ὡς

2145 1019 2365 1080 δούλων,
2397 1019 2489 1071 καὶ
2516 1018 2647 1081 Θεὸς
2670 1018 2745 1080 ὡς
2781 1018 3045 1085 πλάστης.
3089 1016 3227 1068 Ἀλλ’
3257 1015 3397 1069 οὕτω
3438 1017 3536 1087 μὲν
3563 1034 3733 1070 πνευ-

2149 1106 2423 1177 ματικώτε
2433 1125 2524 1178 ρον
2547 1106 2638 1159 τὸν
2661 1106 2872 1176 ψαλμὸν
2906 1107 3220 1177 νοήσαιμεν.

2358 1222 2655 1276 ΨΛΛΜΟΣ
2686 1222 2794 1274 ΕΙΣ
2818 1221 3364 1274 ΕΞΟΜΟΛΟΓΗΣΙΝ.
3398 1220 3513 1287 ιβ’.

2228 1315 2597 1379 Ἀλαλιὶξατε
2626 1312 2705 1379 τῷ
2741 1315 2934 1381 Κυρίῳ
2973 1313 3139 1367 πᾶσα
3166 1315 3203 1380 ή
3240 1313 3338 1381 τῆ.
3374 1314 3636 1367 Τουτέστι
3662 1315 3735 1368 τὰ

2147 1406 2240 1459 ἐπὶ
2261 1408 2364 1476 γῆς
2398 1406 2522 1476 ἔθνη
2544 1422 2557 1434 ·
2592 1406 2686 1458 καὶ
2717 1405 2805 1457 διὰ
2828 1404 3031 1457 τούτων
3062 1403 3322 1473 κέκληται
3355 1402 3448 1455 ἐπὶ
3476 1400 3737 1471 ἐξομολό-

2146 1516 2307 1569 γησιν
2336 1498 2445 1550 τῶν
2480 1496 2757 1567 προτέρων
2812 1495 3249 1566 ἁμαρτημάτων,
3300 1496 3357 1545 ὲν
3396 1487 3478 1555 οἷς
3518 1493 3737 1547 ἐκαλιν-

2145 1589 2332 1643 δοῦντο
2380 1591 2470 1642 ὅτε
2526 1590 2594 1659 τῇ
2644 1586 3015 1659 είδωλολάτρῳ
3068 1589 3357 1657 προσεῖχον
3403 1585 3603 1656 πλάνῃ.
3643 1584 3738 1637 Διὸ

2147 1678 2553 1750 ἐπιγέγραπται
2607 1677 2818 1747 ψαλμὸς
2844 1681 2947 1744 Εἰς
2984 1678 3445 1747 ἐξομολόγησιν.
3473 1678 3735 1730 Δουλεύ-

2147 1785 2295 1823 σατε
2329 1768 2409 1834 τῷ
2441 1770 2639 1836 Κυρίῳ
2676 1768 2746 1821 ἐν
2799 1770 3169 1837 εὐφροσύνῃ,
3213 1766 3572 1829 ὑποϐαλόντες
3610 1766 3736 1817 ἑαυ-

2146 1862 2272 1925 τοὺς
2296 1860 2375 1932 τῷ
2406 1861 2573 1914 αὐτοῦ
2620 1859 2792 1932 ζυγῷ,
2831 1863 3056 1931 Ὅμοιον
3085 1860 3192 1931 γάρ
3228 1862 3347 1913 ἐστι
3376 1859 3437 1912 τὸ
3464 1857 3736 1911 δουλεύειν

2147 1955 2294 2025 αύτῷ
2327 1954 2403 2024 τῷ
2462 1952 2732 2006 δουλεύειν
2786 1952 2957 2020 φωτὶ,
3022 1953 3115 2004 καὶ
3162 1950 3433 2004 δουλεύειν
3476 1949 3590 2021 ζωῇ
3641 1950 3734 2003 καὶ

2146 2044 2395 2115 ἀληθείᾳ,
2440 2045 2532 2097 καὶ
2573 2043 2889 2115 δικαιοσύνῃ
2931 2042 3025 2095 καὶ
3070 2040 3363 2111 ἁγιασμῷο
3402 2042 3581 2095 πάντα
3625 2042 3732 2112 γὰρ

2144 2136 2319 2190 ταῦτά
2352 2139 2498 2191 ἐστιν
2538 2138 2565 2188 6
2622 2136 2845 2207 Κύριος.
2896 2135 3213 2188 Εὶσέλθετε
3252 2133 3507 2187 ἐνώπιον
3546 2134 3734 2188 αὐτοῦ

2146 2228 2217 2282 ἐν
2240 2228 2616 2299 ἀγαλλιάσει.
2664 2230 2725 2281 Ei
2769 2228 2827 2281 δέ
2874 2246 2956 2291 τις
2997 2227 3069 2298 μὴ
3099 2227 3338 2280 δουλεύοι
3370 2227 3518 2297 αύτῷ
3561 2229 3618 2281 ἐν
3647 2229 3735 2280 εύ-

2147 2318 2411 2389 φροσύνῃ,
2448 2318 2523 2388 μὴ
2550 2317 2803 2389 τολμάτω
2841 2316 3096 2387 παριέναι
3136 2314 3368 2369 ἐνώπιον
3404 2314 3591 2379 αὑτοῦ,
3622 2314 3735 2367 ἁνί-

2146 2425 2303 2471 πτοις
2357 2410 2483 2461 ποσὶ
2521 2406 2883 2477 παραϐάλλων
2918 2409 2995 2469 εἰς
3030 2406 3128 2477 τὴν
3168 2406 3496 2477 Ἐκκλησίαν
3546 2404 3730 2458 αὑτοῦ.

2146 2499 2348 2552 Γνῶτε
2388 2498 2478 2553 ὅτι
2528 2500 2746 2566 Κύριος
2787 2499 2970 2563 αὑτός
3014 2497 3185 2549 ἐστιν
3234 2500 3266 2551 ὀ
3330 2498 3509 2561 Θεός·
3551 2494 3733 2561 αὐτὸς

2146 2585 2436 2654 ἐποίησεν
2484 2584 2662 2656 ἡμᾶς,
2711 2586 2812 2639 καὶ
2855 2589 2967 2655 οὐχ
2998 2586 3189 2652 ἡμεῖς,
3234 2587 3383 2651 λαὸς
3408 2585 3597 2640 αὐτοῦ
3635 2585 3731 2640 καὶ

2146 2678 2410 2745 πρόϐατα
2436 2677 2625 2748 νομῆς
2646 2677 2853 2733 αὑτοῦ.
2885 2679 3052 2731 Ὅταν
3084 2678 3192 2749 γὰρ
3214 2677 3429 2747 γνῶμεν
3460 2676 3543 2729 ὅτι
3577 2675 3733 2739 αὐτὸς

2146 2770 2277 2835 Θεὸς
2309 2772 2476 2837 ἐστιν,
2504 2772 2665 2835 αὐτὸς
2691 2774 2719 2824 6
2753 2771 2976 2843 Κύριος,
3021 2772 3083 2825 τὸ
3112 2770 3366 2841 τηνικάδε
3431 2767 3595 2822 αὐτοῦ
3639 2767 3731 2820 τοῦ

2146 2863 2432 2932 γινώσκειν
2458 2862 2686 2917 ἐνώπιον
2712 2862 2876 2917 αὑτοῦ
2907 2862 3312 2932 εἰσεληλυθότες
3330 2900 3343 2923 ,
3376 2860 3473 2913 καὶ
3505 2858 3733 2930 ποιητὴν

2146 2956 2355 3009 ἑαυτῶν
2373 2955 2777 3026 ὁμολογήσομεν
2794 2955 2973 3008 αὐτόν.
3001 2954 3123 3007 Ὅτι
3138 2953 3194 3007 δὲ
3212 2954 3308 3022 οὐχ
3329 2954 3487 3024 ἡμεῖς
3513 2952 3732 3014 ἑαυτοὺς

2147 3048 2431 3118 ποιοῦμεν,
2451 3048 2551 3100 κᾶν
2580 3048 2742 3100 αἴτιοι
2765 3047 3010 3117 δοκῶμεν
3033 3046 3319 3115 τυγχάνειν
3350 3045 3451 3115 τῆς
3476 3044 3584 3098 τῶν
3610 3044 3735 3099 παί-

2145 3141 2249 3194 δων
2279 3139 2561 3208 γενέσεως,
2614 3139 2772 3209 δῆλον
2830 3137 3114 3192 ἐντεῦθενο
3145 3141 3210 3192 ὲκ
3253 3137 3459 3209 πατρὸς
3494 3138 3606 3208 γὰρ
3642 3137 3735 3189 καὶ

2154 3233 2359 3305 μητρὸς
2400 3233 2682 3302 γενόμενοι
2721 3229 2839 3283 Ἰὼϐ
2888 3230 2979 3282 καὶ
3030 3228 3213 3294 Δαυῒδ,
3258 3230 3419 3298 φασιν
3460 3229 3730 3300 ἑκάτεροι,

2148 3329 2216 3379 Al
2244 3323 2437 3393 χεῖρές
2462 3338 2578 3377 σου
2627 3321 2926 3389 ἐποίησάν
2952 3338 3028 3390 με
3076 3322 3173 3374 καὶ
3201 3319 3482 3375 ἔπλασάν
3508 3338 3615 3389 με’
3640 3321 3733 3374 καὶ

2148 3416 2283 3488 πρὸς
2325 3415 2594 3486 Ἱερεμίαν
2628 3413 2787 3477 αὐτὸς
2814 3415 2841 3465 ὁ
2872 3411 3024 3475 Θεὸς,
3078 3410 3199 3480 Πρό
3248 3411 3353 3465 τοῦ
3391 3428 3471 3481 με
3506 3409 3735 3464 πλάσαι

2148 3524 2222 3561 σε
2251 3507 2321 3559 ἐν
2343 3507 2559 3572 κοιλίᾳ,
2607 3505 2935 3573 ἐπίσταμαί
2970 3522 3064 3558 σε.
3102 3505 3180 3575 Τῇ
3213 3503 3342 3572 γοῦν
3381 3504 3735 3575 ἐσφαλμένοις

2148 3598 2377 3669 λεγούσῃ
2399 3597 2476 3669 τῷ
2498 3597 2754 3668 ἀνδρὶ,“Ὴ
2771 3596 2876 3662 δός
2902 3614 3005 3665 μοι
3035 3597 3234 3660 τέκνα,
3267 3598 3318 3649 εἰ
3352 3594 3421 3649 δὲ
3448 3594 3557 3666 μὴ,
3586 3596 3727 3649 ἀ.τό-

2148 3693 2385 3746 κτεινόν
2400 3708 2498 3761 με,
2532 3691 2692 3759 σοφὸς
2708 3690 2783 3743 ὣν
2822 3692 2850 3742 6
2895 3691 3061 3763 ἀνὴρ,
3099 3688 3445 3759 δογματικῶς
3482 3690 3731 3759 ἐπιτιμᾷ,

2147 3785 2245 3853 Μὴ
2269 3784 2402 3838 ἀντὶ
2442 3783 2589 3836 Θεοῦ
2636 3798 2734 3836 σοι
2768 3782 2887 3851 εἰμὶ
2915 3780 3050 3851 ἐγὼ,
3085 3780 3153 3848 ὃς
3171 3778 3465 3849 ἐστέρησέ
3491 3794 3566 3834 σε
3599 3797 3735 3847 καρ-

2148 3871 2268 3924 πὸν
2288 3872 2559 3934 xor-.llac;
2584 3870 2646 3923 Εἰ
2677 3870 2783 3943 γὰρ
2810 3870 2903 3923 καὶ
2931 3870 3178 3925 δοκοῦσιν
3203 3872 3252 3924 οἱ
3296 3872 3531 3942 πατέρες
3566 3872 3736 3925 ποιεῖν

2147 3963 2422 4025 τὰτέκνα,
2460 3962 2575 4016 ἀλλ’
2608 3959 2701 4016 οὖν
2741 3964 2769 4015 6
2818 3961 2949 4025 Θεὸς
2999 3961 3171 4015 ταῦτα
3201 3964 3371 4015 ποιεῖ·
3409 3963 3505 4015 καὶ
3552 3962 3582 4013 6
3634 3959 3737 4031 μὲν

2148 4057 2338 4119 αἴτιος,
2373 4057 2421 4108 οί
2443 4055 2500 4107 δὲ
2526 4054 2808 4120 συναίτιοι,
2844 4054 2921 4117 ὡς
2952 4054 3030 4126 τῷ
3057 4055 3115 4121 ἐξ
3144 4055 3317 4124 ἀρχῆς
3350 4051 3513 4107 αὑτοῦ
3548 4054 3736 4107 διακο-

2147 4147 2363 4210 νοῦντες
2391 4147 2794 4218 προστάγματι.
2824 4145 2923 4199 Διὰ
2954 4145 3111 4198 τοῦτο
3162 4145 3365 4209 πολλοὶ,
3400 4146 3574 4199 καίτοι
3615 4147 3738 4200 ἐπι-

2150 4239 2447 4310 θυμοῦντες
2482 4238 2837 4302 παιδοποιεῖν,
2867 4239 2926 4290 ού
2957 4236 3229 4291 δύνανται.
3270 4236 3327 4291 Ὀ
3356 4238 3413 4291 δὲ
3442 4237 3736 4308 Σύμμαχός

2149 4351 2339 4404 φησιν,
2393 4332 2589 4398 Αὐτὸς
2624 4332 2913 4398 ἐποίησεν
2955 4329 3115 4400 ἡμᾶς
3156 4334 3267 4384 οὐκ
3322 4330 3529 4396 ὄνταςυ
3564 4329 3737 4398 ἡμεῖς

2147 4425 2216 4477 δὲ
2251 4423 2402 4491 ,λαός
2428 4422 2621 4493 νομῆς
2653 4423 2841 4477 αὐτοῦ
2878 4424 2977 4476 καὶ
3011 4422 3273 4490 πρόϐατα
3298 4421 3498 4491 χειρὸς
3527 4421 3733 4476 αὐτοῦ.

470 4528 663 4578 suum;
722 4513 819 4568 sed
868 4513 1033 4567 etiam
1084 4511 1481 4581 providentiam
1543 4527 1698 4569 suam
1741 4511 2038 4566 indicavit:

2150 4517 2248 4570 Διὰ
2296 4515 2501 4569 τούτων
2544 4516 2603 4568 ού
2649 4515 2809 4585 μόνον
2836 4514 2935 4585 τὴν
2977 4514 3314 4576 δεσποτείαν,
3354 4513 3491 4567 ἀλλὰ
3522 4516 3613 4567 καὶ
3634 4512 3739 4585 τὴν

466 4620 580 4660 non
625 4605 803 4660 solum
847 4605 993 4659 enim
1047 4603 1314 4661 Dominus
1376 4614 1562 4661 noster
1609 4603 1849 4668 est;sed
1880 4607 2045 4658 etiam

466 4706 657 4769 pastor
682 4712 808 4753 cum
839 4700 932 4759 sit,
986 4699 1128 4752 bona
1158 4697 1317 4751 nobis
1348 4711 1552 4766 pascua
1579 4695 1756 4751 oﬂ‘ert.
1798 4694 1913 4749 Nos
1944 4712 2045 4748 au-

468 4801 572 4845 tem
617 4792 842 4860 populus
888 4791 1026 4860 ejus,
1072 4798 1262 4859 utpote
1290 4790 1628 4859 regis;oves
1687 4798 1868 4843 autem
1898 4788 2043 4859 ejus,

463 4879 656 4954 utpote
686 4885 922 4955 pastoris
962 4899 975 4935 :
1013 4883 1250 4953 populus
1282 4892 1430 4947 sunt,
1465 4882 1560 4953 qui
1591 4882 1847 4937 meliores
1867 4890 1921 4937 et
1950 4896 2040 4935 ra-

466 4973 877 5039 tionabiliores;
906 4988 1035 5028 oves
1084 4980 1291 5039 autem,
1323 4973 1418 5043 qui
1473 4974 1541 5028 iis
1575 4972 1866 5029 inferiores
1890 4980 2040 5043 sunt,

465 5074 520 5119 et
550 5064 1069 5119 irrationabiliorem
1101 5064 1348 5119 ordinem
1372 5065 1647 5130 obtinent,
1687 5081 1866 5137 neque
1899 5065 2044 5120 divi-

464 5173 662 5213 norum
712 5160 1062 5212 oraculorum
1111 5158 1272 5228 periti
1318 5166 1483 5226 sunt;
1521 5159 1823 5215 secundum
1858 5160 2033 5215 illud:

466 5248 659 5303 Erravi
688 5249 823 5302 sicut
846 5250 953 5302 ovis
983 5265 1098 5319 quae
1123 5251 1275 5318 periit
1292 5251 1332 5305 ⁸.
1358 5249 1624 5305 Caeterum
1647 5267 1771 5307 cum
1791 5253 2037 5306 omnium

466 5337 626 5395 Deus.
643 5348 698 5395 et
731 5344 985 5395 conditor
1011 5343 1105 5407 sit,
1141 5343 1324 5397 omnia
1358 5351 1539 5408 vocat,
1576 5345 1758 5398 omnia
1782 5344 1885 5399 sibi
1912 5359 2042 5414 pro-

470 5428 585 5498 pria
605 5428 785 5486 eﬂicit.
814 5430 1066 5488 Homines
1086 5436 1285 5505 quippe
1313 5444 1364 5489 et
1383 5434 1627 5504 jumenta
1651 5436 1821 5490 salvat
1838 5436 1980 5490 Deus
1998 5437 2042 5503 ";

471 5522 595 5579 illos
616 5526 859 5595 quidem,
884 5536 942 5582 ut
979 5532 1241 5601 populum
1281 5545 1477 5598 suum;
1518 5533 1610 5586 illa
1644 5548 1793 5596 vero,
1833 5539 1892 5585 ut
1912 5546 2043 5587 oves

473 5627 665 5672 manus
694 5632 827 5674 sua}.

2104 4598 2118 4677 ί
2149 4598 2476 4680 κηδεμονίαν
2510 4606 2835 4679 ἐγνώρισεν
2861 4608 2922 4659 οὐ
2954 4605 3114 4677 μόνον
3144 4604 3253 4677 γὰρ
3283 4605 3441 4676 ἡμῶν
3471 4604 3741 4678 δεσπότης

2151 4702 2320 4764 ἐστὶν,
2353 4699 2489 4754 ἀλλὰ
2513 4700 2607 4753 καὶ
2626 4698 2850 4771 ποιμὴν,
2873 4698 2971 4769 τὴν
2997 4698 3205 4768 ἀγαθὴν
3229 4699 3387 4769 ἡμῶν
3411 4698 3742 4770 προσφέρων

2148 4796 2343 4865 νομήν.
2398 4792 2589 4863 Ἡμεῖς
2629 4791 2696 4845 δὲ
2716 4792 2867 4858 λαός
2909 4791 3119 4858 αὐτοῦ,
3158 4792 3234 4855 ῶς
3274 4791 3559 4861 βασιλέως,
3610 4790 3743 4861 πρό-

2150 4885 2289 4939 ϐατα
2326 4885 2382 4938 δὲ
2407 4885 2482 4949 ὡς
2512 4884 2768 4955 ποιμένος
2789 4901 2802 4915 ο
2832 4883 2961 4947 λαὸς
2989 4885 3037 4936 οἱ
3072 4885 3352 4955 κρείττους
3378 4883 3474 4936 καλ⁵
3507 4883 3745 4950 λογικώ-

2148 4995 2298 5050 τεροι
2316 4995 2327 5007 ⁸
2362 4976 2609 5048 πρόϐατα
2622 4977 2670 5029 οί
2692 4976 3115 5046 ὑποϐεϐηκότες,
3140 4976 3234 5029 καὶ
3260 4976 3361 5047 τὴν
3392 4974 3742 5045 ἀλογωτέραν

2149 5070 2301 5135 τάξιν
2349 5069 2660 5139 ἐπέχοντες,
2702 5069 2796 5121 καὶ
2826 5068 2901 5138 μὴ
2961 5069 3018 5121 ὲν
3046 5068 3212 5138 πείρᾳ
3254 5066 3361 5121 τῶν
3386 5067 3546 5119 θείων
3585 5067 3743 5129 ὄντες

2149 5161 2374 5229 λογίων
2412 5160 2555 5214 κατὰ
2594 5159 2676 5224 τὸ,
2720 5159 3104 5228 Ἑπλανήθην
3151 5160 3231 5226 ὡς
3250 5159 3547 5227 πρόϐατον
3588 5158 3742 5211 ἀπο-

2142 5243 2363 5321 λωλός.
2424 5255 2571 5326 Πλὴν
2619 5252 2755 5307 ἀλλὰ
2809 5253 3029 5306 πάντων
3082 5250 3213 5314 Θεὸς
3245 5250 3319 5303 ὢν
3355 5251 3447 5305 καὶ
3482 5248 3737 5321 ποιητὴς,

2150 5348 2329 5401 πάντα
2349 5347 2502 5400 καλεῖ
2539 5346 2635 5400 καὶ
2671 5342 3047 5410 ὲξοικειοῦται.
3088 5340 3462 5408 Ἀνθρώπους
3500 5342 3606 5414 γὰρ
3635 5343 3738 5395 καί

2150 5438 2341 5507 κτήνη
2399 5436 2567 5499 σώζει
2608 5440 2641 5491 ό
2676 5438 2849 5502 Θεός”
2890 5438 3017 5500 τοὺς
3049 5435 3168 5507 μὲν,
3200 5435 3275 5498 ὡς
3302 5434 3429 5489 λαὸν
3452 5434 3639 5500 αὑτοῦ,
3666 5435 3742 5490 τὰ

2150 5531 2228 5595 δὲ,
2258 5532 2334 5595 ὡς
2362 5530 2611 5604 πρόϐατα
2642 5529 2826 5601 χειρὸς
2853 5528 3038 5582 αὐτοῦ.

544 5730 558 5759 ¹
597 5728 1032 5812 .chr._x_i_i_,_22_.
1110 5739 1146 5812 ’_
1170 5737 1315 5812 Esal.
1347 5755 1517 5794 cxvm
1539 5781 1552 5805 ,
1587 5740 1690 5812 77754;
1722 5739 1990 5812 Job‘vm,
2025 5740 2046 5793 1

2188 5738 2446 5812 ³)οτοω.
2482 5756 2540 5808 ι,
2583 5740 2634 5795 5.
2714 5740 2737 5771 ⁸
2774 5738 2909 5795 Gen.
2968 5755 3104 5805 xu,
3146 5740 3193 5792 ί.
3243 5736 3431 5806 ναις..
3496 5733 3737 5805 alioquin

473 5806 696 5863 morior.
770 5806 791 5837 ⁸
830 5807 960 5862 ibid.
996 5807 1050 5862 ‘2.
1128 5808 1148 5839 '
1186 5806 1327 5865 Psal.
1366 5826 1532 5865 cxvm
1574 5810 1695 5868 176.
1772 5812 1803 5880 ⁷,
1831 5806 1983 5867 Psal.
2018 5827 2194 5868 xxxv.
2232 5810 2279 5866 7.
