3992 6404
352 358 480 413 12M

1503 366 2007 425 (ΣΟἏΜΕΝΤΑΒΙΑ
2043 369 2111 426 ΙΝ
2141 371 2476 431 PSALMOS.

3469 391 3608 446 1249.

419 475 736 532 Είσέλθετε
789 482 876 547 εὶς
919 481 1026 549 τὰς
1063 488 1264 550 πυλας
1292 484 1480 540 αὐτοῦ
1533 486 1604 540 ἐν
1635 487 1912 555 ἐξομολο-

2096 489 2263 548 Vsus.
2324 493 2382 550 4.
2453 493 2677 550 lntroite
2728 507 2911 563 portas
2962 500 3084 570 ejus
3129 501 3186 556 in
3242 504 3602 574 confessione,

349 562 544 633 γήσει,
583 570 665 634 εἰς
695 570 801 636 τὰς
843 573 1036 639 αὐλὰς
1063 574 1250 628 αὐτοῦ
1287 576 1359 628 ὲν
1414 575 1644 646 ὕμνοις.
1706 579 1932 648 Μνημο-

348 656 553 720 νεὺετε,
575 662 728 729 φησὶ,
751 661 858 715 τῶν
892 664 1100 730 κακῶν,
1133 667 1191 718 ἐν
1223 661 1302 730 οἷς
1337 666 1552 738 πρῶτον
1589 667 1928 734 ἐξετάζεσθε,

350 747 439 800 ὅτε
466 749 681 820 μακρὰν
708 754 1028 822 ἐτυγχάνετε
1055 756 1148 810 τοῦ
1173 759 1378 826 Κυρίου
1408 760 1497 829 ὑφ’
1524 759 1730 832 ἐτέροις
1745 761 1933 814 δεσπό-

350 853 472 900 ταις
503 845 759 911 πονηροῖς
785 844 1060 916 ἀγόμενοι.
1092 847 1183 900 Διὸ
1213 848 1288 911 ὡς
1322 851 1759 923 περιρραντηρίῳ
1783 851 1928 924 χρώ-

355 946 504 1000 μενοι
525 936 588 1004 τῇ
617 935 723 988 τῶν
750 938 1030 1010 προτέρων
1064 939 1424 1011 ἀσεϐημάτων
1455 942 1713 1014 ὁμολογίᾳ
1759 943 1926 997 εἴσιτε

345 1024 425 1086 είς
449 1023 548 1088 τὰς
596 1026 769 1090 πύλας
814 1029 977 1082 αὑτοῦ
1009 1030 1338 1102 Θαρροῦντες
1362 1051 1375 1064 ο
1403 1034 1484 1086 ὅτι
1533 1033 1672 1104 μετά
1703 1035 1800 1100 τὰς
1830 1037 1928 1089 πύ-

345 1109 463 1175 λας,
495 1114 739 1166 τουτέστι
788 1117 925 1186 μετὰ
963 1117 1060 1182 τὰς
1081 1120 1254 1190 ἀρχὰς
1283 1123 1378 1175 καὶ
1410 1122 1509 1186 τάς
1549 1123 1771 1194 πρώτας
1815 1125 1927 1176 εἰσ-

344 1199 497 1266 όδους
520 1204 620 1273 τῆς
655 1205 750 1258 τοῦ
783 1207 914 1261 Θεοῦ
945 1209 1208 1276 δουλείας,
1244 1215 1322 1277 είς
1349 1215 1417 1268 τὰ
1440 1215 1688 1269 ἐνδότατα
1711 1217 1802 1270 καὶ
1826 1217 1925 1281 τὰς

341 1289 508 1353 αὑλάς
550 1293 925 1364 παρελθόν-τες,
963 1299 1147 1352 οὐκέτι
1182 1303 1449 1372 χρήσεσθε
1494 1306 1561 1375 τῇ
1599 1303 1924 1377 ἐξαμολογή-

343 1394 442 1442 σει,
492 1381 607 1434 ἀλλ’
666 1383 853 1454 ὕμνοις
903 1386 1088 1442 λοιπὸν
1123 1395 1234 1455 τοῖς
1284 1394 1364 1456 εἰς
1403 1395 1563 1448 αὑτὸν
1605 1397 1918 1466 σχολάσετε.

343 1469 552 1542 Ὥσπερ
587 1474 766 1542 μέντοι
801 1478 1024 1533 εἰσιέναι
1060 1480 1140 1535 δεῖ
1180 1485 1441 1556 πρότερον
1475 1488 1554 1550 εἰς
1588 1489 1685 1551 τὰς
1724 1488 1917 1555 πύλας,

339 1557 463 1614 εἶτα
489 1565 568 1626 είς
597 1564 696 1628 τὰς
723 1567 908 1633 αὐλὰς,
959 1571 1130 1637 οὕτως
1170 1576 1608 1646 ἐξομολογεῖσθαι
1655 1582 1918 1654 πρότερον

338 1652 442 1723 χρὴ
470 1653 538 1708 τὰ
570 1656 959 1729 ἁμαρτήματα,
1003 1659 1120 1718 εἶτα
1156 1667 1342 1737 ὑμνεῖν
1369 1669 1461 1722 τὸν
1505 1670 1656 1737 Θεὸν,
1691 1673 1778 1726 ἵνα
1799 1713 1814 1737 ,
1848 1676 1914 1746 τῇ

336 1741 718 1818 ἐξομολογήσει
775 1751 1141 1828 καθαρθείσης
1178 1757 1278 1827 τῆς
1319 1759 1586 1830 γλώττης,
1621 1762 1858 1835 καθαρὸς

2036 585 2178 636 atria
2205 585 2320 652 ejus
2346 585 2401 638 in
2428 587 2658 656 hymnis.
2706 589 3168 661 Commemorate,
3212 595 3410 666 inquit,
3435 600 3602 665 mala,

2032 675 2088 728 in
2113 677 2314 745 quibus
2351 680 2504 746 prius
2542 681 2936 749 versabamini,
2967 685 3190 755 quando
3235 689 3304 742 ab
3329 690 3451 746 aliis
3476 708 3603 761 pra-

2029 767 2114 822 vis
2166 767 2405 824 dominis
2451 771 2696 839 abducti,
2721 776 2912 842 procul
2971 791 3002 830 a
3060 777 3290 835 Domino
3332 783 3601 853 agebatis.

2029 857 2211 926 Quare
2234 861 2587 930 pristinarum
2623 865 2966 935 impietatum
2988 870 3358 937 confessione,
3390 891 3486 930 seu
3511 891 3606 934 as-

2029 951 2258 1020 pergillo
2279 953 2388 1017 usi,
2420 954 2770 1024 ingredimini
2802 966 2990 1028 portas
3021 961 3142 1031 ejus
3197 978 3320 1018 cum
3356 966 3551 1023 ﬁducia
3582 987 3597 1023 :

2025 1042 2154 1111 quia
2209 1045 2510 1098 secundum
2559 1055 2772 1116 portas,
2829 1049 2884 1103 id
2931 1059 3038 1114 est,
3091 1061 3217 1122 post
3247 1057 3516 1130 principia
3546 1071 3600 1116 et

2025 1135 2233 1202 primos
2264 1139 2546 1194 servitutis
2602 1139 2693 1194 Dei
2735 1141 3039 1213 ingressus,
3077 1146 3130 1202 in
3172 1149 3434 1205 interiora
3459 1155 3597 1210 etin

2025 1225 2164 1278 atria
2197 1233 2572 1296 transeuntes,
2607 1246 2718 1286 non
2757 1233 2900 1288 ultra
2948 1237 3299 1295 confessione
3341 1241 3601 1314 utemini,

2023 1316 2117 1371 sed
2151 1317 2370 1388 hymnis
2407 1321 2661 1392 deinceps
2691 1324 2794 1394 ipsi
2849 1329 3098 1382 vacaturi
3136 1331 3294 1386 estis.
3322 1331 3599 1398 Quemad-

2021 1409 2245 1464 modum
2297 1412 2442 1466 enim
2482 1413 2661 1483 primo
2696 1416 2752 1470 in
2783 1427 2992 1487 portas,
3017 1419 3214 1476 deinde
3243 1423 3298 1478 in
3331 1425 3485 1480 aulas
3519 1427 3599 1482 in-

2019 1499 2171 1570 gredi
2204 1516 2342 1572 opus
2375 1509 2479 1568 est,
2521 1505 2597 1559 ita
2628 1507 2804 1579 primo
2833 1518 3057 1579 peccata
3087 1513 3333 1569 conﬁteri
3357 1525 3594 1586 oportet,

2020 1597 2209 1658 postea
2251 1607 2382 1646 vero
2411 1592 2580 1649 Deum
2609 1595 2827 1666 hymnis
2857 1600 3157 1664 celebrare,
3188 1612 3271 1670 ut,
3298 1605 3481 1677 lingua
3499 1624 3598 1678 per

2018 1679 2418 1736 confessionem
2473 1695 2727 1756 purgata,
2782 1703 2954 1757 purus
3006 1691 3242 1782 hymnus
3311 1695 3592 1752 oll'eratur.

2018 1767 2258 1824 -—V£us.
2281 1771 2332 1825 5.
2359 1771 2694 1842 Con/itemini
2719 1777 2819 1833 illi.
2846 1777 3079 1835 Laudate
3107 1767 3290 1847 nomen
3311 1785 3447 1854 ejus,
3467 1801 3597 1856 quo-

337 1834 505 1905 ῠμνος
528 1844 934 1917 προσενεχθείη.
978 1849 1462 1922 Ἐξομολογεῖσθε
1487 1856 1667 1920 αὐτῷ.
1690 1856 1912 1910 Αἰνεῖτε

2471 1834 2482 1842 ,
3059 1834 3067 1835 ί
3149 1834 3288 1847 ---ί---
3314 1834 3447 1854 ’.ν’-*ι
3468 1834 3562 1856 1'"

2021 1861 2162 1913 niam
2197 1864 2373 1917 suavis
2403 1873 2480 1918 est
2523 1865 2815 1933 Dominus,
2837 1873 3085 1937 quoniam
3125 1874 3181 1926 in
3223 1885 3476 1930 (sternam
3502 1878 3599 1931 mi-

336 1929 402 1980 τό
456 1929 643 2000 ὄνομα
681 1937 890 2002 αὐτοῦ,
935 1939 1024 1994 ὅτι
1056 1945 1322 2012 χρηστός
1371 1949 1404 2000 ὀ
1435 1950 1683 2016 Κύριος’
1718 1949 1805 2002 ὅτι
1833 1952 1922 2016 εἰς

333 2022 443 2072 τὸν
487 2022 671 2078 αἰῶνα
727 2026 792 2081 τὸ
843 2030 1016 2097 ἕλεος
1057 2035 1263 2101 αὐτοῦ,
1312 2037 1412 2090 καὶ
1440 2038 1550 2105 ἕως
1577 2038 1788 2109 γενεᾶς
1820 2042 1918 2095 καὶ

334 2111 545 2181 γενεᾶς
594 2119 633 2185 ἠ
687 2119 936 2188 ἀλήθεια
974 2125 1179 2179 αὐτοῦ.
1206 2127 1442 2194 Δίκαιον,
1478 2133 1664 2201 φησιν,
1697 2134 1918 2207 εὐχαρι-

334 2205 480 2256 στεῖν
500 2206 594 2258 καὶ
616 2209 803 2277 ὑμνεῖν
832 2211 922 2265 τὸν
951 2215 1176 2287 ἀρρήτῳ
1211 2217 1588 2292 φιλανθρωπίᾳ
1615 2205 1916 2295 χρώμενον,

334 2294 430 2347 καὶ
458 2300 578 2360 ταῖς
610 2301 842 2367 ἀγαθαῖς
879 2305 1235 2376 ὑποσχέσεσιν
1277 2311 1589 2366 ἐπιτιθέντα
1619 2315 1681 2367 τὸ
1719 2294 1915 2387 πέρας.

339 2383 406 2436 Ἃ
431 2386 540 2458 γὰρ
564 2390 655 2443 ἐπὶ
678 2393 773 2464 τῆς
795 2395 901 2450 τῶν
922 2399 1202 2468 προγόνων
1220 2402 1489 2474 ὑπέσχετο
1508 2409 1720 2474 γενεᾶς,
1743 2383 1916 2465 ταῦτα

331 2475 426 2530 ἐπὶ
462 2479 560 2550 τῆς
597 2485 870 2556 ἡμετέρας
913 2490 1263 2562 πεπλήρωκε,
1317 2496 1412 2549 καὶ
1451 2497 1517 2567 ἢν
1556 2500 1916 2571 ἐπηγγείλατο

334 2573 628 2642 σωτηρίαν,
658 2577 874 2648 ἀληθῶς
893 2580 1206 2653 ἐδωρήσατο
1227 2601 1243 2617 ο
1269 2589 1362 2640 καὶ
1392 2588 1452 2642 οὐ
1481 2590 1746 2645 παύσεταί
1785 2610 1912 2648 ποτε

332 2665 365 2733 ή
395 2665 474 2726 εἰς
492 2667 637 2736 ἡμᾶς
659 2671 788 2740 παρ’
809 2671 973 2726 αὑτοῦ
1002 2678 1268 2749 γενομένη
1295 2679 1602 2752 εὐεργεσία,
1621 2685 1739 2755 ἥτις
1766 2688 1912 2741 ἐστὶν

331 2755 576 2826 ἀλήθεια,
606 2760 744 2813 κατά
764 2762 844 2827 τὸ,
864 2765 1160 2834 Ἐμνήσθη
1182 2767 1472 2839 διαθήκης
1492 2775 1678 2829 αὑτοῦ
1703 2779 1790 2842 είς
1806 2777 1914 2832 τὸν

331 2847 548 2902 αἰῶναο
581 2851 613 2921 ἢ
641 2853 722 2918 τὸ,
765 2855 1273 2928 Ἐξομολογεῖσθε,
1308 2863 1429 2917 ἀντὶ
1454 2865 1568 2930 τοῦ,
1625 2868 1713 2931 Ὡς
1743 2870 1912 2942 ἱατρῷ

328 2938 401 2994 τὰ
424 2940 523 3012 τῆς
542 2942 718 3014 ψυχῆς
753 2946 1129 3018 ἀπογυμνοῦτε
1165 2952 1455 3025 τραύματα
1497 2956 1563 3010 δι’
1591 2938 1912 3032 ἐξομολογήλ-

333 3049 487 3096 σεως·
522 3034 858 3124 Θαρροῦντες
893 3041 952 3094 δὲ
980 3042 1138 3097 τοῦτο
1169 3047 1458 3117 πράττετε,
1493 3050 1671 3121 δόγμα
1714 3053 1912 3125 ἀληθὲς

332 3124 457 3196 περὶ
479 3125 639 3179 αὑτοῦ
672 3119 953 3197 μαθόντες,
987 3133 1069 3186 ὅτι
1131 3136 1335 3203 ἀγαθός
1359 3139 1473 3191 ἐστι
1501 3119 1604 3193 καὶὴ
1626 3119 1909 3209 πολυέλεος

2021 1953 2312 2008 sericordia
2337 1956 2476 2025 ejus,
2501 1967 2552 2011 et
2582 1975 2744 2029 usque
2777 1962 2834 2015 in
2877 1965 3260 2033 generationem
3297 1975 3348 2020 et
3387 1984 3596 2038 genera-

2021 2045 2215 2099 tionem
2245 2047 2436 2100 ueritas
2463 2049 2599 2117 ejus.
2629 2049 3068 2109 Consentaneum
3099 2063 3204 2120 est,
3236 2056 3434 2126 inquit,
3467 2073 3596 2128 gra-

2019 2136 2127 2192 tias
2167 2150 2350 2207 agere,
2385 2153 2450 2192 ac
2478 2153 2602 2194 eum
2627 2140 2846 2212 hymnis
2882 2145 3162 2201 celebrare
3205 2147 3297 2216 qui
3332 2147 3592 2204 inell‘abili

2016 2241 2143 2296 erga
2169 2225 2424 2283 homines
2448 2229 2738 2286 clementia
2773 2242 2858 2288 est
2880 2250 3037 2298 usus,
3063 2243 3119 2290 et
3158 2237 3252 2307 qui
3283 2237 3443 2294 bonis
3472 2243 3592 2295 suis

2015 2319 2508 2388 pollicitationibus
2561 2325 2854 2379 terminum
2909 2329 3112 2397 posuit.
3169 2327 3305 2384 Nam
3361 2345 3484 2400 quae
3534 2333 3590 2396 in

2014 2425 2343 2480 proavorum
2376 2416 2731 2484 generatione
2774 2421 3125 2487 promiserat,
3161 2437 3223 2477 ea
3250 2437 3366 2478 aevo
3398 2430 3590 2478 nostro

2015 2503 2297 2573 implevit;
2324 2513 2378 2560 et
2406 2522 2570 2576 quam
2597 2509 2874 2578 pollicitus
2902 2522 3018 2566 erat
3046 2514 3296 2580 salutem,
3321 2531 3440 2571 eam
3461 2532 3590 2574 νει-ε

2014 2592 2300 2666 impertiit;
2323 2613 2500 2668 neque
2531 2601 2675 2656 ullus
2696 2601 2821 2657 linis
2855 2603 3074 2660 futurus
3097 2613 3179 2660 est
3206 2607 3325 2676 ejus
3345 2623 3472 2678 erga
3488 2625 3589 2665 nos

2014 2687 2288 2753 beneﬁcii,
2328 2691 2470 2758 quod
2499 2698 2585 2746 est
2608 2693 2837 2758 veritas,
2863 2697 3164 2751 secundum
3189 2698 3323 2753 illud
3356 2715 3370 2750 :
3403 2698 3589 2755 Recor-

2013 2775 2169 2830 datus
2199 2786 2276 2832 est
2307 2783 2607 2834 testamenti
2637 2783 2722 2837 sui
2742 2785 2799 2837 in
2828 2787 3106 2846 steculum;
3138 2795 3231 2842 aut
3263 2788 3419 2857 illud,
3453 2789 3591 2846 Con-

2012 2869 2257 2938 ﬁtemini,
2307 2873 2388 2928 sic
2431 2875 2812 2945 accipiendum
2887 2887 2991 2942 est,
3030 2877 3315 2951 Tanquam
3376 2883 3590 2940 medico

2013 2960 2210 3015 animae
2257 2963 2486 3017 vulnera
2535 2964 2638 3036 ipsi
2696 2981 2793 3035 per
2857 2968 3260 3026 confessionem
3328 2971 3582 3044 detegite.

2012 3049 2363 3108 Conﬁdenter
2387 3062 2569 3109 autem
2609 3054 2663 3109 id
2697 3057 2862 3128 agite,
2901 3058 3042 3112 bona
3077 3059 3143 3115 de
3185 3061 3308 3131 ipso
3336 3061 3584 3118 doctrina

2014 3138 2206 3194 imbuti
2242 3159 2256 3196 :
2283 3143 2544 3211 quoniam
2571 3144 2749 3200 bonus
2777 3152 2940 3201 estet
2971 3148 3155 3203 multas
3197 3152 3585 3208 misericordiae

333 3217 426 3268 καὶ
463 3216 730 3288 ἀληθινὸς.
779 3222 873 3275 καὶ
907 3225 1046 3278 κατὰ
1079 3202 1260 3282 πᾶσαν
1297 3229 1490 3297 γενεὰν
1531 3233 1787 3303 ἀληθείας
1817 3202 1910 3306 γέ-ἰ

2013 3236 2067 3282 ει
2098 3244 2284 3295 verax,
2309 3237 2362 3284 et
2384 3230 2440 3285 in
2473 3233 2622 3286 omni
2655 3237 3010 3304 generatione
3042 3253 3328 3296 sermones
3348 3244 3468 3312 ejus
3498 3258 3586 3298 ve-

333 3326 522 3380 μουσιν
547 3313 594 3365 oi
621 3311 766 3381 λόγοι
790 3316 974 3372 αὑτοῦ.

715 3473 1006 3529 ΨΑΛΜΟΣ
1046 3477 1132 3549 Τῼ
1169 3480 1389 3536 ΔΑΥΙΔ.
1431 3482 1512 3537 P'.

403 3582 616 3648 Ἔλεος
638 3585 735 3636 καὶ
761 3586 963 3652 κρίσιν
983 3587 1206 3658 ᾆσομαί
1235 3607 1354 3654 σοι,
1376 3594 1581 3658 Κύριε·
1617 3595 1786 3662 ψαλῶ
1805 3597 1904 3651 και

327 3673 581 3739 συνήσω
616 3677 687 3730 ἐν
726 3677 843 3742 ὀδῷ
885 3679 1134 3749 ἀμώμῳ,
1191 3685 1337 3738 πότε
1379 3684 1548 3752 ἥξεις
1595 3687 1746 3755 πρὸς
1793 3689 1906 3758 μέ;

331 3763 489 3818 Ἤτοι
519 3767 610 3821 τὸν
643 3769 733 3822 σὺν
782 3770 929 3824 ἔλεον
952 3775 1046 3826 καὶ
1073 3773 1170 3846 τὴν
1213 3775 1312 3847 σὴν
1347 3778 1525 3848 κρίσιν
1565 3778 1786 3849 ᾄσομαι,
1814 3782 1906 3836 τὸν

326 3857 525 3928 τρόπον
567 3858 774 3925 διεξιὼν
803 3862 922 3915 καθ’
949 3864 1008 3918 ὃν
1042 3865 1310 3934 πέφυκας,
1343 3869 1404 3921 οὑ
1435 3869 1649 3941 πρῶτον
1678 3871 1901 3941 κρίνειν,

326 3947 516 4002 ἔπειτα
560 3950 728 4005 ἐλεεῖν
750 3968 762 3981 ·
813 3953 950 4006 ἀλλά
980 3956 1194 4027 πρῶτον
1235 3957 1425 4021 ἐλεεῖν,
1454 3958 1642 4013 ἔπειτα
1675 3962 1902 4032 κρίνειν,

327 4043 421 4096 καὶ
470 4044 610 4115 μετὰ
653 4045 1064 4121 φιλανθρωπίας
1109 4049 1205 4104 καὶ
1251 4050 1435 4116 ἐλέους
1485 4053 1753 4108 ποιεῖσθαι
1805 4054 1904 4120 τὰς

327 4135 649 4204 ἀποφάσεις.
690 4130 767 4210 τῌ
800 4138 911 4206 ἐγὼ
957 4139 1137 4206 αὐτὸς,
1173 4140 1321 4206 ἔλεος
1363 4143 1531 4196 ποιῶν
1575 4146 1670 4198 καὶ
1724 4146 1904 4218 κρίσιν

326 4221 418 4275 ἐπὶ
447 4224 572 4288 τοὺς
612 4225 860 4297 πλησίον,
892 4226 1078 4302 θαρρῶ
1120 4232 1374 4302 παριέναι
1401 4233 1496 4287 ἐπὶ⁵
1525 4233 1601 4305 τῷ
1639 4234 1785 4306 ᾄδειν
1821 4253 1902 4289 σοι

327 4315 419 4366 καὶ
461 4315 699 4384 ψάλλειν.
747 4319 958 4382 Συνιεὶς
993 4320 1123 4389 γοῦν
1169 4322 1318 4386 ὅπως
1361 4325 1466 4394 χρὴ
1503 4325 1661 4379 τοῦτο
1706 4329 1900 4392 ποιεῖν,

326 4405 424 4470 τάς
451 4408 684 4478 ἐμαυτοῦ
707 4409 858 4474 ὀδοὺς
882 4410 1144 4482 ἀμώμους
1167 4415 1260 4466 καὶ
1282 4415 1602 4486 ἀμέμπτους
1629 4417 1898 4487 φυλάττω.

328 4501 689 4570 πεπεισμένος
732 4501 918 4556 τοῦτον
956 4504 1045 4557 τὸν
1077 4505 1274 4576 τρόπον
1318 4506 1662 4576 ἀρεσκόντως
1705 4525 1788 4562 σοι
1833 4509 1899 4562 δι’
1931 4532 1980 4592 D

327 4590 500 4662 ἔργων
529 4593 749 4658 ἀγαθῶν
783 4593 1024 4664 ψάλλειν.
1053 4597 1252 4650 Λοιπὸν
1284 4591 1378 4650 οὖν
1409 4593 1512 4669 ἧκε
1548 4599 1686 4672 πρὸς
1732 4600 1824 4670 μὲ,
1853 4595 1898 4654 ὧ

327 4683 520 4756 Κύριε,
555 4684 768 4756 ἕτοιμον
794 4687 1043 4759 εὑρήσων
1076 4692 1207 4760 παρ’
1231 4690 1353 4761 ἐμοὶ
1379 4691 1577 4761 μονήνο
1606 4691 1900 4765 ἐπειδήπερ

326 4775 502 4828 πάντα
529 4793 617 4847 μοι
640 4777 709 4830 τὰ
736 4776 876 4832 καλά
905 4779 1368 4851 παρεσκεύασται,
1398 4784 1740 4854 περιμένοντι
1771 4785 1899 4838 πότε

324 4863 475 4935 ἥξεις
516 4867 651 4938 πρὸς
813 4871 1248 4940 Διεπορευόμην
1285 4871 1355 4926 ἐν
1399 4873 1618 4942 ἀκακία
1655 4875 1901 4943 καρδίας

323 4975 458 5027 μου,
486 4959 556 5012 ἐν
588 4958 756 5029 μέσῳ
791 4961 897 5014 τοῦ
925 4963 1096 5015 οἴκου
1125 4981 1264 5032 μου.
1299 4965 1381 5018 Οὐ
1418 4965 1753 5034 προεθέμην
1785 4966 1899 5035 πρὸ

327 5053 648 5121 ὀφθαλμῶν
675 5052 913 5123 πρᾶγμα
939 5054 1285 5125 παράνομον
1307 5074 1319 5087 ·
1363 5057 1684 5125 ποιοῦντας
1716 5075 1902 5128 παρα-

327 5145 531 5212 ϐάσεις
581 5147 867 5216 ἐμίσησα.
922 5150 986 5201 Οί
1036 5151 1133 5220 μὲν
1187 5150 1374 5206 πολλοὶ
1429 5151 1538 5206 τῶν
1597 5151 1900 5225 ἀνθρώπων

325 5236 782 5309 σχηματιζόμενοι
826 5240 965 5294 κατά
1009 5240 1109 5305 τὰς
1159 5242 1363 5314 ἀγορὰς
1402 5244 1588 5315 σεμνοὶ
1621 5245 1900 5315 φαίνονται

326 5329 419 5381 καὶ
447 5320 757 5393 ’ἐπιεικεῖςο
803 5329 862 5383 ἐν
909 5329 966 5385 δὲ
1013 5335 1136 5397 ταῖς
1188 5333 1395 5387 ἐαυτῶν
1438 5334 1672 5399 οἰκίαις,
1719 5335 1901 5388 οὐκέτι

328 5419 657 5489 κρύπτοντες
697 5423 790 5477 τὸν
839 5422 1047 5478 ἑαυτῶν
1092 5423 1310 5495 τρόπον,
1353 5424 1664 5496 ἐλέγχονται
1709 5425 1902 5495 φαῦλοί

327 5524 471 5573 τινες
496 5509 648 5575 ὄντες
666 5530 678 5542 ·
716 5513 827 5582 ἐγὼ
852 5513 930 5580 δὲ,
963 5515 1148 5586 φησὶν,
1181 5514 1250 5567 ἐν
1269 5515 1488 5582 ἀκακία
1515 5515 1760 5584 καρδίας
1781 5535 1901 5586 μου

325 5599 582 5670 ἐνμέσῳ
609 5604 715 5659 τοῦ
747 5605 919 5660 οἴκου
947 5623 1065 5676 μου
1088 5607 1440 5674 ἐπορεύθην,
1471 5607 1571 5660 οὑκ
1600 5606 1739 5678 ἔχων
1763 5607 1901 5662 ἔσω-

329 5690 422 5746 θεν
450 5695 515 5746 ἐκ
541 5694 640 5764 τῆς
670 5697 896 5769 καρδίας
931 5715 1031 5768 μου
1061 5697 1303 5762 ἐξιόντας
1329 5699 1710 5770 διαλογισμοὺς
1735 5717 1901 5771 πονη-

332 5783 478 5856 ρούς.
509 5786 776 5842 Οὐδέποτε
836 5788 966 5858 γοῦν
999 5789 1141 5846 κατὰ
1177 5791 1493 5863 προαίρεσίν
1535 5809 1587 5847 τι
1617 5791 1897 5864 ἥμαρτονο

2009 3321 2188 3376 ritatis
2211 3321 2355 3391 pleni
2387 3330 2536 3378 sunt.

2374 3475 2700 3533 PSALMUS
2738 3477 2868 3534 lPSl
2907 3480 3132 3536 DAVID.
3174 3483 3236 3540 C.

2083 3588 2245 3644 Vens.
2288 3590 2345 3654 2,
2395 3591 2448 3645 5.
2491 3589 2914 3646 Ηίδενὶοονάίαηι
2965 3604 3014 3648 et
3042 3594 3308 3664 judicium
3358 3600 3585 3659 cantabo

2009 3681 2124 3747 tibi,
2154 3681 2374 3736 Domine
2399 3683 2663 3750 :psallam
2703 3694 2752 3737 et
2793 3685 3082 3755 intelligam
3115 3687 3170 3740 in
3207 3689 3291 3740 uia
3325 3689 3583 3746 immacu-

2008 3775 2141 3841 lata,
2183 3773 2393 3844 quando
2431 3776 2600 3830 venies
2653 3775 2722 3828 ad
2760 3777 2878 3829 me?
2914 3774 2970 3829 ld
3002 3785 3106 3844 est,
3148 3780 3580 3840 misericordiam

2007 3873 2156 3922 tuam
2187 3869 2532 3938 etjudicium
2560 3877 2716 3924 tuum
2753 3871 3009 3936 cantabo,
3048 3872 3267 3928 modum
3297 3876 3581 3945 explicans

2006 3972 2116 4026 quo
2147 3957 2314 4022 soles,
2346 3973 2456 4013 non
2485 3958 2718 4033 primum
2752 3958 3026 4026 judicare,
3059 3960 3256 4018 deinde
3293 3963 3578 4033 misereri;

2007 4048 2102 4102 sed
2139 4049 2373 4116 primum
2399 4049 2669 4114 misereri,
2692 4032 2893 4120 postea
2919 4051 3194 4121 judicare,
3225 4069 3290 4108 ac
3317 4071 3440 4110 cum
3468 4058 3581 4113 cle-

2005 4141 2205 4195 mentia
2240 4152 2293 4197 et
2323 4142 2699 4197 misericordia
2733 4146 3060 4199 sententiam
3093 4145 3254 4204 ferre.
3273 4148 3455 4215 Quare
3481 4166 3580 4223 ego

2005 4232 2142 4302 ipse,
2185 4247 2310 4287 cum
2350 4235 2786 4291 misericordiam
2837 4248 2892 4294 et
2926 4240 3195 4309 judicium
3238 4258 3366 4315 erga
3403 4246 3580 4316 proxi-

2004 4341 2153 4379 mum
2203 4342 2511 4394 exerceam,
2559 4330 2734 4386 audeo
2768 4334 3031 4390 accedere
3063 4336 3131 4391 ad
3167 4339 3474 4392 canendum
3522 4345 3579 4394 et

2005 4419 2346 4489 psallendum
2381 4421 2500 4476 tibi.
2547 4421 2768 4480 Gnarus
2802 4425 2986 4496 itaque
3019 4442 3129 4497 quo
3169 4436 3330 4498 pacto
3362 4432 3417 4486 id
3453 4447 3577 4502 per-

2005 4524 2164 4578 agere
2192 4524 2330 4579 opus
2361 4511 2453 4576 sit,
2483 4511 2602 4567 vias
2647 4529 2796 4569 meas
2827 4514 3134 4586 inculpatas
3176 4524 3230 4574 et
3261 4518 3578 4576 immacula-

2004 4609 2086 4654 tas
2128 4600 2401 4666 custodio,
2443 4618 2766 4673 persuasum
2796 4604 3005 4662 habens
3029 4609 3131 4662 hoc
3169 4608 3334 4664 modo
3363 4625 3450 4667 me
3476 4611 3578 4668 tibi

2001 4691 2329 4761 placiturum
2364 4706 2459 4762 per
2492 4692 2634 4748 bona
2669 4709 2834 4764 opera
2864 4695 3166 4765 psallendo.
3201 4694 3262 4751 ln
3297 4706 3576 4767 posterum

2002 4785 2188 4854 igitur,
2231 4799 2264 4839 ο
2306 4783 2556 4849 Domine,
2597 4787 2664 4840 ad
2691 4803 2779 4843 me
2807 4789 3018 4853 venias,
3045 4796 3287 4859 paratam
3317 4791 3461 4860 apud
3489 4807 3578 4846 me

2002 4877 2342 4932 mansionem
2366 4883 2684 4948 reperturus
2708 4895 2722 4933 :
2752 4879 3192 4950 quandoquidem
3223 4884 3407 4936 omnia
3432 4883 3576 4952 apud

2002 4983 2088 5022 me
2117 4969 2255 5022 bona
2291 4981 2478 5038 parata
2520 4980 2669 5035 sunt,
2701 4980 3112 5042 exspectantem
3140 4973 3360 5043 quando
3393 4975 3576 5030 venies

2001 5061 2069 5114 ad
2104 5077 2208 5116 me.
2251 5061 2694 5117 Pet-ambulabant
2737 5065 2793 5118 in
2839 5065 3134 5119 innocentia
3171 5066 3347 5121 cordis
3381 5068 3481 5121 mei
3518 5067 3577 5122 in

2001 5153 2172 5207 medio
2227 5152 2412 5209 domus
2469 5171 2598 5210 mea:
2631 5171 2652 5210 .°
2680 5173 2784 5210 non
2823 5157 3178 5226 proponebam
3225 5167 3347 5212 ante
3395 5158 3574 5213 oculos

2001 5261 2107 5299 rem
2138 5246 2414 5316 injustam,
2447 5246 2700 5316 facientes
2721 5249 3182 5318 praevaricationes
3215 5249 3374 5306 odiui.
3403 5247 3577 5307 Pleri—

2001 5352 2108 5408 que
2135 5352 2202 5392 ex
2231 5337 2550 5393 hominibus
2575 5339 2834 5394 ementita
2857 5339 3040 5410 specie
3066 5340 3123 5394 in
3151 5338 3272 5395 foro
3290 5354 3484 5410 graves
3519 5350 3574 5396 et

2001 5429 2158 5499 probi
2183 5429 2438 5484 videntur
2459 5444 2619 5497 esse;
2653 5429 2798 5486 domi
2823 5446 2975 5494 vero,
3005 5447 3122 5510 non
3146 5432 3433 5489 occultatis
3456 5448 3575 5488 mo-

2002 5520 2177 5584 ribus,
2206 5519 2435 5587 improbi
2461 5533 2585 5574 esse
2630 5519 3134 5590 deprehenduntur.
3172 5520 3286 5593 Ego
3307 5537 3458 5588 vero,
3488 5524 3573 5578 in-

2003 5607 2140 5680 quit,
2173 5605 2533 5678 perambulavi
2564 5607 2620 5661 in
2643 5607 2943 5662 innocentia
2974 5607 3148 5663 cordis
3169 5611 3291 5671 mei,
3315 5609 3371 5662 in
3403 5609 3572 5664 medio

2001 5701 2188 5757 domus
2209 5716 2361 5763 mete,
2393 5699 2572 5755 nullas
2610 5699 2667 5754 in
2691 5716 2776 5756 me
2815 5701 3020 5756 habens
3062 5701 3424 5772 cogitationes
3455 5716 3572 5757 ma-

2005 5795 2084 5850 las
2117 5809 2183 5851 cx
2213 5791 2379 5851 corde
2415 5791 2762 5865 prodeuntes.
2791 5791 3079 5864 Nunquam
3105 5798 3248 5856 enim
3277 5807 3342 5851 ex
3373 5792 3568 5848 alIectu
