  <div class='ocr_page' id='page_1' title='image "/cluster/home/n/w/nwhite01/storage/ocr_20150623/23/nnc1.0046978313/647.png"; bbox 0 0 3992 6404; ppageno 0'>
   <div class='ocr_carea' id='block_1_1' title="bbox 453 393 594 451">
    <p class='ocr_par' dir='ltr' id='par_1_1' title="bbox 453 393 594 451">
     <span class='ocr_line' id='line_1_1' title="bbox 453 393 594 451; baseline 0.014 -2"><span class='ocrx_word' id='word_1_1' title='bbox 453 393 594 451; x_wconf 64' lang='lat' dir='ltr'><strong>{ﬂii</strong></span> 
     </span>
    </p>
   </div>
   <div class='ocr_carea' id='block_1_2' title="bbox 1194 387 3054 453">
    <p class='ocr_par' dir='ltr' id='par_1_2' title="bbox 1194 387 3054 453">
     <span class='ocr_line' id='line_1_2' title="bbox 1194 387 3054 453; baseline -0.004 -3"><span class='ocrx_word' id='word_1_2' title='bbox 1194 393 1465 453; x_wconf 83' lang='lat' dir='ltr'><strong>EUSEBII</strong></span> <span class='ocrx_word' id='word_1_3' title='bbox 1490 390 1969 451; x_wconf 61' lang='lat' dir='ltr'><strong>CAESARlENSlS</strong></span> <span class='ocrx_word' id='word_1_4' title='bbox 2003 389 2153 447; x_wconf 85' lang='lat' dir='ltr'><strong>OPP.</strong></span> <span class='ocrx_word' id='word_1_5' title='bbox 2189 389 2371 446; x_wconf 81' lang='lat' dir='ltr'><strong>PARS</strong></span> <span class='ocrx_word' id='word_1_6' title='bbox 2410 388 2496 446; x_wconf 83' lang='grc' dir='ltr'><strong>ΙΙΙ.</strong></span> <span class='ocrx_word' id='word_1_7' title='bbox 2537 421 2607 433; x_wconf 91' lang='grc'><strong><em>-</em></strong></span> <span class='ocrx_word' id='word_1_8' title='bbox 2642 387 3054 445; x_wconf 76' lang='lat' dir='ltr'><strong>EXEGETICA.</strong></span> 
     </span>
    </p>
   </div>
   <div class='ocr_carea' id='block_1_3' title="bbox 3582 382 3731 439">
    <p class='ocr_par' dir='ltr' id='par_1_3' title="bbox 3582 382 3731 439">
     <span class='ocr_line' id='line_1_3' title="bbox 3582 382 3731 439; baseline -0.013 0"><span class='ocrx_word' id='word_1_9' title='bbox 3582 382 3731 439; x_wconf 63' lang='grc' dir='ltr'>ιω</span> 
     </span>
    </p>
   </div>
   <div class='ocr_carea' id='block_1_4' title="bbox 454 500 2039 586">
    <p class='ocr_par' dir='ltr' id='par_1_4' title="bbox 454 511 2031 586">
     <span class='ocr_line' id='line_1_4' title="bbox 454 511 2031 586; baseline -0.004 -16"><span class='ocrx_word' id='word_1_10' title='bbox 454 513 749 584; x_wconf 86' lang='lat' dir='ltr'><strong>peccabam</strong></span> <span class='ocrx_word' id='word_1_11' title='bbox 778 534 792 569; x_wconf 91' lang='lat'>:</span> <span class='ocrx_word' id='word_1_12' title='bbox 818 514 912 571; x_wconf 87' lang='lat' dir='ltr'><strong>sed</strong></span> <span class='ocrx_word' id='word_1_13' title='bbox 952 514 1000 572; x_wconf 89' lang='lat' dir='ltr'><strong>si</strong></span> <span class='ocrx_word' id='word_1_14' title='bbox 1045 514 1179 586; x_wconf 91' lang='lat' dir='ltr'><strong>quid</strong></span> <span class='ocrx_word' id='word_1_15' title='bbox 1220 516 1356 570; x_wconf 90' lang='lat' dir='ltr'><strong>mihi</strong></span> <span class='ocrx_word' id='word_1_16' title='bbox 1390 515 1712 569; x_wconf 76' lang='lat' dir='ltr'><strong>humanitus</strong></span> <span class='ocrx_word' id='word_1_17' title='bbox 1744 511 2031 577; x_wconf 88' lang='lat' dir='ltr'><strong>acciderit,</strong></span> 
     </span>
    </p>
   </div>
   <div class='ocr_carea' id='block_1_5' title="bbox 2146 500 3727 586">
    <p class='ocr_par' dir='ltr' id='par_1_5' title="bbox 2146 500 3727 581">
     <span class='ocr_line' id='line_1_5' title="bbox 2146 500 3727 581; baseline -0.007 -19"><span class='ocrx_word' id='word_1_18' title='bbox 2146 510 2264 563; x_wconf 79' lang='grc' dir='ltr'>εἰδὲ</span> <span class='ocrx_word' id='word_1_19' title='bbox 2295 511 2389 564; x_wconf 85' lang='grc' dir='ltr'><strong>καί</strong></span> <span class='ocrx_word' id='word_1_20' title='bbox 2421 528 2475 563; x_wconf 90' lang='grc' dir='ltr'><strong>τι</strong></span> <span class='ocrx_word' id='word_1_21' title='bbox 2504 508 2703 581; x_wconf 74' lang='grc' dir='ltr'>συνέϐη</span> <span class='ocrx_word' id='word_1_22' title='bbox 2748 507 3108 577; x_wconf 80' lang='grc' dir='ltr'>ἀνθρώπινον,</span> <span class='ocrx_word' id='word_1_23' title='bbox 3149 502 3262 557; x_wconf 79' lang='grc' dir='ltr'>ἀλλ’</span> <span class='ocrx_word' id='word_1_24' title='bbox 3295 502 3356 555; x_wconf 85' lang='grc' dir='ltr'><strong>ού</strong></span> <span class='ocrx_word' id='word_1_25' title='bbox 3383 500 3727 572; x_wconf 81' lang='grc' dir='ltr'>προθεμένου</span> 
     </span>
    </p>
   </div>
   <div class='ocr_carea' id='block_1_6' title="bbox 454 606 1572 677">
    <p class='ocr_par' dir='ltr' id='par_1_6' title="bbox 454 606 1572 677">
     <span class='ocr_line' id='line_1_6' title="bbox 454 606 1572 677; baseline 0.004 -17"><span class='ocrx_word' id='word_1_26' title='bbox 454 606 510 661; x_wconf 88' lang='lat' dir='ltr'><strong>id</strong></span> <span class='ocrx_word' id='word_1_27' title='bbox 537 622 647 663; x_wconf 90' lang='lat' dir='ltr'><strong>non</strong></span> <span class='ocrx_word' id='word_1_28' title='bbox 670 623 737 663; x_wconf 82' lang='lat' dir='ltr'><strong>ex</strong></span> <span class='ocrx_word' id='word_1_29' title='bbox 764 609 1047 677; x_wconf 88' lang='lat' dir='ltr'><strong>proposito</strong></span> <span class='ocrx_word' id='word_1_30' title='bbox 1075 624 1198 664; x_wconf 86' lang='lat' dir='ltr'><strong>meo</strong></span> <span class='ocrx_word' id='word_1_31' title='bbox 1231 608 1437 663; x_wconf 79' lang='lat' dir='ltr'><strong>factum</strong></span> <span class='ocrx_word' id='word_1_32' title='bbox 1467 616 1572 664; x_wconf 90' lang='lat' dir='ltr'><strong>est.</strong></span> 
     </span>
    </p>
   </div>
   <div class='ocr_carea' id='block_1_7' title="bbox 526 698 2033 769">
    <p class='ocr_par' dir='ltr' id='par_1_7' title="bbox 526 698 2033 769">
     <span class='ocr_line' id='line_1_7' title="bbox 526 698 2033 769; baseline 0.002 -18"><span class='ocrx_word' id='word_1_33' title='bbox 526 698 691 753; x_wconf 77' lang='lat' dir='ltr'><strong>Vens.</strong></span> <span class='ocrx_word' id='word_1_34' title='bbox 730 701 784 754; x_wconf 75' lang='grc'><strong>4.</strong></span> <span class='ocrx_word' id='word_1_35' title='bbox 827 698 949 754; x_wconf 85' lang='lat' dir='ltr'><strong>Non</strong></span> <span class='ocrx_word' id='word_1_36' title='bbox 996 700 1221 755; x_wconf 61' lang='lat' dir='ltr'><strong>adiuerit</strong></span> <span class='ocrx_word' id='word_1_37' title='bbox 1259 700 1386 753; x_wconf 73' lang='lat' dir='ltr'><strong>mihi</strong></span> <span class='ocrx_word' id='word_1_38' title='bbox 1421 718 1511 754; x_wconf 87' lang='lat' dir='ltr'><strong>cor</strong></span> <span class='ocrx_word' id='word_1_39' title='bbox 1546 716 1788 769; x_wconf 70' lang='lat' dir='ltr'><strong>pravum.</strong></span> <span class='ocrx_word' id='word_1_40' title='bbox 1823 700 2033 755; x_wconf 90' lang='lat' dir='ltr'><strong>Diaboli</strong></span> 
     </span>
    </p>
   </div>
   <div class='ocr_carea' id='block_1_8' title="bbox 455 791 2033 864">
    <p class='ocr_par' dir='ltr' id='par_1_8' title="bbox 455 791 2033 864">
     <span class='ocr_line' id='line_1_8' title="bbox 455 791 2033 864; baseline 0.001 -18"><span class='ocrx_word' id='word_1_41' title='bbox 455 791 707 855; x_wconf 76' lang='lat' dir='ltr'><strong>consilia,</strong></span> <span class='ocrx_word' id='word_1_42' title='bbox 757 800 947 864; x_wconf 83' lang='lat' dir='ltr'><strong>utpote</strong></span> <span class='ocrx_word' id='word_1_43' title='bbox 972 808 1094 864; x_wconf 68' lang='lat' dir='ltr'><strong>qua:</strong></span> <span class='ocrx_word' id='word_1_44' title='bbox 1136 802 1347 849; x_wconf 83' lang='lat' dir='ltr'><strong>rectum</strong></span> <span class='ocrx_word' id='word_1_45' title='bbox 1396 793 1535 848; x_wconf 87' lang='lat' dir='ltr'><strong>nihil</strong></span> <span class='ocrx_word' id='word_1_46' title='bbox 1564 793 1822 858; x_wconf 91' lang='lat' dir='ltr'><strong>habeant,</strong></span> <span class='ocrx_word' id='word_1_47' title='bbox 1866 809 2033 864; x_wconf 90' lang='lat' dir='ltr'><strong>prava</strong></span> 
     </span>
    </p>
   </div>
   <div class='ocr_carea' id='block_1_9' title="bbox 456 883 2036 955">
    <p class='ocr_par' dir='ltr' id='par_1_9' title="bbox 456 883 2036 955">
     <span class='ocr_line' id='line_1_9' title="bbox 456 883 2036 955; baseline 0.003 -20"><span class='ocrx_word' id='word_1_48' title='bbox 456 897 589 937; x_wconf 85' lang='lat' dir='ltr'><strong>sane</strong></span> <span class='ocrx_word' id='word_1_49' title='bbox 610 893 663 937; x_wconf 88' lang='lat' dir='ltr'><strong>et</strong></span> <span class='ocrx_word' id='word_1_50' title='bbox 688 898 942 953; x_wconf 85' lang='lat' dir='ltr'><strong>perversa</strong></span> <span class='ocrx_word' id='word_1_51' title='bbox 967 893 1120 952; x_wconf 87' lang='lat' dir='ltr'><strong>sunt,</strong></span> <span class='ocrx_word' id='word_1_52' title='bbox 1160 900 1283 955; x_wconf 60' lang='lat' dir='ltr'><strong>quae</strong></span> <span class='ocrx_word' id='word_1_53' title='bbox 1312 900 1619 955; x_wconf 86' lang='lat' dir='ltr'><strong>nunquam,</strong></span> <span class='ocrx_word' id='word_1_54' title='bbox 1656 884 1755 947; x_wconf 92' lang='lat' dir='ltr'><strong>ait,</strong></span> <span class='ocrx_word' id='word_1_55' title='bbox 1794 884 1849 938; x_wconf 89' lang='lat' dir='ltr'><strong>in</strong></span> <span class='ocrx_word' id='word_1_56' title='bbox 1873 883 2036 940; x_wconf 89' lang='lat' dir='ltr'><strong>corde</strong></span> 
     </span>
    </p>
   </div>
   <div class='ocr_carea' id='block_1_10' title="bbox 457 975 2035 1048">
    <p class='ocr_par' dir='ltr' id='par_1_10' title="bbox 457 975 2035 1048">
     <span class='ocr_line' id='line_1_10' title="bbox 457 975 2035 1048; baseline 0.002 -21"><span class='ocrx_word' id='word_1_57' title='bbox 457 975 696 1029; x_wconf 86' lang='lat' dir='ltr'><strong>admisi:</strong></span> <span class='ocrx_word' id='word_1_58' title='bbox 727 992 932 1046; x_wconf 80' lang='lat' dir='ltr'><strong>gnarus</strong></span> <span class='ocrx_word' id='word_1_59' title='bbox 976 992 1129 1043; x_wconf 88' lang='lat' dir='ltr'><strong>vero,</strong></span> <span class='ocrx_word' id='word_1_60' title='bbox 1176 993 1303 1033; x_wconf 88' lang='lat' dir='ltr'><strong>eum</strong></span> <span class='ocrx_word' id='word_1_61' title='bbox 1351 979 1447 1048; x_wconf 85' lang='lat' dir='ltr'><strong>qui</strong></span> <span class='ocrx_word' id='word_1_62' title='bbox 1497 977 1736 1032; x_wconf 64' lang='lat' dir='ltr'><strong>adhaeret</strong></span> <span class='ocrx_word' id='word_1_63' title='bbox 1764 976 1916 1046; x_wconf 88' lang='lat' dir='ltr'><strong>justo</strong></span> <span class='ocrx_word' id='word_1_64' title='bbox 1944 977 2035 1046; x_wconf 88' lang='lat' dir='ltr'><strong>ju-</strong></span> 
     </span>
    </p>
   </div>
   <div class='ocr_carea' id='block_1_11' title="bbox 455 1067 2035 1141">
    <p class='ocr_par' dir='ltr' id='par_1_11' title="bbox 455 1067 2035 1141">
     <span class='ocr_line' id='line_1_11' title="bbox 455 1067 2035 1141; baseline 0.001 -18"><span class='ocrx_word' id='word_1_65' title='bbox 455 1076 601 1123; x_wconf 89' lang='lat' dir='ltr'><strong>stum</strong></span> <span class='ocrx_word' id='word_1_66' title='bbox 653 1067 791 1134; x_wconf 81' lang='lat' dir='ltr'><strong>fore,</strong></span> <span class='ocrx_word' id='word_1_67' title='bbox 824 1085 1040 1125; x_wconf 87' lang='lat' dir='ltr'><strong>omnem</strong></span> <span class='ocrx_word' id='word_1_68' title='bbox 1087 1087 1406 1141; x_wconf 86' lang='lat' dir='ltr'><strong>perversum</strong></span> <span class='ocrx_word' id='word_1_69' title='bbox 1462 1087 1549 1125; x_wconf 90' lang='lat' dir='ltr'><strong>me</strong></span> <span class='ocrx_word' id='word_1_70' title='bbox 1601 1072 1920 1141; x_wconf 80' lang='lat' dir='ltr'><strong>contingere</strong></span> <span class='ocrx_word' id='word_1_71' title='bbox 1970 1085 2035 1124; x_wconf 92' lang='lat' dir='ltr'><strong>ac</strong></span> 
     </span>
    </p>
   </div>
   <div class='ocr_carea' id='block_1_12' title="bbox 456 1160 2035 1217">
    <p class='ocr_par' dir='ltr' id='par_1_12' title="bbox 456 1160 2035 1217">
     <span class='ocr_line' id='line_1_12' title="bbox 456 1160 2035 1217; baseline 0.002 -6"><span class='ocrx_word' id='word_1_72' title='bbox 456 1160 588 1213; x_wconf 85' lang='lat' dir='ltr'><strong>mihi</strong></span> <span class='ocrx_word' id='word_1_73' title='bbox 628 1160 905 1215; x_wconf 66' lang='lat' dir='ltr'><strong>adhaarere</strong></span> <span class='ocrx_word' id='word_1_74' title='bbox 930 1162 1259 1217; x_wconf 90' lang='lat' dir='ltr'><strong>abnuebam.</strong></span> <span class='ocrx_word' id='word_1_75' title='bbox 1289 1161 1425 1216; x_wconf 76' lang='lat' dir='ltr'><strong>Nam</strong></span> <span class='ocrx_word' id='word_1_76' title='bbox 1470 1173 1677 1217; x_wconf 87' lang='lat' dir='ltr'><strong>rectum</strong></span> <span class='ocrx_word' id='word_1_77' title='bbox 1714 1176 1883 1216; x_wconf 89' lang='lat' dir='ltr'><strong>curvo</strong></span> <span class='ocrx_word' id='word_1_78' title='bbox 1909 1177 2035 1216; x_wconf 90' lang='lat' dir='ltr'><strong>coa-</strong></span> 
     </span>
    </p>
   </div>
   <div class='ocr_carea' id='block_1_13' title="bbox 455 1252 2036 1325">
    <p class='ocr_par' dir='ltr' id='par_1_13' title="bbox 455 1252 2036 1325">
     <span class='ocr_line' id='line_1_13' title="bbox 455 1252 2036 1325; baseline 0.003 -23"><span class='ocrx_word' id='word_1_79' title='bbox 455 1252 596 1318; x_wconf 85' lang='lat' dir='ltr'><strong>ptari</strong></span> <span class='ocrx_word' id='word_1_80' title='bbox 637 1253 849 1323; x_wconf 87' lang='lat' dir='ltr'><strong>nequit,</strong></span> <span class='ocrx_word' id='word_1_81' title='bbox 879 1262 1070 1324; x_wconf 84' lang='lat' dir='ltr'><strong>utpote</strong></span> <span class='ocrx_word' id='word_1_82' title='bbox 1099 1255 1246 1325; x_wconf 92' lang='lat' dir='ltr'><strong>quod</strong></span> <span class='ocrx_word' id='word_1_83' title='bbox 1266 1254 1540 1325; x_wconf 88' lang='lat' dir='ltr'><strong>quadrare</strong></span> <span class='ocrx_word' id='word_1_84' title='bbox 1576 1262 1831 1323; x_wconf 86' lang='lat' dir='ltr'><strong>nequeat.</strong></span> <span class='ocrx_word' id='word_1_85' title='bbox 1865 1254 2036 1308; x_wconf 75' lang='lat' dir='ltr'><strong>Decli-</strong></span> 
     </span>
    </p>
   </div>
   <div class='ocr_carea' id='block_1_14' title="bbox 456 1343 2031 1415">
    <p class='ocr_par' dir='ltr' id='par_1_14' title="bbox 456 1343 2031 1415">
     <span class='ocr_line' id='line_1_14' title="bbox 456 1343 2031 1415; baseline 0.003 -21"><span class='ocrx_word' id='word_1_86' title='bbox 456 1352 615 1395; x_wconf 84' lang='lat' dir='ltr'><strong>nante</strong></span> <span class='ocrx_word' id='word_1_87' title='bbox 645 1361 678 1395; x_wconf 92' lang='lat' dir='ltr'><strong>a</strong></span> <span class='ocrx_word' id='word_1_88' title='bbox 700 1360 781 1397; x_wconf 84' lang='lat' dir='ltr'><strong>me</strong></span> <span class='ocrx_word' id='word_1_89' title='bbox 803 1345 1036 1415; x_wconf 86' lang='lat' dir='ltr'><strong>maligno</strong></span> <span class='ocrx_word' id='word_1_90' title='bbox 1064 1364 1169 1400; x_wconf 84' lang='lat' dir='ltr'><strong>non</strong></span> <span class='ocrx_word' id='word_1_91' title='bbox 1188 1344 1583 1414; x_wconf 75' lang='lat' dir='ltr'><strong>cognoscebam.</strong></span> <span class='ocrx_word' id='word_1_92' title='bbox 1615 1343 1713 1398; x_wconf 84' lang='lat' dir='ltr'><strong>Vir</strong></span> <span class='ocrx_word' id='word_1_93' title='bbox 1736 1344 2031 1415; x_wconf 80' lang='lat' dir='ltr'><strong>perfectus,</strong></span> 
     </span>
    </p>
   </div>
   <div class='ocr_carea' id='block_1_15' title="bbox 455 1439 2035 1509">
    <p class='ocr_par' dir='ltr' id='par_1_15' title="bbox 455 1439 2035 1509">
     <span class='ocr_line' id='line_1_15' title="bbox 455 1439 2035 1509; baseline 0.001 -18"><span class='ocrx_word' id='word_1_94' title='bbox 455 1439 547 1507; x_wconf 86' lang='lat' dir='ltr'><strong>qui</strong></span> <span class='ocrx_word' id='word_1_95' title='bbox 575 1454 673 1492; x_wconf 91' lang='lat' dir='ltr'><strong>cor</strong></span> <span class='ocrx_word' id='word_1_96' title='bbox 711 1450 1029 1508; x_wconf 86' lang='lat' dir='ltr'><strong>perversum</strong></span> <span class='ocrx_word' id='word_1_97' title='bbox 1069 1456 1180 1495; x_wconf 91' lang='lat' dir='ltr'><strong>non</strong></span> <span class='ocrx_word' id='word_1_98' title='bbox 1222 1440 1384 1494; x_wconf 83' lang='lat' dir='ltr'><strong>habet</strong></span> <span class='ocrx_word' id='word_1_99' title='bbox 1416 1441 1471 1493; x_wconf 91' lang='lat' dir='ltr'><strong>in</strong></span> <span class='ocrx_word' id='word_1_100' title='bbox 1500 1440 1645 1509; x_wconf 87' lang='lat' dir='ltr'><strong>quod</strong></span> <span class='ocrx_word' id='word_1_101' title='bbox 1671 1440 1845 1509; x_wconf 86' lang='lat' dir='ltr'><strong>possit</strong></span> <span class='ocrx_word' id='word_1_102' title='bbox 1878 1441 2035 1494; x_wconf 88' lang='lat' dir='ltr'><strong>mali-</strong></span> 
     </span>
    </p>
   </div>
   <div class='ocr_carea' id='block_1_16' title="bbox 452 1532 2031 1603">
    <p class='ocr_par' dir='ltr' id='par_1_16' title="bbox 452 1532 2031 1603">
     <span class='ocr_line' id='line_1_16' title="bbox 452 1532 2031 1603; baseline 0.002 -20"><span class='ocrx_word' id='word_1_103' title='bbox 452 1545 596 1599; x_wconf 75' lang='lat' dir='ltr'><strong>gnus</strong></span> <span class='ocrx_word' id='word_1_104' title='bbox 624 1532 862 1601; x_wconf 89' lang='lat' dir='ltr'><strong>operari,</strong></span> <span class='ocrx_word' id='word_1_105' title='bbox 896 1532 1008 1586; x_wconf 89' lang='lat' dir='ltr'><strong>Deo</strong></span> <span class='ocrx_word' id='word_1_106' title='bbox 1048 1533 1327 1602; x_wconf 86' lang='lat' dir='ltr'><strong>repletur;</strong></span> <span class='ocrx_word' id='word_1_107' title='bbox 1358 1534 1431 1585; x_wconf 92' lang='lat' dir='ltr'><strong>ita</strong></span> <span class='ocrx_word' id='word_1_108' title='bbox 1464 1539 1524 1585; x_wconf 94' lang='lat' dir='ltr'><strong>ut</strong></span> <span class='ocrx_word' id='word_1_109' title='bbox 1575 1534 1870 1603; x_wconf 86' lang='lat' dir='ltr'><strong>malignus,</strong></span> <span class='ocrx_word' id='word_1_110' title='bbox 1907 1548 2031 1586; x_wconf 90' lang='lat' dir='ltr'><strong>cum</strong></span> 
     </span>
    </p>
   </div>
   <div class='ocr_carea' id='block_1_17' title="bbox 456 1621 2034 1691">
    <p class='ocr_par' dir='ltr' id='par_1_17' title="bbox 456 1621 2034 1691">
     <span class='ocr_line' id='line_1_17' title="bbox 456 1621 2034 1691; baseline 0.001 -16"><span class='ocrx_word' id='word_1_111' title='bbox 456 1623 635 1675; x_wconf 90' lang='lat' dir='ltr'><strong>locum</strong></span> <span class='ocrx_word' id='word_1_112' title='bbox 666 1623 809 1691; x_wconf 85' lang='lat' dir='ltr'><strong>apud</strong></span> <span class='ocrx_word' id='word_1_113' title='bbox 835 1638 960 1676; x_wconf 89' lang='lat' dir='ltr'><strong>eum</strong></span> <span class='ocrx_word' id='word_1_114' title='bbox 990 1636 1098 1676; x_wconf 92' lang='lat' dir='ltr'><strong>non</strong></span> <span class='ocrx_word' id='word_1_115' title='bbox 1144 1621 1401 1691; x_wconf 82' lang='lat' dir='ltr'><strong>reperiat,</strong></span> <span class='ocrx_word' id='word_1_116' title='bbox 1431 1621 1667 1676; x_wconf 88' lang='lat' dir='ltr'><strong>declinet</strong></span> <span class='ocrx_word' id='word_1_117' title='bbox 1696 1623 1765 1677; x_wconf 90' lang='lat' dir='ltr'><strong>ab</strong></span> <span class='ocrx_word' id='word_1_118' title='bbox 1789 1637 1855 1677; x_wconf 83' lang='lat' dir='ltr'><strong>eo</strong></span> <span class='ocrx_word' id='word_1_119' title='bbox 1888 1642 1905 1676; x_wconf 58' lang='grc' dir='ltr'><strong>ιι</strong></span> <span class='ocrx_word' id='word_1_120' title='bbox 1934 1623 2034 1677; x_wconf 76' lang='lat' dir='ltr'><strong>de-</strong></span> 
     </span>
    </p>
   </div>
   <div class='ocr_carea' id='block_1_18' title="bbox 454 1712 2033 1785">
    <p class='ocr_par' dir='ltr' id='par_1_18' title="bbox 454 1712 2033 1785">
     <span class='ocr_line' id='line_1_18' title="bbox 454 1712 2033 1785; baseline 0.001 -20"><span class='ocrx_word' id='word_1_121' title='bbox 454 1712 696 1767; x_wconf 89' lang='lat' dir='ltr'><strong>clinante</strong></span> <span class='ocrx_word' id='word_1_122' title='bbox 727 1722 909 1767; x_wconf 76' lang='lat' dir='ltr'><strong>autem</strong></span> <span class='ocrx_word' id='word_1_123' title='bbox 937 1714 1051 1777; x_wconf 85' lang='lat' dir='ltr'><strong>illo,</strong></span> <span class='ocrx_word' id='word_1_124' title='bbox 1085 1713 1283 1783; x_wconf 88' lang='lat' dir='ltr'><strong>inquit,</strong></span> <span class='ocrx_word' id='word_1_125' title='bbox 1313 1728 1425 1768; x_wconf 89' lang='lat' dir='ltr'><strong>non</strong></span> <span class='ocrx_word' id='word_1_126' title='bbox 1447 1714 1865 1783; x_wconf 76' lang='lat' dir='ltr'><strong>cognoscebam,</strong></span> <span class='ocrx_word' id='word_1_127' title='bbox 1904 1715 2033 1785; x_wconf 84' lang='lat' dir='ltr'><strong>quia</strong></span> 
     </span>
    </p>
   </div>
   <div class='ocr_carea' id='block_1_19' title="bbox 456 1804 2034 1875">
    <p class='ocr_par' dir='ltr' id='par_1_19' title="bbox 456 1804 2034 1875">
     <span class='ocr_line' id='line_1_19' title="bbox 456 1804 2034 1875; baseline 0.002 -18"><span class='ocrx_word' id='word_1_128' title='bbox 456 1804 759 1871; x_wconf 70' lang='lat' dir='ltr'><strong>przeseutiae</strong></span> <span class='ocrx_word' id='word_1_129' title='bbox 802 1804 922 1873; x_wconf 85' lang='lat' dir='ltr'><strong>ejus</strong></span> <span class='ocrx_word' id='word_1_130' title='bbox 956 1819 1120 1860; x_wconf 86' lang='lat' dir='ltr'><strong>sensu</strong></span> <span class='ocrx_word' id='word_1_131' title='bbox 1169 1804 1463 1859; x_wconf 86' lang='lat' dir='ltr'><strong>destitutus</strong></span> <span class='ocrx_word' id='word_1_132' title='bbox 1500 1820 1672 1871; x_wconf 90' lang='lat' dir='ltr'><strong>eram,</strong></span> <span class='ocrx_word' id='word_1_133' title='bbox 1705 1806 1797 1875; x_wconf 90' lang='lat' dir='ltr'><strong>qui</strong></span> <span class='ocrx_word' id='word_1_134' title='bbox 1830 1821 1931 1861; x_wconf 89' lang='lat' dir='ltr'><strong>nec</strong></span> <span class='ocrx_word' id='word_1_135' title='bbox 1967 1806 2034 1860; x_wconf 91' lang='lat' dir='ltr'><strong>de</strong></span> 
     </span>
    </p>
   </div>
   <div class='ocr_carea' id='block_1_20' title="bbox 456 1896 2039 1966">
    <p class='ocr_par' dir='ltr' id='par_1_20' title="bbox 456 1896 2039 1966">
     <span class='ocr_line' id='line_1_20' title="bbox 456 1896 2039 1966; baseline 0.003 -18"><span class='ocrx_word' id='word_1_136' title='bbox 456 1896 551 1949; x_wconf 93' lang='lat' dir='ltr'><strong>illo</strong></span> <span class='ocrx_word' id='word_1_137' title='bbox 582 1897 911 1966; x_wconf 80' lang='lat' dir='ltr'><strong>cogitabam,</strong></span> <span class='ocrx_word' id='word_1_138' title='bbox 956 1912 1059 1952; x_wconf 90' lang='lat' dir='ltr'><strong>nec</strong></span> <span class='ocrx_word' id='word_1_139' title='bbox 1105 1912 1245 1966; x_wconf 91' lang='lat' dir='ltr'><strong>opus</strong></span> <span class='ocrx_word' id='word_1_140' title='bbox 1293 1913 1418 1952; x_wconf 89' lang='lat' dir='ltr'><strong>cum</strong></span> <span class='ocrx_word' id='word_1_141' title='bbox 1454 1898 1547 1952; x_wconf 91' lang='lat' dir='ltr'><strong>illo</strong></span> <span class='ocrx_word' id='word_1_142' title='bbox 1589 1899 1879 1953; x_wconf 88' lang='lat' dir='ltr'><strong>habebam.</strong></span> <span class='ocrx_word' id='word_1_143' title='bbox 1912 1898 2039 1954; x_wconf 67' lang='lat' dir='ltr'><strong>Haec</strong></span> 
     </span>
    </p>
   </div>
   <div class='ocr_carea' id='block_1_21' title="bbox 458 1986 2039 2058">
    <p class='ocr_par' dir='ltr' id='par_1_21' title="bbox 458 1986 2039 2058">
     <span class='ocr_line' id='line_1_21' title="bbox 458 1986 2039 2058; baseline 0.002 -18"><span class='ocrx_word' id='word_1_144' title='bbox 458 2001 623 2056; x_wconf 90' lang='lat' dir='ltr'><strong>porro</strong></span> <span class='ocrx_word' id='word_1_145' title='bbox 668 1987 937 2057; x_wconf 81' lang='lat' dir='ltr'><strong>intelliges</strong></span> <span class='ocrx_word' id='word_1_146' title='bbox 969 2001 1187 2057; x_wconf 87' lang='lat' dir='ltr'><strong>quoque</strong></span> <span class='ocrx_word' id='word_1_147' title='bbox 1228 1986 1296 2041; x_wconf 90' lang='lat' dir='ltr'><strong>de</strong></span> <span class='ocrx_word' id='word_1_148' title='bbox 1343 1987 1567 2042; x_wconf 89' lang='lat' dir='ltr'><strong>homine</strong></span> <span class='ocrx_word' id='word_1_149' title='bbox 1607 1988 1867 2058; x_wconf 76' lang='lat' dir='ltr'><strong>maligno,</strong></span> <span class='ocrx_word' id='word_1_150' title='bbox 1911 1990 2039 2058; x_wconf 87' lang='lat' dir='ltr'><strong>quia</strong></span> 
     </span>
    </p>
   </div>
   <div class='ocr_carea' id='block_1_22' title="bbox 456 2078 2037 2149">
    <p class='ocr_par' dir='ltr' id='par_1_22' title="bbox 456 2078 2037 2149">
     <span class='ocr_line' id='line_1_22' title="bbox 456 2078 2037 2149; baseline 0.002 -16"><span class='ocrx_word' id='word_1_151' title='bbox 456 2094 559 2133; x_wconf 86' lang='lat' dir='ltr'><strong>nec</strong></span> <span class='ocrx_word' id='word_1_152' title='bbox 585 2093 711 2133; x_wconf 91' lang='lat' dir='ltr'><strong>cum</strong></span> <span class='ocrx_word' id='word_1_153' title='bbox 742 2078 1047 2143; x_wconf 87' lang='lat' dir='ltr'><strong>accederet,</strong></span> <span class='ocrx_word' id='word_1_154' title='bbox 1072 2094 1174 2133; x_wconf 91' lang='lat' dir='ltr'><strong>nec</strong></span> <span class='ocrx_word' id='word_1_155' title='bbox 1197 2095 1321 2133; x_wconf 92' lang='lat' dir='ltr'><strong>cum</strong></span> <span class='ocrx_word' id='word_1_156' title='bbox 1353 2079 1682 2143; x_wconf 86' lang='lat' dir='ltr'><strong>discederet,</strong></span> <span class='ocrx_word' id='word_1_157' title='bbox 1715 2081 2037 2149; x_wconf 82' lang='lat' dir='ltr'><strong>sentiebam,</strong></span> 
     </span>
    </p>
   </div>
   <div class='ocr_carea' id='block_1_23' title="bbox 458 2168 2041 2239">
    <p class='ocr_par' dir='ltr' id='par_1_23' title="bbox 458 2168 2041 2239">
     <span class='ocr_line' id='line_1_23' title="bbox 458 2168 2041 2239; baseline 0.003 -17"><span class='ocrx_word' id='word_1_158' title='bbox 458 2169 535 2222; x_wconf 93' lang='lat' dir='ltr'><strong>ita</strong></span> <span class='ocrx_word' id='word_1_159' title='bbox 567 2168 860 2239; x_wconf 79' lang='lat' dir='ltr'><strong>pestiferos</strong></span> <span class='ocrx_word' id='word_1_160' title='bbox 892 2169 1145 2224; x_wconf 86' lang='lat' dir='ltr'><strong>homines</strong></span> <span class='ocrx_word' id='word_1_161' title='bbox 1180 2169 1606 2239; x_wconf 90' lang='lat' dir='ltr'><strong>vilipendebam,</strong></span> <span class='ocrx_word' id='word_1_162' title='bbox 1642 2186 1705 2225; x_wconf 89' lang='lat' dir='ltr'><strong>ac</strong></span> <span class='ocrx_word' id='word_1_163' title='bbox 1738 2186 1845 2225; x_wconf 90' lang='lat' dir='ltr'><strong>non</strong></span> <span class='ocrx_word' id='word_1_164' title='bbox 1876 2186 2041 2227; x_wconf 89' lang='lat' dir='ltr'><strong>nosse</strong></span> 
     </span>
    </p>
   </div>
   <div class='ocr_carea' id='block_1_24' title="bbox 456 2261 2037 2331">
    <p class='ocr_par' dir='ltr' id='par_1_24' title="bbox 456 2261 2037 2331">
     <span class='ocr_line' id='line_1_24' title="bbox 456 2261 2037 2331; baseline 0 -14"><span class='ocrx_word' id='word_1_165' title='bbox 456 2261 781 2317; x_wconf 83' lang='lat' dir='ltr'><strong>simulabam</strong></span> <span class='ocrx_word' id='word_1_166' title='bbox 829 2281 841 2315; x_wconf 86' lang='lat'><strong>:</strong></span> <span class='ocrx_word' id='word_1_167' title='bbox 897 2276 998 2317; x_wconf 92' lang='lat' dir='ltr'><strong>nec</strong></span> <span class='ocrx_word' id='word_1_168' title='bbox 1057 2262 1203 2317; x_wconf 89' lang='lat' dir='ltr'><strong>enim</strong></span> <span class='ocrx_word' id='word_1_169' title='bbox 1268 2262 1535 2331; x_wconf 83' lang='lat' dir='ltr'><strong>dignabar</strong></span> <span class='ocrx_word' id='word_1_170' title='bbox 1588 2264 1800 2319; x_wconf 89' lang='lat' dir='ltr'><strong>amicus</strong></span> <span class='ocrx_word' id='word_1_171' title='bbox 1848 2279 2037 2318; x_wconf 90' lang='lat' dir='ltr'><strong>eorum</strong></span> 
     </span>
    </p>
   </div>
   <div class='ocr_carea' id='block_1_25' title="bbox 455 2350 2039 2423">
    <p class='ocr_par' dir='ltr' id='par_1_25' title="bbox 455 2350 2039 2423">
     <span class='ocr_line' id='line_1_25' title="bbox 455 2350 2039 2423; baseline 0.002 -16"><span class='ocrx_word' id='word_1_172' title='bbox 455 2366 600 2407; x_wconf 90' lang='lat' dir='ltr'><strong>esse.</strong></span> <span class='ocrx_word' id='word_1_173' title='bbox 628 2350 767 2406; x_wconf 87' lang='lat' dir='ltr'><strong>Num</strong></span> <span class='ocrx_word' id='word_1_174' title='bbox 800 2354 927 2422; x_wconf 90' lang='lat' dir='ltr'><strong>quia</strong></span> <span class='ocrx_word' id='word_1_175' title='bbox 956 2353 1226 2422; x_wconf 90' lang='lat' dir='ltr'><strong>superbus</strong></span> <span class='ocrx_word' id='word_1_176' title='bbox 1258 2353 1358 2407; x_wconf 88' lang='lat' dir='ltr'><strong>es?</strong></span> <span class='ocrx_word' id='word_1_177' title='bbox 1391 2351 1769 2423; x_wconf 84' lang='lat' dir='ltr'><strong>Nequaquam,</strong></span> <span class='ocrx_word' id='word_1_178' title='bbox 1803 2354 1917 2421; x_wconf 91' lang='lat' dir='ltr'><strong>ait;</strong></span> <span class='ocrx_word' id='word_1_179' title='bbox 1944 2356 2039 2410; x_wconf 88' lang='lat' dir='ltr'><strong>sed</strong></span> 
     </span>
    </p>
   </div>
   <div class='ocr_carea' id='block_1_26' title="bbox 457 2443 2041 2515">
    <p class='ocr_par' dir='ltr' id='par_1_26' title="bbox 457 2443 2041 2515">
     <span class='ocr_line' id='line_1_26' title="bbox 457 2443 2041 2515; baseline 0.001 -16"><span class='ocrx_word' id='word_1_180' title='bbox 457 2444 643 2499; x_wconf 80' lang='lat' dir='ltr'><strong>sciens</strong></span> <span class='ocrx_word' id='word_1_181' title='bbox 674 2445 827 2507; x_wconf 85' lang='lat' dir='ltr'><strong>illud,</strong></span> <span class='ocrx_word' id='word_1_182' title='bbox 854 2443 1209 2512; x_wconf 85' lang='lat' dir='ltr'><strong>Corrumpunt</strong></span> <span class='ocrx_word' id='word_1_183' title='bbox 1239 2460 1407 2497; x_wconf 79' lang='lat' dir='ltr'><strong>mores</strong></span> <span class='ocrx_word' id='word_1_184' title='bbox 1433 2443 1594 2498; x_wconf 80' lang='lat' dir='ltr'><strong>bonos</strong></span> <span class='ocrx_word' id='word_1_185' title='bbox 1622 2445 1888 2515; x_wconf 85' lang='lat' dir='ltr'><strong>colloquia</strong></span> <span class='ocrx_word' id='word_1_186' title='bbox 1920 2462 2041 2511; x_wconf 84' lang='lat' dir='ltr'><strong>pra-</strong></span> 
     </span>
    </p>
   </div>
   <div class='ocr_carea' id='block_1_27' title="bbox 457 2535 1674 2599">
    <p class='ocr_par' dir='ltr' id='par_1_27' title="bbox 457 2535 1674 2599">
     <span class='ocr_line' id='line_1_27' title="bbox 457 2535 1674 2599; baseline 0.002 -11"><span class='ocrx_word' id='word_1_187' title='bbox 457 2551 521 2589; x_wconf 82' lang='lat' dir='ltr'><strong>va</strong></span> <span class='ocrx_word' id='word_1_188' title='bbox 540 2535 584 2599; x_wconf 82' lang='grc'><strong>⁸,</strong></span> <span class='ocrx_word' id='word_1_189' title='bbox 621 2552 743 2590; x_wconf 90' lang='lat' dir='ltr'><strong>cum</strong></span> <span class='ocrx_word' id='word_1_190' title='bbox 775 2537 933 2590; x_wconf 79' lang='lat' dir='ltr'><strong>malis</strong></span> <span class='ocrx_word' id='word_1_191' title='bbox 960 2536 1278 2592; x_wconf 89' lang='lat' dir='ltr'><strong>societatem</strong></span> <span class='ocrx_word' id='word_1_192' title='bbox 1309 2552 1423 2591; x_wconf 91' lang='lat' dir='ltr'><strong>non</strong></span> <span class='ocrx_word' id='word_1_193' title='bbox 1447 2536 1674 2591; x_wconf 90' lang='lat' dir='ltr'><strong>inibam.</strong></span> 
     </span>
    </p>
   </div>
   <div class='ocr_carea' id='block_1_28' title="bbox 527 2707 2039 2782">
    <p class='ocr_par' dir='ltr' id='par_1_28' title="bbox 527 2707 2039 2782">
     <span class='ocr_line' id='line_1_28' title="bbox 527 2707 2039 2782; baseline 0.005 -20"><span class='ocrx_word' id='word_1_194' title='bbox 527 2707 694 2765; x_wconf 76' lang='lat' dir='ltr'><strong>Vens.</strong></span> <span class='ocrx_word' id='word_1_195' title='bbox 740 2711 793 2765; x_wconf 85' lang='lat'><strong>5.</strong></span> <span class='ocrx_word' id='word_1_196' title='bbox 835 2710 1202 2765; x_wconf 84' lang='lat' dir='ltr'><strong>Detrahentem</strong></span> <span class='ocrx_word' id='word_1_197' title='bbox 1247 2720 1442 2767; x_wconf 82' lang='lat' dir='ltr'><strong>secreto</strong></span> <span class='ocrx_word' id='word_1_198' title='bbox 1479 2714 1721 2782; x_wconf 73' lang='lat' dir='ltr'><strong>proximo</strong></span> <span class='ocrx_word' id='word_1_199' title='bbox 1755 2732 1871 2781; x_wconf 79' lang='lat' dir='ltr'><strong>suo,</strong></span> <span class='ocrx_word' id='word_1_200' title='bbox 1902 2717 2039 2770; x_wconf 82' lang='lat' dir='ltr'><strong>hunc</strong></span> 
     </span>
    </p>
   </div>
   <div class='ocr_carea' id='block_1_29' title="bbox 454 2800 2039 2879">
    <p class='ocr_par' dir='ltr' id='par_1_29' title="bbox 454 2800 2039 2879">
     <span class='ocr_line' id='line_1_29' title="bbox 454 2800 2039 2879; baseline 0.004 -24"><span class='ocrx_word' id='word_1_201' title='bbox 454 2800 821 2871; x_wconf 76' lang='lat' dir='ltr'><strong>persequebar.</strong></span> <span class='ocrx_word' id='word_1_202' title='bbox 851 2802 987 2856; x_wconf 91' lang='lat' dir='ltr'><strong>Cum</strong></span> <span class='ocrx_word' id='word_1_203' title='bbox 1019 2804 1316 2869; x_wconf 84' lang='lat' dir='ltr'><strong>hominem,</strong></span> <span class='ocrx_word' id='word_1_204' title='bbox 1357 2805 1555 2875; x_wconf 90' lang='lat' dir='ltr'><strong>inquit,</strong></span> <span class='ocrx_word' id='word_1_205' title='bbox 1604 2813 1718 2860; x_wconf 91' lang='lat' dir='ltr'><strong>tum</strong></span> <span class='ocrx_word' id='word_1_206' title='bbox 1760 2808 2039 2879; x_wconf 80' lang='lat' dir='ltr'><strong>cogitatio-</strong></span> 
     </span>
    </p>
   </div>
   <div class='ocr_carea' id='block_1_30' title="bbox 455 2894 2035 2970">
    <p class='ocr_par' dir='ltr' id='par_1_30' title="bbox 455 2894 2035 2970">
     <span class='ocr_line' id='line_1_30' title="bbox 455 2894 2035 2970; baseline 0.004 -22"><span class='ocrx_word' id='word_1_207' title='bbox 455 2910 581 2950; x_wconf 91' lang='lat' dir='ltr'><strong>nem</strong></span> <span class='ocrx_word' id='word_1_208' title='bbox 612 2894 746 2949; x_wconf 90' lang='lat' dir='ltr'><strong>mihi</strong></span> <span class='ocrx_word' id='word_1_209' title='bbox 787 2895 993 2966; x_wconf 89' lang='lat' dir='ltr'><strong>aliquid</strong></span> <span class='ocrx_word' id='word_1_210' title='bbox 1021 2896 1146 2949; x_wconf 86' lang='lat' dir='ltr'><strong>mali</strong></span> <span class='ocrx_word' id='word_1_211' title='bbox 1172 2906 1363 2951; x_wconf 88' lang='lat' dir='ltr'><strong>contra</strong></span> <span class='ocrx_word' id='word_1_212' title='bbox 1390 2899 1707 2968; x_wconf 87' lang='lat' dir='ltr'><strong>quempiam</strong></span> <span class='ocrx_word' id='word_1_213' title='bbox 1733 2915 2035 2970; x_wconf 81' lang='lat' dir='ltr'><strong>suggeren-</strong></span> 
     </span>
    </p>
   </div>
   <div class='ocr_carea' id='block_1_31' title="bbox 454 2986 2033 3069">
    <p class='ocr_par' dir='ltr' id='par_1_31' title="bbox 454 2986 2033 3069">
     <span class='ocr_line' id='line_1_31' title="bbox 454 2986 2033 3069; baseline 0.004 -30"><span class='ocrx_word' id='word_1_214' title='bbox 454 2992 590 3069; x_wconf 68' lang='lat' dir='ltr'><strong>tem,</strong></span> <span class='ocrx_word' id='word_1_215' title='bbox 614 3000 682 3040; x_wconf 79' lang='lat' dir='ltr'><strong>ex</strong></span> <span class='ocrx_word' id='word_1_216' title='bbox 711 2986 876 3040; x_wconf 91' lang='lat' dir='ltr'><strong>corde</strong></span> <span class='ocrx_word' id='word_1_217' title='bbox 906 2986 1173 3056; x_wconf 88' lang='lat' dir='ltr'><strong>pellebam</strong></span> <span class='ocrx_word' id='word_1_218' title='bbox 1203 2996 1263 3041; x_wconf 93' lang='lat' dir='ltr'><strong>ut</strong></span> <span class='ocrx_word' id='word_1_219' title='bbox 1286 3002 1478 3041; x_wconf 89' lang='lat' dir='ltr'><strong>canem</strong></span> <span class='ocrx_word' id='word_1_220' title='bbox 1506 2987 1649 3043; x_wconf 87' lang='lat' dir='ltr'><strong>clam</strong></span> <span class='ocrx_word' id='word_1_221' title='bbox 1667 2990 2033 3046; x_wconf 78' lang='lat' dir='ltr'><strong>mordentem.</strong></span> 
     </span>
    </p>
   </div>
   <div class='ocr_carea' id='block_1_32' title="bbox 454 3074 2037 3153">
    <p class='ocr_par' dir='ltr' id='par_1_32' title="bbox 454 3074 2037 3153">
     <span class='ocr_line' id='line_1_32' title="bbox 454 3074 2037 3153; baseline 0.006 -21"><span class='ocrx_word' id='word_1_222' title='bbox 454 3074 592 3132; x_wconf 81' lang='lat' dir='ltr'><strong>Nam</strong></span> <span class='ocrx_word' id='word_1_223' title='bbox 620 3079 701 3133; x_wconf 90' lang='lat' dir='ltr'><strong>vir</strong></span> <span class='ocrx_word' id='word_1_224' title='bbox 723 3079 952 3148; x_wconf 87' lang='lat' dir='ltr'><strong>probus,</strong></span> <span class='ocrx_word' id='word_1_225' title='bbox 985 3080 1076 3149; x_wconf 91' lang='lat' dir='ltr'><strong>qui</strong></span> <span class='ocrx_word' id='word_1_226' title='bbox 1114 3080 1169 3134; x_wconf 93' lang='lat' dir='ltr'><strong>in</strong></span> <span class='ocrx_word' id='word_1_227' title='bbox 1198 3080 1461 3137; x_wconf 84' lang='lat' dir='ltr'><strong>omnibus</strong></span> <span class='ocrx_word' id='word_1_228' title='bbox 1491 3082 1722 3137; x_wconf 84' lang='lat' dir='ltr'><strong>ﬁdenter</strong></span> <span class='ocrx_word' id='word_1_229' title='bbox 1760 3100 1922 3153; x_wconf 85' lang='lat' dir='ltr'><strong>agere</strong></span> <span class='ocrx_word' id='word_1_230' title='bbox 1954 3102 2037 3141; x_wconf 89' lang='lat' dir='ltr'><strong>so-</strong></span> 
     </span>
    </p>
   </div>
   <div class='ocr_carea' id='block_1_33' title="bbox 458 3170 2036 3243">
    <p class='ocr_par' dir='ltr' id='par_1_33' title="bbox 458 3170 2036 3243">
     <span class='ocr_line' id='line_1_33' title="bbox 458 3170 2036 3243; baseline 0.005 -19"><span class='ocrx_word' id='word_1_231' title='bbox 458 3171 551 3235; x_wconf 90' lang='lat' dir='ltr'><strong>let,</strong></span> <span class='ocrx_word' id='word_1_232' title='bbox 594 3170 739 3226; x_wconf 85' lang='lat' dir='ltr'><strong>sicut</strong></span> <span class='ocrx_word' id='word_1_233' title='bbox 763 3186 827 3225; x_wconf 88' lang='lat' dir='ltr'><strong>ea</strong></span> <span class='ocrx_word' id='word_1_234' title='bbox 862 3186 983 3240; x_wconf 67' lang='lat' dir='ltr'><strong>qua:</strong></span> <span class='ocrx_word' id='word_1_235' title='bbox 1013 3172 1153 3226; x_wconf 91' lang='lat' dir='ltr'><strong>clam</strong></span> <span class='ocrx_word' id='word_1_236' title='bbox 1187 3179 1447 3242; x_wconf 78' lang='lat' dir='ltr'><strong>aguntur,</strong></span> <span class='ocrx_word' id='word_1_237' title='bbox 1488 3182 1675 3243; x_wconf 87' lang='lat' dir='ltr'><strong>utpote</strong></span> <span class='ocrx_word' id='word_1_238' title='bbox 1706 3175 2036 3232; x_wconf 82' lang='lat' dir='ltr'><strong>confusione</strong></span> 
     </span>
    </p>
   </div>
   <div class='ocr_carea' id='block_1_34' title="bbox 457 3260 2037 3337">
    <p class='ocr_par' dir='ltr' id='par_1_34' title="bbox 457 3260 2037 3337">
     <span class='ocr_line' id='line_1_34' title="bbox 457 3260 2037 3337; baseline 0.005 -22"><span class='ocrx_word' id='word_1_239' title='bbox 457 3260 642 3330; x_wconf 75' lang='lat' dir='ltr'><strong>digna,</strong></span> <span class='ocrx_word' id='word_1_240' title='bbox 675 3270 988 3329; x_wconf 84' lang='lat' dir='ltr'><strong>aversatur;</strong></span> <span class='ocrx_word' id='word_1_241' title='bbox 1036 3262 1111 3316; x_wconf 80' lang='lat' dir='ltr'><strong>ita</strong></span> <span class='ocrx_word' id='word_1_242' title='bbox 1146 3270 1359 3319; x_wconf 88' lang='lat' dir='ltr'><strong>secreto</strong></span> <span class='ocrx_word' id='word_1_243' title='bbox 1389 3272 1582 3319; x_wconf 90' lang='lat' dir='ltr'><strong>contra</strong></span> <span class='ocrx_word' id='word_1_244' title='bbox 1617 3268 1927 3337; x_wconf 86' lang='lat' dir='ltr'><strong>quempiam</strong></span> <span class='ocrx_word' id='word_1_245' title='bbox 1951 3271 2037 3323; x_wconf 85' lang='lat' dir='ltr'><strong>vel</strong></span> 
     </span>
    </p>
   </div>
   <div class='ocr_carea' id='block_1_35' title="bbox 458 3352 2040 3423">
    <p class='ocr_par' dir='ltr' id='par_1_35' title="bbox 458 3352 2040 3423">
     <span class='ocr_line' id='line_1_35' title="bbox 458 3352 2040 3423; baseline 0.004 -16"><span class='ocrx_word' id='word_1_246' title='bbox 458 3352 641 3409; x_wconf 90' lang='lat' dir='ltr'><strong>dicere</strong></span> <span class='ocrx_word' id='word_1_247' title='bbox 671 3354 875 3423; x_wconf 92' lang='lat' dir='ltr'><strong>aliquid</strong></span> <span class='ocrx_word' id='word_1_248' title='bbox 902 3354 986 3409; x_wconf 86' lang='lat' dir='ltr'><strong>vel</strong></span> <span class='ocrx_word' id='word_1_249' title='bbox 1024 3354 1215 3410; x_wconf 87' lang='lat' dir='ltr'><strong>audire</strong></span> <span class='ocrx_word' id='word_1_250' title='bbox 1242 3370 1353 3409; x_wconf 92' lang='lat' dir='ltr'><strong>non</strong></span> <span class='ocrx_word' id='word_1_251' title='bbox 1387 3358 1621 3412; x_wconf 90' lang='lat' dir='ltr'><strong>sustinet</strong></span> <span class='ocrx_word' id='word_1_252' title='bbox 1649 3376 1662 3412; x_wconf 91' lang='lat'>:</span> <span class='ocrx_word' id='word_1_253' title='bbox 1697 3374 1820 3412; x_wconf 88' lang='lat' dir='ltr'><strong>nam</strong></span> <span class='ocrx_word' id='word_1_254' title='bbox 1854 3361 1907 3413; x_wconf 93' lang='lat' dir='ltr'><strong>id</strong></span> <span class='ocrx_word' id='word_1_255' title='bbox 1943 3360 2040 3414; x_wconf 86' lang='lat' dir='ltr'><strong>im-</strong></span> 
     </span>
    </p>
   </div>
   <div class='ocr_carea' id='block_1_36' title="bbox 461 3443 2037 3520">
    <p class='ocr_par' dir='ltr' id='par_1_36' title="bbox 461 3443 2037 3520">
     <span class='ocr_line' id='line_1_36' title="bbox 461 3443 2037 3520; baseline 0.008 -24"><span class='ocrx_word' id='word_1_256' title='bbox 461 3443 615 3515; x_wconf 88' lang='lat' dir='ltr'><strong>probi</strong></span> <span class='ocrx_word' id='word_1_257' title='bbox 646 3452 702 3499; x_wconf 88' lang='lat' dir='ltr'><strong>et</strong></span> <span class='ocrx_word' id='word_1_258' title='bbox 728 3444 1008 3501; x_wconf 88' lang='lat' dir='ltr'><strong>illiberalis</strong></span> <span class='ocrx_word' id='word_1_259' title='bbox 1038 3455 1184 3502; x_wconf 88' lang='lat' dir='ltr'><strong>esset</strong></span> <span class='ocrx_word' id='word_1_260' title='bbox 1213 3465 1227 3502; x_wconf 88' lang='lat'><strong>:</strong></span> <span class='ocrx_word' id='word_1_261' title='bbox 1257 3462 1357 3504; x_wconf 89' lang='lat' dir='ltr'><strong>nec</strong></span> <span class='ocrx_word' id='word_1_262' title='bbox 1376 3448 1647 3518; x_wconf 88' lang='lat' dir='ltr'><strong>ejusmodi</strong></span> <span class='ocrx_word' id='word_1_263' title='bbox 1672 3465 1759 3505; x_wconf 89' lang='lat' dir='ltr'><strong>res</strong></span> <span class='ocrx_word' id='word_1_264' title='bbox 1792 3452 2037 3520; x_wconf 90' lang='lat' dir='ltr'><strong>periculo</strong></span> 
     </span>
    </p>
   </div>
   <div class='ocr_carea' id='block_1_37' title="bbox 461 3538 2039 3613">
    <p class='ocr_par' dir='ltr' id='par_1_37' title="bbox 461 3538 2039 3613">
     <span class='ocr_line' id='line_1_37' title="bbox 461 3538 2039 3613; baseline 0.007 -22"><span class='ocrx_word' id='word_1_265' title='bbox 461 3544 639 3602; x_wconf 88' lang='lat' dir='ltr'><strong>vacat,</strong></span> <span class='ocrx_word' id='word_1_266' title='bbox 672 3554 796 3593; x_wconf 92' lang='lat' dir='ltr'><strong>cum</strong></span> <span class='ocrx_word' id='word_1_267' title='bbox 830 3538 1114 3607; x_wconf 89' lang='lat' dir='ltr'><strong>Scriptura</strong></span> <span class='ocrx_word' id='word_1_268' title='bbox 1148 3539 1335 3595; x_wconf 89' lang='lat' dir='ltr'><strong>dicat:</strong></span> <span class='ocrx_word' id='word_1_269' title='bbox 1366 3539 1448 3595; x_wconf 76' lang='lat' dir='ltr'><strong>Ille</strong></span> <span class='ocrx_word' id='word_1_270' title='bbox 1470 3559 1613 3597; x_wconf 81' lang='lat' dir='ltr'><strong>ames</strong></span> <span class='ocrx_word' id='word_1_271' title='bbox 1645 3546 1941 3613; x_wconf 74' lang='lat' dir='ltr'><strong>detrahere,</strong></span> <span class='ocrx_word' id='word_1_272' title='bbox 1977 3564 2039 3601; x_wconf 86' lang='lat' dir='ltr'><strong>ne</strong></span> 
     </span>
    </p>
   </div>
   <div class='ocr_carea' id='block_1_38' title="bbox 458 3628 2035 3707">
    <p class='ocr_par' dir='ltr' id='par_1_38' title="bbox 458 3628 2035 3707">
     <span class='ocr_line' id='line_1_38' title="bbox 458 3628 2035 3707; baseline 0.007 -24"><span class='ocrx_word' id='word_1_273' title='bbox 458 3628 523 3684; x_wconf 82' lang='lat' dir='ltr'><strong>de</strong></span> <span class='ocrx_word' id='word_1_274' title='bbox 575 3630 743 3685; x_wconf 85' lang='lat' dir='ltr'><strong>medio</strong></span> <span class='ocrx_word' id='word_1_275' title='bbox 793 3631 1079 3697; x_wconf 76' lang='lat' dir='ltr'><strong>loliaris&#39;;</strong></span> <span class='ocrx_word' id='word_1_276' title='bbox 1114 3642 1189 3697; x_wconf 87' lang='lat' dir='ltr'><strong>et,</strong></span> <span class='ocrx_word' id='word_1_277' title='bbox 1240 3632 1422 3689; x_wconf 81' lang='lat' dir='ltr'><strong>Nolite</strong></span> <span class='ocrx_word' id='word_1_278' title='bbox 1468 3635 1744 3691; x_wconf 81' lang='lat' dir='ltr'><strong>detrahere</strong></span> <span class='ocrx_word' id='word_1_279' title='bbox 1791 3640 2035 3707; x_wconf 76' lang='lat' dir='ltr'><strong>invicem,</strong></span> 
     </span>
    </p>
   </div>
   <div class='ocr_carea' id='block_1_39' title="bbox 460 3723 2038 3796">
    <p class='ocr_par' dir='ltr' id='par_1_39' title="bbox 460 3723 2038 3796">
     <span class='ocr_line' id='line_1_39' title="bbox 460 3723 2038 3796; baseline 0.009 -21"><span class='ocrx_word' id='word_1_280' title='bbox 460 3723 676 3791; x_wconf 73' lang='lat' dir='ltr'><strong>fratres,</strong></span> <span class='ocrx_word' id='word_1_281' title='bbox 719 3741 783 3779; x_wconf 85' lang='lat' dir='ltr'><strong>ne</strong></span> <span class='ocrx_word' id='word_1_282' title='bbox 811 3724 907 3779; x_wconf 75' lang='lat' dir='ltr'><strong>sub</strong></span> <span class='ocrx_word' id='word_1_283' title='bbox 932 3725 1196 3794; x_wconf 82' lang='lat' dir='ltr'><strong>judicium</strong></span> <span class='ocrx_word' id='word_1_284' title='bbox 1238 3727 1446 3782; x_wconf 79' lang='lat' dir='ltr'><strong>cadatis</strong></span> <span class='ocrx_word' id='word_1_285' title='bbox 1468 3730 1533 3786; x_wconf 84' lang='grc'><strong>¹⁰.</strong></span> <span class='ocrx_word' id='word_1_286' title='bbox 1572 3729 1715 3796; x_wconf 87' lang='lat' dir='ltr'><strong>Quid</strong></span> <span class='ocrx_word' id='word_1_287' title='bbox 1745 3732 1817 3786; x_wconf 88' lang='lat' dir='ltr'><strong>sit</strong></span> <span class='ocrx_word' id='word_1_288' title='bbox 1850 3734 2038 3789; x_wconf 89' lang='lat' dir='ltr'><strong>detra-</strong></span> 
     </span>
    </p>
   </div>
   <div class='ocr_carea' id='block_1_40' title="bbox 460 3816 2041 3893">
    <p class='ocr_par' dir='ltr' id='par_1_40' title="bbox 460 3816 2041 3893">
     <span class='ocr_line' id='line_1_40' title="bbox 460 3816 2041 3893; baseline 0.008 -22"><span class='ocrx_word' id='word_1_289' title='bbox 460 3816 784 3886; x_wconf 87' lang='lat' dir='ltr'><strong>here,quasi</strong></span> <span class='ocrx_word' id='word_1_290' title='bbox 810 3820 1058 3888; x_wconf 81' lang='lat' dir='ltr'><strong>exemplo</strong></span> <span class='ocrx_word' id='word_1_291' title='bbox 1075 3820 1465 3875; x_wconf 86' lang='lat' dir='ltr'><strong>declarandum</strong></span> <span class='ocrx_word' id='word_1_292' title='bbox 1488 3830 1601 3878; x_wconf 91' lang='lat' dir='ltr'><strong>est:</strong></span> <span class='ocrx_word' id='word_1_293' title='bbox 1631 3838 1741 3878; x_wconf 93' lang='lat' dir='ltr'><strong>non</strong></span> <span class='ocrx_word' id='word_1_294' title='bbox 1773 3826 1946 3893; x_wconf 89' lang='lat' dir='ltr'><strong>enim,</strong></span> <span class='ocrx_word' id='word_1_295' title='bbox 1974 3828 2041 3883; x_wconf 91' lang='lat' dir='ltr'><strong>de</strong></span> 
     </span>
    </p>
   </div>
   <div class='ocr_carea' id='block_1_41' title="bbox 461 3908 2041 3981">
    <p class='ocr_par' dir='ltr' id='par_1_41' title="bbox 461 3908 2041 3981">
     <span class='ocr_line' id='line_1_41' title="bbox 461 3908 2041 3981; baseline 0.006 -19"><span class='ocrx_word' id='word_1_296' title='bbox 461 3908 647 3978; x_wconf 75' lang='lat' dir='ltr'><strong>aliquo</strong></span> <span class='ocrx_word' id='word_1_297' title='bbox 671 3908 813 3963; x_wconf 87' lang='lat' dir='ltr'><strong>clam</strong></span> <span class='ocrx_word' id='word_1_298' title='bbox 843 3909 1065 3979; x_wconf 90' lang='lat' dir='ltr'><strong>obloqui</strong></span> <span class='ocrx_word' id='word_1_299' title='bbox 1104 3926 1325 3981; x_wconf 87' lang='lat' dir='ltr'><strong>quoque</strong></span> <span class='ocrx_word' id='word_1_300' title='bbox 1352 3913 1538 3981; x_wconf 87' lang='lat' dir='ltr'><strong>modo,</strong></span> <span class='ocrx_word' id='word_1_301' title='bbox 1578 3914 1715 3970; x_wconf 90' lang='lat' dir='ltr'><strong>illud</strong></span> <span class='ocrx_word' id='word_1_302' title='bbox 1744 3923 1830 3973; x_wconf 89' lang='lat' dir='ltr'><strong>est</strong></span> <span class='ocrx_word' id='word_1_303' title='bbox 1853 3916 2041 3973; x_wconf 87' lang='lat' dir='ltr'><strong>detra-</strong></span> 
     </span>
    </p>
   </div>
   <div class='ocr_carea' id='block_1_42' title="bbox 463 3997 2043 4073">
    <p class='ocr_par' dir='ltr' id='par_1_42' title="bbox 463 3997 2043 4073">
     <span class='ocr_line' id='line_1_42' title="bbox 463 3997 2043 4073; baseline 0.005 -18"><span class='ocrx_word' id='word_1_304' title='bbox 463 3999 615 4055; x_wconf 86' lang='lat' dir='ltr'><strong>here.</strong></span> <span class='ocrx_word' id='word_1_305' title='bbox 643 3997 968 4069; x_wconf 86' lang='lat' dir='ltr'><strong>Plerumque</strong></span> <span class='ocrx_word' id='word_1_306' title='bbox 1003 4000 1149 4055; x_wconf 90' lang='lat' dir='ltr'><strong>enim</strong></span> <span class='ocrx_word' id='word_1_307' title='bbox 1179 4000 1247 4057; x_wconf 87' lang='lat' dir='ltr'><strong>de</strong></span> <span class='ocrx_word' id='word_1_308' title='bbox 1270 4002 1458 4073; x_wconf 86' lang='lat' dir='ltr'><strong>aliquo</strong></span> <span class='ocrx_word' id='word_1_309' title='bbox 1486 4014 1621 4058; x_wconf 91' lang='lat' dir='ltr'><strong>tunc</strong></span> <span class='ocrx_word' id='word_1_310' title='bbox 1648 4006 1879 4062; x_wconf 90' lang='lat' dir='ltr'><strong>absente</strong></span> <span class='ocrx_word' id='word_1_311' title='bbox 1900 4009 2043 4063; x_wconf 86' lang='lat' dir='ltr'><strong>male</strong></span> 
     </span>
    </p>
   </div>
   <div class='ocr_carea' id='block_1_43' title="bbox 463 4092 2043 4169">
    <p class='ocr_par' dir='ltr' id='par_1_43' title="bbox 463 4092 2043 4169">
     <span class='ocr_line' id='line_1_43' title="bbox 463 4092 2043 4169; baseline 0.008 -23"><span class='ocrx_word' id='word_1_312' title='bbox 463 4092 763 4160; x_wconf 87' lang='lat' dir='ltr'><strong>loquimur,</strong></span> <span class='ocrx_word' id='word_1_313' title='bbox 804 4106 916 4145; x_wconf 91' lang='lat' dir='ltr'><strong>non</strong></span> <span class='ocrx_word' id='word_1_314' title='bbox 966 4092 1111 4162; x_wconf 90' lang='lat' dir='ltr'><strong>quod</strong></span> <span class='ocrx_word' id='word_1_315' title='bbox 1166 4092 1458 4151; x_wconf 88' lang='lat' dir='ltr'><strong>detrahere</strong></span> <span class='ocrx_word' id='word_1_316' title='bbox 1502 4096 1607 4167; x_wconf 88' lang='lat' dir='ltr'><strong>ipsi</strong></span> <span class='ocrx_word' id='word_1_317' title='bbox 1640 4099 1911 4169; x_wconf 89' lang='lat' dir='ltr'><strong>velimus,</strong></span> <span class='ocrx_word' id='word_1_318' title='bbox 1945 4104 2043 4158; x_wconf 86' lang='lat' dir='ltr'><strong>sed</strong></span> 
     </span>
    </p>
   </div>
   <div class='ocr_carea' id='block_1_44' title="bbox 461 4183 2044 4261">
    <p class='ocr_par' dir='ltr' id='par_1_44' title="bbox 461 4183 2044 4261">
     <span class='ocr_line' id='line_1_44' title="bbox 461 4183 2044 4261; baseline 0.006 -22"><span class='ocrx_word' id='word_1_319' title='bbox 461 4183 711 4239; x_wconf 90' lang='lat' dir='ltr'><strong>dolentes</strong></span> <span class='ocrx_word' id='word_1_320' title='bbox 739 4183 886 4253; x_wconf 90' lang='lat' dir='ltr'><strong>quod</strong></span> <span class='ocrx_word' id='word_1_321' title='bbox 920 4184 969 4239; x_wconf 91' lang='lat' dir='ltr'><strong>is</strong></span> <span class='ocrx_word' id='word_1_322' title='bbox 1004 4183 1241 4240; x_wconf 80' lang='lat' dir='ltr'><strong>fortasse</strong></span> <span class='ocrx_word' id='word_1_323' title='bbox 1270 4186 1555 4257; x_wconf 90' lang='lat' dir='ltr'><strong>improbus</strong></span> <span class='ocrx_word' id='word_1_324' title='bbox 1590 4190 1704 4245; x_wconf 88' lang='lat' dir='ltr'><strong>sit:</strong></span> <span class='ocrx_word' id='word_1_325' title='bbox 1730 4199 1894 4261; x_wconf 90' lang='lat' dir='ltr'><strong>atque</strong></span> <span class='ocrx_word' id='word_1_326' title='bbox 1928 4193 2044 4249; x_wconf 66' lang='lat' dir='ltr'><strong>haec</strong></span> 
     </span>
    </p>
   </div>
   <div class='ocr_carea' id='block_1_45' title="bbox 464 4276 2043 4350">
    <p class='ocr_par' dir='ltr' id='par_1_45' title="bbox 464 4276 2043 4350">
     <span class='ocr_line' id='line_1_45' title="bbox 464 4276 2043 4350; baseline 0.005 -19"><span class='ocrx_word' id='word_1_327' title='bbox 464 4290 690 4331; x_wconf 89' lang='lat' dir='ltr'><strong>narrare</strong></span> <span class='ocrx_word' id='word_1_328' title='bbox 720 4276 1005 4331; x_wconf 90' lang='lat' dir='ltr'><strong>studemus</strong></span> <span class='ocrx_word' id='word_1_329' title='bbox 1030 4276 1119 4339; x_wconf 90' lang='lat' dir='ltr'><strong>iis,</strong></span> <span class='ocrx_word' id='word_1_330' title='bbox 1150 4278 1245 4347; x_wconf 91' lang='lat' dir='ltr'><strong>qui</strong></span> <span class='ocrx_word' id='word_1_331' title='bbox 1279 4279 1508 4349; x_wconf 90' lang='lat' dir='ltr'><strong>perinde</strong></span> <span class='ocrx_word' id='word_1_332' title='bbox 1539 4289 1704 4350; x_wconf 89' lang='lat' dir='ltr'><strong>atque</strong></span> <span class='ocrx_word' id='word_1_333' title='bbox 1732 4298 1834 4337; x_wconf 92' lang='lat' dir='ltr'><strong>uos</strong></span> <span class='ocrx_word' id='word_1_334' title='bbox 1864 4298 1930 4339; x_wconf 84' lang='lat' dir='ltr'><strong>ex</strong></span> <span class='ocrx_word' id='word_1_335' title='bbox 1957 4285 2043 4338; x_wconf 85' lang='lat' dir='ltr'><strong>di-</strong></span> 
     </span>
    </p>
   </div>
   <div class='ocr_carea' id='block_1_46' title="bbox 465 4364 2043 4441">
    <p class='ocr_par' dir='ltr' id='par_1_46' title="bbox 465 4364 2043 4441">
     <span class='ocr_line' id='line_1_46' title="bbox 465 4364 2043 4441; baseline 0.004 -20"><span class='ocrx_word' id='word_1_336' title='bbox 465 4366 718 4421; x_wconf 89' lang='lat' dir='ltr'><strong>lectionis</strong></span> <span class='ocrx_word' id='word_1_337' title='bbox 752 4364 951 4420; x_wconf 72' lang='lat' dir='ltr'><strong>all‘ectu</strong></span> <span class='ocrx_word' id='word_1_338' title='bbox 985 4366 1052 4421; x_wconf 88' lang='lat' dir='ltr'><strong>de</strong></span> <span class='ocrx_word' id='word_1_339' title='bbox 1075 4367 1167 4421; x_wconf 91' lang='lat' dir='ltr'><strong>illo</strong></span> <span class='ocrx_word' id='word_1_340' title='bbox 1196 4377 1393 4423; x_wconf 89' lang='lat' dir='ltr'><strong>curant</strong></span> <span class='ocrx_word' id='word_1_341' title='bbox 1415 4377 1469 4425; x_wconf 89' lang='lat' dir='ltr'><strong>et</strong></span> <span class='ocrx_word' id='word_1_342' title='bbox 1506 4372 1728 4425; x_wconf 88' lang='lat' dir='ltr'><strong>solliciti</strong></span> <span class='ocrx_word' id='word_1_343' title='bbox 1758 4381 1906 4428; x_wconf 90' lang='lat' dir='ltr'><strong>sunt.</strong></span> <span class='ocrx_word' id='word_1_344' title='bbox 1939 4374 2043 4441; x_wconf 90' lang='lat' dir='ltr'><strong>Qui</strong></span> 
     </span>
    </p>
   </div>
   <div class='ocr_carea' id='block_1_47' title="bbox 468 4458 2042 4536">
    <p class='ocr_par' dir='ltr' id='par_1_47' title="bbox 468 4458 2042 4536">
     <span class='ocr_line' id='line_1_47' title="bbox 468 4458 2042 4536; baseline 0.004 -23"><span class='ocrx_word' id='word_1_345' title='bbox 468 4459 634 4529; x_wconf 75' lang='lat' dir='ltr'><strong>igitur</strong></span> <span class='ocrx_word' id='word_1_346' title='bbox 679 4458 759 4513; x_wconf 76' lang='lat' dir='ltr'><strong>sic</strong></span> <span class='ocrx_word' id='word_1_347' title='bbox 804 4465 995 4513; x_wconf 87' lang='lat' dir='ltr'><strong>contra</strong></span> <span class='ocrx_word' id='word_1_348' title='bbox 1049 4458 1326 4515; x_wconf 89' lang='lat' dir='ltr'><strong>absentem</strong></span> <span class='ocrx_word' id='word_1_349' title='bbox 1376 4462 1641 4532; x_wconf 85' lang='lat' dir='ltr'><strong>loquitur,</strong></span> <span class='ocrx_word' id='word_1_350' title='bbox 1697 4480 2042 4536; x_wconf 91' lang='lat' dir='ltr'><strong>nequaquam</strong></span> 
     </span>
    </p>
   </div>
   <div class='ocr_carea' id='block_1_48' title="bbox 2143 601 2687 673">
    <p class='ocr_par' dir='ltr' id='par_1_48' title="bbox 2143 601 2687 673">
     <span class='ocr_line' id='line_1_48' title="bbox 2143 601 2687 673; baseline 0 -19"><span class='ocrx_word' id='word_1_351' title='bbox 2143 619 2244 673; x_wconf 90' lang='grc' dir='ltr'><strong>μου</strong></span> <span class='ocrx_word' id='word_1_352' title='bbox 2272 601 2431 655; x_wconf 76' lang='grc' dir='ltr'>τοῦτο</span> <span class='ocrx_word' id='word_1_353' title='bbox 2453 602 2687 671; x_wconf 87' lang='grc' dir='ltr'>ἐγένετο.</span> 
     </span>
    </p>
   </div>
   <div class='ocr_carea' id='block_1_49' title="bbox 2215 682 3729 764">
    <p class='ocr_par' dir='ltr' id='par_1_49' title="bbox 2215 682 3729 764">
     <span class='ocr_line' id='line_1_49' title="bbox 2215 682 3729 764; baseline -0.01 -15"><span class='ocrx_word' id='word_1_354' title='bbox 2215 698 2335 749; x_wconf 84' lang='grc' dir='ltr'><strong>Οὐκ</strong></span> <span class='ocrx_word' id='word_1_355' title='bbox 2364 694 2669 764; x_wconf 76' lang='grc' dir='ltr'><strong>ἐκολλήθη</strong></span> <span class='ocrx_word' id='word_1_356' title='bbox 2698 710 2801 763; x_wconf 85' lang='grc' dir='ltr'>μοι</span> <span class='ocrx_word' id='word_1_357' title='bbox 2833 690 3047 760; x_wconf 82' lang='grc' dir='ltr'>καρδία</span> <span class='ocrx_word' id='word_1_358' title='bbox 3083 686 3344 757; x_wconf 84' lang='grc' dir='ltr'>σκαμϐή.</span> <span class='ocrx_word' id='word_1_359' title='bbox 3375 685 3456 739; x_wconf 82' lang='grc' dir='ltr'><strong>Τά</strong></span> <span class='ocrx_word' id='word_1_360' title='bbox 3485 683 3577 737; x_wconf 81' lang='grc' dir='ltr'><strong>τοῦ</strong></span> <span class='ocrx_word' id='word_1_361' title='bbox 3606 682 3729 736; x_wconf 86' lang='grc' dir='ltr'>δια-</span> 
     </span>
    </p>
   </div>
   <div class='ocr_carea' id='block_1_50' title="bbox 2141 773 3727 857">
    <p class='ocr_par' dir='ltr' id='par_1_50' title="bbox 2141 773 3727 857">
     <span class='ocr_line' id='line_1_50' title="bbox 2141 773 3727 857; baseline -0.007 -16"><span class='ocrx_word' id='word_1_362' title='bbox 2141 787 2296 841; x_wconf 78' lang='grc' dir='ltr'>ϐόλου</span> <span class='ocrx_word' id='word_1_363' title='bbox 2332 787 2694 857; x_wconf 89' lang='grc' dir='ltr'>βουλεύματα,</span> <span class='ocrx_word' id='word_1_364' title='bbox 2730 786 2828 839; x_wconf 85' lang='grc' dir='ltr'>ἆτε</span> <span class='ocrx_word' id='word_1_365' title='bbox 2862 784 3029 854; x_wconf 78' lang='grc' dir='ltr'>μηδὲν</span> <span class='ocrx_word' id='word_1_366' title='bbox 3062 783 3219 845; x_wconf 80' lang='grc' dir='ltr'>εύθὲς</span> <span class='ocrx_word' id='word_1_367' title='bbox 3259 780 3471 850; x_wconf 80' lang='grc' dir='ltr'>ἔχοντα,</span> <span class='ocrx_word' id='word_1_368' title='bbox 3500 773 3727 847; x_wconf 78' lang='grc' dir='ltr'>σκαμὸά</span> 
     </span>
    </p>
   </div>
   <div class='ocr_carea' id='block_1_51' title="bbox 2139 871 3724 949">
    <p class='ocr_par' dir='ltr' id='par_1_51' title="bbox 2139 871 3724 949">
     <span class='ocr_line' id='line_1_51' title="bbox 2139 871 3724 949; baseline -0.008 -15"><span class='ocrx_word' id='word_1_369' title='bbox 2139 881 2201 934; x_wconf 82' lang='grc' dir='ltr'><strong>τέ</strong></span> <span class='ocrx_word' id='word_1_370' title='bbox 2252 883 2369 934; x_wconf 85' lang='grc' dir='ltr'>ἐστι</span> <span class='ocrx_word' id='word_1_371' title='bbox 2417 880 2511 934; x_wconf 77' lang='grc' dir='ltr'>καὶ</span> <span class='ocrx_word' id='word_1_372' title='bbox 2555 877 2986 949; x_wconf 79' lang='grc' dir='ltr'><strong>διεστραμμένα,</strong></span> <span class='ocrx_word' id='word_1_373' title='bbox 3039 876 3184 945; x_wconf 84' lang='grc' dir='ltr'>ἆπερ</span> <span class='ocrx_word' id='word_1_374' title='bbox 3237 872 3494 926; x_wconf 72' lang='grc' dir='ltr'>οὐδέποτε</span> <span class='ocrx_word' id='word_1_375' title='bbox 3544 872 3601 923; x_wconf 90' lang='grc' dir='ltr'><strong>ἐν</strong></span> <span class='ocrx_word' id='word_1_376' title='bbox 3650 871 3724 941; x_wconf 75' lang='grc' dir='ltr'>τῇ</span> 
     </span>
    </p>
   </div>
   <div class='ocr_carea' id='block_1_52' title="bbox 2142 960 3723 1045">
    <p class='ocr_par' dir='ltr' id='par_1_52' title="bbox 2142 960 3723 1045">
     <span class='ocr_line' id='line_1_52' title="bbox 2142 960 3723 1045; baseline -0.011 -18"><span class='ocrx_word' id='word_1_377' title='bbox 2142 974 2338 1045; x_wconf 71' lang='grc' dir='ltr'>καρδίᾳ</span> <span class='ocrx_word' id='word_1_378' title='bbox 2359 972 2720 1041; x_wconf 84' lang='grc' dir='ltr'>είσδέδεγμαι,</span> <span class='ocrx_word' id='word_1_379' title='bbox 2752 970 2937 1041; x_wconf 79' lang='grc' dir='ltr'>φησίν·</span> <span class='ocrx_word' id='word_1_380' title='bbox 2970 966 3125 1030; x_wconf 86' lang='grc' dir='ltr'>εἰδὼς</span> <span class='ocrx_word' id='word_1_381' title='bbox 3160 966 3237 1029; x_wconf 86' lang='grc' dir='ltr'><strong>δὲ,</strong></span> <span class='ocrx_word' id='word_1_382' title='bbox 3267 966 3349 1016; x_wconf 85' lang='grc' dir='ltr'>ὅτι</span> <span class='ocrx_word' id='word_1_383' title='bbox 3380 964 3407 1014; x_wconf 86' lang='grc' dir='ltr'><strong>ὁ</strong></span> <span class='ocrx_word' id='word_1_384' title='bbox 3445 960 3723 1030; x_wconf 85' lang='grc' dir='ltr'>κολλώμε-</span> 
     </span>
    </p>
   </div>
   <div class='ocr_carea' id='block_1_53' title="bbox 2142 1051 3724 1131">
    <p class='ocr_par' dir='ltr' id='par_1_53' title="bbox 2142 1051 3724 1131">
     <span class='ocr_line' id='line_1_53' title="bbox 2142 1051 3724 1131; baseline -0.009 -16"><span class='ocrx_word' id='word_1_385' title='bbox 2142 1080 2231 1125; x_wconf 97' lang='grc' dir='ltr'><strong>νος</strong></span> <span class='ocrx_word' id='word_1_386' title='bbox 2275 1061 2477 1131; x_wconf 75' lang='grc' dir='ltr'>δικαίῳ</span> <span class='ocrx_word' id='word_1_387' title='bbox 2509 1061 2715 1123; x_wconf 89' lang='grc' dir='ltr'>δίκαιος</span> <span class='ocrx_word' id='word_1_388' title='bbox 2763 1060 2937 1124; x_wconf 74' lang='grc' dir='ltr'>ἔσται,</span> <span class='ocrx_word' id='word_1_389' title='bbox 2980 1057 3157 1110; x_wconf 88' lang='grc' dir='ltr'>πάντα</span> <span class='ocrx_word' id='word_1_390' title='bbox 3187 1055 3509 1124; x_wconf 70' lang='grc' dir='ltr'><strong>διάστροφον</strong></span> <span class='ocrx_word' id='word_1_391' title='bbox 3554 1051 3724 1121; x_wconf 80' lang='grc' dir='ltr'>ἄνδρα</span> 
     </span>
    </p>
   </div>
   <div class='ocr_carea' id='block_1_54' title="bbox 2143 1140 3727 1227">
    <p class='ocr_par' dir='ltr' id='par_1_54' title="bbox 2143 1140 3727 1227">
     <span class='ocr_line' id='line_1_54' title="bbox 2143 1140 3727 1227; baseline -0.011 -18"><span class='ocrx_word' id='word_1_392' title='bbox 2143 1154 2504 1227; x_wconf 79' lang='grc' dir='ltr'><strong>παρῃτούμην</strong></span> <span class='ocrx_word' id='word_1_393' title='bbox 2533 1150 2896 1206; x_wconf 85' lang='grc' dir='ltr'>συνάπτεσθαί</span> <span class='ocrx_word' id='word_1_394' title='bbox 2924 1166 3016 1221; x_wconf 87' lang='grc' dir='ltr'><strong>μοι</strong></span> <span class='ocrx_word' id='word_1_395' title='bbox 3052 1147 3148 1200; x_wconf 75' lang='grc' dir='ltr'><strong>καὶ</strong></span> <span class='ocrx_word' id='word_1_396' title='bbox 3175 1144 3467 1199; x_wconf 79' lang='grc' dir='ltr'>κολλᾶσθαί</span> <span class='ocrx_word' id='word_1_397' title='bbox 3506 1160 3615 1213; x_wconf 86' lang='grc' dir='ltr'>μοι.</span> <span class='ocrx_word' id='word_1_398' title='bbox 3649 1140 3727 1193; x_wconf 78' lang='grc' dir='ltr'><strong>Τὸ</strong></span> 
     </span>
    </p>
   </div>
   <div class='ocr_carea' id='block_1_55' title="bbox 2141 1233 3731 1319">
    <p class='ocr_par' dir='ltr' id='par_1_55' title="bbox 2141 1233 3731 1319">
     <span class='ocr_line' id='line_1_55' title="bbox 2141 1233 3731 1319; baseline -0.011 -18"><span class='ocrx_word' id='word_1_399' title='bbox 2141 1248 2250 1319; x_wconf 79' lang='grc' dir='ltr'>γὰρ</span> <span class='ocrx_word' id='word_1_400' title='bbox 2300 1245 2427 1299; x_wconf 80' lang='grc' dir='ltr'>εὐθὺ</span> <span class='ocrx_word' id='word_1_401' title='bbox 2473 1243 2551 1316; x_wconf 83' lang='grc' dir='ltr'>τῷ</span> <span class='ocrx_word' id='word_1_402' title='bbox 2599 1241 2845 1316; x_wconf 78' lang='grc' dir='ltr'>στρεϐλῷ</span> <span class='ocrx_word' id='word_1_403' title='bbox 2902 1239 3237 1309; x_wconf 67' lang='grc' dir='ltr'>ωναφθῆναι</span> <span class='ocrx_word' id='word_1_404' title='bbox 3288 1237 3349 1289; x_wconf 78' lang='grc' dir='ltr'><strong>οὐ</strong></span> <span class='ocrx_word' id='word_1_405' title='bbox 3395 1234 3616 1288; x_wconf 83' lang='grc' dir='ltr'>δύναται</span> <span class='ocrx_word' id='word_1_406' title='bbox 3648 1233 3731 1296; x_wconf 83' lang='grc' dir='ltr'>ὡς</span> 
     </span>
    </p>
   </div>
   <div class='ocr_carea' id='block_1_56' title="bbox 2141 1322 3731 1410">
    <p class='ocr_par' dir='ltr' id='par_1_56' title="bbox 2141 1322 3731 1410">
     <span class='ocr_line' id='line_1_56' title="bbox 2141 1322 3731 1410; baseline -0.011 -18"><span class='ocrx_word' id='word_1_407' title='bbox 2141 1339 2503 1410; x_wconf 85' lang='grc' dir='ltr'>ἀνάρμοστον.</span> <span class='ocrx_word' id='word_1_408' title='bbox 2551 1336 2970 1399; x_wconf 83' lang='grc' dir='ltr'>Ἐκκλίνοντος</span> <span class='ocrx_word' id='word_1_409' title='bbox 3002 1332 3101 1386; x_wconf 82' lang='grc' dir='ltr'>ἀπ’</span> <span class='ocrx_word' id='word_1_410' title='bbox 3138 1329 3284 1399; x_wconf 80' lang='grc' dir='ltr'><strong>ἐμοῦ</strong></span> <span class='ocrx_word' id='word_1_411' title='bbox 3322 1327 3427 1381; x_wconf 82' lang='grc' dir='ltr'>τοῦ</span> <span class='ocrx_word' id='word_1_412' title='bbox 3457 1322 3731 1392; x_wconf 77' lang='grc' dir='ltr'>πονηροῦ</span> 
     </span>
    </p>
   </div>
   <div class='ocr_carea' id='block_1_57' title="bbox 2142 1416 3732 1500">
    <p class='ocr_par' dir='ltr' id='par_1_57' title="bbox 2142 1416 3732 1500">
     <span class='ocr_line' id='line_1_57' title="bbox 2142 1416 3732 1500; baseline -0.012 -14"><span class='ocrx_word' id='word_1_413' title='bbox 2142 1435 2253 1485; x_wconf 83' lang='grc' dir='ltr'>οὐκ</span> <span class='ocrx_word' id='word_1_414' title='bbox 2294 1432 2645 1500; x_wconf 72' lang='grc' dir='ltr'><strong>ἐγίνωσκον.</strong></span> <span class='ocrx_word' id='word_1_415' title='bbox 2685 1428 2743 1480; x_wconf 83' lang='lat'><strong>&#39;0</strong></span> <span class='ocrx_word' id='word_1_416' title='bbox 2785 1426 3008 1488; x_wconf 85' lang='grc' dir='ltr'>τέλειος,</span> <span class='ocrx_word' id='word_1_417' title='bbox 3054 1422 3278 1494; x_wconf 81' lang='grc' dir='ltr'>καρδίαν</span> <span class='ocrx_word' id='word_1_418' title='bbox 3326 1419 3578 1489; x_wconf 66' lang='grc' dir='ltr'>σκαμᾶην</span> <span class='ocrx_word' id='word_1_419' title='bbox 3626 1416 3732 1468; x_wconf 71' lang='grc' dir='ltr'>οὐκ</span> 
     </span>
    </p>
   </div>
   <div class='ocr_carea' id='block_1_58' title="bbox 2142 1503 3729 1592">
    <p class='ocr_par' dir='ltr' id='par_1_58' title="bbox 2142 1503 3729 1592">
     <span class='ocr_line' id='line_1_58' title="bbox 2142 1503 3729 1592; baseline -0.011 -18"><span class='ocrx_word' id='word_1_420' title='bbox 2142 1523 2301 1592; x_wconf 77' lang='grc' dir='ltr'>ἔχων,</span> <span class='ocrx_word' id='word_1_421' title='bbox 2337 1523 2416 1583; x_wconf 87' lang='grc' dir='ltr'><strong>είς</strong></span> <span class='ocrx_word' id='word_1_422' title='bbox 2466 1521 2528 1590; x_wconf 78' lang='grc' dir='ltr'>ἢν</span> <span class='ocrx_word' id='word_1_423' title='bbox 2559 1520 2799 1589; x_wconf 75' lang='grc' dir='ltr'>ἐνεργεῖν</span> <span class='ocrx_word' id='word_1_424' title='bbox 2838 1518 2866 1571; x_wconf 85' lang='grc' dir='ltr'>ὁ</span> <span class='ocrx_word' id='word_1_425' title='bbox 2905 1512 3139 1585; x_wconf 81' lang='grc' dir='ltr'>πονηρὸς</span> <span class='ocrx_word' id='word_1_426' title='bbox 3182 1512 3425 1571; x_wconf 88' lang='grc' dir='ltr'>δύναται,</span> <span class='ocrx_word' id='word_1_427' title='bbox 3464 1507 3558 1560; x_wconf 76' lang='grc' dir='ltr'>τοῦ</span> <span class='ocrx_word' id='word_1_428' title='bbox 3588 1503 3729 1558; x_wconf 82' lang='grc' dir='ltr'>Θεοῦ</span> 
     </span>
    </p>
   </div>
   <div class='ocr_carea' id='block_1_59' title="bbox 2143 1602 3727 1683">
    <p class='ocr_par' dir='ltr' id='par_1_59' title="bbox 2143 1602 3727 1683">
     <span class='ocr_line' id='line_1_59' title="bbox 2143 1602 3727 1683; baseline -0.01 -17"><span class='ocrx_word' id='word_1_429' title='bbox 2143 1613 2535 1683; x_wconf 81' lang='grc' dir='ltr'><strong>πεπλήρωται·</strong></span> <span class='ocrx_word' id='word_1_430' title='bbox 2570 1610 2710 1663; x_wconf 85' lang='grc' dir='ltr'>ὥστε</span> <span class='ocrx_word' id='word_1_431' title='bbox 2758 1609 2849 1661; x_wconf 85' lang='grc' dir='ltr'><strong>τὸν</strong></span> <span class='ocrx_word' id='word_1_432' title='bbox 2896 1607 3150 1676; x_wconf 76' lang='grc' dir='ltr'>πονηρὸν,</span> <span class='ocrx_word' id='word_1_433' title='bbox 3202 1604 3277 1674; x_wconf 83' lang='grc' dir='ltr'>μὴ</span> <span class='ocrx_word' id='word_1_434' title='bbox 3322 1602 3514 1672; x_wconf 77' lang='grc' dir='ltr'>ἔχοντα</span> <span class='ocrx_word' id='word_1_435' title='bbox 3561 1602 3727 1652; x_wconf 75' lang='grc' dir='ltr'>τόπον</span> 
     </span>
    </p>
   </div>
   <div class='ocr_carea' id='block_1_60' title="bbox 2142 1688 3725 1775">
    <p class='ocr_par' dir='ltr' id='par_1_60' title="bbox 2142 1688 3725 1775">
     <span class='ocr_line' id='line_1_60' title="bbox 2142 1688 3725 1775; baseline -0.011 -18"><span class='ocrx_word' id='word_1_436' title='bbox 2142 1704 2273 1775; x_wconf 89' lang='grc' dir='ltr'>παρ’</span> <span class='ocrx_word' id='word_1_437' title='bbox 2318 1702 2488 1773; x_wconf 83' lang='grc' dir='ltr'>αύτῷ,</span> <span class='ocrx_word' id='word_1_438' title='bbox 2534 1699 2801 1753; x_wconf 80' lang='grc' dir='ltr'>ἐκκλίνειν</span> <span class='ocrx_word' id='word_1_439' title='bbox 2854 1698 2949 1750; x_wconf 85' lang='grc' dir='ltr'>ἀπ’</span> <span class='ocrx_word' id='word_1_440' title='bbox 3003 1695 3206 1748; x_wconf 75' lang='grc' dir='ltr'>αὑτοῦ·</span> <span class='ocrx_word' id='word_1_441' title='bbox 3264 1693 3602 1751; x_wconf 70' lang='grc' dir='ltr'>ἐκκλίνοντος</span> <span class='ocrx_word' id='word_1_442' title='bbox 3647 1688 3725 1751; x_wconf 84' lang='grc' dir='ltr'><strong>δὲ,</strong></span> 
     </span>
    </p>
   </div>
   <div class='ocr_carea' id='block_1_61' title="bbox 2143 1781 3729 1866">
    <p class='ocr_par' dir='ltr' id='par_1_61' title="bbox 2143 1781 3729 1866">
     <span class='ocr_line' id='line_1_61' title="bbox 2143 1781 3729 1866; baseline -0.011 -17"><span class='ocrx_word' id='word_1_443' title='bbox 2143 1796 2326 1866; x_wconf 76' lang='grc' dir='ltr'>φησὶν,</span> <span class='ocrx_word' id='word_1_444' title='bbox 2362 1796 2463 1847; x_wconf 81' lang='grc' dir='ltr'><strong>οὐκ</strong></span> <span class='ocrx_word' id='word_1_445' title='bbox 2507 1793 2836 1861; x_wconf 82' lang='grc' dir='ltr'>ἐγίνωσκον·</span> <span class='ocrx_word' id='word_1_446' title='bbox 2877 1788 2956 1859; x_wconf 81' lang='grc' dir='ltr'>τῷ</span> <span class='ocrx_word' id='word_1_447' title='bbox 3006 1788 3080 1858; x_wconf 81' lang='grc' dir='ltr'>μὴ</span> <span class='ocrx_word' id='word_1_448' title='bbox 3127 1785 3380 1857; x_wconf 69' lang='grc' dir='ltr'>αἴσθησιν</span> <span class='ocrx_word' id='word_1_449' title='bbox 3422 1781 3729 1853; x_wconf 81' lang='grc' dir='ltr'>παρουσίας</span> 
     </span>
    </p>
   </div>
   <div class='ocr_carea' id='block_1_62' title="bbox 2143 1872 3731 1957">
    <p class='ocr_par' dir='ltr' id='par_1_62' title="bbox 2143 1872 3731 1957">
     <span class='ocr_line' id='line_1_62' title="bbox 2143 1872 3731 1957; baseline -0.01 -16"><span class='ocrx_word' id='word_1_450' title='bbox 2143 1887 2305 1941; x_wconf 82' lang='grc' dir='ltr'>αὑτοῦ</span> <span class='ocrx_word' id='word_1_451' title='bbox 2338 1886 2628 1957; x_wconf 81' lang='grc' dir='ltr'>ἐσχηκέναι</span> <span class='ocrx_word' id='word_1_452' title='bbox 2650 1900 2662 1913; x_wconf 76' lang='grc' dir='ltr'><strong>ο</strong></span> <span class='ocrx_word' id='word_1_453' title='bbox 2694 1884 2754 1936; x_wconf 84' lang='grc' dir='ltr'><strong>ού</strong></span> <span class='ocrx_word' id='word_1_454' title='bbox 2777 1881 2885 1953; x_wconf 87' lang='grc' dir='ltr'>γὰρ</span> <span class='ocrx_word' id='word_1_455' title='bbox 2912 1880 3204 1950; x_wconf 83' lang='grc' dir='ltr'>ἐνθύμημα</span> <span class='ocrx_word' id='word_1_456' title='bbox 3231 1877 3265 1948; x_wconf 82' lang='grc' dir='ltr'>ἢ</span> <span class='ocrx_word' id='word_1_457' title='bbox 3296 1876 3455 1947; x_wconf 78' lang='grc' dir='ltr'>ἔργον</span> <span class='ocrx_word' id='word_1_458' title='bbox 3489 1875 3594 1927; x_wconf 82' lang='grc' dir='ltr'>τῶν</span> <span class='ocrx_word' id='word_1_459' title='bbox 3630 1872 3731 1927; x_wconf 74' lang='grc' dir='ltr'>αύ-</span> 
     </span>
    </p>
   </div>
   <div class='ocr_carea' id='block_1_63' title="bbox 2142 1966 3729 2049">
    <p class='ocr_par' dir='ltr' id='par_1_63' title="bbox 2142 1966 3729 2049">
     <span class='ocr_line' id='line_1_63' title="bbox 2142 1966 3729 2049; baseline -0.012 -15"><span class='ocrx_word' id='word_1_460' title='bbox 2142 1980 2235 2034; x_wconf 80' lang='grc' dir='ltr'>τοῦ</span> <span class='ocrx_word' id='word_1_461' title='bbox 2261 1980 2418 2049; x_wconf 75' lang='grc' dir='ltr'>ἔσχον</span> <span class='ocrx_word' id='word_1_462' title='bbox 2449 1978 2577 2048; x_wconf 86' lang='grc' dir='ltr'>παρ’</span> <span class='ocrx_word' id='word_1_463' title='bbox 2610 1975 2752 2046; x_wconf 87' lang='grc' dir='ltr'>ἐμοί.</span> <span class='ocrx_word' id='word_1_464' title='bbox 2783 1975 3017 2043; x_wconf 85' lang='grc' dir='ltr'>Νοήσεις</span> <span class='ocrx_word' id='word_1_465' title='bbox 3047 1970 3104 2023; x_wconf 80' lang='grc' dir='ltr'>δὲ</span> <span class='ocrx_word' id='word_1_466' title='bbox 3140 1970 3315 2023; x_wconf 76' lang='grc' dir='ltr'>ταῦτα</span> <span class='ocrx_word' id='word_1_467' title='bbox 3343 1967 3439 2019; x_wconf 71' lang='grc' dir='ltr'><strong>καὶ</strong></span> <span class='ocrx_word' id='word_1_468' title='bbox 3468 1966 3599 2037; x_wconf 70' lang='grc' dir='ltr'>περὶ</span> <span class='ocrx_word' id='word_1_469' title='bbox 3628 1966 3729 2017; x_wconf 84' lang='grc' dir='ltr'>ἀν-</span> 
     </span>
    </p>
   </div>
   <div class='ocr_carea' id='block_1_64' title="bbox 2144 2057 3728 2143">
    <p class='ocr_par' dir='ltr' id='par_1_64' title="bbox 2144 2057 3728 2143">
     <span class='ocr_line' id='line_1_64' title="bbox 2144 2057 3728 2143; baseline -0.012 -17"><span class='ocrx_word' id='word_1_470' title='bbox 2144 2073 2365 2143; x_wconf 86' lang='grc' dir='ltr'>θρώπου</span> <span class='ocrx_word' id='word_1_471' title='bbox 2404 2067 2663 2141; x_wconf 78' lang='grc' dir='ltr'>πονηροῦ,</span> <span class='ocrx_word' id='word_1_472' title='bbox 2711 2068 2792 2120; x_wconf 81' lang='grc' dir='ltr'><strong>ὃτι</strong></span> <span class='ocrx_word' id='word_1_473' title='bbox 2839 2065 2947 2117; x_wconf 79' lang='grc' dir='ltr'>οὐδ’</span> <span class='ocrx_word' id='word_1_474' title='bbox 2994 2064 3083 2116; x_wconf 82' lang='grc' dir='ltr'><strong>ὅτε</strong></span> <span class='ocrx_word' id='word_1_475' title='bbox 3132 2059 3458 2132; x_wconf 75' lang='grc' dir='ltr'>προσῆλθεν,</span> <span class='ocrx_word' id='word_1_476' title='bbox 3486 2058 3594 2109; x_wconf 77' lang='grc' dir='ltr'>οὐδ’</span> <span class='ocrx_word' id='word_1_477' title='bbox 3634 2057 3728 2109; x_wconf 81' lang='grc' dir='ltr'>ὅτε</span> 
     </span>
    </p>
   </div>
   <div class='ocr_carea' id='block_1_65' title="bbox 2142 2147 3729 2234">
    <p class='ocr_par' dir='ltr' id='par_1_65' title="bbox 2142 2147 3729 2234">
     <span class='ocr_line' id='line_1_65' title="bbox 2142 2147 3729 2234; baseline -0.012 -16"><span class='ocrx_word' id='word_1_478' title='bbox 2142 2163 2408 2234; x_wconf 83' lang='grc' dir='ltr'>ἀνεχώρει</span> <span class='ocrx_word' id='word_1_479' title='bbox 2439 2160 2689 2230; x_wconf 77' lang='grc' dir='ltr'>αἴσθησιν</span> <span class='ocrx_word' id='word_1_480' title='bbox 2718 2155 3043 2227; x_wconf 80' lang='grc' dir='ltr'>ἐλάμϐανον,</span> <span class='ocrx_word' id='word_1_481' title='bbox 3077 2152 3250 2215; x_wconf 73' lang='grc' dir='ltr'>οὓτως</span> <span class='ocrx_word' id='word_1_482' title='bbox 3275 2154 3331 2203; x_wconf 89' lang='grc' dir='ltr'><strong>ἐν</strong></span> <span class='ocrx_word' id='word_1_483' title='bbox 3364 2150 3541 2203; x_wconf 66' lang='grc' dir='ltr'>οὐδενὶ</span> <span class='ocrx_word' id='word_1_484' title='bbox 3571 2147 3729 2219; x_wconf 80' lang='grc' dir='ltr'>μέρει</span> 
     </span>
    </p>
   </div>
   <div class='ocr_carea' id='block_1_66' title="bbox 2142 2242 3715 2325">
    <p class='ocr_par' dir='ltr' id='par_1_66' title="bbox 2142 2242 3715 2325">
     <span class='ocr_line' id='line_1_66' title="bbox 2142 2242 3715 2325; baseline -0.012 -15"><span class='ocrx_word' id='word_1_485' title='bbox 2142 2256 2442 2325; x_wconf 83' lang='grc' dir='ltr'>ἐποιούμην</span> <span class='ocrx_word' id='word_1_486' title='bbox 2487 2253 2613 2315; x_wconf 80' lang='grc' dir='ltr'>τοὺς</span> <span class='ocrx_word' id='word_1_487' title='bbox 2659 2249 2901 2321; x_wconf 75' lang='grc' dir='ltr'>λοιμοὺς,</span> <span class='ocrx_word' id='word_1_488' title='bbox 2973 2246 3068 2300; x_wconf 74' lang='grc' dir='ltr'><strong>καὶ</strong></span> <span class='ocrx_word' id='word_1_489' title='bbox 3112 2244 3265 2298; x_wconf 82' lang='grc' dir='ltr'>οὐδὲν</span> <span class='ocrx_word' id='word_1_490' title='bbox 3311 2242 3510 2295; x_wconf 86' lang='grc' dir='ltr'>εἰδέναι</span> <span class='ocrx_word' id='word_1_491' title='bbox 3558 2256 3715 2310; x_wconf 76' lang='grc' dir='ltr'>προσ·</span> 
     </span>
    </p>
   </div>
   <div class='ocr_carea' id='block_1_67' title="bbox 2143 2329 3729 2416">
    <p class='ocr_par' dir='ltr' id='par_1_67' title="bbox 2143 2329 3729 2416">
     <span class='ocr_line' id='line_1_67' title="bbox 2143 2329 3729 2416; baseline -0.011 -16"><span class='ocrx_word' id='word_1_492' title='bbox 2143 2347 2473 2416; x_wconf 81' lang='grc' dir='ltr'>εποιούμην’</span> <span class='ocrx_word' id='word_1_493' title='bbox 2510 2344 2569 2396; x_wconf 83' lang='grc' dir='ltr'><strong>οὐ</strong></span> <span class='ocrx_word' id='word_1_494' title='bbox 2605 2342 2714 2411; x_wconf 78' lang='grc' dir='ltr'>γὰρ</span> <span class='ocrx_word' id='word_1_495' title='bbox 2753 2340 2939 2409; x_wconf 73' lang='grc' dir='ltr'>ἠξίουν</span> <span class='ocrx_word' id='word_1_496' title='bbox 2970 2335 3107 2391; x_wconf 71' lang='grc' dir='ltr'>εἶναι</span> <span class='ocrx_word' id='word_1_497' title='bbox 3149 2336 3299 2406; x_wconf 79' lang='grc' dir='ltr'>φίλον</span> <span class='ocrx_word' id='word_1_498' title='bbox 3346 2333 3547 2388; x_wconf 80' lang='grc' dir='ltr'>αὐτῶν.</span> <span class='ocrx_word' id='word_1_499' title='bbox 3580 2329 3729 2402; x_wconf 59' lang='grc' dir='ltr'>τΑρα</span> 
     </span>
    </p>
   </div>
   <div class='ocr_carea' id='block_1_68' title="bbox 2142 2424 3730 2510">
    <p class='ocr_par' dir='ltr' id='par_1_68' title="bbox 2142 2424 3730 2510">
     <span class='ocr_line' id='line_1_68' title="bbox 2142 2424 3730 2510; baseline -0.011 -17"><span class='ocrx_word' id='word_1_500' title='bbox 2142 2441 2218 2504; x_wconf 90' lang='grc' dir='ltr'>ὡς</span> <span class='ocrx_word' id='word_1_501' title='bbox 2260 2440 2641 2510; x_wconf 83' lang='grc' dir='ltr'>ὑπερήφανος;</span> <span class='ocrx_word' id='word_1_502' title='bbox 2688 2432 2976 2504; x_wconf 79' lang='grc' dir='ltr'>Οὐδαμῶς,</span> <span class='ocrx_word' id='word_1_503' title='bbox 3026 2429 3225 2501; x_wconf 82' lang='grc' dir='ltr'>φησίν·</span> <span class='ocrx_word' id='word_1_504' title='bbox 3283 2427 3393 2481; x_wconf 83' lang='grc' dir='ltr'>ἀλλ’</span> <span class='ocrx_word' id='word_1_505' title='bbox 3438 2424 3614 2488; x_wconf 80' lang='grc' dir='ltr'>εἰδὼς,</span> <span class='ocrx_word' id='word_1_506' title='bbox 3648 2425 3730 2477; x_wconf 83' lang='grc' dir='ltr'><strong>δτι</strong></span> 
     </span>
    </p>
   </div>
   <div class='ocr_carea' id='block_1_69' title="bbox 2143 2516 3729 2601">
    <p class='ocr_par' dir='ltr' id='par_1_69' title="bbox 2143 2516 3729 2601">
     <span class='ocr_line' id='line_1_69' title="bbox 2143 2516 3729 2601; baseline -0.011 -16"><span class='ocrx_word' id='word_1_507' title='bbox 2143 2533 2498 2601; x_wconf 81' lang='grc' dir='ltr'>Φθείρουσιν</span> <span class='ocrx_word' id='word_1_508' title='bbox 2536 2528 2652 2597; x_wconf 78' lang='grc' dir='ltr'>ἤθη</span> <span class='ocrx_word' id='word_1_509' title='bbox 2679 2524 2913 2596; x_wconf 76' lang='grc' dir='ltr'>χρηστὰ</span> <span class='ocrx_word' id='word_1_510' title='bbox 2945 2523 3169 2593; x_wconf 81' lang='grc' dir='ltr'>ὁμιλίαι</span> <span class='ocrx_word' id='word_1_511' title='bbox 3199 2519 3397 2584; x_wconf 75' lang='grc' dir='ltr'>κακαὶ,</span> <span class='ocrx_word' id='word_1_512' title='bbox 3427 2518 3488 2571; x_wconf 82' lang='grc' dir='ltr'><strong>οὐ</strong></span> <span class='ocrx_word' id='word_1_513' title='bbox 3524 2516 3729 2570; x_wconf 87' lang='grc' dir='ltr'>συνδιε-</span> 
     </span>
    </p>
   </div>
   <div class='ocr_carea' id='block_1_70' title="bbox 2141 2621 2818 2695">
    <p class='ocr_par' dir='ltr' id='par_1_70' title="bbox 2141 2621 2818 2695">
     <span class='ocr_line' id='line_1_70' title="bbox 2141 2621 2818 2695; baseline -0.01 -18"><span class='ocrx_word' id='word_1_514' title='bbox 2141 2625 2369 2695; x_wconf 83' lang='grc' dir='ltr'>τιθέμην</span> <span class='ocrx_word' id='word_1_515' title='bbox 2400 2625 2512 2685; x_wconf 85' lang='grc' dir='ltr'>τοῖς</span> <span class='ocrx_word' id='word_1_516' title='bbox 2542 2621 2818 2692; x_wconf 79' lang='grc' dir='ltr'>πονηροῖς.</span> 
     </span>
    </p>
   </div>
   <div class='ocr_carea' id='block_1_71' title="bbox 2219 2699 3728 2777">
    <p class='ocr_par' dir='ltr' id='par_1_71' title="bbox 2219 2699 3728 2777">
     <span class='ocr_line' id='line_1_71' title="bbox 2219 2699 3728 2777; baseline -0.011 -7"><span class='ocrx_word' id='word_1_517' title='bbox 2219 2716 2330 2770; x_wconf 78' lang='grc' dir='ltr'><strong>Τόν</strong></span> <span class='ocrx_word' id='word_1_518' title='bbox 2358 2713 2819 2769; x_wconf 62' lang='grc' dir='ltr'>κατωαλοῦντα</span> <span class='ocrx_word' id='word_1_519' title='bbox 2848 2709 3044 2777; x_wconf 82' lang='grc' dir='ltr'>λάθρα</span> <span class='ocrx_word' id='word_1_520' title='bbox 3071 2707 3179 2761; x_wconf 80' lang='grc' dir='ltr'>τὸν</span> <span class='ocrx_word' id='word_1_521' title='bbox 3217 2706 3487 2773; x_wconf 76' lang='grc' dir='ltr'>πλησίον</span> <span class='ocrx_word' id='word_1_522' title='bbox 3519 2699 3728 2763; x_wconf 82' lang='grc' dir='ltr'>αὐτοῦ.</span> 
     </span>
    </p>
   </div>
   <div class='ocr_carea' id='block_1_72' title="bbox 2141 2794 3729 2871">
    <p class='ocr_par' dir='ltr' id='par_1_72' title="bbox 2141 2794 3729 2871">
     <span class='ocr_line' id='line_1_72' title="bbox 2141 2794 3729 2871; baseline -0.011 -9"><span class='ocrx_word' id='word_1_523' title='bbox 2141 2809 2357 2862; x_wconf 86' lang='grc' dir='ltr'>τοῦτον</span> <span class='ocrx_word' id='word_1_524' title='bbox 2380 2806 2719 2871; x_wconf 80' lang='grc' dir='ltr'>ἐξεδίωκον.</span> <span class='ocrx_word' id='word_1_525' title='bbox 2766 2803 2879 2855; x_wconf 81' lang='grc' dir='ltr'>Καὶ</span> <span class='ocrx_word' id='word_1_526' title='bbox 2908 2799 3221 2871; x_wconf 78' lang='grc' dir='ltr'>ἄνθρωπον,</span> <span class='ocrx_word' id='word_1_527' title='bbox 3259 2798 3412 2868; x_wconf 72' lang='grc' dir='ltr'>φησὶ,</span> <span class='ocrx_word' id='word_1_528' title='bbox 3445 2795 3542 2849; x_wconf 72' lang='grc' dir='ltr'>καὶ</span> <span class='ocrx_word' id='word_1_529' title='bbox 3581 2794 3729 2863; x_wconf 87' lang='grc' dir='ltr'>λογι-</span> 
     </span>
    </p>
   </div>
   <div class='ocr_carea' id='block_1_73' title="bbox 2144 2885 3730 2971">
    <p class='ocr_par' dir='ltr' id='par_1_73' title="bbox 2144 2885 3730 2971">
     <span class='ocr_line' id='line_1_73' title="bbox 2144 2885 3730 2971; baseline -0.01 -17"><span class='ocrx_word' id='word_1_530' title='bbox 2144 2900 2280 2971; x_wconf 83' lang='grc' dir='ltr'>σμὸν</span> <span class='ocrx_word' id='word_1_531' title='bbox 2306 2896 2680 2953; x_wconf 76' lang='grc' dir='ltr'>ὑποϐάλλοντά</span> <span class='ocrx_word' id='word_1_532' title='bbox 2713 2913 2767 2949; x_wconf 88' lang='grc' dir='ltr'><strong>τι</strong></span> <span class='ocrx_word' id='word_1_533' title='bbox 2803 2893 3037 2965; x_wconf 87' lang='grc' dir='ltr'>πονηρόν</span> <span class='ocrx_word' id='word_1_534' title='bbox 3077 2909 3167 2962; x_wconf 86' lang='grc' dir='ltr'><strong>μοι</strong></span> <span class='ocrx_word' id='word_1_535' title='bbox 3214 2890 3356 2944; x_wconf 87' lang='grc' dir='ltr'><strong>κατά</strong></span> <span class='ocrx_word' id='word_1_536' title='bbox 3379 2906 3525 2951; x_wconf 89' lang='grc' dir='ltr'>τινος</span> <span class='ocrx_word' id='word_1_537' title='bbox 3546 2885 3730 2951; x_wconf 72' lang='grc' dir='ltr'>ἐξέϐα-</span> 
     </span>
    </p>
   </div>
   <div class='ocr_carea' id='block_1_74' title="bbox 2141 2979 3728 3060">
    <p class='ocr_par' dir='ltr' id='par_1_74' title="bbox 2141 2979 3728 3060">
     <span class='ocr_line' id='line_1_74' title="bbox 2141 2979 3728 3060; baseline -0.009 -14"><span class='ocrx_word' id='word_1_538' title='bbox 2141 2994 2232 3046; x_wconf 88' lang='grc' dir='ltr'><strong>λον</strong></span> <span class='ocrx_word' id='word_1_539' title='bbox 2261 2994 2325 3045; x_wconf 81' lang='grc' dir='ltr'>ὲκ</span> <span class='ocrx_word' id='word_1_540' title='bbox 2365 2992 2465 3060; x_wconf 83' lang='grc' dir='ltr'>τῆς</span> <span class='ocrx_word' id='word_1_541' title='bbox 2507 2989 2732 3060; x_wconf 87' lang='grc' dir='ltr'>καρδίας</span> <span class='ocrx_word' id='word_1_542' title='bbox 2769 3004 2892 3057; x_wconf 90' lang='grc' dir='ltr'>μου,</span> <span class='ocrx_word' id='word_1_543' title='bbox 2934 2986 3009 3049; x_wconf 87' lang='grc' dir='ltr'>ὡς</span> <span class='ocrx_word' id='word_1_544' title='bbox 3054 2985 3191 3037; x_wconf 83' lang='grc' dir='ltr'>κύνα</span> <span class='ocrx_word' id='word_1_545' title='bbox 3232 2981 3623 3054; x_wconf 78' lang='grc' dir='ltr'>λαθροδήκτην.</span> <span class='ocrx_word' id='word_1_546' title='bbox 3670 2979 3728 3031; x_wconf 86' lang='grc' dir='ltr'>Ὁ</span> 
     </span>
    </p>
   </div>
   <div class='ocr_carea' id='block_1_75' title="bbox 2141 3072 3729 3156">
    <p class='ocr_par' dir='ltr' id='par_1_75' title="bbox 2141 3072 3729 3156">
     <span class='ocr_line' id='line_1_75' title="bbox 2141 3072 3729 3156; baseline -0.009 -19"><span class='ocrx_word' id='word_1_547' title='bbox 2141 3085 2250 3156; x_wconf 84' lang='grc' dir='ltr'>γὰρ</span> <span class='ocrx_word' id='word_1_548' title='bbox 2292 3082 2598 3143; x_wconf 80' lang='grc' dir='ltr'>σπουδαῖος,</span> <span class='ocrx_word' id='word_1_549' title='bbox 2635 3082 2692 3133; x_wconf 90' lang='grc' dir='ltr'><strong>ἐν</strong></span> <span class='ocrx_word' id='word_1_550' title='bbox 2733 3077 2895 3131; x_wconf 86' lang='grc' dir='ltr'>παντί</span> <span class='ocrx_word' id='word_1_551' title='bbox 2927 3094 3005 3147; x_wconf 84' lang='grc' dir='ltr'>τῳ</span> <span class='ocrx_word' id='word_1_552' title='bbox 3049 3074 3365 3147; x_wconf 78' lang='grc' dir='ltr'>παρρησίαν</span> <span class='ocrx_word' id='word_1_553' title='bbox 3405 3072 3549 3142; x_wconf 78' lang='grc' dir='ltr'>ἔχειν</span> <span class='ocrx_word' id='word_1_554' title='bbox 3594 3072 3729 3139; x_wconf 84' lang='grc' dir='ltr'>ἀγα-</span> 
     </span>
    </p>
   </div>
   <div class='ocr_carea' id='block_1_76' title="bbox 2143 3160 3728 3244">
    <p class='ocr_par' dir='ltr' id='par_1_76' title="bbox 2143 3160 3728 3244">
     <span class='ocr_line' id='line_1_76' title="bbox 2143 3160 3728 3244; baseline -0.009 -15"><span class='ocrx_word' id='word_1_555' title='bbox 2143 3176 2285 3243; x_wconf 85' lang='grc' dir='ltr'>πῶν,</span> <span class='ocrx_word' id='word_1_556' title='bbox 2314 3174 2502 3244; x_wconf 82' lang='grc' dir='ltr'>ὥσπερ</span> <span class='ocrx_word' id='word_1_557' title='bbox 2543 3172 2611 3225; x_wconf 80' lang='grc' dir='ltr'>τὰ</span> <span class='ocrx_word' id='word_1_558' title='bbox 2656 3171 2831 3242; x_wconf 88' lang='grc' dir='ltr'>λάθρα</span> <span class='ocrx_word' id='word_1_559' title='bbox 2878 3167 3131 3241; x_wconf 84' lang='grc' dir='ltr'>δρώμενα</span> <span class='ocrx_word' id='word_1_560' title='bbox 3173 3167 3251 3237; x_wconf 81' lang='grc' dir='ltr'>τῷ</span> <span class='ocrx_word' id='word_1_561' title='bbox 3298 3164 3560 3235; x_wconf 81' lang='grc' dir='ltr'>αἰσχύνης</span> <span class='ocrx_word' id='word_1_562' title='bbox 3594 3160 3728 3216; x_wconf 59' lang='grc' dir='ltr'>εἶναι</span> 
     </span>
    </p>
   </div>
   <div class='ocr_carea' id='block_1_77' title="bbox 2140 3256 3731 3338">
    <p class='ocr_par' dir='ltr' id='par_1_77' title="bbox 2140 3256 3731 3338">
     <span class='ocr_line' id='line_1_77' title="bbox 2140 3256 3731 3338; baseline -0.01 -15"><span class='ocrx_word' id='word_1_563' title='bbox 2140 3269 2288 3336; x_wconf 76' lang='grc' dir='ltr'>ἀξια,</span> <span class='ocrx_word' id='word_1_564' title='bbox 2330 3269 2714 3338; x_wconf 86' lang='grc' dir='ltr'>παραιτεῖται·</span> <span class='ocrx_word' id='word_1_565' title='bbox 2760 3263 2904 3316; x_wconf 75' lang='grc' dir='ltr'>οὕτω</span> <span class='ocrx_word' id='word_1_566' title='bbox 2945 3261 3040 3314; x_wconf 79' lang='grc' dir='ltr'><strong>καὶ</strong></span> <span class='ocrx_word' id='word_1_567' title='bbox 3089 3259 3150 3312; x_wconf 88' lang='grc' dir='ltr'>τὺ</span> <span class='ocrx_word' id='word_1_568' title='bbox 3197 3260 3377 3327; x_wconf 89' lang='grc' dir='ltr'>λέγειν</span> <span class='ocrx_word' id='word_1_569' title='bbox 3424 3258 3457 3328; x_wconf 83' lang='grc' dir='ltr'><strong>ἦ</strong></span> <span class='ocrx_word' id='word_1_570' title='bbox 3510 3256 3731 3313; x_wconf 80' lang='grc' dir='ltr'>ἀκούειν</span> 
     </span>
    </p>
   </div>
   <div class='ocr_carea' id='block_1_78' title="bbox 2140 3349 3728 3428">
    <p class='ocr_par' dir='ltr' id='par_1_78' title="bbox 2140 3349 3728 3428">
     <span class='ocr_line' id='line_1_78' title="bbox 2140 3349 3728 3428; baseline -0.009 -13"><span class='ocrx_word' id='word_1_571' title='bbox 2140 3361 2285 3415; x_wconf 80' lang='grc' dir='ltr'><strong>κατά</strong></span> <span class='ocrx_word' id='word_1_572' title='bbox 2322 3376 2468 3421; x_wconf 91' lang='grc' dir='ltr'>τινος</span> <span class='ocrx_word' id='word_1_573' title='bbox 2516 3356 2759 3428; x_wconf 79' lang='grc' dir='ltr'>κρύϐδην</span> <span class='ocrx_word' id='word_1_574' title='bbox 2800 3354 2901 3407; x_wconf 88' lang='grc' dir='ltr'><strong>ούκ</strong></span> <span class='ocrx_word' id='word_1_575' title='bbox 2948 3353 3230 3422; x_wconf 79' lang='grc' dir='ltr'>ἀνέχεται·</span> <span class='ocrx_word' id='word_1_576' title='bbox 3272 3349 3575 3420; x_wconf 84' lang='grc' dir='ltr'>κακοήθους</span> <span class='ocrx_word' id='word_1_577' title='bbox 3622 3349 3728 3419; x_wconf 76' lang='grc' dir='ltr'>γὰρ</span> 
     </span>
    </p>
   </div>
   <div class='ocr_carea' id='block_1_79' title="bbox 2138 3440 3727 3521">
    <p class='ocr_par' dir='ltr' id='par_1_79' title="bbox 2138 3440 3727 3521">
     <span class='ocr_line' id='line_1_79' title="bbox 2138 3440 3727 3521; baseline -0.009 -15"><span class='ocrx_word' id='word_1_578' title='bbox 2138 3454 2235 3506; x_wconf 79' lang='grc' dir='ltr'>καὶ</span> <span class='ocrx_word' id='word_1_579' title='bbox 2270 3448 2621 3521; x_wconf 80' lang='grc' dir='ltr'>ἀνελευθέρου</span> <span class='ocrx_word' id='word_1_580' title='bbox 2669 3446 2731 3499; x_wconf 87' lang='grc' dir='ltr'><strong>τὸ</strong></span> <span class='ocrx_word' id='word_1_581' title='bbox 2768 3447 2995 3517; x_wconf 81' lang='grc' dir='ltr'>χρῆμα,</span> <span class='ocrx_word' id='word_1_582' title='bbox 3036 3446 3345 3514; x_wconf 83' lang='grc' dir='ltr'>ἐπήρτηται</span> <span class='ocrx_word' id='word_1_583' title='bbox 3386 3442 3442 3495; x_wconf 85' lang='grc' dir='ltr'>δὲ</span> <span class='ocrx_word' id='word_1_584' title='bbox 3487 3440 3727 3502; x_wconf 78' lang='grc' dir='ltr'>κίνδυνος</span> 
     </span>
    </p>
   </div>
   <div class='ocr_carea' id='block_1_80' title="bbox 2137 3532 3727 3616">
    <p class='ocr_par' dir='ltr' id='par_1_80' title="bbox 2137 3532 3727 3616">
     <span class='ocr_line' id='line_1_80' title="bbox 2137 3532 3727 3616; baseline -0.008 -20"><span class='ocrx_word' id='word_1_585' title='bbox 2137 3542 2216 3615; x_wconf 87' lang='grc' dir='ltr'>τῷ</span> <span class='ocrx_word' id='word_1_586' title='bbox 2257 3541 2577 3616; x_wconf 83' lang='grc' dir='ltr'>πράγματι,</span> <span class='ocrx_word' id='word_1_587' title='bbox 2616 3542 2715 3610; x_wconf 82' lang='grc' dir='ltr'>τῆς</span> <span class='ocrx_word' id='word_1_588' title='bbox 2758 3538 2982 3609; x_wconf 80' lang='grc' dir='ltr'>Γραφῆς</span> <span class='ocrx_word' id='word_1_589' title='bbox 3032 3535 3331 3605; x_wconf 79' lang='grc' dir='ltr'>λεγούσης’</span> <span class='ocrx_word' id='word_1_590' title='bbox 3379 3535 3477 3602; x_wconf 79' lang='grc' dir='ltr'><strong>Μὴ</strong></span> <span class='ocrx_word' id='word_1_591' title='bbox 3524 3532 3727 3600; x_wconf 75' lang='grc' dir='ltr'>ἀγάπα</span> 
     </span>
    </p>
   </div>
   <div class='ocr_carea' id='block_1_81' title="bbox 2140 3626 3727 3700">
    <p class='ocr_par' dir='ltr' id='par_1_81' title="bbox 2140 3626 3727 3700">
     <span class='ocr_line' id='line_1_81' title="bbox 2140 3626 3727 3700; baseline -0.008 -11"><span class='ocrx_word' id='word_1_592' title='bbox 2140 3633 2523 3699; x_wconf 80' lang='grc' dir='ltr'>καταλαλεῑν,</span> <span class='ocrx_word' id='word_1_593' title='bbox 2573 3633 2674 3684; x_wconf 79' lang='grc' dir='ltr'>ἵνα</span> <span class='ocrx_word' id='word_1_594' title='bbox 2714 3631 2800 3700; x_wconf 77' lang='grc' dir='ltr'><strong>μὴ</strong></span> <span class='ocrx_word' id='word_1_595' title='bbox 2842 3628 3102 3697; x_wconf 78' lang='grc' dir='ltr'>ἑξαρθῇς</span> <span class='ocrx_word' id='word_1_596' title='bbox 3123 3646 3135 3657; x_wconf 85' lang='grc'>·</span> <span class='ocrx_word' id='word_1_597' title='bbox 3183 3628 3297 3690; x_wconf 67' lang='grc' dir='ltr'>καὶ,</span> <span class='ocrx_word' id='word_1_598' title='bbox 3324 3626 3420 3695; x_wconf 82' lang='grc' dir='ltr'><strong>Μὴ</strong></span> <span class='ocrx_word' id='word_1_599' title='bbox 3468 3628 3727 3681; x_wconf 80' lang='grc' dir='ltr'>καταλα-</span> 
     </span>
    </p>
   </div>
   <div class='ocr_carea' id='block_1_82' title="bbox 2138 3716 3729 3792">
    <p class='ocr_par' dir='ltr' id='par_1_82' title="bbox 2138 3716 3729 3792">
     <span class='ocr_line' id='line_1_82' title="bbox 2138 3716 3729 3792; baseline -0.008 -11"><span class='ocrx_word' id='word_1_600' title='bbox 2138 3727 2300 3781; x_wconf 84' lang='grc' dir='ltr'>λεῖτε</span> <span class='ocrx_word' id='word_1_601' title='bbox 2329 3724 2639 3791; x_wconf 76' lang='grc' dir='ltr'>ἀλλήλων,</span> <span class='ocrx_word' id='word_1_602' title='bbox 2684 3722 2957 3792; x_wconf 69' lang='grc' dir='ltr'>ἀδελφοὶ,</span> <span class='ocrx_word' id='word_1_603' title='bbox 2986 3724 3087 3775; x_wconf 83' lang='grc' dir='ltr'>ἵνα</span> <span class='ocrx_word' id='word_1_604' title='bbox 3121 3720 3207 3790; x_wconf 79' lang='grc' dir='ltr'><em>μὴ</em></span> <span class='ocrx_word' id='word_1_605' title='bbox 3239 3720 3358 3775; x_wconf 76' lang='grc' dir='ltr'><strong>ὑπὸ</strong></span> <span class='ocrx_word' id='word_1_606' title='bbox 3392 3721 3596 3788; x_wconf 79' lang='grc' dir='ltr'>κρίσιν</span> <span class='ocrx_word' id='word_1_607' title='bbox 3626 3716 3729 3770; x_wconf 69' lang='grc' dir='ltr'>πέ-</span> 
     </span>
    </p>
   </div>
   <div class='ocr_carea' id='block_1_83' title="bbox 2141 3809 3727 3887">
    <p class='ocr_par' dir='ltr' id='par_1_83' title="bbox 2141 3809 3727 3887">
     <span class='ocr_line' id='line_1_83' title="bbox 2141 3809 3727 3887; baseline -0.008 -15"><span class='ocrx_word' id='word_1_608' title='bbox 2141 3832 2308 3887; x_wconf 86' lang='grc' dir='ltr'>σητε.</span> <span class='ocrx_word' id='word_1_609' title='bbox 2343 3818 2408 3869; x_wconf 85' lang='grc' dir='ltr'>Τί</span> <span class='ocrx_word' id='word_1_610' title='bbox 2432 3817 2488 3870; x_wconf 88' lang='grc' dir='ltr'><strong>δέ</strong></span> <span class='ocrx_word' id='word_1_611' title='bbox 2520 3819 2635 3869; x_wconf 88' lang='grc' dir='ltr'>ἐστι</span> <span class='ocrx_word' id='word_1_612' title='bbox 2664 3815 2722 3868; x_wconf 86' lang='grc' dir='ltr'><strong>τὸ</strong></span> <span class='ocrx_word' id='word_1_613' title='bbox 2751 3814 3075 3868; x_wconf 82' lang='grc' dir='ltr'>καταλαλείν</span> <span class='ocrx_word' id='word_1_614' title='bbox 3100 3813 3176 3876; x_wconf 87' lang='grc' dir='ltr'>ὡς</span> <span class='ocrx_word' id='word_1_615' title='bbox 3210 3814 3267 3865; x_wconf 92' lang='grc' dir='ltr'><strong>ἐν</strong></span> <span class='ocrx_word' id='word_1_616' title='bbox 3304 3811 3461 3881; x_wconf 86' lang='grc' dir='ltr'>τύπῳ</span> <span class='ocrx_word' id='word_1_617' title='bbox 3495 3809 3727 3879; x_wconf 82' lang='grc' dir='ltr'>παραδο-</span> 
     </span>
    </p>
   </div>
   <div class='ocr_carea' id='block_1_84' title="bbox 2140 3902 3725 3981">
    <p class='ocr_par' dir='ltr' id='par_1_84' title="bbox 2140 3902 3725 3981">
     <span class='ocr_line' id='line_1_84' title="bbox 2140 3902 3725 3981; baseline -0.006 -16"><span class='ocrx_word' id='word_1_618' title='bbox 2140 3913 2261 3966; x_wconf 87' lang='grc' dir='ltr'>τέον</span> <span class='ocrx_word' id='word_1_619' title='bbox 2280 3929 2294 3942; x_wconf 75' lang='grc' dir='ltr'><strong><em>ο</em></strong></span> <span class='ocrx_word' id='word_1_620' title='bbox 2328 3910 2389 3963; x_wconf 87' lang='grc' dir='ltr'><strong>ού</strong></span> <span class='ocrx_word' id='word_1_621' title='bbox 2434 3908 2543 3981; x_wconf 85' lang='grc' dir='ltr'>γὰρ</span> <span class='ocrx_word' id='word_1_622' title='bbox 2573 3909 2636 3962; x_wconf 85' lang='grc' dir='ltr'>τὸ</span> <span class='ocrx_word' id='word_1_623' title='bbox 2666 3906 2915 3961; x_wconf 77' lang='grc' dir='ltr'>ὁπωσοῦν</span> <span class='ocrx_word' id='word_1_624' title='bbox 2946 3907 3124 3975; x_wconf 87' lang='grc' dir='ltr'>λέγειν</span> <span class='ocrx_word' id='word_1_625' title='bbox 3166 3906 3293 3974; x_wconf 86' lang='grc' dir='ltr'>περί</span> <span class='ocrx_word' id='word_1_626' title='bbox 3317 3922 3460 3968; x_wconf 89' lang='grc' dir='ltr'>τινος</span> <span class='ocrx_word' id='word_1_627' title='bbox 3503 3906 3597 3956; x_wconf 75' lang='grc' dir='ltr'>καὶ</span> <span class='ocrx_word' id='word_1_628' title='bbox 3628 3902 3725 3955; x_wconf 69' lang='grc' dir='ltr'><strong>λάε</strong></span> 
     </span>
    </p>
   </div>
   <div class='ocr_carea' id='block_1_85' title="bbox 2143 3996 3728 4078">
    <p class='ocr_par' dir='ltr' id='par_1_85' title="bbox 2143 3996 3728 4078">
     <span class='ocr_line' id='line_1_85' title="bbox 2143 3996 3728 4078; baseline -0.006 -20"><span class='ocrx_word' id='word_1_629' title='bbox 2143 4006 2249 4078; x_wconf 90' lang='grc' dir='ltr'><strong>θρα</strong></span> <span class='ocrx_word' id='word_1_630' title='bbox 2274 4004 2481 4057; x_wconf 90' lang='grc' dir='ltr'>ἐκείνου</span> <span class='ocrx_word' id='word_1_631' title='bbox 2512 4002 2831 4056; x_wconf 88' lang='grc' dir='ltr'>καταλαλεῖν</span> <span class='ocrx_word' id='word_1_632' title='bbox 2855 4003 3002 4054; x_wconf 78' lang='grc' dir='ltr'>ἐστι’</span> <span class='ocrx_word' id='word_1_633' title='bbox 3030 4000 3290 4063; x_wconf 83' lang='grc' dir='ltr'>πολλάκις</span> <span class='ocrx_word' id='word_1_634' title='bbox 3313 3998 3441 4067; x_wconf 78' lang='grc' dir='ltr'>γοῦν</span> <span class='ocrx_word' id='word_1_635' title='bbox 3471 3996 3728 4068; x_wconf 88' lang='grc' dir='ltr'>ἀγορεύο-</span> 
     </span>
    </p>
   </div>
   <div class='ocr_carea' id='block_1_86' title="bbox 2148 4089 3728 4167">
    <p class='ocr_par' dir='ltr' id='par_1_86' title="bbox 2148 4089 3728 4167">
     <span class='ocr_line' id='line_1_86' title="bbox 2148 4089 3728 4167; baseline -0.006 -17"><span class='ocrx_word' id='word_1_636' title='bbox 2148 4097 2247 4167; x_wconf 84' lang='grc' dir='ltr'><strong>μέν</strong></span> <span class='ocrx_word' id='word_1_637' title='bbox 2279 4113 2403 4150; x_wconf 82' lang='grc' dir='ltr'>τινα</span> <span class='ocrx_word' id='word_1_638' title='bbox 2434 4095 2621 4158; x_wconf 83' lang='grc' dir='ltr'>κακῶς</span> <span class='ocrx_word' id='word_1_639' title='bbox 2662 4095 2890 4161; x_wconf 81' lang='grc' dir='ltr'>ἀπόντα,</span> <span class='ocrx_word' id='word_1_640' title='bbox 2930 4093 2990 4145; x_wconf 84' lang='grc' dir='ltr'><strong>ού</strong></span> <span class='ocrx_word' id='word_1_641' title='bbox 3040 4091 3363 4147; x_wconf 88' lang='grc' dir='ltr'>καταλαλεῖν</span> <span class='ocrx_word' id='word_1_642' title='bbox 3404 4089 3566 4144; x_wconf 74' lang='grc' dir='ltr'>αὐτοῦ</span> <span class='ocrx_word' id='word_1_643' title='bbox 3602 4089 3728 4158; x_wconf 80' lang='grc' dir='ltr'>βου-</span> 
     </span>
    </p>
   </div>
   <div class='ocr_carea' id='block_1_87' title="bbox 2144 4178 3729 4259">
    <p class='ocr_par' dir='ltr' id='par_1_87' title="bbox 2144 4178 3729 4259">
     <span class='ocr_line' id='line_1_87' title="bbox 2144 4178 3729 4259; baseline -0.006 -18"><span class='ocrx_word' id='word_1_644' title='bbox 2144 4188 2377 4259; x_wconf 85' lang='grc' dir='ltr'>λόμενοι,</span> <span class='ocrx_word' id='word_1_645' title='bbox 2411 4185 2547 4240; x_wconf 77' lang='grc' dir='ltr'>ἀλλὰ</span> <span class='ocrx_word' id='word_1_646' title='bbox 2594 4184 2920 4255; x_wconf 82' lang='grc' dir='ltr'>λυπούμενοι</span> <span class='ocrx_word' id='word_1_647' title='bbox 2968 4184 3057 4236; x_wconf 80' lang='grc' dir='ltr'>διὰ</span> <span class='ocrx_word' id='word_1_648' title='bbox 3094 4183 3154 4236; x_wconf 85' lang='grc' dir='ltr'><strong>τὸ</strong></span> <span class='ocrx_word' id='word_1_649' title='bbox 3205 4178 3343 4235; x_wconf 75' lang='grc' dir='ltr'>εἶναι</span> <span class='ocrx_word' id='word_1_650' title='bbox 3390 4181 3551 4235; x_wconf 78' lang='grc' dir='ltr'>αὐτὸν</span> <span class='ocrx_word' id='word_1_651' title='bbox 3598 4180 3729 4243; x_wconf 79' lang='grc' dir='ltr'>ἴσως</span> 
     </span>
    </p>
   </div>
   <div class='ocr_carea' id='block_1_88' title="bbox 2146 4269 3731 4349">
    <p class='ocr_par' dir='ltr' id='par_1_88' title="bbox 2146 4269 3731 4349">
     <span class='ocr_line' id='line_1_88' title="bbox 2146 4269 3731 4349; baseline -0.006 -18"><span class='ocrx_word' id='word_1_652' title='bbox 2146 4278 2386 4349; x_wconf 78' lang='grc' dir='ltr'>φαύλονο</span> <span class='ocrx_word' id='word_1_653' title='bbox 2441 4274 2763 4347; x_wconf 86' lang='grc' dir='ltr'>πειρώμεθα</span> <span class='ocrx_word' id='word_1_654' title='bbox 2805 4275 2861 4327; x_wconf 85' lang='grc' dir='ltr'><strong>δέ</strong></span> <span class='ocrx_word' id='word_1_655' title='bbox 2905 4274 3087 4341; x_wconf 86' lang='grc' dir='ltr'>λέγειν</span> <span class='ocrx_word' id='word_1_656' title='bbox 3130 4272 3197 4325; x_wconf 89' lang='grc' dir='ltr'><strong>τά</strong></span> <span class='ocrx_word' id='word_1_657' title='bbox 3239 4273 3367 4344; x_wconf 68' lang='grc' dir='ltr'>περὶ</span> <span class='ocrx_word' id='word_1_658' title='bbox 3414 4269 3578 4324; x_wconf 76' lang='grc' dir='ltr'>αὐτού</span> <span class='ocrx_word' id='word_1_659' title='bbox 3614 4272 3731 4332; x_wconf 83' lang='grc' dir='ltr'>τοῖς</span> 
     </span>
    </p>
   </div>
   <div class='ocr_carea' id='block_1_89' title="bbox 2143 4364 3730 4443">
    <p class='ocr_par' dir='ltr' id='par_1_89' title="bbox 2143 4364 3730 4443">
     <span class='ocr_line' id='line_1_89' title="bbox 2143 4364 3730 4443; baseline -0.008 -18"><span class='ocrx_word' id='word_1_660' title='bbox 2143 4371 2405 4435; x_wconf 83' lang='grc' dir='ltr'>ὡσαύτως</span> <span class='ocrx_word' id='word_1_661' title='bbox 2450 4374 2583 4443; x_wconf 84' lang='grc' dir='ltr'>ἡμῖν</span> <span class='ocrx_word' id='word_1_662' title='bbox 2627 4369 2948 4441; x_wconf 80' lang='grc' dir='ltr'>κηδομένοις</span> <span class='ocrx_word' id='word_1_663' title='bbox 2998 4366 3159 4421; x_wconf 78' lang='grc' dir='ltr'>αὐτοῦ</span> <span class='ocrx_word' id='word_1_664' title='bbox 3206 4367 3300 4419; x_wconf 83' lang='grc' dir='ltr'><strong>καὶ</strong></span> <span class='ocrx_word' id='word_1_665' title='bbox 3357 4364 3730 4435; x_wconf 77' lang='grc' dir='ltr'>φροντίζουσιν</span> 
     </span>
    </p>
   </div>
   <div class='ocr_carea' id='block_1_90' title="bbox 2146 4455 3730 4533">
    <p class='ocr_par' dir='ltr' id='par_1_90' title="bbox 2146 4455 3730 4533">
     <span class='ocr_line' id='line_1_90' title="bbox 2146 4455 3730 4533; baseline -0.008 -14"><span class='ocrx_word' id='word_1_666' title='bbox 2146 4464 2254 4519; x_wconf 84' lang='grc' dir='ltr'><strong>ἀπὸ</strong></span> <span class='ocrx_word' id='word_1_667' title='bbox 2291 4463 2586 4526; x_wconf 80' lang='grc' dir='ltr'>διαθέσεως</span> <span class='ocrx_word' id='word_1_668' title='bbox 2631 4462 2870 4533; x_wconf 76' lang='grc' dir='ltr'>φιλικῆς.</span> <span class='ocrx_word' id='word_1_669' title='bbox 2924 4461 2981 4514; x_wconf 85' lang='lat'><strong>&#39;0</strong></span> <span class='ocrx_word' id='word_1_670' title='bbox 3038 4456 3127 4513; x_wconf 76' lang='grc' dir='ltr'>οὖν</span> <span class='ocrx_word' id='word_1_671' title='bbox 3178 4458 3323 4512; x_wconf 79' lang='grc' dir='ltr'>οὓτω</span> <span class='ocrx_word' id='word_1_672' title='bbox 3368 4458 3543 4525; x_wconf 88' lang='grc' dir='ltr'>λέγων</span> <span class='ocrx_word' id='word_1_673' title='bbox 3589 4455 3730 4508; x_wconf 78' lang='grc' dir='ltr'><strong>κατά</strong></span> 
     </span>
    </p>
   </div>
   <div class='ocr_carea' id='block_1_91' title="bbox 468 4548 2039 4627">
    <p class='ocr_par' dir='ltr' id='par_1_91' title="bbox 468 4550 2039 4624">
     <span class='ocr_line' id='line_1_91' title="bbox 468 4550 2039 4624; baseline 0.004 -19"><span class='ocrx_word' id='word_1_674' title='bbox 468 4550 770 4606; x_wconf 88' lang='lat' dir='ltr'><strong>maledicus</strong></span> <span class='ocrx_word' id='word_1_675' title='bbox 798 4557 925 4605; x_wconf 90' lang='lat' dir='ltr'><strong>est:</strong></span> <span class='ocrx_word' id='word_1_676' title='bbox 959 4550 1116 4623; x_wconf 87' lang='lat' dir='ltr'><strong>(nam</strong></span> <span class='ocrx_word' id='word_1_677' title='bbox 1151 4551 1451 4608; x_wconf 90' lang='lat' dir='ltr'><strong>maledicus</strong></span> <span class='ocrx_word' id='word_1_678' title='bbox 1496 4569 1604 4607; x_wconf 92' lang='lat' dir='ltr'><strong>non</strong></span> <span class='ocrx_word' id='word_1_679' title='bbox 1638 4555 1713 4607; x_wconf 90' lang='lat' dir='ltr'><strong>ita</strong></span> <span class='ocrx_word' id='word_1_680' title='bbox 1734 4557 1845 4624; x_wconf 79' lang='lat' dir='ltr'><strong>agit</strong></span> <span class='ocrx_word' id='word_1_681' title='bbox 1874 4561 1914 4624; x_wconf 90' lang='lat'><strong>),</strong></span> <span class='ocrx_word' id='word_1_682' title='bbox 1948 4558 2039 4611; x_wconf 90' lang='lat' dir='ltr'><strong>sed</strong></span> 
     </span>
    </p>
   </div>
   <div class='ocr_carea' id='block_1_92' title="bbox 2146 4548 3733 4627">
    <p class='ocr_par' dir='ltr' id='par_1_92' title="bbox 2149 4548 3733 4627">
     <span class='ocr_line' id='line_1_92' title="bbox 2149 4548 3733 4627; baseline -0.009 -16"><span class='ocrx_word' id='word_1_683' title='bbox 2149 4558 2391 4627; x_wconf 60' lang='grc' dir='ltr'>ἀπόντος,</span> <span class='ocrx_word' id='word_1_684' title='bbox 2411 4557 2470 4610; x_wconf 86' lang='grc' dir='ltr'><strong>οὐ</strong></span> <span class='ocrx_word' id='word_1_685' title='bbox 2504 4554 2805 4616; x_wconf 87' lang='grc' dir='ltr'>κατάλαλὸς</span> <span class='ocrx_word' id='word_1_686' title='bbox 2832 4555 2978 4606; x_wconf 81' lang='grc' dir='ltr'>ἐστιν</span> <span class='ocrx_word' id='word_1_687' title='bbox 3001 4570 3015 4582; x_wconf 71' lang='grc' dir='ltr'>σ</span> <span class='ocrx_word' id='word_1_688' title='bbox 3053 4551 3189 4603; x_wconf 83' lang='grc' dir='ltr'>ἀλλὰ</span> <span class='ocrx_word' id='word_1_689' title='bbox 3218 4549 3453 4619; x_wconf 77' lang='grc' dir='ltr'>σπουδὴν</span> <span class='ocrx_word' id='word_1_690' title='bbox 3486 4548 3597 4617; x_wconf 76' lang='grc' dir='ltr'>ἔχει</span> <span class='ocrx_word' id='word_1_691' title='bbox 3632 4548 3733 4598; x_wconf 77' lang='grc' dir='ltr'><strong>σὺν</strong></span> 
     </span>
    </p>
   </div>
   <div class='ocr_carea' id='block_1_93' title="bbox 468 4644 2049 4717">
    <p class='ocr_par' dir='ltr' id='par_1_93' title="bbox 468 4644 2049 4717">
     <span class='ocr_line' id='line_1_93' title="bbox 468 4644 2049 4717; baseline 0.003 -18"><span class='ocrx_word' id='word_1_692' title='bbox 468 4659 596 4699; x_wconf 92' lang='lat' dir='ltr'><strong>cum</strong></span> <span class='ocrx_word' id='word_1_693' title='bbox 634 4644 919 4714; x_wconf 85' lang='lat' dir='ltr'><strong>voluptate</strong></span> <span class='ocrx_word' id='word_1_694' title='bbox 953 4652 1146 4699; x_wconf 89' lang='lat' dir='ltr'><strong>contra</strong></span> <span class='ocrx_word' id='word_1_695' title='bbox 1180 4647 1472 4715; x_wconf 89' lang='lat' dir='ltr'><strong>quemdam</strong></span> <span class='ocrx_word' id='word_1_696' title='bbox 1502 4647 1765 4717; x_wconf 86' lang='lat' dir='ltr'><strong>loquitur,</strong></span> <span class='ocrx_word' id='word_1_697' title='bbox 1794 4663 1905 4703; x_wconf 89' lang='lat' dir='ltr'><strong>non</strong></span> <span class='ocrx_word' id='word_1_698' title='bbox 1937 4665 2049 4704; x_wconf 85' lang='lat' dir='ltr'><strong>mo-</strong></span> 
     </span>
    </p>
   </div>
   <div class='ocr_carea' id='block_1_94' title="bbox 470 4734 2048 4807">
    <p class='ocr_par' dir='ltr' id='par_1_94' title="bbox 470 4734 2048 4807">
     <span class='ocr_line' id='line_1_94' title="bbox 470 4734 2048 4807; baseline 0.004 -19"><span class='ocrx_word' id='word_1_699' title='bbox 470 4736 608 4791; x_wconf 84' lang='lat' dir='ltr'><strong>leste</strong></span> <span class='ocrx_word' id='word_1_700' title='bbox 643 4734 828 4792; x_wconf 78' lang='lat' dir='ltr'><strong>ferens</strong></span> <span class='ocrx_word' id='word_1_701' title='bbox 857 4736 1003 4807; x_wconf 92' lang='lat' dir='ltr'><strong>quod</strong></span> <span class='ocrx_word' id='word_1_702' title='bbox 1038 4736 1131 4791; x_wconf 90' lang='lat' dir='ltr'><strong>ille</strong></span> <span class='ocrx_word' id='word_1_703' title='bbox 1167 4736 1296 4790; x_wconf 88' lang='lat' dir='ltr'><strong>talia</strong></span> <span class='ocrx_word' id='word_1_704' title='bbox 1325 4738 1591 4807; x_wconf 88' lang='lat' dir='ltr'><strong>patrarit;</strong></span> <span class='ocrx_word' id='word_1_705' title='bbox 1638 4738 1733 4793; x_wconf 90' lang='lat' dir='ltr'><strong>sed</strong></span> <span class='ocrx_word' id='word_1_706' title='bbox 1776 4739 1844 4793; x_wconf 89' lang='lat' dir='ltr'><strong>de</strong></span> <span class='ocrx_word' id='word_1_707' title='bbox 1891 4754 1955 4794; x_wconf 87' lang='lat' dir='ltr'><strong>ea</strong></span> <span class='ocrx_word' id='word_1_708' title='bbox 1988 4754 2048 4794; x_wconf 91' lang='lat' dir='ltr'><strong>re</strong></span> 
     </span>
    </p>
   </div>
   <div class='ocr_carea' id='block_1_95' title="bbox 470 4826 2046 4899">
    <p class='ocr_par' dir='ltr' id='par_1_95' title="bbox 470 4826 2046 4899">
     <span class='ocr_line' id='line_1_95' title="bbox 470 4826 2046 4899; baseline 0.003 -19"><span class='ocrx_word' id='word_1_709' title='bbox 470 4826 701 4882; x_wconf 67' lang='lat' dir='ltr'><strong>laetatur.</strong></span> <span class='ocrx_word' id='word_1_710' title='bbox 756 4827 889 4898; x_wconf 90' lang='lat' dir='ltr'><strong>Ejus</strong></span> <span class='ocrx_word' id='word_1_711' title='bbox 942 4843 1179 4899; x_wconf 89' lang='lat' dir='ltr'><strong>namque</strong></span> <span class='ocrx_word' id='word_1_712' title='bbox 1224 4836 1379 4898; x_wconf 78' lang='lat' dir='ltr'><strong>gesta</strong></span> <span class='ocrx_word' id='word_1_713' title='bbox 1436 4830 1716 4885; x_wconf 85' lang='lat' dir='ltr'><strong>malevolis</strong></span> <span class='ocrx_word' id='word_1_714' title='bbox 1773 4841 2046 4896; x_wconf 90' lang='lat' dir='ltr'><strong>recenset,</strong></span> 
     </span>
    </p>
   </div>
   <div class='ocr_carea' id='block_1_96' title="bbox 468 4922 2049 4993">
    <p class='ocr_par' dir='ltr' id='par_1_96' title="bbox 468 4922 2049 4993">
     <span class='ocr_line' id='line_1_96' title="bbox 468 4922 2049 4993; baseline 0.003 -17"><span class='ocrx_word' id='word_1_715' title='bbox 468 4922 562 4993; x_wconf 93' lang='lat' dir='ltr'><strong>qui</strong></span> <span class='ocrx_word' id='word_1_716' title='bbox 614 4937 676 4977; x_wconf 88' lang='lat' dir='ltr'><strong>ea</strong></span> <span class='ocrx_word' id='word_1_717' title='bbox 720 4931 964 4993; x_wconf 82' lang='lat' dir='ltr'><strong>relegere</strong></span> <span class='ocrx_word' id='word_1_718' title='bbox 1010 4931 1065 4979; x_wconf 89' lang='lat' dir='ltr'><strong>et</strong></span> <span class='ocrx_word' id='word_1_719' title='bbox 1119 4924 1437 4979; x_wconf 87' lang='lat' dir='ltr'><strong>renuntiare</strong></span> <span class='ocrx_word' id='word_1_720' title='bbox 1482 4932 1714 4993; x_wconf 86' lang='lat' dir='ltr'><strong>possunt</strong></span> <span class='ocrx_word' id='word_1_721' title='bbox 1756 4925 1880 4979; x_wconf 88' lang='lat' dir='ltr'><strong>aliis</strong></span> <span class='ocrx_word' id='word_1_722' title='bbox 1912 4925 2049 4980; x_wconf 88' lang='lat' dir='ltr'><strong>bene</strong></span> 
     </span>
    </p>
   </div>
   <div class='ocr_carea' id='block_1_97' title="bbox 468 5015 2045 5090">
    <p class='ocr_par' dir='ltr' id='par_1_97' title="bbox 468 5015 2045 5090">
     <span class='ocr_line' id='line_1_97' title="bbox 468 5015 2045 5090; baseline 0.004 -21"><span class='ocrx_word' id='word_1_723' title='bbox 468 5016 679 5071; x_wconf 90' lang='lat' dir='ltr'><strong>multis.</strong></span> <span class='ocrx_word' id='word_1_724' title='bbox 730 5015 870 5082; x_wconf 86' lang='lat' dir='ltr'><strong>Quid</strong></span> <span class='ocrx_word' id='word_1_725' title='bbox 909 5017 1013 5073; x_wconf 89' lang='lat' dir='ltr'><strong>sibi</strong></span> <span class='ocrx_word' id='word_1_726' title='bbox 1047 5017 1165 5071; x_wconf 88' lang='lat' dir='ltr'><strong>vult</strong></span> <span class='ocrx_word' id='word_1_727' title='bbox 1203 5026 1383 5072; x_wconf 89' lang='lat' dir='ltr'><strong>autem</strong></span> <span class='ocrx_word' id='word_1_728' title='bbox 1416 5017 1551 5072; x_wconf 93' lang='lat' dir='ltr'><strong>illud</strong></span> <span class='ocrx_word' id='word_1_729' title='bbox 1590 5018 2045 5090; x_wconf 82' lang='lat' dir='ltr'><strong>quodadjicitur,</strong></span> 
     </span>
    </p>
   </div>
   <div class='ocr_carea' id='block_1_98' title="bbox 469 5109 2044 5181">
    <p class='ocr_par' dir='ltr' id='par_1_98' title="bbox 469 5109 2044 5181">
     <span class='ocr_line' id='line_1_98' title="bbox 469 5109 2044 5181; baseline 0.002 -17"><span class='ocrx_word' id='word_1_730' title='bbox 469 5117 688 5173; x_wconf 78' lang='lat' dir='ltr'><strong>secreto,</strong></span> <span class='ocrx_word' id='word_1_731' title='bbox 756 5125 877 5164; x_wconf 91' lang='lat' dir='ltr'><strong>cum</strong></span> <span class='ocrx_word' id='word_1_732' title='bbox 923 5110 1101 5180; x_wconf 91' lang='lat' dir='ltr'><strong>palam</strong></span> <span class='ocrx_word' id='word_1_733' title='bbox 1140 5111 1209 5165; x_wconf 90' lang='lat' dir='ltr'><strong>sit</strong></span> <span class='ocrx_word' id='word_1_734' title='bbox 1249 5109 1548 5181; x_wconf 89' lang='lat' dir='ltr'><strong>quamlibet</strong></span> <span class='ocrx_word' id='word_1_735' title='bbox 1593 5110 2044 5169; x_wconf 87' lang='lat' dir='ltr'><strong>obtrectationem</strong></span> 
     </span>
    </p>
   </div>
   <div class='ocr_carea' id='block_1_99' title="bbox 470 5202 2046 5275">
    <p class='ocr_par' dir='ltr' id='par_1_99' title="bbox 470 5202 2046 5275">
     <span class='ocr_line' id='line_1_99' title="bbox 470 5202 2046 5275; baseline 0.001 -16"><span class='ocrx_word' id='word_1_736' title='bbox 470 5212 684 5259; x_wconf 90' lang='lat' dir='ltr'><strong>secreto</strong></span> <span class='ocrx_word' id='word_1_737' title='bbox 715 5202 876 5259; x_wconf 87' lang='lat' dir='ltr'><strong>ﬁeri?</strong></span> <span class='ocrx_word' id='word_1_738' title='bbox 903 5202 1001 5259; x_wconf 78' lang='lat' dir='ltr'><strong>Vel</strong></span> <span class='ocrx_word' id='word_1_739' title='bbox 1025 5204 1080 5258; x_wconf 93' lang='lat' dir='ltr'><strong>id</strong></span> <span class='ocrx_word' id='word_1_740' title='bbox 1116 5203 1250 5265; x_wconf 86' lang='lat' dir='ltr'><strong>dicit</strong></span> <span class='ocrx_word' id='word_1_741' title='bbox 1289 5203 1439 5274; x_wconf 92' lang='lat' dir='ltr'><strong>quod</strong></span> <span class='ocrx_word' id='word_1_742' title='bbox 1468 5205 1682 5275; x_wconf 84' lang='lat' dir='ltr'><strong>agitur;</strong></span> <span class='ocrx_word' id='word_1_743' title='bbox 1720 5212 1814 5259; x_wconf 87' lang='lat' dir='ltr'><strong>aut</strong></span> <span class='ocrx_word' id='word_1_744' title='bbox 1862 5207 1935 5260; x_wconf 87' lang='lat' dir='ltr'><strong>ita</strong></span> <span class='ocrx_word' id='word_1_745' title='bbox 1966 5206 2046 5260; x_wconf 88' lang='lat' dir='ltr'><strong>di-</strong></span> 
     </span>
    </p>
   </div>
   <div class='ocr_carea' id='block_1_100' title="bbox 470 5296 2047 5367">
    <p class='ocr_par' dir='ltr' id='par_1_100' title="bbox 470 5296 2047 5367">
     <span class='ocr_line' id='line_1_100' title="bbox 470 5296 2047 5367; baseline 0 -15"><span class='ocrx_word' id='word_1_746' title='bbox 470 5296 855 5367; x_wconf 83' lang='lat' dir='ltr'><strong>stinguendum</strong></span> <span class='ocrx_word' id='word_1_747' title='bbox 909 5306 995 5351; x_wconf 89' lang='lat' dir='ltr'><strong>est</strong></span> <span class='ocrx_word' id='word_1_748' title='bbox 1030 5297 1499 5352; x_wconf 85' lang='lat' dir='ltr'><strong>:obtrectatorum</strong></span> <span class='ocrx_word' id='word_1_749' title='bbox 1545 5298 1811 5367; x_wconf 88' lang='lat' dir='ltr'><strong>quosdam</strong></span> <span class='ocrx_word' id='word_1_750' title='bbox 1855 5308 2047 5352; x_wconf 89' lang='lat' dir='ltr'><strong>contra</strong></span> 
     </span>
    </p>
   </div>
   <div class='ocr_carea' id='block_1_101' title="bbox 470 5388 2047 5459">
    <p class='ocr_par' dir='ltr' id='par_1_101' title="bbox 470 5388 2047 5459">
     <span class='ocr_line' id='line_1_101' title="bbox 470 5388 2047 5459; baseline 0.002 -20"><span class='ocrx_word' id='word_1_751' title='bbox 470 5396 769 5456; x_wconf 58' lang='lat' dir='ltr'><strong>prementes</strong></span> <span class='ocrx_word' id='word_1_752' title='bbox 790 5404 976 5442; x_wconf 90' lang='lat' dir='ltr'><strong>coram</strong></span> <span class='ocrx_word' id='word_1_753' title='bbox 1007 5388 1258 5459; x_wconf 81' lang='lat' dir='ltr'><strong>obloqui;</strong></span> <span class='ocrx_word' id='word_1_754' title='bbox 1286 5388 1341 5442; x_wconf 91' lang='lat' dir='ltr'><strong>hi</strong></span> <span class='ocrx_word' id='word_1_755' title='bbox 1369 5404 1535 5459; x_wconf 79' lang='lat' dir='ltr'><strong>porro</strong></span> <span class='ocrx_word' id='word_1_756' title='bbox 1565 5390 1968 5444; x_wconf 86' lang='lat' dir='ltr'><strong>conviciatores</strong></span> <span class='ocrx_word' id='word_1_757' title='bbox 1992 5400 2047 5444; x_wconf 84' lang='lat' dir='ltr'><strong>et</strong></span> 
     </span>
    </p>
   </div>
   <div class='ocr_carea' id='block_1_102' title="bbox 471 5480 2047 5548">
    <p class='ocr_par' dir='ltr' id='par_1_102' title="bbox 471 5480 2047 5548">
     <span class='ocr_line' id='line_1_102' title="bbox 471 5480 2047 5548; baseline 0.003 -16"><span class='ocrx_word' id='word_1_758' title='bbox 471 5480 856 5535; x_wconf 90' lang='lat' dir='ltr'><strong>contumeliosi</strong></span> <span class='ocrx_word' id='word_1_759' title='bbox 908 5491 1130 5536; x_wconf 87' lang='lat' dir='ltr'><strong>assueto</strong></span> <span class='ocrx_word' id='word_1_760' title='bbox 1175 5496 1327 5536; x_wconf 90' lang='lat' dir='ltr'><strong>more</strong></span> <span class='ocrx_word' id='word_1_761' title='bbox 1376 5490 1677 5548; x_wconf 86' lang='lat' dir='ltr'><strong>vocantur;</strong></span> <span class='ocrx_word' id='word_1_762' title='bbox 1733 5484 1824 5537; x_wconf 89' lang='lat' dir='ltr'><strong>sed</strong></span> <span class='ocrx_word' id='word_1_763' title='bbox 1867 5492 2047 5537; x_wconf 85' lang='lat' dir='ltr'><strong>tamen</strong></span> 
     </span>
    </p>
   </div>
   <div class='ocr_carea' id='block_1_103' title="bbox 474 5573 2049 5645">
    <p class='ocr_par' dir='ltr' id='par_1_103' title="bbox 474 5573 2049 5645">
     <span class='ocr_line' id='line_1_103' title="bbox 474 5573 2049 5645; baseline 0.002 -20"><span class='ocrx_word' id='word_1_764' title='bbox 474 5573 602 5640; x_wconf 85' lang='lat' dir='ltr'><strong>quia</strong></span> <span class='ocrx_word' id='word_1_765' title='bbox 639 5582 829 5627; x_wconf 89' lang='lat' dir='ltr'><strong>contra</strong></span> <span class='ocrx_word' id='word_1_766' title='bbox 862 5575 1171 5643; x_wconf 87' lang='lat' dir='ltr'><strong>quempiam</strong></span> <span class='ocrx_word' id='word_1_767' title='bbox 1199 5576 1522 5645; x_wconf 84' lang='lat' dir='ltr'><strong>loquuntur,</strong></span> <span class='ocrx_word' id='word_1_768' title='bbox 1569 5575 1908 5629; x_wconf 83' lang='lat' dir='ltr'><strong>detractores</strong></span> <span class='ocrx_word' id='word_1_769' title='bbox 1935 5574 2049 5628; x_wconf 84' lang='lat' dir='ltr'><strong>fue-</strong></span> 
     </span>
    </p>
   </div>
   <div class='ocr_carea' id='block_1_104' title="bbox 475 5664 2047 5738">
    <p class='ocr_par' dir='ltr' id='par_1_104' title="bbox 475 5664 2047 5738">
     <span class='ocr_line' id='line_1_104' title="bbox 475 5664 2047 5738; baseline 0.001 -19"><span class='ocrx_word' id='word_1_770' title='bbox 475 5664 621 5731; x_wconf 82' lang='lat' dir='ltr'><strong>rint;</strong></span> <span class='ocrx_word' id='word_1_771' title='bbox 653 5666 747 5719; x_wconf 89' lang='lat' dir='ltr'><strong>alii</strong></span> <span class='ocrx_word' id='word_1_772' title='bbox 776 5683 904 5720; x_wconf 81' lang='lat' dir='ltr'><strong>vern</strong></span> <span class='ocrx_word' id='word_1_773' title='bbox 932 5668 1070 5721; x_wconf 82' lang='lat' dir='ltr'><strong>clam</strong></span> <span class='ocrx_word' id='word_1_774' title='bbox 1103 5674 1155 5722; x_wconf 88' lang='lat' dir='ltr'><strong>ct</strong></span> <span class='ocrx_word' id='word_1_775' title='bbox 1185 5669 1503 5724; x_wconf 84' lang='lat' dir='ltr'><strong>absentibus</strong></span> <span class='ocrx_word' id='word_1_776' title='bbox 1532 5668 1621 5734; x_wconf 88' lang='lat' dir='ltr'><strong>iis,</strong></span> <span class='ocrx_word' id='word_1_777' title='bbox 1647 5667 1849 5738; x_wconf 90' lang='lat' dir='ltr'><strong>quibus</strong></span> <span class='ocrx_word' id='word_1_778' title='bbox 1878 5667 2047 5721; x_wconf 88' lang='lat' dir='ltr'><strong>male-</strong></span> 
     </span>
    </p>
   </div>
   <div class='ocr_carea' id='block_1_105' title="bbox 543 5840 2014 5915">
    <p class='ocr_par' dir='ltr' id='par_1_105' title="bbox 543 5840 2014 5915">
     <span class='ocr_line' id='line_1_105' title="bbox 543 5840 2014 5915; baseline -0.003 -14"><span class='ocrx_word' id='word_1_779' title='bbox 543 5843 571 5880; x_wconf 82' lang='grc'><strong>⁸</strong></span> <span class='ocrx_word' id='word_1_780' title='bbox 606 5845 625 5900; x_wconf 89' lang='grc' dir='ltr'><strong>Ι</strong></span> <span class='ocrx_word' id='word_1_781' title='bbox 661 5845 787 5901; x_wconf 86' lang='lat' dir='ltr'><strong>Cor.</strong></span> <span class='ocrx_word' id='word_1_782' title='bbox 826 5862 914 5912; x_wconf 85' lang='lat' dir='ltr'><strong>xv,</strong></span> <span class='ocrx_word' id='word_1_783' title='bbox 952 5845 1039 5899; x_wconf 73' lang='lat'><strong>53.</strong></span> <span class='ocrx_word' id='word_1_784' title='bbox 1064 5886 1078 5910; x_wconf 91' lang='lat'><strong>,</strong></span> <span class='ocrx_word' id='word_1_785' title='bbox 1181 5848 1209 5881; x_wconf 46' lang='grc' dir='ltr'><strong>⁹κ</strong></span> <span class='ocrx_word' id='word_1_786' title='bbox 1241 5844 1401 5902; x_wconf 74' lang='lat' dir='ltr'><strong>Prov.</strong></span> <span class='ocrx_word' id='word_1_787' title='bbox 1441 5862 1532 5915; x_wconf 78' lang='lat' dir='ltr'><strong>xx,</strong></span> <span class='ocrx_word' id='word_1_788' title='bbox 1590 5845 1673 5911; x_wconf 80' lang='lat' dir='ltr'><strong>l5,</strong></span> <span class='ocrx_word' id='word_1_789' title='bbox 1713 5862 1812 5899; x_wconf 86' lang='lat' dir='ltr'><strong>sec.</strong></span> <span class='ocrx_word' id='word_1_790' title='bbox 1852 5840 2014 5897; x_wconf 73' lang='lat' dir='ltr'><strong>LXX.</strong></span> 
     </span>
    </p>
   </div>
   <div class='ocr_carea' id='block_1_106' title="bbox 2150 4638 3733 4721">
    <p class='ocr_par' dir='ltr' id='par_1_106' title="bbox 2150 4638 3733 4721">
     <span class='ocr_line' id='line_1_106' title="bbox 2150 4638 3733 4721; baseline -0.009 -17"><span class='ocrx_word' id='word_1_791' title='bbox 2150 4649 2344 4721; x_wconf 75' lang='grc' dir='ltr'>ἡδονῆς</span> <span class='ocrx_word' id='word_1_792' title='bbox 2386 4650 2501 4702; x_wconf 80' lang='grc' dir='ltr'>κατ’</span> <span class='ocrx_word' id='word_1_793' title='bbox 2534 4647 2743 4700; x_wconf 83' lang='grc' dir='ltr'>ἐκείνου</span> <span class='ocrx_word' id='word_1_794' title='bbox 2782 4645 2981 4714; x_wconf 89' lang='grc' dir='ltr'>λέγειν,</span> <span class='ocrx_word' id='word_1_795' title='bbox 3022 4645 3120 4696; x_wconf 76' lang='grc' dir='ltr'><strong>οὐκ</strong></span> <span class='ocrx_word' id='word_1_796' title='bbox 3160 4642 3459 4713; x_wconf 84' lang='grc' dir='ltr'>ἀχθόμενος</span> <span class='ocrx_word' id='word_1_797' title='bbox 3510 4641 3602 4692; x_wconf 83' lang='grc' dir='ltr'><strong>ἐπὶ</strong></span> <span class='ocrx_word' id='word_1_798' title='bbox 3650 4638 3733 4707; x_wconf 81' lang='grc' dir='ltr'>τῷ</span> 
     </span>
    </p>
   </div>
   <div class='ocr_carea' id='block_1_107' title="bbox 2148 4732 3733 4809">
    <p class='ocr_par' dir='ltr' id='par_1_107' title="bbox 2148 4732 3733 4809">
     <span class='ocr_line' id='line_1_107' title="bbox 2148 4732 3733 4809; baseline -0.008 -14"><span class='ocrx_word' id='word_1_799' title='bbox 2148 4741 2371 4795; x_wconf 80' lang='grc' dir='ltr'>τοιαῦτα</span> <span class='ocrx_word' id='word_1_800' title='bbox 2396 4743 2601 4794; x_wconf 91' lang='grc' dir='ltr'>ἐκεῖνον</span> <span class='ocrx_word' id='word_1_801' title='bbox 2629 4738 3008 4809; x_wconf 87' lang='grc' dir='ltr'>πεποιηκέναι,</span> <span class='ocrx_word' id='word_1_802' title='bbox 3034 4735 3169 4789; x_wconf 84' lang='grc' dir='ltr'>ἀλλὰ</span> <span class='ocrx_word' id='word_1_803' title='bbox 3192 4736 3284 4788; x_wconf 79' lang='grc' dir='ltr'><strong>καὶ</strong></span> <span class='ocrx_word' id='word_1_804' title='bbox 3314 4735 3539 4804; x_wconf 88' lang='grc' dir='ltr'>χαίρων.</span> <span class='ocrx_word' id='word_1_805' title='bbox 3566 4732 3733 4800; x_wconf 81' lang='grc' dir='ltr'>Λέγει</span> 
     </span>
    </p>
   </div>
   <div class='ocr_carea' id='block_1_108' title="bbox 2150 4825 3735 4900">
    <p class='ocr_par' dir='ltr' id='par_1_108' title="bbox 2150 4825 3735 4900">
     <span class='ocr_line' id='line_1_108' title="bbox 2150 4825 3735 4900; baseline -0.005 -15"><span class='ocrx_word' id='word_1_806' title='bbox 2150 4832 2279 4900; x_wconf 76' lang='grc' dir='ltr'>γοῦν</span> <span class='ocrx_word' id='word_1_807' title='bbox 2304 4832 2533 4894; x_wconf 86' lang='grc' dir='ltr'>ἐκείνοις</span> <span class='ocrx_word' id='word_1_808' title='bbox 2554 4831 2623 4883; x_wconf 83' lang='grc' dir='ltr'><strong>τά</strong></span> <span class='ocrx_word' id='word_1_809' title='bbox 2656 4830 2784 4899; x_wconf 77' lang='grc' dir='ltr'>περὶ</span> <span class='ocrx_word' id='word_1_810' title='bbox 2815 4827 2979 4880; x_wconf 81' lang='grc' dir='ltr'>αὐτοῦ</span> <span class='ocrx_word' id='word_1_811' title='bbox 3009 4831 3122 4890; x_wconf 87' lang='grc' dir='ltr'>τοῖς</span> <span class='ocrx_word' id='word_1_812' title='bbox 3157 4826 3405 4897; x_wconf 82' lang='grc' dir='ltr'>μισοῦσιν</span> <span class='ocrx_word' id='word_1_813' title='bbox 3428 4825 3608 4885; x_wconf 80' lang='grc' dir='ltr'>αὐτὸν,</span> <span class='ocrx_word' id='word_1_814' title='bbox 3635 4825 3735 4877; x_wconf 73' lang='grc' dir='ltr'>καὶ</span> 
     </span>
    </p>
   </div>
   <div class='ocr_carea' id='block_1_109' title="bbox 2152 4916 3748 4994">
    <p class='ocr_par' dir='ltr' id='par_1_109' title="bbox 2152 4916 3748 4994">
     <span class='ocr_line' id='line_1_109' title="bbox 2152 4916 3748 4994; baseline -0.006 -16"><span class='ocrx_word' id='word_1_815' title='bbox 2152 4926 2460 4994; x_wconf 75' lang='grc' dir='ltr'>φανερῶσαι</span> <span class='ocrx_word' id='word_1_816' title='bbox 2490 4924 2805 4989; x_wconf 84' lang='grc' dir='ltr'>δυναμένοις</span> <span class='ocrx_word' id='word_1_817' title='bbox 2832 4922 2899 4975; x_wconf 88' lang='grc' dir='ltr'>δι’</span> <span class='ocrx_word' id='word_1_818' title='bbox 2925 4919 3255 4988; x_wconf 81' lang='grc' dir='ltr'>ἐπαγγελίας</span> <span class='ocrx_word' id='word_1_819' title='bbox 3291 4918 3497 4988; x_wconf 78' lang='grc' dir='ltr'>ἑτέροις</span> <span class='ocrx_word' id='word_1_820' title='bbox 3522 4916 3748 4976; x_wconf 20' lang='grc' dir='ltr'>πλείοσι,</span> 
     </span>
    </p>
   </div>
   <div class='ocr_carea' id='block_1_110' title="bbox 2150 5006 3733 5087">
    <p class='ocr_par' dir='ltr' id='par_1_110' title="bbox 2150 5006 3733 5087">
     <span class='ocr_line' id='line_1_110' title="bbox 2150 5006 3733 5087; baseline -0.006 -17"><span class='ocrx_word' id='word_1_821' title='bbox 2150 5017 2217 5070; x_wconf 83' lang='grc' dir='ltr'>τὰ</span> <span class='ocrx_word' id='word_1_822' title='bbox 2260 5017 2387 5087; x_wconf 70' lang='grc' dir='ltr'>περὶ</span> <span class='ocrx_word' id='word_1_823' title='bbox 2417 5016 2600 5070; x_wconf 82' lang='grc' dir='ltr'>αὐτοῦ.</span> <span class='ocrx_word' id='word_1_824' title='bbox 2630 5015 2694 5068; x_wconf 91' lang='grc' dir='ltr'>Τί</span> <span class='ocrx_word' id='word_1_825' title='bbox 2724 5015 2780 5068; x_wconf 87' lang='grc' dir='ltr'>δὲ</span> <span class='ocrx_word' id='word_1_826' title='bbox 2815 5013 3060 5084; x_wconf 87' lang='grc' dir='ltr'>βούλεται</span> <span class='ocrx_word' id='word_1_827' title='bbox 3094 5010 3487 5082; x_wconf 86' lang='grc' dir='ltr'>προσκείμενον</span> <span class='ocrx_word' id='word_1_828' title='bbox 3516 5008 3596 5071; x_wconf 75' lang='grc' dir='ltr'>τὸ,</span> <span class='ocrx_word' id='word_1_829' title='bbox 3622 5006 3733 5061; x_wconf 76' lang='grc' dir='ltr'>λά-</span> 
     </span>
    </p>
   </div>
   <div class='ocr_carea' id='block_1_111' title="bbox 2150 5100 3734 5181">
    <p class='ocr_par' dir='ltr' id='par_1_111' title="bbox 2150 5100 3734 5181">
     <span class='ocr_line' id='line_1_111' title="bbox 2150 5100 3734 5181; baseline -0.007 -19"><span class='ocrx_word' id='word_1_830' title='bbox 2150 5112 2278 5177; x_wconf 72' lang='grc' dir='ltr'>θρα,</span> <span class='ocrx_word' id='word_1_831' title='bbox 2317 5108 2549 5181; x_wconf 75' lang='grc' dir='ltr'>φανεροῦ</span> <span class='ocrx_word' id='word_1_832' title='bbox 2575 5108 2745 5171; x_wconf 72' lang='grc' dir='ltr'>ὄντος,</span> <span class='ocrx_word' id='word_1_833' title='bbox 2775 5107 2856 5159; x_wconf 85' lang='grc' dir='ltr'>ὅτι</span> <span class='ocrx_word' id='word_1_834' title='bbox 2880 5107 3028 5158; x_wconf 84' lang='grc' dir='ltr'>πᾶσα</span> <span class='ocrx_word' id='word_1_835' title='bbox 3062 5102 3365 5173; x_wconf 81' lang='grc' dir='ltr'>κατηγορία</span> <span class='ocrx_word' id='word_1_836' title='bbox 3384 5100 3559 5172; x_wconf 80' lang='grc' dir='ltr'>λάθρα</span> <span class='ocrx_word' id='word_1_837' title='bbox 3586 5100 3734 5169; x_wconf 85' lang='grc' dir='ltr'>γίνε-</span> 
     </span>
    </p>
   </div>
   <div class='ocr_carea' id='block_1_112' title="bbox 2147 5193 3733 5269">
    <p class='ocr_par' dir='ltr' id='par_1_112' title="bbox 2147 5193 3733 5269">
     <span class='ocr_line' id='line_1_112' title="bbox 2147 5193 3733 5269; baseline -0.006 -14"><span class='ocrx_word' id='word_1_838' title='bbox 2147 5219 2265 5268; x_wconf 91' lang='grc' dir='ltr'>ται;</span> <span class='ocrx_word' id='word_1_839' title='bbox 2302 5203 2371 5255; x_wconf 87' lang='grc' dir='ltr'><em>Ἢ</em></span> <span class='ocrx_word' id='word_1_840' title='bbox 2407 5202 2537 5254; x_wconf 85' lang='grc' dir='ltr'>αύτὺ</span> <span class='ocrx_word' id='word_1_841' title='bbox 2562 5200 2708 5269; x_wconf 85' lang='grc' dir='ltr'>λέγει</span> <span class='ocrx_word' id='word_1_842' title='bbox 2731 5200 2792 5252; x_wconf 83' lang='grc' dir='ltr'><strong>τὸ</strong></span> <span class='ocrx_word' id='word_1_843' title='bbox 2815 5198 2893 5263; x_wconf 83' lang='grc' dir='ltr'><strong>ὃν,</strong></span> <span class='ocrx_word' id='word_1_844' title='bbox 2924 5198 2956 5268; x_wconf 81' lang='grc' dir='ltr'>ἢ</span> <span class='ocrx_word' id='word_1_845' title='bbox 2982 5196 3279 5266; x_wconf 87' lang='grc' dir='ltr'>διαιρετέον</span> <span class='ocrx_word' id='word_1_846' title='bbox 3310 5193 3474 5258; x_wconf 73' lang='grc' dir='ltr'>οὕτω,</span> <span class='ocrx_word' id='word_1_847' title='bbox 3509 5194 3589 5246; x_wconf 75' lang='grc' dir='ltr'>ὅτι</span> <span class='ocrx_word' id='word_1_848' title='bbox 3615 5193 3733 5245; x_wconf 83' lang='grc' dir='ltr'><strong>τῶν</strong></span> 
     </span>
    </p>
   </div>
   <div class='ocr_carea' id='block_1_113' title="bbox 2150 5289 3732 5371">
    <p class='ocr_par' dir='ltr' id='par_1_113' title="bbox 2150 5289 3732 5371">
     <span class='ocr_line' id='line_1_113' title="bbox 2150 5289 3732 5371; baseline -0.009 -18"><span class='ocrx_word' id='word_1_849' title='bbox 2150 5298 2598 5371; x_wconf 81' lang='grc' dir='ltr'>κατηγορούντων</span> <span class='ocrx_word' id='word_1_850' title='bbox 2631 5297 2803 5360; x_wconf 83' lang='grc' dir='ltr'>τινὰς,</span> <span class='ocrx_word' id='word_1_851' title='bbox 2843 5297 2892 5348; x_wconf 82' lang='grc' dir='ltr'>οἱ</span> <span class='ocrx_word' id='word_1_852' title='bbox 2937 5294 3033 5365; x_wconf 83' lang='grc' dir='ltr'><strong>μὲν</strong></span> <span class='ocrx_word' id='word_1_853' title='bbox 3067 5291 3208 5345; x_wconf 72' lang='grc' dir='ltr'>κατὰ</span> <span class='ocrx_word' id='word_1_854' title='bbox 3250 5289 3541 5361; x_wconf 89' lang='grc' dir='ltr'>πρόσωπον</span> <span class='ocrx_word' id='word_1_855' title='bbox 3587 5306 3732 5359; x_wconf 88' lang='grc' dir='ltr'>παρ-</span> 
     </span>
    </p>
   </div>
   <div class='ocr_carea' id='block_1_114' title="bbox 2148 5378 3731 5461">
    <p class='ocr_par' dir='ltr' id='par_1_114' title="bbox 2148 5378 3731 5461">
     <span class='ocr_line' id='line_1_114' title="bbox 2148 5378 3731 5461; baseline -0.009 -16"><span class='ocrx_word' id='word_1_856' title='bbox 2148 5393 2306 5455; x_wconf 77' lang='grc' dir='ltr'>όντας</span> <span class='ocrx_word' id='word_1_857' title='bbox 2353 5391 2743 5461; x_wconf 75' lang='grc' dir='ltr'>κακηγοροῦσι,</span> <span class='ocrx_word' id='word_1_858' title='bbox 2787 5389 3018 5458; x_wconf 83' lang='grc' dir='ltr'>λοίδοροι</span> <span class='ocrx_word' id='word_1_859' title='bbox 3058 5386 3114 5439; x_wconf 81' lang='grc' dir='ltr'>δὲ</span> <span class='ocrx_word' id='word_1_860' title='bbox 3155 5378 3299 5437; x_wconf 73' lang='grc' dir='ltr'>οὗτοι</span> <span class='ocrx_word' id='word_1_861' title='bbox 3334 5382 3428 5434; x_wconf 80' lang='grc' dir='ltr'><strong>καὶ</strong></span> <span class='ocrx_word' id='word_1_862' title='bbox 3478 5380 3731 5450; x_wconf 71' lang='grc' dir='ltr'>ὑϐρισταὶ</span> 
     </span>
    </p>
   </div>
   <div class='ocr_carea' id='block_1_115' title="bbox 2152 5471 3731 5549">
    <p class='ocr_par' dir='ltr' id='par_1_115' title="bbox 2152 5471 3731 5549">
     <span class='ocr_line' id='line_1_115' title="bbox 2152 5471 3731 5549; baseline -0.006 -16"><span class='ocrx_word' id='word_1_863' title='bbox 2152 5480 2395 5549; x_wconf 76' lang='grc' dir='ltr'>συνήθως</span> <span class='ocrx_word' id='word_1_864' title='bbox 2438 5480 2758 5533; x_wconf 80' lang='grc' dir='ltr'>καλοῦνται·</span> <span class='ocrx_word' id='word_1_865' title='bbox 2790 5480 2938 5549; x_wconf 86' lang='grc' dir='ltr'>ὅμως</span> <span class='ocrx_word' id='word_1_866' title='bbox 2972 5473 3065 5529; x_wconf 78' lang='grc' dir='ltr'><strong>οὖν</strong></span> <span class='ocrx_word' id='word_1_867' title='bbox 3108 5473 3184 5545; x_wconf 81' lang='grc' dir='ltr'><strong>τῷ</strong></span> <span class='ocrx_word' id='word_1_868' title='bbox 3210 5473 3352 5526; x_wconf 88' lang='grc' dir='ltr'><strong>κατά</strong></span> <span class='ocrx_word' id='word_1_869' title='bbox 3379 5489 3524 5536; x_wconf 87' lang='grc' dir='ltr'>τινος</span> <span class='ocrx_word' id='word_1_870' title='bbox 3550 5471 3731 5538; x_wconf 83' lang='grc' dir='ltr'>λέγειν</span> 
     </span>
    </p>
   </div>
   <div class='ocr_carea' id='block_1_116' title="bbox 2149 5553 3731 5635">
    <p class='ocr_par' dir='ltr' id='par_1_116' title="bbox 2149 5553 3731 5635">
     <span class='ocr_line' id='line_1_116' title="bbox 2149 5553 3731 5635; baseline -0.007 -10"><span class='ocrx_word' id='word_1_871' title='bbox 2149 5572 2438 5626; x_wconf 83' lang='grc' dir='ltr'>κατάλαλοι</span> <span class='ocrx_word' id='word_1_872' title='bbox 2480 5571 2545 5624; x_wconf 82' lang='grc' dir='ltr'><strong>ἂν</strong></span> <span class='ocrx_word' id='word_1_873' title='bbox 2580 5568 2720 5625; x_wconf 85' lang='grc' dir='ltr'>εἶεν·</span> <span class='ocrx_word' id='word_1_874' title='bbox 2756 5571 2803 5622; x_wconf 83' lang='grc' dir='ltr'>οἱ</span> <span class='ocrx_word' id='word_1_875' title='bbox 2847 5553 2925 5621; x_wconf 68' lang='grc' dir='ltr'>δὲ’</span> <span class='ocrx_word' id='word_1_876' title='bbox 2955 5567 3128 5635; x_wconf 82' lang='grc' dir='ltr'>λάθρα</span> <span class='ocrx_word' id='word_1_877' title='bbox 3176 5566 3268 5618; x_wconf 74' lang='grc' dir='ltr'><strong>καὶ</strong></span> <span class='ocrx_word' id='word_1_878' title='bbox 3319 5564 3569 5617; x_wconf 83' lang='grc' dir='ltr'>ἀπόντων</span> <span class='ocrx_word' id='word_1_879' title='bbox 3618 5560 3731 5615; x_wconf 78' lang='grc' dir='ltr'>τῶν</span> 
     </span>
    </p>
   </div>
   <div class='ocr_carea' id='block_1_117' title="bbox 2151 5654 3741 5736">
    <p class='ocr_par' dir='ltr' id='par_1_117' title="bbox 2151 5654 3741 5736">
     <span class='ocr_line' id='line_1_117' title="bbox 2151 5654 3741 5736; baseline -0.006 -20"><span class='ocrx_word' id='word_1_880' title='bbox 2151 5664 2640 5736; x_wconf 82' lang='grc' dir='ltr'>κατηγορουμένων</span> <span class='ocrx_word' id='word_1_881' title='bbox 2690 5663 2906 5731; x_wconf 77' lang='grc' dir='ltr'>λέγουσι</span> <span class='ocrx_word' id='word_1_882' title='bbox 2951 5661 3071 5715; x_wconf 80' lang='grc' dir='ltr'>κατ’</span> <span class='ocrx_word' id='word_1_883' title='bbox 3119 5656 3314 5712; x_wconf 80' lang='grc' dir='ltr'>αὐτῶν.</span> <span class='ocrx_word' id='word_1_884' title='bbox 3372 5656 3475 5710; x_wconf 71' lang='grc' dir='ltr'><strong>Τὸν</strong></span> <span class='ocrx_word' id='word_1_885' title='bbox 3528 5654 3741 5727; x_wconf 66' lang='grc' dir='ltr'>ταύτηνι</span> 
     </span>
    </p>
   </div>
   <div class='ocr_carea' id='block_1_118' title="bbox 2161 5842 2584 5918">
    <p class='ocr_par' dir='ltr' id='par_1_118' title="bbox 2161 5842 2584 5918">
     <span class='ocr_line' id='line_1_118' title="bbox 2161 5842 2584 5918; baseline 0 -22"><span class='ocrx_word' id='word_1_886' title='bbox 2161 5846 2201 5877; x_wconf 85' lang='grc'><strong>¹⁰</strong></span> <span class='ocrx_word' id='word_1_887' title='bbox 2239 5842 2352 5900; x_wconf 75' lang='lat' dir='ltr'><strong>Jac.</strong></span> <span class='ocrx_word' id='word_1_888' title='bbox 2389 5861 2462 5918; x_wconf 75' lang='lat' dir='ltr'><strong>tv,</strong></span> <span class='ocrx_word' id='word_1_889' title='bbox 2504 5845 2584 5898; x_wconf 85' lang='lat' dir='ltr'><strong>ll.</strong></span> 
     </span>
    </p>
   </div>
  </div>
