3992 6404
428 380 567 437 1245

1589 386 2099 447 COMMENTABIA
2133 389 2201 446 IN
2239 391 2577 451 PSALMOS.

3546 397 3684 454 1246

421 495 519 553 οὖν
545 499 735 570 ἔχοντα
757 500 861 573 τὴν
883 500 1037 569 τάξιν
1062 501 1344 558 ἐκδιώοιειν
1375 506 1402 559 6
1426 505 1581 575 ἅγιος
1603 508 1771 577 λέγει,
1799 482 1859 561 ού
1883 510 1996 573 τοὺς

2113 512 2339 578 dicitur,
2369 513 2767 585 obloquuntur.
2813 514 2952 572 Eum
2977 530 3117 573 vero
3144 515 3240 587 qui
3271 514 3437 585 hujus
3456 514 3684 581 fordinis

421 594 504 655 εἰς
532 591 821 664 πρόσωπον
866 593 1420 667 διαλοιδορουμένους.
1464 600 1703 663 Ἐκεῖνος
1732 600 1842 671 γάρ
1883 600 2003 654 καθ’

420 676 483 738 οὗ
508 685 563 736 αἱ
589 682 927 755 βλασφημίαι
950 686 982 757 ἤ
1009 687 1197 761 παρὼν
1222 690 1641 762 ἀπολογήσεται,
1667 693 1699 763 ἢ
1730 693 2005 763 ἐλεγχθεὶς

419 775 517 827 ἐπὶ
542 774 620 845 τῷ
646 776 885 840 τοιοῦτος
918 774 1076 842 εἶναι,
1114 781 1555 852 αἰσχυνθήσεται.
1597 784 1827 839 Δυνατὸν
1860 786 2006 838 ἀντι-

419 865 827 921 διαστέλλεσθαι
851 870 951 940 τὴν
982 870 1156 941 λάθρα
1189 874 1481 943 γινομένην
1505 875 1836 929 καταλαλιάν
1868 877 2004 947 πρὸς

419 957 519 1028 τὴν
553 960 644 1012 ἐπὶ
674 962 876 1031 κριτῶν
909 964 1265 1035 κατηγορίαν.
1303 967 1414 1019 Καὶ
1446 967 1555 1039 γὰρ
1589 968 1726 1040 αὕτη
1751 968 1829 1039 τῷ
1856 970 2002 1038 γένει

418 1049 741 1132 οκαταλαλιά,
768 1052 881 1106 ἀλλ’
910 1056 970 1107 οὑ
1001 1055 1178 1127 λάθρα
1210 1058 1495 1128 γινομένη.
1525 1061 1751 1132 Καρπὸς
1777 1060 1878 1131 μὲν
1908 1058 2000 1114 οὖν

420 1139 659 1205 διανοίας
705 1145 1072 1217 ἀγιοπρεποῢς
1120 1148 1182 1201 τὸ
1225 1151 1609 1220 παραιτεῖσθαι
1655 1152 1781 1215 τοὺς
1835 1169 2002 1224 πονη-

424 1232 576 1305 ρούςο
607 1236 843 1307 ἐσχάτης
878 1239 935 1292 δὲ
972 1241 1238 1312 πονηρίας
1271 1244 1545 1309 ἀπόδειξις
1574 1245 1633 1297 τὸ
1678 1245 1998 1300 καταλαλεῖν

420 1326 671 1396 ἀδελφοῦ,
703 1331 794 1383 καὶ
827 1331 1001 1387 ταῦτα
1041 1334 1235 1407 λάθρα,
1266 1336 1404 1391 ἀλλὰ
1452 1338 1524 1408 μὴ
1559 1340 1639 1401 εἰς
1685 1338 1994 1410 πρόσωπον,

421 1420 506 1472 ῖνα
536 1422 609 1493 μὴ
643 1424 832 1495 παρὼν
857 1426 1265 1500 ἀπολογήσηται
1305 1434 1333 1485 6
1382 1431 1887 1503 κατηγορούμενος’
1919 1433 1995 1498 ὡς

418 1510 447 1562 ὃ
473 1528 535 1577 γε
584 1514 671 1582 ἐφ’
700 1516 855 1585 ἡμῶν
892 1518 1078 1591 ἐτέρου
1112 1521 1450 1586 καταλαλῶν,
1490 1516 1645 1586 οὗτος
1684 1523 1803 1576 οὑδὲ
1839 1523 1996 1594 ἡμῶν

419 1604 737 1659 καταλαλεῖν
763 1608 846 1675 ἐφ’
876 1610 1076 1679 ἐτέρων
1109 1611 1385 1681 ἀφέξεται.
1419 1614 1578 1669 Ὅθεν
1611 1614 1714 1686 χρὴ
1749 1615 1841 1667 τὸν
1881 1632 1995 1668 τοι-

417 1694 571 1749 οὖτον
601 1696 676 1759 ὡς
717 1700 893 1755 κοινὸν
931 1701 1122 1773 ἐχθρὸν
1164 1704 1387 1768 εἰκότως
1420 1705 1761 1769 ἐλαύνεσθαι,
1791 1706 1866 1768 ὡς
1905 1706 1994 1760 τὸν

417 1785 476 1837 ἐν
506 1789 815 1860 παραδείσῳ
853 1792 1189 1862 μιμούμενον
1214 1793 1500 1865 δράκοντα,
1527 1795 1584 1858 ὃς
1610 1795 1703 1848 τοῦ
1735 1796 1870 1848 Θεοῦ
1901 1812 1992 1847 κα-

417 1879 724 1952 ταλαλήσας
759 1884 856 1955 τὴν
897 1884 1040 1939 Ε’ύαν
1068 1862 1369 1958 ⁴ἠπάτησεν.
1412 1889 1600 1958 Ἡμεῖς
1627 1888 1682 1940 δὲ
1728 1889 1867 1959 μήτε
1904 1888 1994 1940 λέ-
2029 1862 2071 1915 Β

418 1974 830 2043 γωμενοκακῶς,
865 1978 959 2029 καὶ
988 1980 1099 2040 τοῖς
1126 1977 1373 2047 λέγουσιν
1403 1979 1572 2049 ἀκοὴν
1604 1980 1678 2051 μὴ
1709 1980 1997 2051 παράσχω-

420 2081 537 2134 μεν.
577 2066 783 2134 Ἀκοὴν
812 2066 899 2131 δὲ,
933 2070 1085 2140 φησί,
1130 2072 1389 2139 ματαίαν
1414 2070 1498 2140 μὴ
1529 2071 1864 2140 παραδέξῃ’
1895 2073 1997 2125 οὑκ

417 2153 557 2223 εἷπε,
597 2159 670 2230 μὴ
702 2160 1022 2235 πιστεύσῃς,
1069 2163 1224 2224 ἀλλὰ,
1252 2163 1338 2232 μὴ
1364 2164 1694 2234 παραδέξῃ.
1728 2164 1817 2217 Διὸ
1848 2165 1941 2219 καὶ
1968 2165 1996 2217 ὁ

417 2250 731 2324 Προφήτης,
783 2253 1151 2320 Ἐξεδίωκον,
1184 2258 1341 2328 φησι,
1373 2257 1478 2311 τὸν
1502 2258 1962 2313 καταλαλοῦντα
1981 2275 1994 2288 ⁸

414 2343 514 2396 οὑκ
547 2340 717 2397 εἶπεν·
747 2347 860 2400 Οὑκ
884 2349 1185 2413 ἐπίστευον,
1217 2350 1273 2421 ἢ,
1306 2351 1379 2403 Ού
1410 2351 1788 2422 παρεδεχόμην
1816 2350 1884 2404 τὰ
1912 2351 2000 2403 λε-

414 2436 653 2504 γόμενα·
687 2437 825 2491 ἀλλά
857 2440 953 2492 καὶ
982 2440 1058 2503 ὡς
1096 2440 1287 2512 ἐχθρὸν
1325 2441 1656 2511 ἀπήλαυνον.
1688 2441 1821 2494 Εἰπέ
1863 2440 1999 2511 πρὸς

412 2525 504 2579 τὸν
558 2527 981 2596 καταλαλοῦντα,
1034 2532 1216 2601 Ἔχεις
1263 2532 1548 2585 ἐπαινέσαι
1605 2532 1745 2596 τινὰ,
1797 2532 1997 2599 ἀνοίγω

412 2617 511 2681 τάς
532 2619 720 2685 ἀκοὰς,
754 2621 841 2675 ἵνα
874 2623 1112 2694 δέξωμαι
1155 2623 1225 2677 τά
1261 2624 1409 2696 μύρα
1430 2643 1442 2655 ·
1487 2624 1673 2687 κακῶς
1705 2624 1880 2687 θέλεις
1922 2625 1999 2677 εἰ·

414 2712 554 2776 πεῖν,
586 2712 919 2785 ἀποφράττω
955 2716 1053 2787 τὴν
1088 2716 1291 2769 εἴσοδον
1334 2720 1447 2780 τοῖς
1492 2718 1729 2788 ῥήμασιν
1750 2733 1764 2747 ’
1800 2718 1861 2769 ού
1888 2716 1998 2787 γάρ

414 2802 674 2873 ἀνέχομαι
706 2806 908 2878 κόπρον
941 2808 1034 2860 καὶ
1063 2807 1320 2879 βόρϐορον
1341 2808 1606 2879 δέχεσθαι.
1648 2809 1996 2880 Ἐπιστόμιζε

413 2893 501 2945 τὸν
531 2896 933 2951 καταλαλοῢντα
954 2900 1010 2951 ἐν
1036 2900 1225 2964 ἀκοαῖς
1251 2917 1364 2963 σου,
1396 2902 1479 2954 ἵνα
1506 2902 1579 2972 μὴ
1602 2901 1792 2973 διπλῆν
1821 2903 1999 2973 ἁμαρ-

413 2986 534 3039 τίαν
567 2988 664 3041 σὺν
695 2989 845 3059 αὑτῷ
887 2991 1229 3062 ἀμαρτάνης,
1278 2993 1370 3045 καὶ
1404 2993 1596 3046 σαυτὸν
1629 2992 1856 3063 ὀλεθρίῳ
1888 2991 1996 3044 πά·-

415 3077 495 3131 θει
522 3076 739 3144 ἐθίζων,
770 3082 1020 3135 κάκεῖνον
1046 3082 1187 3135 κατὰ
1219 3082 1310 3135 τοῦ
1349 3083 1577 3155 πλησίον
1610 3065 1865 3153 ερλυαρεῖν
1898 3083 1998 3135 οὑκ

412 3170 754 3227 ἀνακόπτων.
788 3172 879 3243 Μὴ
905 3173 1049 3244 δῴης
1085 3174 1184 3245 τὴν
1212 3175 1382 3246 ἀκοήν
1412 3192 1504 3228 σου
1546 3177 1611 3246 τῇ
1646 3174 1865 3246 γλώσσῃ
1900 3173 1994 3227 τοῦ

413 3264 734 3329 καταλάλου,
774 3266 907 3337 μηδὲ
940 3267 1037 3338 τὴν
1065 3267 1316 3336 γλῶσσάν
1346 3286 1439 3322 σου
1467 3271 1532 3337 τῇ
1562 3270 1698 3340 ἀκοῇ
1722 3267 1816 3321 τοῦ
1848 3267 1996 3337 φιλο-

410 3356 600 3427 ψόγου,
640 3359 811 3430 ἡδέως
841 3358 1018 3414 λαλῶν
1052 3360 1085 3431 ἢ
1131 3361 1346 3415 ἀκούων
1378 3362 1521 3416 κατά
1552 3362 1645 3415 τοῦ
1686 3361 1873 3427 πέλας,
1910 3361 1996 3414 ἵνα

416 3451 491 3523 μὴ
518 3452 755 3523 ἐκπέσης
782 3452 882 3522 τῆς
921 3452 1163 3522 ἀγάπης,
1200 3454 1294 3506 καὶ
1321 3453 1599 3525 ἀλλότριος
1640 3453 1868 3525 εὑρεθῇς
1897 3456 1997 3524 τῆς

411 3544 627 3599 αἰωνίου
647 3545 809 3614 ζωῆς.
837 3545 1163 3618 Διαφέρειδέ
1185 3547 1246 3599 τὸ
1269 3554 1641 3615 κατακρΐναι,
1676 3548 1737 3600 τὸ
1757 3548 1996 3606 ἐξουδε-

410 3635 621 3701 νῶσαι,
652 3637 745 3690 καὶ
768 3637 827 3689 τὸ
847 3641 1118 3691 καταλαλ
1128 3637 1288 3706 ἧσαι.
1308 3638 1743 3707 Καταλαλῆσαι
1755 3640 1862 3711 γάρ
1880 3642 1994 3692 ἐστι

411 3727 471 3780 τὸ
517 3729 689 3780 εἰπεῖν
726 3729 866 3782 κατά
905 3745 1068 3792 τινος,
1113 3726 1245 3793 οἷον,
1291 3730 1373 3782 ὅτι
1419 3729 1715 3799 Ἑψεύσατο
1762 3732 1790 3783 6
1824 3731 1991 3794 δεῖνα,

410 3820 465 3892 ἢ,
500 3819 833 3893 ὠργίσθη,ἢ
878 3820 1223 3891 ἐπόρνευσεν,
1267 3822 1300 3892 ἦ
1348 3839 1403 3875 τι
1454 3822 1719 3875 τοιοῦτον·
1766 3822 1993 3893 ἐλάλησε

409 3912 519 3983 γὰρ
534 3911 797 3983 ἐμπαθῶς
825 3913 883 3965 τὸ
913 3912 1130 3984 ἀμάρτη
1141 3932 1215 3983 μα
1237 3913 1331 3966 τοῦ
1358 3913 1611 3983 ἀδελφοῦ.
1630 3914 1993 3983 Κατακρῖναι

407 4004 465 4057 δέ
493 4006 608 4057 ἐστι
636 4005 697 4057 τὸ
722 4006 917 4070 εἰπεῖν,
951 4006 1032 4058 ὅτι
1079 4006 1135 4058 Ὀ
1161 4006 1309 4058 δεῖνα
1337 4005 1576 4077 ψεύστης
1606 4008 1741 4071 ἐστὶ,
1774 4008 1991 4078 πόρνος,

408 4097 624 4169 ὀργίλος
642 4115 654 4128 ’
688 4096 795 4151 ἰδοὺ
822 4096 930 4170 γὰρ
957 4098 1276 4168 κατέκρινεν
1307 4100 1477 4169 αὑτὴν
1507 4100 1604 4170 τὴν
1630 4100 1867 4155 διάθεσιν
1894 4104 1992 4172 τῆς

410 4189 588 4260 ψυχῆς
626 4188 814 4253 αὑτοῦ,
844 4188 937 4241 καί¹
965 4190 1281 4261 ἀπεφήνατο
1308 4190 1428 4243 καθ’
1460 4191 1581 4244 ὅλου
1613 4192 1706 4245 τοῦ
1740 4193 1851 4263 βίου
1890 4197 1989 4248 αύ-

407 4282 502 4337 τοῦ
541 4283 733 4351 λέγων,
778 4283 858 4336 ὅτι
889 4282 1094 4335 τοιόσδε
1134 4284 1316 4336 ἐστίν·
1352 4283 1479 4337 ἄλλο
1525 4285 1631 4357 γάρ
1660 4286 1775 4338 ἐστι
1818 4286 1877 4339 τὸ
1915 4288 1991 4339 εἰ-

2109 606 2203 670 sit,
2236 622 2295 663 se
2313 607 2515 678 pellere
2547 589 2895 664 sanctus'ille
2922 610 3008 664 vir
3044 609 3200 676 dicit,
3238 624 3347 664 non
3377 615 3557 663 autem
3587 624 3685 665 eos

2106 699 2201 770 qui
2226 714 2412 754 coram
2442 701 2844 755 conviciantur.
2882 699 2932 756 ls
2958 701 3103 756 enim
3133 701 3188 755 in
3214 716 3375 772 quem
3399 700 3686 756 maledicta

2104 792 2502 862 conjiciuntur,
2532 794 2619 849 vel
2649 808 2891 865 praesens
2924 808 3047 849 sese
3078 794 3361 864 purgabit;
3392 794 3479 848 vel
3519 810 3579 849 se
3609 801 3688 846 ta-

2104 885 2209 939 lem
2241 899 2366 940 esse
2398 886 2704 951 convictus,
2745 887 2951 957 pudore
3004 886 3288 941 aﬂicietur.
3337 884 3525 940 Potest
3556 885 3686 940 item

2102 975 2365 1045 distingui
2394 976 2721 1031 obtrectatio
2748 977 2891 1030 clam
2920 975 3067 1031 edita
3103 975 3173 1030 ab
3204 976 3560 1030 accusatione
3597 990 3686 1029 co-

2102 1082 2217 1121 ram
2237 1066 2423 1137 judice
2441 1067 2605 1124 facta.
2631 1067 2844 1124 Etenim
2867 1069 2985 1138 ipsa
3007 1084 3225 1140 quoque
3244 1068 3299 1123 in
3323 1083 3522 1138 genere
3540 1068 3688 1123 oblo-

2101 1161 2251 1216 cutio
2293 1161 2402 1216 dici
2436 1168 2652 1231 potest;
2693 1162 2787 1217 sed
2820 1177 2942 1232 quae
2980 1162 3121 1216 clam
3164 1176 3275 1215 non
3309 1162 3418 1216 fiat.
3449 1159 3686 1217 Fructus

2100 1257 2285 1325 itaque
2306 1263 2513 1310 sancta:
2528 1257 2729 1311 mentis
2749 1255 2912 1311 fuerit
2930 1256 3197 1326 malignos
3216 1256 3487 1322 aversari;
3512 1261 3689 1310 extre-

2099 1363 2200 1401 mae
2234 1362 2364 1402 vero
2398 1346 2616 1401 malitia:
2644 1354 3026 1417 argumentum
3049 1354 3242 1401 contra
3279 1345 3503 1401 fratrem
3538 1346 3690 1400 oblo-

2098 1439 2189 1507 qui
2212 1456 2226 1505 ;
2244 1438 2407 1509 idque
2425 1438 2566 1491 clam
2583 1453 2760 1507 neque
2779 1437 2831 1490 in
2852 1446 3170 1507 conspectu,
3199 1452 3269 1491 ne
3283 1438 3378 1507 qui
3396 1442 3688 1491 accusatur

2098 1548 2218 1588 sese
2244 1547 2477 1601 purgare
2506 1531 2717 1597 valeat;
2771 1532 2844 1585 ita
2886 1538 2944 1583 ut
2994 1530 3089 1601 qui
3143 1545 3327 1586 coram
3379 1529 3537 1585 nobis
3590 1528 3682 1583 alii

2096 1623 2391 1686 maledicit,
2418 1639 2485 1677 ne
2507 1624 2729 1692 quidem
2753 1639 2784 1677 a
2807 1623 2972 1677 nobis
2996 1622 3319 1677 vellicandis
3342 1636 3527 1675 coram
3559 1620 3685 1676 aliis

2096 1714 2389 1769 abstineat.
2457 1714 2821 1780 Quamobrem
2900 1713 3217 1784 hujusmodi
3293 1713 3567 1767 hominem
3622 1718 3685 1766 ut

2096 1821 2445 1859 communem
2475 1807 2687 1861 hostem
2718 1807 2985 1877 repellere
3017 1812 3446 1861 consentaneum
3484 1800 3681 1865 fuerit;

2098 1902 2287 1965 utpote
2320 1895 2414 1965 qui
2454 1895 2606 1949 illum
2637 1897 2769 1950 olim
2802 1898 2854 1950 in
2890 1897 3146 1966 paradiso
3176 1897 3467 1949 draconem
3504 1891 3684 1946 imite-

2096 1993 2208 2052 tur,
2240 1986 2333 2054 qui
2369 1994 2562 2040 contra
2614 1985 2782 2042 Deum
2834 1988 3172 2055 obloquens,
3229 1984 3395 2037 Evam
3442 1980 3682 2038 seduxit.

2096 2076 2208 2133 Nos
2256 2085 2439 2132 autem
2488 2092 2588 2131 nec
2620 2077 3038 2141 maledicamus,
3093 2091 3195 2131 nec
3229 2071 3685 2129 maledicentibus

2098 2185 2282 2223 aurem
2314 2169 2675 2238 praebeamus.
2706 2167 2998 2233 Auditum,
3035 2167 3232 2237 inquit,
3263 2182 3455 2219 vanum
3496 2182 3558 2218 ne
3584 2178 3683 2218 ea:-

2098 2260 2263 2328 cipias
2290 2274 2308 2311 :
2342 2241 2596 2322 non'ait,
2627 2274 2697 2313 ne
2726 2258 2958 2322 credas;
3010 2258 3126 2321 sed,
3154 2272 3217 2311 ne
3244 2256 3500 2325 excipias.
3557 2252 3684 2309 Ideo

2098 2350 2369 2422 Propheta
2389 2351 2543 2417 dicit,
2564 2349 2935 2404 Detrahentem
2966 2348 3343 2419 persequebar;
3369 2362 3546 2417 neque
3572 2346 3679 2401 ait:

2096 2442 2215 2499 Non
2247 2443 2531 2499 credebam
2552 2443 2623 2507 ei,
2653 2444 2738 2498 vel
2764 2462 2776 2496 :
2812 2441 2963 2496 Dicta
2993 2442 3115 2511 ejus
3148 2457 3257 2495 non
3284 2438 3636 2493 admittebam
3665 2454 3682 2504 ;

2098 2537 2193 2592 sed
2249 2544 2308 2590 ut
2365 2536 2647 2590 inimicum
2700 2535 2990 2604 pellebam.
3050 2533 3146 2587 Dic
3209 2532 3561 2587 detrahenti:
3621 2529 3681 2584 Si

2098 2629 2407 2700 quempiam
2433 2628 2658 2683 laudare
2689 2629 2796 2693 vis,
2830 2642 2993 2682 aures
3023 2626 3287 2696 aperiam,
3317 2630 3377 2678 ut
3403 2630 3681 2691 unguenta

2099 2721 2399 2792 excipiam;
2430 2722 2513 2776 sin
2545 2721 2873 2776 maledicere
2904 2721 3072 2786 velis,
3116 2717 3299 2773 verbis
3331 2717 3440 2770 tuis
3471 2714 3679 2769 aditum

2098 2812 2482 2877 intercludam,
2512 2828 2689 2882 neque
2713 2813 2859 2867 enim
2893 2812 3078 2866 ﬁmum
3124 2819 3179 2865 et
3221 2810 3395 2863 lutum
3430 2806 3683 2876 excipere

2099 2907 2401 2961 sustinebo.
2434 2905 2509 2961 Os
2545 2905 2697 2960 frena
2728 2904 3037 2960 detrahenti
3101 2902 3169 2956 ad
3217 2916 3381 2956 aures
3431 2908 3574 2963 tuas,
3613 2912 3680 2951 ne

2098 3014 2224 3054 cum
2250 3000 2344 3054 illo
2376 2998 2612 3070 duplicis
2647 2998 2856 3068 peccati
2913 3012 3041 3052 reus
3080 2994 3281 3051 evadas
3305 3033 3319 3059 ,
3372 3006 3496 3047 cum
3532 2997 3586 3045 et
3620 2997 3679 3044 tu

2097 3093 2330 3150 exitiose
2355 3092 2493 3148 mori
2529 3105 2841 3155 assuescas,
2878 3097 2931 3145 et
2964 3090 3117 3143 illum
3150 3102 3179 3140 a
3213 3084 3458 3141 susurris
3488 3089 3680 3137 contra

2100 3185 2405 3255 proximum
2444 3198 2554 3238 non
2580 3184 2913 3238 absterreas.
2948 3180 3027 3236 Ne
3074 3195 3263 3235 aurem
3296 3187 3445 3232 tuam
3480 3176 3680 3246 linguas

2099 3275 2436 3331 detrahentis
2466 3276 2730 3345 praebeas,
2771 3289 2947 3344 neque
2976 3273 3220 3343 linguam
3266 3278 3415 3323 tuam
3451 3266 3681 3321 auribus

2095 3367 2364 3436 vituperia
2424 3369 2704 3421 amantis:
2755 3367 2937 3421 dulcia
2986 3365 3213 3435 loquare
3263 3370 3317 3417 et
3376 3359 3567 3415 audias
3612 3358 3681 3414 de

2097 3462 2366 3532 proximo,
2408 3476 2476 3514 ne
2505 3475 2534 3513 a
2564 3459 2831 3514 charitate
2858 3457 3083 3512 excidas
3110 3498 3124 3522 ,
3152 3462 3202 3510 et
3261 3470 3289 3508 a
3322 3452 3433 3508 vita
3472 3457 3675 3507 aeterna

2096 3556 2305 3609 alienus
2352 3553 2652 3608 inveniare.
2707 3551 2974 3606 Ditl‘erunt
3024 3555 3205 3603 autem
3261 3548 3405 3601 inter
3450 3560 3509 3601 se
3560 3561 3679 3599 con-

2094 3646 2364 3709 demnare,
2422 3644 2686 3714 despicere
2738 3651 2793 3698 et
2838 3640 3135 3696 detrahere.
3195 3636 3331 3696 Nam
3403 3636 3678 3690 detrahere

2093 3746 2177 3795 est
2206 3745 2400 3793 contra
2434 3738 2671 3808 aliquem
2705 3735 2867 3791 verba
2922 3733 3103 3788 facere
3129 3771 3143 3794 ,
3194 3730 3347 3786 verbi
3382 3730 3554 3800 gratia
3595 3730 3678 3783 di-

2093 3844 2218 3884 cere
2242 3847 2255 3883 :
2281 3827 2375 3883 llle
2399 3828 2569 3893 homo
2592 3827 2854 3881 mentitus
2878 3833 2983 3886 est,
3005 3829 3122 3885 aut,
3149 3820 3206 3873 in
3236 3820 3374 3873 iram
3401 3816 3674 3887 prorupit,

2093 3932 2187 3976 aut
2215 3921 2524 3976 moechatus
2554 3927 2671 3985 est,
2705 3926 2798 3971 aut
2828 3916 2961 3987 quid
2998 3914 3213 3981 simile;
3272 3912 3321 3967 is
3369 3910 3513 3965 enim
3546 3923 3676 3979 pec-

2091 4024 2273 4069 catum
2304 4012 2489 4068 fratris
2518 4012 2603 4068 sui
2633 4026 2700 4066 ex
2729 4008 2899 4062 animi
2932 4013 3081 4063 motu
3100 4003 3381 4060 revelavit.
3413 3998 3675 4056 Candent-

2091 4122 2241 4173 nare,
2275 4105 2327 4159 id
2355 4114 2441 4160 est
2473 4102 2657 4159 dicere
2690 4120 2702 4155 :
2741 4099 2890 4154 Talis
2918 4098 3086 4152 homo
3111 4093 3345 4150 mendax
3376 4100 3493 4159 est,
3535 4103 3676 4146 mm-

2089 4200 2249 4262 chus,
2284 4195 2584 4253 iracundus
2611 4212 2626 4262 ;
2653 4208 2802 4259 nam,
2831 4198 2892 4246 ut
2926 4189 3102 4253 vides,
3143 4187 3322 4257 ipsum
3357 4183 3525 4239 animi
3555 4182 3677 4251 ejus

2089 4291 2342 4347 affectum
2365 4296 2420 4344 et
2440 4303 2601 4343 usum
2635 4285 2935 4345 damnavit,
2978 4296 3042 4336 ac
3079 4288 3269 4333 contra
3302 4285 3471 4332 totam
3509 4274 3676 4329 vitam

412 4378 553 4439 πεῖν,
593 4374 868 4447 Ὠργίσθη,
889 4375 983 4429 καὶ
1015 4374 1142 4429 ἀλλο
1176 4376 1257 4437 τὸ,
1301 4376 1545 4447 Ὀργίλος
1567 4376 1733 4433 ἐστίν.
1779 4379 1987 4443 Ἐξου-

2097 4386 2204 4456 ejus
2240 4381 2565 4439 sententiam
2584 4380 2727 4443 tulit,
2752 4377 2940 4432 dicens
2966 4390 3090 4430 eum
3112 4374 3206 4428 illo
3221 4370 3383 4425 modo
3406 4366 3659 4421 affectum

409 4466 870 4521 δενῶσαιδέέστι
908 4468 968 4520 τὸ
996 4468 1155 4521 οἱονεὶ
1198 4467 1575 4537 βδελύσσεσθαι
1617 4470 1707 4523 τὸν
1738 4470 1981 4543 πλησίον,

2084 4493 2227 4534 esse.
2260 4474 2423 4529 Aliud
2450 4474 2649 4545 quippe
2695 4478 2779 4525 est
2827 4470 3050 4524 dicere:
3098 4463 3159 4519 In
3207 4464 3343 4518 iram
3392 4456 3672 4530 prorupit;

412 4558 505 4612 καὶ
530 4558 897 4629 σικχαίνεσθαι
925 4558 999 4622 ὡς
1027 4558 1162 4630 ἀηδῆ
1187 4576 1335 4612 τινα·
1368 4558 1396 4612 ὅ
1422 4561 1513 4613 καὶ
1541 4558 1633 4614 τοῦ
1662 4565 1985 4633 κατακρῖναι

2097 4566 2243 4622 aliud
2284 4580 2455 4621 vero:
2516 4561 2819 4617 Iracundus
2881 4566 2985 4614 est.
3036 4555 3315 4625 Despicere
3362 4557 3544 4605 autem
3590 4554 3675 4602 est

411 4647 533 4702 ὁλεθ
541 4647 697 4719 ριώτε
706 4666 817 4719 ρον.

488 4931 569 4985 Οὐ
621 4927 868 4994 κατῴκει
912 4928 981 4982 ἐν
1013 4928 1183 4999 μέσῳ
1238 4926 1344 4998 τῆς
1394 4932 1587 4998 οἰκίας
1634 4950 1753 5001 μου
1805 4931 1990 4987 ποιῶν

412 5022 844 5092 ὑπερηφανίαν.
899 5022 1046 5074 Ἀνω
1101 5023 1198 5091 μὲν
1247 5023 1377 5094 περὶ
1430 5022 1584 5093 φίλου
1640 5025 1988 5096 ὑπερηφάνου

413 5115 597 5183 ἔλεγεν
617 5130 628 5143 ⁸
661 5112 897 5167 ἐνταῦθα
922 5112 980 5166 δὲ
1009 5113 1137 5185 περὶ
1165 5113 1435 5185 ὑπηρέτου
1464 5116 1648 5186 φησὶν,
1682 5118 1762 5170 ὅτι
1788 5117 1991 5172 Οὐδένα

414 5207 522 5261 τῶν
568 5205 838 5277 ὑπεροψίᾳ
889 5206 1187 5278 χρωμένων
1235 5208 1478 5262 σύνοικον
1529 5210 1673 5280 ἔχειν
1716 5210 1987 5282 ᾑρούμην,

413 5298 532 5351 οὑδέ
563 5298 845 5370 πρωτείων
876 5299 967 5351 καὶ
997 5300 1309 5371 παρρησίας
1343 5299 1559 5370 ἠξιοῦτο
1588 5304 1717 5374 παρ’
1747 5304 1889 5374 ἐμοὶ,
1915 5304 1989 5367 ὡς

414 5389 508 5443 τοῦ
547 5392 604 5444 ἐν
647 5390 796 5461 μέσῳ
832 5393 930 5461 τῆς
976 5391 1149 5454 οἰκίας
1190 5394 1502 5464 παρρησίαν
1548 5395 1641 5447 καὶ
1679 5395 1990 5467 ἐλευθερίαν

414 5480 625 5551 ἔχοντος
643 5499 655 5511 ·
691 5484 745 5535 ἐν
772 5482 922 5552 ὄψεσι
954 5484 1061 5554 γὰρ
1091 5485 1350 5538 δεσπότου
1384 5488 1411 5539 ὁ
1436 5485 1692 5550 τοιοῦτος.
1726 5489 1905 5541 Ποιεῖν
1932 5489 1989 5542 δέ

416 5575 791 5645 ὑπερηφανίαν
825 5576 941 5629 ἐστὶ
976 5578 1037 5630 τὸ
1074 5578 1209 5649 μετά
1241 5578 1558 5643 ἀλαζονείας
1590 5582 1849 5650 ἐνεργεῖν.
1898 5582 1990 5634 Λέ-

412 5679 502 5735 γοι
528 5666 573 5719 δ’
606 5665 692 5728 ἂν,
727 5668 817 5720 καὶ
843 5669 923 5721 ὅτι
950 5688 961 5699 ·
989 5671 1062 5722 Οὐ
1097 5670 1330 5741 κατῴκει
1358 5674 1414 5725 ἐν
1446 5674 1509 5742 τῇ
1539 5673 1733 5743 καρδίᾳ
1763 5691 1862 5743 μου
1903 5673 1989 5726 λο-

414 5757 611 5827 γισμὸς
651 5759 963 5813 ὑποϐάλλων
1007 5762 1400 5836 ὑπερηφανίαν,
1452 5763 1664 5817 Λαλὼν
1707 5764 1883 5819 ἄδικα
1916 5769 1987 5819 οὐ

416 5850 782 5904 ωτεύθυιέι·
826 5852 1080 5906 ἐνώπιον
1124 5853 1239 5907 τῶν
1272 5854 1591 5915 ardentum}:
1626 5874 1756 5911 uov.
1797 5857 1987 5912 Συντό-

2092 4658 2251 4730 quasi
2289 4656 2553 4713 detestari
2596 4653 2927 4725 proximum,
2962 4656 3017 4705 et
3049 4647 3206 4718 quasi
3236 4644 3486 4700 odiosum
3521 4640 3671 4694 illum

2092 4750 2410 4807 exsecrari:
2443 4748 2589 4820 quod
2638 4746 2801 4802 etiam
2840 4745 2956 4814 ipsa
2984 4736 3437 4796 condemnatione
3490 4730 3674 4803 perni-

2092 4845 2299 4900 ciosius
2329 4854 2432 4898 est.

2165 4934 2333 4991 Vens.
2376 4935 2425 4987 7.
2470 4932 2593 4987 Non
2625 4930 2897 4985 habitabat
2930 4930 2983 4983 in
3020 4926 3187 4980 medio
3214 4922 3400 4978 domus
3430 4932 3558 4972 mea:
3582 4914 3674 4987 qui

2094 5028 2291 5098 faceret
2324 5026 2648 5098 superbiam.
2697 5023 2963 5095 Superius
2984 5020 3205 5091 quidem
3250 5017 3317 5071 de
3365 5011 3544 5068 amico
3572 5023 3669 5063 su-

2094 5119 2264 5190 perbo
2295 5120 2510 5174 locutus
2546 5125 2665 5186 est;
2698 5117 2786 5171 hic
2810 5122 2990 5169 autem
3032 5113 3100 5167 de
3136 5109 3342 5165 famulo
3387 5104 3630 5175 loquitur
3653 5140 3668 5165 ,

2095 5213 2278 5284 aitque
2309 5232 2321 5267 :
2354 5211 2635 5267 Neminem
2670 5225 2858 5266 eorum
2889 5206 2983 5279 qui
3026 5204 3262 5276 superbe
3303 5208 3526 5272 agerent
3573 5196 3672 5250 do-

2094 5305 2383 5360 mesticum
2415 5303 2550 5358 mihi
2581 5301 2879 5373 deligebam
2908 5340 2923 5363 ,
2967 5312 3147 5368 neque
3197 5290 3560 5350 concedebant
3611 5294 3672 5340 ut

2095 5396 2238 5467 apud
2262 5411 2347 5450 me
2382 5396 2588 5466 primas
2618 5398 2867 5448 tenerent
2893 5399 2948 5447 et
2982 5390 3212 5445 ﬁdenter
3242 5395 3504 5457 agerent,
3540 5382 3670 5452 quia

2095 5489 2302 5545 scilicet
2332 5488 2378 5543 is
2408 5488 2501 5559 qui
2523 5488 2579 5541 in
2604 5486 2781 5542 medio
2805 5486 3001 5540 domus
3030 5490 3115 5538 est
3143 5480 3400 5536 ﬁduciam
3429 5485 3483 5533 et
3503 5477 3670 5531 Iiber-

2093 5588 2260 5637 tatem
2296 5580 2542 5636 obtinet:
2587 5595 2711 5634 nam
2748 5577 3061 5648 hujusmodi
3091 5576 3255 5631 homo
3280 5574 3336 5629 in
3369 5572 3545 5628 oculis
3572 5570 3673 5624 do-

2095 5676 2228 5730 mini
2259 5683 2527 5731 versatur.
2560 5674 2883 5745 Superbiam
2913 5688 3045 5730 vero
3082 5670 3283 5733 facere,
3316 5679 3399 5725 est
3426 5682 3550 5721 cum
3583 5679 3673 5717 ar-

2093 5769 2341 5840 rogantia
2372 5785 2432 5825 se
2458 5784 2662 5840 gerere.
2693 5767 2894 5823 Dixerit
2928 5768 3053 5823 item
3082 5786 3093 5821 :
3132 5764 3252 5819 Non
3283 5760 3566 5817 habitabat
3613 5757 3671 5811 in

2096 5862 2259 5918 corde
2288 5877 2410 5918 meo
2442 5860 2699 5921 coaitatio
2730 5860 3043 5919 superbiam
3076 5872 3393 5921 suggerens.
3435 5853 3541 5918 Qui
3589 5850 3670 5905 lo-
