4068 6404
415 354 552 411 1249

1539 362 2038 421 COMMENTARIA
2078 366 2144 422 IN
2182 368 2521 430 PSALMOS.

3542 377 3681 433 I230

410 474 506 529 τοῦ
537 471 783 545 σώματος
812 474 1088 545 ἐνέργειαν
1134 474 1301 529 αὑτὸν
1333 477 1751 550 ἐκκαλούμενος,
1817 480 1976 535 Τοῦτ(

2089 496 2415 553 corporeum
2463 500 2603 557 Opus
2641 487 2911 543 evocabit.
2942 483 2999 541 Id
3056 486 3246 557 itaque
3302 488 3437 543 dicit
3486 489 3676 557 David,

409 562 502 623 οὖν
526 566 671 634 λέγει
702 565 863 618 Δαυῒδ
894 566 1005 632 ὃτι,
1036 566 1174 630 Τοὺς
1207 568 1562 639 ἁμαρτωλοὺς
1591 571 1685 624 καὶ
1717 572 1984 643 ἐμπαθεῖς

408 656 701 726 λογισμοὺς
739 657 865 720 τοὺς
907 661 971 711 ἐκ
1002 658 1096 711 τοῦ
1133 658 1370 728 γεώδους
1408 660 1656 731 σώματος
1683 663 1985 731 φυομένους

406 750 527 812 ταῖς
571 748 818 812 ἑωθινοῖς
854 753 1184 821 προσευχαῖς
1223 752 1315 806 καὶ
1353 755 1418 824 τῇ
1475 753 1610 823 πρὸς
1649 754 1781 807 Θεὸν
1814 772 1983 826 προσ-

406 838 559 910 εδρίᾳ
586 839 841 904 ἐκόλαζον
860 858 873 872 ·
902 842 994 894 καὶ
1025 842 1103 913 τῷ
1130 845 1269 913 φωτὶ
1299 844 1398 914 τῆς
1421 844 1674 913 γνώσεως
1706 847 1800 899 καὶ
1822 850 1887 918 τῇ
1914 848 1982 900 δι’

405 930 844 1003 ἐξομολογήσεως
874 934 1177 1004 φανερώσει
1203 935 1470 1008 διέκρινον
1498 939 1591 991 καὶ
1623 938 1984 1013 ἐξωλόθρευον

402 1022 474 1076 τὰ
490 1022 584 1078 τοῦ
606 1023 853 1094 σώματος
875 1025 1043 1097 πάθη,
1068 1027 1162 1079 καὶ
1184 1030 1309 1092 τοὺς
1328 1030 1665 1100 ἀνομοῦντας
1688 1031 1984 1103 λογισμοὺς

403 1116 469 1170 ἐκ
497 1117 595 1188 τῆς
641 1118 871 1189 καρδίας
911 1136 1031 1189 μου.
1072 1119 1220 1192 Αὕτη
1249 1119 1359 1193 γάρ
1402 1123 1551 1176 ἐστιν
1596 1125 1628 1195 ή
1679 1124 1834 1188 πόλις
1886 1124 1980 1178 τοῦ

401 1208 609 1279 Κυρίου
630 1248 644 1272 ,
670 1208 746 1271 ὡς
772 1205 916 1273 οἶκος
936 1210 1030 1264 τοῦ
1065 1212 1219 1280 ἁγίου
1248 1212 1563 1284 Πνεύματος
1582 1256 1597 1281 ,
1626 1214 1769 1267 κατὰ
1796 1216 1883 1269 τόο
1918 1218 1982 1269 Ol

402 1300 661 1369 θεμέλιοι
694 1300 881 1355 αὐτοῦ
910 1301 981 1355 ἐν
1021 1303 1146 1370 τοῖς
1170 1304 1336 1373 ὄρεσι
1362 1306 1489 1372 τοῖς
1520 1306 1710 1376 ἁγίοις
1729 1323 1742 1336 ο
1782 1305 1984 1375 ἀγαπᾷ

402 1392 616 1458 Κύριος
641 1390 748 1457 τὰς
777 1394 975 1459 πύλας
996 1395 1148 1449 Σιὼν
1172 1396 1323 1466 ὑπὲρ
1350 1396 1548 1452 πάντα
1573 1398 1645 1453 τὰ
1671 1401 1983 1470 σκηνώμα-

402 1498 477 1533 τα
521 1481 744 1537 Ἰακώϐ.
810 1483 1227 1553 Δεδοξασμένα
1266 1487 1539 1556 ἐλαλήθη
1571 1491 1704 1557 περὶ
1744 1490 1892 1553 σοῦ,
1940 1491 1979 1558 ἡ

402 1574 579 1639 πόλις
595 1575 700 1629 τοῦ
722 1576 888 1629 Θεοῦ.
909 1578 1119 1632 Οὐκοῦν
1138 1580 1323 1650 ἐπειδὴ
1353 1580 1534 1652 πληγή
1561 1584 1724 1647 ἐστιν,
1750 1583 1826 1646 ὡς
1846 1583 1979 1654 ἀλη-

403 1663 511 1727 θῶς
530 1706 545 1730 ,
567 1664 708 1718 κατὰ
726 1664 833 1719 τῶν
867 1666 1075 1737 ἀρετῶν
1097 1669 1130 1738 ή
1151 1669 1245 1739 τῆς
1273 1670 1470 1733 κακίας
1491 1672 1778 1741 εὐημερία,
1806 1672 1983 1735 καλῶς

403 1753 514 1825 ἔχει
550 1755 643 1809 τὸν
675 1758 1009 1827 προφητικὸν
1040 1757 1388 1829 ζηλώσαντας
1414 1761 1571 1829 λόγον
1613 1764 1825 1835 πρωῖαν
1856 1764 1982 1817 ἑαυ-

2086 570 2413 629 Peccatores
2447 576 2571 630 illos
2599 582 2653 630 et
2686 576 3049 647 cogitationes
3093 575 3434 647 affectusque
3462 593 3527 633 ex
3568 588 3681 635 ter-

2086 679 2219 719 reno
2250 679 2480 734 corpore
2525 675 2700 731 ortos,
2734 668 3021 723 matutinis
3050 667 3419 732 orationibus,
3452 676 3507 724 et
3534 672 3679 725 assi-

2084 754 2210 810 duis
2238 756 2303 809 ad
2334 755 2505 812 Deum
2533 757 2753 814 emissis
2782 759 3038 828 precibus
3066 758 3422 827 castigabam,
3454 774 3520 814 ac
3554 761 3679 816 luce

2085 845 2434 914 cognitionis,
2460 847 2940 916 declarationeque
2960 862 3057 917 per
3081 847 3484 901 confessionem
3508 850 3675 918 edita,

2085 950 2382 1005 corporeos
2425 936 2653 993 affectus
2683 944 2737 993 et
2772 939 2970 1008 impias
2998 939 3361 1009 cogitationes
3392 938 3676 997 discerne-

2084 1026 2231 1091 bam,
2262 1044 2440 1099 exque
2472 1032 2637 1085 corde
2674 1047 2795 1086 meo
2825 1032 3278 1087 exterminabam.
3318 1030 3433 1087 Hoc
3474 1034 3675 1105 quippe

2086 1124 2170 1171 est
2213 1120 2408 1174 civitas
2459 1120 2679 1175 Domini
2734 1130 2923 1192 utpote
2970 1123 3170 1178 domus
3204 1122 3445 1193 Spiritus
3470 1129 3673 1191 sancti,

2086 1210 2387 1263 secundum
2456 1210 2588 1266 illud
2636 1233 2648 1266 :
2696 1210 3077 1268 Fundamenta
3124 1215 3242 1283 ejus
3294 1219 3349 1269 in
3404 1219 3674 1273 montibus

2084 1302 2320 1366 sanctis;
2353 1303 2534 1373 diligit
2579 1304 2835 1360 Dominus
2867 1315 3067 1373 “portas
3126 1305 3255 1360 Sion
3304 1325 3459 1377 super
3495 1314 3675 1365 omnia

2084 1393 2427 1448 tabernacula
2461 1396 2650 1452 Iacob.
2690 1397 2937 1452 Gloriosa
2962 1400 3106 1452 dicta
3146 1411 3268 1454 sunt
3296 1401 3359 1455 de
3386 1412 3459 1467 te,
3489 1404 3673 1458 civitas

2083 1481 2180 1536 Dei
2200 1484 2262 1537 ¹².
2314 1484 2485 1555 Igitur
2512 1487 2641 1557 quia
2689 1489 2906 1542 malitize
2962 1491 3299 1558 prosperitas
3344 1506 3472 1545 vere
3508 1494 3668 1562 plaga

2085 1573 2345 1629 virtutum
2390 1586 2507 1643 est,
2557 1588 2985 1633 consentaneum
3034 1590 3138 1645 est,
3171 1588 3256 1645 ut,
3290 1582 3671 1651 propheticum

2083 1667 2403 1723 azmulantes
2435 1669 2664 1734 dictum,
2704 1672 3029 1726 matutinum
3055 1672 3215 1727 nobis
3244 1676 3669 1737 constituamus,

2083 1768 2193 1822 quo
2229 1755 2624 1813 interﬁciamus
2668 1774 2858 1814 omnes
2906 1769 3220 1829 peccatores
3268 1771 3448 1827 terrae,
3478 1772 3531 1818 et
3560 1765 3673 1818 dis-

399 1850 514 1911 τοῖς
539 1850 740 1912 ποιεῖν,
770 1849 859 1903 διὰ
888 1851 949 1903 τὸ
979 1852 1294 1906 ἀποκτεῖναι
1325 1854 1531 1917 πάντας
1562 1856 1687 1918 τοὺς
1716 1857 1976 1927 ἁμαρτω-

2079 1846 2371 1914 perdamus
2400 1846 2467 1902 de
2495 1850 2715 1903 civitate
2739 1850 2974 1917 Domini,
2993 1869 3112 1922 quae
3133 1862 3216 1908 est
3252 1856 3458 1917 anima,
3479 1870 3671 1909 omnes

400 1938 524 2003 λοὺς
549 1939 650 2010 τῆς
680 1942 782 2012 γῆς
827 1940 923 1994 τοῦ
969 1942 1347 2014 ἐξολοθρεῦσαι
1401 1946 1465 1999 ἐκ
1508 1948 1717 2011 πόλεως
1748 1948 1976 2017 Κυρίου,

398 2031 542 2103 ψυχὴ
579 2032 635 2086 δὲ
672 2035 704 2105 ἡ
739 2033 921 2097 πόλις,
952 2036 1158 2099 πάντας
1184 2037 1310 2099 τοὺς
1340 2038 1631 2109 λογισμοὺς
1663 2040 1788 2103 τοὺς
1816 2041 1981 2111 ἐργα-

398 2122 658 2194 ζομένους
680 2125 778 2195 τὴν
805 2125 1055 2195 ἀνομίαν,
1075 2120 1150 2180 ὧν
1183 2130 1211 2181 ὁ
1243 2128 1462 2198 ὄλεθρος
1489 2128 1600 2199 ζωὴ
1635 2130 1843 2197 γίνεται
1870 2129 1979 2182 τῶν

395 2215 715 2288 ἀμεινόνων,
751 2218 891 2271 κατὰ
919 2219 1001 2279 τὸ,
1045 2219 1184 2288 Ἐγὼ
1221 2220 1530 2273 ἀποκτενῶ
1554 2222 1651 2273 καὶ
1676 2218 1782 2289 ζῇν
1806 2223 1977 2291 ποιή-

394 2320 485 2360 σω
506 2324 521 2337 ·
550 2307 812 2374 πατάξω,
836 2307 997 2378 κάγὼ
1023 2308 1289 2379 ἰάσομαι,
1315 2311 1412 2364 καὶ
1437 2313 1547 2365 οὐκ
1565 2312 1737 2365 ἐστιν
1776 2313 1845 2379 ὃς
1884 2314 1980 2378 ἐξ·

392 2398 612 2451 ελεῖται
641 2400 707 2453 ἐκ
742 2398 859 2454 τῶν
888 2400 1099 2472 χειρῶν
1138 2420 1278 2470 μου.
1312 2404 1705 2475 Νεκρουμένων
1738 2406 1847 2477 γὰρ
1872 2406 1982 2459 τῶν

398 2488 573 2558 μελῶν
600 2491 707 2544 τῶν
726 2491 818 2544 ἐπὶ
842 2492 943 2562 τῆς
961 2493 1085 2562 γῆς,
1115 2493 1563 2565 ὑπωπιαζομένου
1593 2514 1653 2549 τε
1682 2498 1776 2551 καὶ
1795 2496 1983 2550 δουλα-

394 2581 745 2652 γωγουμένου
769 2583 864 2637 τοῦ
892 2584 1162 2654 σώματος,
1183 2587 1238 2639 αί
1262 2588 1325 2639 ἐκ
1340 2587 1438 2657 τῆς
1460 2588 1660 2659 σαρκὸς
1675 2587 1785 2641 τῶν
1807 2590 1985 2660 ἀμαρ-

393 2671 653 2742 τημάτων
679 2675 926 2746 ἀφορμαὶ
950 2677 1047 2746 οὐχ
1075 2671 1185 2730 οἷαί
1211 2678 1268 2731 τέ
1294 2680 1430 2733 εἰσιν
1452 2682 1660 2751 ἐγεῖραι
1688 2680 1982 2752 λογισμοὺς

393 2764 459 2833 τῇ
504 2762 647 2835 ψυχῇ
688 2767 813 2829 τοὺς
845 2767 1175 2831 σπεύδοντας
1212 2769 1279 2822 δι’
1319 2770 1510 2841 ἡδονῆς
1552 2772 1851 2826 ἀπόλαυσιν
1881 2773 1980 2843 τὴν

393 2853 622 2925 ἀνομίαν
655 2859 855 2910 ποιεῖν’
906 2860 1001 2914 καὶ
1029 2859 1215 2913 λοιπὸν
1251 2860 1382 2925 ζῶσι
1428 2862 1496 2915 τὰ
1529 2864 1835 2935 κρείττονα.
1892 2866 1983 2916 Δεῖ

394 2945 567 3001 τοίνυν
592 2949 737 3019 ἡμᾶς
769 2949 842 3021 μὴ
867 2952 1025 3021 μόνον
1052 2952 1242 3005 παθῶν
1273 2950 1410 3007 εἶναι
1438 2958 1764 3025 σωματικῶν
1790 2976 1981 3027 φονευ-

385 3038 524 3104 τὰς,
558 3040 695 3095 ἀλλὰ
731 3043 824 3094 καὶ
862 3042 972 3095 τῶν
1005 3044 1148 3097 κατὰ
1184 3044 1360 3116 ψυχὴν
1404 3047 1668 3115 ἐμπαθῶν
1699 3049 1979 3119 λογισμῶν

393 3127 685 3202 ὀλετῆρας.
755 3132 1095 3206 Ἀμαρτωλοὶ
1121 3135 1230 3207 γὰρ
1255 3136 1361 3206 γῆς
1383 3136 1449 3192 τὰ
1475 3138 1566 3191 τοῦ
1596 3139 1844 3210 σώματος
1865 3141 1944 3193 πά
1960 3171 1977 3182 -

394 3218 485 3292 θη,
517 3222 874 3294 ἐργαζόμενοι
908 3225 965 3278 δὲ
987 3227 1216 3297 ἀνομίαν
1238 3229 1302 3282 ἐκ
1332 3230 1537 3295 πόλεως
1564 3233 1771 3303 Κυρίου
1801 3234 1978 3300 ἐξολο-

393 3309 730 3385 θρευόμενοι,
766 3316 863 3386 τῆς
895 3317 1069 3389 ψυχῆς
1088 3321 1136 3372 oi
1167 3321 1495 3389 άνομοῦντες
1516 3322 1786 3394 λογισμοί.
1820 3325 1979 3379 Κατὰ

391 3403 524 3457 δὲτὸ
542 3407 727 3477 ῥητὸν,
759 3409 1125 3475 Ἀπέκτεινον,
1149 3413 1301 3483 φησὶ,
1330 3414 1457 3475 τοὺς
1475 3415 1854 3487 ἁμαρτωλοὺς,
1879 3418 1978 3488 χά-

393 3509 479 3562 ριν
500 3494 594 3547 τοῦ
610 3495 888 3567 ἐξολοθρεῦ
898 3515 984 3551 σαι
1003 3500 1127 3562 τοὺς
1145 3502 1614 3573 παρανομοῦντας,
1635 3506 1719 3557 ἵνα
1734 3507 1832 3577 τὴν
1850 3510 1978 3561 dato-

387 3584 583 3654 τομίαν
612 3586 712 3656 τῆς
739 3588 1011 3652 κολάσεως
1040 3591 1073 3660 η
1106 3594 1422 3664 παρανομία
1468 3594 1742 3664 βλέπουσα
1782 3614 1977 3651 συστα-

388 3675 453 3747 λῇ
495 3678 590 3730 καὶ
633 3679 930 3751 ἀφανισθῇ.
1002 3682 1065 3734 Ἡ
1107 3681 1165 3734 δὲ
1195 3686 1378 3755 πρωῖα
1409 3686 1470 3739 τὸ
1505 3688 1793 3743 σπουδαῖον
1823 3690 1976 3761 δηλοί

388 3766 529 3821 κατά
548 3767 609 3822 τὸ
636 3770 797 3841 τάχος
815 3788 829 3801 ο
858 3773 1087 3843 νόμιμος
1107 3773 1163 3826 δὲ
1195 3776 1227 3845 ἡ
1257 3777 1366 3831 τῶν
1392 3779 1644 3850 πονηρῶν
1667 3779 1938 3851 ἐξαίρεσις
1955 3799 1968 3811 ·

404 3858 723 3928 Ἐξαιρεῖτε
752 3862 859 3933 γὰρ
883 3903 897 3925 ,
925 3865 1087 3933 φησὶ,
1120 3865 1228 3920 τὸν
1249 3870 1517 3937 πονηρὸν
1543 3870 1613 3934 ἐξ
1639 3872 1823 3940 ὑμῶν.

395 3972 1182 4057 ΠνηίὶξβΧέῙΞΕῼᾹΨὲΧὲν
1220 3982 1407 4057 9W!
1444 3983 1819 4057 Asnaum.
1847 3987 1968 4039 κΑι

466 4044 1161 4125 ῌὲἑινςιλιοινξιςγριοῒ
1220 4052 1462 4125 ΕΚΧΕῌ
1522 4055 1664 4107 ΤΗΝ
1713 4044 1966 4110 uisule

466 4115 721 4169 ΑΥΤΟΥ.
749 4118 874 4171 PA'.

458 4226 635 4294 Κύριε
657 4266 672 4289 ,
707 4229 1074 4289 εἰσάκουσον
1100 4233 1210 4303 τῆς
1237 4234 1583 4305 προσευχῆς
1609 4253 1761 4306 μου,
1796 4238 1896 4291 καὶ
1924 4240 1963 4307 ἠ

387 4317 617 4388 κραυγή
644 4337 765 4388 μου
796 4322 946 4390 πρὸς
976 4324 1050 4377 σὲ
1073 4326 1310 4381 ἐλθέτω.
1342 4327 1440 4395 Μὴ
1468 4329 1863 4398 άποστρὲψῃς
1896 4330 1963 4385 τὸ

386 4407 709 4474 πρόσωπόν
733 4424 851 4465 σου
884 4412 983 4466 ἀπ’
1010 4414 1155 4482 ἐμοῦ
1176 4457 1192 4480 ,
1240 4416 1335 4470 καὶ
1370 4417 1439 4471 τὰ
1490 4418 1635 4487 ἑξῆς.
1681 4420 1894 4491 Ἐπειδὴ
1929 4422 1960 4492 ή

2080 1938 2441 2007 cogitationes
2472 1954 2762 2011 Operantes
2790 1944 3169 2013 iniquitatem;
3194 1961 3425 2014 quarum
3441 1947 3671 2001 exitium

2080 2032 2367 2085 meliorum
2396 2033 2506 2086 vita
2529 2042 2632 2098 est,
2664 2037 2967 2089 secundum
3001 2036 3157 2101 illud,
3198 2036 3308 2107 Ego
3344 2038 3671 2100 occidam,et

2077 2121 2246 2175 vivere
2282 2122 2512 2191 faciam;
2552 2125 2865 2193 percutiam,
2898 2134 2947 2178 et
2981 2142 3074 2196 ego
3105 2127 3329 2190 sanabo,
3357 2136 3405 2180 et
3446 2143 3550 2181 non
3591 2139 3671 2178 est

2079 2211 2169 2280 qui
2198 2211 2261 2265 de
2292 2214 2536 2268 manibus
2584 2216 2711 2269 meis
2742 2216 2907 2284 possit
2953 2216 3218 2272 eruere”.
3250 2216 3384 2270 Nam
3436 2216 3669 2270 mortiﬁ-

2081 2305 2225 2359 catis
2258 2307 2520 2361 membris
2549 2322 2670 2376 quae
2710 2316 2839 2361 sunt
2888 2324 3054 2377 super
3085 2316 3312 2373 terram,
3344 2317 3397 2362 et
3452 2309 3671 2363 sublato

2081 2396 2135 2448 in
2164 2399 2591 2469 servitutemque
2624 2399 2847 2453 redacto
2879 2415 3129 2469 corpore,
3151 2400 3400 2455 carnales
3432 2399 3498 2453 ad
3542 2415 3671 2469 pec-

2081 2498 2204 2542 cata
2250 2491 2485 2561 impetus
2522 2493 2877 2562 cogitationes
2909 2495 2962 2547 in
2986 2494 3166 2546 anima
3197 2493 3437 2546 excitare
3467 2506 3670 2561 neque-

2081 2588 2204 2643 unt,
2224 2596 2344 2649 quae
2361 2597 2459 2650 pro
2480 2583 2763 2652 voluptate
2795 2583 3027 2637 fruenda
3052 2582 3118 2636 ad
3149 2583 3489 2651 iniquitatem
3512 2597 3668 2636 exer-

2082 2674 2311 2731 cendam
2352 2674 2581 2729 incitent
2612 2695 2624 2729 :
2662 2691 2723 2730 ac
2757 2677 2803 2731 si
2838 2676 3055 2730 demum
3090 2689 3154 2728 ea
3184 2676 3374 2728 vivunt
3401 2668 3527 2744 (μιαί
3552 2690 3667 2727 mc-

2080 2769 2220 2822 liora
2246 2776 2392 2823 sunt.
2418 2765 2568 2838 Opus
2602 2769 2783 2837 itaque
2810 2776 2894 2823 est
2921 2783 3022 2822 nos
3047 2783 3155 2821 non
3183 2768 3343 2821 modo
3374 2780 3670 2836 corporeo-

2081 2878 2202 2917 rum
2234 2860 2523 2915 aiiectuum
2573 2860 2975 2924 interfectores,
3009 2860 3102 2916 sed
3141 2869 3196 2914 et
3220 2874 3511 2930 pravarum
3543 2859 3666 2913 ani-

2084 2970 2184 3009 mae
2218 2953 2611 3023 cogitationum
2639 2954 3095 3007 exterminatores
3121 2968 3263 3007 esse.
3300 2950 3436 3004 Nam
3477 2967 3669 3021 pecca-

2084 3054 2229 3101 tores
2259 3053 2419 3099 tcrra:
2469 3054 2598 3099 sunt
2627 3047 2879 3114 corporis
2926 3044 3186 3111 aﬂectus;
3220 3054 3510 3116 operantes
3539 3062 3668 3103 vero

2082 3138 2448 3207 iniquitatem,
2485 3136 2580 3206 qui
2614 3136 2681 3191 de
2735 3137 2953 3192 civitate
2985 3136 3197 3192 Domini
3252 3137 3663 3208 disperduntnr,

2081 3230 2279 3299 iniquae
2310 3228 2475 3282 animi
2501 3228 2879 3297 cogitationes.
2908 3227 3219 3284 Secundum
3250 3240 3427 3285 autem
3462 3232 3666 3285 dictum

2080 3322 2235 3385 illud,
2292 3321 2713 3385 Interﬁciebam,
2778 3323 2873 3379 ait.
2935 3330 3283 3391 peccatores,
3335 3332 3395 3376 ut
3448 3324 3665 3391 iniquos

2078 3412 2538 3477 exterminarem;
2574 3426 2683 3480 quo
2728 3410 2988 3479 iniquitas
3024 3412 3417 3466 immanitatem
3456 3415 3665 3484 suppli-

2077 3504 2149 3557 cii
2200 3504 2519 3572 conspicata
2572 3503 2923 3557 cohiberetur
2960 3511 3015 3557 et
3047 3503 3114 3557 de
3145 3503 3323 3557 medio
3354 3505 3659 3559 tolleretur.

2076 3595 2401 3650 Matutinum
2440 3611 2605 3666 porro
2655 3596 2993 3665 diligentiam
3053 3596 3298 3650 denotat.
3363 3594 3661 3652 Pravorum

2074 3699 2256 3743 autem
2289 3688 2672 3743 exterminium
2733 3688 3033 3757 legitimum
3075 3694 3161 3743 est
3194 3706 3207 3742 :
3244 3704 3393 3755 nam,
3417 3689 3657 3759 Auferte,

2073 3779 2269 3850 inquit,
2295 3778 2497 3833 malum
2529 3793 2595 3833 ex
2628 3778 2850 3832 vobis”.

2070 3978 2331 4036 ORATIO
2373 3978 2697 4043 PAUPERI,
2738 3978 2883 4032 CUM
2933 3976 3193 4031 ANXIUS
3232 3976 3508 4045 FUERIT,
3566 3978 3655 4033 ΕΤ

2144 4052 2206 4103 ΙΝ
2263 4048 2668 4105 CONSI’ECTU
2722 4047 2961 4103 DOMINI
3038 4047 3429 4102 EFFUDERIT
3496 4048 3657 4103 PRE-

2139 4120 2278 4175 CEM
2322 4119 2531 4175 SUAM.
2577 4119 2662 4173 CI.

2138 4233 2305 4289 Vens.
2345 4232 2468 4288 2-6.
2504 4232 2748 4293 Domine,
2780 4230 2975 4285 exaudi
3029 4232 3322 4284 orationem
3366 4248 3556 4295 meam,
3604 4244 3654 4286 et

2064 4328 2267 4382 clamor
2300 4343 2445 4381 meus
2471 4326 2540 4380 ad
2574 4334 2621 4378 te
2655 4325 2847 4378 veniat.
2884 4322 3008 4376 Non
3034 4334 3239 4376 avertas
3271 4324 3461 4391 facient
3504 4336 3652 4379 tuam

2064 4436 2097 4472 a
2121 4436 2220 4481 me,
2248 4428 2355 4473 etc.
2412 4417 2679 4483 Quoniam
2730 4415 2924 4470 titulus
2958 4415 3039 4470 sic
3070 4415 3259 4477 habet,
3304 4414 3491 4468 Oratio
3519 4431 3653 4484 pan-

385 4499 663 4572 ἐπιγραφὴ
698 4500 844 4572 ἔχει,
880 4505 1197 4575 Προσευχὴ
1238 4506 1319 4573 τῷ
1347 4508 1556 4577 πτωχῷ
1582 4552 1597 4576 ,
1628 4509 1776 4564 ὅταν
1813 4512 1961 4579 ἀκη-

2078 4511 2198 4571 neri,
2223 4508 2549 4561 cumana‘ius
2584 4507 2766 4575 fuerit,
2801 4516 2849 4559 et
2881 4505 2934 4558 in
2972 4521 3249 4575 conspectu
3278 4504 3650 4575 [taminia/fu-

383 4587 564 4660 ϐιάσῃ
580 4630 594 4655 ,
621 4593 718 4645 καί
744 4594 1022 4649 ἐναντίον
1038 4598 1259 4665 Kvplov
1282 4599 1459 4669 ἐκχέῃ
1486 4601 1601 4669 τὴν
1622 4600 1835 4670 δέησιν
1854 4604 1959 4657 αὐ-

384 4677 525 4744 τοῦ,
558 4682 768 4753 νοήσεις
808 4684 899 4736 τὸν
932 4687 1167 4740 ἐνταῦθα
1200 4688 1489 4759 λεγόμενον
1523 4691 1737 4761 πτωχὸν
1762 4730 1777 4754 ,
1816 4709 1955 4762 συμ-

384 4774 593 4828 ϐάλλων
624 4776 786 4829 αὑτὸν
809 4777 886 4848 τῷ
917 4781 1359 4852 μακαριζομένῳ,
1387 4782 1528 4836 κατὰ
1552 4782 1638 4835 τόο
1666 4782 1958 4851 Μακάριοι

382 4869 438 4919 οι
466 4867 685 4935 πτωχοί
716 4866 796 4933 τῷ
830 4872 1139 4940 πνεύματι,
1175 4871 1264 4926 ὅτι
1301 4874 1500 4927 αὐτῶν
1524 4874 1694 4927 ἐστιν
1713 4876 1751 4942 ἡ
1773 4876 1956 4938 βασι-

2064 4600 2199 4654 derit
2245 4614 2449 4668 precem
2498 4614 2688 4657 suam,
2757 4596 2845 4651 hic
2905 4610 3197 4665 pauperem
3247 4596 3543 4665 intelligas,
3601 4599 3648 4653 si

2063 4691 2243 4761 ipsum
2274 4706 2400 4745 cum
2442 4690 2536 4743 illo
2584 4688 2677 4758 qui
2724 4689 2915 4743 beatus
2956 4687 3304 4757 praedicatur,
3340 4704 3671 4758 compares,.

2065 4786 2368 4839 secundum
2423 4783 2589 4847 illud,
2642 4782 2796 4835 Beati
2839 4798 3094 4851 pauperes
3143 4782 3353 4849 spiritu,
3396 4785 3643 4852 quoniam

2063 4877 2299 4943 ipsorum
2332 4884 2409 4929 est
2441 4891 2655 4945 regnum
2686 4873 2935 4926 calorum
2961 4873 3025 4925 ”'.
3066 4873 3279 4927 AiIIicto
3328 4875 3453 4927 item
3511 4890 3644 4945 pan-

380 4958 518 5012 λεία
550 4957 668 5013 τῶν
700 4961 990 5027 οὐρανῶν.
1064 4965 1349 5035 Ἀρμόσειε
1381 4965 1425 5018 δ’
1458 4965 1524 5018 ἂν
1552 4966 1629 5035 τῷ
1662 4965 1956 5036 ἁκηδιῶντι

2078 4964 2175 5021 )eri
2224 4965 2358 5019 illud
2390 4965 2681 5035 aptaveris,
2718 4964 2870 5019 Beati
2919 4964 3103 5032 ﬂentes
3148 4972 3197 5017 et
3229 4964 3480 5033 lugentes,
3513 4980 3644 5033 quo-

381 5051 581 5121 πτωχῷ
608 5052 701 5105 καὶ
718 5055 778 5108 τό
794 5070 808 5083 °
834 5054 1120 5123 Μακάριοι
1143 5060 1197 5110 οἱ
1216 5057 1529 5123 κλαίοντες
1547 5059 1644 5111 καί
1669 5059 1959 5114 πενθοῦν-

2078 5055 2202 5107 tiam
2250 5053 2349 5122 ipsi
2392 5052 2886 5107 consolabuntur”.
2912 5052 3177 5122 Quisquis
3212 5055 3357 5107 enim
3389 5050 3499 5106 Deo
3547 5054 3645 5106 ad-

379 5157 499 5207 τες,
517 5142 789 5198 ὅτιάὺτοί
818 5146 1405 5214 παρακληθήσονται.
1435 5148 1549 5211 Πᾶς
1569 5147 1858 5219 τοιγαροῦν
1878 5146 1955 5218 τῷ

2078 5144 2239 5200 Iictus
2269 5152 2377 5208 est,
2411 5154 2465 5198 et
2491 5145 2584 5214 qui
2615 5144 2671 5199 in
2700 5145 2824 5199 vita;
2845 5144 3009 5198 rebus
3045 5160 3271 5213 pauper,
3299 5143 3440 5213 apud
3470 5143 3639 5199 Deum

380 5230 499 5303 Θεῷ
524 5234 877 5306 ἀνακείμενος
897 5277 911 5301 ,
942 5235 1237 5305 πτωχεύων
1264 5239 1322 5289 ἐν
1346 5238 1460 5299 τοῖς
1507 5236 1599 5289 τοῦ
1647 5235 1762 5305 βίου
1806 5237 1951 5307 πρά-

2078 5246 2239 5290 ιιιιειη
2270 5236 2424 5292 dives
2448 5244 2553 5299 est,
2585 5235 2776 5291 dolens
2813 5238 3193 5301 contristatur,
3215 5246 3309 5290 aut
3335 5236 3636 5291 secundum

376 5339 571 5395 γμασι·
611 5326 760 5397 παρὰ
786 5326 842 5379 δὲ
872 5326 990 5397 Θεῷ
1012 5327 1275 5391 πλουτῶν,
1299 5330 1497 5399 ἀκηδιᾷ
1515 5327 1869 5399 λυπούμενος,
1896 5330 1952 5401 ἢ,

2078 5327 2379 5398 Symmachi
2432 5327 2954 5397 interpretationem,
2984 5328 3210 5380 tristitia
3234 5326 3517 5391 detinetur,
3571 5327 3637 5381 de

374 5414 594 5484 ἀθυμίᾳ
619 5458 633 5480 ,
665 5415 806 5469 κατὰ
832 5416 930 5487 τὴν
957 5416 1051 5469 τοῦ
1083 5418 1379 5488 Συμμάχου
1422 5417 1748 5489 ἑρμηνείαν,
1813 5436 1950 5472 κατ-

2078 5416 2264 5471 nalitia
2292 5424 2347 5471 et
2378 5417 2599 5470 interitu
2628 5416 2988 5485 plurimorum
3028 5437 3039 5472 :
3076 5418 3387 5488 cujusmodi
3424 5427 3541 5473 erat
3588 5421 3635 5473 is

374 5504 602 5575 ἔχεται,
638 5508 732 5560 ἐπὶ
749 5512 821 5579 τῇ
852 5507 1194 5562 τῶνηπολλῶν
1223 5510 1391 5580 κακία
1422 5511 1514 5563 καὶ
1540 5510 1811 5581 ἀπωλείᾳ·
1840 5505 1950 5575 οἷος

2078 5509 2147 5579 ιιιὶ
2174 5507 2410 5573 dicebat,
2445 5505 2547 5560 Hei
2582 5506 2729 5571 mihi,
2767 5508 2893 5577 quia
2927 5508 3082 5576 periit
3124 5509 3245 5576 pius
3286 5508 3350 5562 de
3392 5517 3551 5573 terra,
3584 5520 3634 5564 et

370 5592 442 5670 ἦν
464 5598 677 5669 ὁλέγων
694 5614 708 5627 ·
735 5600 919 5668 Οῑμοι,
945 5599 1032 5654 ὅτι
1056 5601 1373 5655 ἀπόλωλεν
1392 5599 1655 5668 εὐλαϐὴς
1677 5602 1795 5655 ἀπὸ
1814 5600 1946 5671 γῆς,

2080 5619 2110 5655 n
2141 5599 2439 5655 hominibus
2466 5616 2568 5653 non
2602 5607 2679 5653 est
2710 5601 2798 5669 qui
2833 5610 2971 5653 recte
3004 5610 3169 5671 agat:
3198 5617 3373 5657 omnes
3404 5600 3473 5654 ad
3503 5618 3626 5655 san-

449 5778 493 5811 “
538 5777 680 5835 Psal.
720 5793 951 5849 Luxu,
985 5778 1049 5847 2,
1087 5780 1139 5835 5.
1220 5780 1262 5814 ³³
1298 5778 1455 5838 Deut.
1492 5796 1673 5850 χχιιι,
1705 5782 1793 5851 59.
1875 5783 1918 5815 ιδ
1956 5782 1976 5839 I

2078 5798 2134 5837 ur.
2175 5781 2246 5849 5,
2282 5784 2371 5840 I5.
2453 5783 2497 5815 "
2540 5781 2729 5837 Matth.
2767 5796 2821 5846 ν,
2856 5780 2911 5837 3.
2990 5780 3034 5813 “
3070 5777 3284 5848 Luem,
3315 5779 3405 5834 2!.
