3992 6404
408 359 546 415 ίῖὸί

1121 362 1392 421 ECSEBII
1431 361 1916 419 CESARIENSIS
1952 361 2106 418 OPP.
2136 360 2322 416 PARS
2360 360 2449 417 ΙΙΙ.
2490 394 2560 401 -
2600 361 3010 417 EXEGETICA.

3547 364 3702 420 1253

402 476 611 543 guinem
651 475 921 543 judicent,
974 477 1171 547 sinyuli
1201 479 1499 543 proximum
1548 494 1702 530 suum
1733 477 1984 531 tribulam

2092 478 2189 531 καὶ
2217 480 2250 531 ό
2269 476 2573 544 κατορθῶν
2590 478 2660 529 ἐν
2679 478 3013 545 ἀνθρώποις
3032 477 3146 546 οὐχ
3164 477 3417 547 ὑπάρχει
3434 494 3447 505 ·
3462 478 3699 546 πάντες

404 567 838 630 tribulatione”;
874 578 928 620 et
958 569 1051 637 qui
1105 568 1343 631 dicelzat,
1398 569 1521 622 Non
1566 582 1644 623 est
1688 572 1780 640 qui
1820 571 1988 639 faciat

403 660 595 712 bonum
617 660 679 713 ".
702 658 970 715 Caeterum
1004 676 1210 730 pauper
1235 664 1329 731 qui
1356 662 1425 717 de
1457 664 1524 717 iis
1548 664 1912 717 contristatur
1932 673 1991 717 et

401 753 569 815 dolet,
618 754 812 807 morbo
859 769 963 809 suo
993 755 1260 810 medelam
1286 757 1565 827 excogitat
1604 777 1616 810 :
1655 757 1768 810 hare
1806 765 1987 811 autem

400 853 521 899 erat
542 846 721 899 oratio
747 846 815 899 ad
848 845 1040 909 Deum,
1067 864 1231 917 quam
1264 849 1437 902 solam
1468 849 1704 903 habebat
1735 850 1991 905 consola—

402 938 625 1003 tionem,
656 952 765 1007 qua
821 940 1059 992 animam
1099 941 1422 1010 expandens
1481 957 1660 1005 suam,
1696 949 1750 997 et
1797 958 1989 998 omnes

399 1034 759 1100 cogitationes
788 1048 918 1087 suas
941 1034 995 1087 in
1022 1042 1323 1103 conspectu
1366 1033 1461 1088 Dei
1493 1034 1751 1099 offerens,
1783 1036 1989 1089 dicitur

401 1123 457 1175 in
534 1132 834 1194 conspectu
904 1124 1118 1179 Domini
1178 1126 1460 1181 etl‘undere
1532 1127 1988 1195 supplicationem

399 1230 577 1281 suam,
623 1217 760 1279 sive,
834 1219 1095 1287 loquelam
1141 1236 1337 1285 suam,
1391 1219 1694 1273 secundum
1743 1217 1993 1289 Symma-

398 1309 582 1363 chum.
639 1308 752 1365 lmo
801 1313 964 1366 etiam
1025 1314 1072 1367 is
1113 1315 1207 1382 qui
1236 1312 1540 1367 secundum
1588 1311 1753 1365 Deum
1782 1325 1989 1381 pauper

396 1409 518 1465 est,
558 1402 611 1456 id
642 1412 749 1467 est,
781 1404 1172 1473 prephetarum
1203 1404 1429 1466 chorus,
1463 1404 1653 1457 dolore
1687 1402 1882 1472 plenus
1920 1402 1989 1457 de

398 1493 599 1562 prioris
632 1495 817 1563 populi
850 1495 1031 1558 ruina,
1063 1494 1352 1549 Dominum
1395 1496 1531 1563 adit,
1555 1494 1986 1565 supplicationes

396 1599 522 1638 cum
550 1585 761 1654 jejunio
806 1594 861 1640 et
920 1586 1180 1657 lacrymis
1230 1602 1329 1656 pro
1369 1588 1572 1656 populo
1603 1587 1899 1645 emittens;
1929 1592 1986 1636 ut

398 1678 766 1749 ipsevquoque
794 1681 1030 1749 populus
1054 1680 1494 1734 misericordiam
1520 1687 1912 1748 consequatur.

2094 572 2181 635 εἰς
2206 571 2422 637 αἵματα
2455 569 2821 633 δικάζονται,
2864 570 3123 635 ἕκαστος
3151 573 3259 623 τίν
3292 572 3562 638 πλησίον
3584 571 3699 626 αὺ-

2096 663 2202 716 τοῦ
2234 664 2624 715 ἐκθλίϐουσιν
2667 662 2917 729 ἐκθλιϐῇ
2939 681 2951 692 ’
2982 664 3078 715 καὶ
3106 665 3135 715 ὁ
3170 663 3370 714 εἰπών·
3401 666 3521 716 Οὐκ
3555 664 3700 717 ἐστι

2096 753 2283 807 ποιῶν
2304 755 2704 822 χρηστότητα.
2742 754 2888 824 Πλὴν
2913 756 3005 806 ἐπὶ
3030 754 3241 817 τούτοις
3262 758 3289 807 ὁ
3314 756 3528 825 πτωχὸς
3552 758 3701 827 ἀκη-

2095 847 2223 899 διιῖιν
2253 848 2347 899 καὶ
2374 846 2634 917 ἀθυμῶν,
2676 848 2969 917 φάρμακον
2995 848 3091 899 τοῦ
3120 848 3325 911 τΞαθους
3360 848 3698 918 θεραπευτι-

2096 941 2192 991 κὸν
2223 957 2289 990 πε
2299 943 2461 1008 ρινοεῖ
2490 938 2669 1009 ἑαυτῷ
2688 956 2702 968 ·
2730 939 2888 991 τοῦτο
2916 939 2971 991 δὲ
3001 936 3069 1010 ἦν
3099 944 3132 1010 η
3165 940 3300 1008 πρὸς
3327 940 3417 992 τὸν
3444 940 3580 991 Θεὸν
3602 940 3697 991 εὑ-

2096 1034 2185 1101 χὴ,
2222 1033 2286 1101 ἣν
2318 1033 2484 1102 μόνην
2512 1028 2625 1101 εἶχε
2657 1034 3037 1102 παραμυθίαν,
3066 1032 3133 1084 δι’
3163 1030 3230 1103 ἧς
3252 1032 3497 1096 ὲξαπλῶν
3522 1032 3695 1085 αὑτοῦ

2096 1126 2193 1195 τὴν
2234 1125 2413 1195 ψυχὴν
2438 1168 2452 1187 ,
2499 1128 2596 1177 καὶ
2651 1125 2975 1194 σύμπαντας
3014 1126 3209 1178 ἑαυτοῦ
3237 1127 3364 1188 τοὺς
3392 1126 3696 1194 λογισμοὺς

2099 1217 2307 1287 toea-pi
2315 1234 2421 1285 ρων
2444 1215 2673 1268 ἐνώπιον
2693 1215 2787 1268 τοῦ
2805 1215 2965 1280 Θεοῦ,
2989 1216 3204 1283 λέγεται
3225 1215 3457 1268 ἐνώπιον
3475 1217 3692 1286 Κυρίου

2093 1310 2304 1377 ἐκχέειν
2328 1308 2423 1379 τὴν
2448 1308 2630 1377 δέησιν
2652 1307 2840 1369 αὑτοῦ,
2862 1308 2919 1379 ἧ,
2938 1307 3053 1374 τὴν
3071 1309 3426 1377 ,λογοποιίαν
3444 1305 3692 1370 ἑαυτοῦ,

2094 1402 2235 1454 κατᾶ
2258 1401 2349 1452 τὸν
2381 1400 2694 1470 Σύμμαχον.
2745 1399 2907 1452 Ἀλλὰ
2936 1401 3030 1452 καὶ
3060 1403 3089 1453 6
3121 1400 3263 1453 κατὰ
3286 1399 3421 1452 θεὸν
3446 1399 3691 1467 πτωχδςς

2091 1494 2369 1546 τουτέστιν
2412 1494 2441 1544 6
2486 1494 2595 1545 τῶν
2628 1492 2925 1564 προφητῶν
2954 1494 3148 1565 χορὸς,
3179 1492 3356 1563 λύπης
3388 1493 3690 1562 πεπληρω-

2096 1584 2254 1653 μένος
2278 1584 2370 1636 ἐπὶ
2392 1586 2457 1653 τῇ
2481 1584 2576 1635 τοῦ
2606 1584 2871 1653 προτέρου
2899 1583 3030 1636 λαοῦ
3051 1588 3425 1655 καταστροφῇ,

2094 1690 2244 1743 χεται
2275 1672 2354 1743 τῷ
2387 1674 2597 1744 Κυρίῳ,
2628 1674 2727 1736 τὰς
2749 1674 2889 1745 ὑπὲρ
2913 1672 3008 1726 τοῦ
3040 1675 3169 1727 λαοῦ
3193 1677 3537 1747 ἀναπέμπων
3562 1677 3692 1748 δεή-

399 1786 513 1831 σεις
550 1771 688 1841 μετὰ.
713 1772 967 1840 νηστείας
996 1774 1091 1825 καὶ
1125 1772 1401 1843 δακρύων,
1432 1774 1582 1834 ὅπως
1608 1773 1673 1824 ἂν
1705 1772 1799 1823 καὶ
1830 1768 1991 1831 αὐτὸς
2028 1766 2057 1818 6
2089 1764 2215 1827 λαὸς
2241 1765 2581 1836 οἰκτειρήθῇο

472 1858 637 1915 νεεδ.
664 1862 716 1916 3.
749 1860 813 1914 In
842 1879 1151 1931 quacunque
1182 1863 1269 1915 die
1304 1862 1531 1915 tribulor
1560 1863 1763 1915 inclina
1790 1861 1860 1914 ad
1906 1878 1988 1915 me
2017 1870 2059 1924 Β

397 1969 579 2007 aurem
635 1964 801 2008 tuam.
856 1954 956 2010 llic
994 1955 1215 2011 dicatur
1249 1957 1381 2012 illud
1414 1955 1568 2013 Isaia:
1612 1978 1626 2013 :
1664 1958 1984 2020 Domine,in

396 2047 737 2103 tribulatione
761 2051 1026 2103 recordati
1058 2067 1240 2105 sumus
1269 2054 1367 2113 tui,
1387 2053 1441 2105 in
1466 2052 1805 2106 tribulatione
1822 2068 1986 2119 parva

395 2141 679 2211 disciplina
710 2152 801 2196 tua
829 2144 979 2199 nobis
1000 2145 1064 2198 ¹⁹.
1096 2146 1237 2201 Ante
1263 2147 1575 2202 alllictionis
1608 2154 1826 2217 tempus
1846 2147 1986 2202 divi-

397 2235 483 2289 nis
504 2236 760 2304 precibus
794 2237 1103 2291 vacandum
1148 2245 1253 2303 est,
1289 2254 1467 2309 neque
1505 2239 1682 2293 solum
1705 2241 1758 2293 in
1794 2240 1986 2293 adver-

394 2328 472 2381 sis
511 2327 871 2395 temporibus.
908 2326 1009 2381 Hie
1056 2329 1238 2397 itaque
1278 2329 1362 2383 vir
1390 2337 1619 2385 sanctus
1666 2339 1842 2401 rogat,
1874 2346 1984 2383 non

397 2426 455 2471 ut
484 2418 778 2473 afflictione
810 2428 1015 2482 careat,
1050 2420 1101 2475 id
1156 2421 1301 2475 enim
1356 2420 1473 2476 fieri
1519 2423 1746 2491 nequit;
1794 2422 1888 2476 sed
1924 2431 1985 2476 ut

364 2564 365 2567 η
396 2510 629 2566 afﬂictus
656 2526 724 2565 ne
754 2520 1065 2581 superetur,
1103 2518 1157 2566 et
1186 2521 1246 2565 ut
1279 2528 1375 2581 spe
1423 2512 1666 2583 gaudens
1709 2527 1984 2566 aerumnas

396 2602 537 2657 ferat
590 2604 645 2657 in
695 2604 875 2673 iisque
913 2604 1175 2673 glorietur
1211 2624 1223 2657 :
1276 2602 1575 2657 Tribulatio
1600 2604 1738 2657 enim
1768 2620 1859 2672 per
1887 2618 1984 2671 pa-

395 2698 635 2751 tientiam
680 2706 729 2751 et
783 2695 1171 2765 probationem,
1230 2711 1371 2763 spem
1425 2697 1726 2765 generat".
1774 2695 1984 2749 Exaudi

394 2806 501 2851 me.
523 2792 719 2861 inquit,
743 2791 798 2844 in
820 2805 1150 2860 quacunque
1174 2790 1261 2842 die
1292 2788 1544 2851 tribulcr,
1587 2788 1790 2842 inclina
1815 2788 1881 2840 ad
1901 2804 1987 2843 me

394 2889 737 2936 mansuetam
768 2895 954 2934 aurem
999 2888 1168 2933 tuam.
1204 2878 1347 2933 Deus
1378 2887 1558 2933 autem
1604 2894 1790 2933 aurem
1828 2879 1987 2932 incli—

396 2987 529 3027 nare
558 2973 783 3035 dicitur,
804 2974 960 3043 quasi
994 2973 1232 3025 humana
1256 2973 1338 3026 vis
1360 2979 1414 3025 et
1437 2973 1647 3024 clamor
1669 2972 1733 3023 ad
1762 2972 1986 3025 celsitu-

394 3060 577 3113 dinem
630 3058 851 3113 deitatis
900 3059 1020 3129 ejus
1053 3060 1362 3130 pertingere
1422 3067 1703 3129 nequeat:
1741 3076 1983 3130 quapro-

396 3159 517 3221 pter
542 3151 659 3220 ipse
689 3165 720 3203 a
749 3152 1123 3221 magnitudine
1151 3167 1248 3206 sua
1287 3167 1408 3206 sese
1443 3151 1759 3214 demittens,
1792 3167 1981 3205 aurem

396 3241 625 3295 inclinat
660 3242 746 3305 iis,
795 3258 933 3311 quos
965 3242 1227 3297 exaudire
1268 3243 1546 3312 dignatur.
1589 3241 1721 3295 Illud
1753 3252 1932 3296 autem
1964 3262 1979 3295 :

398 3334 464 3387 In
492 3349 799 3405 quacunque
822 3333 905 3387 die
930 3334 1156 3387 tribulor
1175 3374 1189 3399 ,
1227 3350 1291 3388 ac
1316 3334 1361 3389 si
1388 3334 1596 3388 diceret
1637 3355 1649 3387 :
1682 3334 1801 3387 Non
1836 3350 1982 3389 nunc

396 3434 628 3490 tantum,
656 3427 750 3481 sed
786 3433 899 3480 toto
924 3427 1047 3480 vita:
1084 3441 1218 3479 mea:
1256 3435 1520 3495 tempore,
1557 3427 1901 3496 maximeque
1929 3427 1982 3481 in

394 3518 883 3583 tribulationibus;
945 3526 1075 3573 tunc
1125 3520 1271 3572 enim
1324 3519 1598 3589 praacipue
1643 3518 1848 3571 auxilio
1898 3525 1985 3572 est

393 3627 554 3682 opus.
588 3611 697 3666 Aut
728 3611 961 3665 fortasse
986 3627 1095 3664 non
1121 3610 1278 3680 quasi
1304 3612 1371 3665 de
1396 3610 1579 3664 futura
1609 3611 1981 3673 tribulatione,

395 3704 494 3760 sed
524 3705 592 3759 de
624 3704 881 3775 praesenti
907 3704 1113 3757 dictum
1139 3713 1242 3758 est.
1276 3702 1349 3755 Ea
1384 3703 1529 3757 cnim
1562 3704 1683 3772 ejus
1715 3703 1984 3757 sententia

392 3803 478 3850 est
509 3811 521 3846 :
548 3793 686 3861 Quia
712 3795 837 3850 talis
866 3795 981 3849 haec
1008 3795 1126 3849 dies
1142 3802 1248 3858 est,
1278 3802 1335 3847 ut
1358 3795 1478 3864 ejus
1500 3794 1821 3866 gravitatem
1842 3792 1984 3848 ferre

394 3903 506 3943 non
539 3887 770 3951 valeam,
816 3884 1036 3942 ﬂectere
1066 3894 1119 3941 et
1167 3897 1482 3957 promptum
1532 3886 1796 3940 auxilium
1839 3901 1982 3955 prie-

395 3982 547 4035 stito.
583 3978 648 4034 In
670 3996 979 4050 quacunque
998 3980 1081 4033 die
1108 3980 1413 4033 invocavero
1431 3992 1501 4044 te,
1524 3980 1769 4034 velociter
1788 3979 1985 4033 exaudi

395 4090 497 4129 me.
530 4071 737 4143 Ecquid
771 4080 984 4125 tantum
1036 4072 1233 4143 urget?
1272 4088 1395 4141 quae
1445 4073 1528 4126 vel
1584 4073 1761 4142 qualis
1817 4086 1984 4125 causa

394 4164 741 4221 velocitatis?
771 4164 912 4230 Quia
964 4164 1262 4233 defecerunt
1296 4166 1433 4217 sicut
1472 4164 1650 4233 fumus
1694 4163 1805 4217 dies
1838 4165 1982 4217 mei:

396 4256 658 4327 temporis
709 4257 1031 4311 brevitatem
1078 4265 1134 4312 et
1187 4256 1605 4311 instabilitatem
1645 4271 1745 4326 per
1773 4254 1981 4310 fumum

395 4351 689 4423 signiﬁcat.
718 4348 787 4403 Et
808 4366 931 4403 ossa
955 4365 1071 4403 mea
1102 4350 1240 4403 sicut
1264 4350 1516 4403 cremium
1539 4358 1813 4403 aruerunt.
1851 4347 1984 4401 Per-

395 4460 581 4497 cussus
615 4459 732 4497 sum
763 4451 819 4495 ut
848 4441 1026 4511 fenum
1045 4450 1095 4495 et
1124 4442 1333 4495 exaruit
1358 4458 1450 4495 cor
1481 4457 1673 4505 meum,
1699 4443 1825 4510 quia
1851 4440 1983 4494 obli-

2174 1845 2275 1909 Ἕν
2294 1850 2333 1926 ᾗ
2362 1857 2438 1909 ἂν
2464 1856 2649 1925 ἡμέρᾳ
2673 1858 2959 1926 θ.1ίϐωμαι
2986 1858 3198 1912 κλῖνον
3217 1862 3367 1928 πρὸς
3380 1862 3459 1930 μὲ
3487 1863 3551 1915 τὸ
3573 1858 3687 1929 οὖς

2086 1964 2222 2002 σου.
2292 1950 2554 2003 Ἐνταῦθα
2588 1952 2825 2023 εἰρήσθω
2852 1952 2913 2005 τὸ
2951 1952 3046 2005 τοῦ
3090 1954 3309 2006 Ἡσαΐου
3328 1971 3344 1986 ο
3375 1958 3550 2024 Κύριε
3570 1998 3586 2020 ,
3614 1959 3687 2010 ἐν

2086 2042 2289 2109 θλίψει
2324 2041 2712 2111 ἐμνήσθημέν
2753 2061 2871 2098 σου
2892 2086 2906 2107 ,
2941 2044 3011 2096 ἐν
3057 2046 3259 2113 θλίψει
3280 2046 3465 2115 μικρᾷ
3488 2050 3525 2116 ἡ
3545 2064 3686 2101 παι-

2086 2128 2216 2183 δεία
2246 2146 2362 2184 σου
2396 2131 2561 2199 ἡμῖν.
2602 2132 2720 2204 Χρὴ
2757 2135 2814 2186 δὲ
2846 2136 2951 2206 ἄρα
2984 2136 3080 2188 καὶ
3110 2137 3217 2208 πρὸ
3246 2137 3342 2189 τοῦ
3378 2138 3681 2202 θλίϐεσθαι,

2086 2224 2208 2284 ταῖς
2241 2222 2541 2292 ἱκετηρίαις
2576 2225 2856 2295 σχολάζειν
2877 2267 2890 2287 ,
2920 2228 3014 2280 καὶ
3047 2230 3121 2298 μὴ
3154 2229 3313 2297 μόνον
3344 2232 3401 2282 ὲν
3432 2233 3545 2294 τοῖς
3577 2249 3681 2285 π-

2090 2320 2418 2387 ριστατικοῖς
2440 2321 2669 2388 καιροῖς.
2710 2319 2766 2372 '0
2796 2321 2978 2389 μέντοι
3000 2322 3154 2390 ἅγιος
3176 2322 3391 2394 εὔχεται
3413 2326 3511 2395 οὐχ
3529 2327 3683 2390 ὅπως

2090 2407 2165 2477 μὴ
2195 2405 2349 2478 θλὶϐη
2370 2446 2385 2470 ,
2422 2407 2679 2461 ἀδύνατον
2709 2410 2817 2481 γὰρ
2842 2411 3018 2475 τοῦτο,
3190 2415 3337 2479 ὅπως
3363 2415 3683 2487 θλιϐόμενος

2090 2500 2166 2570 μὴ
2203 2500 2431 2571 ἡττηθῇ,
2468 2504 2562 2554 καὶ
2593 2503 2743 2566 ὅπως
2776 2506 2841 2574 τῇ
2882 2505 3057 2558 ἑλπίδι
3080 2508 3289 2578 χαίρων
3313 2510 3685 2584 ὑπομένῃ-τὰς

2088 2591 2295 2661 θλίψεις
2339 2594 2433 2646 καὶ
2465 2594 2817 2665 καυχώμενος
2849 2597 2908 2649 ἐν
2940 2600 3149 2663 αὑταῖς.
3219 2602 3289 2656 Ἠ
3330 2604 3438 2673 τὰρ
3470 2607 3684 2674 θλίψις

2087 2684 2201 2751 τὴν
2220 2686 2438 2739 ἐλπίδα
2453 2686 2549 2740 διὰ
2589 2687 2699 2756 τῆς
2726 2690 3039 2759 ὑπομονῆς
3070 2693 3169 2745 καὶ
3200 2692 3453 2764 δοκιμῆς
3470 2697 3679 2767 γεννᾷ.

2100 2776 2432 2831 Ἐπάκουσον
2454 2776 2548 2833 οὖν
2573 2798 2696 2850 μου,
2725 2783 2911 2850 φησὶν,
2935 2785 2993 2835 ὲν
3077 2785 3141 2838 ἂν
3171 2788 3357 2858 ἡμέρᾳ
3384 2788 3680 2861 θλίὸωμαι,

2089 2869 2368 2933 ἐπικλίνας
2387 2889 2486 2940 μου
2504 2873 2601 2944 τὴν
2620 2873 2999 2946 φιλάνθρωπον
3011 2878 3421 2950 ἀκοή·ι.Κλίνειν
3435 2883 3491 2935 δὲ
3506 2885 3682 2949 ὁΘεὸς

2086 2959 2148 3011 τὸ
2176 2956 2264 3023 οὖς
2296 2961 2461 3014 αὑτοῦ
2497 2963 2749 3031 λέγεται,
2782 2966 2857 3030 ὡς
2896 2968 2997 3020 οὐκ
3025 2970 3424 3043 ἐφικνουμένης
3458 2976 3554 3045 τῆς
3586 2979 3683 3030 ἀν-

2088 3050 2365 3123 θρωπίνης
2397 3053 2679 3124 δυνάμεώς
2707 3074 2768 3109 τε
2814 3061 2909 3112 καὶ
2952 3063 3202 3133 κραυγῆς
3234 3064 3458 3133 φθάνειν
3491 3070 3587 3120 ἐπὶ
3620 3071 3683 3123 τὺ

2088 3142 2221 3213 ὕψος
2272 3146 2372 3215 τῆς
2416 3147 2582 3200 αὐτοῦ
2618 3147 2904 3221 θεότητοςο
2942 3153 3131 3223 διόπερ
3162 3157 3325 3220 αὐτὸς
3371 3160 3682 3215 ὑποκατιὼν

2084 3238 2185 3304 τῆς
2227 3239 2392 3291 αὐτοῦ
2442 3241 2864 3314 μεγαλειότητος
2908 3246 3187 3300 ὑποκλίνει
3228 3250 3327 3320 τὴν
3361 3253 3529 3324 ἀκοὴν
3565 3258 3683 3319 τοῖς

2084 3327 2529 3399 καταξιουμένοις
2590 3335 2994 3388 εἰσακούεσθαι.
3060 3339 3133 3391 Τὸ
3196 3340 3275 3403 δὲ,
3342 3342 3443 3396 Ἐν
3500 3337 3541 3415 ᾖ
3604 3345 3683 3399 ἂν

2084 3416 2275 3485 ἡμέρᾳ
2329 3421 2645 3489 θλίϐωμαι,
2697 3424 2819 3475 ἀντὶ⁸
2861 3425 2953 3477 τοῦ
2977 3464 2991 3489 ,
3028 3427 3121 3497 Μὴ
3165 3427 3261 3480 νῦν
3298 3429 3457 3499 μόνον
3479 3471 3495 3494 ,
3542 3431 3679 3484 ἀλλὰ

2084 3509 2214 3579 παρ’
2284 3508 2411 3579 ὃλην
2466 3510 2648 3583 ζωὴν,
2681 3514 2841 3567 πλέον
2875 3516 2937 3582 ,δὲ
2984 3518 3043 3569 ἐν
3101 3518 3345 3588 θλίψεσι·
3413 3523 3530 3574 τότε
3567 3524 3680 3595 γὰρ

2087 3600 2325 3668 μάλιστα
2356 3602 2514 3673 χρεία
2548 3606 2820 3675 βοηθείας.
2863 3609 2932 3661 Ἦ
2972 3610 3112 3679 τάχα
3143 3614 3242 3681 οὐχ
3280 3613 3356 3676 ὡς
3387 3617 3514 3686 περὶ
3548 3615 3680 3684 μελ-

2082 3690 2281 3763 λούσης
2328 3693 2583 3764 θλίψεως,
2618 3698 2735 3750 ἀλλ’
2770 3699 2847 3762 ὡς
2882 3701 3197 3773 ἐνεστώσης
3244 3705 3483 3777 εἴρηται.
3536 3709 3677 3760 Βού-

2082 3784 2231 3838 λεται
2290 3786 2399 3858 γὰρ
2454 3790 2629 3842 εἰπεῖν
2669 3790 2787 3854 ὅτι,
2850 3793 2973 3844 ἐπεὶ
3033 3793 3172 3866 αὕτη
3205 3797 3352 3849 ἐστὶν
3402 3800 3433 3866 ἡ
3492 3800 3677 3873 ἡμέρα

2080 3874 2150 3952 ἧς
2181 3878 2281 3931 οὐκ
2305 3880 2451 3933 ἐστιν
2482 3882 2802 3951 ὑπενεγκεῖν
2822 3883 2919 3955 τὴν
2942 3883 3244 3958 βαρύτητα,
3270 3889 3552 3961 κὰμφθητι
3579 3894 3675 3946 καὶ

2083 3974 2304 4041 ταχεῖαν
2329 3972 2417 4035 δὸς
2442 3973 2539 4044 τὴν
2562 3974 2833 4047 βοήθειαν.
2881 3978 2983 4031 Ἐν
3002 3972 3042 4050 ᾖ
3073 3980 3149 4034 ἂν
3176 3981 3365 4049 ἡμέρᾳ
3395 3983 3672 4038 ἐπικαλέ-

2082 4065 2277 4132 σωμαί
2300 4080 2405 4131 σε,
2443 4067 2594 4136 ταχὺ
2627 4069 2978 4124 ἐπάκουσον
3006 4090 3146 4141 μου.
3211 4074 3321 4126 Καὶ
3348 4075 3401 4126 τί
3439 4077 3498 4128 τὸ
3542 4094 3675 4130 κατ-

2082 4159 2330 4224 επεῖγονς
2364 4159 2511 4211 αἰτία
2529 4160 2704 4223 δὲτίς,
2730 4162 2763 4230 ἢ
2789 4163 2917 4215 ποία
2941 4164 3041 4231 τῆς
3078 4165 3413 4237 ταχύτητος;
3440 4169 3560 4220 ’Ὁτι
3580 4169 3673 4233 ἐξ·

2080 4249 2294 4303 ἐλιπον
2310 4254 2369 4303 αἱ
2394 4252 2603 4320 ἡμέραι
2626 4272 2747 4322 μου
2773 4256 2917 4309 ὡσεὶ
2937 4260 3167 4324 καπνός
3187 4277 3200 4289 ’
3230 4260 3292 4312 τὸ
3311 4262 3672 4336 ὀλιγοχρόνιον

2082 4344 2175 4397 καὶ
2197 4346 2567 4400 ἀνυπόστατον
2601 4348 2689 4401 διὰ
2722 4349 2815 4402 τοῦ
2842 4350 3051 4404 καπνοῦ
3084 4352 3253 4424 δηλοῖ.
3282 4357 3392 4409 Καὶ
3422 4358 3492 4411 τὰ
3518 4356 3670 4413 ὀστᾶ

2076 4454 2195 4505 μου
2219 4439 2363 4491 ὡσεὶ
2383 4441 2636 4509 φρύγιον
2656 4445 3151 4514 συνεφρύγησαν.
3196 4448 3507 4518 Ἑπλήγην
3525 4451 3671 4506 ὡσεὶ

397 4547 481 4591 tus
511 4552 628 4590 sum
664 4534 931 4589 comedere
966 4549 1155 4604 panem
1188 4550 1378 4588 meum.
1419 4535 1464 4587 Α
1490 4549 1611 4588 voce
1636 4534 1861 4603 gemitus
1884 4533 1982 4585 mei

2088 4532 2314 4598 χόρτος,
2347 4534 2447 4586 καὶ
2465 4533 2766 4603 ἐξηράνθη
2789 4538 2827 4604 η
2856 4538 3070 4606 καρδία
3093 4557 3235 4608 μου,
3266 4540 3357 4594 ὅτι
3386 4542 3671 4599 ἐπελαθό-

396 4626 619 4681 αάΙιωδὶι
668 4644 725 4681 οε
756 4643 927 4681 meum
963 4627 1115 4680 carni
1173 4642 1319 4681 mem.
1368 4626 1501 4692 Quae.
1530 4625 1733 4695 populo
1776 4625 1983 4678 accide—

396 4726 526 4773 runt
552 4725 611 4773 ut
634 4718 739 4773 sibi
767 4718 987 4788 propria
1015 4724 1238 4772 enarrat
1262 4718 1614 4787 propheticus
1643 4715 1867 4777 chorus,
1901 4715 1984 4769 vel

396 4814 559 4867 etiam
598 4812 712 4881 ipse
766 4809 935 4866 David
985 4828 999 4864 :
1044 4810 1393 4878 declaratque
1430 4808 1741 4862 universam
1792 4821 1983 4861 eorum

396 4905 677 4968 virtutem,
721 4917 829 4973 qua
867 4901 1057 4973 legalis
1096 4901 1281 4957 cultus
1330 4899 1691 4963 consistebat,
1755 4899 1987 4969 periisse

397 5014 462 5053 ac
510 4996 916 5067 pessumivisse.
996 4992 1121 5051 Haec
1178 5006 1343 5063 porro
1387 4998 1541 5047 erant
1594 4990 1982 5055 sacerdotium,

396 5091 684 5161 templum,
713 5103 975 5159 pecorum
1003 5086 1296 5150 sacrificia,
1325 5085 1502 5155 gentis
1529 5084 1620 5153 jus
1649 5090 1703 5138 et
1733 5084 1978 5138 libertas.

398 5182 718 5240 Sublimiori
754 5198 883 5239 vero
916 5197 1104 5243 sensu,
1139 5180 1231 5250 qui
1281 5178 1579 5234 secundum
1632 5176 1800 5232 Deum
1849 5192 1983 5247 pau-

399 5294 495 5350 per
546 5286 653 5343 est,
712 5276 951 5347 primum
992 5289 1152 5331 suum
1211 5272 1426 5327 facinus
1479 5274 1747 5335 enuntiat,
1792 5286 1987 5340 nempe

400 5368 545 5439 quod
574 5378 940 5437 temporaneae
964 5364 1092 5418 vita:
1124 5362 1242 5417 dies
1278 5362 1363 5417 sui
1409 5364 1584 5416 instar
1615 5361 1747 5416 fumi
1778 5361 1988 5416 defece-

399 5459 532 5522 rint,
563 5473 690 5513 cum
720 5457 984 5527 inglorius
1019 5462 1073 5509 et
1115 5455 1388 5509 obscurus
1434 5453 1584 5522 ipsos
1634 5453 1981 5523 transegerit.

403 5538 517 5604 Hoc
536 5548 727 5604 autem
759 5549 1029 5617 intelliges
1056 5562 1123 5601 ex
1157 5546 1243 5615 bis
1281 5562 1403 5616 qua:
1429 5544 1532 5600 Joh
1573 5547 1648 5598 ait
1694 5567 1707 5599 :
1752 5546 1983 5611 Quando

404 5640 610 5695 lucebat
635 5640 849 5692 lucerna
870 5655 1025 5708 super
1046 5649 1201 5706 caput
1235 5654 1428 5701 meum,
1462 5637 1671 5708 quando
1702 5654 1847 5691 eram
1873 5656 1985 5692 ma-

479 5822 519 5853 "
562 5819 724 5876 Miclt.
760 5834 870 5886 vn,
914 5818 965 5885 Ι,
1001 5817 1055 5872 2.
1134 5819 1176 5851 ¹⁸
1216 5816 1361 5875 Psal.
1398 5834 1491 5872 xm
1520 5858 1534 5885 ,
1573 5819 1625 5873 5.

2082 4642 2211 4693 μην
2236 4625 2343 4680 τοῦ
2378 4626 2591 4695 φαγεῖν
2622 4627 2731 4681 τὸν
2757 4629 2938 4697 ἄρτον
2976 4649 3117 4700 μου.
3163 4633 3297 4687 Ἀπὸ
3323 4634 3528 4703 φωνῆς
3560 4636 3670 4691 τοῦ

2089 4719 2428 4787 στεναγμοῦ
2443 4738 2564 4788 μου
2583 4721 2887 4789 ἐκολλήθη
2915 4723 2982 4777 τὸ
3006 4724 3234 4779 ὀστοῦν
3251 4744 3372 4795 μου
3394 4726 3469 4796 τῆ
3490 4731 3671 4796 σαρκί

2081 4827 2222 4879 μου.
2256 4812 2337 4864 Τὰ
2360 4813 2644 4881 συμϐάντα
2666 4814 2745 4885 τῷ
2769 4815 2883 4885 λαῷ
2911 4818 3319 4871 οἰκειοποιείται
3343 4822 3372 4871 ό
3402 4838 3668 4893 προφητι-

2088 4901 2182 4965 κὸς
2212 4903 2403 4975 χορὸς,
2436 4904 2469 4974 ἢ
2506 4906 2600 4957 καὶ
2630 4908 2658 4959 6
2694 4907 2885 4960 Δαυῖδο
2940 4909 3034 4962 καὶ
3072 4910 3343 4965 δείκνυσιν
3399 4916 3479 4968 ὅτι
3520 4918 3672 4971 πᾶσα

2084 4992 2315 5063 δύναμις
2341 4992 2541 5059 αὐτῶν,
2575 4995 2642 5047 δι’
2667 4991 2734 5067 ἦς
2764 5001 3102 5069 συνειστήκει
3128 5002 3194 5053 τὰ
3215 5003 3313 5073 τῆς
3345 5004 3484 5057 κατὰ
3512 5007 3671 5076 νόμον

2089 5083 2342 5154 λατρείας
2363 5124 2376 5148 ,
2425 5085 2690 5160 διεφθάρη
2720 5089 2814 5143 καὶ
2849 5091 3148 5147 ἀπόλωλεν.
3179 5089 3286 5147 Ἦν
3312 5096 3369 5148 δὲ
3399 5097 3568 5150 ταῦτα
3636 5100 3669 5170 ἡ

2089 5175 2489 5246 ἀρχιερωσύνη,
2523 5180 2551 5231 ὁ
2576 5178 2731 5243 ναὸς,
2767 5182 2822 5232 αἱ
2854 5180 2943 5233 διὰ
2962 5181 3071 5234 τῶν
3110 5182 3440 5254 θρεμμάτων
3468 5186 3667 5249 θυσίαι,

2084 5271 2179 5322 καὶ
2211 5272 2243 5341 ἡ
2277 5271 2573 5342 αὑτονομία
2610 5272 2703 5326 τοῦ
2738 5273 2941 5337 ἔθνους.
3006 5275 3365 5354 ’Υψηλὸτερον
3392 5278 3448 5331 δὲ
3472 5280 3501 5332 ό
3530 5281 3668 5333 κατὰ

2082 5361 2215 5413 Θεὸν
2249 5363 2461 5432 πτωχὸς
2506 5364 2721 5433 πρῶτον
2763 5366 2930 5419 αὐτοῦ
2965 5368 3297 5440 κατόρθωμα
3337 5371 3574 5426 διδάσκει
3607 5374 3669 5426 τὸ

2081 5454 2452 5509 ἐκλελοιπέναι
2482 5458 2691 5511 καπνοῦ
2713 5458 2869 5529 δίκην
2882 5458 2993 5523 ⁸τὰς
3023 5460 3123 5529 τῆς
3159 5444 3498 5535 προσκαίρου
3527 5466 3669 5537 ζωῆς

2065 5546 2295 5617 ’ἡμέρας
2318 5549 2501 5612 αὐτοῦ,
2531 5550 2734 5615 ἀδόξως
2757 5553 2850 5605 καὶ
2875 5552 3098 5622 ἀφανῶς
3121 5553 3291 5618 αὑτὰς
3310 5554 3666 5625 διεξάγοντος.

2081 5638 2313 5708 Νοήσεις
2347 5640 2402 5692 δὲ
2432 5640 2589 5695 τοῦτο
2618 5644 2712 5712 ἀφ’
2746 5638 2821 5699 ὧν
2852 5645 2882 5697 6
2920 5644 3039 5702 ’1ώό
3076 5661 3240 5716 φησιν
3260 5666 3297 5677 ’θ
3341 5649 3479 5705 Ὅτε
3503 5650 3668 5721 ηὕγει

1706 5818 1748 5851 ¹⁹
1788 5817 1891 5875 lsu.
1938 5836 2092 5884 τινι,
2132 5821 2219 5878 i6.
2297 5823 2343 5855 '°
2380 5822 2539 5879 Rom.
2571 5841 2623 5883 v.
2662 5825 2715 5880 4.
