3992 6404
333 410 476 469 1253

1445 402 1950 461 COMMENTARIA
1988 402 2055 459 ΙΝ
2094 400 2437 458 PSALMOS.

3456 402 3599 457 ιεδι

330 527 367 580 ό
388 524 617 593 λύχνος
646 522 799 591 ὑπὲρ
838 522 1109 591 κεφαλῆς
1146 537 1265 591 μου
1290 536 1303 549 ·
1358 519 1457 573 ὅτε
1485 519 1648 589 ἤμην
1672 517 1911 587 ὑλώδης

2027 517 2219 572 lerialis
2243 518 2401 572 nimis
2426 517 2495 573 ".
2542 514 2783 572 Lucebat
2804 516 2909 588 ipsi
2935 516 3156 573 lucerna
3185 524 3316 571 tunc
3344 516 3399 571 in
3427 518 3599 571 abun-

330 617 492 670 λίαν.
544 613 714 683 Ηῠγει
747 614 895 685 αὐτῷ
929 617 957 667 6
992 614 1183 684 λύχνος
1217 613 1339 666 τότε
1384 614 1442 666 ἐν
1481 612 1702 685 εὐθηνίᾳ
1733 612 1914 683 ὑπάρ-

330 723 479 777 χοντι
501 722 515 736 ·
564 708 652 758 ὅτε
678 707 735 760 δὲ
767 706 943 760 πάντα
977 705 1128 777 αὑτῴ
1164 705 1234 759 τά
1266 706 1580 777 ὑπάρχοντα
1605 702 1916 758 διαπεπτώο

330 815 438 861 κει,
473 793 627 851 εἶπεν
654 798 722 853 ἂν
751 799 844 853 καὶ
877 798 1069 861 αὐτός·
1109 799 1229 851 Ὅτι
1272 797 1556 862 ἐξέλιπον
1585 799 1729 851 ὡσεὶ
1762 813 1915 852 καπ-

329 891 437 957 νὸς
480 894 540 944 al
568 892 784 969 ᾐμέραι
812 908 951 959 μου.
1009 890 1262 954 Τοιοῦτος
1299 890 1355 943 δέ
1386 892 1532 943 ἐστιν
1560 892 1589 943 6
1614 889 1757 943 κατὰ
1782 888 1916 942 Θεὸν

330 981 547 1053 πτωχὸς
568 1022 582 1045 ,
616 981 818 1047 ἀδόξως
856 981 951 1035 καὶ
990 979 1212 1051 ἀφανῶς
1240 979 1340 1044 τὰς
1365 981 1576 1052 ἡμέρας
1611 980 1775 1033 αὐτοῦ
1814 978 1916 1049 τῆς

328 1075 667 1146 προσκαίρου
693 1073 839 1143 ζωῆς
881 1073 1165 1141 διεξάγων.
1194 1069 1329 1127 Εἶτα
1350 1074 1587 1136 ἀσιτίαις
1610 1072 1799 1126 ἐαυτὸν
1823 1071 1917 1125 καὶ

328 1165 637 1219 κακώσεσιν
674 1164 1013 1229 ὑποϐάλλων,
1037 1166 1095 1217 ἐν
1126 1165 1271 1236 λιμῷ
1300 1167 1395 1219 καὶ
1422 1166 1559 1235 δίψει
1586 1164 1916 1235 κατατρύχει

328 1259 421 1311 καὶ
453 1258 813 1329 καταφρύγει,
850 1258 961 1311 Καὶ
990 1259 1112 1310 ἐπεὶ
1140 1256 1308 1313 πᾶσα
1331 1257 1488 1326 σὰρξ
1515 1257 1731 1327 χόρτος
1754 1298 1769 1321 ,
1816 1256 1914 1311 καὶ

327 1346 498 1403 πᾶσα
528 1348 677 1412 δόξα
705 1346 891 1415 αὐτῆς
914 1348 996 1415 ὡς
1020 1348 1205 1415 ἄνθος
1230 1350 1469 1417 χόρτου,
1496 1347 1774 1419 μαραίνων
1797 1348 1919 1401 ἐαυ-

325 1440 420 1494 τοῦ
447 1442 547 1512 τὴν
579 1441 759 1513 σάρκα
789 1441 954 1510 φησὶν
974 1479 988 1504 ,
1031 1439 1339 1510 Ἐπλήγην
1365 1439 1507 1493 ὡσεὶ
1540 1440 1770 1509 χόρτος.

410 1553 468 1605 Ὀ
497 1552 554 1606 δὲ
576 1552 781 1623 ἀληθὴς
816 1552 1137 1623 στεναγμὸς,
1166 1552 1225 1615 ὃς
1254 1553 1348 1605 καὶ
1379 1551 1562 1623 φωνὴν
1591 1551 1703 1622 ἔχει
1730 1552 1917 1605 ἀκουο-

332 1644 498 1715 μένην
530 1644 681 1716 παρὰ
712 1643 881 1705 Θεοῦ,
918 1644 1073 1715 τήκει
1115 1642 1176 1696 τὸ
1210 1642 1400 1714 σῶμα,
1446 1643 1544 1696 καὶ
1572 1643 1673 1712 τῆς
1716 1642 1917 1714 σαρκὸς

328 1736 620 1809 ἐργάζεται
646 1736 933 1807 νέκρωσιν,
965 1735 1105 1788 ὥστε
1131 1734 1221 1787 τὸν
1245 1734 1353 1788 ἔσω
1381 1734 1805 1788 άνακαινοῦσθαι
1831 1734 1919 1789 ἄν-

329 1829 565 1901 θρωπον.
612 1828 922 1892 Ἐπιϐαλεῖς
948 1828 1003 1881 δὲ
1026 1828 1118 1881 καὶ
1146 1820 1272 1880 ὧδεο
1294 1827 1565 1879 Ἐκλείπει
1587 1827 1794 1891 καπνὸς
1817 1844 1918 1880 πυ-
1949 1867 1992 1925 Β

331 1921 423 1992 ρος
452 1920 838 1991 σϐεννυμένου·
877 1918 1201 1989 ὑφεστηκὼς
1229 1919 1309 1981 εἰς
1334 1920 1457 1971 ὅσον
1488 1920 1701 1989 ἐνεργεῖ
1719 1918 1781 1970 τὸ
1802 1917 1916 1989 πῦρ

326 2005 372 2080 ᾧ
408 2012 568 2076 αὐτὸς
599 2010 1019 2084 παρακολουθεῖ.
1058 2010 1155 2063 “Ιν’
1189 2006 1302 2073 οὖν,
1331 2008 1486 2082 φησὶ,
1514 2010 1609 2062 καὶ
1633 2010 1688 2063 αἱ
1710 2009 1915 2081 ἡμέραι

332 2103 407 2175 μὴ
423 2103 768 2157 ἐκλείπωσιν.
791 2103 863 2157 Οὐ
880 2102 989 2173 γάρ
1011 2118 1100 2172 μοι
1118 2101 1253 2172 πρὸς
1274 2100 1438 2155 καλοῦ
1453 2099 1605 2154 ἔσται
1621 2100 1681 2153 τὸ
1696 2099 1917 2171 σϐεσθῆ-

329 2212 417 2248 ναι
446 2194 507 2248 τὸ
540 2195 655 2265 φῶς
685 2194 778 2249 ἀπ’
811 2193 944 2265 ἐμοῦ
979 2194 1039 2246 τὸ
1074 2194 1353 2264 ποιητικὸν
1380 2192 1490 2246 τῶν
1522 2190 1747 2263 ἡμερῶν
1779 2208 1911 2263 μου·

329 2287 620 2359 παράγαγε
642 2288 709 2341 τά
739 2286 981 2359 θλιὸερά.
1018 2287 1080 2340 El
1106 2287 1213 2357 γὰρ
1236 2286 1564 2357 ἐπιμένοιεν,
1589 2286 1737 2339 αἴτια
1758 2287 1917 2356 γενή-

330 2398 515 2435 σονται
548 2382 648 2453 τῆς
678 2382 974 2452 ἐκλείψεως
1005 2382 1115 2435 τῶν
1141 2379 1364 2452 ἡμερῶν
1397 2397 1498 2451 μου
1517 2419 1531 2442 ,
1561 2378 1695 2432 ἀλλὰ
1729 2380 1821 2432 καὶ
1848 2378 1918 2432 τὰ

330 2472 464 2527 ὀστᾶ
491 2492 590 2545 μου
619 2475 699 2528 ἔτι
726 2474 924 2546 μᾶλλον
955 2473 1322 2546 συμφρύξοιεν
1349 2472 1758 2543 παραμένοντα,
1793 2488 1917 2525 του-

330 2564 500 2627 τέστι,
534 2565 631 2629 τὰς
660 2565 907 2629 εὐτόνους
932 2565 1028 2618 καὶ
1059 2565 1456 2636 στερροτάτους
1487 2563 1586 2633 τῆς
1617 2562 1795 2634 ψυχῆς
1827 2563 1918 2616 δυ-

331 2656 555 2727 νάμεις,
590 2659 645 2711 αἶ
684 2658 778 2712 καὶ
815 2658 1226 2730 συμφρύγονται
1261 2655 1368 2709 ὑπὸ
1395 2656 1495 2727 τῆς
1528 2655 1635 2707 τῶν
1670 2655 1918 2725 ψυχικῶν

332 2747 521 2802 παθῶν
550 2750 867 2821 πυρώσεως.
920 2748 1263 2820 Ξηρανθῆναι
1301 2747 1358 2800 δὲ
1387 2746 1535 2817 αὐτῷ
1565 2746 1663 2818 τὴν
1692 2745 1918 2818 καρδίαν

334 2838 528 2910 φησὶν,
560 2840 709 2893 οὐδὲν
746 2839 928 2911 ἱλαρὸν
954 2837 1062 2892 οὐδ’
1088 2839 1172 2907 ἐφ’
1204 2830 1248 2905 ᾧ
1295 2837 1440 2890 ἐστιν
1474 2835 1617 2906 ἔχειν
1652 2834 1919 2905 θυμηδίαν

333 2932 699 3002 κεκτημένην.
750 2931 944 3000 Γέγονε
974 2929 1083 3001 γὰρ
1117 2931 1174 2983 ἐν
1208 2931 1319 2992 τοῖς
1351 2926 1736 3000 προκειμένοις
1766 2944 1920 2998 περι-

336 3026 607 3087 στατικάς
627 3023 902 3087 τοσοῦτον,
926 3023 1000 3085 ὡς
1029 3022 1225 3093 μηκέτι
1251 3015 1422 3074 οἷόντε
1444 3015 1581 3073 εἶναι
1603 3018 1696 3071 τὸν
1722 3018 1921 3075 κατάλ-

335 3115 495 3187 ληλον
529 3116 622 3170 καὶ
666 3116 922 3186 ἁρμόδιον
952 3118 1019 3187 τῇ
1068 3114 1373 3185 τιμιωτέρᾳ
1404 3112 1540 3183 αὐτῇ
1573 3111 1729 3182 οὐσίᾳ
1756 3111 1921 3181 ἄρτον

2016 612 2199 667 dantia
2223 610 2514 666 exsistenti
2548 627 2563 664 :
2592 610 2815 681 quando
2841 625 2973 666 vero
2999 612 3216 666 cunctis
3249 609 3599 666 facultatibus

2015 704 2313 770 exciderat,
2346 704 2546 759 dixerit
2583 704 2748 759 etiam
2781 704 2899 774 ipse
2928 723 2942 759 :
2978 704 3117 771 Quia
3155 703 3460 774 defecerunt
3489 705 3598 760 sic-

2014 806 2075 851 ut
2107 798 2285 865 fumus
2337 797 2449 851 dies
2497 799 2617 851 mei.
2669 796 2997 867 Hujusmodi
3046 804 3226 851 autem
3271 806 3355 852 est
3386 796 3474 851 ille
3514 810 3601 850 se-

2016 888 2258 943 cundum
2295 886 2466 943 Deum
2497 903 2723 959 pauper,
2759 889 3028 959 inglorius
3061 897 3115 943 et
3154 888 3423 944 obscurus
3464 894 3602 943 tem-

2016 982 2221 1052 poralis
2245 981 2371 1036 vitae
2394 981 2512 1037 dies
2536 981 2867 1052 transigens.
2891 980 3097 1035 Deinde
3118 995 3246 1036 vero
3272 995 3394 1035 sese
3424 979 3600 1035 absti-

2016 1075 2222 1130 nentiis
2262 1082 2320 1130 et
2370 1075 2835 1130 macerationihus
2882 1074 3204 1143 subiiciens,
3242 1069 3385 1128 fame
3414 1079 3469 1127 et
3507 1072 3598 1127 siti

2017 1169 2252 1240 castigat
2288 1175 2342 1223 et
2384 1168 2632 1223 arefaeit.
2681 1166 2749 1221 Et
2797 1167 2927 1238 quia
2970 1167 3140 1221 omnis
3171 1183 3296 1221 caro
3346 1166 3521 1236 fenum
3548 1175 3598 1219 et

2017 1264 2190 1317 omnis
2213 1263 2387 1333 gloria
2412 1263 2527 1332 ejus
2553 1262 2707 1332 quasi
2730 1261 2963 1331 ﬂosffeni
2982 1262 3048 1325 “,
3069 1276 3288 1316 carnem
3314 1261 3604 1318 exsiccana

2018 1371 2173 1412 suam
2203 1356 2281 1411 ait
2329 1372 2343 1408 :
2381 1354 2675 1410 Percussus
2708 1370 2822 1409 sum
2850 1365 2906 1407 ut
2943 1354 3143 1423 fenum.

2090 1553 2265 1611 Verus
2305 1565 2483 1610 autem
2525 1556 2780 1627 gemitus,
2816 1555 2908 1626 qui
2940 1569 3129 1609 vocem
3176 1552 3342 1607 habct
3388 1552 3457 1607 ad
3508 1551 3606 1609 Dei

2019 1660 2182 1702 aures
2212 1647 2640 1717 pervenientem,
2673 1662 2875 1716 corpus
2925 1647 3191 1709 exsiccat,
3226 1654 3278 1700 et
3308 1644 3605 1699 mortiﬁca-

2019 1740 2222 1795 tionem
2252 1741 2436 1796 carnis
2484 1742 2736 1812 peragit;
2788 1742 2863 1795 ita
2894 1748 2955 1795 ut
2994 1741 3223 1795 interior
3252 1740 3416 1795 homo
3451 1755 3607 1795 reno-

2019 1842 2197 1888 vetUr.
2232 1832 2331 1888 Hic
2362 1849 2528 1903 porro
2562 1836 2806 1887 animum
2852 1833 3114 1889 adhibeas
3150 1854 3163 1888 :
3200 1834 3389 1889 Deﬁcit
3422 1834 3607 1889 fumus

2022 1927 2296 1981 exstincto
2354 1927 2513 1997 igne,
2567 1941 2690 1979 cum
2735 1926 2924 1978 tandiu
2957 1927 3189 1979 exsistat
3241 1926 3606 1991 solummodo,

2023 2017 2267 2089 quandiu
2298 2018 2440 2089 ignis
2472 2018 2605 2087 agit,
2644 2032 2805 2087 quem
2860 2015 3043 2070 fumus
3092 2016 3361 2087 sequitur.
3411 2015 3481 2070 Ut
3540 2034 3609 2072 ne

2023 2110 2228 2180 itaque,
2267 2108 2367 2175 ait,
2401 2109 2516 2163 dies
2541 2108 2646 2163 mei
2677 2107 2937 2162 deﬁciant
2966 2127 2979 2169 ;
3018 2123 3127 2162 non
3156 2125 3240 2162 me
3268 2109 3424 2177 juvat
3459 2109 3606 2163 enim

2024 2204 2068 2260 si
2125 2204 2219 2258 lux
2273 2218 2304 2256 a
2349 2217 2435 2257 me
2484 2201 2889 2271 exstinguatur,
2918 2200 3173 2270 quaedies
3211 2216 3362 2255 meos
3402 2200 3610 2271 efﬁcit;

2022 2309 2294 2352 aarmnnas
2335 2309 2545 2349 amove.
2589 2292 2725 2347 Nam
2776 2293 2822 2348 si
2869 2294 2973 2347 illa:
3025 2301 3302 2358 maneant,
3351 2295 3405 2348 in
3441 2308 3611 2350 causa

2022 2396 2185 2446 erunt
2219 2388 2364 2458 quod
2390 2387 2510 2442 dies
2542 2386 2649 2441 mei
2679 2386 2971 2454 deﬁciant;
2996 2387 3106 2441 imo
3135 2388 3318 2453 etiam,
3350 2387 3395 2443 si
3423 2403 3611 2458 perse-

2024 2479 2292 2542 verarint,
2313 2494 2440 2534 ossa
2459 2493 2578 2532 mea
2593 2478 2767 2548 magis
2791 2478 3071 2548 magisque
3085 2477 3402 2543 arefacient,
3426 2478 3479 2532 id
3503 2485 3608 2541 est,

2024 2574 2284 2629 robustas
2308 2584 2361 2627 et
2388 2570 2736 2625 ﬁrmissimas
2764 2570 2931 2624 animi
2966 2571 3218 2634 virtutes,
3245 2585 3368 2639 quae
3389 2571 3459 2625 ab
3487 2571 3612 2641 igne

2023 2665 2342 2737 passionum
2387 2662 2584 2717 animae
2630 2662 2998 2717 exsiccantur.
3059 2660 3375 2715 Arefactutn
3428 2672 3609 2715 autem

2025 2774 2122 2813 cor
2146 2772 2304 2812 suum
2335 2771 2459 2811 esse
2490 2754 2644 2816 dicit,
2670 2754 2817 2825 quod
2845 2754 2981 2808 nihil
3016 2757 3217 2816 laetum,
3249 2752 3384 2806 nihil
3416 2752 3470 2806 in
3502 2768 3612 2822 quo

2024 2849 2262 2919 gaudere
2286 2846 2484 2909 valeat,
2510 2845 2807 2916 possideat.
2836 2845 2912 2898 ita
2941 2846 3089 2899 enim
3121 2847 3175 2897 in
3203 2844 3611 2904 calamitatibus

2024 2941 2310 2996 demersus
2339 2949 2443 3003 est,
2464 2949 2523 2992 ut
2547 2954 2655 2992 non
2681 2938 2823 2992 ultra
2849 2940 3024 3007 possit
3045 2937 3364 3007 congruenti
3390 2951 3454 2991 ac
3488 2951 3615 3006 pre-

2025 3032 2181 3085 tiosa:
2204 3045 2316 3085 sua:
2338 3028 2661 3085 substantiae
2682 3029 2878 3084 idoneo
2902 3043 3039 3099 pane
3066 3029 3265 3082 nutriri
3290 3044 3304 3080 :
3330 3028 3435 3083 hoc
3463 3028 3611 3084 enim

2025 3139 2165 3193 pane
2188 3132 2320 3177 tunc
2350 3122 2528 3176 solum
2559 3121 2637 3175 uti
2680 3121 2827 3185 licet,
2862 3136 2988 3175 eum
3017 3122 3184 3177 rebus
3212 3122 3469 3178 extrariis
3499 3136 3610 3176 non

335 3207 659 3277 τρέφεσθαι·
685 3207 875 3261 τούτου
897 3207 1002 3276 γὰρ
1019 3204 1112 3259 τοῦ
1139 3206 1304 3277 ἄρτου
1329 3203 1761 3276 μεταλαμϐάνειν
1781 3202 1917 3264 ἔστι,

2027 3215 2381 3283 abstrahitur,
2411 3229 2589 3284 neque
2618 3212 2876 3269 foedatur.
2907 3206 3118 3268 Tandiu
3168 3221 3349 3269 autem
3397 3231 3455 3272 se
3507 3216 3613 3271 hu-

340 3300 413 3370 μὴ
458 3298 899 3370 περιελκόμενον,
941 3298 1074 3370 μηδὲ
1113 3296 1432 3368 θολούμενον
1474 3296 1580 3349 ὑπὸ
1605 3295 1713 3348 τῶν
1742 3295 1920 3358 ἐκτός.

336 3390 425 3452 Εἰς
453 3390 707 3444 τοσοῦτον
737 3390 793 3443 δέ
819 3408 950 3461 φησι
982 3390 1056 3461 μὴ
1084 3388 1385 3460 τεθράφθαι
1412 3388 1598 3442 τοῦτον
1624 3386 1713 3440 τὸν
1738 3386 1921 3459 ἄρτον,

336 3482 411 3544 ὡς
440 3482 536 3535 καὶ
567 3482 738 3553 λήθην
764 3480 909 3552 ἔχειν
936 3481 1030 3535 τοῦ
1065 3499 1193 3535 ποτε
1220 3480 1388 3535 αὐτοῦ
1423 3479 1742 3549 γεγεῦσθαι.
1775 3479 1924 3532 Πάνυ

335 3573 392 3625 δὲ
413 3572 682 3638 στενάζων
702 3573 790 3627 διὰ
812 3573 879 3626 τά
900 3574 1143 3645 παρόντα
1169 3573 1420 3636 ἐπίπονα,
1444 3571 1699 3625 τοσοῦτον
1726 3570 1925 3640 ἀφίημι

338 3666 725 3738 ἐπιτεταμένον
758 3667 852 3721 καὶ
879 3666 1079 3738 συνεχῆ
1118 3664 1446 3737 στεναγμὸν,
1482 3665 1558 3727 ὠς
1592 3665 1657 3717 ἐκ
1688 3662 1789 3732 τῆς
1817 3680 1926 3731 φω-

339 3760 436 3830 νῆς
462 3777 560 3830 μου
586 3761 724 3831 μετὰ
745 3759 1006 3830 ὀλολυγῆς
1030 3760 1323 3829 γινομένης
1343 3755 1667 3827 κολληθῆναι
1692 3754 1785 3808 καὶ
1803 3754 1927 3824 τρό-

339 3870 440 3906 πον
468 3853 588 3907 τινὰ
623 3854 886 3924 ἐνωθῆναι
917 3853 977 3906 τὸ
1006 3852 1198 3905 ὀστοῦν
1238 3868 1339 3923 μου
1369 3853 1436 3921 τῇ
1470 3848 1633 3921 σαρκί
1665 3864 1766 3918 μου
1790 3887 1804 3911 ,
1838 3845 1927 3899 διὰ

340 3948 438 4019 τὴν
474 3947 671 4017 ποῖλὴν
712 3945 977 4018 ξηρασίαν
1018 3942 1384 4012 ἀναποθείσης
1423 3941 1605 4011 πάσης
1645 3941 1746 4010 τῆς
1789 3954 1926 4008 παρ-

342 4039 691 4109 εσπαρμένης
728 4036 807 4107 τῷ
841 4035 1053 4107 σώματί
1089 4052 1189 4105 μου
1216 4034 1513 4105 ὑγρότητος
1550 4032 1615 4084 ἐκ
1639 4029 1740 4099 τῆς
1769 4027 1927 4081 ἐπελ-

341 4132 538 4203 θούσης
555 4131 868 4194 κακώσεως.
895 4128 1041 4199 Αὕτη
1070 4129 1179 4200 γάρ
1196 4129 1229 4199 ἡ
1248 4128 1484 4197 ὑγρότης
1500 4127 1586 4179 ὅτε
1608 4141 1697 4194 μοι
1721 4126 1923 4195 παρῆν,

343 4223 628 4276 πιαίνουσα
646 4223 706 4275 τὸ
734 4220 943 4285 ὀστοῦν,
974 4220 1145 4291 διῄρει
1173 4218 1304 4272 αὐτὸ
1332 4216 1439 4271 ἀπὸ
1459 4216 1558 4287 τῆς
1582 4213 1803 4285 σαρκὸς,
1828 4212 1926 4284 τὴν

345 4316 515 4386 μέσην
545 4316 723 4387 σάρκα
756 4315 849 4367 καὶ
881 4313 1083 4366 ὀστέων
1115 4311 1311 4381 ἔχουσα
1346 4308 1550 4380 χώραν.

424 4405 746 4476 Ὧμοιώθην
790 4402 1076 4459 πελεκᾶνι
1105 4400 1381 4471 ἐρημικῷ·
1442 4398 1660 4469 φεύγων
1685 4396 1925 4467 δηλονότι

340 4498 438 4563 τὰς
465 4500 521 4551 ἐν
550 4498 690 4569 ὄχλῳ
722 4495 1005 4568 διατριϐάς
1038 4493 1349 4566 ἐμονούμην
1382 4493 1476 4546 καὶ
1501 4487 1922 4561 ἐξηνθρώπιζον.

2019 3310 2263 3383 jusmodi
2286 3310 2445 3381 panis
2476 3309 2736 3363 alimento
2760 3307 3033 3378 privatum
3068 3308 3167 3373 ait,
3199 3314 3257 3361 ut
3287 3323 3355 3362 ne
3387 3308 3609 3378 quidem

2024 3405 2338 3459 meminerit
2374 3419 2442 3456 an
2482 3402 2781 3471 aliquando
2816 3401 2994 3471 ipsum
3037 3401 3433 3471 degustaverit.
3474 3401 3615 3456 Mul-

2027 3506 2140 3551 tum
2174 3511 2338 3567 porro
2377 3494 2445 3549 de
2484 3494 2849 3565 praesentibus
2902 3494 3164 3547 aerumnis
3216 3494 3611 3564 ingemiscens,

2026 3597 2108 3644 tot
2138 3598 2359 3660 tamque
2392 3587 2698 3659 frequentia
2725 3586 2984 3657 suspiria,
3028 3593 3105 3639 tot
3137 3589 3372 3655 gemitus
3400 3586 3525 3651 edo,
3554 3595 3615 3643 ut

2027 3698 2057 3737 a
2108 3698 2233 3737 voce
2265 3697 2383 3737 mea
2417 3697 2541 3736 cum
2573 3681 2779 3751 ejulatu
2815 3680 3016 3734 emissa
3061 3695 3125 3733 os
3169 3695 3348 3735 meum
3389 3695 3487 3735 ceu
3520 3696 3616 3751 ag-

2028 3774 2353 3844 glutinatum
2382 3781 2436 3827 et
2467 3772 2788 3842 adjunctum
2828 3769 2992 3824 fuerit
3013 3771 3165 3823 carni
3202 3786 3355 3837 meae,
3393 3785 3513 3824 cum
3542 3769 3615 3825 ob

2028 3865 2252 3918 multam
2313 3863 2461 3918 illam
2495 3863 2823 3924 ariditatem,
2855 3861 3033 3916 omnis
3068 3862 3122 3915 in
3155 3876 3387 3931 corpore
3424 3876 3614 3932 sparsa

2029 3956 2328 4011 humiditas
2362 3970 2427 4009 ex
2486 3954 2775 4025 ingruente
2835 3953 3129 4007 aﬁlictione
3184 3954 3387 4009 amissa
3443 3961 3611 4010 esset.

2028 4045 2154 4101 Hac
2184 4046 2385 4116 quippe
2409 4045 2710 4100 humiditas
2736 4060 2859 4098 cum
2890 4044 3129 4107 adesset,
3158 4061 3220 4100 os
3243 4046 3614 4118 impinguans,

2028 4137 2162 4191 illud
2195 4152 2227 4190 a
2263 4152 2433 4191 carne
2461 4134 2759 4201 dividebat,
2795 4151 2919 4190 cum
2954 4137 3192 4192 medium
3222 4139 3362 4193 inter
3391 4152 3613 4192 carne-nt

2027 4239 2081 4285 et
2110 4244 2237 4285 ossa
2263 4230 2445 4284 locum
2478 4236 2704 4285 teneret.

2099 4390 2266 4446 Vens.
2293 4392 2345 4444 7.
2377 4391 2586 4446 Similis
2616 4391 2793 4460 factus
2839 4408 2955 4445 sum
2992 4392 3252 4460 pellicano
3286 4393 3614 4458 solitudinis,

2030 4485 2297 4555 siquidem
2336 4499 2521 4537 moras
2564 4484 2619 4536 in
2658 4483 2819 4537 turba
2865 4483 3102 4554 fugiens,
3148 4484 3300 4537 solus
3338 4491 3394 4539 et
3422 4484 3616 4555 procul

353 4590 508 4643 Ἐπεὶ
556 4591 651 4643 καὶ
683 4590 745 4643 τὸ
778 4588 915 4653 ζῶον
956 4586 1115 4641 τοῦτο
1158 4586 1456 4657 φιλέρημον
1486 4580 1620 4637 εἶναι
1652 4581 1870 4651 λέγεται
1897 4581 1921 4634 6

2032 4575 2345 4631 hominibus
2372 4574 2655 4653 degebant.
2704 4573 2841 4629 Nam
2887 4575 3091 4629 animal
3134 4576 3269 4630 illud
3315 4577 3618 4646 pellicanus

342 4679 599 4733 πελεκάν.
628 4680 933 4751 Παρίστησι
969 4678 1026 4731 δὲ
1059 4677 1155 4730 καὶ
1195 4676 1293 4747 τὴν
1326 4675 1561 4749 ἐρημίαν
1601 4673 1697 4726 τοῦ
1721 4672 1924 4736 ἔθνους,

342 4770 621 4826 καὶ-τοῦτό
655 4788 757 4824 που
787 4770 909 4823 καθ’
934 4770 999 4841 ἢν
1031 4768 1190 4840 μόνος
1212 4768 1438 4838 εὕρηται
1463 4760 1541 4830 εἷς
1564 4782 1665 4818 που
1697 4764 1791 4818 καὶ
1810 4762 1928 4817 δεύ-

341 4883 499 4938 τερος
528 4866 621 4918 καὶ
656 4863 876 4936 βραχεῖς
904 4880 1047 4926 τινες
1066 4879 1078 4892 ·
1111 4856 1222 4916 οἷον
1265 4861 1534 4933 Ἱερεμίας
1562 4859 1594 4931 ἢ
1619 4860 1861 4931 Βαροὺχ,
1894 4857 1927 4927 ἢ

343 4959 527 5031 ἕτερος
559 4958 665 5011 τῶν
696 4957 817 5011 τότε
840 4954 1294 5025 ἀπολειφθέντων,
1325 4948 1400 5009 ὧν
1429 4957 1492 5007 ἐκ
1523 4952 1813 5025 προσώπου
1838 4952 1926 5004 λέ-

343 5067 501 5117 γεται
533 5050 602 5104 τὰ
648 5048 1009 5120 προκείμενα.
1078 5048 1389 5119 Ὀμοιοῦται
1438 5046 1493 5099 δὲ
1543 5046 1636 5102 καὶ
1667 5047 1695 5097 ὀ
1726 5043 1930 5114 Κύριος

347 5143 597 5215 ἐρημικῷ
631 5142 889 5196 πελεκᾶνι
926 5140 1067 5195 κατὰ
1094 5140 1194 5212 τὴν
1238 5138 1332 5192 τοῦ
1359 5138 1545 5211 ὀρνέου
1573 5136 1762 5191 τούτου
1794 5137 1930 5208 πρὸς

343 5234 414 5287 τὰ
444 5233 640 5303 ἔγγονα
674 5232 1133 5304 θαυμασιωτάτην
1159 5229 1520 5303 συμπάθειαν.
1545 5229 1716 5284 Τοῦτο
1741 5228 1848 5301 γὰρ
1870 5227 1932 5282 τὸ

347 5324 487 5389 ζῶον
515 5325 615 5390 τὰς
646 5324 866 5391 νοσσιὰς
896 5324 1048 5397 παρὰ
1070 5325 1297 5396 πέτραις
1321 5322 1617 5393 ἀποτόμοις
1643 5320 1930 5392 πηγνύμε-

346 5437 436 5473 νον
460 5422 572 5483 τοῖς
617 5421 855 5482 νεοσσοῖς
875 5458 890 5483 ,
916 5418 978 5471 τὸ
1012 5416 1086 5489 μὴ
1117 5419 1288 5489 ῥᾷστα
1320 5416 1473 5487 παρά
1494 5432 1638 5479 τινος
1668 5414 1777 5468 τῶν
1810 5415 1931 5467 ἐπι-

348 5510 552 5565 δούλων
574 5509 1002 5582 διαφθείρεσθαι,
1032 5505 1445 5579 κατεργάζεται.
1481 5505 1618 5559 Ἀλλ’
1644 5507 1672 5560 6
1693 5524 1756 5576 γε
1788 5506 1930 5575 ὄφις,

351 5601 688 5665 ἀποπτάντος
706 5600 881 5655 αὐτῶν
912 5599 1006 5652 τοῦ
1041 5598 1246 5669 πατρὸς
1266 5638 1280 5663 ,
1317 5597 1503 5667 ἐπειδὴ
1537 5596 1631 5649 καὶ
1658 5597 1733 5668 μὴ
1766 5614 1934 5668 προσ-

349 5692 588 5763 εγγίζειν
621 5697 687 5766 τῇ
719 5694 882 5765 καλιᾷ
906 5693 1151 5758 δύναται,
1192 5690 1399 5761 ἐπιχέει
1440 5691 1622 5753 αὐτοῖς
1648 5688 1933 5762 πόρρωθεν

313 5878 335 5885 “’
419 5876 462 5907 ²¹
505 5872 606 5930 Job
641 5889 768 5930 nix
793 5913 809 5941 ,
845 5873 900 5928 5.
977 5873 1022 5906 ²¹
1061 5870 1168 5929 lsa.
1197 5883 1265 5925 ιι.
1288 5908 1303 5938 ,
1339 5866 1392 5922 6.

2030 4674 2279 4732 vocatus,
2312 4666 2627 4721 solitudinis
2656 4673 2741 4722 est
2768 4682 2981 4722 amans.
3013 4667 3265 4722 Declarat
3293 4683 3458 4737 porro
3486 4684 3618 4738 gen-

2031 4753 2102 4808 tis
2150 4753 2464 4808 vastitatem
2496 4762 2550 4808 et
2586 4753 2981 4821 solitudinem;
3016 4754 3178 4808 talem
3231 4753 3505 4819 videlicet,
3556 4762 3617 4807 ut

2031 4861 2176 4901 unus
2206 4852 2415 4901 tantum
2446 4846 2532 4900 vel
2564 4845 2694 4912 duo,
2730 4854 2822 4900 aut
2854 4849 3013 4915 pauci
3036 4844 3331 4899 admodum
3362 4861 3612 4901 remane-

2032 4946 2153 4993 rent
2187 4957 2201 4993 :
2234 4938 2411 5009 qualis
2445 4944 2564 4992 erat
2588 4937 2856 4993 Jeremias
2887 4945 2982 4991 aut
3024 4935 3261 5001 Baruch,
3290 4944 3383 4990 aut
3417 4936 3463 4992 si
3491 4937 3617 5007 quis

2032 5030 2174 5086 alius
2200 5046 2267 5085 ex
2297 5029 2367 5085 iis
2404 5032 2499 5100 qui
2543 5038 2673 5084 tunc
2718 5029 2894 5084 relicti
2936 5037 3086 5093 sunt,
3117 5044 3181 5082 ex
3217 5042 3451 5097 quorum
3491 5042 3619 5097 per-

2032 5140 2169 5182 sona
2196 5124 2312 5181 haec
2345 5126 2627 5180 dicuntur.
2678 5123 2887 5178 Similis
2922 5125 3051 5179 item
3083 5122 3348 5177 Dominus
3370 5130 3454 5178 est
3481 5121 3617 5177 soli-

2033 5216 2174 5271 tario
2214 5218 2506 5287 pellicano,
2553 5216 2856 5273 secundum
2911 5216 3106 5269 miram
3140 5216 3256 5269 avis
3288 5214 3456 5283 hujus
3488 5228 3617 5283 erga

2034 5307 2203 5364 fetum
2234 5308 2598 5365 affectionem.
2651 5307 2788 5363 Illud
2836 5308 3037 5380 quippe
3076 5307 3281 5361 animal
3312 5306 3524 5368 nidum,
3560 5306 3635 5385 in.

2033 5403 2204 5475 petris
2227 5417 2291 5457 ac
2317 5403 2609 5472 praeruptis
2639 5401 2901 5465 deﬁxum,
2937 5399 3103 5469 pullis
3136 5399 3253 5454 suis
3288 5399 3361 5451 ita
3394 5396 3619 5451 concin-

2034 5502 2149 5560 nat,
2176 5502 2235 5549 ut
2267 5510 2297 5548 a
2328 5494 2617 5565 quibusvis
2648 5492 3069 5548 insidiatoribus
3096 5491 3258 5547 facile
3296 5488 3619 5546 labefactari

2034 5602 2144 5643 non
2161 5586 2357 5657 possit.
2383 5586 2471 5651 At,
2489 5593 2646 5656 patre
2686 5586 2959 5649 avolante,
2994 5598 3239 5654 serpens,
3266 5583 3394 5653 quia
3426 5581 3618 5637 nidum

2035 5680 2187 5737 adire
2216 5680 2426 5751 nequit,
2455 5680 2610 5757 virus
2642 5693 2805 5736 suum
2836 5676 2972 5748 ipsis
3005 5676 3194 5748 procul
3221 5675 3478 5731 infundit.
3510 5671 3622 5729 Ob—
