3992 6404
426 399 565 456 1235

1072 392 1339 449 EUSEBII
1371 389 1856 449 CESARIENSIS
1892 389 2047 448 OPP.
2087 387 2269 445 PARS
2308 385 2395 443 Ill.
2436 415 2508 428 -—
2547 385 2962 442 EXEGETICA.

3540 385 3684 440 1256

425 525 608 574 servat
629 517 773 572 enim
798 529 904 587 qua
926 523 1120 570 ventus
1150 513 1359 585 perﬂet,
1390 523 1553 585 atque
1584 513 1708 568 inde
1729 528 1996 567 venenum

2110 511 2192 565 τὸν
2215 511 2290 564 ίόν
2311 526 2324 538 '
2353 512 2680 582 περισκοπεῖ
2699 510 2808 582 γὰρ
2837 511 2959 564 ὅθεν
2985 514 3108 564 πνεῖ
3129 512 3158 564 6
3181 512 3400 582 ἄνεμος,
3430 508 3689 564 κάκεῖθεν

425 623 587 664 suum
615 608 779 678 pullis
802 605 1039 672 exhalat,
1075 606 1149 659 ita
1183 613 1244 659 ut
1272 606 1564 660 intereant.
1592 602 1700 659 Sed
1725 612 1879 674 pater
1904 618 2000 658 e0-

427 715 552 756 rum
598 713 792 753 rursus
822 695 1111 762 advolans,
1144 711 1210 750 ac
1247 695 1484 750 naturali
1530 695 1743 750 ratione
1774 692 2003 747 insidias

428 789 803 859 conspicatus,
870 788 1020 842 novit
1066 795 1121 842 et
1174 788 1291 857 ipse
1336 803 1447 857 quo
1490 794 1649 856 pacto
1681 784 2006 838 reviviscere

429 882 660 952 possint.
697 880 905 935 Nubem
940 881 1085 935 enim
1114 881 1392 943 observat,
1419 887 1474 934 et
1504 880 1558 933 in
1579 879 1813 935 sublime
1832 877 2000 937 volat,

427 988 494 1028 ac
548 988 715 1042 supra
756 980 919 1042 caput
953 972 1171 1026 illorum
1218 971 1424 1026 sensim
1461 971 1672 1030 volitat,
1723 968 2003 1036 lateraque

427 1065 624 1135 pennis
652 1065 1024 1120 vehementius
1050 1064 1325 1133 quatiens,
1347 1063 1630 1132 sanguinis
1657 1069 1841 1132 guttas
1870 1060 2003 1129 ipsis

425 1157 682 1227 exprimit
723 1164 776 1210 et
805 1156 1004 1210 emittit
1030 1176 1044 1209 :
1075 1155 1180 1208 illa:
1211 1169 1341 1208 vero
1365 1169 1461 1223 per
1482 1153 1679 1207 nubem
1711 1153 2000 1210 stillantes.

425 1246 697 1300 vivilicam
718 1246 951 1299 mortuis
969 1244 1075 1296 vim
1098 1243 1354 1306 ederunt,
1383 1243 1636 1317 atque‘ita
1665 1242 1742 1295 illi
1760 1242 2006 1295 excitan-

425 1344 537 1392 tur.
568 1334 876 1390 Pellicanus
906 1336 1093 1404 itaque
1135 1350 1235 1404 pro
1277 1333 1508 1389 Domino
1547 1334 1833 1404 accipitur,
1871 1333 2003 1402 pulli

426 1442 528 1497 pro
560 1427 754 1496 primis
782 1426 1124 1497 parentibus,
1160 1425 1322 1480 nidus
1353 1442 1450 1495 pro
1474 1426 1751 1496 paradiso,
1777 1441 2004 1496 serpens

426 1535 527 1588 pro
549 1527 798 1588 apostata
829 1517 1068 1572 diabolo.
1100 1516 1402 1572 lusuﬂlavit
1428 1533 1561 1589 ergo
1591 1519 1682 1573 ille
1717 1533 1815 1588 per
1842 1517 2003 1570 inob-

426 1610 769 1679 sequentiam
803 1609 997 1678 primis
1043 1610 1364 1680 parentibus
1401 1611 1456 1664 in
1495 1610 1750 1680 paradiso
1784 1609 2002 1680 positis,

425 1712 768 1772 mortemque
831 1701 1038 1756 invexit
1090 1703 1199 1757 illis
1251 1721 1263 1754 :
1313 1702 1571 1758 Christus
1625 1717 1754 1757 vero
1814 1717 2001 1756 amore

424 1794 600 1848 nostri
651 1803 956 1865 permotus,
1004 1794 1060 1848 in
1088 1810 1253 1850 cruce
1303 1796 1597 1860 exaltatus,
1625 1810 1689 1848 ac
1719 1795 1777 1848 in
1832 1795 2002 1849 latere

2111 601 2330 670 ὲμφυσᾷ
2352 601 2466 662 τοῖς
2499 601 2730 662 νεοττοῖς
2761 599 2851 651 τὸν
2887 599 2964 652 ἰὸν
2992 599 3156 654 αὑτοῦ
3175 639 3190 664 ,
3221 601 3318 654 καὶ
3343 599 3686 653 τελευτῶσιν.

2117 691 2254 744 Ἀλλ’
2273 692 2303 744 6
2334 691 2623 762 γεννήσας,
2652 691 2835 754 αὐτοῖς
2863 691 3098 755 ὲπιπτὰς
3115 687 3290 757 αὖθις,
3318 693 3412 746 καὶ
3435 691 3534 762 τὴν
3562 691 3691 742 ἐπι-

2105 782 2298 853 ϐουλὴν
2324 785 2569 851 φυσικοῖς
2591 782 2769 850 λόγοις
2790 781 2946 846 εἰδὼς
2961 823 2976 846 ,
3003 778 3110 837 οἶδε
3133 783 3292 837 πάλιν
3315 783 3515 854 ὁμοίως
3538 782 3691 844 ὅπως

2104 872 2519 926 ἁναδιώσονται.
2583 875 2782 927 Σκοπεῖ
2822 875 2931 945 γὰρ
2963 875 3194 944 νεφέλην
3227 875 3322 927 καὶ
3356 873 3574 926 πέτεται
3609 874 3691 936 είς

2106 962 2259 1033 ὕψος,
2286 965 2378 1017 καὶ
2405 963 2548 1016 κατὰ
2573 964 2814 1036 κορυφὴν
2843 966 3028 1036 ἡρέμα⁵
3056 966 3144 1017 ἐπ’
3171 967 3355 1028 αὐτοῖς
3383 963 3690 1034 πτερύσσε⁹

2103 1071 2216 1117 ται,
2247 1055 2427 1108 καὶτὰ
2454 1055 2660 1125 πλευρὰ
2685 1059 2798 1121 τοῖς
2825 1059 3044 1128 πτεροῖς
3069 1055 3409 1128 ἑκατέρωθεν
3433 1055 3691 1125 πλήσσων

2107 1147 2464 1218 σφοδρότερον
2483 1190 2496 1212 ,
2542 1148 2774 1218 αἵματος
2807 1148 2991 1212 αὐτοῖς
3017 1149 3234 1218 ῥανίδας
3273 1148 3515 1219 ἀφίησιν·
3543 1147 3600 1198 αῖ
3631 1146 3692 1198 δὲ

2105 1239 2192 1292 διὰ
2221 1241 2319 1310 τῆς
2351 1239 2577 1308 νεφέλης
2612 1241 2997 1305 ἐπιστὰζουσαι
3029 1238 3291 1309 ζωογόνον
3332 1243 3446 1303 τοῖς
3479 1257 3690 1309 νεκρω-

2106 1331 2275 1385 θεῖσιν
2307 1332 2573 1385 ἐντιθέασι
2599 1331 2849 1403 δύναμιν,
2878 1332 2974 1386 καὶ
2995 1333 3317 1402 ἐγείρονται.
3342 1330 3694 1401 Δαμϐἀνεται

2104 1419 2198 1476 οὖν
2223 1425 2251 1476 6
2284 1423 2517 1477 πελεκὰν
2557 1425 2638 1487 είς
2667 1423 2758 1477 τὸν
2791 1423 2994 1495 Κύριον
3013 1464 3028 1485 ,
3055 1426 3102 1476 οί
3131 1423 3189 1476 δὲ
3222 1423 3427 1478 νεοττοὶ
3459 1424 3538 1486 εἰς
3565 1422 3693 1484 τοὺς

2107 1515 2562 1586 πρωτοπλάστους
2586 1557 2600 1579 ,
2625 1517 2657 1587 ἡ
2691 1515 2746 1569 δὲ
2776 1516 2937 1569 mna
2963 1517 3041 1578 είς
3066 1515 3157 1568 τὸν
3186 1515 3513 1586 παράδεισον
3532 1555 3546 1578 ,
3581 1516 3611 1567 6
3635 1514 3694 1566 δὲ

2105 1607 2226 1676 ὄφις
2251 1608 2328 1670 είς
2356 1607 2445 1660 τὸν
2469 1608 2778 1678 ἀποστάτην
2800 1607 3066 1661 διάϐολον.
3102 1605 3463 1677 Ἐνεφύσησεν
3485 1600 3578 1658 οὖν
3603 1598 3693 1658 οἷδ-

2104 1717 2196 1762 τος
2238 1697 2327 1752 διὰ
2368 1699 2466 1768 τῆς
2497 1700 2782 1770 παρακοῆς
2819 1702 2932 1762 τοῖς
2956 1699 3013 1751 ὲν
3042 1698 3121 1769 τῷ
3151 1697 3461 1770 παραδείσῳ
3491 1698 3696 1750 τεθεῖσι.

2106 1791 2585 1864 πρωτοπλάστοις,
2639 1792 2731 1844 καὶ
2778 1792 3045 1861 νέκρωσιν
3079 1792 3266 1855 αὐτοῖς
3299 1791 3600 1845 ἐντέθεικεν
3620 1808 3633 1818 ’
3663 1791 3696 1841 ὀ

424 1886 765 1948 vulneratus,
799 1885 1070 1938 vivilicum
1097 1886 1223 1938 inde
1258 1885 1577 1954 sanguinem
1611 1885 1818 1941 stillare
1853 1883 2000 1951 fecit,

2110 1861 2428 1954 δέ’Χριστὸς
2460 1882 2548 1936 διὰ
2579 1883 2677 1953 τὴν
2711 1883 2846 1954 πρὸς
2879 1885 3024 1954 ἡμᾶς
3054 1884 3276 1955 ἀγάπην
3305 1883 3441 1952 ὑψοῦ
3471 1883 3695 1951 γενόμε-

424 1993 636 2046 nosque
657 1986 904 2032 mortuos
937 1992 1034 2047 per
1067 1977 1267 2032 nubem
1316 1978 1494 2032 sancti
1557 1975 1796 2048 Spiritus
1824 1977 2004 2032 viviﬁ-

424 2071 570 2125 cavit
594 2087 610 2124 :
634 2068 832 2123 Factus
862 2086 979 2123 sum
1007 2069 1138 2123 sicut
1175 2069 1482 2139 nycticorax
1509 2070 1563 2123 in
1592 2069 1880 2124 domicilio.
1910 2071 2005 2123 Ti-

423 2163 606 2220 midus
623 2163 1063 2233 estnycticorax;
1088 2177 1258 2232 quare
1277 2162 1421 2216 ultro
1448 2162 1697 2232 citroque
1715 2161 1928 2232 fugiens
1947 2164 2002 2217 in

423 2255 828 2310 domiciliorum
867 2254 1156 2308 ruderibus
1185 2263 1489 2324 pernoctat,
1521 2269 1585 2309 ac
1617 2255 1670 2308 in
1693 2255 1869 2323 [nocte
1894 2271 2005 2325 prae

427 2343 721 2400 formidine
738 2345 1004 2400 clamitat.
1029 2343 1131 2398 Per
1149 2345 1478 2415 pollicanum
1499 2346 1684 2417 itaque
1703 2353 2003 2401 extremam

423 2439 606 2510 populi
639 2439 950 2494 vastitati-nt
981 2445 1034 2492 et
1093 2437 1446 2492 solitudinem
1503 2436 1867 2507 signiﬁcabat,
1908 2453 2004 2509 per

424 2530 827 2600 nyctieoracem
863 2543 993 2583 vero
1024 2528 1280 2583 tenebras
1313 2528 1541 2592 indicat,
1572 2529 1731 2599 queis
1765 2531 2002 2600 p0pulus

425 2623 637 2678 offusus
665 2630 749 2677 est
782 2621 1151 2690 :denotatque
1194 2637 1311 2684 eos,
1341 2619 1618 2676 exstincto
1656 2623 1860 2678 lumine
1897 2624 2004 2679 sibi

422 2711 741 2778 irradiante,
775 2714 1079 2783 ignorantia
1107 2713 1202 2769 Dei
1230 2713 1474 2776 allectos,
1498 2713 1655 2782 quasi
1683 2714 1738 2767 in
1764 2713 2004 2767 tenebris

425 2808 480 2854 et
510 2802 563 2854 in
590 2811 753 2858 nocte
777 2805 1006 2858 versari.
1037 2803 1292 2858 Fortasse
1320 2803 1405 2857 vir
1456 2809 1704 2868 sanctus,
1739 2802 1868 2872 quia
1903 2817 2005 2855 no-

424 2893 607 2949 ctibus
636 2895 869 2963 singulis
901 2895 1108 2949 orando
1147 2896 1364 2961 clamet,
1399 2902 1707 2966 opportune
1740 2910 1861 2951 sese
1902 2911 2002 2965 ny-

425 2985 685 3039 cticoraCt
711 2986 942 3039 confert.

497 3157 664 3215 Vsus.
700 3159 852 3214 8-H.
917 3159 1160 3230 Vigilavi,
1194 3170 1243 3214 et
1289 3161 1465 3230 factus
1495 3177 1612 3215 sum
1655 3163 1792 3216 sicut
1823 3177 2006 3230 passer

426 3252 702 3308 solitarius
730 3253 785 3306 in
825 3261 976 3306 tecto.
1007 3253 1138 3308 Tota
1168 3254 1251 3308 die
1293 3254 1682 3323 exprobrabant
1725 3255 1855 3308 mihi
1899 3255 2007 3308 ini-

428 3345 553 3398 mici
583 3345 683 3398 mei
717 3361 735 3400 :
765 3354 814 3398 et
839 3346 929 3414 qui
973 3344 1262 3399 laudabant
1294 3364 1396 3410 me,
1429 3348 1706 3400 adversum
1746 3364 1827 3402 me
1847 3349 2006 3418 jura-

429 3432 578 3487 bant.
609 3431 878 3490 Derisioni
921 3433 998 3489 fui
1045 3436 1279 3491 inimicis
1311 3456 1323 3490 :
1356 3444 1410 3490 et
1447 3437 1541 3506 qui
1574 3437 1703 3490 olim
1753 3441 2010 3494 aemulan-

426 3525 532 3580 dus
563 3533 616 3579 et
643 3525 872 3580 illustris
901 3540 1072 3590 eram,
1093 3541 1239 3581 nunc
1269 3527 1332 3582 ad
1359 3527 1748 3598 jusjurandum
1774 3545 2009 3600 usurpor

428 3615 499 3670 ab
532 3615 602 3685 iis
635 3617 726 3684 qui
755 3631 841 3671 me
870 3615 999 3670 olim
1036 3617 1377 3672 mirabantur
1403 3633 1417 3669 ι
1449 3633 1546 3688 per
1575 3633 1724 3674 meas
1753 3621 1898 3674 enim
1928 3636 2011 3674 ca-

427 3708 700 3763 lamitates
721 3708 934 3778 jurant,
962 3707 1039 3763 Ne
1070 3710 1248 3779 patiar
1275 3725 1338 3764 ea
1370 3726 1492 3781 quae
1513 3710 1735 3781 quidam
1763 3713 2010 3782 perpessi

429 3804 577 3849 sunt.
613 3795 683 3850 Et
712 3798 800 3867 qui
833 3797 1126 3852 laudabant
1162 3817 1264 3866 me,
1292 3801 1571 3856 adversum
1607 3819 1686 3856 me
1710 3803 1967 3874 jurabant
1991 3823 2009 3860 :

431 3897 618 3966 mpm».
647 3891 740 3950 qui
790 3889 956 3946 Deum
1007 3891 1315 3968 adjutorem
1351 3911 1461 3950 non
1507 3896 1790 3953 haberem.
1825 3897 2013 3969 Neque

426 3989 604 4044 solum
638 3989 844 4042 inimici
873 3987 967 4043 Dei
1003 3989 1118 4042 haec
1148 3994 1416 4060 ages-ant;
1458 3988 1554 4044 sed
1588 3991 1752 4045 etiam
1799 3991 1893 4061 qui
1926 4007 2014 4046 me

427 4081 744 4152 diligebant,
779 4083 1065 4137 adversum
1092 4097 1179 4135 me
1200 4080 1485 4149 jurabant,
1531 4083 1584 4137 id
1611 4090 1696 4138 est
1722 4084 2012 4139 contribu-

427 4174 512 4230 les
544 4174 670 4228 mei.
716 4173 853 4227 Nam
901 4175 957 4228 hi
990 4189 1210 4244 quoque
1254 4176 1390 4244 ipsis
1422 4177 1724 4248 prophetiis
1753 4195 1861 4232 non
1891 4195 2013 4234 cre-

427 4265 672 4320 debant:
706 4265 802 4320 sed
824 4264 1167 4320 hortationes
1193 4281 1257 4320 ac
1301 4267 1611 4324 futurorum
1645 4273 1914 4339 promissa
1940 4273 2013 4326 ir-

428 4356 692 4421 ridentes,
747 4355 1038 4411 adversum
1085 4373 1170 4412 uie
1215 4359 1506 4428 iurabant,
1548 4363 1823 4419 vaticiniis
1876 4365 2012 4420 meis

431 4447 590 4501 iidem
626 4453 907 4516 negantes.
939 4447 1080 4513 Quia
1099 4452 1325 4504 cinerem
1365 4461 1617 4521 tanquam
1650 4470 1839 4522 panem
1867 4473 2015 4510 man-

2110 1994 2198 2040 νος
2225 1977 2317 2028 ἐπὶ
2341 1975 2434 2028 τοῦ
2459 1975 2690 2048 σταυροῦ
2707 2017 2721 2038 ,
2739 1977 2832 2030 καὶ
2856 1977 3038 2045 νυγεὶς
3067 1976 3166 2047 τὴν
3183 1976 3450 2048 πλευρὰν,
3481 1975 3693 2028 ἐκεῖθεν

2107 2066 2170 2119 τὸ
2202 2065 2517 2140 ζωήῤῥυτον
2549 2065 2841 2130 ἐστάλαξεν
2867 2061 3036 2136 αἷμα,
3083 2070 3174 2120 καὶ
3201 2066 3288 2120 διὰ
3327 2067 3427 2137 τῆς
3463 2065 3695 2134 νεφέλης

2107 2159 2202 2212 τοῦ
2246 2159 2402 2228 ἁγίου
2437 2160 2750 2229 Πνεύματος
2778 2159 3150 2230 νεκρωθέντας
3182 2160 3330 2230 ἡμᾶς
3352 2155 3692 2220 ἀνεζώωσεν·

2123 2250 2450 2322 Ἐγενήθην
2480 2252 2622 2304 ὡσεὶ
2649 2252 3010 2318 νυκτικόραξ
3031 2251 3101 2304 ἐν
3120 2248 3430 2314 οἱκοπέδῳ.
3464 2247 3647 2302 Δειλον
3668 2249 3698 2300 6

2109 2342 2470 2414 νυκτικὸραξ·
2524 2342 2606 2394 διὸ
2639 2342 2853 2410 φεύγων
2911 2341 3248 2412 πανταχόθεν
3291 2343 3405 2403 τοῖς
3433 2339 3698 2410 ἐρειπίοις

2108 2433 2217 2487 τῶν
2242 2434 2558 2505 οἰκημάτων
2588 2432 2943 2498 ἐναυλίζεται,
2982 2434 3075 2486 καὶ
3101 2434 3158 2486 ὲν
3190 2433 3344 2486 νυκτὶ
3371 2431 3562 2504 κράζει
3591 2431 3699 2484 ὑπὸ

2109 2521 2325 2588 δειλίας.
2364 2523 2462 2577 Διὰ
2484 2524 2582 2595 μὲν
2612 2520 2705 2578 οῦν
2735 2523 2828 2577 τοῦ
2854 2524 3147 2588 πελεκᾶνος
3172 2526 3274 2604 τὴν
3305 2522 3541 2593 παντελῆ
3566 2523 3697 2593 ἐρη-

2114 2615 2241 2685 μίαν
2271 2614 2364 2668 τοῦ
2393 2615 2521 2670 λαοῦ
2558 2618 2797 2688 ἐσήμανε
2817 2633 2828 2645 ·
2873 2615 2961 2669 διὰ
3001 2615 3056 2669 δὲ
3089 2615 3184 2668 τοῦ
3217 2614 3608 2685 νυκτικόρακος
3636 2614 3699 2664 τὸ

2111 2721 2240 2756 κατε
2250 2703 2436 2775 ιληφὺς
2459 2705 2646 2769 σκότος
2667 2705 2758 2758 τὸν
2781 2707 2905 2759 λαὸν
2931 2706 3080 2776 δηλοῖ
3096 2724 3108 2736 ’
3133 2707 3226 2760 καὶ
3245 2707 3349 2771 ὅτι,
3371 2705 3467 2758 τοῦ
3493 2723 3698 2758 καταυ-

2111 2796 2371 2864 γάζοντος
2396 2799 2591 2862 αὐτοὺς
2621 2800 2797 2868 φωτὸς
2821 2800 3250 2864 ἀποσϐεσθέντπ
3269 2840 3284 2864 ,
3311 2795 3398 2853 οἷα
3425 2801 3482 2852 ἐν
3507 2799 3699 2869 σκοτίᾳ

2110 2889 2217 2940 εἰσὶ
2240 2889 2333 2942 καὶ
2353 2890 2508 2943 νυκτὶ
2528 2891 2800 2960 ἀγνωσίαν
2815 2892 2951 2945 Θεοῦ
2976 2892 3210 2962 ἔχοντες.
3233 2892 3388 2962 Τάχα
3401 2891 3458 2944 δὲ
3475 2894 3503 2944 6
3520 2893 3697 2959 ἅγιος,

2109 2980 2297 3052 ἐπειδὴ
2313 2982 2603 3051 παννύχεις
2626 2982 2754 3035 ὲϐὁα
2773 2984 3224 3056 προσευχόμενος,
3249 2984 3558 3052 ἀναγκαίως
3581 2987 3695 3037 ἑαυσ

2109 3073 2200 3128 τὸν
2227 3073 2564 3149 παραϐάλλει
2597 3075 2971 3146 νυκτικόρακι.

2195 3167 2598 3238 Ἠγρύπνησα,
2628 3167 2725 3220 καὶ
2752 3165 3048 3236 ἐγενήθην
3077 3167 3221 3221 ὡσεὶ
3242 3167 3564 3235 στρουθίον
3591 3183 3702 3234 μοι

2111 3258 2290 3319 νάζον
2309 3259 2406 3312 ἐπὶ
2433 3256 2670 3326 δώματι.
2704 3258 2897 3322 Ὅλην
2915 3256 3029 3326 τὴν
3045 3257 3272 3326 ἡμέραν
3290 3255 3600 3318 ὠνείδιζόν
3623 3274 3703 3326 με

2109 3355 2163 3406 οὶ
2189 3351 2392 3421 ἐχθροί
2431 3367 2552 3418 μου
2577 3390 2593 3415 ,
2645 3350 2742 3403 καί
2774 3353 2827 3404 οἱ
2858 3349 3251 3415 ἐπαινοῦντές
3278 3367 3356 3418 με
3383 3350 3510 3403 κατ’
3549 3349 3700 3419 ἐμοῦ

2109 3440 2365 3510 ὤμνυον.
2393 3439 2810 3508 Καταγέλαστος
2832 3438 3098 3509 ἐγενόμην
3124 3440 3238 3501 τοῖς
3262 3437 3572 3508 δυσμενέσι,
3605 3436 3703 3489 καὶ

2107 3534 2136 3585 6
2169 3533 2335 3586 πάλαι
2365 3531 2602 3602 ζηλωτὸς
2635 3532 2725 3585 καὶ
2749 3530 3108 3603 περίϐλετπος
3130 3571 3144 3592 ,
3181 3530 3276 3583 νῦν
3314 3529 3474 3600 ὅρκος
3499 3528 3701 3596 γέγονα

2108 3627 2218 3687 τοῖς
2244 3622 2408 3677 πάλαι
2431 3621 2764 3694 θαυμάζουσι
2790 3641 2801 3652 ·
2831 3622 2972 3676 κατὰ
2995 3623 3104 3695 γὰρ
3133 3623 3241 3676 τῶν
3267 3621 3416 3691 ἐμῶν
3437 3619 3700 3691 ὀμνύουσι

2112 3715 2409 3787 συμφορῶν
2429 3733 2442 3746 ο
2475 3715 2566 3786 Μὴ
2591 3715 2817 3785 πάθοιμι
2854 3713 2889 3768 ἃ.
2924 3717 2977 3767 οἱ
3003 3715 3173 3778 δεῖνες
3201 3713 3526 3767 πεπόνθασι.
3584 3711 3701 3766 Kal

2110 3814 2162 3864 οἱ
2187 3809 2576 3875 ἐπαινοῦντές
2587 3826 2663 3878 με
2686 3809 2812 3861 κατ’
2836 3807 2982 3876 ἐμοῦ
3008 3807 3248 3876 ὤμνυον
3265 3823 3278 3836 ο
3304 3807 3380 3869 ὡς
3407 3806 3481 3876 μὴ
3503 3804 3700 3874 ἔχοντα

2113 3901 2304 3973 βοηθὸν
2325 3901 2413 3954 τὸν
2435 3901 2584 3955 Θεόν.
2614 3902 2723 3953 Καὶ
2747 3900 2808 3952 οὑ
2834 3901 2991 3971 μόνον
3017 3901 3064 3953 οἱ
3085 3899 3268 3972 ὲθχροὶ
3284 3899 3376 3951 τοῦ
3392 3898 3527 3952 θεοῦ
3546 3897 3700 3951 ταῦτ’

2111 3992 2410 4063 ἔπραττον,
2443 3991 2577 4045 ἀλλὰ
2606 3992 2698 4044 καὶ
2732 3993 2781 4045 οἱ
2809 3992 3132 4060 ἀγαπῶντές
3163 4009 3231 4062 με
3266 3994 3386 4046 κατ’
3416 3993 3550 4062 ἐμοῦ
3579 3991 3701 4062 ὦμ-

2111 4103 2235 4138 νυον
2256 4125 2270 4149 ,
2304 4085 2582 4139 τουτέστιν
2615 4085 2662 4137 οἱ
2698 4084 2806 4138 ἀπὸ
2834 4084 2929 4138 τοῦ
2957 4084 3121 4138 αὐτοῦ
3151 4085 3337 4148 ἔθνους
3369 4085 3463 4138 καὶ
3483 4084 3696 4152 γένους.

2111 4179 2222 4232 Καὶ
2243 4171 2386 4231 οὗτοι
2409 4177 2537 4246 γοῦν
2560 4178 2823 4247 ἠπίστουν
2843 4181 2964 4240 ταῖς
2986 4179 3174 4240 αὑταῖς
3197 4177 3576 4250 προφητείαις,
3597 4177 3700 4241 τάς

2110 4286 2170 4321 τε
2216 4269 2589 4340 παρακλήσεις
2620 4270 2713 4322 καὶ
2745 4269 2844 4333 τὰς
2876 4269 2985 4322 τῶν
3021 4269 3321 4340 μελλόντων
3365 4269 3698 4337 ἐπαγγελίας

2111 4360 2458 4432 διασύροντες
2488 4361 2606 4414 κατ’
2641 4360 2776 4432 ὲμοῦ
2803 4360 3016 4432 ὤμνυον
3037 4401 3052 4424 ,
3086 4359 3148 4412 τὸ
3177 4359 3251 4430 μὴ
3283 4359 3554 4414 πιστεύειν
3582 4362 3698 4422 τοῖς

2111 4453 2201 4505 ὑπ’
2224 4452 2358 4523 ἐμοῦ
2387 4454 2906 4525 προφητευσμένοις.
2945 4455 3072 4506 Ὅτι
3095 4451 3330 4504 σποδὸν
3352 4451 3496 4505 ὡσεὶ
3516 4449 3700 4518 ἄρτον

429 4537 714 4604 ducabam,
748 4547 798 4592 et
824 4547 1005 4607 potum
1044 4555 1216 4594 meum
1253 4558 1372 4596 cum
1411 4543 1539 4612 ﬂetu
1572 4546 1875 4602 miscebam.
1909 4547 2006 4603 His

2110 4543 2358 4615 ἔφαγον,
2381 4545 2478 4598 καὶ
2507 4544 2572 4598 τὸ
2598 4549 2759 4616 πόμα
2771 4564 2890 4615 μου
2911 4547 3062 4616 μετὰ
3085 4547 3396 4616 κλαυθμοῦ
3417 4548 3693 4614 ἐκιζρνων.

432 4629 633 4682 similia
655 4637 778 4683 sunt
805 4646 925 4699 qua:
955 4632 1009 4685 in
1037 4635 1248 4701 psalmo
1281 4651 1466 4699 LxXIx,
1501 4636 1812 4694 habentur:
1849 4640 2010 4694 Ciba-

430 4718 510 4773 bt's
537 4736 632 4774 nos
661 4736 794 4787 pane
824 4722 1206 4793 lacrymarum,
1243 4736 1292 4779 et
1330 4738 1510 4795 potum
1559 4728 1711 4784 dabis
1760 4731 1910 4785 nobis
1953 4734 2010 4787 in

432 4810 684 4882 tacrymis
716 4813 770 4865 in
804 4815 1134 4869 mensura".
1161 4815 1373 4872 Doloris
1411 4834 1540 4873 vero
1579 4821 2008 4891 magnitudinem

431 4901 522 4958 bis
553 4904 812 4958 declarat.
850 4904 986 4958 Nam
1017 4907 1064 4959 si
1096 4906 1287 4961 edendi
1319 4919 1534 4979 tempus
1574 4911 1762 4968 dolore
1787 4915 2007 4984 plenum

430 5001 571 5060 erat,
597 4995 742 5064 quod
771 4997 918 5052 aliud
951 5005 1165 5068 tempus
1195 5000 1384 5057 dolore
1413 5019 1648 5059 vacuum
1687 5006 1852 5062 fuerit
1871 5010 1894 5062 ?
1913 5009 2010 5066 llis

435 5093 639 5151 autem,
667 5088 866 5156 inquit,
914 5090 1316 5162 circumcingor
1366 5096 1546 5160 malis,
1596 5099 1723 5168 quia
1773 5109 1854 5167 tu,
1905 5100 2013 5157 Do-

435 5176 601 5230 mine.
642 5177 778 5232 iram
812 5189 959 5233 tuam
1011 5181 1300 5237 adversum
1357 5201 1444 5238 me
1483 5192 1848 5246 commovisti.
1882 5191 2010 5250 Haec

434 5283 601 5336 porro
643 5267 912 5339 Propheta
959 5271 1115 5336 dicit,
1162 5275 1347 5342 populi
1388 5276 1755 5334 calamitatem
1802 5289 1860 5336 ut
1882 5299 2011 5353 pro.

433 5362 610 5431 prium
643 5361 745 5417 sibi
787 5363 1094 5426 ascribens,
1121 5378 1184 5419 ac
1212 5375 1374 5420 tanta:
1413 5368 1781 5427 multitudinis
1825 5375 2007 5443 ρει-ιιίς

437 5456 575 5511 ciem
613 5457 827 5528 lugens.
856 5458 899 5511 Α
935 5458 1071 5528 facie
1101 5461 1195 5514 ira:
1225 5472 1272 5515 et
1313 5461 1694 5534 indignationis
1727 5475 1854 5531 tuae,
1883 5467 2010 5536 quia

433 5549 642 5606 elevans
678 5549 895 5602 altisisti
937 5566 1037 5606 me.
1068 5549 1200 5617 Quae
1233 5554 1434 5624 populo
1461 5563 1516 5610 et
1541 5556 1661 5610 loco
1691 5556 2012 5613 acciderunt

439 5648 498 5690 ut
528 5639 629 5692 sibi
664 5640 885 5710 propria
915 5648 1153 5710 enarrat,
1181 5656 1247 5699 ac
1275 5645 1455 5714 docet,
1478 5645 1547 5702 ad
1593 5662 1847 5720 magnam
1891 5649 2010 5720 glo-

513 5810 560 5841 “
598 5808 740 5868 Psal.
776 5825 972 5878 uxtx,
1009 5811 1064 5868 6.

2112 4635 2335 4700 Τούτοις
2381 4637 2738 4709 παραπλήσια
2771 4639 2838 4692 τὰ
2870 4639 2927 4692 ὲν
2955 4639 3032 4710 τῷ
3057 4639 3143 4692 σθ’
3175 4640 3376 4710 ψαλμῴ
3396 4657 3410 4668 ⁸
3448 4639 3699 4709 Ψωμιεῖς

2109 4727 2268 4797 ἡμᾶς
2293 4729 2475 4796 ἄρτον
2493 4729 2786 4797 δακρύων,
2818 4731 2916 4784 καὶ
2948 4731 3169 4797 ποτιεῖς
3200 4731 3359 4800 ἡμᾶς
3379 4731 3451 4786 ἐν
3475 4730 3701 4797 δάκρυ-

2109 4833 2214 4870 σιν
2243 4819 2312 4870 ἐν
2337 4816 2548 4886 μέτρῳ.
2581 4820 2690 4890 Τὴν
2715 4820 2773 4872 δὲ
2803 4822 2901 4892 τῆς
2926 4821 3117 4893 ὀδύνης
3146 4821 3452 4892 ὑπερϐολὴν
3471 4822 3560 4876 διὰ
3581 4821 3700 4874 τού-

2108 4924 2218 4960 των
2245 4909 2410 4981 δηλοῖ.
2435 4911 2497 4963 ΕΞ
2524 4911 2628 4982 γὰρ
2655 4912 2683 4962 6
2707 4911 2804 4982 τῆς
2821 4913 3028 4982 τροφῆς
3057 4914 3249 4985 καιρὸς
3271 4914 3462 4985 ὀδύνης
3484 4913 3698 4984 ὑπῆρχε

2113 5001 2341 5068 μεστὸς,
2390 5001 2474 5064 τίς
2518 5001 2584 5054 ἂν
2617 5002 2776 5065 ἄλλος
2822 5003 3014 5074 καιρὸς
3044 5005 3249 5077 ταύτης
3282 5005 3563 5080 ἐλεύθερος
3590 5001 3696 5074 ἦνς

2111 5091 2332 5156 Τούτοις
2360 5092 2415 5145 δὲ
2440 5133 2455 5157 ,
2489 5093 2642 5164 φησὶ,
2675 5093 3072 5166 περικλύζομαι
3104 5101 3216 5161 τοῖς
3249 5101 3474 5162 κακοῖς·
3508 5100 3698 5170 ἐπειδὴ

2112 5183 2199 5246 σὺ,
2233 5183 2500 5248 Δέσποτα,
2531 5184 2825 5255 κεκίνηκας
2854 5189 2974 5240 κατ’
3004 5188 3137 5260 ἐμοῦ
3165 5189 3264 5262 τὴν
3291 5192 3484 5263 ὀργήν.
3515 5192 3698 5246 Ταῦτα

2109 5275 2166 5328 δέ
2189 5278 2395 5348 φησινό
2417 5279 2734 5350 Προφήτης,
2764 5279 3131 5352 οἰκειούμενος
3145 5282 3243 5355 τὴν
3273 5283 3369 5336 τοῦ
3404 5283 3535 5339 λαοῦ
3563 5301 3696 5356 συμ-

2111 5369 2300 5438 φορὰν,
2331 5371 2426 5423 καὶ
2454 5369 2850 5442 ὀλοφυρόμενος
2878 5372 2981 5443 τὴν
3013 5373 3289 5428 ἀπώλειαν
3317 5375 3415 5430 τοῦ
3441 5376 3694 5432 τοσούτου

2110 5456 2346 5528 πλήθους
2366 5499 2381 5523 ,
2421 5459 2564 5515 Ἀπὸ
2603 5462 2929 5530 προσώπου
2957 5464 3068 5532 τῆς
3104 5465 3289 5537 ὀργῆς
3322 5468 3423 5522 καί
3460 5469 3566 5524 τοῦ
3597 5473 3672 5524 θυ

2102 5549 2226 5618 μοῦ
2246 5564 2362 5604 σου
2380 5590 2396 5616 ,
2423 5549 2513 5604 ὅτι
2539 5551 2769 5620 ἐπάρας
2795 5553 3164 5624 ωτέρραξὰς
3186 5574 3282 5628 με.
3316 5559 3400 5614 Τὰ
3424 5560 3668 5632 συμσεϐη

2110 5642 2243 5697 κότα
2272 5641 2349 5714 τῷ
2373 5642 2486 5714 λαῷ
2515 5644 2608 5724 καὶ
2635 5644 2711 5716 τῷ
2741 5647 2890 5719 τόπῳ
2925 5647 3254 5713 ίδιοποιεῖται
3285 5652 3584 5723 διδάσκων,
3612 5653 3690 5709 ὕει
