3992 6404
297 406 432 463 1257

1433 402 1932 463 (ΖΟΜΜΕΝΤΑΒΙΑ
1974 405 2041 460 ΙΝ
2080 404 2422 462 PSALMOS.

3417 406 3440 459 I
3453 405 3556 461 9.58

295 520 549 590 εἰςιμέγα
583 518 741 589 δόξης
771 519 1006 592 ἀρθέντα
1034 521 1124 574 τὸν
1148 521 1295 585 λαὸν,
1328 521 1404 585 ὡς
1430 521 1566 575 Θεοῦ
1594 520 1720 575 λαὸν
1742 538 1877 593 χρη-

1983 520 2119 576 riam
2170 523 2408 578 levatum
2441 521 2724 592 populum,
2757 519 2829 575 ita
2862 533 2923 575 ut
2953 521 3187 593 populus
3214 519 3309 578 Dei
3332 537 3559 578 vocare-

298 609 542 681 ματίσαι,
576 612 723 665 τόνδε
751 611 844 665 τὸν
876 609 1022 666 οἷκον
1054 612 1188 666 Θεοῦ
1222 613 1585 684 ὀνομασθῆναι
1613 612 1703 667 διὰ
1726 613 1788 665 τὸ
1816 616 1874 666 ἐν

294 700 441 771 αὐτῷ
466 700 733 774 ἀγίασμα.
778 703 1021 777 Ἐπάρας
1048 705 1139 757 xui
1165 706 1407 775 τιμήσας
1434 705 1463 757 ὀ
1486 703 1618 767 Θεὸς
1639 703 1873 775 ἐφαμίλ-

291 791 399 856 λως
429 794 495 863 τῇ
533 795 612 857 εἰς
642 793 775 865 ὕψος
800 794 1029 870 ἀρθείσῃ
1060 797 1238 851 αὐτῶν
1265 797 1414 871 δόξῃ,
1448 799 1529 862 είς
1555 797 1615 851 τὸ
1636 798 1875 853 ἐναντίον

292 884 652 956 παραγαγὼν,
679 887 979 960 κατέρῤαξε
998 904 1013 919 ο
1036 889 1128 942 τὸν
1157 889 1255 960 μὲν
1280 891 1446 944 τόπον
1470 890 1756 963 πολιορκίᾳ
1779 908 1879 943 πα-

296 976 490 1047 ραδοὺς
534 979 629 1031 xui
681 979 932 1033 παντελεῖ
980 982 1221 1054 ἐρημία,
1267 983 1357 1038 τὸν
1395 984 1451 1038 δὲ
1490 983 1619 1039 λαὸν
1673 986 1877 1057 αἰχμα-

290 1066 484 1123 λωσία.

353 1160 423 1212 Αἱ
447 1158 659 1227 ἡμέραι
674 1177 795 1230 μου
814 1163 958 1219 ὡσεὶ
987 1164 1136 1220 σκιὰ
1158 1165 1509 1235 ἐκλίθησαν,
1540 1166 1705 1237 κάγὼ
1732 1151 1877 1222 ὡσεὶ

291 1248 503 1317 χόρτος
535 1250 893 1324 ἐξηράνθην.
945 1256 1121 1312 Πᾶσα
1141 1256 1254 1328 γὰρ
1290 1256 1449 1326 σὰρξ
1477 1259 1725 1329 χόρτος,
1777 1260 1874 1312 καὶ

292 1341 460 1396 πᾶσα
483 1343 634 1410 δόξα
656 1346 848 1416 αὐτῆς
871 1349 951 1415 ὡς
990 1349 1173 1416 ἄνθος
1198 1352 1437 1419 χόρτου.
1499 1351 1669 1405 Πάλιν
1699 1369 1875 1406 κοινο-

293 1434 616 1506 ποιούμενος
656 1437 749 1493 τὸν
789 1440 917 1512 περ)⁸
943 1440 1037 1494 τοῦ
1065 1441 1196 1495 λαοῦ
1230 1442 1419 1510 λόγον,
1450 1441 1712 1511 ἐπιλέγει·
1764 1443 1874 1497 Καὶ

291 1524 405 1594 ἐγὼ
428 1527 572 1581 ὡσεὶ
591 1530 807 1599 χόρτος
825 1532 1184 1601 ἐξηράνθην.
1214 1534 1298 1588 Σὺ
1322 1534 1409 1600 δὲ,
1437 1536 1634 1603 Κύριε,
1661 1538 1748 1602 εὶς
1771 1536 1877 1590 τὸν

291 1615 473 1671 αἰῶνα
492 1618 696 1688 μένεις
713 1662 728 1685 ,
759 1624 857 1676 καὶ
897 1624 964 1678 τὸ
982 1628 1381 1696 μνημόσυνόν
1402 1642 1521 1682 σου
1554 1630 1641 1695 είς
1664 1628 1878 1699 γενεὰν

291 1710 391 1764 καὶ
414 1712 647 1781 γενεάν.
670 1714 751 1767 Τὰ
776 1716 874 1786 μὲν
903 1716 1094 1789 θνητὰ,
1124 1718 1277 1788 φησὶ,
1300 1720 1397 1774 καὶ
1426 1720 1742 1792 ἀνθρώπινα
1770 1739 1879 1775 τοι-

293 1802 461 1868 αῦτα,
495 1799 582 1859 οἷα
614 1807 707 1860 xui
734 1806 1057 1878 δεδήλωται,
1090 1811 1381 1881 τυγχάνει,
1414 1814 1754 1885 εὐμετάϐολα
1781 1815 1877 1870 xui

1981 622 2091 680 tur,
2125 627 2188 668 ac
2216 613 2412 669 domus
2446 614 2648 669 Domus
2678 613 2774 669 Dei
2805 615 2877 669 ob
2903 615 3279 669 sanctuarium
3306 615 3380 670 ibi
3415 615 3560 685 posi-

1980 712 2096 759 tum
2131 706 2426 762 diceretur.
2464 704 2601 761 Cum
2637 713 2819 762 autem
2849 722 2880 761 a
2913 705 3025 763 Deo
3052 716 3271 763 erectus
3293 714 3348 763 et
3378 707 3558 764 hono-

1981 804 2135 853 ratus
2184 796 2400 863 fuisset,
2445 799 2691 854 vicissim
2731 805 2923 870 postea
2952 800 3076 855 loco
3121 799 3269 855 illius
3304 798 3560 856 sublimis

1980 888 2184 959 gloriae,
2217 890 2272 943 in
2305 890 2644 944 contrarium
2676 889 2948 960 dejectum
2964 906 3112 955 eum,
3144 891 3361 947 allisum
3392 905 3423 944 a
3449 889 3561 945 Deo

1982 978 2155 1034 fuisse
2191 979 2289 1045 ait,
2319 979 2396 1034 ita
2426 987 2486 1035 ut
2517 981 2696 1037 locum
2730 983 3005 1038 obsidioni
3028 992 3083 1037 et
3112 990 3371 1039 extremae
3388 986 3559 1038 vasti-

1982 1069 2102 1137 tati,
2140 1070 2401 1140 populum
2426 1086 2556 1126 vero
2578 1071 2884 1143 captivitati
2915 1073 3173 1129 traderet.

2053 1160 2221 1219 Vens.
2251 1162 2443 1218 12-14.
2480 1162 2605 1219 Dies
2635 1165 2737 1219 mei
2760 1166 2897 1219 sicut
2936 1167 3126 1219 umbra
3144 1164 3559 1231 declinaverunt,

1981 1261 2033 1306 et
2054 1267 2148 1322 ego
2178 1252 2314 1306 sicut
2336 1252 2515 1321 fenum
2545 1254 2684 1307 arui.
2729 1253 2914 1309 Omnis
2943 1256 3081 1308 enim
3114 1272 3240 1310 caro
3276 1256 3476 1326 fenum,
3510 1266 3562 1311 et

1984 1345 2155 1398 omnis
2185 1344 2357 1415 gloria
2398 1346 2512 1413 ejus
2545 1348 2701 1414 quasi
2726 1346 2825 1414 ﬂos
2863 1345 3048 1414 feni”.
3084 1345 3327 1402 Rursum
3357 1347 3425 1403 de
3463 1364 3563 1419 po-

1985 1436 2112 1505 pulo
2157 1451 2466 1493 sermonem
2510 1437 2666 1507 quasi
2706 1436 2811 1492 sibi
2845 1439 3128 1508 proprium
3171 1438 3404 1495 eﬂ‘erens
3429 1440 3562 1495 sub-
3644 1424 3647 1429 6

1978 1528 2181 1599 jungit,
2222 1527 2293 1581 Et
2328 1545 2420 1599 ego
2455 1530 2593 1582 sicut
2632 1528 2809 1597 fenum
2841 1530 2984 1584 arui.
3028 1529 3107 1582 Tu
3138 1538 3336 1595 autem,
3376 1530 3563 1585 Domi-

1984 1638 2067 1687 ne,
2104 1622 2160 1675 in
2184 1630 2438 1676 (eternum
2464 1637 2760 1690 permanes,
2789 1629 2838 1675 et
2869 1620 3179 1674 memoriale
3208 1631 3354 1674 tuum
3385 1622 3444 1675 in
3476 1638 3564 1695 ge-

1984 1714 2310 1767 nerationem
2353 1724 2404 1767 et
2440 1713 2850 1783 generationem.
2892 1711 3026 1778 Res,
3060 1713 3159 1779 ait,
3200 1714 3465 1774 mortales
3510 1723 3565 1773 et

1984 1804 2236 1859 humanae
2290 1806 2427 1859 tales
2458 1814 2606 1869 sunt,
2644 1804 2833 1874 quales
2877 1819 3046 1873 supra
3076 1805 3415 1861 declaratum
3453 1814 3562 1872 est,

292 1893 577 1965 ἀνώμαλα,
594 1898 850 1952 οὐδέποτε
871 1901 963 1953 ἐπὶ
984 1903 1097 1966 τοῖς
1112 1903 1295 1967 αὐτοῖς
1319 1905 1546 1974 μένοντα
1564 1925 1577 1937 ·
1601 1907 1715 1961 ἀλλ’
1732 1910 1878 1962 ἐπαι-

1983 1898 2271 1953 mutationi
2317 1898 2529 1953 scilicet
2576 1907 2630 1955 et
2674 1900 3089 1969 inacquabilitati
3128 1900 3398 1966 obnoxiae,
3442 1917 3566 1972 quae

296 1989 523 2064 ρόμενα,
541 1990 635 2043 καὶ
654 1992 1170 2065 καταρρηγνύμενα,
1197 1995 1331 2067 ὑψού
1339 1999 1475 2067 μενά
1493 2018 1553 2053 τε
1575 2002 1669 2054 xui
1686 2018 1878 2055 ταπει-

291 2081 533 2153 νούμενα
553 2125 569 2150 ,
605 2085 698 2137 καὶ
730 2085 995 2149 παντοίας
1024 2087 1235 2157 τροπὰς
1277 2091 1371 2143 καὶ
1406 2092 1710 2161 μεταϐολὰς
1742 2094 1877 2147 ὑπο-

296 2174 524 2246 μένοντα
550 2176 637 2230 διὰ
660 2177 758 2249 τὴν
782 2179 839 2231 ἐν
861 2177 1170 2251 ἀνθρώποις
1200 2181 1620 2256 πολιτευομένην
1648 2186 1876 2240 κακίανο

294 2268 359 2320 σὺ
384 2267 463 2332 δὲ,
480 2268 673 2340 Κύριε,
698 2270 848 2323 οὐδὲν
868 2270 1006 2341 ἔχων
1030 2270 1220 2344 θνητὸν
1242 2275 1364 2328 οὐδὲ
1387 2276 1669 2348 ἐπίκηρον,
1690 2281 1769 2342 είς
1789 2278 1879 2331 τὸν

292 2358 464 2413 αἰῶνα
501 2360 679 2431 μένεις
698 2402 712 2425 ,
744 2362 830 2415 ἀεὶ
864 2365 1004 2417 κατὰ
1033 2366 1101 2420 τὰ
1130 2365 1272 2419 αὐτὰ
1299 2368 1394 2420 xui
1426 2367 1689 2433 ὡσαύτως
1716 2371 1876 2442 ἔχων,

292 2453 369 2517 ὡς
398 2453 565 2518 ἀΐδιος
593 2452 1070 2522 καὶ’ἀναλλοίωτος
1088 2498 1102 2522 ,
1135 2461 1231 2513 xui
1259 2460 1328 2513 τὰ
1355 2461 1501 2528 ἅπαξ
1526 2463 1632 2515 ὑπὸ
1666 2464 1759 2517 σοῦ
1801 2466 1879 2537 (1)

294 2545 625 2600 σαλευθέντα
648 2588 663 2612 ,
692 2549 785 2601 xui
813 2551 869 2602 ἐν
895 2551 1197 2623 ἐπαγγελίᾳ
1231 2552 1589 2609 θεσπισθέντα
1620 2557 1770 2627 μένει
1801 2561 1881 2622 εἰς

295 2640 641 2711 μνημόσυνον
661 2640 851 2706 ἀΐδιον,
876 2643 908 2715 ἢ
939 2643 1040 2697 κᾶν
1067 2644 1141 2717 μὴ
1167 2648 1234 2717 τῇ
1258 2646 1505 2719 παρούσῃ
1536 2650 1718 2720 γενεᾷ,
1744 2650 1881 2704 ἀλλὰ

290 2734 357 2801 τῇ
387 2732 657 2804 ἐρχομένῃ
686 2733 827 2787 κατὰ
856 2734 954 2807 τὴν
978 2735 1313 2808 ψαλμῳδίαν.
1369 2740 1481 2793 Καὶ
1514 2739 1670 2794 τοῦτο
1695 2737 1787 2795 οὖν
1821 2759 1880 2795 σε

295 2822 531 2893 μάλιστα
574 2826 884 2897 ἐπικάμψαι
926 2828 1169 2897 ὀφείλει,
1207 2830 1488 2897 Δέσποτα,
1521 2834 1603 2887 ὅτι
1628 2833 1739 2903 ἐγὼ
1785 2836 1881 2907 μὲν

292 2917 386 2969 xui
399 2917 496 2988 τὴν
514 2916 674 2987 φύσιν
691 2919 944 2991 τοιαύτην
969 2921 1078 2992 ἔχω
1095 2923 1359 2995 ἐπίκηρον
1377 2926 1471 2978 xui
1492 2926 1879 3000 ὀλιγοχρόνιον,

291 3007 387 3059 καὶ
422 3011 731 3080 συμφοραῖς
763 3010 1064 3083 συνεζύγην
1107 3013 1426 3079 τοσαύταις’
1471 3016 1536 3068 σὺ
1569 3017 1626 3070 δὲ
1669 3018 1885 3082 αἰώνιος

292 3096 387 3150 καὶ
433 3096 731 3165 ἀθάνατος,
766 3101 908 3155 ὥστε
953 3103 1257 3176 μεταϐολήν
1286 3123 1410 3160 τινα
1455 3106 1568 3161 τῶν
1600 3109 1885 3180 παρόντων

292 3191 482 3243 κακῶν
506 3193 703 3264 ῥᾳδίως
732 3194 797 3247 ἄν
834 3213 922 3266 μοι
952 3197 1225 3269 χαρίσαιο.
1264 3200 1436 3254 Τοῦτο
1462 3201 1570 3274 γὰρ
1593 3204 1843 3277 ἐπιφέρει
1863 3222 1876 3237 ο

294 3280 378 3333 Σὺ
402 3281 671 3350 ἀναστὰς
684 3286 1076 3355 οἱκτειρήσεις
1099 3297 1214 3358 τὴν
1235 3289 1410 3359 Σιὼν,
1435 3292 1524 3345 ὅτι
1543 3293 1747 3363 καιρὸς
1771 3296 1877 3350 τοῦ

292 3370 655 3440 οὶκτειρῆσαι
694 3374 921 3445 αὐτὴν,
967 3377 1060 3432 ὅτι
1103 3379 1235 3447 ἥκει
1278 3384 1502 3452 καιρός.
1538 3384 1659 3451 Δὸς,
1692 3388 1875 3458 φησὶν,

293 3462 503 3533 ἀμείνω
544 3466 843 3540 μεταϐολὴν
872 3468 972 3540 τῆς
1012 3473 1322 3543 συμφορᾶς·
1355 3476 1383 3525 6
1415 3472 1523 3545 γὰρ
1558 3476 1747 3548 καιρὸς
1785 3476 1877 3532 τὸν

293 3554 442 3610 Ελὲον
475 3558 723 3613 ἀπαιτεῖο
762 3560 1168 3616 συντετέλεσται
1199 3563 1309 3635 γὰρ
1341 3566 1485 3637 ὁτῆς
1506 3567 1879 3641 ταλαιπωρίας

292 3647 451 3719 ἡμῶν
494 3650 705 3721 χρόνος.
769 3652 1073 3707 Αίνίττεται
1106 3655 1161 3708 δέ
1193 3655 1282 3709 διὰ
1312 3656 1519 3711 τούτων
1550 3659 1650 3730 τῆς
1686 3664 1798 3725 τοῖς
1827 3662 1876 3714 o'

292 3737 440 3794 ἔτεσι
461 3744 904 3817 περιωρισμένης
923 3746 1189 3819 τιμωρίας
1208 3752 1303 3803 xui
1324 3751 1697 3822 αἰχμαλωσίας
1714 3754 1775 3807 τὸ
1793 3754 1878 3806 τέ-

292 3830 403 3896 λος.
457 3832 614 3887 Οὖτω
661 3836 757 3889 xui
783 3837 813 3890 6
859 3837 1160 3909 θαυμάσιος
1206 3842 1403 3914 Δανιὴλ
1429 3843 1743 3917 ἀριθμήσας
1780 3848 1878 3919 τῆς

292 3927 673 3998 αἰχμαλωσίας
714 3930 805 3984 τὸν
849 3933 1039 4005 χρόνον
1086 3934 1385 4008 προσφέρει
1428 3937 1525 4010 τὴν
1575 3939 1875 4013 ἱκετηρίαν,

293 4018 388 4071 xui
439 4020 653 4090 συνᾴδει
693 4021 904 4086 τούτοις
937 4023 1039 4095 τῆς
1085 4028 1466 4099 πνευματικῆς
1507 4030 1772 4101 μελῳδίας
1809 4032 1879 4085 τὰ

297 4108 535 4179 ῥήματα.
584 4112 695 4164 Καὶ
739 4115 769 4167 ό
814 4115 1092 4187 Ζαχαρίας
1134 4116 1191 4170 δὲ
1225 4120 1660 4191 προσευχόμενος
1699 4120 1875 4190 ἔλεγε·

293 4200 469 4268 Κύριε
498 4203 910 4272 παντόκρατορ
932 4244 946 4267 ,
998 4206 1175 4274 μέχρι
1208 4208 1352 4260 πότε
1394 4210 1465 4261 οὐ
1492 4208 1577 4276 μὴ
1611 4209 1878 4277 ἐλεήσῃς

294 4290 411 4359 τὴν·
433 4293 843 4365 Ἰερουσαλὴμ,
862 4296 1083 4363 καὶτὰς
1096 4302 1304 4364 πόλεις
1334 4300 1537 4364 Ἰούδα,
1557 4300 1630 4367 ἃς
1644 4302 1879 4370 ὑπερεῖ-

293 4383 426 4450 δες;
459 4385 633 4439 τοῦτο
669 4387 1115 4457 ἑϐδομηκοστὸν
1141 4391 1297 4457 ἔτος.
1346 4391 1795 4463 Προφητεύεσθαι
1821 4395 1878 4447 δὲ

294 4477 527 4532 ἐνταῦθα
556 4475 709 4551 οἶμαι
737 4482 832 4534 καὶ
863 4483 963 4554 τὴν
992 4484 1049 4536 ἐν
1072 4483 1379 4556 ἀνθρώποις
1407 4484 1646 4556 Χριστοῦ
1678 4486 1879 4555 ἐπιφά-

294 4587 462 4637 νειαν,
486 4571 660 4624 αἰτίαν
685 4572 950 4646 ἐσομένην
970 4574 1062 4628 τοῦ
1087 4576 1571 4649 ἁνοικοδομηθῆναι
1594 4577 1692 4649 τὴν
1715 4577 1873 4646 Σιὼν,

294 4663 537 4716 τουτέστι
570 4663 664 4717 τοῦ
690 4666 1024 4739 ἀνεῳχθῆναι
1045 4667 1108 4721 τὸ
1128 4668 1228 4738 τῆς
1248 4670 1528 4733 εὐσεϐείας
1552 4671 1873 4742 πολίτευμα.

295 4756 391 4819 Τίς
411 4756 467 4809 δὲ
485 4759 513 4810 6
538 4757 866 4824 πολύευκτος
893 4760 986 4814 xui
1012 4761 1335 4832 τριπόθητος
1352 4761 1561 4833 καιρὸς,
1590 4763 1647 4814 ἐν
1668 4756 1713 4830 ᾧ
1739 4764 1877 4834 πλη-

297 4848 533 4920 ρωθῆναι
566 4850 781 4919 λέγεται
812 4852 881 4906 τὰ
908 4853 1061 4925 παρὰ
1086 4855 1185 4924 τῆς
1216 4853 1353 4908 Σιὼν
1381 4855 1765 4926 ἐπηγγελμένα
1786 4857 1876 4920 ;Ὀ

293 4943 394 5013 τῆς
415 4945 760 5009 ἀναστάσεως
787 4964 902 5012 σου,
922 4947 1115 5021 Κύριε.
1134 4950 1285 5001 Ἐπεὶ
1299 4948 1404 5022 γὰρ
1425 4950 1523 5020 τὴν
1546 4949 1641 5002 τοῦ
1666 4950 1873 5021 κόσμου

293 5036 567 5108 ἁμαρτίαν
601 5034 731 5109 ἆραι
765 5038 1055 5110 ἐλήλυθας·
1092 5041 1191 5094 οὐκ
1219 5041 1325 5094 ἔδει
1352 5042 1409 5095 δὲ
1435 5043 1525 5094 τὸν
1556 5042 1874 5113 τηλικοῦτον

292 5127 433 5200 ὑπὲρ
452 5128 645 5199 ὀλίγων
658 5132 993 5202 ἁμαρτωλῶν
1016 5132 1187 5187 ἐλθεῖν
1208 5135 1301 5188 καὶ
1323 5134 1514 5187 παθεῖν
1529 5151 1542 5164 ·
1566 5135 1655 5187 ὅτε
1683 5136 1873 5206 ἐνέστη

290 5223 320 5273 6
349 5223 566 5293 χρόνος,
602 5224 724 5277 καθ’
751 5225 811 5278 ὃν
844 5225 1059 5298 εἴρηται
1085 5227 1194 5291 ὅτι,
1220 5247 1235 5280 ι
1266 5228 1470 5292 Πάντες
1499 5228 1745 5300 ἥμαρτον
1778 5229 1875 5281 xui

294 5316 646 5386 ὑστεροῦνται
686 5319 787 5389 τῆς
817 5318 975 5391 δόξης
1008 5319 1102 5372 τοῦ
1130 5319 1264 5373 Θεοῦ
1286 5360 1301 5385 ,
1344 5321 1463 5374 τότε
1497 5321 1637 5374 ὑπὲο
1670 5321 1871 5383 παντὸς

290 5407 503 5475 ἐγεύσω
532 5408 785 5465 θανάτου.
824 5428 843 5461 ι

362 5737 414 5773 ³⁸
446 5738 554 5797 lsa.
588 5756 691 5805 XL,
723 5740 778 5797 6.
853 5743 901 5779 "
934 5742 1166 5799 Zachar.
1201 5758 1221 5798 ι
1242 5784 1259 5812 ,
1290 5744 1381 5803 12.
1456 5748 1502 5780 ³⁸
1541 5744 1703 5802 Rom.
1742 5759 1836 5812 ιιι,
1869 5743 1970 5799 25.

362 5894 442 5967 (1)
473 5895 728 5952 Mendum
758 5898 904 5954 haud
936 5899 1121 5955 dubie.

527 5993 802 6055 ΡΑἰίιοι..
851 5993 969 6054 Gn.
1017 5992 1258 6056 XXIII.

1980 2008 2260 2062 nunquam
2284 1993 2473 2047 eodem
2499 1994 2556 2048 in
2594 2001 2743 2050 statu
2778 2003 3063 2062 maneant;
3097 1998 3192 2050 sed
3221 1995 3384 2049 modo
3408 1996 3563 2049 exal-

1979 2092 2127 2148 tatae,
2180 2099 2306 2139 mox
2351 2085 2561 2151 allisaa;
2612 2085 2773 2140 modo
2803 2093 3019 2153 erectae,
3057 2101 3185 2141 mox
3232 2085 3457 2156 deiectae
3484 2087 3565 2141 vi-

1979 2176 2236 2240 deantur,
2273 2191 2336 2231 ac
2384 2178 2742 2233 mutationem
2772 2178 3302 2251 conversionemque
3327 2179 3565 2249 quamli-

1980 2267 2070 2323 bet
2092 2268 2347 2332 subeant,
2378 2269 2449 2324 ob
2483 2269 2786 2339 nequitiam
2822 2286 2942 2340 qum
2978 2271 3121 2324 inter
3156 2271 3408 2327 homines
3446 2287 3568 2325 ver-

1981 2367 2156 2414 satur.
2187 2360 2267 2413 Tu
2299 2368 2504 2427 autem,
2535 2359 2764 2415 Domine
2784 2401 2801 2429 ,
2838 2361 2932 2431 qui
2974 2361 3111 2415 nihil
3133 2362 3385 2430 mortale,
3428 2361 3566 2417 nihil

1980 2454 2187 2509 ﬂuxum
2239 2453 2431 2520 habes,
2484 2453 2543 2510 in
2585 2464 2849 2511 aeternum
2896 2471 3209 2526 permanes,
3254 2470 3320 2510 ac
3352 2470 3566 2527 semper

1980 2547 2171 2602 eodem
2194 2547 2378 2610 modo,
2410 2546 2602 2601 eodem
2638 2547 2694 2600 in
2724 2554 2873 2602 statu
2903 2547 3164 2612 versaris,
3194 2554 3381 2616 utpote
3409 2560 3568 2602 aucr-

1983 2654 2088 2694 nus
2126 2646 2182 2693 et
2212 2638 2574 2692 immutabilis
2610 2658 2622 2692 :
2656 2654 2721 2693 ac
2754 2654 2876 2707 qua:
2916 2640 3086 2694 semel
3129 2639 3229 2694 abs
3265 2647 3318 2693 te
3358 2646 3565 2694 statuta

1984 2740 2133 2798 sunt,
2164 2741 2219 2786 et
2256 2733 2311 2786 in
2345 2732 2626 2788 vaticiniis
2668 2732 2943 2802 promissa
2989 2729 3235 2796 fuerunt,
3264 2733 3319 2785 in
3357 2747 3570 2786 memo-

1986 2826 2118 2881 riale
2149 2827 2543 2896 sempiternum
2568 2833 2791 2879 manent
2809 2864 2823 2887 ,
2853 2825 3071 2879 etiamsi
3094 2840 3204 2878 non
3231 2826 3283 2877 in
3306 2825 3567 2893 praesenti

1985 2919 2361 2989 generatione,
2411 2925 2466 2971 at
2510 2919 2567 2972 in
2598 2916 2784 2972 futura
2835 2918 3134 2973 secundum
3183 2918 3564 2988 psalmodiam.

1984 3009 2163 3078 Atque
2188 3009 2294 3062 hoc
2326 3015 2401 3073 te,
2426 3007 2676 3071 Domine,
2710 3006 2946 3061 maxime
2971 3006 3187 3063 ﬂectere
3208 3007 3372 3063 debet
3396 3047 3413 3072 ,
3438 3008 3568 3078 quia

1984 3113 2085 3169 ego
2109 3097 2329 3168 quidem
2364 3098 2526 3153 talem
2559 3097 2733 3163 habeo
2763 3106 3041 3163 naturam,
3077 3096 3302 3163 ﬂuxam,
3343 3098 3568 3153 brevem

1986 3198 2039 3244 et
2072 3190 2145 3243 ita
2177 3190 2592 3250 calamitosum:
2628 3197 2685 3243 tu
2725 3205 2855 3244 vero
2893 3197 3131 3245 azlemus
3157 3197 3211 3245 et
3236 3190 3569 3244 immortalis

1981 3280 2177 3346 es;ita
2208 3288 2269 3334 ut
2320 3282 2674 3350 praesentium
2705 3281 2977 3335 malorum
3025 3282 3388 3337 mutationem
3434 3282 3570 3336 mihi

1980 3391 2242 3446 perquam
2295 3375 2456 3429 facile
2513 3376 2834 3445 praebueris.
2883 3376 2941 3429 Id
2988 3389 3227 3445 namque
3271 3373 3455 3437 infert,
3487 3373 3568 3428 Tu

1977 3487 2263 3541 exsurgens
2295 3468 2621 3524 misereberis
2668 3468 2827 3532 Sion,
2874 3467 3001 3537 quia
3042 3475 3243 3533 tempus
3286 3466 3570 3520 miserendi

1980 3563 2116 3632 ejus,
2142 3564 2269 3633 quia
2299 3564 2437 3616 venit
2464 3570 2686 3629 tempus.
2720 3561 2819 3625 Da,
2844 3559 3043 3629 inquit,
3085 3557 3415 3611 calamitatis
3444 3572 3569 3609 mu-

1979 3656 2242 3710 tationem
2293 3656 2349 3708 in
2394 3654 2590 3708 melius
2634 3672 2647 3707 :
2691 3667 2817 3706 nam
2867 3659 3085 3721 tempus
3126 3648 3570 3705 misericordiam

1983 3746 2251 3816 postulat;
2296 3746 2534 3801 miseriae
2574 3744 2777 3815 quippe
2827 3752 3030 3799 nostra:
3071 3742 3400 3811 completum
3440 3755 3568 3810 spa-

1980 3838 2118 3891 tium
2150 3844 2255 3891 est.
2288 3834 2385 3890 His
2412 3851 2579 3907 porro
2609 3835 2926 3892 subindicat
2959 3834 3217 3904 supplicii
3263 3834 3426 3889 annis
3476 3848 3569 3889 se-

1980 3930 2267 4001 ptuaginta
2317 3930 2721 4000 circumscripti
2769 3937 2824 3985 et
2878 3928 3209 4000 captivitatis
3259 3926 3443 3982 ﬁnem.
3476 3925 3569 3982 Sic

1981 4026 2110 4078 item
2167 4022 2359 4078 Daniel
2411 4023 2503 4078 ille
2556 4022 2864 4086 mirabilis,
2907 4022 3181 4077 recensita
3229 4020 3566 4090 captivitatis

1982 4126 2250 4188 tempore,
2281 4115 2737 4187 supplicationem
2771 4113 2930 4169 oﬂ‘ert
2961 4128 3153 4172 suam;
3188 4113 3383 4181 hisque
3408 4112 3566 4182 spiri-

1981 4212 2146 4267 tualis
2200 4210 2450 4264 melodiae
2497 4208 2664 4264 verba
2719 4208 3001 4262 accinunt.
3065 4204 3361 4260 Zacharias
3434 4205 3566 4257 item

1980 4303 2188 4359 orando
2217 4302 2434 4357 dicebat
2469 4320 2483 4356 :
2518 4300 2741 4353 Domine
2783 4300 3127 4367 omnipotens,
3162 4313 3426 4369 usquequo
3459 4312 3565 4351 non

1980 4396 2305 4450 misereberis
2326 4394 2649 4457 Jerusalem,
2693 4402 2744 4447 et
2786 4393 3061 4445 civitatum
3097 4389 3267 4454 Iuda,
3307 4406 3439 4461 quas
3469 4389 3564 4444 de-

1979 4488 2243 4558 spexisti.’
2278 4486 2361 4539 hic
2406 4485 2821 4555 septuagesimus
2863 4500 3032 4536 annus
3066 4484 3229 4537 est”.
3259 4480 3361 4535 Hic
3398 4482 3564 4537 etiam

1981 4575 2339 4646 praenuntiari
2385 4584 2518 4643 puto
2566 4574 2776 4630 Christi
2825 4574 2893 4628 ad
2942 4573 3195 4628 homines
3244 4572 3560 4637 adventum,

1982 4669 2076 4739 qui
2126 4669 2180 4723 in
2215 4682 2385 4722 causa
2432 4666 2651 4721 futurus
2692 4673 2797 4734 est,
2830 4672 2892 4719 ut
2936 4671 3279 4721 restauretur
3323 4663 3477 4728 Sion,
3506 4663 3564 4717 id

1984 4766 2088 4823 est,
2119 4766 2178 4813 ut
2216 4758 2435 4829 pietatis
2489 4758 2803 4813 institutum
2841 4757 3139 4826 aperiatur.
3172 4754 3330 4822 Quod
3378 4763 3562 4812 autem

1984 4851 2119 4906 illud
2147 4859 2231 4907 est
2258 4850 2664 4921 optatissimum
2687 4858 2744 4904 et
2760 4848 3293 4904 desideratissimum
3323 4855 3559 4919 tempus,

1983 4960 2094 5015 quo
2147 4943 2423 5014 implenda
2476 4958 2599 4999 esse
2641 4942 2924 5005 dicuntur,
2952 4955 3074 5009 qua:
3114 4940 3182 4995 de
3230 4938 3395 4995 Sione
3434 4956 3563 5009 pro-

1981 5038 2153 5091 missa
2197 5036 2361 5092 sunt?
2399 5034 2538 5089 lllud
2576 5040 2660 5089 est
2705 5043 2922 5103 tempus
2963 5032 3391 5087 resurrectionis
3421 5040 3559 5096 tuae,

1984 5129 2234 5185 Domine.
2260 5129 2401 5195 Quia
2428 5128 2574 5184 enim
2616 5137 2903 5198 peccatum
2939 5125 3132 5180 mundi
3163 5124 3441 5179 sublatum
3467 5138 3561 5179 ve-

1982 5222 2153 5277 nisti:
2186 5237 2288 5276 nec
2317 5221 2603 5291 Oportebat
2640 5225 2856 5273 tantum
2897 5216 3050 5272 illum
3082 5213 3426 5271 Servatorem
3462 5228 3561 5285 pro

1984 5313 2173 5384 paucis
2216 5311 2594 5382 peccatoribus
2643 5309 2832 5366 venire
2878 5318 2934 5363 et
2980 5307 3125 5377 pati;
3161 5321 3288 5362 cum
3330 5306 3562 5360 instaret

1984 5413 2222 5474 tempus,
2250 5418 2359 5473 quo
2382 5401 2589 5456 dictum
2614 5407 2719 5466 est,
2761 5419 2779 5452 ι
2805 5398 3009 5455 Omnes
3049 5405 3421 5471 peccaruntet
3441 5395 3561 5468 glo-

1982 5496 2065 5551 ria
2090 5496 2187 5551 Dei
2213 5496 2580 5567 privantur",
2615 5501 2748 5550 tunc
2774 5508 2876 5565 pro
2908 5492 3167 5549 omnibus
3200 5500 3432 5548 mortem
3464 5490 3561 5546 de-

1980 5589 2230 5659 gustasti.
2266 5608 2286 5641 ι
