3992 6404
518 346 679 407 ’1259

1268 344 1541 403 EUSEBII
1570 345 2045 402 CJESARIENSIS
2064 346 2225 402 OPP.
2268 346 2450 403 PARS
2475 344 2568 403 Ill.
2605 378 2669 392 ρ-
2695 344 3110 401 EXEGETlCA.

3666 347 3689 400 Ι
3700 346 3801 399 260

518 512 521 517 ν
612 469 779 525 Vens.
800 470 919 525 15-1
933 468 1251 536 7.Quoniam
1266 469 1580 538 placuerunt
1603 469 1766 525 servis
1787 470 1891 524 tuis
1907 469 2081 539 lapide

2273 470 2399 524 Ὅτι
2417 468 2763 537 εὐδόκησαν
2776 469 2830 522 οἰ
2842 466 3052 521 δοῦλοί
3064 480 3181 520 σου
3201 462 3341 531 τοὺς
3356 464 3565 529 λίθους
3581 463 3799 531 αὐτῆς,

538 564 657 634 ejus
685 572 735 618 et
757 563 957 631 pulveri
986 561 1099 631 ejus
1127 560 1529 615 miserebantur.
1564 560 1632 613 Et
1665 561 1918 615 timebunt
1939 571 2114 632 gentes

460 702 465 709 .
541 668 730 710 nomen
762 666 931 715 tuum,
968 653 1212 718 Domine,
1237 663 1288 707 et
1313 669 1489 707 omnes
1525 669 1665 723 reges
1687 653 1916 724 gloriam
1947 663 2111 708 tuam.

538 744 735 801 Merito
760 754 1049 815 postquam
1100 744 1314 798 dixerat
1359 741 1634 813 placuisse
1676 742 1885 813 lapides
1916 743 2115 813 prioris

537 835 746 907 populi,
797 836 1039 906 gentium
1087 834 1427 889 vocationem
1482 832 1704 903 adjicit,
1748 842 1913 904 atque
1959 850 2117 905 aper—

535 929 646 984 tius
675 928 936 993 declarat,
972 935 1104 982 tunc
1131 941 1225 981 eas
1255 926 1551 982 salutarem
1584 925 1835 981 timorem
1864 934 2115 997 acceptu-

532 1036 627 1076 ras
668 1027 723 1075 et
767 1017 937 1074 Deum
982 1019 1225 1073 culturas
1280 1034 1424 1073 esse.
1478 1018 1654 1089 Reges
1716 1026 1898 1074 autem
1948 1019 2109 1085 dixit,

531 1127 633 1183 pro
652 1111 859 1183 regnis.
883 1109 1069 1181 Neque
1099 1111 1243 1166 enim
1265 1111 1350 1167 vel
1383 1127 1517 1181 gens
1570 1111 1656 1167 vel
1700 1128 1929 1183 regnum
1976 1123 2059 1168 est
2092 1153 2108 1178 ,

528 1202 679 1273 quod
707 1203 792 1257 vel
832 1218 895 1258 ex
924 1210 1038 1258 toto
1066 1203 1151 1258 vel
1180 1218 1247 1257 ex
1296 1210 1452 1272 parte
1504 1204 1732 1274 gloriam
1762 1204 1965 1261 Christi
1996 1221 2109 1261 non

525 1304 834 1350 veneretur.
869 1294 1135 1359 Quoniam
1160 1295 1447 1363 rediﬁcabit
1472 1296 1729 1350 Dominus
1755 1294 1907 1361 Sion,
1939 1307 1988 1351 et
2032 1299 2109 1352 vi-

525 1387 733 1442 debilur
758 1389 812 1442 in
851 1389 1023 1459 gloria
1053 1404 1171 1442 sua.
1210 1388 1332 1442 Alio
1362 1388 1547 1453 modo,
1582 1390 1874 1444 azdiﬁcabit
1918 1389 2104 1446 Domi-

522 1494 631 1535 nus
654 1477 821 1543 Sion,
867 1478 920 1533 id
949 1485 1053 1542 est,
1090 1478 1388 1535 Ecclesiam
1419 1499 1432 1534 :
1473 1478 1885 1536 aedificationem
1923 1491 2102 1539 autem

523 1569 673 1623 illam
700 1568 788 1622 hic
809 1567 1074 1632 declarat,
1100 1583 1204 1637 qua
1241 1575 1433 1637 gentes
1464 1586 1561 1640 per
1591 1570 1748 1625 ﬁdem
1791 1572 2104 1629 constitutae

521 1668 653 1716 sunt
682 1678 695 1714 :
725 1668 778 1714 et
805 1666 935 1713 tunc
962 1659 1135 1727 gloria
1168 1659 1432 1716 allicietur
1461 1662 1517 1715 in
1552 1661 1709 1732 ipsis.

595 1858 761 1916 Vens.
802 1860 987 1918 18-25.
1025 1860 1268 1931 Respexit
1304 1863 1359 1917 in
1386 1866 1677 1919 orationem
1713 1866 2020 1931 humilium,
2050 1877 2099 1922 et
2132 1835 2175 1895 Β

517 1972 623 2010 non
661 1957 848 2023 sprevit
878 1971 1080 2024 precem
1109 1972 1308 2009 eorum.
1366 1956 1643 2011 Scribatur
1668 1958 1778 2013 [nec
1806 1961 1860 2014 in
1882 1977 2098 2031 genera-

520 2051 713 2104 tionem
746 2050 1004 2115 alteram,
1049 2060 1099 2104 et
1148 2050 1371 2118 populus
1405 2052 1495 2120 qui
1540 2050 1807 2105 creabitur
1853 2053 2097 2108 laudabit

515 2142 1002 2213 Dominum:quia
1050 2145 1319 2215 prospexit
1376 2144 1439 2199 de
1486 2145 1692 2199 excelso
1734 2156 1916 2200 sancto
1965 2162 2094 2213 suo,

514 2236 775 2291 Dominus
804 2236 868 2291 de
904 2237 1031 2290 caelo
1067 2238 1121 2291 in
1163 2248 1359 2291 terram
1404 2238 1631 2306 aspexit,
1664 2247 1723 2290 ut
1764 2238 1973 2291 audiret
2009 2254 2096 2308 ge-

502 2329 673 2382 mitus
702 2328 1133 2397 compeditorum,
1156 2339 1214 2383 ut
1241 2331 1460 2385 solveret
1482 2332 1621 2401 ﬁlios
1643 2334 2090 2401 interemptorum,

511 2428 571 2470 ut
603 2420 914 2473 annuntient
943 2419 997 2472 in
1027 2417 1159 2474 Sion
1185 2436 1371 2475 nomen
1402 2420 1715 2487 Domini,et
1746 2422 1957 2477 laudem
1979 2426 2093 2493 ejus

507 2512 564 2564 in
592 2511 912 2567 Jerusalem.
954 2512 1020 2567 In
1069 2513 1415 2568 conveniendo
1450 2514 1669 2583 populos
1716 2515 1771 2568 in
1804 2531 2001 2580 unum,
2043 2526 2092 2570 et

506 2618 649 2672 reges
671 2612 729 2657 ut
756 2605 985 2658 serviant
1010 2604 1258 2659 Domino.
1288 2603 1574 2675 Respondit
1599 2607 1646 2659 ei
1680 2606 1734 2659 in
1771 2608 1854 2660 via
1882 2608 2091 2661 virtutis

504 2708 617 2750 sua:
643 2711 662 2749 :
690 2696 1027 2751 Paucitatem
1060 2697 1266 2752 dierum
1315 2714 1548 2751 meorum
1587 2699 1775 2752 nuntia
1816 2699 1965 2754 mihi.
2008 2699 2092 2754 Ne

503 2802 709 2842 revoces
735 2804 817 2842 me
845 2788 897 2842 in
927 2788 1148 2842 dimidio
1198 2788 1403 2842 dierum
1432 2804 1687 2841 meorum.
1744 2787 1844 2843 Hic
1876 2789 2091 2844 videtur

505 2879 640 2932 mihi
677 2880 1032 2950 propheticus
1055 2881 1258 2936 chorus
1284 2880 1576 2936 sublimius
1619 2880 1929 2950 signiﬁcare
1957 2898 2089 2953 gen-

500 2971 639 3023 tium
667 2986 765 3040 per
788 2969 1129 3025 Salvatorem
1167 2980 1418 3026 nostrum
1455 2972 1794 3026 vocationem
1820 3013 1833 3037 ,
1878 2973 2088 3042 lugere-

496 3078 607 3132 que
626 3062 770 3133 quod
787 3076 909 3118 eam
937 3062 1041 3132 ipsi
1073 3078 1185 3117 non
1213 3062 1325 3117 sint
1348 3063 1654 3117 consecuti.
1681 3063 1737 3116 ln
1774 3063 2085 3118 futurorum

498 3170 737 3225 namque
778 3154 1049 3209 bonorum
1101 3154 1360 3216 adventu,
1395 3156 1615 3223 quando
1660 3162 1850 3223 gentes
1902 3162 1956 3209 et
1990 3170 2083 3209 ea-
2112 3191 2154 3248 Ο

497 3264 623 3302 rum
643 3260 800 3319 reges
825 3261 936 3300 non
953 3246 1097 3300 ultra
1120 3246 1329 3316 patrios
1352 3245 1649 3313 dtemones,
1668 3247 1764 3302 sed
1790 3247 2078 3302 Dominum

496 3339 838 3405 adorabunt;
865 3339 979 3403 tali,
1010 3339 1207 3408 inquit,
1240 3345 1483 3409 tempore
1508 3339 1681 3394 robur
1711 3355 1894 3393 meum
1916 3356 2077 3395 ener-

493 3432 644 3487 vavit
680 3430 975 3497 Dominus,
1008 3441 1066 3487 ut
1088 3433 1206 3489 dies
1246 3448 1399 3489 meos
1442 3433 1869 3504 praescinderet,
1903 3449 1973 3489 ne
2007 3433 2075 3487 ad

493 3525 630 3581 illud
660 3532 877 3596 tempus
906 3525 1242 3580 devenirem.
1270 3525 1639 3596 PrOpheticus
1662 3528 1846 3598 itaque
1876 3528 2079 3585 chorus

492 3628 579 3677 est
608 3621 701 3691 qui
748 3618 1074 3689 respondet,
1121 3618 1236 3673 sive
1275 3619 1459 3688 potius
1508 3620 1604 3691 qui
1636 3622 1934 3691 interrogat
1961 3630 2016 3677 et
2049 3638 2081 3676 a

494 3715 608 3769 Deo
637 3712 949 3769 sciscitatur
976 3711 1156 3780 qualis
1189 3710 1374 3765 futura
1415 3711 1486 3766 sit
1520 3713 1633 3767 vita
1686 3720 1896 3768 nostra.
1950 3711 2079 3766 Edi--

491 3819 651 3860 scere
669 3803 871 3873 quippe
904 3802 1246 3871 peroptahat,
1274 3817 1407 3855 num
1439 3802 1506 3857 ad
1538 3803 1656 3858 dies
1689 3803 1813 3858 illos
1844 3819 2077 3873 perven-

488 3904 615 3950 tura
648 3896 759 3950 vita
792 3894 914 3963 ejus
940 3901 1122 3957 esset,
1170 3894 1330 3963 queis
1383 3894 1697 3950 incarnatus
1748 3894 2073 3966 Unigenitus

488 3987 546 4039 in
574 3994 722 4039 terra
758 3984 1183 4054 conspiciendus
1232 3990 1368 4038 erat.
1418 3983 1572 4038 Viam
1634 3995 1816 4039 autem
1852 3987 2074 4043 virtutis

488 4080 619 4148 ejus
639 4084 797 4133 vocat
824 4077 998 4145 ipsius
1028 4077 1084 4129 in
1109 4085 1313 4131 terram
1349 4076 1641 4131 adventum
1682 4095 1694 4130 :
1723 4078 1875 4131 venit
1927 4080 2073 4135 enim

488 4176 549 4222 ut
579 4166 776 4223 fortem
810 4166 964 4220 illum
1002 4166 1283 4236 alligaret;
1336 4166 1625 4220 dimidium
1676 4182 1804 4222 vero
1857 4170 2070 4226 dierum

486 4270 735 4321 suorum,
768 4270 864 4310 seu
881 4256 1017 4310 vitae
1054 4271 1186 4323 suae,
1218 4255 1352 4309 illud
1383 4256 1515 4310 dicit
1567 4259 1830 4328 spatium,
1861 4276 1972 4331 quo
2020 4263 2074 4317 in

485 4353 944 4424 contemplatione
967 4352 1088 4422 ejus
1110 4353 1421 4423 praesentia:
1456 4352 1677 4411 futurus
1712 4362 1851 4411 erat.
1890 4356 2071 4428 lloga-‘

484 4442 579 4497 bat
608 4458 740 4513 ergo
769 4442 985 4513 impleri
1011 4450 1189 4498 totum
1222 4443 1347 4498 vitm
1369 4456 1482 4499 sua:
1512 4454 1726 4515 tempus
1755 4486 1769 4511 ,
1812 4454 1867 4503 et
1912 4449 2072 4517 quasi

2220 561 2317 616 καί
2328 563 2435 615 τὸν
2447 560 2600 631 χοῦν
2613 559 2805 628 αὐτῆς
2819 558 3282 627 οἰκτειρήσουσι.
3299 555 3409 610 Καὶ
3424 554 3801 625 φοϐηθήσον-

2216 673 2311 709 ται
2327 655 2398 708 τὰ
2412 654 2554 722 ἔθνη
2570 651 2637 706 τὸ
2659 650 2848 722 ὄνομά
2872 666 3010 714 σου,
3036 650 3235 718 Κύριε,
3261 646 3362 701 καὶ
3377 645 3599 712 πάντες
3622 649 3678 699 οἱ
3696 647 3806 709 ,ϐαι

2215 745 2408 812 σιλεῐς
2430 744 2544 813 τὴν
2564 742 2756 803 δόξαν
2780 757 2919 796 σου.
2947 741 3187 802 Εἰκότως
3207 738 3263 792 δὲ
3289 738 3490 809 μεταξὺ
3521 737 3615 791 τοῦ
3645 738 3798 790 εὐδο-

2215 838 2425 893 κείσθαι
2447 840 2573 901 τοὺς
2604 836 2784 900 λίθους
2809 834 2904 888 τοῦ
2930 833 3194 906 προτέρου
3222 831 3352 885 λαοῦ
3376 832 3473 903 τὴν
3496 831 3605 884 τῶν
3626 830 3798 883 ἐθνῶν

2213 930 2572 985 ὲπισυνάπτει
2600 928 2823 999 κλῆσιν,
2854 928 2949 982 καὶ
2981 926 3297 997 λευκότερον
3326 924 3686 996 παρίστησιν,
3717 925 3797 977 ὅτι

2215 1026 2302 1079 τὸν
2330 1026 2594 1096 σωτήριον
2622 1018 2990 1092 ἀναλήψονταί
3015 1036 3145 1073 ποτε
3174 1018 3337 1088 φόϐον
3355 1058 3371 1086 ,
3411 1018 3505 1070 καὶ
3534 1016 3795 1088 θεοσεϐὴ-

2214 1133 2416 1169 σουσιν.
2456 1113 2811 1179 Οίβασιλεῖς
2837 1112 2895 1166 δὲ
2918 1109 3069 1165 εἶπεν
3096 1109 3217 1164 ἀντὶ
3245 1108 3339 1163 τοῦ
3357 1150 3371 1174 ,
3389 1111 3450 1163 αἱ
3460 1108 3791 1174 βασιλεῖαι.

2210 1209 2283 1262 Οὐ
2297 1207 2406 1279 γάρ
2423 1210 2590 1273 ἐστιν,
2604 1207 2704 1261 οὐκ
2719 1205 2888 1269 ἔθνος,
2908 1205 2969 1257 οὐ
2989 1203 3255 1275 βασιλεία,
3268 1205 3302 1274 ή
3326 1202 3399 1273 μὴ
3416 1200 3795 1272 προσκυνοῦσα

2207 1301 2306 1371 τὴν
2336 1298 2492 1365 δόξαν
2517 1297 2756 1370 Χριστοῦ
2777 1337 2793 1363 ,
2826 1297 2860 1369 ἢ
2895 1295 3122 1350 καθόλου
3170 1297 3207 1367 ἢ
3253 1295 3363 1349 ἀπὸ
3406 1295 3625 1366 μέρους.
3662 1294 3792 1347 "Ott

2207 1391 2589 1462 οἰκοδομήσει
2619 1392 2836 1459 Κύριος
2877 1388 2993 1459 τὴν
3023 1389 3209 1454 Σιὼν,
3237 1388 3336 1442 καὶ
3369 1387 3695 1457 ὀφθήσεται
3730 1389 3792 1441 ἐν

2206 1482 2282 1551 τῇ
2318 1482 2465 1551 δόξῃ
2495 1481 2705 1536 αὐτοῦ.
2748 1479 2981 1549 Ἑτέρως
3011 1480 3068 1532 δὲ
3096 1478 3441 1549 οἰκοδομήσει
3468 1478 3566 1549 τὴν
3603 1477 3790 1530 Σιὼνό

2205 1574 2430 1645 Κύριος,
2457 1572 2703 1626 τουτέστι
2733 1570 2830 1642 τὴν
2866 1568 3220 1641 Ἐκκλησίαν·
3251 1569 3536 1640 οἰκοδομὴν
3562 1569 3622 1621 δέ
3648 1586 3787 1640 φημι

2204 1664 2327 1718 καθ’
2358 1665 2425 1734 ἣν
2452 1662 2675 1734 ἐκτίσθη
2715 1660 2786 1714 τὰ
2815 1659 2943 1731 ἔθνη
2976 1658 3063 1713 διὰ
3100 1659 3202 1731 τῆς
3227 1661 3495 1724 πίστεως·
3539 1661 3635 1713 καὶ
3667 1663 3786 1715 τότε

2202 1754 2588 1827 δοξασθήσεται
2618 1755 2674 1807 ἐν
2706 1753 2910 1816 αὐτοῖς.
3332 1738 3337 1743 ’

2284 1869 2648 1936 Ἐπέϐλεψεν
2674 1868 2771 1921 ἐπὶ
2799 1867 2915 1937 τὴν
2944 1866 3299 1937 προσευχὴν
3322 1865 3441 1920 τῶν
3465 1866 3779 1931 ταπεινῶν,

2199 1964 2297 2018 καὶ
2318 1965 2430 2018 οὐκ
2458 1962 2831 2028 ἑξουδένωσε
2861 1961 2977 2029 τὴν
3006 1960 3222 2030 δέησιν
3242 1958 3461 2015 αὐτῶν.
3487 1963 3539 2013 Γ
3532 1960 3782 2029 pagina

2195 2055 2347 2124 αὕτη
2392 2057 2481 2121 εὶς
2512 2054 2726 2124 γενεὰν
2753 2052 2998 2122 ἑτέραν,
3045 2052 3144 2106 καί
3188 2052 3337 2118 λαὸς
3369 2055 3403 2106 ὁ
3445 2051 3779 2122 κτιζόμενος

2195 2147 2424 2203 αἰνέσει
2476 2146 2586 2201 τὸν
2645 2147 2865 2215 Κύριον
2900 2163 2913 2176 ι
2983 2144 3072 2199 ὅτι
3116 2144 3418 2212 ἐξέκυψεν
3462 2143 3532 2209 ἐξ
3580 2144 3779 2213 ὗες-ους

2193 2242 2367 2311 ἁγίου
2394 2240 2603 2305 αὐτοῦ,
2638 2241 2848 2309 Κύριος
2870 2238 2940 2304 ἐξ
2956 2238 3215 2307 οὐρανοῦ
3238 2237 3340 2290 ἐπὶ
3367 2236 3481 2306 τὴν
3509 2235 3629 2307 γῆν
3649 2236 3778 2290 ἐπέ-

2196 2336 2404 2403 6λεψε,
2446 2335 2555 2389 τοῦ
2599 2333 2858 2388 ἀκοῦσαι
2912 2332 3019 2386 τοῦ
3057 2330 3398 2401 στεναγμοῦ
3439 2328 3560 2383 τῶν
3600 2347 3775 2383 πεπε-

2193 2424 2488 2495 δημένων,
2547 2423 2653 2477 τοῦ
2681 2422 2869 2477 λῦσαι
2914 2421 3056 2487 τοὺς
3089 2420 3257 2486 υἱοὺς
3287 2418 3407 2473 τῶν
3446 2422 3774 2474 τεθανατω-

2187 2518 2408 2588 μένων,
2442 2518 2548 2571 τοῦ
2579 2515 2926 2586 ἀναγγεῖλαι
2952 2515 3024 2568 ἐν
3048 2513 3203 2569 Σιὼν
3220 2514 3295 2567 ιτὸ
3319 2514 3507 2584 ὄνομα
3530 2515 3770 2582 Καρίου,

2193 2608 2292 2662 καὶ
2324 2608 2440 2676 τὴν
2468 2607 2706 2661 αἴγεσιν
2738 2605 2930 2659 αὑτοῦ
2974 2607 3044 2660 ἐν
3084 2605 3502 2675 Ἰερουσαλήμ.
3568 2605 3675 2659 Ἐν
3700 2605 3772 2671 τῷ

2191 2699 2571 2769 συναχθῆναι
2604 2698 2796 2765 λαοὺς
2816 2699 2914 2752 ἐπὶ
2938 2697 3005 2751 τὸ
3037 2699 3207 2761 αὐτὸ,
3235 2698 3331 2754 καὶ
3359 2697 3646 2763 βασιλεῖς
3672 2696 3772 2751 τοῦ

2189 2789 2504 2843 δουλεύειν
2518 2787 2597 2853 τῷ
2612 2788 2827 2856 Κυρίῳ.
2852 2786 3165 2855 Ἀπεκρίθη
3178 2783 3417 2850 αὐτῷέν
3427 2783 3771 2852 ὀδῷ-ἰσχύος

2189 2880 2396 2936 αὐτοῦ’
2421 2880 2538 2949 Τὴν
2563 2880 2879 2948 ὀλιγότητα
2900 2876 3018 2932 τῶν
3032 2876 3268 2947 ἡμερῶν
3279 2894 3396 2946 μου
3413 2874 3772 2945 ἀνήγγειλάν

2184 2993 2306 3045 μοι.
2339 2977 2398 3028 Μ
2401 2975 2436 3042 ὴ
2457 2972 2766 3042 ἀναγάγῃς
2775 2988 2852 3041 με
2867 2971 2937 3024 ἐν
2956 2973 2993 3038 ἡ
3002 2970 3161 3039 μίσει
3182 2968 3418 3039 ἡμερῶν
3430 2986 3570 3039 μου.
3608 2968 3772 3038 Ὑψηο

2188 3066 2405 3138 λότερον
2435 3066 2491 3118 δὲ
2518 3065 2666 3119 δοκεί
2700 3082 2789 3135 μοι
2822 3063 2911 3117 διὰ
2940 3062 3144 3116 τούτων
3177 3063 3206 3114 ὁ
3237 3062 3577 3135 προφητικὸς
3616 3061 3769 3133 χορὸς

2190 3159 2477 3230 σημαίνειν
2516 3156 2613 3229 τὴν
2664 3156 2752 3209 διὰ
2792 3154 2887 3208 τοῦ
2934 3155 3186 3225 Σωτῆρος
3226 3154 3383 3224 ήμῶν
3427 3153 3621 3224 κλῆσιν
3665 3153 3769 3205 τῶν

2188 3249 2391 3304 ὲθνῶν’
2428 3247 2827 3303 ἀποκλαίεσθαι
2856 3246 2950 3311 δὲ,
3007 3246 3089 3300 ὅτι
3146 3246 3220 3317 μὴ
3256 3247 3351 3299 καὶ
3391 3245 3547 3299 αὐτοὶ
3579 3245 3766 3316 ἔτυχον

2185 3338 2409 3408 ταύτης.
2454 3338 2540 3391 Ἐν
2579 3336 2687 3408 γὰρ
2715 3339 2781 3408 τῇ
2813 3336 2922 3389 τῶν
2950 3335 3254 3406 μελλόντων
3300 3335 3520 3405 ἀγαθῶν
3566 3353 3767 3406 scapos-

2186 3432 2296 3502 σίᾳ,
2322 3430 2410 3482 ὅτε
2434 3428 2502 3482 τὰ
2528 3428 2655 3499 ἔθνη
2676 3430 2773 3482 καὶ
2796 3430 2845 3481 οἰ
2868 3427 3073 3481 τούτων
3098 3428 3338 3499 βασιλεῖς
3358 3428 3764 3499 λατρεύσουσιν,

2181 3523 2365 3576 οὐκέτι
2394 3524 2507 3585 τοῖς
2556 3522 2833 3592 πατρῴοις
2871 3521 3109 3591 δαίμοσι,
3158 3520 3297 3574 ἀλλὰ
3343 3519 3423 3591 τῷ
3451 3519 3672 3591 Κυρίῳ·
3710 3521 3767 3572 ἐν

2181 3614 2331 3686 αὐτῷ
2362 3614 2425 3686 δὴ
2453 3613 2530 3684 τῷ
2558 3612 2791 3685 τοιούτῳ
2811 3612 3008 3685 καιρῷ,
3051 3613 3149 3684 τὴν
3182 3613 3344 3684 ἐμήν,
3381 3613 3566 3683 φησὶν,
3611 3612 3767 3680 ἰσχὺν

2180 3707 2462 3761 ἐκάκωσεν
2488 3708 2517 3758 ὁ
2546 3706 2768 3779 Κύριος,
2808 3705 3109 3760 κολοὸὦσαι
3158 3704 3258 3768 τὰς
3288 3705 3528 3776 ἡμέρας,
3580 3704 3657 3767 ὡς
3687 3704 3765 3773 μὴ

2179 3800 2385 3868 φθάσαι
2418 3797 2567 3869 κάμὲ
2600 3800 2681 3861 εἰς
2725 3800 2935 3851 ἐκεῖνον
2984 3797 3078 3851 τὸν
3111 3796 3325 3869 καιρόν.
3398 3796 3455 3851 Ὀ
3486 3813 3766 3867 προφητι-

2179 3889 2275 3954 κὸς
2310 3889 2407 3962 μὲν
2438 3883 2530 3942 οὖν
2565 3889 2683 3941 ἐστι
2726 3887 2886 3960 χορὸς
2921 3886 2949 3939 ὁ
2983 3885 3437 3957 ἀποκρινόμενος,
3471 3886 3589 3956 ῆτοι
3624 3887 3766 3956 ἐρω·

2177 3981 2285 4035 τῶν
2319 3982 2412 4036 καὶ
2442 3981 2619 4051 λέγων
2651 3981 2790 4052 πρὸς
2832 3981 2923 4033 τὸν
2955 3979 3090 4033 Θεὸν
3133 3980 3317 4042 ὁποῖος
3351 3979 3504 4031 ἔσται
3548 3981 3575 4031 ὁ
3616 3978 3768 4048 ἡμέ-

2176 4090 2333 4145 τερος
2362 4074 2494 4143 βίος.
2531 4072 2741 4142 Ηΰχετο
2764 4072 2874 4144 γὰρ
2896 4070 3093 4142 μαθεῖν
3127 4071 3176 4123 εἰ
3216 4069 3474 4139 φθάσειεν
3503 4071 3581 4132 εἰς
3613 4070 3767 4121 ὲκεί-

2176 4182 2274 4229 νας
2294 4166 2390 4228 τὰς
2414 4165 2629 4237 ἡμέρας
2659 4166 2693 4235 ή
2728 4164 2842 4234 ζωὴ
2867 4164 3055 4229 αὐτοῦ,
3108 4161 3228 4215 καθ’
3255 4162 3322 4225 ἃς
3355 4162 3576 4233 ἔμελλεν
3605 4163 3767 4214 ἐναν-

2175 4258 2472 4330 θρωπήσας
2507 4258 2600 4311 ἐπὶ
2626 4258 2728 4328 γῆς
2761 4256 3102 4326 φαίνεσθαιὸ
3135 4258 3469 4328 Μονογενής.
3515 4257 3667 4310 Ὀδὸν
3701 4258 3764 4309 δὲ

2179 4349 2360 4420 ἰσχύος
2379 4348 2540 4402 αὑτοῦ
2572 4348 2669 4420 τὴν
2696 4350 2788 4401 ἐπὶ
2809 4349 2911 4420 γῆς
2932 4349 3234 4421 παρουσίαν
3268 4349 3426 4402 καλεῖ
3448 4367 3461 4378 ·
3491 4344 3622 4419 ἦλθε
3648 4351 3770 4419 γὰρ

2174 4440 2262 4493 ἵνα
2290 4440 2425 4511 δήσῃ
2449 4439 2539 4493 τὸν
2567 4439 2808 4511 ἰσχυρόν.
2840 4441 3048 4511 ’Ήμισυ
3072 4439 3127 4491 δὲ
3148 4438 3256 4491 τῶν
3279 4438 3473 4492 ἑαυτοῦ
3505 4440 3763 4510 ἡμερῶν,

485 4534 715 4604 produci
745 4534 913 4590 vitam
936 4550 1113 4599 suam,
1146 4545 1208 4589 ut
1234 4536 1407 4605 ipsius
1451 4552 1635 4592 rerum
1684 4546 1911 4594 eventus
1938 4555 2071 4596 con-

2187 4533 2419 4605 ἢ’πομπῆς
2476 4534 2641 4605 ζωῆς,
2701 4533 2762 4586 τδ
2811 4532 2948 4597 τέως
3004 4535 3062 4586 ἐν
3117 4532 3321 4603 θεωρίᾳ
3369 4530 3623 4599 γενέσθαι
3658 4532 3769 4600 τῆς

487 4634 677 4695 spectu
698 4625 1049 4698 dignaretur;
1086 4627 1163 4680 ita
1205 4629 1350 4682 enim
1398 4628 1641 4682 futurum
1680 4638 1799 4685 erat
1842 4639 1902 4685 ut
1952 4640 2067 4686 tota

484 4719 597 4772 vita
624 4718 743 4788 ejus
783 4720 1121 4789 impleretur.
1150 4718 1364 4774 Interea
1388 4719 1556 4783 enim,
1596 4722 1691 4787 ait,
1718 4722 1773 4776 in
1806 4725 2068 4794 praesenti

484 4810 617 4865 dum
644 4811 760 4866 haec
797 4810 1125 4882 praenuntia,
1160 4824 1227 4865 ac
1257 4809 1439 4866 futura
1461 4814 1737 4884 prospicio
1759 4854 1775 4880 ,
1830 4816 1886 4869 in
1912 4827 2067 4886 parte

485 4903 595 4959 diei
629 4902 724 4959 Dei
753 4904 1085 4960 constitutus
1136 4904 1362 4959 videor:
1414 4907 1657 4976 reliquus
1696 4919 1879 4965 autem
1930 4911 2065 4965 mihi

484 5003 569 5051 est
598 4995 716 5066 ipse
753 5010 938 5050 rerum
988 4996 1478 5067 praenuntiatarum
1514 5008 1868 5069 conspectus,
1899 5016 2062 5071 quem

482 5104 534 5143 sx
582 5102 923 5158 consequar,
956 5095 1132 5143 totum
1158 5088 1285 5145 vitae
1315 5103 1450 5144 meat
1496 5104 1722 5146 cursum
1755 5091 2057 5161 accipiam;

482 5183 570 5236 sin
609 5195 834 5251 scopum
863 5181 1130 5238 orationis
1160 5198 1297 5238 mea:
1346 5200 1457 5239 non
1501 5183 1764 5255 attingam
1788 5222 1805 5250 ,
1853 5184 2063 5240 similis

483 5290 580 5329 ero
614 5274 681 5329 iis
709 5274 805 5344 qui
830 5274 901 5328 -in
946 5273 1171 5329 dimidio
1213 5274 1426 5331 dierum
1456 5276 1751 5330 immature
1781 5283 1835 5331 et
1866 5276 2065 5331 intem-

482 5366 694 5436 pestive
720 5364 890 5419 vitam
912 5364 1300 5434 deposuerunt.
1332 5364 1673 5435 Videturque
1701 5365 1832 5418 mihi
1871 5363 2064 5419 Serva-

482 5466 659 5513 torcm
712 5466 961 5514 nostrum
992 5459 1070 5513 ob
1108 5459 1199 5512 illa
1224 5458 1624 5529 .pr0phetarum
1658 5470 1782 5513 vona
1816 5454 2058 5512 dixisse:

483 5548 646 5605 Multi
676 5551 938 5620 prophette
966 5560 1015 5606 et
1036 5553 1173 5620 justi
1213 5552 1487 5606 voluerunt
1515 5552 1688 5605 videre
1722 5567 1838 5620 qua:
1865 5568 1953 5605 ros
1986 5551 2062 5604 vi-

484 5642 640 5703 detis,
666 5651 841 5695 etnon
876 5642 1148 5707 viderunt;
1177 5655 1227 5698 et
1258 5645 1442 5698 audire
1471 5659 1588 5714 qute
1615 5642 1837 5707 auditis,
1872 5652 1922 5696 et
1956 5660 2061 5697 non

482 5733 765 5788 audierunt
794 5736 860 5787 ⁸⁷.
928 5733 1240 5790 Secundum
1298 5736 1583 5792 historiam
1632 5750 1762 5791 vero
1821 5735 2056 5791 dixerit:

555 5851 599 5932 ξ’
636 5847 830 5919 Matth.
867 5863 986 5913 xui,
1024 5848 1106 5901 Π.

2176 4625 2517 4696 ἐπιφανείας.
2551 4623 2761 4696 Ηΰχετο
2788 4621 2881 4678 οὖν
2907 4624 3260 4695 πληρωθῆναι
3300 4624 3392 4677 τὸν
3426 4623 3546 4676 ὅλον
3583 4624 3768 4678 αὐτοῦ

2172 4721 2383 4791 χρόνον,
2421 4717 2514 4771 καὶ
2552 4712 2664 4770 οἶόν
2698 4734 2756 4769 τε
2794 4714 3205 4787 παρεκταθῆναι
3244 4714 3344 4785 τὴν
3384 4714 3528 4785 ζωὴν
3562 4715 3767 4777 αὐτοῦ,

2170 4814 2317 4875 ὅπως
2364 4809 2430 4864 ἂν
2477 4810 2573 4863 καὶ
2610 4810 2782 4880 αὐτῆς
2812 4809 2911 4878 τῆς
2940 4807 3048 4860 τῶν
3089 4808 3435 4878 πραγμάτων
3470 4806 3771 4870 ἐκϐάσεως

2170 4902 2612 4973 καταξιωθῆναι·
2686 4901 2829 4954 οὕτω
2872 4900 2979 4971 γὰρ
3024 4899 3248 4971 ἔμελλεν
3305 4902 3339 4970 ή
3400 4900 3551 4951 πᾶσα
3585 4900 3772 4953 αὑτοῦ

2170 4994 2285 5066 ζωὴ
2320 4993 2680 5065 πληροῦσθαι.
2708 4992 2856 5055 Τέως
2886 4991 2981 5062 μὲν
3010 4991 3138 5062 γὰρ,
3171 4991 3358 5059 φησὶν,
3378 4988 3471 5041 ἐπὶ
3487 4989 3581 5040 τοῦ
3612 5008 3773 5061 παρ-

2169 5090 2341 5153 όντος,
2374 5088 2461 5140 ὅτε
2496 5087 2668 5140 ταῦτα
2694 5083 3054 5159 προφητεύω,
3095 5085 3187 5137 καὶ
3243 5082 3506 5153 μέλλοντα
3534 5082 3774 5136 ἔσεσθαι

2169 5179 2409 5253 προορῶ,
2444 5178 2597 5232 ἔοικα
2627 5179 2686 5232 ὲν
2719 5177 2875 5249 μέρει
2922 5175 3135 5251 ἡμέρας
3184 5172 3323 5227 εἶναι
3354 5173 3493 5228 Θεοῦ
3514 5190 3526 5203 ·
3574 5173 3772 5226 λείπει

2168 5274 2225 5326 δέ
2247 5291 2341 5343 μοι
2389 5276 2422 5343 ἡ
2469 5271 2706 5341 αὑτοψία
2737 5271 2836 5341 τῆς
2878 5269 2987 5323 τῶν
3034 5270 3536 5340 προφητευομένων
3585 5268 3773 5321 ἐκδά-

2169 5360 2400 5437 σεως,ἧς
2416 5364 2464 5416 εἰ
2480 5363 2721 5434 τύχοιμι,
2737 5361 2951 5414 τελείαν
2963 5360 3203 5431 λήψομαι
3217 5360 3314 5430 τὴν
3329 5357 3568 5429 ἐμαυτοῦ
3582 5356 3767 5427 ζωήν-

2167 5456 2293 5510 εἰδὲ
2323 5457 2609 5525 ἀστοχήσω
2631 5454 2727 5524 τῆς
2772 5453 2956 5522 εὐχῆς,
2987 5452 3138 5505 ἔοικα
3164 5453 3277 5515 τοῖς
3300 5452 3357 5504 ἐν
3383 5451 3575 5521 ἡμίσει
3608 5452 3773 5519 ἡμε-

2170 5548 2278 5620 ρῶν
2316 5548 2414 5617 τὴν
2449 5543 2594 5617 ζωὴν
2627 5544 2793 5614 ἀτελῆ
2818 5544 2913 5596 καὶ
2944 5542 3125 5613 ἄωρον
3158 5540 3597 5612 ἁποτιθεμένοις.
3635 5542 3767 5594 Καί

2170 5655 2260 5708 μοι
2301 5636 2450 5688 δοκεῖ
2479 5634 2569 5687 διὰ
2603 5634 2699 5697 τὰς
2752 5630 3005 5695 τοιαύτας
3059 5630 3167 5682 τῶν
3218 5629 3520 5700 προφητῶν
3578 5630 3769 5700 εὐχὰς

2164 5729 2192 5779 ό
2224 5726 2411 5798 Σωτὴρ
2455 5723 2612 5797 ήμῶν
2655 5722 2934 5796 εἰρηκέναι
2970 5740 2982 5752 ·
3020 5720 3255 5794 ,Πολλοὶ
3294 5718 3596 5789 προφῆται
3639 5721 3769 5775 καὶ
