3992 6404
224 397 356 453 1261

1334 388 1839 448 COMMENTARIA
1879 387 1947 443 IN
1987 382 2326 443 PS'ALMOS'.

3327 381 3481 442 19.δῖ

219 514 438 566 δίκαιοι
477 506 865 577 επεθύμησαν
898 505 1047 559 ἰδεῖν
1077 505 1115 558 d
1154 504 1323 574 ὑμεῖς
1362 504 1646 577 βλέπετε,
1693 503 1793 557 καὶ

1912 499 2032 554 )um
2059 514 2143 555 me
2168 498 2442 554 infirmum
2463 503 2517 550 et
2542 502 2827 568 gravatum
2850 508 3037 560 cerno,
3063 495 3316 565 suspicor
3331 494 3465 550 mihi

219 606 329 659 οὐκ
350 598 533 665 εἶδον,
572 599 668 653 καὶ
693 599 952 653 ἀκοῦσαι
981 596 1019 651 ἂ
1040 598 1311 660 ἀκούετε,
1341 596 1440 649 καὶ
1467 599 1578 650 οὐκ
1608 596 1792 665 ἥκου-

216 704 356 742 σαν.
394 684 551 738 Κατὰ
579 685 636 737 δὲ
662 684 761 755 τὴν
795 684 1035 757 ἱστορίαν
1058 724 1072 749 ,
1100 684 1344 747 Βλέπων,
1378 685 1563 754 φησὶν,
1618 686 1790 756 ἐμαυ-

215 776 305 828 τὸν
339 772 630 827 ἀτονοῦντα
663 772 759 825 καὶ
793 771 1178 844 βαρυνόμενον,
1210 774 1388 842 ὀλίγον
1419 774 1785 846 ὑπολαμϐάνω

214 867 405 937 καιρὸν
435 865 816 937 ὑπολελεῖφθαί
848 884 939 938 μοι
975 866 1138 937 ζωῆς.
1166 866 1257 937 Μὴ
1283 864 1378 921 οὖν
1417 868 1790 940 ὲκδημήσαιμι

211 958 307 1011 τοῦ
356 958 606 1028 σώματος
654 959 712 1012 ὲν
756 956 835 1029 τῷ
881 959 1069 1030 ἡμίσει
1110 961 1204 1013 καὶ
1258 960 1439 1013 ἀτελεῖ
1486 960 1595 1013 τῶν
1648 962 1788 1031 ἠμε-

216 1049 344 1124 ρῶν.
392 1052 488 1103 Ἑν
540 1050 718 1121 γενεᾷ
771 1050 992 1121 γενεῶν
1017 1050 1089 1105 τὰ
1115 1052 1219 1120 ἐτη
1273 1067 1408 1106 σου.
1451 1052 1789 1122 Ἀναγκαίως

213 1141 530 1215 προειπών·
578 1142 674 1211 Μὴ
710 1142 1021 1212 ἀναγάγῃς
1057 1161 1134 1213 με
1182 1143 1252 1197 ἐν
1302 1144 1507 1215 ἡμίσει
1552 1145 1786 1214 ἡμερῶν

207 1253 349 1304 μου,
374 1234 671 1306 εὐξάμενός
715 1251 775 1288 τε
814 1236 1137 1308 παραθεῖναι
1181 1236 1281 1308 τὴν
1324 1238 1468 1308 ζωὴν
1497 1237 1657 1308 μέχρι
1685 1236 1786 1305 τῆς

215 1325 495 1390 ἐκϐάσεως
523 1326 630 1379 τῶν
655 1328 1169 1399 προφητευομένων,
1208 1330 1409 1400 συνορᾷ
1434 1327 1496 1381 τὸ
1527 1328 1786 1381 ἀδύνατον

216 1415 304 1470 διά
332 1416 392 1469 τὸ
420 1416 645 1481 ἀσθενὲς
671 1418 764 1471 καὶ
789 1418 1153 1489 ὀλιγοχρόνιον
1180 1420 1278 1489 τῆς
1306 1419 1506 1490 θνητῆς
1535 1418 1749 1489 φύσεως
1770 1437 1785 1451 ι

217 1503 335 1560 εἶτα
366 1506 469 1578 ἔφη
497 1523 511 1536 ·
548 1506 650 1560 Σοῦ
678 1507 861 1579 μόνου,
893 1507 1087 1579 Κύ-ριε,
1122 1508 1190 1561 τὰ
1223 1508 1317 1579 ἐτη
1358 1510 1436 1572 εἰς
1469 1509 1661 1577 γενεὰν
1692 1512 1786 1564 καὶ
1833 1503 1836 1507 ’

217 1595 408 1665 γενεὰν
445 1597 694 1651 διατείνει
720 1615 734 1629 ο
773 1598 865 1651 καὶ
912 1598 976 1651 σὺ
1007 1599 1159 1669 ἥξεις
1206 1601 1285 1664 εἰς
1328 1600 1543 1673 ἐκείνην
1577 1602 1674 1674 τὴν
1699 1621 1801 1671 γεοι

1893 591 2155 662 perbreve
2176 598 2392 659 tempus
2420 589 2545 644 vitae
2580 586 2863 643 residuum
2894 601 3036 642 esse.
3075 586 3155 642 Ne
3183 588 3367 658 itaque
3410 588 3467 642 in

1891 681 2122 736 dimidio
2163 681 2373 735 dierum
2430 686 2485 734 et
2536 679 2827 734 immature
2872 692 2904 731 a
2949 691 3178 747 corpore
3248 678 3470 750 proﬁci—

1892 788 2036 827 scar.
2072 770 2139 826 In
2161 773 2492 843 generatione
2513 772 2913 842 generationum
2932 772 3062 824 anni
3086 771 3186 825 tui.
3213 772 3352 826 Cum
3383 771 3471 827 di-

1892 866 2086 932 xisset,
2116 863 2199 919 Ne
2231 880 2435 920 revoces
2467 880 2547 918 me
2580 865 2634 918 in
2650 862 2875 917 dimidio
2898 862 3103 917 dierum
3127 880 3388 931 mearum,
3406 880 3471 920 ac

1891 968 2138 1032 rogasset
2168 960 2337 1015 vitam
2369 974 2525 1016 suam
2559 974 2733 1029 usque
2781 958 2851 1014 ad
2901 975 3085 1014 rerum
3135 960 3473 1029 praenuntia-

1891 1060 2072 1106 tarum
2098 1059 2352 1108 eventum
2384 1051 2700 1123 prorogari;
2731 1050 2879 1106 videt
2909 1051 3013 1105 hoc
3044 1050 3116 1106 ob
3143 1052 3470 1106 imbecillam

1894 1154 1948 1202 et
1976 1146 2176 1201 ﬂuxam
2224 1146 2471 1201 mortalis
2518 1151 2730 1199 natura:
2778 1144 3150 1199 conditionem
3194 1142 3310 1199 fieri
3363 1159 3474 1199 non

1897 1253 2086 1308 posse;
2113 1238 2309 1294 deinde
2344 1238 2451 1292 ait:
2486 1236 2592 1291 Tui
2637 1237 2809 1291 solius
2839 1238 2991 1299 anni,
3026 1235 3274 1301 Domine,
3306 1237 3361 1291 in
3390 1251 3478 1306 ge-

1894 1329 2231 1383 nerationem
2277 1336 2331 1383 et
2378 1328 2781 1397 generationem
2825 1327 3253 1395 producuntur:
3309 1336 3480 1398 tuque

1894 1422 2182 1491 pervenies
2232 1421 2299 1475 ad
2350 1422 2499 1476 illam
2531 1423 2936 1492 generationem
2973 1429 3027 1475 et
3059 1422 3319 1492 populum
3353 1462 3368 1486 ,
3411 1422 3480 1475 de

1895 1513 2095 1583 quibus
2118 1515 2371 1584 superius
2398 1514 2716 1570 dicebatur:
2747 1513 3028 1569 Scribatur
3067 1513 3176 1568 hwc
3227 1515 3284 1567 in
3321 1530 3483 1584 gene-

1901 1607 2159 1660 rationem
2185 1605 2430 1667 alteram,
2467 1614 2520 1659 et
2549 1616 2767 1661 caetera.

218 1693 367 1757 νεὰν,
407 1694 656 1747 κάκεῖνον
692 1694 781 1748 τὸν
806 1695 955 1759 λαὸν,
982 1696 1109 1767 περὶ
1135 1689 1210 1750 ὧν
1244 1697 1500 1770 ἀνωτέρω
1531 1699 1749 1769 ἐλέγετο
1768 1717 1781 1731 ο
1815 1700 2107 1769 Γραρηήτω
2130 1700 2280 1768 αὕτη
2319 1702 2405 1765 εὶς
2430 1700 2545 1768 τὴν
2590 1700 2800 1769 γενεὰν
2845 1697 3077 1767 ἑτέραν,
3112 1700 3207 1751 καὶ
3228 1698 3297 1751 τά
3328 1697 3477 1769 ἑξῆς.

294 1785 435 1837 Κατ’
496 1784 689 1853 ἀρχὰς
723 1785 838 1852 τὴν
893 1783 1012 1854 γῆν
1046 1785 1160 1850 σὺ,
1231 1788 1425 1855 Κύριε,
1476 1789 1788 1858 ἐθεμελίω-
1821 1778 1864 1831 Β

218 1890 354 1940 σας,
389 1875 486 1929 καὶ
514 1874 655 1945 ἔργα
692 1874 808 1929 τῶν
836 1875 1050 1945 χειρῶν
1086 1876 1202 1929 σού
1237 1879 1397 1931 εἰσιν
1433 1882 1485 1932 οι
1522 1881 1786 1948 οὐρανοί.

220 1965 399 2019 Αὐτοὶ
432 1966 823 2031 ἀπολοῦνται,
876 1967 956 2021 σὺ
988 1966 1056 2020 δὲ
1100 1968 1414 2038 διαμένεις.
1453 1972 1517 2024 Εἰ
1552 1972 1651 2042 μὲν
1684 1972 1792 2045 γάρ

221 2058 282 2110 οὐ
320 2057 578 2129 συνῆσθα,
614 2059 766 2128 φησὶ,
806 2059 926 2112 κατ’
959 2059 1151 2131 ἀρχάς,
1186 2054 1231 2115 ὦ
1277 2061 1471 2135 Κύριε,
1520 2066 1614 2118 καὶ
1637 2066 1686 2118 εί
1719 2064 1794 2136 μὴ

222 2149 358 2220 ἔργα
384 2148 492 2203 τῶν
526 2148 726 2221 χειρῶν
769 2166 863 2203 σου
898 2151 1139 2223 ὑπῆρχον
1170 2155 1220 2206 οἱ
1266 2154 1505 2226 οὐρανοὶ,
1545 2157 1644 2227 οὐχ
1685 2152 1795 2210 οἶόν

226 2259 287 2294 τε
314 2236 383 2314 ἦν
405 2241 547 2295 αὐτά
573 2240 949 2313 μετατεθῆναι,
990 2244 1109 2296 οὐδὲ
1139 2246 1217 2309 είς
1256 2246 1557 2318 μεταϐολὴν
1586 2247 1789 2302 ἐλθεῖνο

223 2336 274 2389 εί
303 2335 411 2407 γὰρ
444 2335 683 2407 ἀγένητα
708 2331 797 2407 ἦν,
823 2336 1042 2408 ἔμειναν
1075 2336 1141 2392 ἂν
1179 2338 1271 2390 καὶ¹
1304 2338 1634 2410 ἀτελεύτητα
1655 2358 1669 2370 ·
1701 2340 1795 2395 νῦν

223 2426 300 2492 δὲ,
328 2426 696 2498 ὲπεῖποιητὴς
715 2428 895 2481 αὐτῶν
930 2428 1180 2499 γέγονας,
1209 2428 1431 2494 δυνατὸς
1459 2426 1512 2483 εἷ
1536 2432 1630 2484 καὶ
1658 2448 1796 2502 παρ-

227 2522 453 2588 αγαγεῖν
500 2521 639 2575 αὐτά
694 2519 924 2594 θελήσας
962 2539 974 2551 ·
1037 2522 1252 2592 φύσεως
1298 2522 1407 2595 γὰρ
1490 2523 1796 2596 ὑπάρχουσι

226 2612 469 2685 φθαρτῆς
523 2615 618 2667 καὶ
661 2614 1040 2688 ἀπολλυμένης
1066 2634 1078 2648 ·
1136 2617 1242 2681 ὅτι,
1279 2619 1371 2671 καὶ
1428 2617 1503 2689 μὴ
1535 2618 1798 2690 πρότερον

230 2704 379 2770 ὄντα,
422 2707 487 2776 σῇ
522 2704 682 2777 βουλῇ
715 2706 809 2759 καὶ
841 2706 1067 2779 δυνάμει
1100 2707 1343 2777 γέγονεν.
1402 2710 1498 2761 ’Ἐν
1541 2708 1649 2780 γάρ
1684 2710 1799 2762 ἐστι

234 2794 397 2866 μένον
434 2796 542 2857 ἀεὶ,
584 2797 679 2850 καὶ
710 2796 908 2850 οῠποτε
940 2799 1237 2868 δυνάμενον
1288 2800 1362 2871 μὴ
1406 2794 1567 2862 εῖναι,
1599 2800 1799 2871 δηλαδὴ

232 2886 297 2939 σὺ
322 2886 483 2951 αὐτὸς
511 2889 539 2941 ὁ
571 2888 729 2959 μόνος
764 2888 871 2942 τῶν
894 2889 1029 2942 ὅλων
1056 2893 1303 2962 ποιητής.
1343 2891 1451 2945 Καὶ
1477 2891 1699 2957 πάντες
1724 2892 1803 2957 ὡς

1970 1790 2137 1848 Vens.
2184 1791 2373 1848 26-29.
2428 1791 2592 1846 Initio
2651 1802 2731 1857 tu,
2797 1791 3300 1855 Domine,,terram
3365 1790 3484 1860 fun—

1892 1885 2054 1950 dasti,
2120 1895 2168 1938 et
2224 1901 2382 1954 opera
2437 1901 2690 1938 manuum
2745 1893 2959 1937 tuarum
3011 1891 3133 1937 sunt
3183 1884 3317 1936 coeli.
3371 1880 3485 1950 Ipsi

1891 1977 2155 2047 peribunt,
2186 1986 2242 2030 tu
2296 1988 2473 2031 autem
2527 1993 2824 2048 permanes.
2885 1975 3004 2031 Nisi
3037 1976 3185 2031 enim
3234 1990 3264 2029 a
3326 1976 3484 2047 prin-

1895 2068 2074 2138 cipio,
2130 2066 2389 2131 Domine,
2438 2066 2637 2123 fuisses
2665 2107 2681 2133 ,
2743 2075 2797 2123 et
2841 2067 2950 2121 nisi
2994 2066 3118 2121 coeli
3152 2079 3321 2135 opera
3370 2080 3486 2118 ma-

1894 2176 2064 2216 nuum
2092 2168 2309 2214 tuarum
2364 2165 2583 2223 essent,
2618 2172 2728 2212 non
2786 2164 3011 2226 possent
3050 2155 3141 2208 illa
3170 2169 3333 2225 opera
3364 2170 3487 2208 mu-

1895 2253 2042 2318 tari,
2088 2266 2189 2307 nec
2245 2252 2299 2305 in
2345 2250 2507 2304 aliam
2550 2248 2921 2303 conditionem
2970 2248 3157 2302 venire
3208 2267 3221 2302 :
3280 2262 3405 2301 nam
3437 2247 3486 2303 si

1894 2357 2007 2396 non
2044 2340 2185 2396 facta
2240 2348 2446 2405 essent,
2482 2341 2602 2396 sine
2658 2340 2763 2395 fine
2811 2346 3117 2394 manerent.
3177 2338 3295 2393 Jam
3358 2355 3488 2394 vero

1897 2435 2026 2505 quia
2081 2448 2273 2489 eorum
2323 2431 2503 2501 opifex
2561 2431 2745 2497 fuisti,
2812 2441 2966 2501 potes
3018 2431 3109 2484 illa
3167 2437 3382 2486 mutare
3440 2431 3489 2485 si

1897 2528 2075 2583 velis:
2120 2541 2246 2580 nam
2296 2524 2455 2579 ﬂuxa:
2509 2532 2562 2578 et
2613 2522 2991 2593 corruptibilis
3040 2533 3251 2577 naturae
3310 2532 3486 2578 sunt:

1898 2619 2027 2689 quia
2088 2632 2212 2672 cum
2274 2631 2385 2670 non
2444 2616 2596 2683 prius
2638 2614 2999 2681 exsisterent,
3054 2616 3333 2670 voluntate
3425 2628 3491 2667 ac

1898 2710 2101 2763 virtute
2154 2716 2247 2761 tua
2296 2704 2514 2760 condita
2574 2712 2721 2760 sunt.
2770 2702 2953 2758 Unum
3010 2704 3211 2775 quippe
3240 2710 3325 2759 est
3345 2703 3492 2773 quod

1900 2807 2105 2866 manet,
2140 2806 2194 2853 et
2223 2813 2504 2869 nunquam
2536 2813 2643 2851 non
2691 2812 2814 2851 esse
2855 2798 3052 2868 potuit,
3088 2812 3281 2867 nempe
3314 2804 3373 2849 tu
3404 2810 3492 2850 so-

1902 2895 1988 2951 lus
2020 2893 2263 2949 omnium
2306 2891 2576 2946 conditor.
2625 2888 2686 2942 Et
2717 2907 2892 2944 omnes
2946 2891 3085 2943 sicut
3127 2891 3493 2944 vestimentum

231 2979 461 3050 ἱμάτιον
506 2981 1050 3051 παλαιωθήσονται,
1101 2983 1200 3036 καὶ
1244 2982 1386 3036 ὡσεὶ
1428 2985 1805 3051 περιϐόλαιον

1912 2991 2239 3048 veterascent,
2269 2990 2318 3036 et
2346 2983 2483 3036 velut
2514 2982 2772 3036 amictum
2794 2981 2962 3035 volves
2984 2998 3093 3046 eos,
3118 2990 3168 3035 et
3198 2982 3488 3037 solventur.

230 3070 452 3137 ἑλίξεις
504 3072 745 3138 αὐτοὺς,
770 3074 868 3127 καὶ
902 3074 1345 3144 ἐλιχθήσονται.
1375 3075 1486 3128 Καὶ
1509 3076 1556 3127 οἱ
1590 3074 1806 3144 οὐρανοὶ

1912 3078 2281 3147 leiquoque
2312 3073 2527 3131 etiamsi
2570 3091 2825 3145 magnum
2862 3075 3499 3148 prastantissimumquo

233 3162 311 3226 δὲ,
342 3164 388 3215 εἰ
421 3162 514 3215 καὶ
546 3163 686 3233 μέγα
716 3165 809 3217 καί
837 3164 1111 3235 ἐξαίρετόν
1138 3182 1190 3217 τι
1222 3165 1547 3236 τυγχάνουσι
1573 3166 1801 3236 κτίσμα,

1912 3166 2018 3221 sint
2062 3165 2378 3236 opificium,
2438 3170 2678 3217 attamen
2722 3163 2825 3233 ipsi
2873 3178 3095 3232 quoque
3151 3163 3495 3233 corruptioni

235 3253 349 3307 ἀλλ’
387 3254 531 3325 ὅμως
565 3254 656 3309 καὶ
711 3254 864 3308 αὐτοὶ
918 3256 1385 3327 ὑποϐληθήσονται
1419 3256 1621 3329 φθορᾷ·
1669 3259 1703 3329 ὴ
1748 3258 1806 3311 δὲ

236 3343 411 3415 φθορὰ
432 3344 568 3417 αὕτη
598 3346 883 3416 γενήσεται
907 3345 1090 3409 αὐτοῖς
1126 3348 1205 3409 εἰς
1250 3348 1662 3419 ἀνακαινισμὸν,
1711 3348 1806 3400 καὶ

239 3437 512 3501 συστελεῖς
545 3439 740 3502 αὐτοὺς
774 3437 1012 3509 εὐχερῶς
1046 3437 1217 3502 οὕτως
1244 3438 1319 3503 ὡς
1346 3438 1547 3492 ἑλίσσει
1578 3456 1662 3503 τις
1710 3456 1806 3492 πε-

239 3528 507 3601 ριϐόλαιον
526 3546 540 3559 ο
580 3529 950 3601 ἐλιχθήσονται
972 3531 1080 3602 γὰρ
1099 3532 1179 3594 εἰς
1208 3530 1412 3601 βέλτιον
1434 3530 1620 3601 σχῆμα
1652 3547 1811 3602 μετα-

241 3620 579 3692 ϐαλλόμενοι,
616 3624 710 3677 καὶ
740 3624 1155 3696 ἀλλαγήσονται,
1205 3624 1298 3676 καὶ
1340 3623 1550 3695 τροπὴν
1599 3622 1810 3693 ἀγαθὴν

241 3711 573 3783 ὑπομενοῦσι
603 3713 701 3785 τὴν
731 3714 838 3767 ἀπὸ
878 3715 974 3786 τῆς
1020 3715 1379 3785 παλαιότητος
1420 3715 1515 3769 ἐπὶ
1546 3715 1645 3787 τὴν
1678 3717 1811 3771 ἀνα-

242 3805 477 3859 καίνισιν
506 3807 600 3859 καὶ
621 3806 720 3878 τὴν
753 3807 1082 3878 ἀφθαρσίαν.
1124 3806 1208 3860 Σὺ
1240 3806 1308 3860 δὲ
1340 3810 1374 3861 ὁ
1394 3808 1577 3874 αὐτὸς
1612 3804 1684 3874 εἷ,
1713 3809 1813 3863 καὶ

241 3897 317 3952 τὰ
342 3898 445 3966 ἔτη
465 3912 580 3952 σου
612 3900 723 3953 οὐκ
754 3897 1128 3967 ὲκλείψουσι.
1181 3902 1244 3953 Οἱ
1288 3898 1403 3951 υἱοὶ
1436 3897 1553 3951 τῶν
1581 3897 1815 3954 δούλων

244 4003 362 4045 σου
391 3991 954 4058 κατασκηνώσουσι,
996 3994 1094 4045 καὶ
1127 3990 1194 4044 τὸ
1232 3989 1471 4060 σπέρμα
1503 3990 1700 4045 αὐτῶν
1729 3994 1816 4057 εἰς

244 4083 352 4136 τὸν
364 4081 548 4136 αἰῶνα
576 4080 1137 4148 κατευθυνθήσεται.
1164 4084 1384 4146 Καινοῖς
1402 4082 1475 4153 (2)
1509 4083 1817 4153 γενομένοις

245 4174 342 4228 καὶ
368 4174 460 4226 ἐπὶ
488 4172 550 4228 τὸ
576 4176 821 4243 κρεῖττον
858 4174 1299 4244 μεθαρμοσθεῖσι,
1332 4174 1429 4227 καὶ
1470 4175 1535 4227 τὸ
1582 4174 1819 4244 σπέρμα

1918 3258 2313 3330 subjicientur:
2350 3258 2465 3311 haec
2496 3265 2677 3310 autem
2710 3257 2992 3327 corruptio
3021 3257 3155 3327 ipsis
3178 3257 3233 3310 in
3263 3272 3497 3312 renova-

1914 3355 2120 3410 tionem
2142 3358 2336 3415 vertet,
2374 3361 2535 3420 atque
2561 3350 2710 3419 ipsos
2740 3348 2813 3403 ita
2846 3348 3008 3404 facile
3033 3348 3330 3404 contrahes
3361 3387 3376 3412 ,
3432 3363 3497 3403 ac

1914 3452 1960 3504 si
1999 3446 2123 3518 quis
2151 3446 2411 3499 amictum
2440 3445 2729 3498 convolvat
2755 3463 2769 3497 :
2828 3458 2956 3496 nam
2986 3442 3267 3497 meliorem
3297 3443 3352 3496 in
3394 3440 3501 3498 for-

1916 3556 2059 3595 mam
2079 3539 2384 3601 volventur,
2414 3552 2477 3590 ac
2500 3536 2859 3590 mutabuntur
2884 3543 3048 3604 atque
3074 3534 3495 3589 conversionem

1917 3632 2176 3701 optimam
2212 3629 2509 3692 subibunt,
2558 3642 2588 3680 a
2624 3632 2898 3681 vetustate
2948 3641 3143 3695 nempe
3169 3624 3237 3679 ad
3266 3640 3500 3681 renova-

1921 3722 2125 3777 tionem
2152 3730 2205 3777 et
2236 3718 2699 3788 incorruptionem
2740 3716 3013 3770 translati.
3056 3715 3135 3767 Tu
3165 3723 3341 3767 autem
3360 3713 3500 3768 idem

1920 3817 2029 3886 ipse
2058 3831 2133 3880 es,
2165 3822 2212 3869 et
2247 3815 2374 3868 anni
2408 3813 2483 3865 tui
2550 3827 2653 3865 non
2706 3808 2967 3878 deﬁcient.
3041 3806 3171 3861 Filii
3231 3823 3501 3862 servorum

1923 3917 2135 3961 tuorum
2174 3905 2513 3968 habitabant,
2543 3911 2593 3957 et
2627 3918 2801 3955 semen
2830 3917 3010 3954 eorum
3046 3901 3100 3953 in
3132 3898 3390 3954 saxulum
3413 3899 3501 3953 di-

1921 4000 2135 4069 rigetur.
2189 3996 2435 4051 lnnovati
2491 3994 2699 4050 scilicet
2719 4000 2881 4048 erunt
2900 4008 2961 4046 ac
2996 3992 3274 4047 meliorem
3300 3991 3354 4045 in
3388 3990 3501 4045 for-

1922 4106 2065 4145 mam
2086 4089 2357 4150 translati,
2391 4096 2439 4142 et
2465 4103 2634 4140 semen
2666 4102 2844 4139 eorum
2880 4126 2895 4151 ,
2946 4084 3152 4141 scilicet
3218 4098 3501 4141 servorum

1922 4189 2163 4244 tuorum,
2201 4182 2254 4235 in
2282 4179 2536 4235 saeculum
2570 4177 2844 4249 dirigetur.

246 4270 494 4337 ἑαυτῶν,
521 4270 723 4342 δηλαδὴ
756 4269 863 4324 τῶν
900 4269 1098 4322 δούλων
1121 4286 1233 4335 σου,
1258 4272 1335 4334 είς
1367 4271 1458 4325 τὸν
1484 4269 1654 4324 αἰῶνα
1686 4273 2191 4349 κατευθυνθήσεται.

778 4414 864 4486 Τῼ
897 4413 1113 4467 una.
1147 4413 1265 4465 PB'.

318 4528 584 4597 Εὺλόγει,
616 4529 655 4595 ἡ
681 4528 851 4599 ψυχή
885 4547 1026 4598 μου,
1060 4528 1165 4581 τὸν
1192 4529 1428 4597 Κύριον.
1456 4528 1607 4600 Τάχα
1630 4529 1686 4582 δὲ
1721 4528 1817 4601 μέ-

252 4637 353 4689 σην
378 4619 792 4689 ἀπολειφθεῖσαν
823 4620 919 4689 τὴν
951 4620 1127 4691 ψυχὴν
1174 4618 1266 4673 τοῦ
1300 4618 1548 4690 σώματος
1589 4621 1683 4672 καὶ
1726 4620 1820 4673 τοῦ

253 4712 579 4783 πνεύματος,
610 4713 669 4765 τὸ
706 4713 804 4783 μὲν
833 4714 990 4783 σῶμα
1033 4713 1124 4765 ἐπὶ
1154 4713 1251 4776 τὰς
1296 4712 1498 4777 οἰκείας
1533 4712 1822 4783 ἐπιθυμίας

253 4805 347 4858 καὶ
418 4803 842 4876 ἀνδραποδώδεις
910 4804 1100 4874 ἡδονὰς
1155 4804 1435 4867 καθέλκει,
1485 4804 1671 4876 ὥσπερ
1730 4808 1822 4875 ἀφ’

257 4894 654 4964 ὕψουςκάνωθέν
684 4896 846 4949 ποθεν
864 4896 1195 4950 καταϐάλλον
1227 4898 1415 4966 αὐτήν·
1442 4895 1501 4948 τὸ
1523 4895 1580 4949 δὲ
1608 4896 1823 4966 πνεῦμα

256 4988 418 5042 πάλιν
446 4988 580 5059 πρὸς
611 4989 771 5042 ὲαυτὸ
818 4988 1029 5042 ἀνέλκει
1067 4990 1178 5043 ἄνω
1215 5006 1313 5042 που
1362 4990 1496 5059 πρὸς
1537 4988 1667 5041 Θεὸν
1698 4990 1825 5042 ἀνά-

257 5094 372 5148 γον,
425 5078 527 5132 καὶ·
556 5077 649 5131 τοῦ
690 5079 894 5149 Κυρίου
928 5078 1283 5150 μνημονεύειν
1317 5078 1646 5149 παρακαλεῖ,
1682 5078 1828 5131 εὐλο-

258 5173 376 5240 γεῖν
408 5187 468 5223 τε
498 5170 678 5233 αὐτὸν,
705 5171 798 5224 καὶ
828 5171 931 5242 πρὸ
960 5169 1249 5240 ὀφθαλμῶν
1276 5170 1363 5223 διὰ
1414 5171 1613 5233 παντὸς
1642 5169 1786 5240 ἔχειν
1809 5187 1821 5199 ·

258 5263 292 5333 ἢ
327 5263 486 5326 αὐτὸς
520 5264 710 5317 ἑαυτὸν
745 5264 836 5317 ἐπὶ
886 5264 977 5317 τὸν
1020 5263 1185 5335 ὕμνον
1217 5263 1504 5335 διεγείρειν
1544 5266 1637 5316 καὶ
1672 5264 1828 5315 εὐλο-

258 5358 374 5422 γεῖν
422 5356 513 5408 τὸν
570 5355 703 5409 Θεὸν
733 5355 1100 5425 ὲγκελεύεται,
1131 5355 1297 5409 καλὸν
1338 5355 1516 5425 ἐαυτῷ
1550 5355 1823 5425 σωτηρίας

260 5448 551 5518 φάρμακον
576 5448 674 5520 τὴν
695 5450 774 5513 εἰς
802 5448 891 5502 τὸν
922 5446 1054 5501 Θεὸν
1087 5447 1334 5515 εὐλογίαν
1368 5446 1825 5518 προϐαλλόμενος.

260 5541 367 5593 Καὶ
395 5539 592 5594 πάντα
617 5540 690 5595 τὰ
715 5540 888 5608 ἐντός
904 5558 1022 5610 μου
1042 5539 1106 5594 τὸ
1134 5539 1317 5609 ὄνομα
1340 5541 1407 5594 τὸ
1423 5540 1592 5609 ἅγιον
1621 5537 1826 5592 αὑτοῦ.

262 5630 387 5693 Τοῖς
420 5629 571 5695 ἐντὸς
602 5628 764 5683 αὐτοῦ
795 5630 1124 5700 προστάσσει
1152 5629 1389 5699 εὐλογεῖν
1420 5629 1479 5682 τὸ
1512 5629 1682 5699 ὄνομα
1719 5630 1832 5681 Κυ-

268 5722 408 5795 ρίου,
436 5723 679 5778 τουτέστι
703 5726 770 5797 τῇ
799 5722 955 5794 φύσει
975 5723 1082 5779 τῶν
1114 5723 1312 5779 ἔσωθεν
1336 5722 1705 5795 ἐξερχομένων
1727 5722 1833 5775 δια-

341 5832 417 5905 (2)
441 5831 550 5889 Sic.

1851 4445 1897 4499 D

2425 4415 2554 4470 IPSl
2594 4413 2818 4469 DAVID.
2880 4412 2992 4470 CII.

1990 4528 2156 4585 Vens.
2194 4530 2239 4583 ι.
2279 4529 2538 4596 Benedic,
2568 4529 2747 4582 anima
2778 4544 2927 4592 mea,
2961 4526 3209 4583 Domino.
3245 4524 3506 4581 Fortasse

1920 4626 2152 4682 mediam
2184 4624 2428 4678 relictam
2462 4623 2695 4676 animam
2726 4621 2866 4675 inter
2890 4634 3088 4689 corpus
3120 4626 3173 4673 et
3212 4618 3462 4687 spirituum
3485 4659 3499 4681 ,

1922 4734 2121 4789 corpus
2148 4717 2367 4787 quidem
2392 4715 2459 4769 ad
2482 4715 2734 4784 proprias
2755 4711 3233 4782 concupiscentias
3255 4718 3308 4765 et
3335 4711 3505 4765 servi~

1922 4812 2003 4866 les
2030 4811 2338 4879 voluptates
2360 4808 2627 4878 pertrahit
2647 4846 2662 4871 ,
2691 4805 2847 4876 quasi
2873 4820 2938 4859 ex
2971 4805 3187 4859 sublimi
3215 4810 3269 4858 et
3301 4804 3506 4859 altissi-

1925 4918 2014 4956 mo
2042 4902 2165 4957 loco
2195 4900 2460 4969 dejiciens
2495 4899 2641 4952 illam
2669 4915 2684 4963 ;
2714 4897 2947 4967 spiritus
2972 4911 3100 4951 vero
3132 4904 3321 4950 contra
3351 4896 3417 4949 ad
3445 4913 3504 4951 se

1927 5004 2145 5044 sursum
2181 4988 2382 5054 trahit,
2416 4994 2471 5041 et
2516 4987 2581 5040 ad
2623 4985 2792 5041 Deum
2844 4985 3100 5049 adducit,
3145 4985 3507 5053 hortaturque

1928 5088 1987 5136 ut
2019 5080 2308 5135 Dominum
2338 5085 2635 5151 memoret,
2668 5079 2774 5149 ipsi
2804 5078 3123 5143 henedicat,
3170 5079 3347 5149 ipsum
3393 5095 3505 5151 prae

1927 5174 2103 5229 oculis
2138 5187 2351 5242 semper
2380 5171 2617 5226 habeat:
2652 5170 2737 5224 vel
2772 5170 3006 5224 fortasse
3034 5171 3331 5240 quemlibet
3359 5172 3505 5241 seip-

1931 5280 2049 5320 sum
2078 5264 2315 5319 excitare
2345 5277 2409 5316 ac
2445 5262 2554 5316 Deo
2580 5260 2904 5316 benedicere
2932 5261 3115 5329 jubet,
3158 5262 3363 5315 bonum
3400 5263 3502 5317 sibi

1932 5355 1999 5408 ad
2022 5355 2252 5410 salutem
2274 5368 2395 5408 esse
2413 5351 2522 5407 Deo
2539 5351 2862 5406 benedicere
2884 5366 3213 5421 proponens.
3236 5352 3305 5405 Et
3327 5355 3504 5407 omnia

1932 5447 2185 5501 interiora
2228 5462 2344 5498 mea
2384 5443 2586 5497 nomini
2627 5444 2993 5513 sanctopejus.
3035 5442 3254 5499 Nemini
3288 5444 3505 5499 Domini

1932 5535 2253 5591 benedicere
2280 5534 2435 5604 jubet
2465 5532 2726 5587 interiora
2756 5548 2889 5599 sua,
2920 5533 2972 5588 id
3001 5540 3116 5599 est,
3146 5534 3507 5604 cogitationes

1936 5642 2064 5684 suas
2096 5641 2216 5698 quae
2260 5626 2328 5681 ab
2370 5626 2522 5681 intus
2550 5624 2887 5694 procedunt,
2923 5642 3154 5696 quarum
3189 5627 3388 5697 duplex
3426 5637 3509 5682 est

1937 5720 2109 5777 ordo:
2152 5719 2271 5779 aliae
2303 5719 2446 5775 enim
2479 5733 2662 5791 prava:
2697 5726 2859 5781 sunt,
2897 5734 3091 5790 nempe
3114 5760 3127 5783 ,
3164 5721 3371 5785 caedes,
3404 5722 3512 5776 f0.“-
