3992 6404
521 372 661 428 WG?)

1227 366 1497 423 EUSEBll
1535 364 2012 422 CAESARIENSIS
2047 364 2195 422 OPP.
2240 364 2423 421 PARS
2452 363 2543 422 lli.
2570 396 2636 410 —
2676 364 3091 422 EXEGETICA.
3135 331 3148 342 .

3640 366 3799 420 1261,

518 490 823 545 nicationes
861 495 915 541 et
964 485 1107 539 furta
1154 491 1506 555 spectantes;
1549 485 1667 539 aliae
1704 499 1836 540 vero
1867 483 2090 539 urbana

2195 483 2489 555 λογισμῶν,
2507 476 2581 538 ὧν
2606 483 2827 538 διπλοῦν
2852 485 2969 538 ἐστι
2997 483 3061 537 τὸ
3089 482 3274 553 τάγμα
3294 500 3307 512 ·
3328 484 3378 536 οἱ
3399 483 3497 553 μὲν
3516 482 3632 553 γὰρ
3658 499 3802 551 μοχ-

515 591 573 639 et
619 581 887 637 salutares
915 618 929 643 ,
980 592 1173 648 nempe
1220 577 1571 634 humanitas.
1624 578 1986 647 temperantia
2036 585 2092 634 et

515 671 903 727 communitas.
934 665 986 723 ls
1021 669 1204 739 itaque
1234 667 1395 735 cujus
1429 667 1614 721 omnia
1650 665 1912 721 interiora
1941 674 2092 722 recta

515 769 647 821 sunt
692 772 747 818 et
797 768 987 832 parata
1036 760 1104 814 ad
1154 758 1589 815 benedicendum
1640 759 1846 815 nomini
1897 766 2092 815 sancto

516 855 645 921 Dei,
690 854 937 911 interiori
980 869 1081 910 suo
1124 853 1322 908 aﬂ'ectu
1363 862 1512 907 recte
1546 853 1740 918 utitur,
1774 852 1845 907 ad
1878 853 2089 923 gratia-

514 962 641 1002 rum
675 947 922 1003 actiones
958 947 1066 1002 Deo
1095 945 1365 1017 agendas,
1418 955 1580 1016 atque
1612 945 1793 1001 omnia
1827 944 2090 999 interiora

518 1054 618 1097 sua
652 1047 973 1103 consecrat,
1023 1054 1323 1109 omnesque
1374 1040 1568 1093 animae
1616 1039 1850 1094 virtutes
1900 1044 1954 1092 et
1994 1052 2091 1091 co-

516 1130 810 1201 gitationes
843 1130 909 1183 ad
942 1128 1187 1183 divinum
1235 1130 1497 1202 hymnum
1542 1131 1803 1184 concitat.
1843 1128 1895 1185 Is
1941 1128 2089 1183 enim

514 1219 837 1281 ratiocinia,
875 1217 1241 1291 cogitationes
1261 1260 1277 1285 ,
1325 1236 1627 1290 omnesque
1654 1220 1821 1274 animi
1860 1226 2045 1273 motus
2067 1257 2083 1283 ,

518 1316 682 1379 atque
728 1310 913 1367 varias
962 1312 1082 1381 ejus
1134 1313 1363 1365 virtutes
1410 1310 1692 1377 advocat,
1741 1311 1849 1364 vim
1893 1323 2089 1379 nempe

516 1401 827 1475 cogitandi,
858 1402 1206 1458 discernendi
1227 1442 1242 1467 ,
1281 1403 1613 1472 respiciendi
1634 1442 1651 1466 ,
1685 1401 1914 1471 agendi,
1946 1400 2090 1454 ima-

517 1495 762 1562 ginandi,
810 1494 1168 1560 recordandi,
1205 1502 1259 1549 et
1290 1494 1427 1549 alias
1462 1513 1474 1549 :
1507 1510 1635 1548 nam
1666 1495 1851 1548 multa:
1886 1493 1940 1547 in
1973 1492 2093 1546 ani-

514 1603 604 1641 ma
656 1588 888 1642 virtutes
945 1587 1193 1657 variique
1246 1593 1428 1640 motus
1483 1594 1632 1640 sunt.
1694 1583 1874 1650 Quare
1928 1582 2089 1637 modo

516 1686 803 1734 strenuum
843 1676 1120 1748 quidpiam
1154 1681 1495 1747 cogitamus,
1541 1675 1703 1729 modo
1743 1672 2093 1743 concupisci-

515 1785 676 1833 mus,
721 1784 842 1823 mox
884 1766 1238 1836 judicamus;
1286 1765 1582 1836 aliquando
1630 1765 1898 1835 quaepiam
1943 1764 2091 1820 desi-

2196 574 2350 647 θηροί
2373 577 2499 640 εἰσι,
2519 573 2688 643 φόνοι,
2722 577 2979 646 μοιχεῖαι,
3015 573 3242 626 κλοπαί·
3277 576 3324 626 οί
3358 573 3416 625 δὲ
3446 574 3662 625 ἀστεῖοι
3696 571 3802 624 καὶ

2196 668 2487 738 σωτήριοι,
2535 665 2936 737 φιλανθρωπία,
2969 664 3311 737 σωφροσύνη,
3348 663 3408 716 τὸ
3438 664 3797 718 κοινωνικόν.

2192 753 2264 830 Ὦ
2289 759 2468 812 τοίνυν
2500 759 2675 813 πάντα
2696 759 2765 811 τὰ
2785 757 2935 821 ὲντὺς
2954 757 3311 828 κατώρθωται
3337 758 3417 820 είς
3446 758 3800 826 ἑτοιμότητα

2192 851 2286 906 τοῦ
2328 851 2568 921 εὐλογεῖν
2600 851 2660 903 τὸ
2698 850 2867 920 ὄνομα
2895 849 2989 903 τοῦ
3021 848 3157 902 Θεοῦ
3192 848 3253 901 τὸ
3278 848 3453 916 ἅγιον,
3485 842 3648 910 οὗτος
3685 864 3797 899 κα-

2192 946 2299 1010 λῶς
2351 944 2884 1016 συμπαραλαμϐάνει
2930 944 3030 1015 τὴν
3082 942 3230 995 ένδον
3270 941 3508 995 διάθεσιν
3556 942 3643 1004 εἰς
3692 938 3798 1011 τὴν

2192 1036 2285 1089 τοῦ
2317 1034 2451 1089 Θεοῦ
2488 1035 2861 1107 εὐχαριστίαν,
2893 1034 2990 1088 καὶ
3024 1034 3206 1087 πάντα
3246 1031 3314 1085 τὰ
3344 1032 3495 1095 ἐντὸς
3528 1030 3798 1101 καθιεροῖ

2193 1130 2288 1184 καὶ
2320 1131 2501 1193 πάσας
2540 1130 2638 1200 τῆς
2666 1128 2843 1199 ψυχῆς
2890 1126 2989 1190 τὰς
3027 1126 3306 1197 δυνάμεις,
3350 1125 3447 1178 καὶ
3478 1125 3670 1178 πάντα
3706 1123 3797 1176 λο-

2192 1222 2388 1294 γισμὸν
2420 1224 2500 1287 είς
2522 1222 2614 1276 τὸν
2653 1221 2793 1275 θεῖον
2822 1219 2990 1291 ὕμνον
3022 1219 3300 1273 ἀνακινεῖο
3336 1216 3486 1280 ἐντὸς
3508 1216 3623 1287 γὰρ
3656 1217 3798 1270 ἑκά-

2192 1315 2315 1368 λεσε
2346 1314 2473 1378 τοὺς
2494 1312 2790 1384 λογισμοὺς
2827 1310 2920 1363 καὶ
2945 1309 3042 1374 τὰς
3080 1309 3430 1379 ἐνθυμήσεις,
3473 1308 3571 1359 καὶ
3599 1305 3795 1359 πάντα

2191 1409 2292 1479 τῆς
2329 1407 2508 1478 ψυχῆς
2538 1405 2607 1459 τὰ
2641 1406 2914 1476 κινήματα
2941 1402 3036 1457 καὶ
3058 1402 3158 1463 τὰς
3185 1401 3474 1472 διαφόρους
3515 1399 3796 1469 δυνάμεις

2192 1501 2382 1572 αὐτῆς,
2412 1500 2511 1571 τὴν
2530 1497 2806 1569 νοητικὴν,
2824 1497 2921 1567 τὴν
2937 1493 3419 1564 διανοητικὴν,τὴν
3452 1491 3790 1563 βλεπτικὴν,

2190 1592 2289 1665 τὴν
2312 1589 2641 1664 ὁρμητικὴν,
2662 1589 2760 1661 τὴν
2782 1585 3170 1657 φανταστικὴν,
3196 1586 3293 1656 τὴν
3313 1584 3789 1656 μνημονευτικὴν,

2191 1685 2292 1749 τὰς
2334 1683 2529 1755 ἑτέρας
2547 1699 2560 1713 ·
2596 1681 2787 1735 πολλαὶ
2814 1678 2924 1748 γὰρ
2954 1678 3212 1750 δυνάμεις
3240 1678 3333 1731 καὶ
3359 1677 3598 1747 διάφορα
3628 1677 3795 1746 nvi;-

2197 1795 2343 1849 ματα
2376 1779 2433 1831 ὲν
2447 1778 2514 1846 τῇ
2545 1774 2690 1845 ψυχῇ
2712 1790 2725 1804 ·
2757 1773 2877 1827 καθ’
2903 1773 2940 1827 ἃ.
2973 1772 3104 1825 ποτὲ
3132 1770 3229 1842 μὲν
3265 1768 3552 1822 σπουδαῖόν
3582 1786 3639 1820 τι
3670 1767 3791 1820 δια-

516 1860 791 1923 deramus,
832 1857 1123 1928 aliquando
1157 1872 1520 1923 aversantur;
1572 1871 1635 1910 ac
1670 1864 1890 1911 rurSum
1929 1856 2090 1910 modo

2196 1844 2636 1939 νοούμεθαδποτέ
2668 1844 2727 1919 δὲ
2760 1863 3159 1935 ἐπιθυμοῦμεν,
3196 1861 3327 1915 ποτὲ
3370 1861 3428 1913 δὲ
3472 1858 3791 1930 ἐπιθυμού-

516 1952 699 2021 aliquo
760 1950 1078 2015 tendimus,
1138 1949 1300 2003 modo
1357 1949 1743 2015 declinamus;
1810 1949 2090 2003 interdum

513 2045 698 2099 moesti
741 2059 962 2110 sumus,
1014 2050 1206 2113 postea
1246 2057 1378 2096 vero
1428 2041 1642 2112 pacati,
1686 2042 1795 2095 laeti
1836 2051 1891 2095 et
1938 2049 2092 2093 tran-

514 2136 689 2206 quilli.
739 2134 942 2191 Omnes
981 2137 1165 2205 itaque
1204 2133 1520 2213 hujusrnodi
1562 2133 1757 2187 anima:
1799 2132 2088 2186 facultates

514 2226 734 2281 divinus
778 2223 1016 2295 Spiritus
1058 2224 1309 2278 hortatur
1350 2230 1411 2278 ut
1459 2222 1788 2278 benedicant
1832 2222 2085 2278 Domino.

512 2320 669 2385 Quod
704 2319 748 2372 si
784 2319 872 2372 cui
918 2332 1183 2388 corporeo
1227 2332 1377 2371 more
1417 2316 1626 2371 dictum
1672 2316 1926 2386 excipere
1969 2316 2089 2369 ani-

512 2429 637 2469 mus
672 2412 777 2476 sit,
808 2411 991 2477 dicat,
1034 2411 1163 2481 quia
1203 2410 1395 2465 omnia
1434 2410 1681 2479 corporis
1730 2410 1904 2464 nostri
1951 2408 2091 2465 inte—

502 2507 660 2560 riora
690 2512 743 2559 et
769 2504 985 2560 viscera
1024 2502 1462 2573 profundissima
1503 2501 1598 2556 Dei
1642 2501 1912 2570 sapientia
1956 2515 2090 2555 con-

512 2598 734 2651 cinnata
758 2604 885 2652 sunt
912 2638 926 2661 ,
960 2596 1036 2649 ita
1065 2605 1123 2650 ut
1152 2595 1346 2651 inutile
1375 2594 1512 2648 nihil
1539 2593 1595 2647 in
1618 2593 1778 2648 nobis
1801 2593 1905 2655 sit,
1928 2601 2089 2661 atque

511 2690 606 2744 illa
640 2688 884 2744 omnium
918 2696 1108 2741 mutua
1142 2686 1441 2741 concordia
1471 2692 1523 2739 et
1552 2699 1859 2741 consensus
1895 2684 1962 2737 ad
1993 2683 2089 2739 Dei

509 2781 728 2835 laudem
762 2788 816 2836 et
848 2777 1287 2834 benedictionem
1323 2776 1611 2832 conferat:
1642 2776 1768 2846 jure
1805 2778 1910 2831 ista
1951 2791 2090 2846 quo-

511 2888 620 2943 que
650 2872 719 2926 ad
750 2871 860 2927 Deo
890 2869 1326 2927 benedicendum
1357 2870 1597 2925 evocari.
1647 2868 1705 2923 Si
1747 2870 1932 2941 itaque
1964 2871 2087 2925 ani-

502 2977 659 3017 mam
690 2963 867 3033 ipsam
895 2975 1161 3032 corporeo
1191 2975 1344 3015 more
1380 2975 1561 3015 sermo
1597 2958 1799 3030 elﬁngit
1824 3001 1838 3025 ,
1870 2970 1925 3015 et
1967 2977 2091 3015 cor-

504 3068 712 3126 .poreas
766 3066 948 3124 partes
1007 3053 1064 3107 in
1116 3068 1180 3108 ea
1235 3052 1487 3123 partibus
1545 3060 1768 3106 carente
1827 3054 2087 3122 reponit;

506 3157 700 3217 partes
726 3147 1017 3202 attributas
1061 3147 1291 3211 animae,
1340 3161 1463 3216 qua}
1513 3160 1646 3201 sane
1688 3146 1743 3200 in
1784 3153 1968 3216 partes
2008 3146 2090 3201 di-

511 3238 746 3295 visibilis
778 3253 886 3293 non
917 3243 1035 3302 est,
1073 3237 1180 3291 alio
1223 3238 1331 3290 ritu
1375 3237 1777 3306 cogitabimus;
1814 3246 2091 3307 caputque

512 3330 760 3386 dicemus
784 3370 798 3395 ,
833 3339 1064 3385 mentem
1092 3348 1106 3396 ;
1139 3330 1340 3384 collum
1372 3329 1717 3398 opinionem,
1752 3337 1939 3399 utpote
1974 3343 2094 3399 qua:

518 3438 620 3479 ceu
665 3422 987 3477 intermedia
1019 3422 1090 3476 sit
1137 3421 1279 3475 inter
1324 3422 1649 3476 rationabile
1698 3428 1751 3474 et
1801 3421 2095 3475 irrationa-

518 3515 669 3583 bile;
722 3522 949 3586 pectus,
1008 3515 1298 3578 animum;
1358 3525 1640 3579 ventrem,
1698 3513 2094 3583 concupiscen-

519 3611 649 3662 tiam
703 3627 718 3664 :
774 3608 967 3661 harum
1024 3608 1261 3676 partium
1294 3606 1611 3662 nominibus
1669 3621 1771 3661 ceu
1828 3606 2092 3659 virtutum

515 3698 857 3770 singularum
893 3699 1158 3770 symbolis
1192 3699 1301 3754 usi.

585 3962 752 4017 Vens.
793 3962 925 4015 2-4.
967 3961 1235 4025 Benedic,
1287 3961 1469 4014 anima
1518 3977 1672 4025 mea,
1722 3959 1949 4015 Domino
1976 4002 1990 4025 ,
2043 3971 2091 4016 et

512 4051 623 4105 noli
654 4051 891 4104 oblivisci
936 4067 1113 4105 omnes
1158 4052 1527 4106 retributiones
1572 4051 1707 4121 ejus.
1762 4052 1867 4118 Qui
1907 4054 2090 4121 propi-

515 4145 677 4197 tiatur
707 4143 946 4196 omnibus
978 4144 1343 4214 iniquitatibus
1367 4146 1492 4211 luis,
1515 4145 1604 4214 qui
1629 4155 1783 4197 sanat
1808 4162 1984 4199 omnes
2008 4147 2092 4199 in-

514 4234 795 4302 firmitates
825 4243 985 4287 tuas:
1018 4236 1106 4303 qui
1130 4234 1338 4287 redimit
1371 4234 1433 4286 de
1465 4235 1685 4287 interitu
1716 4236 1878 4288 vitam
1911 4246 2089 4305 tuam,

511 4326 603 4394 qui
632 4334 849 4378 coronat
883 4334 929 4378 te
959 4326 1013 4378 in
1048 4324 1412 4379 misericordia
1441 4335 1490 4379 et
1520 4328 1969 4381 miserationibus.
2000 4328 2093 4382 lla:

514 4424 643 4470 sunt
683 4417 1073 4471 retributiones
1126 4418 1282 4473 nobis
1329 4433 1360 4471 a
1408 4420 1515 4472 Deo
1556 4434 1833 4474 concessm
1861 4439 1874 4473 :
1904 4419 2091 4475 Primo

2198 1960 2341 2031 μεθα
2363 1959 2460 2031 (1),
2494 1957 2625 2011 ποτὲ
2642 1956 2701 2009 δὲ
2725 1957 3015 2028 κρίνομεν*
3041 1955 3136 2008 καὶ
3156 1953 3344 2008 ἄλλοτε
3377 1952 3477 2021 μὲν
3509 1949 3791 2021 ἐφιέμεθα

2193 2072 2372 2117 τινων,
2404 2054 2588 2109 ἄλλοτε
2632 2052 2689 2105 δὲ
2718 2047 3176 2120 ἀποστρεφόμεθα
3196 2064 3212 2079 ·
3255 2046 3351 2099 καὶ
3378 2044 3540 2100 πάλιν
3587 2045 3803 2098 illm:

2196 2146 2297 2215 μὲν
2353 2144 2645 2215 ὁρμῶμεν,
2698 2140 2885 2195 ἄλλοτε
2943 2139 2999 2192 δὲ
3068 2136 3388 2207 ὲκκλίνομεν
3421 2177 3436 2203 ,
3497 2133 3597 2187 καὶ
3650 2135 3786 2187 ποτὲ

2196 2239 2292 2309 μὲν
2338 2235 2657 2306 διακείμεθα
2703 2228 2998 2302 λυπηρῶς,
3045 2228 3177 2282 ποτὲ
3221 2228 3278 2281 δὲ
3326 2227 3580 2297 εὐμενεῖς
3614 2228 3785 2297 ἐσμεν

2192 2332 2286 2384 καὶ
2336 2328 2551 2399 φαιδροὶ
2595 2326 2690 2381 καὶ
2740 2325 3032 2395 ἀνειμένοι.
3100 2322 3288 2385 Πάσας
3346 2316 3438 2374 οὖν
3488 2318 3631 2390 όμοῦ
3684 2319 3785 2381 τὰς

2191 2417 2445 2481 τοιαύτας
2498 2417 2595 2487 τῆς
2643 2414 2821 2486 ψυχῆς
2870 2413 3127 2483 δυνάμεις
3174 2410 3472 2483 προτρέπει
3520 2411 3584 2463 τὸ
3640 2410 3783 2463 θεῖον

2192 2511 2418 2581 Πνεῦμα
2487 2490 2753 2577 εὐλογεῖν
2805 2507 2897 2560 τὸν
2967 2506 3193 2578 Κύριον.
3276 2505 3338 2557 Ei
3399 2504 3455 2557 δὲ
3513 2504 3613 2556 καὶ
3680 2521 3785 2557 σω-

2195 2601 2563 2673 ματικώτερον
2592 2600 2874 2672 βουληθείη
2906 2616 2989 2663 τις
3033 2598 3282 2651 ἐκλαϐεῖν
3304 2597 3396 2650 τὸν
3424 2596 3608 2664 λόγον,
3637 2595 3780 2648 εἴποι

2193 2696 2279 2765 ἂν,
2315 2695 2503 2766 ἐπειδὴ
2544 2696 2637 2748 καὶ
2665 2694 2756 2747 τοῦ
2784 2692 3035 2764 σώματος
3066 2691 3160 2745 τοῦ
3191 2690 3460 2761 ἡμετέρου
3496 2689 3681 2741 πάντα
3712 2689 3778 2741 τὰ

2192 2787 2339 2849 ἐντὸς
2365 2786 2573 2854 ἔγκατά
2604 2803 2663 2838 τε
2694 2786 2788 2839 καὶ
2820 2784 3101 2854 σπλάγχνα
3130 2783 3405 2855 βαθυτάτῃ
3435 2782 3573 2836 Θεοῦ
3618 2783 3779 2853 σοφίᾳ

2192 2878 2660 2943 κατεσκεύασται,
2709 2878 2785 2941 ὡς
2835 2878 3000 2949 μηδὲν
3045 2877 3318 2947 ἄχρηστον
3368 2871 3508 2929 εἶναι
3547 2875 3664 2928 τῶν
3722 2876 3776 2926 ἐν

2192 2971 2344 3041 ἡμῖν,
2372 2970 2774 3042 συμϐάλλεσθαι
2800 2970 2858 3022 δὲ
2884 2972 2949 3039 τῇ
2980 2969 3072 3021 τοῦ
3104 2966 3236 3020 Θεοῦ
3269 2964 3548 3037 δοξολογίᾳ
3592 2983 3654 3019 τε
3685 2965 3777 3017 κει)⁸

2192 3063 2411 3133 εὐλογίᾳ
2454 3064 2553 3133 τὴν
2600 3061 2735 3132 ὁμοῦ
2772 3062 2988 3117 πάντων
3030 3061 3166 3131 πρὸς
3203 3059 3407 3130 ἄλληλα
3454 3059 3776 3128 συμφωνίαν

2190 3169 2249 3205 τε
2284 3153 2378 3204 καὶ
2431 3152 2715 3223 ἁρμονίαν,
2766 3152 2990 3214 εἰκότως
3036 3152 3129 3203 καὶ
3176 3149 3350 3202 ταῦτα
3397 3149 3491 3201 ἐπὶ
3532 3149 3637 3218 τὴν
3683 3147 3774 3201 τοῦ

2195 3243 2328 3297 Θεοῦ
2357 3243 2604 3313 εὐλογίαν
2634 3244 2915 3314 κέκληται.
2949 3243 3013 3296 Εί
3043 3242 3225 3313 μέντοι
3258 3242 3357 3313 τὴν
3388 3241 3567 3311 ψυχὴν
3609 3240 3775 3311 αὐτὴν

2197 3336 2572 3408 σωματοειδῶς
2617 3338 2645 3389 ό
2682 3334 2836 3404 λόγος
2877 3334 3125 3400 πλάττει,
3156 3335 3250 3387 καὶ⁵
3292 3335 3431 3406 μέρη
3478 3334 3771 3403 σωματικὰ

2193 3428 2258 3496 τῇ
2294 3427 2489 3496 ἀμερεῖ
2538 3424 2913 3495 περιπλάττει,
2962 3425 3166 3495 ἑτέρως
3207 3426 3473 3494 νοήσομεν
3516 3426 3605 3476 ἐπ’
3638 3426 3771 3494 αὐτῇ

2193 3518 2262 3570 τὰ
2291 3516 2680 3588 περιτιθέμενα
2723 3516 2864 3588 μέρη
2905 3518 2973 3590 τῇ
3005 3514 3241 3587 άμερείᾳ
3279 3518 3346 3585 τῇ
3385 3515 3531 3568 κατὰ
3571 3516 3772 3585 ψυχὴν,

2193 3605 2409 3668 οἰκείως
2452 3605 2693 3676 κεφαλὴν
2740 3605 2839 3677 μὲν
2866 3606 2956 3659 τὸν
2982 3605 3129 3671 νοῦν,
3173 3605 3374 3675 αὐχένα
3400 3605 3458 3658 δὲ
3489 3605 3590 3676 τὴν
3620 3606 3775 3671 δόξαν

2194 3697 2270 3761 ὡς
2301 3698 2358 3751 ὲν
2394 3697 2546 3769 μέσῳ
2575 3696 2793 3767 λογικοῦ
2828 3698 2925 3750 καὶ
2956 3697 3152 3765 ἀλόγου
3177 3713 3191 3728 °
3231 3698 3424 3768 στῆθος
3457 3699 3547 3752 τὸν
3580 3698 3772 3769 θυμὸν,

2194 3789 2435 3861 γαστέρα
2456 3790 2552 3860 τὴν
2599 3789 2924 3860 ἐπιθυμίαν,
2973 3792 3086 3853 τοῖς
3135 3788 3245 3842 τῶν
3302 3788 3487 3861 μερῶν
3546 3790 3775 3861 ὀνόμασι

2196 3882 2481 3954 συμϐόλοις
2512 3882 2618 3936 τῶν
2641 3882 2922 3953 δυνάμεων
2946 3881 3234 3955 χρώμενοι.

2259 3974 2533 4043 Εὐλόγει,
2588 3976 2628 4043 ἡ
2671 3974 2841 4044 ψυχή
2893 3993 3034 4043 μου,
3084 3974 3192 4029 τὸν
3240 3976 3491 4043 Κύριον,
3548 3975 3649 4028 καί
3683 3974 3776 4043 μὴ

2194 4065 2597 4120 ὲπιλανθάνου
2629 4067 2737 4131 τὰς
2781 4067 3223 4133 ἀνταποδόσεις
3266 4067 3476 4123 αὐτοῦ.
3513 4065 3627 4121 Τὸν
3661 4070 3781 4120 εὐΐ-

2193 4160 2525 4213 λατεύοντα
2561 4159 2786 4225 πάσαις
2822 4158 2951 4225 ταῖς
2987 4160 3263 4228 ἀνομίαις
3292 4174 3430 4224 σου,
3464 4158 3569 4211 τὸν
3606 4157 3779 4226 ἰώμεο

2192 4267 2304 4304 νον
2331 4249 2534 4317 πάσας
2568 4253 2676 4316 τὰς
2712 4251 2938 4318 νόσους
2959 4267 3096 4315 σου,
3134 4250 3239 4305 τὸν
3269 4253 3679 4319 λυτρούμενον
3703 4251 3780 4304 ἐκ

2194 4339 2419 4408 φθορᾶς
2461 4340 2578 4409 τὴν
2620 4340 2773 4411 ζωήν
2807 4360 2945 4409 σου,
2971 4343 3081 4397 τὸν
3124 4342 3543 4412 στεφανοῦντὰ
3578 4359 3654 4397 σε
3698 4344 3772 4396 ἐν

2193 4430 2345 4485 ἐλέει
2378 4432 2477 4485 καὶ
2509 4434 2847 4503 οἱκτιρμοῖς.
2866 4429 3033 4489 Αῦταί
3056 4436 3191 4487 εἰσιν
3216 4436 3271 4487 αἱ
3313 4436 3440 4507 περὶ
3470 4437 3616 4505 ἡμᾶς
3648 4436 3774 4487 ἀντ-

513 4509 955 4579 propitiationem
985 4510 1169 4580 posuit
1200 4526 1299 4581 pro
1336 4511 1579 4581 peccatis
1610 4515 1851 4580 nostris,
1883 4529 2005 4583 qua:
2035 4514 2090 4568 in

2195 4522 2482 4588 αποδὸσεις
2532 4523 2627 4578 τοῦ
2666 4525 2840 4578 Θεοῦ·
2893 4526 3117 4597 Πρῶτον
3165 4526 3392 4598 ἱλασμὸν
3455 4526 3631 4579 ἕθεικε
3663 4526 3774 4579 τῶν

515 4615 702 4655 errore
747 4609 803 4655 et
853 4601 1164 4655 idololatria
1204 4602 1572 4658 admisimus:
1620 4604 1960 4675 singulisque
1999 4619 2096 4659 eo-

457 4762 465 4773 ,
516 4705 636 4743 rum
665 4690 936 4760 propitius
961 4691 1049 4745 ille
1075 4690 1208 4755 fuit,
1238 4692 1691 4761 supplicationem
1725 4703 2091 4764 praeverteris,

514 4781 840 4851 veniamque
865 4782 1114 4836 tribuens
1143 4797 1239 4851 per
1262 4784 1704 4852 propitiationcm
1745 4800 1900 4841 suam
1922 4827 1936 4851 ,
1968 4802 2091 4857 quae

517 4878 603 4928 est
629 4872 923 4939 Christus;
956 4873 1230 4939 secundo,
1262 4875 1389 4943 quia
1435 4876 1599 4929 etiam
1642 4886 1765 4945 post
1812 4879 2093 4933 remissio-

515 4974 644 5015 nem
674 4966 757 5025 te,
788 4975 821 5014 ο
852 4962 1063 5026 anima,
1112 4961 1380 5017 inﬁrmari
1421 4965 1679 5035 contigit,
1712 4967 1769 5022 in
1813 4967 2087 5025 humanos

516 5051 750 5108 allectus
800 5053 1123 5124 delapsam:
1173 5062 1228 5111 et
1278 5056 1376 5112 has
1420 5058 1773 5128 {egritudines
1830 5060 2090 5117 Servator

517 5146 937 5202 rationabilibus
991 5157 1045 5203 et
1102 5148 1486 5219 spiritualibus
1532 5152 1826 5221 remediis,
1870 5171 1993 5225 qua:
2034 5157 2089 5211 in

518 5239 722 5294 divinis
768 5241 889 5310 ejus
933 5242 1232 5313 Scripturis
1272 5242 1498 5297 fundata
1540 5255 1703 5312 sunt,
1738 5249 1990 5314 curavit;
2022 5250 2093 5305 ad

516 5329 635 5386 haec
686 5334 880 5398 tertio,
932 5335 1099 5389 vitam
1148 5340 1300 5390 tuam
1330 5377 1344 5399 ,
1398 5353 1520 5407 quin
1571 5338 1627 5392 in
1679 5341 2091 5410 corruptionem

519 5440 780 5491 cessura,
828 5436 883 5483 et
930 5444 960 5483 a
1004 5436 1181 5485 morte
1225 5432 1571 5488 absorbenda
1619 5442 1736 5497 est,
1789 5434 2089 5489 secundum

522 5516 689 5583 illud,
720 5519 917 5599 Anima
950 5538 1066 5592 qua:
1098 5526 1419 5592 peccaverit,
1455 5526 1572 5594 ipsa
1604 5527 1859 5578 morietur
1888 5526 1953 5590 ’⁸,
1990 5526 2093 5578 mi-

524 5610 834 5665 sericordia:
866 5628 978 5667 sua:
1010 5623 1435 5671 consentaneam
1466 5633 1579 5673 rem
1615 5632 1781 5689 agens
1804 5658 1819 5684 ,
1853 5634 1916 5673 ac
1950 5633 2093 5688 pra:-

596 5721 640 5751 ²⁸
678 5720 873 5778 Ezech.
909 5740 1036 5797 xvni
1058 5766 1073 5790 ,
1106 5727 1159 5780 4.

2195 4616 2479 4689 ἡμετέρων
2509 4618 2812 4691 ἁμαρτιῶν,
2842 4620 2909 4683 ἃς
2934 4622 2991 4675 ὲν
3026 4620 3201 4693 πλάνῃ
3237 4621 3333 4673 καὶ
3361 4619 3777 4691 εἰδωλολατρείᾳ

2194 4709 2636 4782 διεπραξάμεθα·
2690 4712 2783 4764 καὶ
2830 4711 2987 4776 ἵλεως
3033 4713 3237 4783 ἑκάστῃ
3285 4712 3489 4765 τούτων
3534 4713 3773 4781 ἐγένετο,

2197 4802 2483 4873 προλαϐὼν
2515 4805 2696 4857 πᾶσαν
2725 4804 3009 4876 ἱκετηρίαν
3044 4806 3138 4859 καὶ
3169 4804 3266 4875 τὴν
3296 4804 3488 4873 ἄφεσιν
3530 4804 3655 4868 δοὺς
3685 4804 3777 4858 διὰ

2195 4892 2289 4946 τοῦ
2326 4894 2553 4965 ἱλασμοῦ
2596 4895 2783 4960 αὐτοῦ,
2818 4897 2877 4959 ὃς
2928 4898 3042 4949 ἐστι
3090 4896 3354 4968 Χριστός·
3406 4897 3658 4968 δεύτερον
3695 4898 3774 4960 δὲ,

2195 4984 2382 5056 ἐπειδὴ
2426 4987 2520 5039 καὶ
2553 4986 2689 5056 μετὰ
2731 4986 2828 5058 τὴν
2880 4987 3077 5057 ἄφεσιν
3129 4988 3327 5058 συνέϐη
3382 5006 3441 5042 σε
3494 4993 3691 5054 νοσεῖν,
3730 4983 3777 5042 ὦ

2194 5077 2363 5149 ψυχὴ,
2399 5080 2835 5150 ὑπολισθήσασαν
2862 5085 2975 5145 τοῖς
3014 5082 3374 5154 ἀνθρωπίνοις
3414 5083 3635 5150 πάθεσι,
3682 5086 3779 5138 καὶ

2195 5172 2400 5235 ταύτας
2468 5172 2568 5237 τὰς
2636 5172 2825 5238 νόσους
2894 5176 2924 5228 ὁ
2988 5175 3178 5247 Σωτὴρ
3234 5177 3329 5230 καὶ
3391 5176 3628 5245 λογικοῖς
3684 5177 3781 5231 καὶ

2199 5260 2484 5332 σωτηρίοις
2514 5262 2847 5334 φαρμάκοις,
2877 5266 2991 5327 τοῖς
3015 5266 3073 5319 ὲν
3097 5268 3215 5330 ταῖς
3247 5265 3419 5329 θείαις
3445 5265 3609 5319 αὐτοῦ
3634 5267 3781 5336 Γρα-

2198 5352 2325 5416 φαῖς
2355 5352 2868 5424 καταϐεϐλημένοις,
2902 5354 3233 5426 ἐθεράπευσε
3256 5372 3271 5385 ο
3298 5356 3483 5426 τρίτον
3529 5356 3623 5411 ἐπὶ
3654 5355 3782 5408 τού-

2200 5457 2313 5505 τοις
2357 5440 2454 5513 τὴν
2502 5440 2648 5514 ζωήν
2700 5462 2791 5498 σου
2847 5445 3143 5517 μέλλουσαν
3194 5450 3393 5519 χωρεῖν
3425 5447 3506 5510 είς
3544 5445 3775 5516 φθορὰν,

2200 5534 2295 5585 καὶ
2327 5533 2717 5589 καταπίνεσθαι
2742 5536 2846 5590 ὑπὸ
2891 5536 2987 5591 τοῦ
3020 5537 3272 5604 θανάτου,
3313 5540 3457 5595 κατὰ
3485 5541 3568 5605 τὸ,
3594 5538 3777 5609 Ψυχὴ

2200 5626 2239 5694 ἡ
2280 5625 2653 5695 ἁμαρτοῦσα,
2705 5628 2858 5699 αὑτὴ
2918 5630 3318 5701 ἀποθανεῖται,
3381 5631 3652 5687 ἀκόλουθα
3696 5631 3779 5703 τῷ

594 5815 670 5887 (1)
722 5820 1214 5891 Ἐπιθυμοῦμεν...
1244 5824 1700 5895 ἐπιθυμουμεθα.
1740 5827 2077 5884 Alterutrum

2195 5830 2412 5888 lundare
2444 5832 2675 5890 videtur.
2710 5831 2865 5892 Emr.
2906 5832 3146 5888 ΡΑτιιοι..
