3992 6404
238 428 379 485 1265

1318 426 1826 483 COMMENTARIA
1861 425 1931 481 IN
1968 423 2307 481 PSALMOS.

3350 423 3489 481 19.66

241 542 407 598 αὐτοῦ
439 539 696 612 πράττων
738 536 893 610 ἐλέῳ,
940 538 1112 609 λύτρα
1139 538 1262 602 δοὺς
1293 538 1435 609 ὑπὲρ
1470 537 1563 591 σοῢ
1604 537 1681 609 τῷ
1718 538 1814 592 θαι

1940 540 2087 591 nium
2119 552 2218 608 pro
2250 545 2303 590 te
2336 533 2499 589 morti
2534 528 2854 605 sanguinem
2881 534 3157 606 Unigeniti
3206 536 3487 603 tribuens,

236 635 383 704 νάτῳ
408 632 469 685 τὸ
484 632 577 685 τοῦ
595 629 931 699 Μονογενοῦς
952 625 1110 701 αἷμα,
1140 629 1263 683 ἐλυτ
1273 629 1483 702 ρώσατο
1496 644 1515 661 ⁷·
1534 630 1812 702 τέταρτον,

234 724 411 795 οίκείᾳ
446 722 825 794 φιλανθρωπίᾳ
867 720 961 774 καὶ
993 720 1128 774 ἐλέει
1156 719 1251 773 καὶ
1276 722 1581 792 οἰκτιρμοῖς
1600 719 1818 792 χρώμε-

234 833 342 879 νος,
376 814 500 867 ἐπεὶ
528 813 589 878 ἐξ
627 814 804 886 ἔργων
830 812 1005 877 οὐδεὶς
1038 812 1362 878 δικαιοῦται,
1390 812 1732 882 ἐστεφάνωσέ
1756 829 1816 865 σε

232 906 310 978 τῷ
340 906 439 976 τῆς
470 903 743 967 υἱοθεσίας
782 903 1101 976 χαρίσματι.
1150 904 1261 958 Καὶ
1310 903 1497 966 ἁπλῶς
1540 898 1694 968 οὗτός
1734 921 1817 958 σοι

233 1001 532 1072 δεδώρηται
576 999 684 1052 τῶν
718 999 1127 1070 ἁμαρτημάτων
1158 997 1254 1070 τὴν
1287 997 1502 1067 ἄφεσιν,
1534 988 1690 1061 οὗτός
1735 1014 1817 1051 σοι

234 1094 533 1165 δεδώρηται
578 1092 685 1146 τῶν
736 1090 923 1144 παθῶν
962 1090 1061 1163 τὴν
1109 1089 1275 1157 ῐασιν,
1321 1089 1422 1161 τῆς
1469 1091 1818 1155 ἀναστάσεως

236 1186 337 1257 τὴν
361 1184 575 1248 ἐλπίδα,
619 1183 710 1237 τὸν
740 1182 1036 1254 ἀρραϐῶνα
1067 1181 1162 1235 τοῦ
1206 1182 1544 1253 Πνεύματος,
1588 1184 1683 1236 καὶ
1728 1183 1819 1235 τὸν

236 1277 338 1347 τῆς
363 1275 666 1346 ἀφθαρσίας
709 1273 913 1346 χιτῶνα
939 1275 1174 1339 ἐνέδυσε,
1219 1274 1315 1329 καὶ
1360 1275 1541 1347 χάριτι
1589 1275 1816 1331 σέσωκε.

237 1368 475 1437 Χάριτος
526 1368 634 1438 γὰρ
687 1368 781 1420 καὶ
828 1365 1239 1437 φιλανθρωπίας
1290 1368 1319 1418 ὁ
1371 1366 1654 1436 στέφανος.
1710 1366 1822 1420 Καὶ

239 1461 411 1515 ταῦτα
446 1460 623 1513 πάντα
655 1460 779 1513 ἕδνα
810 1458 903 1513 τοῦ
930 1458 1164 1529 νυμφίου
1199 1462 1294 1513 καὶ
1314 1459 1491 1531 δῶρα·
1512 1458 1699 1513 πίστιν
1714 1459 1822 1530 γὰρ

241 1555 275 1624 ὴ
305 1552 492 1623 νύμφη
522 1553 888 1622 προσενήνοχε
945 1552 1124 1623 μόνον.
1145 1552 1219 1605 Οὐ
1249 1552 1408 1623 μόνον
1441 1551 1519 1615 δέ,
1555 1550 1692 1605 ἀλλὰ
1729 1553 1823 1605 καὶ

241 1641 627 1714 πνευματικῶν
673 1641 895 1710 ἀγαθῶν
946 1658 1005 1694 σε
1047 1642 1429 1713 ἐνέπλησεν,ἧ
1478 1640 1574 1695 καὶ
1618 1641 1718 1713 τὴν
1765 1644 1823 1695 ἐν

240 1735 465 1804 ἀγαθοῖς
503 1733 798 1805 ἐπιθυμίαν
830 1751 923 1787 σου
955 1733 1288 1806 ἐπλήρωσεν,
1324 1734 1384 1798 ὃς
1406 1735 1503 1806 τήν
1525 1751 1591 1804 γε
1612 1734 1824 1806 ψυκτὴν

164 1824 167 1831 ’
242 1826 422 1897 ψυχὴν
448 1824 803 1895 ἀπαγορεύει,
826 1824 1011 1877 δίδωσι
1036 1824 1092 1877 δὲ
1121 1823 1301 1892 ἁγαθά
1326 1828 1439 1888 τοῖς
1466 1825 1706 1879 αἰτοῦσιν
1728 1826 1795 1879 αὐ

1920 629 2210 694 liberavit;
2240 635 2437 697 quarto
2456 667 2471 691 ,
2502 626 2723 697 propria
2752 627 3040 681 clementia
3063 667 3078 691 ,
3111 628 3491 683 misericordia

1920 730 1976 778 et
2004 720 2451 777 miserationibus
2480 734 2636 783 usus,
2672 720 2803 789 quia
2834 734 2997 774 nemo
3027 735 3093 775 ex
3125 721 3495 791 operibusju-

1920 813 2213 878 stilicatur,
2246 811 2559 883 ad0pti0nis
2588 821 2640 867 te
2670 811 2848 883 gratia
2879 813 3186 868 coronavit.
3240 812 3299 868 ln
3344 829 3495 869 sum-

1917 921 2031 970 ma,
2075 905 2165 960 hic
2206 914 2261 961 te
2309 912 2657 973 peccatorum
2686 903 2845 958 venia
2880 903 3132 971 donavit,
3177 906 3493 961 morborum

1922 999 2089 1054 animi
2119 999 2384 1053 medelam
2416 998 2642 1062 tribuit,
2678 1012 2889 1053 necnon
2935 1014 3087 1069 spem
3132 1002 3497 1072 resurrectio-

1918 1092 2043 1157 nis,
2094 1093 2290 1163 pignus
2332 1089 2607 1161 Spiritus:
2656 1104 2720 1144 ac
2765 1097 2819 1147 te
2860 1091 3293 1161 incorruptionis
3344 1101 3498 1148 veste

1921 1183 2136 1248 induit,
2169 1184 2341 1255 gratia
2373 1197 2474 1237 sua
2501 1183 2713 1237 salvum
2746 1180 2896 1236 fecit.
2932 1181 3065 1236 Nam
3102 1184 3289 1253 gratiae
3315 1190 3367 1239 et
3394 1185 3501 1239 cleo

1922 1276 2139 1331 mentiae
2190 1290 2393 1331 corona
2450 1281 2555 1330 est.
2615 1273 2792 1344 Atque
2849 1274 2964 1329 haec
3019 1276 3238 1341 omnia,
3295 1276 3500 1330 dotalia

1923 1370 2111 1440 sponsi
2140 1383 2366 1424 munera
2400 1375 2456 1423 et
2482 1366 2626 1423 dona
2655 1376 2785 1421 sunt
2812 1385 2825 1421 :
2859 1382 3063 1437 sponsa
3094 1368 3297 1438 quippe
3326 1369 3501 1423 solam

1928 1461 2087 1516 ﬁdem
2126 1460 2342 1514 obtulit.
2387 1458 2576 1531 Neque
2612 1460 2787 1514 solum
2823 1459 2937 1515 illis
2961 1498 2977 1522 ,
3011 1459 3108 1515 sed
3140 1461 3302 1515 etiam
3335 1461 3501 1531 spiri-

1924 1553 2169 1609 tualibus
2198 1553 2358 1609 bonis
2386 1560 2438 1608 te
2465 1552 2697 1624 replevit
2725 1569 2739 1620 ;
2778 1552 2893 1607 sive
2923 1553 3089 1607 etiam
3123 1560 3220 1607 tuo
3259 1554 3315 1608 in
3344 1555 3502 1610 bonis

1878 1646 2200 1723 .desiderio
2253 1645 2554 1710 satisfecit,
2612 1644 2706 1714 qui
2761 1643 3011 1715 frigidam
3058 1645 3295 1699 animam
3340 1661 3505 1716 repu-

1917 1737 2072 1818 diat,
2108 1736 2251 1791 bona
2279 1751 2409 1791 vero
2443 1735 2759 1805 petentibus
2790 1750 2847 1788 se
2880 1732 3093 1789 tribuit.
3134 1733 3292 1800 Quod
3327 1736 3371 1792 si
3405 1753 3506 1793 vo-

1927 1829 2098 1886 lueris
2126 1829 2352 1884 morbos
2383 1828 2548 1883 simul
2580 1835 2634 1881 et
2668 1835 2892 1896 peccata
2930 1828 3110 1882 soluta
3146 1828 3368 1896 videre,
3404 1830 3506 1884 ha-

378 1888 451 1967 Ἐἰ
482 1915 539 1967 δὲ
578 1888 761 1983 ⁷βούλει
794 1914 934 1967 κατά
966 1888 1324 1967 ταὺτὸννίδεῖν
1377 1914 1677 1986 παθήματα
1731 1917 1827 1968 καὶ

1940 1936 2023 1978 aes
2048 1921 2409 1992 paralyticum
2443 1920 2547 1973 hac
2572 1888 2776 1989 duplici
2807 1919 2980 1989 gratia
3011 1918 3272 1974 donatum
3303 1940 3318 1988 ;
3353 1888 3511 1981 audi-

242 2009 617 2080 ἁμαρτήματα
659 2007 914 2077 λυόμενα,
945 2006 1091 2077 ἔχεις
1126 2006 1219 2059 τὸν
1245 2007 1551 2078 παράλυτον
1606 2008 1707 2077 τῆς
1748 2007 1827 2060 δι-

244 2101 385 2172 πλῆς
426 2099 631 2170 ταύτης
686 2098 1071 2153 ἀπολαύσαντα
1122 2100 1346 2171 χάριτος
1376 2118 1389 2131 ·
1447 2102 1646 2172 ἠκουσε
1694 2100 1824 2172 γὰρ,

257 2193 571 2261 Ἀφέωνταί
603 2207 702 2247 σοι
732 2203 790 2246 at
837 2193 1115 2261 ἁμαρτίαι
1152 2207 1289 2258 σου,
1350 2195 1463 2258 καὶ,
1492 2190 1672 2261 Ἆρον
1722 2193 1829 2247 τὸν

244 2284 579 2354 κράόϐατόν
606 2302 723 2341 σου
745 2302 758 2316 ·
789 2285 963 2350 οὕτως
993 2290 1025 2358 ή
1054 2286 1376 2359 ἁμαρτωλὸς
1404 2286 1540 2358 γυνὴ
1563 2287 1828 2358 τετύχηκε

243 2376 346 2448 τῆς
381 2376 650 2447 ἀφέσεως,
690 2378 718 2431 ὁ
747 2377 973 2452 λῃστὴς,
1002 2380 1053 2432 οἱ
1076 2379 1327 2445 τελῶναι,
1363 2378 1551 2442 ἁπλῶς
1592 2380 1829 2446 ἅπαντες

244 2468 296 2525 οἱ
326 2468 733 2534 πιστεύσαντες.

322 2559 435 2614 Τὸν
456 2558 887 2630 ἑμπιμθτλῶντα
932 2559 1003 2616 ἐν
1055 2560 1299 2631 ἀγαθοῖς
1352 2562 1469 2633 τὴν
1514 2565 1831 2635 ἐπιθυμίαν

247 2669 386 2719 σου,
419 2653 990 2720 ἀνακαινισθήσεται
1032 2653 1114 2721 ὡς
1146 2655 1325 2709 ἀετοῦ
1361 2656 1401 2724 ἡ
1432 2659 1645 2725 νεότης
1677 2673 1827 2712 σου’

247 2743 391 2798 ὥστε
417 2744 858 2808 ἀνακαινίζεσθαι
884 2745 1057 2818 αὐτὴν
1096 2746 1190 2799 τὸν
1222 2746 1451 2801 παλαιὸν
1486 2748 1832 2820 ἀποθεμένην

247 2836 555 2909 ἄνθρωπον,
595 2837 688 2891 τὸν
719 2837 776 2891 δὲ
799 2837 938 2904 νέον,
966 2837 1058 2891 τὸν
1101 2838 1557 2910 ἀνακαινούμενον
1599 2842 1678 2904 είς
1714 2841 1833 2894 ἐπί-

249 2946 452 3000 γνωσιν
483 2929 576 2982 τοῦ
604 2930 889 2993 κτίσαντος
916 2929 1097 2995 αὐτὸν,
1134 2930 1536 3001 λαμϐάνουσαν.
1575 2931 1731 2986 Οὕτω
1755 2932 1831 3000 δὲ,

251 3021 440 3092 φησὶν,
482 3024 517 3093 ἡ
558 3022 749 3093 νεότης
807 3039 901 3075 σου
933 3021 1472 3092 ἀνακαινισθήσεται,
1505 3023 1580 3086 ὡς
1637 3024 1833 3095 μηκέτι

252 3111 635 3175 ωλαιοῦσθαι,
670 3112 803 3184 μηδέ
845 3114 925 3176 είς
976 3112 1184 3185 φθορὰν
1214 3110 1369 3177 αὖθις
1406 3117 1622 3185 χωρεῖν,
1659 3117 1747 3169 ἀεῖ
1777 3116 1835 3169 δέ

254 3203 592 3277 παραμένειν
623 3206 680 3257 ἐν
704 3204 781 3275 τῷ
800 3203 1012 3268 νεάζειν
1054 3206 1113 3259 ἐν
1142 3208 1208 3277 τῇ
1241 3204 1505 3277 ἀφθάρτῳ
1531 3206 1663 3278 ζωῇ.
1683 3208 1835 3261 Ἐπεὶ
1863 3239 1906 3297 c

252 3295 313 3348 δὲ
342 3297 371 3349 ὁ
399 3296 557 3359 ἀετὸς
589 3294 699 3349 τῶν
722 3295 923 3367 ὀρνέων
951 3296 1067 3348 ἐστ)¹
1097 3295 1540 3366 βασιλικώτατον,
1572 3298 1708 3352 ἀλλὰ
1739 3300 1835 3353 καὶ

257 3388 707 3459 ὑψιπετέστατος,
741 3388 899 3459 μόνος
925 3388 983 3442 δὲ
1011 3386 1166 3453 ζώων
1201 3390 1352 3461 ἡλίου
1400 3391 1579 3458 φωτὸς
1621 3408 1837 3463 μαρμα-

260 3481 453 3551 ρυγαῖς
484 3479 750 3533 ἀντωπεῖν
776 3479 1019 3544 δυνατὸς,
1051 3481 1144 3534 καὶ
1188 3481 1374 3544 ἀτενὲς
1416 3482 1627 3553 ἀφορᾷν
1662 3482 1833 3553 αὐτῷ,

259 3572 483 3635 εἰκότως
513 3572 612 3643 τὴν
643 3571 940 3625 ἀνανέωσιν
976 3574 1077 3644 τῆς
1113 3573 1311 3643 ψυχῆς,
1344 3575 1435 3627 καὶ
1464 3575 1565 3644 τὴν
1589 3576 1697 3628 ἀπὸ
1737 3577 1840 3647 γῆς

261 3664 342 3729 είς
364 3662 590 3735 οὐρανὸν
618 3664 836 3735 πτῆσιν,
871 3664 1082 3717 καὶτὸν
1112 3664 1224 3733 βίον
1257 3665 1426 3735 αὐτῆς
1468 3665 1559 3718 τὸν
1595 3668 1652 3721 ἐν
1685 3666 1841 3738 ἄκρῳ

262 3754 403 3824 φωτὶ
434 3755 815 3825 γενησόμενον,
846 3753 1006 3809 ἀετοῦ
1040 3754 1199 3823 φύσει
1234 3755 1529 3828 παρέϐαλε.

332 3843 527 3898 Ποιῶν
562 3845 977 3914 ἐλεημοσύνας
1005 3848 1039 3899 ό
1066 3845 1300 3912 Κύριος,
1334 3846 1434 3899 καὶ
1472 3846 1654 3916 κρίμα
1692 3845 1845 3903 πᾶσι

1927 2015 2006 2066 vit
2033 2012 2215 2074 enim,
2257 2010 2615 2064 Dimittuntur
2669 2009 2765 2063 tibi
2814 2021 3031 2079 peccata
3075 2020 3201 2077 tua,
3251 2021 3323 2077 et,
3362 2012 3511 2069 Tolle

1930 2104 2214 2175 grabatum
2244 2112 2393 2156 tuum
2422 2102 2506 2155 ’νε
2541 2102 2621 2156 sic
2666 2103 2947 2170 peccatrix
2986 2102 3184 2157 mulier
3229 2105 3509 2159 remissio—

1928 2212 2053 2252 nem
2101 2201 2397 2251 consecuta
2441 2203 2559 2259 est;
2604 2194 2684 2247 sic
2724 2193 2899 2258 latro,
2942 2192 3260 2262 publicani,
3304 2210 3369 2249 ac
3413 2195 3527 2249 de-

1929 2305 2077 2344 mum
2112 2303 2305 2344 omnes
2336 2287 2431 2357 qui
2462 2284 2830 2341 crediderunt.

2001 2552 2173 2608 Vens.
2214 2553 2268 2608 5.
2312 2552 2418 2620 Qui
2458 2552 2621 2621 replet
2660 2553 2731 2607 ini
2763 2551 2913 2607 bonis
2957 2553 3279 2608 desiderium
3322 2561 3537 2621 tuum,.

1933 2643 2269 2698 renovabitur
2310 2653 2369 2697 ut
2408 2643 2604 2713 aquila:
2642 2643 2884 2711 iuventus
2936 2650 3071 2707 tua;
3120 2644 3195 2697 ita
3240 2650 3298 2698 ut
3339 2644 3512 2715 priori

1932 2735 2184 2807 deposito
2214 2735 2466 2800 homine,
2498 2750 2563 2790 ac
2585 2750 2727 2790 novo
2746 2775 2763 2802 ,
2791 2736 2886 2806 qui
2910 2742 3207 2790 renovatur
3230 2736 3295 2790 ad
3325 2736 3529 2806 cogni—y

1934 2829 2141 2883 tionem
2173 2827 2453 2882 Creatoris
2483 2827 2605 2893 sui,
2636 2827 2929 2899 adjuncto,
2962 2835 3016 2883 et
3046 2827 3165 2898 ipsa
3196 2836 3511 2887 renovetur.

1938 2923 2029 2978 Sic
2045 2931 2249 2987 autem,
2265 2922 2633 2991 ait,juventus
2650 2929 2744 2977 tua
2763 2922 3139 2986 renovabitur,
3156 2929 3215 2976 ut
3230 2935 3515 2991 nunquam

1936 3022 2272 3078 veterascat,
2306 3029 2487 3084 neque
2530 3014 2599 3069 ad
2633 3002 3041 3083 corruptionem
3082 3028 3280 3070 rursus
3320 3013 3515 3079 abeat,

1939 3105 2036 3160 sed
2067 3119 2284 3174 semper
2314 3116 2501 3176 vegeta
2532 3110 2757 3160 maneat
2781 3104 2838 3158 in
2867 3104 3186 3175 incorrupta
3213 3105 3347 3160 vita.
3377 3102 3517 3159 Cum

1942 3202 2123 3251 autem
2148 3197 2335 3267 aquila
2362 3197 2434 3251 sit
2464 3196 2644 3249 avium
2671 3210 2767 3249 rex
2786 3233 2803 3260 ,
2837 3194 3212 3266 altissimeque
3238 3195 3420 3260 volet,
3452 3208 3518 3249 ac

1941 3288 2058 3343 sola
2089 3288 2236 3342 inter
2264 3287 2524 3340 animalia
2554 3285 2766 3342 solares
2811 3284 2999 3341 radios
3039 3287 3219 3341 valeat
3262 3285 3533 3349 obtueri,

1938 3376 2230 3450 ipsumque
2272 3386 2477 3435 attente
2520 3380 2883 3449 conspicere;
2927 3377 3345 3435 renovationem
3398 3377 3524 3431 ani-

1938 3488 2072 3529 mae.
2109 3480 2166 3526 et
2194 3486 2226 3527 e
2255 3478 2402 3525 terra
2436 3469 2505 3524 ad
2546 3469 2745 3525 coelum
2791 3471 3066 3534 volatum,
3110 3469 3389 3539 vitamque
3426 3483 3522 3523 su-

1940 3578 2131 3635 premo
2181 3564 2237 3618 in
2277 3563 2485 3618 lumine
2525 3571 2869 3619 versaturam
2922 3562 3118 3632 aquilae
3150 3568 3362 3616 natura:
3407 3576 3545 3616 me-r-

1940 3658 2047 3711 rito
2074 3655 2430 3727 comparavit.

2013 3832 2182 3889 Vens.
2223 3831 2378 3887 6-16.
2421 3830 2653 3886 Faciens
2700 3830 3097 3886 misericordias
3134 3829 3397 3886 Dominus
3422 3870 3438 3895 ,
3470 3839 3524 3885 et

263 3936 388 4004 τοῖς
415 3936 1158 4008 ἀδικουμένοις,,ἐγ-νώρισε
1184 3937 1290 4004 τὰς
1319 3937 1498 4004 όδσὺς
1549 3939 1737 3993 αὑτοῦ
1762 3938 1835 4005 τῷ

1940 3923 2203 3994 judicium
2233 3921 2475 3976 omnibus
2515 3920 2778 3990 injuriam
2807 3920 3125 3990 patientibus
3152 3962 3167 3988 ,
3199 3930 3355 3975 notas
3396 3921 3523 3990 fecit

264 4028 474 4098 Μωσῇ,
522 4029 650 4095 τοῖς
690 4029 844 4096 υἱοῖς
898 4029 1137 4099 Ἰσραὴλ
1181 4031 1254 4085 τὰ
1302 4031 1603 4100 θελήματα
1635 4031 1835 4086 αὐτοῦ.

1945 4017 2057 4070 vias
2098 4032 2225 4069 suas
2257 4012 2470 4085 Moysi,
2522 4013 2652 4084 ﬁliis
2693 4013 2868 4069 Israel
2909 4016 3206 4070 voluntates
3245 4031 3396 4071 suas.
3440 4012 3523 4069 Ex

281 4122 373 4174 Ἐκ
416 4122 515 4194 τῆς
556 4122 726 4193 αὐτῆς
771 4122 827 4176 δὲ
867 4122 1107 4187 Μωσέως
1152 4123 1374 4195 Γραφῆς
1424 4123 1644 4197 μαθήσῃ
1686 4124 1835 4177 ὁποῖα

1946 4107 2063 4176 ipsa
2093 4122 2223 4162 vero
2252 4106 2456 4178 Moysis
2490 4105 2775 4177 Scriptura
2803 4107 3049 4173 edisces,
3082 4108 3268 4179 qualia
3299 4122 3400 4177 pro
3431 4108 3526 4163 lae-

269 4212 513 4283 κρίματα
541 4212 785 4284 παρέσχε
829 4215 942 4276 τοῖς
982 4212 1387 4284 ἀδικουμένοις⁸
1426 4194 1739 4285 κρίσει-γὰρ
1771 4214 1835 4267 δι-

1948 4199 2025 4253 sis
2055 4196 2264 4267 judicia
2293 4196 2521 4252 tulerit:
2550 4194 2705 4265 justo
2733 4212 2971 4267 namque
2998 4197 3208 4267 judicio
3237 4195 3547 4269 Egyptios.

269 4302 400 4374 καίᾳ
454 4303 686 4374 μετῆλθε
728 4303 856 4366 τοὺς
899 4304 1248 4372 Αἰγυπτίους,
1297 4302 1534 4374 πληγαῖς
1567 4302 1835 4373 θεηλάτοις

1950 4290 2181 4354 invasit,
2203 4289 2468 4345 divinitus
2494 4288 2717 4345 inﬂictis
2744 4290 2921 4360 plagis
2949 4292 3227 4361 castigans
3258 4289 3383 4344 illos
3409 4303 3539 4359 pro‘~

269 4396 505 4460 κολάσας
552 4396 749 4459 αὐτοὺς
797 4395 936 4467 ὑπὲρ
971 4395 1081 4448 τῶν
1123 4395 1304 4450 αὐτῶν
1333 4395 1678 4466 ἠδικημένων
1716 4397 1835 4450 υίῶκ

1951 4386 2071 4451 pter
2100 4379 2244 4435 ﬁlios
2275 4378 2445 4435 Israel
2478 4379 2548 4433 ab
2577 4378 2714 4450 ipsis
2747 4380 2984 4448 pessime
3015 4378 3257 4435 habitos.
3296 4377 3529 4432 Misera-

281 4487 516 4558 Ἰσραήλ.
584 4486 907 4555 Οἱκτίρμων
947 4484 1046 4539 καὶ
1085 4484 1355 4555 ἐλεήμων
1384 4488 1417 4539 ό
1453 4487 1690 4554 Κύριος,
1732 4502 1835 4556 μα-

1954 4482 2038 4526 tor
2076 4482 2127 4526 et
2166 4471 2464 4525 misericors
2512 4470 2806 4538 Dominus,
2855 4471 3172 4542 longanimis
3211 4476 3257 4525 el
3304 4469 3547 4523 multum

271 4579 564 4649 πρόθυμος
593 4578 690 4632 καὶ
723 4578 1073 4643 πολυέλεος,
1106 4579 1217 4632 οὐκ
1249 4580 1336 4645 είς
1376 4577 1551 4645 τέλος
1574 4578 1835 4650 ὀργισθή·

1956 4564 2257 4619 misericors
2279 4604 2294 4629 ,
2324 4580 2427 4617 non
2460 4564 2515 4617 in
2543 4562 2702 4633 ﬁnem
2738 4564 3023 4627 irascetur,
3069 4577 3231 4633 neque
3273 4561 3330 4615 in
3375 4570 3534 4615 teterv

271 4682 462 4735 σεται,
514 4668 657 4723 οὐδὲ
703 4671 791 4735 εἰς
814 4669 923 4723 τὸν
950 4667 1135 4722 αἰῶνα
1176 4669 1395 4738 μηνιεῐ.
1441 4671 1524 4724 Οὐ
1558 4671 1710 4724 κατὰ
1745 4670 1852 4737 τὰς

272 4760 559 4831 ἁμαρτίας
605 4759 777 4829 ἡμῶν
820 4760 1112 4829 ἐποίησεν
1145 4759 1308 4829 ἡμῖν,
1357 4759 1500 4813 οὐδὲ
1543 4759 1694 4813 κατὰ
1744 4761 1853 4826 τὰς

275 4853 528 4922 ἀνομίας
556 4851 725 4922 ἡμῶν
749 4851 1169 4906 ἀπαπέδωκεν
1210 4851 1375 4920 ἡμῖν,
1412 4850 1539 4904 Ὄτί
1573 4850 1725 4904 κατὰ
1784 4850 1852 4905 τὸ

275 4945 433 5015 ὕψος
476 4945 581 5000 τοῦ
613 4945 871 5013 οὐρανοῦ
909 4945 1026 5000 ἀπὸ
1059 4946 1167 5014 τῆς
1198 4946 1310 5014 γῆς
1348 4945 1711 5013 ἐκραταίωσε
1740 4946 1854 4999 Κύ-

267 5055 401 5108 ριος
453 5038 519 5092 τὸ
584 5040 755 5102 ἕλεος
819 5038 1005 5092 αὐτοῦ
1056 5038 1153 5091 ἐπὶ
1230 5037 1371 5103 τοὺς
1432 5036 1852 5106 ίφοϐουμὲνους

275 5131 481 5186 αὐτόν.
577 5133 856 5187 Καθόσον
944 5128 1283 5198 ἀπέχουσιν
1377 5129 1663 5184 ἀνατολαὶ
1737 5128 1853 5181 ἀπὸ

277 5222 558 5292 δυσμῶν,
636 5222 971 5292 ἑμάκρυνεν
1041 5221 1140 5288 ἀρ’
1189 5221 1358 5289 ἡμῶν
1426 5220 1533 5285 τὰς
1604 5221 1857 5291 ἀνομίας

278 5313 466 5384 ἡμῶν.
527 5314 734 5381 Καθὼς
784 5313 1053 5381 οἱκτείρει
1114 5310 1312 5379 πατὴρ
1371 5310 1579 5376 υἱοὺς,
1652 5310 1856 5383 ᾠκτεί-

271 5423 431 5475 ρησε
493 5406 710 5475 Κύριος
786 5406 930 5470 τοὺς
1001 5404 1413 5474 φοϐουμένους
1470 5401 1693 5469 αὐτὸν,
1769 5402 1859 5456 ὅτι

280 5493 464 5560 αὐτὸς
534 5495 686 5564 ἐγνω
730 5492 798 5547 τὸ
850 5492 1101 5562 πλάσμα
1156 5491 1345 5563 ἡμῶν.
1396 5491 1712 5561 Μνήσθητι
1771 5492 1861 5545 ὅτι

281 5588 431 5658 χοῦς
480 5589 687 5657 ἐσμεν⁹
742 5589 1069 5657 ἄνθρωπος,
1103 5588 1244 5641 ὡσεὶ
1296 5589 1508 5658 χόρτος
1558 5590 1618 5641 al
1650 5584 1862 5656 ἡμέραι

283 5682 490 5738 αὑτοῦ·
521 5682 664 5736 ὡσεὶ
693 5681 872 5748 ἄνθος
929 5681 1035 5736 τοῦ
1061 5680 1275 5752 ἀγροῦ,
1299 5680 1488 5746 οὕτως
1516 5676 1858 5745 ἐξανθήσει.

359 5863 407 5897 ⁸³
445 5861 611 5919 Marc.
651 5875 735 5928 ιι,
761 5861 815 5916 9.

1956 4674 2081 4711 num
2111 4657 2453 4711 succensebit.
2486 4655 2610 4710 Non
2635 4656 2922 4710 secundum
2948 4665 3165 4724 peccata
3194 4663 3379 4709 nostra
3407 4654 3531 4723 fecit

1958 4751 2139 4817 nobis,
2170 4767 2331 4821 neque
2360 4753 2646 4805 secundum
2675 4750 2983 4820 iniquitates
3024 4757 3238 4802 nostras
3282 4747 3530 4802 retribuit

1959 4842 2131 4896 nobis.
2172 4841 2438 4907 Quoniam
2470 4838 2756 4893 secundum
2788 4839 3124 4893 altitudinem
3159 4838 3278 4893 caeli
3313 4855 3347 4892 a
3388 4848 3543 4891 terra.

1959 4934 2319 4989 corroboravit
2356 4933 2614 4987 Dominus
2645 4932 3067 4986 misericordiam
3096 4948 3250 4985 suam
3274 4946 3432 4999 super
3466 4931 3537 4983 ti-

1958 5037 2155 5080 mentes
2187 5042 2261 5080 sc.
2296 5026 2566 5091 Quantum
2594 5024 2761 5078 distat
2785 5033 2932 5078 ortus
2964 5023 3027 5076 ab
3059 5022 3353 5087 occidente,
3384 5022 3548 5093 longe

1959 5118 2081 5186 fecit
2111 5135 2143 5170 a
2173 5116 2320 5170 nobis
2348 5117 2651 5186 iniquitates
2686 5125 2916 5169 nostras.
2945 5114 3219 5180 Quomodo
3258 5115 3537 5168 miseretur

1958 5219 2109 5277 pater
2140 5208 2406 5276 ﬁliorum,
2435 5207 2679 5259 misertus
2711 5213 2787 5257 est
2817 5204 3076 5258 Dominus
3109 5202 3411 5256 timentibus
3442 5219 3495 5255 se
3518 5241 3533 5263 ,

1960 5301 2210 5374 quoniam
2236 5301 2344 5369 ipse
2369 5298 2605 5369 cognovit
2628 5298 2933 5368 ﬁgmentum
2956 5304 3215 5349 nostrum.
3244 5293 3536 5347 Recordare

1961 5394 2209 5464 quoniam
2242 5390 2412 5460 pulvis
2442 5403 2657 5451 sumus;
2692 5388 2866 5450 homo,
2897 5386 3033 5438 sicut
3060 5384 3234 5454 fenum
3248 5384 3359 5437 dies
3386 5382 3498 5451 ejus
3518 5422 3533 5445 ,

1964 5498 2214 5557 tanquam
2249 5486 2349 5554 ﬂos
2392 5483 2526 5554 agri,
2572 5483 2649 5536 sic
2688 5479 2953 5553 eﬁlorebit.
3001 5477 3267 5545 Quoniam
3314 5477 3535 5547 spiritus

1962 5575 2303 5646 pertransibit
2332 5575 2387 5627 in
2418 5573 2512 5627 illo
2536 5582 2585 5627 et
2616 5590 2719 5626 non
2748 5571 3026 5634 subsistet,
3058 5579 3108 5624 et
3135 5586 3239 5623 non
3266 5578 3553 5639 cognoscet;

1965 5671 2192 5741 amplius
2244 5669 2416 5724 locum
2461 5684 2634 5722 suum.
2690 5662 3160 5733 Quemadmodum
3212 5678 3243 5718 a
3295 5664 3539 5723 tenebris
