3992 6404
522 462 655 517 ΙΞίΠ

1202 457 1475 520 EUSEBll
1510 455 1989 514 CESARIENSIS
2026 456 2175 512 OPP.
2217 456 2398 512 rans
2432 457 2518 512 ιιι.
2558 489 2627 497 -
2661 442 3071 512 EXEGETICA.

3621 447 3762 503 £268

519 581 840 653 ignorantia
881 580 1120 648 peccatis
1162 578 1399 632 inducta:
1442 577 1511 631 ad
1556 578 1732 631 lucem
1763 576 2087 647 cognitionis

2195 579 2314 629 Ὅτι
2346 576 2581 647 πνεῦμα
2618 575 2869 644 διῆλθεν
2894 574 2964 625 ἐν
3006 568 3188 635 αὐτῷ,
3218 569 3316 622 καὶ
3349 569 3460 634 οὐχ
3490 565 3760 634 ὑπάρξει,

517 689 634 730 suaa
672 689 774 729 nos
814 671 1091 727 transtulit
1124 687 1139 736 ;
1182 670 1408 739 haecque
1449 668 1579 723 fecit
1616 676 1677 722 ut
1714 668 1893 723 bonus
1936 677 2092 738 pater

518 764 861 821 insanientes
908 762 1048 818 ﬁlios
1088 763 1381 817 miseratus
1405 803 1421 827 ,
1458 776 1524 815 ac
1551 775 1682 831 erga
1715 760 1918 815 liberos
1948 760 2091 815 male

518 856 742 911 allectos
775 856 1035 924 majorem
1066 855 1601 909 commiserationem
1633 868 1959 909 assumens:
1992 867 2090 908 eo-

519 949 644 1003 dem
675 947 765 1001 ille
795 946 957 999 modo
986 961 1087 1001 nos
1118 945 1416 1000 miseratus
1449 952 1534 999 est
1556 984 1572 1009 ,
1603 958 1667 998 ac
1695 960 1764 998 ex
1813 943 1991 998 atbeis
2035 950 2092 997 et

520 1045 723 1099 timore
751 1041 1066 1095 carentibus
1086 1080 1102 1103 ,
1135 1040 1256 1108 pios
1285 1054 1349 1093 ac
1380 1054 1439 1094 se
1468 1039 1726 1093 timentes
1755 1052 1859 1094 nos
1886 1036 2087 1093 eil‘ecit.

2196 666 2297 722 καὶ
2318 670 2431 720 οὐκ
2458 668 2849 737 ἐπιγνώσεται
2876 666 2963 718 ἐτι
2984 663 3092 716 τὸν
3119 663 3307 714 τόπον
3334 658 3538 713 αὐτοῦ.
3558 659 3763 729 Ὠσπερ

2196 758 2305 811 ἀπὸ
2334 758 2555 833 σκότους
2591 760 2691 829 τῆς
2732 756 2840 810 τῶν
2891 754 3301 826 ἁμαρτημάτων
3328 751 3545 820 ἀγνοίας
3586 750 3678 802 ἐπὶ
3706 750 3765 802 τὺ

2198 850 2313 919 φῶς
2360 851 2462 920 τῆς
2506 850 2669 903 αὐτοῦ
2718 847 2971 917 γνώσεως
3028 846 3394 917 μετεστήσατο
3439 845 3615 913 ἡμᾶς·
3674 841 3766 893 καὶ

2195 941 2370 994 ταῦτα
2398 941 2631 1014 ἔπραξεν
2652 942 2727 1005 ὡς
2742 941 2944 1010 ἀγαθὸς
2965 938 3145 1008 πατὴρ
3162 937 3653 1009 σπλαγχνιζόμενος
3678 935 3765 987 ἐπὶ

2198 1038 2336 1096 υἱοῖς
2372 1034 2658 1105 μεμηνόσι,
2708 1034 2802 1087 καὶ
2834 1033 2928 1087 ἐπὶ
2960 1032 3147 1094 κακῶς
3183 1028 3541 1099 διακειμένοις
3564 1028 3765 1089 τέκνοις

526 1136 748 1208 μείζονα
774 1132 951 1189 οἶκτον
984 1132 1302 1189 ἀναλαϐών·
1335 1133 1426 1185 τὸν
1488 1132 1651 1187 αὐτὸν
1682 1132 1880 1204 τρόπον
1943 1132 2041 1187 καὶ
2071 1130 2233 1196 αὐτὸς
2265 1131 2599 1203 ᾠκτείρησεν
2657 1129 2826 1199 ἡμᾶς,
2883 1125 2943 1192 ἐξ
2988 1126 3162 1181 ἀθέων
3212 1124 3308 1177 καὶ
3354 1120 3571 1190 ἀφόϐων
3620 1121 3769 1173 εὐσε-

519 1234 635 1297 ϐεῖς
664 1234 758 1287 καὶ
780 1232 1143 1303 φοϐουμένους
1163 1232 1323 1285 αὐτὸν
1347 1231 1820 1303 ἀπεργασάμενος.

587 1345 756 1402 Vens.
800 1346 869 1399 l7
899 1346 982 1400 i9.
1026 1344 1397 1399 Misericordia
1413 1356 1588 1400 autem
1610 1345 1823 1400 Domini
1854 1346 1922 1399 ab
1941 1356 2096 1400 mter-

515 1457 619 1499 no,
648 1448 697 1493 et
730 1456 895 1507 usque
944 1440 999 1491 in
1060 1448 1312 1493 wternum
1370 1456 1528 1505 super
1562 1441 1799 1494 timentes
1851 1455 1989 1493 eum.
2028 1438 2099 1492 Et

506 1532 725 1602 justitia
754 1530 899 1583 illius
930 1531 983 1583 in
1012 1530 1154 1597 ﬁlios
1180 1531 1413 1599 ﬁliorum
1432 1571 1447 1594 ,
1477 1531 1557 1585 his
1582 1533 1671 1600 qui
1696 1539 1905 1585 servant
1932 1539 2097 1585 testa-

516 1632 752 1678 mentum
780 1622 923 1691 ejus,
952 1632 1000 1675 et
1030 1639 1281 1677 memores
1308 1634 1430 1677 sunt
1454 1624 1825 1677 mandatorum
1847 1625 1995 1678 illius
2025 1623 2095 1677 ad

518 1716 817 1787 faciendum
848 1734 928 1770 ea.
958 1714 1095 1770 Huic
1127 1716 1305 1770 simile
1332 1716 1465 1770 illud
1497 1735 1510 1770 :
1542 1715 1768 1773 Faciens
1796 1718 2096 1771 misericor-

516 1809 663 1861 diam
695 1807 1034 1877 diligentibus
1074 1823 1173 1861 me.
1226 1806 1358 1860 Nam
1412 1807 1791 1863 misericordia
1817 1807 2091 1873 iDomini,

515 1909 572 1956 et
623 1916 849 1970 compar
896 1900 1015 1968 ejus
1058 1899 1271 1967 justitia
1316 1900 1371 1953 in
1420 1915 1639 1955 omnem
1687 1900 2093 1971 generationem

2276 1340 2354 1396 Τὸ
2405 1340 2579 1405 ἕλεος
2626 1337 2696 1391 δὲ
2733 1335 2841 1390 τοῦ
2879 1333 3099 1402 Κυρίου
3150 1330 3267 1385 ἀπὸ
3298 1326 3405 1381 τοῦ
3432 1325 3646 1390 αἰῶνος
3674 1324 3770 1377 και

2203 1436 2308 1501 ἕως
2346 1433 2453 1488 τοῦ
2485 1431 2698 1497 αιῶνος
2711 1428 2810 1483 ἐπὶ
2826 1426 2968 1492 τοὺς
2995 1422 3406 1495 φοϐουμένους
3420 1421 3608 1473 αὐτόν
3629 1435 3644 1447 ·
3674 1417 3773 1470 καὶ

2202 1529 2243 1596 ἡ
2283 1525 2633 1592 δικαιοσύνη
2683 1520 2870 1576 αὑτοῦ
2913 1518 3012 1573 ἐπὶ
3050 1517 3192 1581 τοὺς
3226 1513 3394 1579 υιοὺς
3442 1511 3559 1565 τῶν
3610 1509 3776 1575 υἱῶν,

2203 1621 2329 1688 τοῖς
2358 1617 2754 1691 φυλάσσουσι
2790 1612 2906 1681 τὴν
2950 1610 3244 1677 διαθήκην
3277 1604 3485 1669 αὐτοῦ,
3532 1604 3631 1657 καὶ
3671 1620 3777 1672 με·

2199 1711 2529 1782 μνημένοις
2558 1705 2679 1761 τῶν
2704 1703 2971 1760 ἐντολῶν
3017 1700 3224 1765 αὑτοῦ,
3254 1698 3360 1753 τοῦ
3390 1695 3642 1763 ποιῆσαι
3671 1697 3779 1749 σύ-

2200 1800 2328 1867 τάς.
2366 1801 2588 1869 Ὅμοιον
2622 1797 2717 1850 καὶ
2766 1795 2848 1861 τὸ,
2896 1792 3091 1848 Ποιῶν
3132 1792 3306 1856 ἕλεος
3349 1787 3474 1854 τοῖς
3503 1784 3782 1855 ἀγαπῶσι

2192 1909 2289 1961 με.
2322 1888 2646 1961 Παρατείνει
2673 1885 2783 1957 γὰρ
2817 1884 2879 1938 τὸ
2907 1882 3054 1947 ἔλεος
3095 1881 3317 1954 Κυρίου,
3342 1880 3439 1933 καὶ
3477 1882 3512 1950 ή
3550 1878 3782 1945 σύζυγος

516 1991 833 2046 extenditur
866 1988 922 2042 in
959 1988 1215 2043 timentes
1250 2003 1375 2041 eum
1397 2031 1410 2047 ,
1447 1996 1503 2042 et
1534 1990 1589 2043 in
1620 1990 1761 2046 ﬁlios
1782 2006 1973 2046 eorum
1997 2032 2013 2055 ,
2045 1989 2087 2043 id

2202 1980 2369 2037 αὐτοῦ
2411 1978 2747 2047 δικαιοσύνη,
2791 1978 2869 2040 εἰς
2898 1978 3081 2030 πᾶσαν
3134 1976 3234 2047 τὴν
3279 1972 3474 2043 γενεὰν
3519 1973 3614 2025 ἐπὶ
3657 1972 3784 2035 τοὺς

514 2081 601 2129 est
621 2114 635 2139 ,
670 2079 726 2130 in
751 2075 1099 2131 aemulatores
1128 2082 1406 2145 gestorum
1440 2087 1687 2145 ipsorum
1708 2115 1723 2137 ,
1759 2074 1816 2128 in
1850 2089 1946 2130 eos
1982 2076 2092 2129 sci-

514 2164 675 2229 licet,
700 2166 791 2235 qui
818 2180 929 2219 non
957 2165 1119 2219 modo
1140 2156 1536 2235 praeceptorum
1558 2166 1679 2235 ejus
1698 2166 2089 2230 recordantur,

518 2256 612 2310 sed
644 2256 993 2312 sermonibus
1024 2270 1193 2325 opera
1219 2256 1519 2325 adjiciunt,
1565 2264 1619 2311 et
1667 2257 1770 2311 hoc
1817 2256 1983 2311 modo
2012 2257 2092 2310 vi-

515 2354 628 2399 tam
661 2346 996 2401 concinnant
1022 2362 1199 2402 suam.
1236 2346 1311 2400 Ea
1357 2348 1559 2418 quippe
1600 2348 1821 2413 dantur,
1871 2364 1980 2404 non
2033 2358 2093 2404 ut

516 2437 761 2507 ipsorum
804 2438 1006 2492 nudam
1052 2438 1374 2493 memoriam
1404 2451 1460 2493 et
1488 2440 1738 2494 notitiam
1770 2456 2089 2507 servemus;

512 2531 613 2587 sed
645 2538 705 2585 ut
733 2533 993 2587 memoria
1038 2532 1105 2587 ad
1145 2531 1485 2602 operandum
1516 2539 1755 2585 utamur.
1790 2532 1929 2586 illud
1956 2547 2091 2603 quo-

513 2638 621 2691 que
655 2620 913 2679 Servator
948 2624 1191 2679 declarat
1237 2623 1323 2679 bis
1353 2623 1576 2678 verbis:
1612 2622 1718 2688 Qui
1750 2623 1905 2677 habet
1937 2640 2091 2676 man-

513 2712 647 2767 data
694 2730 839 2779 mea,
884 2726 935 2769 et
975 2725 1146 2769 servat
1190 2731 1283 2777 ea,
1325 2714 1416 2767 ille
1451 2721 1528 2767 est
1561 2714 1651 2782 qui
1691 2712 1865 2784 diligit
1896 2730 1977 2767 me
2008 2713 2089 2767 “z

512 2823 644 2863 nam
690 2809 1059 2864 observationi
1096 2817 1307 2862 tantum
1330 2822 1498 2877 “non
1536 2806 1817 2861 memoria:
1864 2822 2088 2871 eorum,

510 2914 726 2954 merces
755 2899 1021 2966 debetur;
1057 2916 1234 2970 neque
1260 2900 1538 2954 auditores
1558 2940 1573 2965 ,
1607 2898 1706 2953 sed
1738 2899 1978 2955 cultores
2014 2900 2092 2953 le-

510 2989 598 3061 gis
619 2991 1087 3061 justiﬁcabuntur.
1108 2991 1343 3047 Pulchre
1361 2999 1543 3046 autem
1570 2991 1653 3045 lex
1678 2989 1773 3045 Dei
1796 2998 2092 3047 testamen—

511 3090 633 3136 tum
657 3090 852 3137 vocata
880 3090 999 3146 est,
1045 3090 1105 3138 ut
1136 3085 1229 3154 qui
1258 3098 1377 3138 eam
1413 3084 1774 3139 observamus
1794 3122 1812 3146 ,
1864 3082 2093 3139 haeredi-

512 3182 681 3229 tatem
712 3174 840 3230 inde
881 3190 1184 3246 speremus.
1234 3173 1394 3241 Quod
1420 3183 1599 3231 autem
1640 3183 1837 3230 natura
1870 3175 2089 3246 quidem

509 3273 703 3320 nostra
723 3264 868 3319 lluxa
893 3265 996 3331 sit,
1023 3266 1207 3320 divina
1236 3282 1367 3321 vero
1391 3266 1680 3322 clementia
1701 3265 1939 3322 debitam
1962 3282 2091 3337 pro-

2198 2069 2567 2140 φοϐουμένους
2599 2069 2763 2124 αὐτὸν
2807 2069 3053 2133 καὶτοὺς
3090 2074 3241 2134 υἱούς
3285 2068 3489 2133 αὐτῶν,
3534 2070 3781 2125 τουτέστι

2197 2163 2321 2225 τοὺς
2362 2161 2468 2215 τῶν
2512 2162 2688 2232 ἔργων
2735 2161 2900 2215 αὐτοῦ
2952 2161 3221 2233 ζηλωτὰς,
3266 2163 3394 2225 τοὺς
3443 2162 3542 2231 οὐχ
3593 2162 3780 2226 ἁπλῶς

2202 2253 2583 2325 μεμνημένους
2622 2254 2732 2309 τῶν
2783 2254 3013 2307 ἐντολῶν
3053 2254 3242 2319 αὐτοῦ,
3292 2256 3411 2308 ἀλλ’
3438 2255 3781 2319 ἐπιτιθέντας

2197 2348 2310 2407 τοῖς
2333 2344 2513 2413 λόγοις
2537 2344 2606 2397 τὰ
2632 2344 2792 2416 ἔργα,
2832 2346 2926 2399 καὶ
2954 2344 3095 2398 κατὰ
3120 2345 3285 2398 ταύτὸ
3312 2345 3404 2398 τὸν
3437 2349 3638 2399 οἰκεῖον
3670 2347 3780 2417 βίον

2200 2436 2581 2508 ρυθμίςοντας.
2631 2438 2873 2491 Δίδονται
2900 2437 3008 2509 γὰρ
3055 2430 3215 2490 αὗται
3260 2438 3361 2491 οὐκ
3390 2439 3483 2491 ἐπὶ
3521 2440 3601 2509 τῷ
3642 2440 3777 2510 μνή-

2201 2546 2308 2601 μην
2339 2528 2520 2583 αὐτῶν
2552 2528 2714 2599 ψιλὴν
2739 2530 2835 2584 καὶ
2865 2529 3064 2598 γνῶσιν
3095 2528 3239 2600 ἔχειν
3271 2532 3440 2600 ἡμᾶς,
3475 2530 3614 2584 ἀλλὰ
3646 2532 3780 2601 μνή-

2202 2638 2308 2692 μην
2352 2622 2432 2683 είς
2474 2621 2534 2675 τὸ
2567 2621 2809 2691 ποιῆσαι.
2841 2621 3011 2675 Τοῦτο
3045 2622 3139 2675 καὶ
3176 2625 3205 2675 ό
3232 2622 3423 2694 Σωτὴρ
3453 2623 3779 2693 παρίστησιν

2197 2712 2386 2767 εἰπών·
2404 2714 2457 2766 '0
2487 2714 2645 2783 ἔχων
2668 2712 2774 2780 τὰς
2792 2713 3046 2781 ἐντολάς
3070 2732 3192 2783 μου
3220 2714 3319 2769 καί
3348 2713 3542 2783 τηρῶν
3569 2715 3779 2781 αὐτὰς,

2196 2804 2429 2872 ἐκεῖνός
2476 2806 2648 2861 ἐστιν
2684 2809 2719 2860 ὁ
2764 2803 3013 2875 ἀγαπῶν
3052 2823 3169 2875 με·
3214 2806 3316 2877 τῆς
3360 2805 3471 2876 γὰρ
3512 2807 3781 2877 ποιήσεως

2197 2897 2311 2950 ἀλλ’
2339 2899 2399 2951 οὐ
2430 2897 2533 2969 τῆς
2576 2899 2795 2970 μνήμης
2833 2898 3014 2952 αὐτῶν
3047 2899 3214 2971 μόνης
3241 2901 3270 2953 ό
3309 2898 3525 2969 μισθόςο
3561 2899 3658 2951 καὶ
3683 2900 3781 2969 οὐχ

2196 2992 2245 3043 οἱ
2270 2991 2557 3062 ἀκροαταὶ,
2588 2990 2701 3046 ἀλλ’
2733 2993 2783 3045 οἱ
2825 2991 3043 3062 ποιηταὶ
3072 2990 3167 3044 τοῦ
3203 2992 3366 3062 νόμου
3396 2990 3783 3061 δικαιωθήσον-

2196 3099 2309 3136 ται.
2343 3081 2542 3146 Καλῶς
2582 3082 2641 3136 δὲ
2671 3081 2905 3153 διαθήκη
2954 3085 2984 3136 ό
3018 3082 3182 3153 νόμος
3210 3081 3305 3135 τοῦ
3338 3081 3474 3135 Θεοῦ
3506 3082 3783 3152 προσηγό-

2201 3192 2388 3247 ρευται
2417 3215 2432 3241 ,
2484 3174 2572 3230 ἴνα
2630 3174 2993 3246 κληρονομίαν
3046 3173 3357 3244 ἐλπίζωμεν
3412 3174 3471 3240 ἐξ
3513 3174 3688 3243 αὐτῆς
3732 3176 3780 3226 οἱ

2197 3267 2585 3337 φυλάσσοντες.
2618 3267 2641 3287 '
2668 3268 2765 3323 Οτι
2805 3267 2864 3320 δὲ
2908 3268 2941 3337 ή
2976 3266 3074 3337 μὲν
3102 3265 3265 3336 φύσις
3294 3266 3449 3338 ἡμῶν
3490 3266 3781 3337 ὲπίκηρος.

511 3357 853 3427 genitoribus
891 3357 1119 3428 iustitia:
1162 3358 1471 3413 mercedem
1515 3374 1690 3429 usque
1750 3358 1819 3413 ad
1864 3366 2087 3429 nepotes

2195 3360 2229 3429 ἡ
2250 3358 2308 3412 δὲ
2335 3358 2456 3412 θεία
2483 3357 2863 3430 φιλανθρωπία
2906 3359 3002 3411 καὶ
3039 3358 3231 3430 μέχρις
3268 3358 3507 3427 ἐγγόνων
3538 3356 3785 3427 διατηρεῖ

509 3456 833 3515 conservet,
882 3460 1142 3522 sexcenta
1171 3451 1406 3523 hujusce
1446 3451 1527 3506 rei
1571 3450 1893 3506 testimonia
1933 3465 2090 3520 repe-

498 3540 645 3596 rias.
676 3539 812 3596 Nam
841 3542 917 3598 ob
930 3543 1257 3608 Abrahami,
1289 3541 1461 3598 lsaaci
1487 3548 1542 3597 et
1563 3539 1753 3595 Jacobi
1777 3538 2088 3611 justitiam,

509 3632 774 3703 populum
804 3648 872 3689 ex
904 3634 971 3690 iis
1000 3642 1191 3706 postea
1218 3641 1472 3691 exortum
1501 3632 1791 3688 vocatione
1835 3637 1891 3688 et
1930 3645 2094 3702 pecu-

510 3723 636 3778 liari
682 3724 1022 3795 providentia
1060 3726 1322 3800 dignatus
1360 3732 1467 3781 est.
1505 3722 1645 3779 Jebu
1684 3731 1867 3779 autem
1904 3737 2093 3793 usque

509 3813 583 3867 ad
633 3822 886 3885 quartam
933 3818 1343 3885 generationem
1403 3830 1637 3886 regnum
1693 3814 2088 3880 conservavit,

509 3902 728 3958 etiamsi
758 3919 870 3958 non
916 3904 1143 3960 omnino
1188 3906 1390 3976 pietate
1429 3904 1695 3977 praeditus
1734 3912 1926 3974 esset;
1960 3906 2090 3976 quia

506 3995 569 4049 in
599 3996 869 4067 principio
901 3998 1052 4070 regni
1086 3999 1170 4055 sui
1202 4000 1447 4056 studium
1472 4014 1605 4071 erga
1632 3998 1804 4055 Deum
1830 4000 2090 4056 exhibue-

508 4097 613 4143 rat.
637 4087 869 4144 Mirabili
890 4106 1021 4146 vero
1048 4090 1237 4146 Davidi
1264 4093 1646 4147 inexstiuctam
1673 4092 1975 4149 custodivit
1995 4109 2087 4164 ge-

507 4180 660 4236 neris
683 4181 975 4237 scintillam
994 4220 1009 4249 ,
1037 4184 1139 4239 etsi
1162 4184 1315 4255 impii
1340 4185 1495 4238 multi
1525 4186 1667 4240 inter
1692 4185 1813 4254 ejus
1838 4191 2088 4255 posteros

507 4273 684 4327 exorti
714 4274 843 4329 sint.
872 4273 1129 4330 Dominus
1160 4277 1215 4336 in
1243 4277 1371 4330 cwlo
1397 4280 1603 4346 paravit
1636 4278 1881 4331 thronum
1906 4295 2083 4341 suum,

506 4372 557 4417 et
613 4380 831 4435 regnum
878 4367 1043 4434 ipsius
1086 4368 1329 4422 omnibus
1376 4368 1758 4423 dominabitur.
1814 4371 2087 4425 Accurate

506 4453 713 4508 dictum
746 4464 861 4519 est,
895 4456 1135 4511 omnibus
1164 4456 1569 4523 dominabitur;
1599 4460 1692 4515 sed
1728 4474 1841 4514 non
1866 4500 1882 4526 ,
1916 4462 2086 4514 omni-

508 4546 602 4599 bus
632 4544 973 4612 dominatur,
1005 4547 1136 4617 quia
1178 4562 1287 4601 non
1314 4563 1507 4603 omnes
1540 4548 1693 4620 digni
1742 4557 1872 4605 sunt
1914 4565 2083 4619 regno

507 4636 676 4691 illius.
724 4636 1092 4702 Quamobrem
1128 4639 1197 4693 iis
1226 4640 1321 4710 qui
1352 4641 1724 4711 evangelicam
1756 4642 1921 4695 vitam
1958 4641 2079 4696 exi-

504 4735 678 4797 gunt,
738 4743 971 4797 regnum
1020 4729 1286 4786 cmlorum
1338 4726 1589 4783 Salvator
1637 4729 1919 4798 pollicitus
1971 4737 2075 4783 est.

504 4819 629 4873 Alio
677 4818 806 4873 item
854 4819 1194 4890 intelligendi
1245 4835 1399 4875 more
1441 4819 1699 4874 omnibus
1742 4818 2079 4881 dominatur,

505 4908 673 4963 etiam
714 4909 785 4964 iis
821 4909 916 4979 qui
962 4926 1129 4981 regno
1174 4910 1441 4965 caelorum
1485 4908 1696 4980 indigni
1732 4917 1863 4966 sunt
1910 4911 2082 4980 impe-

505 5016 638 5057 rans
671 5019 686 5069 ;
716 5011 988 5074 quatenus
1018 5017 1213 5072 nempe
1243 5001 1487 5057 omnium
1516 5000 1779 5056 Dominus
1809 5008 1913 5057 est.

575 5177 743 5235 Vens.
786 5179 876 5235 20.
916 5179 1217 5236 Benedicite
1238 5180 1485 5246 Domino,
1518 5198 1696 5235 omnes
1724 5181 1899 5252 angeli
1925 5181 2041 5252 ejus
2061 5222 2077 5247 ,

502 5280 739 5340 potentes
765 5275 961 5330 virtute
982 5314 998 5341 ,
1043 5275 1293 5345 facientes
1323 5276 1536 5331 verbum
1566 5275 1715 5330 illius
1743 5274 1813 5328 ad
1855 5274 2079 5329 audien-

503 5364 629 5418 dam
657 5382 832 5443 vocem
860 5384 1163 5423 sermonum
1187 5368 1322 5438 ejus.
1358 5368 1624 5440 Superius
1650 5367 1868 5439 quidem
1901 5366 2079 5438 Spiri-

505 5458 645 5512 ritus
674 5457 894 5514 divinus
929 5461 1167 5516 hominis
1199 5462 1438 5515 animam
1473 5462 1539 5516 ad
1573 5464 1873 5533 gratiarum
1906 5464 2080 5518 actio-

504 5565 631 5603 nem
663 5556 717 5605 et
750 5550 1186 5607 benedictionem
1221 5552 1316 5609 Dei
1352 5554 1616 5609 invitabat
1648 5555 1839 5611 dicens
1860 5596 1874 5621 ,
1912 5555 2079 5611 Bene-

504 5640 592 5694 dic
617 5681 633 5708 ,
665 5643 844 5696 anima
872 5661 1009 5710 mea,
1040 5647 1297 5713 Domino;
1327 5664 1474 5703 nunc
1502 5656 1706 5710 autem.
1735 5651 1861 5719 quia
1892 5650 2077 5705 throni

508 5729 607 5787 Dei
644 5739 702 5787 et
745 5733 1048 5791 caelestium
1092 5741 1477 5809 mansionum,
1526 5757 1662 5813 quas
1707 5743 1888 5814 dignis
1927 5740 2074 5798 Deus

575 5886 620 5919 ³⁰
658 5883 813 5945 Joau.
850 5904 961 5957 xxv,
997 5891 1085 5948 2i.

2194 3449 2295 3521 τὴν
2348 3450 2461 3513 τοῖς
2520 3448 2806 3522 προγόνοις
2855 3448 3211 3522 ὀφειλομένην
3276 3450 3374 3520 τῆς
3435 3448 3784 3517 δικαιοσύνης

2194 3543 2487 3607 ἀντίδοσιν,
2532 3541 2703 3614 μυρία
2734 3542 2802 3598 ἂν
2847 3542 3028 3615 εὕροις
3078 3542 3371 3615 μαρτύρια.
3405 3541 3506 3595 Διὰ
3532 3540 3640 3613 γὰρ
3680 3541 3781 3609 τὴν

2191 3633 2288 3690 τοῦ
2329 3631 2580 3706 Ἀϐραὰμ
2628 3633 2995 3705 δικαιοσύνην,
3044 3635 3139 3688 καὶ
3181 3633 3279 3705 τὴν
3318 3632 3413 3686 τοῦ
3448 3632 3638 3687 Ἰσαὰκ
3683 3632 3780 3686 καὶ

2205 3725 2419 3792 Ἰακὼϐ,
2453 3726 2548 3781 τὸν
2590 3726 2654 3792 ἐξ
2687 3726 2868 3781 αὐτῶν
2907 3726 3082 3798 φύντα
3129 3726 3271 3799 μετὰ
3298 3726 3471 3780 ταῦτα
3498 3726 3627 3779 λαὸν
3674 3725 3779 3794 τῆς

2190 3818 2437 3890 κλήσεως
2465 3816 2563 3873 καὶ
2598 3817 2701 3888 τῆς
2737 3818 2942 3881 οἰκείας
2976 3818 3280 3889 ἐπισκοπῆς
3312 3817 3615 3888 κατηξίωσε
3641 3833 3656 3847 ·
3692 3834 3777 3882 τῳ

2203 3910 2345 3981 Ἰηοῦ
2369 3909 2816 3982 μέχριτετάρτης
2838 3910 3032 3978 γενεᾶς
3058 3909 3157 3979 τὴν
3175 3908 3449 3980 βασιλείαν
3474 3910 3770 3979 τετήρηκε,

2191 4002 2370 4056 καίτοι
2397 4001 2531 4073 μηδὲ
2562 3999 2773 4054 τελείαν
2795 4000 3125 4071 κτησαμένῳ
3140 3999 3441 4063 εὐσέϐειαν,
3471 3999 3580 4051 ἀλλ’
3614 3998 3670 4049 ἐν
3699 3999 3771 4066 τῇ

2188 4093 2331 4163 ἀρχῇ
2380 4091 2479 4161 τῆς
2532 4089 2806 4160 βασιλείας
2860 4089 3254 4160 ἐπιδειξαμένῳ
3301 4089 3393 4142 τὸν
3448 4088 3637 4158 ζῆλον·
3689 4086 3777 4155 τῷ

2190 4183 2459 4253 θεσπεσίῳ
2490 4181 2672 4247 Δαυῒδ,
2712 4180 2975 4235 ἄσϐεστον
3022 4182 3257 4251 ἐτήρησε
3300 4179 3393 4233 τὸν
3443 4178 3533 4232 τοῦ
3577 4180 3777 4243 γένους

2192 4273 2485 4345 σπινθῆρα,
2527 4273 2622 4327 κα)⁵
2653 4272 2827 4326 ταῦτα
2854 4272 3061 4325 πολλῶν
3104 4271 3387 4325 δυσσεϐῶν
3409 4274 3466 4325 ἐν
3504 4271 3655 4341 μέσῳ
3681 4269 3778 4339 βε-

2195 4365 2594 4436 ϐλαστηκότων.
2627 4365 2843 4432 Κύριος
2874 4364 2945 4417 ἐν
2982 4363 3061 4429 τῷ
3086 4362 3318 4432 οὐρανῷ
3342 4364 3633 4433 ἡτοίμασε
3662 4365 3779 4417 τὸν

2189 4460 2407 4526 θρόνον
2456 4457 2666 4519 αὑτοῦ,
2719 4457 2815 4509 καὶ
2868 4457 2908 4525 ἠ
2954 4456 3245 4519 ,ϐασιλεία
3294 4455 3482 4509 αὐτοῦ
3508 4454 3779 4515 ¹πάντων

2190 4549 2498 4603 δεσπόσει.
2553 4546 2821 4619 ’Δκριϐὥς
2843 4546 2899 4598 δὲ
2929 4546 2991 4599 τὸ
3015 4545 3257 4600 πάντων
3276 4545 3588 4609 δεσπόσει,
3615 4546 3768 4616 εἴρη-

2185 4658 2299 4707 ται,
2348 4638 2464 4693 ἀλλ’
2511 4640 2594 4705 οὐ,
2642 4637 2885 4692 πάντων
2929 4636 3231 4698 δεσπόζει·
3284 4639 3407 4691 ἐπεὶ
3453 4638 3526 4709 μὴ
3568 4638 3779 4701 πάντες

2188 4732 2331 4797 ἄξιοι
2358 4732 2685 4802 τυγχάνουσι
2718 4732 2817 4802 τῆς
2864 4730 3031 4784 αὐτοῦ
3076 4730 3371 4801 βασιλείας.
3418 4730 3507 4783 Διὸ
3534 4735 3645 4793 τοῖς
3674 4731 3775 4783 τὸν

2187 4820 2539 4888 εὐαγγελικὸν
2572 4819 2895 4891 κατορθοῦσι
2936 4820 3051 4890 βίον
3075 4821 3176 4891 τὴν
3206 4820 3314 4874 τῶν
3342 4821 3582 4894 οὐρανῶν
3620 4821 3779 4890 βασι-

2187 4908 2336 4962 λείαν
2382 4911 2411 4962 ό
2463 4909 2652 4982 Σωτὴρ
2709 4910 3089 4981 ἐπηγγείλατο.
3141 4912 3403 4976 Δεσπόζει
3447 4912 3504 4965 δέ
3548 4912 3777 4965 πάντων

2186 4998 2308 5053 καθ’
2339 4999 2531 5072 ἑτέραν
2570 5001 2814 5056 ἐπίνοιαν
2846 5002 2940 5055 καὶ
2971 5001 3079 5055 τῶν
3106 5001 3341 5066 ἀναξίων
3368 5002 3465 5073 τῆς
3494 5002 3779 5073 βασιλείας

2185 5093 2350 5147 αὐτοῦ
2388 5094 2629 5165 κρατῶν,
2654 5088 2745 5147 οἷα
2772 5094 2836 5165 δὴ
2865 5094 3082 5147 πάντων
3105 5093 3330 5165 Κύριος.

2252 5184 2572 5254 Εὐλογεῐτε
2614 5185 2722 5237 τὸν
2761 5185 2997 5252 Κύριον,
3039 5184 3261 5251 πάντες
3301 5189 3357 5241 οἱ
3400 5186 3637 5256 ἄγγελοι
3662 5190 3780 5242 αὑ-

2186 5277 2313 5341 τοῦ,
2346 5276 2590 5330 δυνατοὶ
2624 5278 2811 5346 ισχύῖ,
2843 5277 3157 5343 ποιοῦντες
3194 5277 3303 5331 τὸν
3343 5283 3531 5349 λόγον
3556 5280 3772 5344 αὑτοῦ,

2185 5370 2292 5423 τοῦ
2314 5369 2575 5424 ἀκοῦσαι
2604 5368 2715 5437 τῆς
2748 5368 2957 5439 φωνῆς
2981 5368 3099 5423 τῶν
3120 5373 3318 5440 λόγων
3344 5373 3552 5427 αὑτοῦ.
3599 5374 3777 5426 Ἀνω-

2186 5462 2330 5534 τέρω
2359 5462 2456 5533 μὲν
2484 5463 2543 5516 τὸ
2574 5462 2717 5515 θεῖον
2746 5461 2968 5532 Πνεῦμα
2998 5462 3094 5533 τὴν
3138 5463 3231 5516 τοῦ
3263 5463 3549 5536 ἀνθρώπου
3590 5465 3778 5536 ψυχὴν

2185 5556 2368 5609 ἐκάλει
2409 5557 2501 5609 ἐπὶ
2544 5555 2644 5627 τὴν
2684 5556 3033 5627 εὐχαριστίαν
3081 5557 3319 5627 καὶγτὴν
3372 5558 3625 5627 εὐλογίαν
3669 5560 3776 5612 τοῦ

2184 5648 2340 5713 Θεοῦ,
2377 5648 2585 5717 φάσκον
2604 5661 2617 5673 ·
2653 5648 2926 5716 Εὺλόγει,
2956 5648 2993 5715 ή
3022 5648 3190 5717 ψυχή
3210 5667 3353 5717 μου,
3377 5649 3484 5705 τὸν
3509 5652 3738 5719 Κύριον
3758 5666 3774 5681 ·

2183 5740 2277 5795 νῦν
2321 5742 2398 5807 δὲ,
2451 5742 2635 5813 ἐπειδὴ
2677 5741 2769 5794 τοῦ
2818 5740 3007 5811 θρόνου
3048 5742 3141 5795 τοῦ
3184 5740 3321 5796 Θεοῦ
3366 5743 3778 5815 ἐμνημόνευσε,
