3992 6404
346 366 485 423 1269

1437 363 1939 422 COMMENTARIA
1977 365 2046 422 IN
2084 366 2418 426 PSALMOS.

3456 378 3593 434 1270

347 485 575 541 καὶτῶν
606 485 869 559 οὐρανίων
914 485 1224 560 διατριδῶν,
1269 487 1336 551 ἃς
1373 489 1485 552 τοῖς
1512 488 1683 555 ἀξίοις
1724 490 1753 541 ὁ
1794 488 1924 552 Θεὸς

2028 491 2354 560 praeparavit
2377 530 2392 556 ,
2418 490 2746 549 mentionem
2772 494 2901 551 fecit
2919 535 2935 563 ,
2963 496 3253 553 admodum
3280 513 3592 569 congruend

341 577 628 653 ἡτοίμασε,
660 580 861 651 σφόδρα
890 580 1195 645 ἀκολούθως
1216 583 1336 645 ταῖς
1361 581 1631 654 οὐρανίοις
1658 582 1920 651 δυνάμεσι

343 671 659 742 συγχαίρειν
699 674 764 742 τῇ
818 672 919 742 τῆς
970 672 1147 743 ψυχῆς
1188 673 1429 744 σωτηρίᾳ
1463 672 1919 745 παρακελεύεται,

334 764 477 819 κατά
517 764 609 819 τὸν
643 767 906 836 σωτήριον
939 765 1095 835 λόγον
1128 767 1380 837 φήσαντα
1406 766 1577 837 χαρὰν
1607 766 1825 820 ἔσεσθαι
1864 769 1922 821 ἐν

331 856 411 928 τῷ
456 856 675 928 οὐρανῷ
721 858 813 910 ἐπὶ
862 858 943 911 ἐνὶ
994 858 1303 930 ἁμαρτωλῷ
1360 858 1740 929 μετανοοῦντι’
1785 858 1922 913 ἀλλά

332 950 428 1003 καὶ
465 952 546 1014 είς
601 948 751 1013 τέλος
799 949 922 1020 ἄγει
965 950 1063 1022 τὴν
1121 949 1408 1024 ἀνθρώπου
1457 951 1634 1023 ψυχὴν
1681 951 1776 1007 καὶ
1823 952 1922 1016 τὰς

332 1042 618 1114 οὐρανίους
650 1042 911 1114 δυνάμεις
934 1060 946 1073 ·
984 1042 1047 1095 τὸ
1076 1042 1194 1114 ,γὰρ
1222 1043 1354 1097 αὐτὸ
1398 1043 1498 1115 τῆς
1544 1045 1794 1114 εὐλογίας
1827 1045 1920 1116 ἕρ-

334 1150 429 1203 γον
471 1133 765 1208 καὶταύτῃ
802 1136 1075 1199 κάκείνοις
1113 1135 1413 1190 ἐπιτάττει.
1459 1135 1919 1205 Δυνατοὶίσχύϊ,

335 1225 650 1291 ποιοῦντες
701 1226 809 1279 τὸν
855 1226 1042 1295 λόγον
1093 1225 1301 1289 αὐτοῦ,
1342 1223 1452 1278 τοῦ
1504 1224 1763 1279 ἀκοῦσαι
1811 1222 1922 1291 τῆς

334 1316 541 1387 φωνῆς
574 1316 693 1371 τῶν
712 1320 911 1387 λόγων
929 1318 1138 1373 αὐτοῦ.
1166 1317 1247 1371 Τὰ
1268 1316 1368 1387 μὲν
1386 1316 1527 1370 κατὰ
1557 1317 1637 1381 σὲ,
1658 1316 1843 1386 φησὶν,
1875 1308 1921 1369 ὧ

333 1409 518 1482 ψυχὴ,
572 1408 850 1474 ἐξασθενεῖ
902 1409 1039 1481 πρὸς
1090 1409 1152 1463 τὺ
1202 1411 1323 1463 κατ’
1378 1408 1534 1474 ἀξίαν
1594 1410 1784 1479 ὑμνεῖν
1829 1408 1922 1461 τὸν

333 1503 499 1558 Θεόν·
533 1504 598 1556 ἐκ
633 1503 833 1574 μέρους
862 1501 919 1556 δὲ
959 1504 1107 1574 ὅμως
1140 1501 1297 1556 τοῦτο
1332 1503 1496 1556 ποίει.
1550 1500 1801 1566 "laetae,
1841 1501 1922 1558 ὅτι

334 1597 383 1652 οἱ
427 1594 646 1663 ἄγγελοι
673 1593 860 1661 αὐτοῦ,
888 1594 1103 1648 δυνατοὶ
1140 1593 1283 1665 ἰσχύϊ
1323 1595 1494 1659 ὄντες,
1528 1593 1622 1648 καὶ
1647 1580 1921 1647 datume-

334 1704 443 1749 τως
469 1685 559 1740 τὸν
603 1684 760 1753 λόγον
792 1684 955 1738 αὐτοῦ
989 1683 1289 1750 ποιοῦντες,
1322 1684 1461 1749 ἄξιοί
1492 1702 1550 1737 τε
1576 1684 1795 1739 ἀκούειν
1820 1682 1921 1753 τῆς

336 1777 521 1847 φωνῆς
561 1776 726 1830 αὐτοῦ
775 1776 1008 1830 καὶτῶν
1037 1777 1212 1847 λόγων
1256 1776 1443 1842 αὐτοῦ,
1480 1776 1800 1847 πρεπόντως
1825 1776 1920 1829 καὶ

336 1869 632 1937 κατ’ἀξίαν
666 1869 979 1938 εὐλογοῦσιν
1015 1869 1195 1923 αὐτόν.
1220 1869 1282 1922 Εἰ
1312 1870 1370 1923 δὲ
1395 1870 1491 1922 καὶ
1525 1871 1583 1921 ὲν
1609 1866 1919 1939 ἀνθρώποις

338 1959 446 2016 εἶέν
478 1979 622 2025 τινες
646 1962 737 2015 τὸν
771 1962 1053 2031 ίσάγγελον
1086 1961 1198 2032 βίον
1239 1960 1646 2032 μετερχόμενοι,
1689 1960 1784 2014 άτε
1823 1959 1920 2030 τὴν

336 2058 520 2111 εἰκόνα
566 2055 659 2109 τοῦ
706 2056 1029 2127 ἐπουρανίου
1074 2053 1387 2127 φοροῦντες,
1426 2053 1701 2124 ἰσχύοντες
1730 2054 1787 2107 δὲ
1828 2054 1923 2106 καὶ

337 2150 494 2203 αὐτοὶ
525 2150 693 2201 ποιεῖν
724 2148 815 2201 τὸν
846 2147 1003 2217 λόγον
1029 2146 1215 2212 αὐτοῦ,
1247 2145 1341 2200 καὶ
1370 2146 1587 2202 δυνατοὶ
1613 2145 1712 2216 τῆς
1740 2146 1923 2217 φωνῆς

338 2241 505 2296 αὐτοῦ
538 2240 853 2305 ὑπακούειν,
884 2238 1027 2293 κατά
1062 2240 1463 2311 τὸννφήσαντα·
1494 2236 1699 2292 Πάντα
1734 2238 1923 2306 ἰσχύω

338 2336 409 2388 ἐν
437 2332 516 2401 τῷ
543 2332 982 2403 ἐνδυναμοῦντί
1008 2348 1105 2401 με.
1158 2332 1267 2385 Καὶ
1312 2325 1478 2393 οὗτοι,
1520 2330 1796 2400 ἰσάγγελοι
1838 2328 1923 2383 δν-

338 2445 449 2493 τες,
499 2427 885 2496 εὐλογείτωσαν
930 2427 1123 2481 αὐτὸν.
1164 2425 1371 2497 Μηδεὶς
1417 2426 1475 2479 δὲ
1503 2425 1611 2479 τῶν
1644 2423 1920 2495 παραϐαι-

338 2519 534 2574 νόντων
565 2521 656 2573 τὸν
701 2520 856 2589 λόγον
886 2518 1051 2573 αὐτοῦ
1080 2521 1173 2573 καὶ⁴
1220 2518 1639 2590 παρακουόντων
1677 2517 1777 2587 τῆς
1807 2533 1921 2586 φω-

340 2612 436 2683 νῆς
459 2610 642 2676 αὐτοῦ,
678 2610 1127 2682 προπετέστερον,
1150 2608 1403 2680 τολμάτω
1431 2606 1590 2661 τοῦτο
1617 2609 1811 2660 ποιεῖν.

408 2702 727 2774 Εὑλογεῒτε
767 2703 876 2757 τὸν
916 2703 1154 2771 Κύριον,
1186 2700 1377 2756 πᾶσαι
1412 2703 1472 2754 αἱ
1500 2698 1785 2769 δυνάμεις
1812 2699 1920 2752 αὑ-

340 2796 464 2863 τοῦ,
515 2794 849 2867 λειτουργοὶ
894 2794 1102 2860 αὐτοῦ,
1136 2794 1452 2859 ποιοῦντες
1495 2792 1568 2846 τὰ
1620 2790 1925 2861 θελήματα

339 2889 545 2944 αὐτοῦ.
562 2890 621 2943 '0
646 2890 752 2960 μὲν.
765 2887 947 2953 Δαυῖδ,
976 2888 1272 2959 ἐπειδήπερ
1296 2886 1403 2938 εἰσὶ
1434 2886 1528 2939 καὶ
1551 2884 1922 2954 ἁντικείμεναι

341 2982 614 3053 δυνάμεις,
651 2981 857 3053 σφόδρα
896 2979 1212 3052 ἀναγκαίως
1245 2978 1497 3049 ἐπιφέρει
1535 2976 1623 3029 τό·
1659 2978 1925 3042 λειτουρ-

344 3074 431 3147 γοὶ
462 3071 670 3139 αὐτοῦ,
705 3072 1014 3139 ποιοῦντες
1049 3071 1125 3126 τὰ
1152 3070 1458 3141 θελήματα
1482 3068 1689 3131 αὐτοῦ,
1710 3068 1925 3131 δεικνὺς

2029 588 2114 635 ter
2156 582 2411 639 caelestes
2457 585 2688 641 virtutes
2725 586 2883 655 jubet
2912 589 3106 644 animae
3150 591 3314 646 saluti
3353 607 3596 663 congau-

2029 671 2196 739 dere,
2229 674 2530 729 secundum
2568 676 2673 732 hoc
2715 675 3021 735 Salvatoris
3066 680 3308 747 dictum,
3348 684 3591 750 scilicet,

2026 765 2286 834 gaudium
2320 766 2438 822 fore
2469 768 2523 822 in
2556 768 2696 824 ctelo
2730 784 2896 840 super
2938 788 3049 827 uno
3090 782 3375 843 peccatore
3421 777 3597 846 paeni-

2022 860 2249 915 tentiam
2299 869 2492 933 agente
2545 864 2588 895 “
2622 881 2636 918 :
2667 862 2765 919 sed
2811 866 2976 919 etiam
3021 882 3144 922 cum
3192 868 3430 925 hominis
3476 870 3596 925 ani-

2022 966 2169 1005 mam
2192 992 2208 1019 ,
2242 960 2359 1007 tum
2397 954 2649 1011 caelestes
2678 957 2915 1012 virtutes
2948 958 3004 1012 in
3052 958 3214 1014 tinem
3257 960 3405 1030 agit:
3450 961 3595 1017 idem

2025 1044 2171 1097 enim
2201 1045 2560 1102 benedicendi
2588 1063 2792 1104 munus
2823 1056 2935 1103 tam
2970 1050 3083 1115 illi,
3115 1067 3278 1121 quam
3310 1053 3433 1109 istis
3460 1069 3597 1123 prae-

2024 1136 2237 1190 scribit.
2272 1136 2519 1193 Potentes
2549 1141 2771 1205 virtute,
2800 1140 3051 1209 facientes
3078 1142 3287 1196 verbum
3317 1144 3499 1210 illius,
3527 1145 3597 1199 ad

2030 1228 2347 1283 audiendam
2392 1249 2563 1286 vocem
2603 1250 2903 1287 sermonum
2931 1236 3066 1306 ejus.
3103 1234 3260 1302 Quod
3294 1236 3361 1291 ad
3392 1245 3444 1293 te
3473 1253 3597 1309 spe—

1985 1355 1987 1357 ι
2025 1327 2172 1388 ctat,
2206 1336 2243 1375 0
2268 1323 2481 1387 anima,
2533 1326 2827 1381 imbecilla;
2852 1326 3179 1397 inﬁrmaque
3216 1344 3277 1383 es
3319 1328 3388 1383 ad
3427 1326 3597 1383 Deum

2028 1427 2129 1481 pro
2158 1412 2423 1482 dignitate
2454 1416 2881 1472 celebrandum:
2946 1427 3184 1473 attamen
3225 1418 3279 1473 id
3320 1434 3388 1473 ex
3443 1429 3600 1490 parte

2025 1505 2364 1574 exsequaris.
2409 1505 2563 1562 Scito
2597 1517 2779 1563 autem
2812 1510 3037 1579 angelos
3064 1510 3220 1581 ejus,
3252 1525 3377 1566 cum
3408 1520 3601 1581 poten-

2029 1603 2112 1652 tes
2134 1599 2341 1653 virtute
2362 1600 2473 1654 sint
2492 1639 2507 1664 ,
2530 1609 2585 1656 et
2613 1600 2987 1658 indesinenter
3007 1603 3232 1658 verbum
3258 1603 3351 1658 Dei
3372 1602 3599 1671 faciant,

2024 1688 2283 1761 dignique
2312 1693 2422 1748 sint
2444 1692 2539 1762 qui
2562 1709 2752 1749 vocem
2781 1702 2833 1749 et
2859 1711 3167 1751 sermonem
3190 1697 3311 1766 ejus
3338 1698 3563 1753 audiant
3582 1736 3598 1760 ,

2024 1784 2282 1840 decenter
2313 1801 2377 1840 ac
2401 1786 2668 1856 condigne
2699 1787 2804 1856 ipsi
2836 1787 3180 1845 benedicere.
3215 1789 3370 1855 Quod
3402 1790 3450 1844 si
3478 1794 3601 1860 qui-

2023 1878 2148 1932 dam
2185 1877 2327 1933 inter
2373 1878 2765 1945 hominessint
2794 1881 2889 1949 qui
2925 1880 3090 1935 vitam
3125 1882 3385 1953 angelica:
3414 1897 3597 1953 parem

2025 1968 2243 2032 ineunt,
2271 1977 2459 2039 utpote
2478 1970 2571 2041 qui
2596 1972 2888 2042 imaginem
2912 1974 3156 2030 caelestis
3177 1973 3598 2040 circumferant,
3662 2006 3667 2023 ς

2023 2075 2087 2113 ac
2118 2061 2223 2130 ipsi
2258 2076 2480 2131 quoque
2523 2063 2752 2117 verbum
2779 2063 2899 2133 ejus
2935 2066 3163 2135 exsequi
3194 2073 3249 2121 et
3276 2081 3464 2121 vocem
3496 2082 3598 2119 au.

2022 2152 2140 2207 dire
2164 2152 2420 2219 valeant,
2446 2153 2752 2210 secundum
2786 2170 2909 2209 eum
2942 2157 3038 2226 qui
3063 2156 3230 2221 dicit,
3265 2156 3458 2212 Omnia
3484 2174 3601 2227 pose

2022 2260 2145 2299 sum.
2192 2245 2247 2299 in
2292 2261 2351 2299 eo
2388 2247 2479 2316 qui
2525 2263 2606 2301 me
2638 2246 2906 2316 confurtat
2938 2248 3017 2315 ³²;
3062 2248 3118 2302 bi
3147 2263 3366 2319 quoque
3388 2249 3598 2320 angelis

2026 2350 2187 2405 pares
2208 2351 2341 2391 cum
2367 2337 2511 2403 sint,
2530 2338 2852 2393 benedicant
2879 2339 2949 2394 ei.
2977 2339 3146 2394 Nemo
3174 2347 3356 2395 autem
3381 2356 3596 2406 eorum,

2000 2429 2119 2498 ,qui
2149 2430 2377 2485 verbum
2412 2430 2532 2500 ejus
2562 2433 3043 2503 transgrediuntur
3071 2448 3137 2488 ac
3175 2434 3299 2489 voci
3328 2434 3449 2504 ejus
3486 2450 3600 2491 non

2026 2522 2432 2593 obtemperant,
2461 2531 2664 2579 temere
2693 2525 2797 2579 hoc
2821 2538 2980 2597 agere
3007 2536 3320 2596 praesumat.

2097 2697 2261 2757 Vens.
2298 2699 2389 2767 2i,
2417 2698 2508 2755 2‘2.
2548 2700 2846 2756 Benedicite
2874 2701 3123 2768 Domino,
3165 2720 3341 2760 omnes
3379 2705 3599 2763 virtutes

2022 2792 2160 2860 ejus,
2195 2793 2431 2848 ministri
2466 2793 2603 2862 ejus,
2640 2796 2731 2864 qui
2759 2796 2937 2864 facitis
2967 2795 3259 2852 voluntates
3285 2796 3418 2865 ejus.
3452 2796 3601 2864 Quov

2024 2885 2172 2939 niam
2211 2885 2539 2941 adversariae
2561 2900 2780 2957 quoque
2810 2887 3041 2942 virtutes
3076 2897 3227 2954 sunt,
3276 2888 3399 2944 ideo
3426 2888 3599 2943 David

2023 2977 2340 3033 necessario
2390 2977 2524 3033 illud
2554 2978 2765 3047 adjicit,
2822 2979 3057 3033 ministri
3097 2981 3233 3049 ejus,
3275 2982 3365 3050 qui
3418 2980 3598 3050 facitis

2025 3067 2320 3121 voluntates
2352 3067 2466 3136 ejus
2490 3083 2509 3121 :
2540 3067 2828 3122 declarans
2870 3082 3008 3137 quas
3058 3075 3111 3122 et
3139 3067 3448 3136 cujusmodi
3487 3068 3603 3122 vir-.-

337 3172 491 3234 τίνας
515 3167 876 3241 βούλεταιμκαὶ
901 3165 1092 3229 ὁποίας
1109 3163 1368 3235 δυνάμεις
1387 3162 1628 3230 εὐλογεῖν
1654 3161 1747 3215 τὸν
1767 3159 1919 3213 Θεόν·

2028 3168 2174 3215 tutes
2218 3158 2328 3214 Deo
2366 3158 2690 3214 benedicere
2740 3159 2870 3214 velit
2904 3177 2919 3213 :
2950 3175 3062 3214 non
3136 3174 3329 3215 omnes
3375 3158 3598 3229 quippe,

338 3266 421 3319 ὃτι
457 3263 531 3336 μὴ
562 3263 767 3327 πάσας,
801 3260 937 3331 μηδὲ
981 3257 1081 3322 τὰς
1128 3256 1395 3321 ἐναντίας,
1423 3254 1560 3309 ἀλλὰ
1618 3254 1775 3327 μόνος
1821 3252 1921 3316 τὰς

341 3354 497 3423 ἀξίας
544 3355 646 3418 τὰς
697 3355 759 3407 ἐν
797 3351 1075 3422 διαφόροις
1100 3349 1285 3414 τάξεσι
1308 3347 1724 3419 λειτουργούσας
1754 3343 1919 3416 αὐτῷ,

340 3451 456 3521 ἦτοι
491 3447 752 3509 ποιούσας
778 3443 942 3499 αὐτοῦ
972 3442 1034 3497 τὸ
1073 3442 1303 3513 θέλημα.
1337 3441 1653 3512 Λειτουργοὶ
1680 3440 1787 3510 γάρ
1819 3441 1923 3493 εἰσι

340 3538 474 3593 Θεοῦ
496 3538 752 3607 δυνάμεις
774 3531 1139 3605 ὑπερητοῦσαι
1160 3531 1309 3602 αὐτῷ
1330 3534 1409 3595 είς
1430 3530 1466 3585 ἃ
1488 3531 1731 3601 βούλεται
1753 3536 1925 3584 ποιεῖν

342 3630 408 3686 δι’
436 3627 616 3687 αὐτῶν
644 3628 730 3680 ἐπ’
760 3623 1052 3697 εὐεργεσίᾳ
1084 3625 1177 3678 καὶ
1201 3622 1439 3694 ὠφελείᾳ
1469 3622 1669 3685 παντός
1686 3639 1697 3651 ·
1725 3621 1807 3675 διὸ
1832 3621 1924 3674 καὶ

343 3724 517 3781 ποιεῖν
556 3720 626 3774 τὰ
670 3720 951 3792 θελήματα
977 3716 1142 3771 αὐτοῦ
1176 3716 1441 3788 εἴρηνται.
1471 3715 1787 3785 Εὑλογεῖτε
1819 3714 1927 3768 τὸν

344 3816 581 3884 Κύριον,
610 3812 808 3867 πάντα
828 3811 899 3865 τὰ
930 3810 1073 3879 ἔργα
1097 3808 1399 3874 αὐτοῦ,ἐνη
1419 3808 1598 3861 παντὶ
1625 3808 1787 3873 τόπῳ
1817 3806 1926 3875 τῆς

344 3906 700 3971 δεσποτείας
722 3904 928 3959 αὑτοῦ.
957 3901 1294 3971 Εὐλόγειηιή
1325 3900 1496 3970 ψυχή
1522 3916 1662 3969 μου,
1690 3899 1797 3953 τὸν
1813 3900 1927 3953 Κύ-

337 3998 576 4068 ριον.Ἥ
607 3996 708 4067 τῆς
740 3993 1063 4057 ἀκολουθίας
1105 3992 1314 4046 διάνοια
1359 3992 1549 4045 τοῦτον
1591 3990 1765 4044 ἔοικεν
1797 3992 1928 4043 ὐπο-

348 4088 562 4142 6άλλειν
600 4087 692 4140 τὸν
738 4084 895 4139 νοῦνο
928 4084 992 4138 Ei
1024 4082 1125 4156 μὲν
1154 4076 1517 4153 ἀγγέλωνῆν,
1548 4081 1701 4151 φησὶ,
1746 4080 1925 4151 μόνον,

348 4182 443 4236 καὶ
484 4181 645 4235 θείων
693 4178 977 4249 δυνάμεων
1012 4176 1107 4231 καὶ
1140 4174 1405 4248 οὐρανίων
1435 4172 1762 4244 λειτουργῶν
1791 4172 1925 4225 Θεοῦ

348 4274 411 4329 τὸ
428 4274 678 4341 ,εὐλογεῖν
706 4271 889 4336 αὐτὸν,
924 4268 1103 4332 καλῶς
1120 4267 1186 4323 ἂν
1211 4265 1375 4338 εἶχες,
1400 4259 1445 4320 ὦ
1475 4265 1639 4337 ψυχὴ,
1668 4265 1929 4318 ὑποστέλ-

346 4368 535 4423 λεσθαι
569 4365 788 4437 ἑαυτὴν,
807 4366 920 4428 τοῖς
950 4363 1222 4433 κρείττοσι
1245 4357 1649 4430 παραχωροῦσα
1664 4356 1759 4429 τὴν
1781 4355 1929 4409 εὐλο-

332 4459 503 4531 νγίαψ
540 4457 725 4527 ἐπειδὴ
749 4456 806 4509 δὲ
831 4456 859 4509 ὁ
894 4453 1037 4516 θεῖος
1060 4452 1217 4521 λόγος
1246 4453 1382 4504 πᾶσι
1410 4451 1523 4511 τοῖς
1556 4447 1736 4523 ἔργοις
1762 4445 1926 4500 αὐτοῦ

2030 3266 2210 3321 neque
2240 3251 2621 3319 adversarias;
2657 3251 2763 3307 sed
2779 3252 2955 3306 solum
2988 3266 3083 3308 eas
3107 3251 3427 3321 quaedignae
3446 3259 3598 3314 sunt,

2026 3351 2081 3399 et
2103 3342 2272 3398 variis
2300 3341 2720 3419 ordinibus.ip.si
2748 3343 3080 3407 ministrant,
3112 3342 3228 3398 sive
3248 3356 3368 3414 quae
3392 3341 3603 3398 faciunt

2024 3436 2367 3491 voluntatem
2411 3434 2553 3505 ejus.
2597 3433 2735 3489 Nam
2780 3434 3022 3491 ministri
3062 3434 3158 3490 Dei
3207 3443 3337 3490 sunt
3370 3435 3602 3490 virtutes

2027 3528 2133 3598 ipsi
2164 3527 2233 3583 ad
2275 3526 2530 3598 quaslibet
2556 3542 2793 3582 munera
2830 3542 2929 3596 pro
2973 3526 3240 3581 beneﬁcio
3268 3532 3324 3581 et
3367 3527 3603 3581 utilitate

2027 3620 2273 3677 universi
2309 3619 2686 3673 ministrantes
2717 3637 2730 3672 :
2758 3633 2930 3688 quare
2953 3618 3265 3673 voluntates
3289 3617 3410 3687 ejus
3443 3634 3603 3677 exse:

2028 3713 2121 3783 qui
2157 3712 2436 3767 dicuntur.
2463 3710 2764 3771 Benedicite
2797 3709 3049 3775 Domino,
3072 3709 3252 3763 omnia
3280 3723 3438 3777 opera
3462 3708 3600 3778 ejus,

2029 3808 2084 3861 in
2104 3808 2247 3862 omni
2273 3806 2386 3859 loco
2419 3802 2802 3873 dominationis
2830 3802 2966 3870 ejus.
2991 3800 3239 3868 Benedic,
3262 3801 3442 3853 anima
3461 3816 3598 3865 utea,

2028 3898 2279 3952 Domino.
2312 3894 2439 3949 Haec
2468 3876 2632 3949 seriei
2656 3906 2809 3969 mens
2833 3898 2886 3945 et
2916 3890 3186 3945 sententia
3211 3889 3425 3944 videtur
3441 3904 3600 3951 esse;

2035 3989 2096 4043 Si
2122 3987 2464 4058 angelorum,
2496 3984 2696 4054 inquit,
2722 3976 3105 4054 solummodo,
3146 3980 3456 4035 divinarum
3488 3979 3603 4039 vir-,y

2030 4088 2231 4143 tutum,
2256 4078 2677 4151 coelestiumque
2707 4072 2804 4129 Dei
2833 4072 3211 4127 ministrorum
3246 4070 3481 4127 oﬂicium
3513 4086 3605 4128 es-

2032 4180 2115 4228 set
2138 4172 2244 4243 ipsi
2273 4170 2617 4233 benedicere,
2657 4176 2806 4223 recte
2832 4180 3042 4235 posses,
3073 4178 3107 4217 o
3145 4164 3347 4227 anima,
3385 4171 3436 4218 te
3464 4177 3601 4223 con:

2029 4264 2225 4326 tinere,
2252 4278 2316 4317 ac
2343 4268 2398 4316 te
2420 4258 2738 4315 melioribus
2759 4254 3196 4311 benedictionem
3222 4254 3447 4321 cedere;
3472 4253 3631 4322 quia.

2031 4369 2163 4411 vero
2202 4354 2423 4409 divinus
2458 4364 2639 4407 sermo
2662 4347 2879 4403 cunctis
2912 4347 3033 4415 ejus
3063 4346 3321 4416 operibus
3352 4344 3625 4415 praecipit‘

2032 4456 2093 4503 ut
2125 4446 2358 4503 Domino
2392 4442 2753 4509 benedicant;
2790 4456 2889 4513 par
2913 4449 2993 4497 est
3025 4440 3171 4493 enim
3201 4451 3417 4491 omnem
3447 4450 3605 4493 crea-

352 4525 593 4623 εὐλογεῖν
614 4551 703 4604 τὸν
715 4525 805 4605 ῨΚύ
816 4564 927 4621 ριον
947 4546 1306 4619 προστάττει·
1334 4543 1600 4614 προσήκει
1624 4540 1730 4611 γὰρ
1746 4541 1924 4593 πᾶσαν

2032 4548 2210 4594 turam
2260 4551 2363 4607 pro
2413 4534 2692 4599 facultate,
2744 4536 3136 4601 congruentem
3180 4525 3291 4581 Deo
3342 4526 3603 4596 hymnum

352 4645 450 4719 τὴν
492 4645 669 4698 κτίσιν
717 4640 857 4696 κατά
901 4638 999 4711 τὴν
1046 4638 1213 4709 αὐτῆς
1255 4636 1481 4707 δύναμιν
1513 4634 1603 4687 τὸν
1650 4633 1924 4704 πρέποντα

2030 4629 2300 4693 emittere,
2331 4626 2463 4697 quid
2498 4624 2798 4688 cunctaris,
2820 4636 2855 4675 ο
2888 4619 3104 4675 anima?
3143 4615 3396 4687 Nunquid
3439 4622 3629 4675 etiam.

356 4739 522 4811 ὓμνον
546 4734 855 4791 ἀποδιδόναι
882 4731 960 4803 τῷ
991 4729 1109 4801 Θεῷ
1127 4746 1140 4760 ·
1175 4728 1227 4781 τί
1260 4726 1492 4799 μέλλεις,
1518 4719 1562 4778 ὦ
1584 4725 1728 4811 ψυχή
1751 4742 1766 4791 ;
1796 4726 1929 4795 Οὐχὶ

356 4810 450 4884 καὶ
476 4828 635 4899 αὐτὴ,
668 4825 764 4880 ἆτε
815 4823 974 4892 ἔργον
1021 4821 1121 4873 οὐκ
1169 4815 1638 4887 εὐκαταφρόνητον
1671 4810 1802 4866 οὖσα
1833 4812 1926 4867 τοῦ

356 4922 514 4988 Θεοῦ,
542 4919 678 4974 ἀλλά
707 4917 827 4972 κατ’
854 4914 1033 4970 εἰκόνα
1059 4909 1251 4967 ἑαυτοῦ
1286 4909 1651 4979 πεποιημένη,
1672 4904 1927 4976 ἀνεγείρῃ

358 5013 589 5085 σεαυτὴν
634 5012 727 5064 ἐπὶ
770 5010 869 5081 τὴν
913 5005 1190 5074 θεολογίαν
1228 5002 1320 5055 καὶ
1353 5001 1596 5069 εὐλογίαν
1631 4999 1724 5053 τοῦ
1754 4996 1926 5061 Θεοῦ;

368 5104 588 5176 Ἐπειδὴ
616 5106 650 5174 ἡ
676 5099 959 5156 δεσποτεία
987 5098 1171 5162 αὐτοῦ,
1208 5099 1346 5152 κατά
1371 5094 1431 5148 τὸ
1454 5093 1763 5166 εἰρημένον,
1795 5091 1931 5146 πάν-

356 5217 462 5254 των
481 5193 753 5260 δεσπόζει,
784 5190 1071 5263 οὐρανίων,
1090 5190 1365 5255 ἐπιγείων,
1394 5184 1780 5255 καταχθονίων,
1799 5183 1931 5241 ἀκο-

357 5288 563 5351 λούθως
603 5285 781 5339 πάντα
806 5283 875 5336 τὰ
902 5280 1037 5352 ἔργα
1066 5277 1254 5345 αὐτοῦ,
1288 5278 1363 5341 ὡς
1396 5275 1461 5330 ἂν
1495 5276 1599 5328 ὑπὸ
1636 5273 1734 5345 τὴν
1766 5270 1930 5325 αὐτοῦ

356 5376 670 5435 δεσποτείαν
693 5375 843 5437 ὅντα,
865 5372 936 5425 τὰ
978 5369 1265 5441 σύμπαντα
1291 5366 1420 5437 γὰρ,
1452 5365 1603 5437 φησι,
1633 5362 1795 5418 δοῦλα
1842 5361 1930 5426 σὰ,

357 5472 433 5536 ὡς
466 5470 766 5540 ποιήματα,
797 5463 1082 5533 εὐλογείτω
1132 5462 1312 5515 αὐτόν.
1343 5461 1453 5514 Καὶ
1499 5459 1614 5521 πῶς
1654 5455 1933 5525 εύλογοῦσι

359 5562 431 5617 τὰ
454 5562 621 5630 ἄλογα
652 5561 747 5613 καὶ
774 5559 843 5613 τὰ
868 5557 1084 5627 adnixa;
1132 5555 1219 5617 Ὡς
1241 5554 1458 5623 οὐρανοὶ
1497 5551 1807 5623 διηγοῦνται
1851 5549 1933 5601 δό-

364 5655 462 5723 ξαν
501 5653 634 5707 Θεοῦ
656 5694 670 5719 ,
701 5651 919 5714 πάντως
947 5649 1067 5709 ἀντὶ
1101 5646 1287 5717 φωνῆς
1323 5644 1578 5717 χρώμενα
1606 5646 1672 5716 τῇ
1706 5643 1824 5713 ὄψει
1855 5644 1933 5706 εἰς

438 5831 485 5865 ³³
520 5831 656 5889 Luc.
691 5847 779 5899 xv,
817 5831 868 5885 7.
945 5830 988 5863 ³²
1027 5827 1259 5899 Philipp.
1298 5841 1371 5891 1v,
1410 5825 1498 5881 15.

2032 4723 2173 4791 ipsa,
2200 4725 2396 4788 utpote
2420 4731 2559 4786 opus
2582 4713 2677 4769 Dei
2703 4728 2813 4767 non
2844 4708 3234 4781 spernendum,
3268 4707 3363 4762 sed
3379 4707 3447 4763 ad
3467 4707 3606 4761 ima-

2036 4816 2216 4886 ginem
2249 4813 2371 4883 ejus
2403 4810 2629 4873 factum,
2663 4806 3008 4874 temetipsum
3048 4804 3257 4859 excitas
3292 4801 3359 4855 ad
3388 4801 3628 4863 divinas.

2031 4905 2224 4961 laudes
2245 4911 2299 4959 et
2332 4902 2402 4957 ad
2431 4896 2863 4956 benedicendum
2888 4894 3033 4950 Deo?
3061 4891 3328 4959 Quoniam
3361 4891 3606 4947 domina-

2034 4998 2110 5051 tio
2138 4996 2282 5064 ejus,
2326 5001 2386 5048 ut
2418 4993 2631 5047 dictum.
2657 4997 2762 5053 est,
2798 4988 3053 5043 onmibus
3096 4986 3328 5054 imperat
3366 4981 3621 5041 cmlestir-

2036 5089 2162 5153 bus,
2209 5086 2564 5142 terrestribus
2613 5090 2668 5139 et
2714 5080 2977 5146 infernis;
3026 5079 3149 5132 ideo
3204 5076 3402 5131 omnia.
3438 5090 3608 5146 opera

2034 5182 2175 5253 ejus,
2220 5186 2409 5249 utpote
2434 5177 2606 5247 ipsius
2639 5170 3000 5228 dominationi
3036 5166 3275 5232 subdita,
3304 5163 3411 5234 ipsi
3440 5164 3607 5220 bene-

2034 5275 2239 5331 dicant.
2270 5270 2408 5325 Nam
2429 5267 2634 5334 omnia,
2672 5258 2870 5335 inquit,
2904 5262 3001 5315 tibi
3029 5259 3462 5327 subdita,utpote
3486 5255 3606 5324 opi-

2038 5367 2163 5422 ticia
2189 5373 2305 5429 tua,
2336 5360 2661 5418 benedicere
2688 5356 2786 5412 tibi
2816 5354 3033 5411 debent.
3067 5349 3133 5403 Et
3154 5347 3427 5421 quomodo
3448 5346 3608 5402 bene-

2035 5459 2222 5514 dicant
2248 5453 2649 5510 irrationabilia
2677 5457 2730 5505 et
2762 5446 3102 5503 inanimata?
3143 5444 3262 5510 Quo
3292 5439 3453 5497 modo
3479 5438 3606 5494 caeli

2035 5560 2295 5607 enarrant
2324 5547 2553 5620 gloriam
2580 5544 2695 5609 Dei,
2736 5541 2827 5611 qui
2857 5555 2989 5595 sane
3034 5542 3331 5607 conspectu
3368 5549 3469 5589 suo
3503 5546 3623 5589 ceu.

2039 5661 2191 5713 voce,
2242 5643 2309 5699 ad
2348 5637 2708 5699 exhibendam
2736 5632 2834 5692 Dei
2864 5633 3122 5690 virtutem
3166 5636 3396 5686 utuntur
3424 5646 3437 5682 :
3466 5628 3635 5681 unde~
