3992 6404
450 345 584 400 1271

1170 342 1443 399 EUSEBII
1478 340 1957 399 CIESARIENSIS
1989 341 2039 399 0'

2179 342 2357 399 PARS
2396 343 2484 400 111.
2522 374 2594 386 -
2632 344 3045 401 ΕΧΕΟΕΤΙΟΑ.

3561 345 3714 401 1272

446 478 549 534 ego
572 463 834 518 laudandi
863 466 1209 518 occasionem
1249 462 1484 534 accipio,
1514 471 1571 521 et
1606 462 1674 518 ad
1703 462 2019 519 Creatorem

2143 462 2360 534 Ξμφασιν
2392 463 2491 535 τῆς
2520 463 2669 528 θείας
2698 465 2982 536 δυνάμεως
2999 481 3014 495 ·
3049 464 3179 535 παρ’
3208 453 3289 518 ὧν
3306 463 3418 533 ἐγὼ
3441 464 3717 535 λαμϐάνω

445 554 835 610 celebrandum
873 568 1162 624 provocor.
1205 552 1274 609 Et
1312 555 1451 612 alias
1493 556 1672 612 solent
1702 556 2023 626 plerumque

446 648 728 719 prophetae
748 648 912 702 etiam
940 647 1371 704 irrationabilem
1396 656 1650 704 naturam
1682 649 1749 703 ad
1775 648 1871 705 Dei
1905 650 2023 703 lau-

449 740 551 794 des
606 738 911 795 eﬂ'erendas
959 755 1262 805 assumere,
1319 741 1480 812 quasi
1525 741 1869 797 rationabilis
1911 756 2023 815 non

447 830 703 899 sulIiciat,
742 832 821 885 uti
849 846 1038 887 revera
1066 833 1222 902 pueri
1260 833 1316 887 in
1358 834 1577 889 camino
1606 834 1874 890 fecerunt.
1907 833 2025 889 Cae-

447 931 625 979 terum
659 926 916 981 omnibus
946 927 1003 981 in
1035 926 1172 983 locis
1209 943 1408 983 canere
1434 925 1636 983 Iudaeis
1681 944 1789 983 non
1825 942 2027 983 conve-

445 1018 550 1073 nit.
599 1016 681 1072 Illi
724 1018 926 1089 quippe
974 1020 1044 1074 ab
1078 1020 1147 1075 iis
1173 1020 1267 1089 qui
1319 1035 1378 1075 se
1414 1020 1472 1075 in
1522 1021 1892 1092 captivitatem
1928 1020 2025 1074 ab-

448 1110 744 1177 duxerant,
794 1111 852 1164 in
894 1110 1174 1182 Babylone
1224 1127 1290 1167 ex
1334 1113 1572 1169 canticis
1627 1112 1759 1167 Sion
1802 1120 2027 1168 cantare

446 1199 614 1269 jussi,
652 1200 929 1268 dixerunt,
979 1210 1032 1257 et
1059 1201 1280 1272 quidem
1317 1203 1619 1258 secundum
1648 1204 1820 1273 legem
1864 1218 2028 1272 agen-

448 1290 880 1357 tes:Quomodo
937 1294 1163 1346 cantabo
1215 1296 1485 1347 canticum
1509 1294 1725 1347 Domini
1771 1295 1828 1347 in
1886 1303 2028 1347 terra

450 1381 627 1436 aliena
645 1385 734 1437 "‘i
761 1384 931 1440 Nobis
956 1395 1135 1440 autem
1198 1387 1416 1442 divinus
1453 1388 1747 1457 Apostolus
1785 1386 2029 1457 praecipit

450 1478 513 1525 ut
556 1472 613 1527 in
664 1476 812 1529 omni
874 1477 994 1531 loco
1044 1485 1270 1533 orantes
1324 1479 1602 1533 elevemus
1648 1488 1868 1534 sanctas
1912 1492 2030 1532 ma-

450 1578 560 1621 nus
602 1565 668 1621 ³¹⁵.
723 1566 964 1637 ldipsum
1032 1569 1299 1625 Dominus
1355 1570 1610 1628 Christus
1673 1571 2031 1627 Samaritana:

453 1652 614 1719 dixit,
651 1656 878 1712 localem
927 1659 1305 1715 adorationem
1334 1661 1402 1715 de
1432 1662 1611 1716 medio
1655 1662 1876 1723 tollens,
1913 1662 2033 1715 cul-

385 1792 387 1795 .
452 1752 680 1816 tumque
700 1747 903 1805 docens
926 1750 978 1805 in
1008 1750 1215 1820 Spiritu
1244 1762 1297 1807 et
1323 1753 1551 1808 veritate
1570 1753 1937 1808 exhibendum
1962 1754 2026 1807 ³⁵.

994 1863 1317 1921 PSALMUS
1354 1865 1485 1922 Cll].

530 1948 699 2007 Vnus.
755 1952 807 2018 1,
856 1954 915 2008 2.
960 1954 1204 2020 Benedic,
1261 1960 1461 2020 anima,
1521 1956 2034 2013 Domino:Domine

439 2035 597 2096 ’.οδω
635 2058 803 2105 meus,
850 2047 1221 2115 magniﬁcatus
1266 2064 1318 2101 es
1360 2049 2034 2119 vehementer:confessio-

451 2148 572 2189 rtem
603 2142 653 2187 et
688 2133 927 2189 decorem
956 2136 1202 2202 induisti,
1231 2140 1457 2191 amictus
1501 2140 1695 2193 lumine
1720 2142 1855 2193 sicut
1885 2143 2037 2194 uesti-

453 2233 649 2281 mento.
677 2228 723 2280 A
753 2235 1134 2283 creaturarum
1168 2231 1569 2299 magnitudine,
1604 2233 1949 2303 providentia
1982 2241 2036 2288 et

452 2317 720 2373 varietate
756 2317 988 2373 docetur
1038 2320 1221 2374 anima
1263 2322 1499 2391 gaudere
1549 2339 1611 2377 ac
1652 2323 1905 2379 ﬁduciam
1950 2340 2037 2380 su-

453 2423 643 2465 mere:
678 2410 755 2464 ita
788 2419 849 2465 ut
887 2413 942 2467 in
975 2428 1043 2469 eo
1086 2414 1372 2485 glorietur,
1408 2431 1471 2469 ac
1501 2416 1792 2470 Dominum
1837 2416 2037 2473 Deum-

456 2515 565 2571 que
590 2515 751 2556 suum
779 2518 1038 2574 magnum
1069 2513 1347 2561 tantarum
1374 2523 1557 2562 rerum
1582 2509 1833 2578 opificem
1863 2508 2037 2563 ascri-

453 2592 574 2659 bat,
612 2610 850 2666 eumque
901 2598 1007 2652 sibi
1056 2601 1342 2670 proprium
1386 2602 1643 2670 praedicet
1682 2618 1808 2655 eum
1838 2602 2036 2656 all'ectu

348 2700 349 2707 ‘
455 2686 671 2752 dicens,
709 2688 932 2744 Domine
963 2690 1107 2745 Deus
1152 2709 1320 2748 meus.
1365 2692 1759 2761 Confessionem
1793 2703 1843 2748 et
1883 2695 2037 2748 deco-

443 2794 571 2866 lrem
599 2778 841 2847 induisti,
862 2784 1089 2837 amictus
1113 2784 1306 2838 lumine
1328 2785 1464 2837 sicut
1488 2787 1815 2840 vestimento.
1842 2784 2040 2851 Quem-

444 2869 755 2963 iadmodum
787 2875 835 2929 is
868 2877 961 2945 qui
1005 2877 1249 2931 sensibili
1288 2878 1616 2932 vestimento
1648 2876 1916 2942 induitur,
1942 2894 2039 2932 un-

2122 555 2216 609 τοῦ
2250 555 2438 626 ὑμνεῖν
2482 556 2583 620 τὰς
2635 558 2910 628 ἀφορμὰς,
2944 558 3037 611 καὶ
3083 556 3339 628 κινοῦμαι
3368 556 3507 628 πρὸς
3534 559 3719 628 εὐφη-

2127 648 2256 719 μίαν
2290 648 2384 702 τοῦ
2419 648 2941 713 κτίσαντος.Ἂλλως
2974 662 3032 701 τε
3061 647 3313 702 εἰώθασιν
3343 649 3393 701 oi
3429 650 3715 720 προφῆται

2123 742 2220 795 καὶ
2262 740 2362 813 τὴν
2392 742 2587 811 ἄλογον
2624 741 2787 811 φύσιν
2833 742 3093 805 πολλάκις
3137 742 3583 813 παραλαμϐάνειν
3622 745 3720 807 είς

2124 834 2400 904 εὐφημίαν
2426 832 2524 886 τοῦ
2558 832 2715 899 Θεοῦ,
2742 832 2818 899 ὡς
2845 834 2945 887 οὐκ
2975 833 3303 906 ἀποχρώσης
3325 835 3425 905 τῆς
3460 834 3714 905 λογικῆς,

2125 927 2375 998 καθάπερ
2406 926 2598 997 ἀμέλει
2635 928 2729 980 καὶ
2770 927 2821 979 οἱ
2866 926 3055 990 παῖδες
3089 928 3147 979 ἐν
3187 930 3254 998 τῇ
3291 928 3522 998 καμίνῳ.
3558 928 3720 999 Πλὴν

2124 1021 2186 1074 τὸ
2214 1022 2273 1075 ὲν
2306 1022 2467 1074 παντὶ
2488 1021 2640 1090 τόπῳ
2665 1019 2810 1091 ᾄδειν
2846 1020 2945 1088 οὐχ
2978 1018 3236 1090 ἁρμόττει
3264 1022 3374 1082 τοῖς
3413 1020 3715 1082 Ἰουδαίοις.

2137 1114 2365 1167 Ἐκεῖνοι
2398 1112 2524 1184 γὰρ,
2562 1112 2668 1166 ὑπὸ
2698 1112 2807 1164 τῶν
2860 1111 3367 1183 ἀνδραποδισάντων
3394 1107 3519 1183 ᾆσαι
3543 1128 3721 1184 προσ-

2126 1203 2416 1274 ταχθέντες
2462 1204 2526 1256 ὲκ
2563 1202 2670 1256 τῶν
2710 1202 2864 1273 ᾠδῶν
2907 1202 3044 1255 Σιὼν
3070 1205 3128 1254 ὲν
3155 1202 3454 1266 Βαϐυλῶνι,
3484 1203 3716 1271 ἔφασαν,

2127 1296 2349 1366 ἔννομον
2385 1294 2654 1366 δρῶντες’
2687 1296 2822 1361 Πῶς
2860 1294 3080 1363 ᾄσομαι
3125 1295 3242 1362 τὴν
3289 1294 3454 1362 ᾠδὴν
3490 1297 3720 1364 Κιιρίου

2127 1391 2225 1443 ἐπὶ
2260 1387 2370 1459 γῆς
2386 1390 2725 1456 ἀλλοτρίας.
2745 1390 2907 1460 Ἡμῖν
2929 1389 2984 1441 δὲ
3006 1390 3035 1440 ὁ
3067 1388 3211 1451 θεῖος
3229 1388 3551 1451 Ἀπόστολος
3575 1407 3721 1461 παρ-

2130 1483 2303 1553 εγγυᾷ
2336 1483 2393 1534 ὲν
2433 1482 2597 1534 παντὶ
2638 1482 2789 1551 τόπῳ
2833 1481 3292 1552 προσευχομένοις
3325 1482 3498 1551 αἴρειν
3537 1482 3722 1542 ὁσίους

2131 1579 2337 1646 χεῖρας.
2371 1576 2541 1628 Τοῦτο
2571 1576 2664 1628 καὶ
2694 1575 2723 1626 ὁ
2763 1575 3028 1644 δεσπότης
3057 1574 3291 1647 Χριστὸς
3323 1573 3459 1644 πρὸς
3490 1573 3589 1643 τὴν
3620 1573 3721 1626 Σα-

2136 1668 2383 1737 μαρεῖτιν
2410 1666 2534 1736 ἔφη,
2559 1667 2657 1736 τὴν
2690 1665 2918 1736 τοπικὴν
2947 1664 3185 1735 ἀναιρῶν
3218 1662 3720 1735 προπύνησιν,τὴν

2131 1757 2188 1810 δὲ
2220 1760 2280 1811 ἐν
2295 1758 2573 1829 Πνεύματι
2601 1758 2690 1811 καὶ
2722 1756 3233 1829 άληθείᾳὶδιδάσκων
3262 1756 3535 1825 λατρείαν.

2701 1870 2997 1923 ΨΑΛΜΟΣ
3022 1870 3120 1922 PF’

2208 1968 2482 2034 Εὑλόγει,
2515 1964 2553 2031 ὴ
2602 1965 2772 2033 ψυχή
2813 1983 2954 2033 μου,
3000 1963 3111 2019 τὸν
3158 1966 3416 2028 Κύριον·
3469 1965 3645 2033 Κύριε
3686 1968 3721 2018 ὁ

2140 2062 2284 2124 Θεός
2313 2078 2432 2128 μου
2454 2098 2467 2119 ,
2494 2059 2902 2127 ἑμεγαλύνθης
2954 2057 3225 2127 σφόδρα·
3282 2057 3721 2127 ἐξομολόγησιν

2137 2152 2235 2205 καὶ
2281 2149 2644 2216 εὐπρέπειαν
2685 2148 2954 2202 meum
2980 2188 2994 2213 ,
3051 2149 3543 2217 ἀναϐαλλόμενος
3594 2146 3719 2215 φῶς

2136 2242 2219 2308 ὡς
2264 2239 2513 2309 ἱμάτιον.
2563 2238 2661 2291 Διά
2695 2240 2793 2308 τῆς
2816 2239 2922 2291 τῶν
2951 2240 3265 2309 κτισμάτων
3317 2237 3717 2311 μεγαλουργίας

2138 2336 2231 2388 καὶ
2262 2333 2519 2405 προνοίας
2565 2334 2659 2386 καὶ
2706 2332 3080 2404 ποικιλότητος
3112 2334 3325 2405 χαίρειν
3363 2332 3428 2404 δὴ
3455 2332 3516 2385 ὲν
3539 2331 3716 2400 ταύτῷ

2138 2426 2234 2481 καὶ
2260 2426 2460 2498 Θάρσος
2486 2424 2886 2495 ἀναλαμϐάνειν
2913 2425 3224 2479 διδάσκεται
3250 2427 3283 2495 ἡ
3313 2424 3481 2496 ψυχὴ,
3512 2423 3597 2478 διὰ
3625 2421 3719 2477 τοῦ

2141 2517 2519 2589 σεμνύνεσθαι,
2548 2518 2640 2571 καὶ
2671 2518 2873 2588 Κύριον
2905 2519 3103 2589 ἑαυτῆς
3132 2519 3228 2572 καὶ
3246 2518 3378 2572 Θεὸν
3398 2518 3513 2571 τῶν
3530 2516 3715 2570 τοσού-

2137 2630 2246 2665 των
2269 2611 2640 2681 μεγαλουργὸν
2666 2608 3088 2682 ὲπιγράφεσθαι,
3115 2614 3209 2665 καὶ
3236 2611 3717 2665 ἰδιοποιεῖσθαιαὺ-

2137 2703 2229 2757 τὸν
2281 2706 2339 2756 ὲν
2385 2703 2463 2775 τῷ
2513 2704 2727 2772 λέγειν·
2773 2703 2827 2755 '0
2871 2704 3013 2770 Θεός
3059 2722 3199 2773 μου,
3235 2705 3371 2776 μετά
3411 2704 3715 2769 διαθέσεως,

2139 2794 2578 2864 ἐξομολόγησιν
2617 2795 2713 2848 καὶ
2764 2794 3128 2863 εὐπρέπειαν
3152 2796 3439 2862 ἐνεδύσω,
3464 2797 3721 2851 ἀναϐαλ-

2140 2890 2396 2958 λόμενος
2454 2886 2580 2957 φῶς
2631 2888 2711 2954 ὡς
2763 2887 3014 2957 ἱμάτιον.
3059 2888 3145 2952 Ὠς
3207 2891 3236 2941 ό
3291 2888 3716 2959 ἀναϐαλλόμενος

444 2964 630 3055 ἱὸἱηυο
671 2970 909 3038 tegitur;
941 2971 1021 3024 sic
1069 2972 1215 3039 quod
1265 2967 1362 3024 Dei
1395 2970 1579 3024 lumen
1635 2970 1898 3024 sustineri
1941 2984 2039 3024 ne—

2143 2977 2396 3049 αἰσθητὸν
2444 2977 2657 3049 ἱμάτιον
2692 2976 2958 3031 πάντοθεν
2989 2977 3347 3045 καλύπτεται,
3377 2977 3520 3031 οὕτω
3554 2977 3616 3030 τὸ
3651 2978 3718 3048 μὴ

457 3066 646 3128 queat,
685 3059 1290 3130 incomprehensibilem
1332 3076 1454 3116 esse
1497 3062 1645 3116 illius
1677 3062 2036 3117 substantiam

2143 3069 2395 3123 δύνασθαι
2446 3070 2687 3141 διασχεῖν
2730 3069 2791 3122 τὸ
2839 3070 2965 3140 περὶ
2997 3070 3087 3122 τὸν
3120 3070 3250 3124 Θεὸν
3282 3069 3416 3139 φῶς,
3452 3068 3723 3139 ἀκατάλη-

446 3140 727 3235 :declarat.
766 3152 872 3208 Sed
899 3155 1032 3223 quid
1077 3154 1180 3218 ais,
1227 3170 1259 3209 0
1308 3154 1517 3208 David?
1545 3154 1891 3225 Evangelista
1920 3155 1997 3208 ait
2024 3173 2036 3207 :

2148 3180 2281 3215 πτον
2308 3161 2473 3216 αὐτοῦ
2510 3163 2607 3232 τὴν
2637 3161 2828 3215 οὐσίαν
2874 3161 3402 3235 παρίστησιν.Ἀλλά
3439 3162 3491 3215 τί
3524 3163 3647 3232 φῂς,
3680 3155 3725 3214 ὦ

446 3241 589 3314 “Ipse
620 3253 698 3300 est
749 3246 842 3300 lux
891 3262 1034 3311 vera,
1071 3262 1188 3316 qua:
1232 3248 1499 3301 illuminat
1537 3264 1743 3315 omnem
1780 3247 2041 3301 hominem

459 3337 752 3392 uenientem
788 3337 845 3391 in
884 3336 1021 3391 hunc
1054 3338 1309 3391 mundum
1328 3340 1393 3391 ³⁸.
1443 3337 1648 3393 Paulus
1700 3354 1833 3394 vero
1884 3338 2039 3402 dicit,

458 3429 642 3500 ipsum
682 3430 858 3483 lucem
908 3429 1220 3485 inhabitare
1269 3432 1729 3495 inaccessibilem,
1773 3439 1826 3487 et
1860 3439 1919 3485 tu
1963 3431 2043 3485 ais

460 3523 644 3593 ipsum
668 3523 874 3577 lumine
900 3523 1054 3577 indui
1084 3524 1228 3580 sicut
1254 3525 1621 3580 vestimento?
1647 3503 1847 3580 Viden’
1869 3538 2046 3591 neque

459 3614 808 3686 prophetam,
842 3630 1021 3686 neque
1054 3615 1470 3687 evangelistam,
1524 3630 1702 3686 neque
1736 3615 2044 3687 apostolum

463 3721 631 3776 posse
656 3722 777 3763 eam
812 3709 1120 3763 claritatem
1166 3708 1492 3778 complecti;
1525 3708 1619 3762 sed
1652 3722 1682 3761 a
1731 3706 2046 3761 nominibus

464 3797 615 3869 apud
654 3814 757 3855 nos
787 3800 1008 3855 usitatis
1035 3798 1299 3869 paulatim
1330 3798 1713 3861 ascendentes,
1752 3800 2046 3851 obscuram

464 3871 756 3961 quamdam
797 3890 1088 3945 ineﬂ‘abilis
1132 3890 1282 3945 illius
1332 3888 1520 3960 gloria:
1553 3889 1925 3959 cognitionem
1968 3887 2047 3940 af-

465 3980 653 4037 ferre?
682 3980 822 4048 Quia
862 3982 1010 4035 enim
1050 3982 1304 4051 ignorant
1335 3996 1458 4049 quae
1490 3980 1561 4034 sit
1592 3978 1683 4032 illa
1715 3977 2043 4040 substantia,

470 4088 505 4128 a
549 4074 717 4130 rebus
766 4075 910 4145 apud
966 4089 1069 4129 nos
1105 4074 1425 4145 conspicuis
1471 4086 1573 4143 pro
1596 4070 1855 4127 facultate
1898 4070 2047 4125 illam

470 4164 762 4236 complecti
794 4171 1082 4222 conantur.

542 4345 711 4403 Vens.
761 4348 817 4411 5,
848 4346 903 4402 4.
945 4344 1247 4401 Extendens
1294 4347 1483 4400 caelum
1525 4347 1663 4401 sicut
1704 4344 1914 4414 pellem,
1947 4345 2051 4415 'qui

470 4441 597 4512 tegit
625 4440 777 4511 aquis
813 4440 1089 4509 superiora
1111 4439 1224 4509 ejus
1254 4456 1271 4493 :
1300 4442 1390 4511 qui
1414 4441 1560 4510 ponit
1593 4438 1753 4493 nubes
1775 4455 2050 4493 ascensum

2144 3256 2337 3321 Δαυῖδς
2402 3257 2458 3309 '0
2506 3254 2897 3325 εὐαγγελιστης
2958 3273 3156 3325 φησιν·
3202 3256 3321 3309 Ὅτι
3370 3257 3549 3320 αὐτός
3597 3256 3723 3308 ἐστι

2144 3346 2271 3414 φῶς
2325 3344 2635 3412 ἀληθινὸν,
2687 3344 2717 3397 ὃ
2764 3344 2991 3413 φωτίζει
3038 3345 3235 3399 πάντα
3279 3345 3597 3414 ἄνθρωπον
3637 3346 3724 3412 ἐρ-

2145 3440 2405 3509 χόμενον
2435 3440 2523 3503 εἰς
2551 3437 2660 3491 τόν
2692 3438 2944 3506 κόσμον.
2964 3439 3021 3490 Ὀ
3046 3438 3101 3491 δὲ
3129 3437 3363 3501 Παῦλος,
3403 3439 3486 3491 ὅτι
3514 3436 3628 3507 φῶς
3653 3438 3727 3488 οἱ-

2146 3528 2257 3581 κῶν
2292 3528 2606 3600 ἀπρόσιτον,
2645 3528 2708 3580 σὺ
2744 3528 3168 3600 περιϐεϐλῆσθαι
3201 3529 3261 3582 τὸ
3292 3529 3408 3598 φῶς
3435 3528 3595 3583 αὐτὸν
3624 3527 3725 3597 φῄς

2146 3620 2221 3683 ὡς
2255 3620 2502 3690 ίμάτιον;
2549 3619 2730 3692 Ὁρᾷς,
2764 3621 2866 3684 ὅτι,
2904 3620 3006 3674 κᾶν
3032 3622 3318 3693 προφήτης
3338 3616 3372 3695 ᾖ
3394 3638 3499 3686 τις,
3518 3619 3621 3675 κᾶν
3639 3621 3725 3673 εὖ·

2147 3710 2492 3781 αγγελιστὴς,
2534 3709 2639 3763 κᾶν
2686 3709 3003 3774 ἀπόστολος,
3034 3711 3094 3763 οὐ
3142 3710 3361 3765 δύναται
3401 3711 3726 3784 περιδράξα-

2151 3808 2272 3859 σθαι
2306 3807 2405 3875 τῆς
2441 3805 2756 3876 σαφηνείας,
2791 3804 2907 3857 ἀλλ’
2937 3804 3047 3857 ἀπὸ
3072 3804 3180 3857 τῶν
3222 3807 3351 3876 παρ’
3378 3806 3511 3875 ἡμῖν
3535 3805 3729 3877 ὀνομά-

2148 3916 2255 3951 των
2302 3897 2683 3957 ἀναϐαίνοντες
2727 3896 2870 3948 κατά
2907 3895 3098 3965 μικρὸν
3146 3894 3392 3966 ἀμυδρὰν
3429 3912 3549 3948 τινα
3593 3912 3729 3966 παρ-

2154 3991 2370 4043 ιστῶσιν
2392 3990 2597 4043 ἔννοιαν
2636 3988 2735 4057 τῆς
2778 3988 3017 4058 ἀρρήτου
3059 3988 3216 4058 δόξης
3261 3988 3498 4059 ἐκείνης.
3517 3987 3728 4058 Ἐπειδὴ

2150 4084 2259 4155 γὰρ
2290 4083 2421 4135 αὐτὸ
2442 4082 2494 4134 τί
2522 4080 2653 4134 ποτέ
2683 4081 2797 4132 ἐστι
2823 4079 2920 4151 τὴν
2940 4080 3127 4132 οὐσίαν
3146 4080 3245 4132 οὐκ
3276 4077 3596 4143 ἷσασιν,ἀπδ
3625 4080 3729 4133 τῶν

2152 4176 2278 4247 παρ’
2296 4177 2427 4245 ἡμῖν
2455 4170 2724 4243 λαμπρῶν
2760 4170 3153 4239 φιλονεικοῦσιν
3179 4169 3533 4225 ἐπιλαϐέσθαι
3561 4171 3731 4243 αὐτῆς

2150 4267 2225 4331 ὡς
2254 4263 2365 4319 οἶόν
2395 4284 2474 4320 τε.

2237 4359 2546 4413 Ἐκτείνων
2572 4359 2682 4413 τὸν
2700 4357 2962 4427 οἰιοανὸν
2979 4357 3122 4411 ὡσεὶ
3143 4356 3363 4426 δέῤῥιν,
3380 4359 3415 4412 ὀ
3439 4354 3733 4428 στετάζων

2154 4455 2223 4507 ἐν
2247 4453 2416 4507 ὕδατι
2437 4454 2511 4506 τὰ
2535 4451 2774 4521 ὑπερῷα
2793 4450 3001 4514 αὐτοῦ,
3024 4453 3056 4503 ό
3083 4450 3263 4517 τιθεὶς
3288 4448 3442 4519 νέφη
3469 4449 3583 4518 τὴν
3606 4449 3734 4503 ἐπί-

469 4549 648 4598 suum,
678 4534 767 4604 qui
796 4533 1035 4587 ambulat
1074 4548 1231 4601 super
1268 4549 1467 4602 pennas
1500 4540 1794 4586 ventorum.
1832 4530 1938 4597 Qui
1967 4530 2039 4599 fa-

2153 4549 2332 4600 ϐασιν
2350 4545 2559 4610 αὐτοῦ,
2580 4548 2613 4599 ό
2644 4542 2984 4613 περιπατῶν
3009 4543 3105 4596 ἐπὶ
3137 4542 3445 4611 πτερύγων
3476 4541 3730 4611 ἀνέμων,

471 4627 543 4679 cit
592 4624 805 4695 angelos
854 4640 980 4679 suos
1021 4624 1261 4692 spiritus,
1311 4633 1363 4677 et
1404 4625 1677 4677 ministros
1712 4639 1837 4678 suos
1881 4623 2051 4692 ignem

473 4727 730 4771 urentem.
770 4715 933 4780 Hinc,
978 4726 1036 4769 ut
1071 4730 1169 4785 par
1210 4720 1312 4777 est,
1346 4714 1620 4783 seraphim
1659 4712 1845 4768 Graece
1880 4714 2054 4782 expli-

474 4816 690 4875 cantur,
723 4808 1077 4862 incendentes
1110 4820 1174 4860 ac
1208 4806 1615 4861 comburentes.
1649 4806 1716 4859 Et
1756 4822 1861 4860 vox
1904 4821 2053 4862 sera-

474 4901 625 4972 phim
674 4899 989 4955 incendium
1026 4898 1338 4969 signiﬁcare
1389 4898 1721 4952 declaratur.
1768 4898 1949 4964 Quare
1988 4898 2055 4953 de

477 4990 721 5062 angelica
746 4990 948 5044 virtute
964 4990 1166 5043 dicitur
1192 5008 1203 5042 :
1233 4988 1337 5054 Qui
1365 4989 1495 5058 facit
1525 4989 1737 5059 angelos
1760 5006 1882 5045 suos
1903 4991 2060 5060 spiri—

478 5094 583 5149 tus,
621 5090 673 5138 et
711 5082 986 5137 ministros
1021 5097 1143 5135 suos
1165 5081 1339 5151 ignem
1360 5090 1620 5135 urentem.

547 5358 718 5417 Vnus.
751 5362 905 5417 5-15.
951 5363 1055 5431 Qui
1084 5363 1275 5434 fundat
1302 5371 1498 5419 terram
1530 5382 1686 5435 super
1706 5366 2054 5420 stabilitatem

477 5469 653 5514 suam,
682 5471 785 5508 non
814 5455 1160 5509 inclinabitur
1188 5458 1243 5509 in
1286 5458 1543 5511 sarculum
1588 5461 1790 5514 swculi.
1817 5460 2053 5529 Abyssus

478 5545 615 5598 sicut
660 5547 1023 5601 vestimentum
1062 5550 1287 5603 amictus
1328 5550 1464 5619 ejus,
1496 5566 1652 5618 super
1702 5562 1899 5605 montes
1944 5562 2057 5603 sta«

480 5634 607 5689 bunt
635 5653 804 5706 aquce.
838 5639 917 5691 Ab
948 5640 1303 5709 increpatione
1332 5651 1423 5695 tua
1463 5642 1684 5712 fugient,
1711 5662 1744 5697 a
1779 5660 1898 5698 voce
1929 5644 2056 5697 toni-

2154 4642 2187 4692 ό
2211 4635 2394 4691 ποιῶν
2408 4637 2550 4704 τοὺς
2579 4636 2876 4706 ἀγγέλους
2902 4633 3085 4688 αὐτοῦ
3112 4634 3440 4702 πνεύματα,
3466 4632 3563 4687 καὶ
3594 4632 3734 4699 τοὺς

2153 4728 2537 4798 λειτουργοὺς
2566 4728 2752 4784 αὐτοῦ
2796 4728 2914 4795 πῦρ
2939 4726 3183 4797 φλέγον.
3202 4724 3482 4779 Ἐντεῦθεν
3512 4725 3734 4788 εἰκότως

2157 4821 2567 4893 ἑρμηνευόμενα
2611 4820 2680 4874 τά
2721 4820 2983 4891 σεραφὶμ,
3026 4820 3105 4881 είς
3156 4816 3253 4887 τὴν
3293 4817 3520 4871 Ἐλλάδα
3553 4816 3734 4887 φωνὴν

2159 4913 2546 4985 ἐμπιπρῶντες
2579 4912 2612 4983 ἢ
2659 4912 2973 4985 ὲμπρησταὶ
3015 4908 3358 4980 σημαίνουσι.
3392 4910 3503 4961 Καὶ
3532 4908 3608 4971 τὸ,
3648 4925 3735 4961 σε-

2160 5005 2334 5075 ραφὶμ
2380 5003 2473 5057 τὸν
2514 5003 2840 5074 ἐμπρησμὸν
2868 5002 3060 5072 δηλοῦν
3092 5000 3330 5069 λέγεται.
3360 4998 3451 5051 Διὸ
3477 5000 3603 5071 περὶ
3636 4999 3734 5068 τῆς

2156 5092 2451 5163 ἁγγελικῆς
2499 5092 2780 5163 δυνάμεως
2837 5091 3085 5164 εἴρηται·
3120 5090 3175 5141 '0
3215 5088 3404 5143 ποιῶν
3442 5088 3735 5159 ἀγγέλους

2161 5184 2343 5238 αὑτοῦ
2393 5176 2722 5252 πνεύματα,
2761 5182 2861 5235 καὶ
2916 5182 3060 5246 τοὺς
3109 5180 3495 5250 λειτουργοὺς
3549 5179 3737 5234 αὐτοῦ

2158 5277 2277 5345 πῦρ
2303 5274 2547 5345 φλέγον.

2242 5370 2293 5421 '0
2316 5367 2603 5436 θεμελιῶν
2628 5365 2742 5435 τὴν
2771 5365 2887 5437 γῆν
2912 5366 3009 5419 ἐπὶ
3043 5366 3157 5434 τὴν
3174 5363 3520 5433 ἀσφάλειαν
3548 5363 3731 5432 αὐτῆς

2160 5462 2231 5513 οὺ
2265 5458 2613 5524 κλιθήσεται
2641 5460 2729 5523 εἰς
2771 5457 2877 5509 τὸν
2912 5456 3095 5510 αἰῶνα
3136 5456 3241 5510 τοῦ
3284 5454 3733 5522 αἱῶνος.”Αεύσ-

2161 5574 2271 5620 σος
2305 5555 2384 5620 ὡς
2420 5552 2649 5623 ἱμάτιον
2694 5551 2760 5606 τὸ
2808 5554 3186 5620 περιϐόλαιον
3216 5553 3423 5619 αὐτοῦ,
3476 5552 3576 5606 ἐπὶ
3620 5552 3733 5606 τῶν

2162 5642 2346 5711 ὀρέων
2402 5642 2733 5709 στήσονται
2778 5642 2988 5699 ὕδατα.
3007 5643 3136 5701 Ἀπὸ
3185 5641 3579 5713 ἐπιτιμήσεώς
3618 5658 3729 5697 σου

559 5788 601 5821 ⁸⁸
635 5788 775 5845 Psal.
819 5806 1014 5847 cxxxvr
1040 5831 1055 5859 ,
1091 5793 1143 5848 4.
1222 5795 1242 5827 ³
1306 5798 1327 5850 l
1365 5796 1504 5853 Tim.
1542 5812 1613 5863 ιι,
1652 5798 1684 5852 8
1783 5798 1829 5830 ³³
1869 5795 2023 5853 Joan.

2169 5798 2259 5853 24.
2338 5798 2381 5831 ³⁸
2420 5796 2575 5854 Joan.
2614 5814 2668 5864 ι,
2703 5799 2756 5855 9.
