  <div class='ocr_page' id='page_1' title='image "/cluster/home/n/w/nwhite01/storage/ocr_20150623/23/nnc1.0046978313/662.png"; bbox 0 0 4068 6404; ppageno 0'>
   <div class='ocr_carea' id='block_1_1' title="bbox 350 402 496 458">
    <p class='ocr_par' dir='ltr' id='par_1_1' title="bbox 350 402 496 458">
     <span class='ocr_line' id='line_1_1' title="bbox 350 402 496 458; baseline 0.007 -1"><span class='ocrx_word' id='word_1_1' title='bbox 350 402 496 458; x_wconf 51' lang='lat' dir='ltr'><strong><em>ﬁ???)</em></strong></span> 
     </span>
    </p>
   </div>
   <div class='ocr_carea' id='block_1_2' title="bbox 1469 400 2459 462">
    <p class='ocr_par' dir='ltr' id='par_1_2' title="bbox 1469 400 2459 462">
     <span class='ocr_line' id='line_1_2' title="bbox 1469 400 2459 462; baseline 0.003 -3"><span class='ocrx_word' id='word_1_2' title='bbox 1469 400 1977 459; x_wconf 76' lang='lat' dir='ltr'><strong><em>COMMENTARIA</em></strong></span> <span class='ocrx_word' id='word_1_3' title='bbox 2014 402 2082 460; x_wconf 81' lang='lat' dir='ltr'><strong><em>IN</em></strong></span> <span class='ocrx_word' id='word_1_4' title='bbox 2119 402 2459 462; x_wconf 86' lang='lat' dir='ltr'><strong><em>PSALMOS.</em></strong></span> 
     </span>
    </p>
   </div>
   <div class='ocr_carea' id='block_1_3' title="bbox 3462 402 3599 459">
    <p class='ocr_par' dir='ltr' id='par_1_3' title="bbox 3462 402 3599 459">
     <span class='ocr_line' id='line_1_3' title="bbox 3462 402 3599 459; baseline 0.015 -2"><span class='ocrx_word' id='word_1_5' title='bbox 3462 402 3599 459; x_wconf 69' lang='grc'><strong><em>1274</em></strong></span> 
     </span>
    </p>
   </div>
   <div class='ocr_carea' id='block_1_4' title="bbox 349 519 1918 594">
    <p class='ocr_par' dir='ltr' id='par_1_4' title="bbox 349 520 1918 594">
     <span class='ocr_line' id='line_1_4' title="bbox 349 520 1918 594; baseline 0 -17"><span class='ocrx_word' id='word_1_6' title='bbox 349 523 691 594; x_wconf 73' lang='grc' dir='ltr'><em>φεύξονται,</em></span> <span class='ocrx_word' id='word_1_7' title='bbox 737 521 854 576; x_wconf 77' lang='grc' dir='ltr'><strong><em>ἀπὸ</em></strong></span> <span class='ocrx_word' id='word_1_8' title='bbox 897 520 1099 591; x_wconf 74' lang='grc' dir='ltr'><em>φωνῆς</em></span> <span class='ocrx_word' id='word_1_9' title='bbox 1143 520 1413 591; x_wconf 81' lang='grc' dir='ltr'><em>,Βροντῆς</em></span> <span class='ocrx_word' id='word_1_10' title='bbox 1443 535 1561 577; x_wconf 91' lang='grc' dir='ltr'><strong><em>σου</em></strong></span> <span class='ocrx_word' id='word_1_11' title='bbox 1594 521 1918 577; x_wconf 80' lang='grc' dir='ltr'><em>δειλιάσσυ-</em></span> 
     </span>
    </p>
   </div>
   <div class='ocr_carea' id='block_1_5' title="bbox 2019 519 3603 594">
    <p class='ocr_par' dir='ltr' id='par_1_5' title="bbox 2035 519 3603 594">
     <span class='ocr_line' id='line_1_5' title="bbox 2035 519 3603 594; baseline -0.003 -15"><span class='ocrx_word' id='word_1_12' title='bbox 2035 526 2145 579; x_wconf 91' lang='lat' dir='ltr'><strong><em>trui</em></strong></span> <span class='ocrx_word' id='word_1_13' title='bbox 2184 526 2264 578; x_wconf 90' lang='lat' dir='ltr'><strong><em>tui</em></strong></span> <span class='ocrx_word' id='word_1_14' title='bbox 2291 523 2671 594; x_wconf 74' lang='lat' dir='ltr'><strong><em>formidabant.</em></strong></span> <span class='ocrx_word' id='word_1_15' title='bbox 2709 522 3007 577; x_wconf 77' lang='lat' dir='ltr'><strong><em>Ascendunt</em></strong></span> <span class='ocrx_word' id='word_1_16' title='bbox 3049 528 3250 575; x_wconf 87' lang='lat' dir='ltr'><strong><em>montes</em></strong></span> <span class='ocrx_word' id='word_1_17' title='bbox 3296 528 3346 575; x_wconf 90' lang='lat' dir='ltr'><strong><em>et</em></strong></span> <span class='ocrx_word' id='word_1_18' title='bbox 3389 519 3603 575; x_wconf 86' lang='lat' dir='ltr'><strong><em>descen-</em></strong></span> 
     </span>
    </p>
   </div>
   <div class='ocr_carea' id='block_1_6' title="bbox 347 615 1928 685">
    <p class='ocr_par' dir='ltr' id='par_1_6' title="bbox 347 615 1928 685">
     <span class='ocr_line' id='line_1_6' title="bbox 347 615 1928 685; baseline -0.001 -15"><span class='ocrx_word' id='word_1_19' title='bbox 347 633 472 671; x_wconf 84' lang='grc' dir='ltr'><em>σιν.</em></span> <span class='ocrx_word' id='word_1_20' title='bbox 492 616 942 670; x_wconf 79' lang='grc' dir='ltr'><em>Ἀναϐαίνουσιν</em></span> <span class='ocrx_word' id='word_1_21' title='bbox 978 615 1106 685; x_wconf 79' lang='grc' dir='ltr'><em>ὅρη,</em></span> <span class='ocrx_word' id='word_1_22' title='bbox 1147 616 1245 670; x_wconf 76' lang='grc' dir='ltr'><em>καὶ</em></span> <span class='ocrx_word' id='word_1_23' title='bbox 1286 615 1714 670; x_wconf 77' lang='grc' dir='ltr'><em>καταϐαίνουσι</em></span> <span class='ocrx_word' id='word_1_24' title='bbox 1751 615 1928 669; x_wconf 78' lang='grc' dir='ltr'><em>πεδία</em></span> 
     </span>
    </p>
   </div>
   <div class='ocr_carea' id='block_1_7' title="bbox 347 706 1926 776">
    <p class='ocr_par' dir='ltr' id='par_1_7' title="bbox 347 706 1926 776">
     <span class='ocr_line' id='line_1_7' title="bbox 347 706 1926 776; baseline 0.001 -15"><span class='ocrx_word' id='word_1_25' title='bbox 347 709 436 773; x_wconf 80' lang='grc' dir='ltr'><em>εὶς</em></span> <span class='ocrx_word' id='word_1_26' title='bbox 474 707 663 759; x_wconf 80' lang='grc' dir='ltr'><em>τόπον</em></span> <span class='ocrx_word' id='word_1_27' title='bbox 690 706 764 759; x_wconf 82' lang='grc' dir='ltr'><em>ὃν</em></span> <span class='ocrx_word' id='word_1_28' title='bbox 794 708 1192 776; x_wconf 80' lang='grc' dir='ltr'><strong><em>ἐθεμελίωσας</em></strong></span> <span class='ocrx_word' id='word_1_29' title='bbox 1232 707 1659 776; x_wconf 77' lang='grc' dir='ltr'><em>αὐτοῖς.”οριον</em></span> <span class='ocrx_word' id='word_1_30' title='bbox 1702 707 1863 767; x_wconf 76' lang='grc' dir='ltr'><em>ἔθου,</em></span> <span class='ocrx_word' id='word_1_31' title='bbox 1894 709 1926 762; x_wconf 85' lang='grc' dir='ltr'><em>ὃ</em></span> 
     </span>
    </p>
   </div>
   <div class='ocr_carea' id='block_1_8' title="bbox 346 798 1927 869">
    <p class='ocr_par' dir='ltr' id='par_1_8' title="bbox 346 798 1927 869">
     <span class='ocr_line' id='line_1_8' title="bbox 346 798 1927 869; baseline 0.001 -16"><span class='ocrx_word' id='word_1_32' title='bbox 346 801 419 853; x_wconf 84' lang='grc' dir='ltr'><em>οὺ</em></span> <span class='ocrx_word' id='word_1_33' title='bbox 462 800 960 866; x_wconf 79' lang='grc' dir='ltr'><strong><em>παρελεύσονται,</em></strong></span> <span class='ocrx_word' id='word_1_34' title='bbox 1002 798 1145 853; x_wconf 82' lang='grc' dir='ltr'><em>οὐδὲ</em></span> <span class='ocrx_word' id='word_1_35' title='bbox 1183 799 1620 869; x_wconf 73' lang='grc' dir='ltr'><em>ἐπιστρέψουσι</em></span> <span class='ocrx_word' id='word_1_36' title='bbox 1656 800 1927 869; x_wconf 74' lang='grc' dir='ltr'><em>καλῦψαι</em></span> 
     </span>
    </p>
   </div>
   <div class='ocr_carea' id='block_1_9' title="bbox 346 888 1922 962">
    <p class='ocr_par' dir='ltr' id='par_1_9' title="bbox 346 888 1922 962">
     <span class='ocr_line' id='line_1_9' title="bbox 346 888 1922 962; baseline -0.002 -16"><span class='ocrx_word' id='word_1_37' title='bbox 346 892 462 960; x_wconf 78' lang='grc' dir='ltr'><em>τὴν</em></span> <span class='ocrx_word' id='word_1_38' title='bbox 489 890 629 961; x_wconf 71' lang='grc' dir='ltr'><em>γῆν.</em></span> <span class='ocrx_word' id='word_1_39' title='bbox 646 891 701 943; x_wconf 87' lang='lat'><strong><em>&#39;0</em></strong></span> <span class='ocrx_word' id='word_1_40' title='bbox 746 888 1214 955; x_wconf 74' lang='grc' dir='ltr'><em>ἐξαποστέλλω·</em></span> <span class='ocrx_word' id='word_1_41' title='bbox 1249 891 1444 961; x_wconf 73' lang='grc' dir='ltr'><em>πηγὰς</em></span> <span class='ocrx_word' id='word_1_42' title='bbox 1488 892 1559 945; x_wconf 71' lang='grc' dir='ltr'><em>ἐν</em></span> <span class='ocrx_word' id='word_1_43' title='bbox 1605 890 1922 962; x_wconf 74' lang='grc' dir='ltr'><strong><em>φάραγξιν,</em></strong></span> 
     </span>
    </p>
   </div>
   <div class='ocr_carea' id='block_1_10' title="bbox 344 980 1928 1053">
    <p class='ocr_par' dir='ltr' id='par_1_10' title="bbox 344 980 1928 1053">
     <span class='ocr_line' id='line_1_10' title="bbox 344 980 1928 1053; baseline -0.003 -15"><span class='ocrx_word' id='word_1_44' title='bbox 344 984 464 1039; x_wconf 82' lang='grc' dir='ltr'><strong><em>ἀνὰ</em></strong></span> <span class='ocrx_word' id='word_1_45' title='bbox 486 984 683 1053; x_wconf 84' lang='grc' dir='ltr'><em>μέσον</em></span> <span class='ocrx_word' id='word_1_46' title='bbox 712 981 834 1035; x_wconf 87' lang='grc' dir='ltr'><strong><em>τῶν</em></strong></span> <span class='ocrx_word' id='word_1_47' title='bbox 871 981 1054 1049; x_wconf 82' lang='grc' dir='ltr'><em>ὀρέων</em></span> <span class='ocrx_word' id='word_1_48' title='bbox 1103 980 1517 1036; x_wconf 83' lang='grc' dir='ltr'><em>διελεύσονται</em></span> <span class='ocrx_word' id='word_1_49' title='bbox 1565 981 1776 1036; x_wconf 81' lang='grc' dir='ltr'><em>ὕδατα.</em></span> <span class='ocrx_word' id='word_1_50' title='bbox 1811 986 1928 1035; x_wconf 91' lang='grc' dir='ltr'><em>Πο-</em></span> 
     </span>
    </p>
   </div>
   <div class='ocr_carea' id='block_1_11' title="bbox 342 1074 1926 1143">
    <p class='ocr_par' dir='ltr' id='par_1_11' title="bbox 342 1074 1926 1143">
     <span class='ocr_line' id='line_1_11' title="bbox 342 1074 1926 1143; baseline -0.004 -13"><span class='ocrx_word' id='word_1_51' title='bbox 342 1075 543 1130; x_wconf 84' lang='grc' dir='ltr'><em>τιοῦσι</em></span> <span class='ocrx_word' id='word_1_52' title='bbox 571 1074 771 1129; x_wconf 80' lang='grc' dir='ltr'><em>πάντα</em></span> <span class='ocrx_word' id='word_1_53' title='bbox 794 1074 868 1128; x_wconf 84' lang='grc' dir='ltr'><strong><em>τὰ</em></strong></span> <span class='ocrx_word' id='word_1_54' title='bbox 891 1074 1066 1143; x_wconf 81' lang='grc' dir='ltr'><em>θηρία</em></span> <span class='ocrx_word' id='word_1_55' title='bbox 1097 1074 1205 1128; x_wconf 85' lang='grc' dir='ltr'><strong><em>τοῦ</em></strong></span> <span class='ocrx_word' id='word_1_56' title='bbox 1235 1074 1439 1142; x_wconf 79' lang='grc' dir='ltr'><em>ἀγροῦ,</em></span> <span class='ocrx_word' id='word_1_57' title='bbox 1490 1074 1926 1141; x_wconf 80' lang='grc' dir='ltr'><em>προσδέξονται</em></span> 
     </span>
    </p>
   </div>
   <div class='ocr_carea' id='block_1_12' title="bbox 343 1168 1929 1241">
    <p class='ocr_par' dir='ltr' id='par_1_12' title="bbox 343 1168 1929 1241">
     <span class='ocr_line' id='line_1_12' title="bbox 343 1168 1929 1241; baseline -0.001 -17"><span class='ocrx_word' id='word_1_58' title='bbox 343 1170 584 1241; x_wconf 66' lang='grc' dir='ltr'><em>ὃναγςροι</em></span> <span class='ocrx_word' id='word_1_59' title='bbox 625 1172 713 1234; x_wconf 87' lang='grc' dir='ltr'><strong><em>εὶς</em></strong></span> <span class='ocrx_word' id='word_1_60' title='bbox 750 1169 939 1238; x_wconf 77' lang='grc' dir='ltr'><em>δίψαν</em></span> <span class='ocrx_word' id='word_1_61' title='bbox 983 1168 1341 1224; x_wconf 72' lang='grc' dir='ltr'><em>αὐτῶν.Ὲπ’</em></span> <span class='ocrx_word' id='word_1_62' title='bbox 1372 1169 1526 1223; x_wconf 79' lang='grc' dir='ltr'><em>αὐτὰ</em></span> <span class='ocrx_word' id='word_1_63' title='bbox 1570 1168 1644 1223; x_wconf 85' lang='grc' dir='ltr'><em>τὰ</em></span> <span class='ocrx_word' id='word_1_64' title='bbox 1687 1175 1929 1223; x_wconf 75' lang='grc' dir='ltr'><em>πετεινὰ</em></span> 
     </span>
    </p>
   </div>
   <div class='ocr_carea' id='block_1_13' title="bbox 340 1260 1928 1331">
    <p class='ocr_par' dir='ltr' id='par_1_13' title="bbox 340 1260 1928 1331">
     <span class='ocr_line' id='line_1_13' title="bbox 340 1260 1928 1331; baseline -0.003 -14"><span class='ocrx_word' id='word_1_65' title='bbox 340 1262 450 1317; x_wconf 87' lang='grc' dir='ltr'><strong><em>τοῦ</em></strong></span> <span class='ocrx_word' id='word_1_66' title='bbox 493 1261 758 1331; x_wconf 86' lang='grc' dir='ltr'><em>οὐρανοῦ</em></span> <span class='ocrx_word' id='word_1_67' title='bbox 803 1261 1281 1329; x_wconf 80' lang='grc' dir='ltr'><em>κατασκηνώσει,</em></span> <span class='ocrx_word' id='word_1_68' title='bbox 1320 1260 1390 1315; x_wconf 83' lang='grc' dir='ltr'><strong><em>ἐκ</em></strong></span> <span class='ocrx_word' id='word_1_69' title='bbox 1427 1260 1623 1330; x_wconf 83' lang='grc' dir='ltr'><em>μέσου</em></span> <span class='ocrx_word' id='word_1_70' title='bbox 1666 1260 1787 1314; x_wconf 87' lang='grc' dir='ltr'><strong><em>τῶν</em></strong></span> <span class='ocrx_word' id='word_1_71' title='bbox 1830 1277 1928 1313; x_wconf 83' lang='grc' dir='ltr'><em>πε-</em></span> 
     </span>
    </p>
   </div>
   <div class='ocr_carea' id='block_1_14' title="bbox 342 1352 1927 1425">
    <p class='ocr_par' dir='ltr' id='par_1_14' title="bbox 342 1352 1927 1425">
     <span class='ocr_line' id='line_1_14' title="bbox 342 1352 1927 1425; baseline -0.001 -17"><span class='ocrx_word' id='word_1_72' title='bbox 342 1355 497 1423; x_wconf 88' lang='grc' dir='ltr'><em>τρῶν</em></span> <span class='ocrx_word' id='word_1_73' title='bbox 557 1356 824 1411; x_wconf 83' lang='grc' dir='ltr'><em>δώσουσι</em></span> <span class='ocrx_word' id='word_1_74' title='bbox 879 1354 1109 1425; x_wconf 75' lang='grc' dir='ltr'><em>φωνήν.</em></span> <span class='ocrx_word' id='word_1_75' title='bbox 1168 1353 1426 1415; x_wconf 81' lang='grc' dir='ltr'><em>Ποτίζων</em></span> <span class='ocrx_word' id='word_1_76' title='bbox 1488 1353 1595 1423; x_wconf 80' lang='grc' dir='ltr'><em>ὅρη</em></span> <span class='ocrx_word' id='word_1_77' title='bbox 1665 1354 1735 1407; x_wconf 81' lang='grc' dir='ltr'><strong><em>ἐκ</em></strong></span> <span class='ocrx_word' id='word_1_78' title='bbox 1804 1352 1927 1407; x_wconf 88' lang='grc' dir='ltr'><strong><em>τῶν</em></strong></span> 
     </span>
    </p>
   </div>
   <div class='ocr_carea' id='block_1_15' title="bbox 342 1445 1925 1519">
    <p class='ocr_par' dir='ltr' id='par_1_15' title="bbox 342 1445 1925 1519">
     <span class='ocr_line' id='line_1_15' title="bbox 342 1445 1925 1519; baseline -0.002 -18"><span class='ocrx_word' id='word_1_79' title='bbox 342 1446 623 1515; x_wconf 79' lang='grc' dir='ltr'><strong><em>ὑπερῴων</em></strong></span> <span class='ocrx_word' id='word_1_80' title='bbox 666 1448 874 1501; x_wconf 80' lang='grc' dir='ltr'><em>αὐτοῦ.</em></span> <span class='ocrx_word' id='word_1_81' title='bbox 912 1446 1067 1500; x_wconf 76' lang='grc' dir='ltr'><em>Ἐπεὶ</em></span> <span class='ocrx_word' id='word_1_82' title='bbox 1111 1447 1207 1501; x_wconf 76' lang='grc' dir='ltr'><em>καὶ</em></span> <span class='ocrx_word' id='word_1_83' title='bbox 1252 1447 1554 1519; x_wconf 84' lang='grc' dir='ltr'><strong><em>ἀρχόμενος</em></strong></span> <span class='ocrx_word' id='word_1_84' title='bbox 1607 1445 1819 1514; x_wconf 79' lang='grc' dir='ltr'><em>ἔλεγεν·</em></span> <span class='ocrx_word' id='word_1_85' title='bbox 1862 1446 1925 1498; x_wconf 88' lang='grc' dir='ltr'><strong><em>Ὃ</em></strong></span> 
     </span>
    </p>
   </div>
   <div class='ocr_carea' id='block_1_16' title="bbox 340 1538 1926 1610">
    <p class='ocr_par' dir='ltr' id='par_1_16' title="bbox 340 1538 1926 1610">
     <span class='ocr_line' id='line_1_16' title="bbox 340 1538 1926 1610; baseline -0.002 -17"><span class='ocrx_word' id='word_1_86' title='bbox 340 1540 637 1610; x_wconf 56' lang='grc' dir='ltr'><em>στενάζων</em></span> <span class='ocrx_word' id='word_1_87' title='bbox 683 1542 753 1594; x_wconf 84' lang='grc' dir='ltr'><strong><em>ἐν</em></strong></span> <span class='ocrx_word' id='word_1_88' title='bbox 800 1539 972 1594; x_wconf 78' lang='grc' dir='ltr'><em>ὕδατι</em></span> <span class='ocrx_word' id='word_1_89' title='bbox 1026 1540 1099 1594; x_wconf 87' lang='grc' dir='ltr'><em>τὰ</em></span> <span class='ocrx_word' id='word_1_90' title='bbox 1145 1540 1388 1608; x_wconf 83' lang='grc' dir='ltr'><em>ὑπερῷα</em></span> <span class='ocrx_word' id='word_1_91' title='bbox 1438 1539 1623 1594; x_wconf 85' lang='grc' dir='ltr'><em>αὑτοῦ</em></span> <span class='ocrx_word' id='word_1_92' title='bbox 1650 1557 1664 1570; x_wconf 89' lang='grc'><strong>·</strong></span> <span class='ocrx_word' id='word_1_93' title='bbox 1693 1538 1789 1593; x_wconf 84' lang='grc' dir='ltr'><strong><em>νῦν</em></strong></span> <span class='ocrx_word' id='word_1_94' title='bbox 1822 1555 1926 1609; x_wconf 89' lang='grc' dir='ltr'><em>φη-</em></span> 
     </span>
    </p>
   </div>
   <div class='ocr_carea' id='block_1_17' title="bbox 342 1631 1920 1702">
    <p class='ocr_par' dir='ltr' id='par_1_17' title="bbox 342 1631 1920 1702">
     <span class='ocr_line' id='line_1_17' title="bbox 342 1631 1920 1702; baseline 0 -17"><span class='ocrx_word' id='word_1_95' title='bbox 342 1649 428 1685; x_wconf 67' lang='grc' dir='ltr'><em>σι*</em></span> <span class='ocrx_word' id='word_1_96' title='bbox 480 1632 739 1693; x_wconf 84' lang='grc' dir='ltr'><em>Ποτίζων</em></span> <span class='ocrx_word' id='word_1_97' title='bbox 785 1631 892 1701; x_wconf 81' lang='grc' dir='ltr'><em>ὄρη</em></span> <span class='ocrx_word' id='word_1_98' title='bbox 944 1635 1013 1687; x_wconf 82' lang='grc' dir='ltr'><em>ἐκ</em></span> <span class='ocrx_word' id='word_1_99' title='bbox 1056 1633 1179 1687; x_wconf 83' lang='grc' dir='ltr'><strong><em>τῶν</em></strong></span> <span class='ocrx_word' id='word_1_100' title='bbox 1222 1633 1504 1701; x_wconf 81' lang='grc' dir='ltr'><strong><em>ὑπερῴων</em></strong></span> <span class='ocrx_word' id='word_1_101' title='bbox 1552 1648 1709 1685; x_wconf 91' lang='grc' dir='ltr'><em>σου·</em></span> <span class='ocrx_word' id='word_1_102' title='bbox 1748 1634 1797 1685; x_wconf 81' lang='grc' dir='ltr'><em>εἰ</em></span> <span class='ocrx_word' id='word_1_103' title='bbox 1847 1634 1920 1702; x_wconf 83' lang='grc' dir='ltr'><em>μή</em></span> 
     </span>
    </p>
   </div>
   <div class='ocr_carea' id='block_1_18' title="bbox 338 1723 1923 1797">
    <p class='ocr_par' dir='ltr' id='par_1_18' title="bbox 338 1723 1923 1797">
     <span class='ocr_line' id='line_1_18' title="bbox 338 1723 1923 1797; baseline -0.001 -19"><span class='ocrx_word' id='word_1_104' title='bbox 338 1743 418 1796; x_wconf 83' lang='grc' dir='ltr'><em>τῳ</em></span> <span class='ocrx_word' id='word_1_105' title='bbox 472 1725 626 1794; x_wconf 85' lang='grc' dir='ltr'><em>φίλον</em></span> <span class='ocrx_word' id='word_1_106' title='bbox 678 1725 905 1797; x_wconf 81' lang='grc' dir='ltr'><em>ὑπερῷα</em></span> <span class='ocrx_word' id='word_1_107' title='bbox 958 1726 1052 1780; x_wconf 90' lang='grc' dir='ltr'><strong><em>τοῦ</em></strong></span> <span class='ocrx_word' id='word_1_108' title='bbox 1108 1725 1245 1780; x_wconf 85' lang='grc' dir='ltr'><em>Θεοῦ</em></span> <span class='ocrx_word' id='word_1_109' title='bbox 1304 1728 1381 1790; x_wconf 87' lang='grc' dir='ltr'><em>ὡς</em></span> <span class='ocrx_word' id='word_1_110' title='bbox 1445 1727 1575 1797; x_wconf 85' lang='grc' dir='ltr'><em>παρ’</em></span> <span class='ocrx_word' id='word_1_111' title='bbox 1610 1723 1773 1778; x_wconf 85' lang='grc' dir='ltr'><em>αὑτοῦ</em></span> <span class='ocrx_word' id='word_1_112' title='bbox 1826 1742 1923 1777; x_wconf 86' lang='grc' dir='ltr'><em>πε-</em></span> 
     </span>
    </p>
   </div>
   <div class='ocr_carea' id='block_1_19' title="bbox 339 1816 1922 1890">
    <p class='ocr_par' dir='ltr' id='par_1_19' title="bbox 339 1816 1922 1890">
     <span class='ocr_line' id='line_1_19' title="bbox 339 1816 1922 1890; baseline 0 -21"><span class='ocrx_word' id='word_1_113' title='bbox 339 1817 613 1888; x_wconf 86' lang='grc' dir='ltr'><em>ποιημένα</em></span> <span class='ocrx_word' id='word_1_114' title='bbox 658 1817 749 1870; x_wconf 79' lang='grc' dir='ltr'><em>τὸν</em></span> <span class='ocrx_word' id='word_1_115' title='bbox 795 1818 933 1890; x_wconf 84' lang='grc' dir='ltr'><em>ἀέρα</em></span> <span class='ocrx_word' id='word_1_116' title='bbox 975 1821 1135 1885; x_wconf 85' lang='grc' dir='ltr'><em>νοεῖν,</em></span> <span class='ocrx_word' id='word_1_117' title='bbox 1162 1821 1275 1882; x_wconf 87' lang='grc' dir='ltr'><em>τοῖς</em></span> <span class='ocrx_word' id='word_1_118' title='bbox 1304 1818 1490 1887; x_wconf 83' lang='grc' dir='ltr'><em>νέφεσι</em></span> <span class='ocrx_word' id='word_1_119' title='bbox 1526 1816 1922 1889; x_wconf 79' lang='grc' dir='ltr'><em>περιὸαλλόμε-</em></span> 
     </span>
    </p>
   </div>
   <div class='ocr_carea' id='block_1_20' title="bbox 2004 612 3602 687">
    <p class='ocr_par' dir='ltr' id='par_1_20' title="bbox 2004 612 3602 687">
     <span class='ocr_line' id='line_1_20' title="bbox 2004 612 3602 687; baseline -0.004 -16"><span class='ocrx_word' id='word_1_120' title='bbox 2004 617 2163 671; x_wconf 49' lang='grc' dir='ltr'><em>νάιιηι</em></span> <span class='ocrx_word' id='word_1_121' title='bbox 2201 618 2377 687; x_wconf 96' lang='lat' dir='ltr'><strong><em>campi</em></strong></span> <span class='ocrx_word' id='word_1_122' title='bbox 2407 618 2462 670; x_wconf 91' lang='lat' dir='ltr'><strong><em>in</em></strong></span> <span class='ocrx_word' id='word_1_123' title='bbox 2505 617 2677 670; x_wconf 77' lang='lat' dir='ltr'><strong><em>locum</em></strong></span> <span class='ocrx_word' id='word_1_124' title='bbox 2703 631 2851 686; x_wconf 84' lang='lat' dir='ltr'><strong><em>quem</em></strong></span> <span class='ocrx_word' id='word_1_125' title='bbox 2890 613 3128 684; x_wconf 79' lang='lat' dir='ltr'><strong><em>fundasti</em></strong></span> <span class='ocrx_word' id='word_1_126' title='bbox 3154 614 3252 667; x_wconf 91' lang='lat' dir='ltr'><strong><em>eis.</em></strong></span> <span class='ocrx_word' id='word_1_127' title='bbox 3300 612 3602 666; x_wconf 84' lang='lat' dir='ltr'><strong><em>Terminum</em></strong></span> 
     </span>
    </p>
   </div>
   <div class='ocr_carea' id='block_1_21' title="bbox 2028 704 3604 777">
    <p class='ocr_par' dir='ltr' id='par_1_21' title="bbox 2028 704 3604 777">
     <span class='ocr_line' id='line_1_21' title="bbox 2028 704 3604 777; baseline -0.004 -16"><span class='ocrx_word' id='word_1_128' title='bbox 2028 708 2274 777; x_wconf 74' lang='lat' dir='ltr'><strong><em>posuisti,</em></strong></span> <span class='ocrx_word' id='word_1_129' title='bbox 2313 723 2465 777; x_wconf 86' lang='lat' dir='ltr'><strong><em>quem</em></strong></span> <span class='ocrx_word' id='word_1_130' title='bbox 2514 723 2621 761; x_wconf 89' lang='lat' dir='ltr'><strong><em>non</em></strong></span> <span class='ocrx_word' id='word_1_131' title='bbox 2664 704 3139 776; x_wconf 84' lang='lat' dir='ltr'><strong><em>transgredientur,</em></strong></span> <span class='ocrx_word' id='word_1_132' title='bbox 3183 719 3346 775; x_wconf 86' lang='lat' dir='ltr'><strong><em>neque</em></strong></span> <span class='ocrx_word' id='word_1_133' title='bbox 3389 720 3604 758; x_wconf 73' lang='lat' dir='ltr'><strong><em>conver—</em></strong></span> 
     </span>
    </p>
   </div>
   <div class='ocr_carea' id='block_1_22' title="bbox 2030 796 3603 866">
    <p class='ocr_par' dir='ltr' id='par_1_22' title="bbox 2030 796 3603 866">
     <span class='ocr_line' id='line_1_22' title="bbox 2030 796 3603 866; baseline -0.003 -14"><span class='ocrx_word' id='word_1_134' title='bbox 2030 808 2207 852; x_wconf 80' lang='lat' dir='ltr'><strong><em>tentur</em></strong></span> <span class='ocrx_word' id='word_1_135' title='bbox 2232 800 2433 866; x_wconf 85' lang='lat' dir='ltr'><strong><em>operire</em></strong></span> <span class='ocrx_word' id='word_1_136' title='bbox 2467 807 2683 853; x_wconf 89' lang='lat' dir='ltr'><strong><em>terram.</em></strong></span> <span class='ocrx_word' id='word_1_137' title='bbox 2714 796 2818 863; x_wconf 82' lang='lat' dir='ltr'><strong><em>Qui</em></strong></span> <span class='ocrx_word' id='word_1_138' title='bbox 2846 797 3043 851; x_wconf 76' lang='lat' dir='ltr'><strong><em>emittis</em></strong></span> <span class='ocrx_word' id='word_1_139' title='bbox 3067 798 3236 865; x_wconf 81' lang='lat' dir='ltr'><strong><em>fontes</em></strong></span> <span class='ocrx_word' id='word_1_140' title='bbox 3263 797 3317 850; x_wconf 91' lang='lat' dir='ltr'><strong><em>in</em></strong></span> <span class='ocrx_word' id='word_1_141' title='bbox 3348 796 3603 850; x_wconf 75' lang='lat' dir='ltr'><strong><em>convalli-</em></strong></span> 
     </span>
    </p>
   </div>
   <div class='ocr_carea' id='block_1_23' title="bbox 2028 887 3603 960">
    <p class='ocr_par' dir='ltr' id='par_1_23' title="bbox 2028 887 3603 960">
     <span class='ocr_line' id='line_1_23' title="bbox 2028 887 3603 960; baseline -0.002 -17"><span class='ocrx_word' id='word_1_142' title='bbox 2028 890 2144 955; x_wconf 86' lang='lat' dir='ltr'><strong><em>bus,</em></strong></span> <span class='ocrx_word' id='word_1_143' title='bbox 2169 891 2306 944; x_wconf 89' lang='lat' dir='ltr'><strong><em>inter</em></strong></span> <span class='ocrx_word' id='word_1_144' title='bbox 2334 890 2563 944; x_wconf 87' lang='lat' dir='ltr'><strong><em>medium</em></strong></span> <span class='ocrx_word' id='word_1_145' title='bbox 2592 891 2850 943; x_wconf 84' lang='lat' dir='ltr'><strong><em>montium</em></strong></span> <span class='ocrx_word' id='word_1_146' title='bbox 2870 889 3264 958; x_wconf 74' lang='lat' dir='ltr'><strong><em>pertransibunt</em></strong></span> <span class='ocrx_word' id='word_1_147' title='bbox 3293 904 3463 960; x_wconf 72' lang='lat' dir='ltr'><strong><em>aquaz.</em></strong></span> <span class='ocrx_word' id='word_1_148' title='bbox 3494 887 3603 941; x_wconf 81' lang='lat' dir='ltr'><strong><em>Po-</em></strong></span> 
     </span>
    </p>
   </div>
   <div class='ocr_carea' id='block_1_24' title="bbox 2030 980 3604 1053">
    <p class='ocr_par' dir='ltr' id='par_1_24' title="bbox 2030 980 3604 1053">
     <span class='ocr_line' id='line_1_24' title="bbox 2030 980 3604 1053; baseline -0.001 -18"><span class='ocrx_word' id='word_1_149' title='bbox 2030 982 2217 1036; x_wconf 88' lang='lat' dir='ltr'><strong><em>tabunt</em></strong></span> <span class='ocrx_word' id='word_1_150' title='bbox 2270 999 2448 1037; x_wconf 86' lang='lat' dir='ltr'><strong><em>omnes</em></strong></span> <span class='ocrx_word' id='word_1_151' title='bbox 2496 982 2673 1037; x_wconf 75' lang='lat' dir='ltr'><strong><em>bestiw</em></strong></span> <span class='ocrx_word' id='word_1_152' title='bbox 2720 983 2858 1053; x_wconf 87' lang='lat' dir='ltr'><strong><em>agri,</em></strong></span> <span class='ocrx_word' id='word_1_153' title='bbox 2904 980 3277 1047; x_wconf 74' lang='lat' dir='ltr'><strong><em>exspectabant</em></strong></span> <span class='ocrx_word' id='word_1_154' title='bbox 3319 982 3505 1052; x_wconf 87' lang='lat' dir='ltr'><strong><em>onagri</em></strong></span> <span class='ocrx_word' id='word_1_155' title='bbox 3548 982 3604 1034; x_wconf 81' lang='lat' dir='ltr'><strong><em>in</em></strong></span> 
     </span>
    </p>
   </div>
   <div class='ocr_carea' id='block_1_25' title="bbox 2028 1072 3605 1142">
    <p class='ocr_par' dir='ltr' id='par_1_25' title="bbox 2028 1072 3605 1142">
     <span class='ocr_line' id='line_1_25' title="bbox 2028 1072 3605 1142; baseline 0.001 -16"><span class='ocrx_word' id='word_1_156' title='bbox 2028 1074 2119 1127; x_wconf 80' lang='lat' dir='ltr'><strong><em>siti</em></strong></span> <span class='ocrx_word' id='word_1_157' title='bbox 2173 1090 2293 1130; x_wconf 86' lang='lat' dir='ltr'><strong><em>sua.</em></strong></span> <span class='ocrx_word' id='word_1_158' title='bbox 2331 1072 2500 1142; x_wconf 86' lang='lat' dir='ltr'><strong><em>Super</em></strong></span> <span class='ocrx_word' id='word_1_159' title='bbox 2552 1091 2615 1129; x_wconf 90' lang='lat' dir='ltr'><strong><em>ea</em></strong></span> <span class='ocrx_word' id='word_1_160' title='bbox 2678 1074 2911 1129; x_wconf 82' lang='lat' dir='ltr'><strong><em>volucres</em></strong></span> <span class='ocrx_word' id='word_1_161' title='bbox 2966 1073 3081 1127; x_wconf 78' lang='lat' dir='ltr'><strong><em>caeli</em></strong></span> <span class='ocrx_word' id='word_1_162' title='bbox 3128 1072 3480 1137; x_wconf 80' lang='lat' dir='ltr'><strong><em>habitabant,</em></strong></span> <span class='ocrx_word' id='word_1_163' title='bbox 3540 1074 3605 1127; x_wconf 86' lang='lat' dir='ltr'><strong><em>de</em></strong></span> 
     </span>
    </p>
   </div>
   <div class='ocr_carea' id='block_1_26' title="bbox 2027 1164 3603 1235">
    <p class='ocr_par' dir='ltr' id='par_1_26' title="bbox 2027 1164 3603 1235">
     <span class='ocr_line' id='line_1_26' title="bbox 2027 1164 3603 1235; baseline 0.001 -18"><span class='ocrx_word' id='word_1_164' title='bbox 2027 1164 2201 1218; x_wconf 87' lang='lat' dir='ltr'><strong><em>medio</em></strong></span> <span class='ocrx_word' id='word_1_165' title='bbox 2266 1176 2535 1233; x_wconf 87' lang='lat' dir='ltr'><strong><em>petrarum</em></strong></span> <span class='ocrx_word' id='word_1_166' title='bbox 2612 1165 2813 1219; x_wconf 86' lang='lat' dir='ltr'><strong><em>dabunt</em></strong></span> <span class='ocrx_word' id='word_1_167' title='bbox 2872 1182 3068 1219; x_wconf 85' lang='lat' dir='ltr'><strong><em>vacem.</em></strong></span> <span class='ocrx_word' id='word_1_168' title='bbox 3139 1164 3337 1235; x_wconf 82' lang='lat' dir='ltr'><strong><em>Rigans</em></strong></span> <span class='ocrx_word' id='word_1_169' title='bbox 3401 1174 3603 1219; x_wconf 84' lang='lat' dir='ltr'><strong><em>montes</em></strong></span> 
     </span>
    </p>
   </div>
   <div class='ocr_carea' id='block_1_27' title="bbox 2035 1256 3604 1327">
    <p class='ocr_par' dir='ltr' id='par_1_27' title="bbox 2035 1256 3604 1327">
     <span class='ocr_line' id='line_1_27' title="bbox 2035 1256 3604 1327; baseline 0.002 -19"><span class='ocrx_word' id='word_1_170' title='bbox 2035 1256 2101 1311; x_wconf 86' lang='lat' dir='ltr'><strong><em>de</em></strong></span> <span class='ocrx_word' id='word_1_171' title='bbox 2154 1257 2514 1325; x_wconf 84' lang='lat' dir='ltr'><strong><em>superioribus</em></strong></span> <span class='ocrx_word' id='word_1_172' title='bbox 2581 1258 2712 1310; x_wconf 89' lang='lat' dir='ltr'><strong><em>suis.</em></strong></span> <span class='ocrx_word' id='word_1_173' title='bbox 2781 1256 2918 1321; x_wconf 85' lang='lat' dir='ltr'><strong><em>Quia</em></strong></span> <span class='ocrx_word' id='word_1_174' title='bbox 2979 1258 3132 1327; x_wconf 88' lang='lat' dir='ltr'><strong><em>prius</em></strong></span> <span class='ocrx_word' id='word_1_175' title='bbox 3196 1258 3445 1323; x_wconf 75' lang='lat' dir='ltr'><strong><em>dixerat,</em></strong></span> <span class='ocrx_word' id='word_1_176' title='bbox 3496 1256 3604 1323; x_wconf 77' lang='lat' dir='ltr'><strong><em>Qui</em></strong></span> 
     </span>
    </p>
   </div>
   <div class='ocr_carea' id='block_1_28' title="bbox 2028 1347 3604 1419">
    <p class='ocr_par' dir='ltr' id='par_1_28' title="bbox 2028 1347 3604 1419">
     <span class='ocr_line' id='line_1_28' title="bbox 2028 1347 3604 1419; baseline 0.001 -18"><span class='ocrx_word' id='word_1_177' title='bbox 2028 1350 2155 1418; x_wconf 86' lang='lat' dir='ltr'><strong><em>tegis</em></strong></span> <span class='ocrx_word' id='word_1_178' title='bbox 2185 1365 2322 1418; x_wconf 89' lang='lat' dir='ltr'><strong><em>aqua</em></strong></span> <span class='ocrx_word' id='word_1_179' title='bbox 2354 1348 2629 1416; x_wconf 86' lang='lat' dir='ltr'><strong><em>superiora</em></strong></span> <span class='ocrx_word' id='word_1_180' title='bbox 2656 1349 2805 1412; x_wconf 88' lang='lat' dir='ltr'><strong><em>eius;</em></strong></span> <span class='ocrx_word' id='word_1_181' title='bbox 2837 1348 2927 1402; x_wconf 89' lang='lat' dir='ltr'><strong><em>hic</em></strong></span> <span class='ocrx_word' id='word_1_182' title='bbox 2957 1350 3055 1415; x_wconf 90' lang='lat' dir='ltr'><strong><em>ait,</em></strong></span> <span class='ocrx_word' id='word_1_183' title='bbox 3087 1347 3282 1419; x_wconf 82' lang='lat' dir='ltr'><strong><em>Rigans</em></strong></span> <span class='ocrx_word' id='word_1_184' title='bbox 3314 1358 3513 1402; x_wconf 85' lang='lat' dir='ltr'><strong><em>montes</em></strong></span> <span class='ocrx_word' id='word_1_185' title='bbox 3540 1349 3604 1402; x_wconf 88' lang='lat' dir='ltr'><strong><em>de</em></strong></span> 
     </span>
    </p>
   </div>
   <div class='ocr_carea' id='block_1_29' title="bbox 2025 1436 3600 1509">
    <p class='ocr_par' dir='ltr' id='par_1_29' title="bbox 2025 1436 3600 1509">
     <span class='ocr_line' id='line_1_29' title="bbox 2025 1436 3600 1509; baseline 0 -18"><span class='ocrx_word' id='word_1_186' title='bbox 2025 1437 2385 1506; x_wconf 83' lang='lat' dir='ltr'><strong><em>superioribus</em></strong></span> <span class='ocrx_word' id='word_1_187' title='bbox 2439 1439 2565 1492; x_wconf 86' lang='lat' dir='ltr'><strong><em>tuis.</em></strong></span> <span class='ocrx_word' id='word_1_188' title='bbox 2596 1436 2716 1492; x_wconf 89' lang='lat' dir='ltr'><strong><em>Nisi</em></strong></span> <span class='ocrx_word' id='word_1_189' title='bbox 2767 1438 2924 1491; x_wconf 89' lang='lat' dir='ltr'><strong><em>malit</em></strong></span> <span class='ocrx_word' id='word_1_190' title='bbox 2969 1440 3092 1507; x_wconf 88' lang='lat' dir='ltr'><strong><em>quis</em></strong></span> <span class='ocrx_word' id='word_1_191' title='bbox 3149 1438 3433 1509; x_wconf 80' lang='lat' dir='ltr'><strong><em>superiora</em></strong></span> <span class='ocrx_word' id='word_1_192' title='bbox 3480 1436 3600 1503; x_wconf 88' lang='lat' dir='ltr'><strong><em>Dei,</em></strong></span> 
     </span>
    </p>
   </div>
   <div class='ocr_carea' id='block_1_30' title="bbox 2024 1530 3606 1600">
    <p class='ocr_par' dir='ltr' id='par_1_30' title="bbox 2024 1530 3606 1600">
     <span class='ocr_line' id='line_1_30' title="bbox 2024 1530 3606 1600; baseline 0.002 -17"><span class='ocrx_word' id='word_1_193' title='bbox 2024 1532 2183 1600; x_wconf 87' lang='lat' dir='ltr'><strong><em>quasi</em></strong></span> <span class='ocrx_word' id='word_1_194' title='bbox 2212 1530 2279 1584; x_wconf 89' lang='lat' dir='ltr'><strong><em>ab</em></strong></span> <span class='ocrx_word' id='word_1_195' title='bbox 2306 1546 2373 1585; x_wconf 85' lang='lat' dir='ltr'><strong><em>eo</em></strong></span> <span class='ocrx_word' id='word_1_196' title='bbox 2405 1538 2721 1585; x_wconf 87' lang='lat' dir='ltr'><strong><em>constructa</em></strong></span> <span class='ocrx_word' id='word_1_197' title='bbox 2745 1546 2927 1586; x_wconf 88' lang='lat' dir='ltr'><strong><em>aerem</em></strong></span> <span class='ocrx_word' id='word_1_198' title='bbox 2954 1530 3193 1586; x_wconf 86' lang='lat' dir='ltr'><strong><em>nubibus</em></strong></span> <span class='ocrx_word' id='word_1_199' title='bbox 3225 1532 3485 1586; x_wconf 83' lang='lat' dir='ltr'><strong><em>amictum</em></strong></span> <span class='ocrx_word' id='word_1_200' title='bbox 3520 1534 3606 1586; x_wconf 89' lang='lat' dir='ltr'><strong><em>in-</em></strong></span> 
     </span>
    </p>
   </div>
   <div class='ocr_carea' id='block_1_31' title="bbox 2024 1622 3605 1695">
    <p class='ocr_par' dir='ltr' id='par_1_31' title="bbox 2024 1622 3605 1695">
     <span class='ocr_line' id='line_1_31' title="bbox 2024 1622 3605 1695; baseline 0.001 -17"><span class='ocrx_word' id='word_1_201' title='bbox 2024 1624 2293 1694; x_wconf 83' lang='lat' dir='ltr'><strong><em>telligere.</em></strong></span> <span class='ocrx_word' id='word_1_202' title='bbox 2328 1622 2470 1677; x_wconf 87' lang='lat' dir='ltr'><strong><em>Deus</em></strong></span> <span class='ocrx_word' id='word_1_203' title='bbox 2512 1624 2696 1694; x_wconf 76' lang='lat' dir='ltr'><strong><em>itaque</em></strong></span> <span class='ocrx_word' id='word_1_204' title='bbox 2727 1632 2941 1679; x_wconf 86' lang='lat' dir='ltr'><strong><em>montes</em></strong></span> <span class='ocrx_word' id='word_1_205' title='bbox 2981 1634 3035 1678; x_wconf 87' lang='lat' dir='ltr'><strong><em>et</em></strong></span> <span class='ocrx_word' id='word_1_206' title='bbox 3064 1639 3287 1694; x_wconf 87' lang='lat' dir='ltr'><strong><em>campos</em></strong></span> <span class='ocrx_word' id='word_1_207' title='bbox 3315 1625 3410 1695; x_wconf 82' lang='lat' dir='ltr'><strong><em>qui</em></strong></span> <span class='ocrx_word' id='word_1_208' title='bbox 3439 1625 3493 1679; x_wconf 88' lang='lat' dir='ltr'><strong><em>in</em></strong></span> <span class='ocrx_word' id='word_1_209' title='bbox 3522 1625 3605 1680; x_wconf 89' lang='lat' dir='ltr'><strong><em>eis</em></strong></span> 
     </span>
    </p>
   </div>
   <div class='ocr_carea' id='block_1_32' title="bbox 2026 1716 3605 1785">
    <p class='ocr_par' dir='ltr' id='par_1_32' title="bbox 2026 1716 3605 1785">
     <span class='ocr_line' id='line_1_32' title="bbox 2026 1716 3605 1785; baseline -0.003 -12"><span class='ocrx_word' id='word_1_210' title='bbox 2026 1726 2171 1777; x_wconf 90' lang='lat' dir='ltr'><strong><em>sunt,</em></strong></span> <span class='ocrx_word' id='word_1_211' title='bbox 2204 1726 2259 1770; x_wconf 89' lang='lat' dir='ltr'><strong><em>et</em></strong></span> <span class='ocrx_word' id='word_1_212' title='bbox 2297 1717 2610 1770; x_wconf 86' lang='lat' dir='ltr'><strong><em>universam</em></strong></span> <span class='ocrx_word' id='word_1_213' title='bbox 2646 1716 2911 1785; x_wconf 89' lang='lat' dir='ltr'><strong><em>reliquam</em></strong></span> <span class='ocrx_word' id='word_1_214' title='bbox 2948 1725 3145 1769; x_wconf 89' lang='lat' dir='ltr'><strong><em>terram</em></strong></span> <span class='ocrx_word' id='word_1_215' title='bbox 3191 1717 3350 1784; x_wconf 84' lang='lat' dir='ltr'><strong><em>rigat,</em></strong></span> <span class='ocrx_word' id='word_1_216' title='bbox 3396 1730 3505 1770; x_wconf 91' lang='lat' dir='ltr'><strong><em>non</em></strong></span> <span class='ocrx_word' id='word_1_217' title='bbox 3537 1731 3605 1769; x_wconf 84' lang='lat' dir='ltr'><strong><em>ex</em></strong></span> 
     </span>
    </p>
   </div>
   <div class='ocr_carea' id='block_1_33' title="bbox 2028 1807 3605 1877">
    <p class='ocr_par' dir='ltr' id='par_1_33' title="bbox 2028 1807 3605 1877">
     <span class='ocr_line' id='line_1_33' title="bbox 2028 1807 3605 1877; baseline -0.002 -15"><span class='ocrx_word' id='word_1_218' title='bbox 2028 1807 2273 1862; x_wconf 80' lang='lat' dir='ltr'><strong><em>fontibus</em></strong></span> <span class='ocrx_word' id='word_1_219' title='bbox 2303 1808 2654 1870; x_wconf 82' lang='lat' dir='ltr'><strong><em>convallium,</em></strong></span> <span class='ocrx_word' id='word_1_220' title='bbox 2696 1821 2872 1876; x_wconf 87' lang='lat' dir='ltr'><strong><em>neque</em></strong></span> <span class='ocrx_word' id='word_1_221' title='bbox 2909 1823 2975 1860; x_wconf 84' lang='lat' dir='ltr'><strong><em>ex</em></strong></span> <span class='ocrx_word' id='word_1_222' title='bbox 3008 1807 3325 1861; x_wconf 87' lang='lat' dir='ltr'><strong><em>ﬂuminibus</em></strong></span> <span class='ocrx_word' id='word_1_223' title='bbox 3357 1822 3480 1877; x_wconf 67' lang='lat' dir='ltr'><strong><em>qua:</em></strong></span> <span class='ocrx_word' id='word_1_224' title='bbox 3508 1821 3605 1876; x_wconf 88' lang='lat' dir='ltr'><strong><em>per</em></strong></span> 
     </span>
    </p>
   </div>
   <div class='ocr_carea' id='block_1_34' title="bbox 337 1877 1918 1983">
    <p class='ocr_par' dir='ltr' id='par_1_34' title="bbox 337 1877 1918 1983">
     <span class='ocr_line' id='line_1_34' title="bbox 337 1877 1918 1983; baseline 0 -20"><span class='ocrx_word' id='word_1_225' title='bbox 337 1877 695 1974; x_wconf 63' lang='lat' dir='ltr'><strong><em>vov.&quot;IIo-ciCst</em></strong></span> <span class='ocrx_word' id='word_1_226' title='bbox 724 1877 1013 1982; x_wconf 75' lang='grc' dir='ltr'><em>τοιγαροῦν</em></span> <span class='ocrx_word' id='word_1_227' title='bbox 1043 1914 1072 1965; x_wconf 85' lang='grc' dir='ltr'>ὁ</span> <span class='ocrx_word' id='word_1_228' title='bbox 1099 1877 1232 1976; x_wconf 77' lang='grc' dir='ltr'><em>Θεὸς</em></span> <span class='ocrx_word' id='word_1_229' title='bbox 1255 1877 1327 1964; x_wconf 68' lang='grc' dir='ltr'><em>τὰ</em></span> <span class='ocrx_word' id='word_1_230' title='bbox 1353 1877 1456 1983; x_wconf 79' lang='grc' dir='ltr'><em>ὄρη</em></span> <span class='ocrx_word' id='word_1_231' title='bbox 1484 1912 1579 1966; x_wconf 73' lang='grc' dir='ltr'><em>καὶ</em></span> <span class='ocrx_word' id='word_1_232' title='bbox 1602 1877 1681 1965; x_wconf 50' lang='grc' dir='ltr'><strong><em>’τὰ</em></strong></span> <span class='ocrx_word' id='word_1_233' title='bbox 1711 1912 1770 1965; x_wconf 90' lang='grc' dir='ltr'><strong><em>ἐν</em></strong></span> <span class='ocrx_word' id='word_1_234' title='bbox 1802 1877 1918 1964; x_wconf 70' lang='grc' dir='ltr'><em>τόύ-</em></span> 
     </span>
    </p>
   </div>
   <div class='ocr_carea' id='block_1_35' title="bbox 2019 1877 3605 1983">
    <p class='ocr_par' dir='ltr' id='par_1_35' title="bbox 2027 1900 3605 1970">
     <span class='ocr_line' id='line_1_35' title="bbox 2027 1900 3605 1970; baseline 0 -14"><span class='ocrx_word' id='word_1_235' title='bbox 2027 1911 2227 1956; x_wconf 87' lang='lat' dir='ltr'><strong><em>terram</em></strong></span> <span class='ocrx_word' id='word_1_236' title='bbox 2277 1900 2546 1963; x_wconf 83' lang='lat' dir='ltr'><strong><em>deﬂuunt,</em></strong></span> <span class='ocrx_word' id='word_1_237' title='bbox 2578 1901 2671 1955; x_wconf 79' lang='lat' dir='ltr'><strong><em>sed</em></strong></span> <span class='ocrx_word' id='word_1_238' title='bbox 2708 1900 2776 1954; x_wconf 92' lang='lat' dir='ltr'><strong><em>de</em></strong></span> <span class='ocrx_word' id='word_1_239' title='bbox 2831 1900 3209 1970; x_wconf 86' lang='lat' dir='ltr'><strong><em>superioribus</em></strong></span> <span class='ocrx_word' id='word_1_240' title='bbox 3243 1901 3358 1956; x_wconf 90' lang='lat' dir='ltr'><strong><em>suis</em></strong></span> <span class='ocrx_word' id='word_1_241' title='bbox 3394 1901 3605 1970; x_wconf 87' lang='lat' dir='ltr'><strong><em>pluvias</em></strong></span> 
     </span>
    </p>
   </div>
   <div class='ocr_carea' id='block_1_36' title="bbox 336 2001 1926 2075">
    <p class='ocr_par' dir='ltr' id='par_1_36' title="bbox 336 2001 1926 2075">
     <span class='ocr_line' id='line_1_36' title="bbox 336 2001 1926 2075; baseline 0.001 -22"><span class='ocrx_word' id='word_1_242' title='bbox 336 2018 451 2064; x_wconf 88' lang='grc' dir='ltr'><em>τοις</em></span> <span class='ocrx_word' id='word_1_243' title='bbox 476 2001 633 2054; x_wconf 83' lang='grc' dir='ltr'><em>πεδία</em></span> <span class='ocrx_word' id='word_1_244' title='bbox 660 2002 761 2074; x_wconf 80' lang='grc' dir='ltr'><em>τήν</em></span> <span class='ocrx_word' id='word_1_245' title='bbox 793 2019 854 2054; x_wconf 91' lang='grc' dir='ltr'><strong><em>τε</em></strong></span> <span class='ocrx_word' id='word_1_246' title='bbox 884 2002 1079 2074; x_wconf 87' lang='grc' dir='ltr'><em>λοιπὴν</em></span> <span class='ocrx_word' id='word_1_247' title='bbox 1114 2003 1406 2075; x_wconf 85' lang='grc' dir='ltr'><em>σύμπασαν</em></span> <span class='ocrx_word' id='word_1_248' title='bbox 1428 2005 1534 2074; x_wconf 78' lang='grc' dir='ltr'><em>γῆν</em></span> <span class='ocrx_word' id='word_1_249' title='bbox 1565 2003 1664 2055; x_wconf 83' lang='grc' dir='ltr'><em>οὐκ</em></span> <span class='ocrx_word' id='word_1_250' title='bbox 1688 2002 1796 2055; x_wconf 79' lang='grc' dir='ltr'><em>ἀπὸ</em></span> <span class='ocrx_word' id='word_1_251' title='bbox 1816 2002 1926 2054; x_wconf 87' lang='grc' dir='ltr'><strong><em>τῶν</em></strong></span> 
     </span>
    </p>
   </div>
   <div class='ocr_carea' id='block_1_37' title="bbox 332 2094 1924 2167">
    <p class='ocr_par' dir='ltr' id='par_1_37' title="bbox 332 2094 1924 2167">
     <span class='ocr_line' id='line_1_37' title="bbox 332 2094 1924 2167; baseline 0.001 -23"><span class='ocrx_word' id='word_1_252' title='bbox 332 2096 362 2142; x_wconf 67' lang='grc' dir='ltr'><strong><em>ι</em></strong></span> <span class='ocrx_word' id='word_1_253' title='bbox 428 2094 549 2158; x_wconf 79' lang='grc' dir='ltr'><em>ταῖς</em></span> <span class='ocrx_word' id='word_1_254' title='bbox 581 2094 820 2167; x_wconf 77' lang='grc' dir='ltr'><em>φάραγξι</em></span> <span class='ocrx_word' id='word_1_255' title='bbox 845 2095 1062 2166; x_wconf 85' lang='grc' dir='ltr'><strong><em>πηγῶν,</em></strong></span> <span class='ocrx_word' id='word_1_256' title='bbox 1089 2096 1198 2148; x_wconf 84' lang='grc' dir='ltr'><em>οὐδ’</em></span> <span class='ocrx_word' id='word_1_257' title='bbox 1228 2096 1335 2150; x_wconf 89' lang='grc' dir='ltr'><em>ἀπὸ</em></span> <span class='ocrx_word' id='word_1_258' title='bbox 1365 2096 1475 2149; x_wconf 87' lang='grc' dir='ltr'><strong><em>τῶν</em></strong></span> <span class='ocrx_word' id='word_1_259' title='bbox 1492 2094 1804 2167; x_wconf 81' lang='grc' dir='ltr'><em>φερομένων</em></span> <span class='ocrx_word' id='word_1_260' title='bbox 1824 2112 1924 2147; x_wconf 84' lang='grc' dir='ltr'><em>κα-</em></span> 
     </span>
    </p>
   </div>
   <div class='ocr_carea' id='block_1_38' title="bbox 342 2186 1926 2258">
    <p class='ocr_par' dir='ltr' id='par_1_38' title="bbox 342 2186 1926 2258">
     <span class='ocr_line' id='line_1_38' title="bbox 342 2186 1926 2258; baseline -0.001 -18"><span class='ocrx_word' id='word_1_261' title='bbox 342 2186 403 2240; x_wconf 71' lang='grc' dir='ltr'><em>τὰ</em></span> <span class='ocrx_word' id='word_1_262' title='bbox 434 2186 541 2256; x_wconf 86' lang='grc' dir='ltr'><em>γῆς</em></span> <span class='ocrx_word' id='word_1_263' title='bbox 576 2188 859 2258; x_wconf 84' lang='grc' dir='ltr'><em>ποταμῶν,</em></span> <span class='ocrx_word' id='word_1_264' title='bbox 897 2188 1011 2241; x_wconf 90' lang='grc' dir='ltr'><em>ἀλλ’</em></span> <span class='ocrx_word' id='word_1_265' title='bbox 1032 2188 1139 2241; x_wconf 86' lang='grc' dir='ltr'><em>ἀπὸ</em></span> <span class='ocrx_word' id='word_1_266' title='bbox 1159 2187 1267 2241; x_wconf 90' lang='grc' dir='ltr'><strong><em>τῶν</em></strong></span> <span class='ocrx_word' id='word_1_267' title='bbox 1292 2187 1556 2258; x_wconf 80' lang='grc' dir='ltr'><em>ὑπερῴων</em></span> <span class='ocrx_word' id='word_1_268' title='bbox 1583 2187 1748 2240; x_wconf 89' lang='grc' dir='ltr'><em>αὑτοῦ</em></span> <span class='ocrx_word' id='word_1_269' title='bbox 1788 2186 1926 2240; x_wconf 81' lang='grc' dir='ltr'><em>ἄνω-</em></span> 
     </span>
    </p>
   </div>
   <div class='ocr_carea' id='block_1_39' title="bbox 334 2276 1925 2353">
    <p class='ocr_par' dir='ltr' id='par_1_39' title="bbox 334 2276 1925 2353">
     <span class='ocr_line' id='line_1_39' title="bbox 334 2276 1925 2353; baseline 0.003 -23"><span class='ocrx_word' id='word_1_270' title='bbox 334 2276 426 2331; x_wconf 89' lang='grc' dir='ltr'><strong><em>θεν</em></strong></span> <span class='ocrx_word' id='word_1_271' title='bbox 446 2278 539 2348; x_wconf 84' lang='grc' dir='ltr'><em>ἀφ’</em></span> <span class='ocrx_word' id='word_1_272' title='bbox 554 2277 722 2348; x_wconf 74' lang='grc' dir='ltr'><em>ὕψους</em></span> <span class='ocrx_word' id='word_1_273' title='bbox 749 2280 875 2343; x_wconf 83' lang='grc' dir='ltr'><em>τοὺς</em></span> <span class='ocrx_word' id='word_1_274' title='bbox 899 2280 1193 2350; x_wconf 84' lang='grc' dir='ltr'><em>αὐτάρκεις</em></span> <span class='ocrx_word' id='word_1_275' title='bbox 1211 2281 1305 2333; x_wconf 81' lang='grc' dir='ltr'><em>καὶ</em></span> <span class='ocrx_word' id='word_1_276' title='bbox 1333 2281 1783 2353; x_wconf 79' lang='grc' dir='ltr'><em>μεμετρημένους</em></span> <span class='ocrx_word' id='word_1_277' title='bbox 1805 2283 1925 2334; x_wconf 89' lang='grc' dir='ltr'><em>ἐπι-</em></span> 
     </span>
    </p>
   </div>
   <div class='ocr_carea' id='block_1_40' title="bbox 333 2368 1921 2444">
    <p class='ocr_par' dir='ltr' id='par_1_40' title="bbox 333 2368 1921 2444">
     <span class='ocr_line' id='line_1_40' title="bbox 333 2368 1921 2444; baseline 0.001 -21"><span class='ocrx_word' id='word_1_278' title='bbox 333 2368 589 2441; x_wconf 82' lang='grc' dir='ltr'><em>χορηγῶν</em></span> <span class='ocrx_word' id='word_1_279' title='bbox 620 2370 1106 2443; x_wconf 84' lang='grc' dir='ltr'><em>ὑετούς.⁹Υπερῷα</em></span> <span class='ocrx_word' id='word_1_280' title='bbox 1150 2372 1208 2425; x_wconf 85' lang='grc' dir='ltr'><em>δὲ</em></span> <span class='ocrx_word' id='word_1_281' title='bbox 1257 2371 1392 2426; x_wconf 88' lang='grc' dir='ltr'><em>Θεοῦ</em></span> <span class='ocrx_word' id='word_1_282' title='bbox 1435 2372 1526 2426; x_wconf 81' lang='grc' dir='ltr'><em>τὸν</em></span> <span class='ocrx_word' id='word_1_283' title='bbox 1570 2374 1711 2444; x_wconf 87' lang='grc' dir='ltr'><em>ἀέρα</em></span> <span class='ocrx_word' id='word_1_284' title='bbox 1745 2373 1921 2435; x_wconf 84' lang='grc' dir='ltr'><em>καλεῖ,</em></span> 
     </span>
    </p>
   </div>
   <div class='ocr_carea' id='block_1_41' title="bbox 334 2454 1939 2535">
    <p class='ocr_par' dir='ltr' id='par_1_41' title="bbox 334 2454 1939 2535">
     <span class='ocr_line' id='line_1_41' title="bbox 334 2454 1939 2535; baseline 0.002 -19"><span class='ocrx_word' id='word_1_285' title='bbox 334 2462 588 2533; x_wconf 80' lang='grc' dir='ltr'><em>καθάπερ</em></span> <span class='ocrx_word' id='word_1_286' title='bbox 640 2461 735 2515; x_wconf 76' lang='grc' dir='ltr'><em>ἐπὶ</em></span> <span class='ocrx_word' id='word_1_287' title='bbox 780 2464 910 2532; x_wconf 82' lang='grc' dir='ltr'><em>μιᾶς</em></span> <span class='ocrx_word' id='word_1_288' title='bbox 947 2463 1123 2527; x_wconf 81' lang='grc' dir='ltr'><em>οἰκίας</em></span> <span class='ocrx_word' id='word_1_289' title='bbox 1155 2461 1251 2516; x_wconf 89' lang='grc' dir='ltr'><strong><em>τοῦ</em></strong></span> <span class='ocrx_word' id='word_1_290' title='bbox 1299 2463 1500 2527; x_wconf 86' lang='grc' dir='ltr'><em>παντὸς</em></span> <span class='ocrx_word' id='word_1_291' title='bbox 1545 2454 1939 2535; x_wconf 71' lang='grc' dir='ltr'><em>κόσμου.’ορη’</em></span> 
     </span>
    </p>
   </div>
   <div class='ocr_carea' id='block_1_42' title="bbox 336 2554 1923 2630">
    <p class='ocr_par' dir='ltr' id='par_1_42' title="bbox 336 2554 1923 2630">
     <span class='ocr_line' id='line_1_42' title="bbox 336 2554 1923 2630; baseline 0.002 -23"><span class='ocrx_word' id='word_1_292' title='bbox 336 2554 439 2624; x_wconf 86' lang='grc' dir='ltr'><strong><em>μέν</em></strong></span> <span class='ocrx_word' id='word_1_293' title='bbox 472 2555 611 2608; x_wconf 83' lang='grc' dir='ltr'><em>εἰσιν</em></span> <span class='ocrx_word' id='word_1_294' title='bbox 636 2556 688 2608; x_wconf 86' lang='grc' dir='ltr'><em>οἱ</em></span> <span class='ocrx_word' id='word_1_295' title='bbox 716 2557 1154 2630; x_wconf 87' lang='grc' dir='ltr'><em>πνευματοφόροι</em></span> <span class='ocrx_word' id='word_1_296' title='bbox 1183 2557 1375 2629; x_wconf 80' lang='grc' dir='ltr'><em>ἄνδρες</em></span> <span class='ocrx_word' id='word_1_297' title='bbox 1398 2573 1412 2588; x_wconf 76' lang='grc' dir='ltr'><strong><em>ο</em></strong></span> <span class='ocrx_word' id='word_1_298' title='bbox 1438 2555 1749 2620; x_wconf 72' lang='grc' dir='ltr'><em>ποτίζονται</em></span> <span class='ocrx_word' id='word_1_299' title='bbox 1776 2556 1834 2610; x_wconf 84' lang='grc' dir='ltr'><em>δὲ</em></span> <span class='ocrx_word' id='word_1_300' title='bbox 1858 2558 1923 2611; x_wconf 88' lang='grc' dir='ltr'><strong><em>ἐκ</em></strong></span> 
     </span>
    </p>
   </div>
   <div class='ocr_carea' id='block_1_43' title="bbox 332 2643 1921 2716">
    <p class='ocr_par' dir='ltr' id='par_1_43' title="bbox 332 2643 1921 2716">
     <span class='ocr_line' id='line_1_43' title="bbox 332 2643 1921 2716; baseline 0.001 -21"><span class='ocrx_word' id='word_1_301' title='bbox 332 2643 444 2699; x_wconf 85' lang='grc' dir='ltr'><strong><em>τῶν</em></strong></span> <span class='ocrx_word' id='word_1_302' title='bbox 477 2644 744 2716; x_wconf 79' lang='grc' dir='ltr'><em>ὑπερῴων</em></span> <span class='ocrx_word' id='word_1_303' title='bbox 780 2645 945 2700; x_wconf 85' lang='grc' dir='ltr'><em>αὐτοῦ</em></span> <span class='ocrx_word' id='word_1_304' title='bbox 984 2646 1079 2701; x_wconf 90' lang='grc' dir='ltr'><strong><em>τοῦ</em></strong></span> <span class='ocrx_word' id='word_1_305' title='bbox 1101 2646 1258 2711; x_wconf 89' lang='grc' dir='ltr'><em>Θεοῦ,</em></span> <span class='ocrx_word' id='word_1_306' title='bbox 1288 2645 1655 2716; x_wconf 80' lang='grc' dir='ltr'><em>πληρούμενοι</em></span> <span class='ocrx_word' id='word_1_307' title='bbox 1684 2645 1794 2700; x_wconf 89' lang='grc' dir='ltr'><strong><em>τῶν</em></strong></span> <span class='ocrx_word' id='word_1_308' title='bbox 1827 2644 1921 2699; x_wconf 90' lang='grc' dir='ltr'><strong><em>τοῦ</em></strong></span> 
     </span>
    </p>
   </div>
   <div class='ocr_carea' id='block_1_44' title="bbox 333 2733 1922 2811">
    <p class='ocr_par' dir='ltr' id='par_1_44' title="bbox 333 2733 1922 2811">
     <span class='ocr_line' id='line_1_44' title="bbox 333 2733 1922 2811; baseline 0.003 -22"><span class='ocrx_word' id='word_1_309' title='bbox 333 2733 654 2809; x_wconf 81' lang='grc' dir='ltr'><em>Πνεύματος</em></span> <span class='ocrx_word' id='word_1_310' title='bbox 700 2739 1078 2810; x_wconf 85' lang='grc' dir='ltr'><em>χαρισμάτων,</em></span> <span class='ocrx_word' id='word_1_311' title='bbox 1107 2739 1268 2808; x_wconf 86' lang='grc' dir='ltr'>λόγου</span> <span class='ocrx_word' id='word_1_312' title='bbox 1303 2741 1496 2810; x_wconf 86' lang='grc' dir='ltr'><em>σοφίας</em></span> <span class='ocrx_word' id='word_1_313' title='bbox 1530 2739 1625 2793; x_wconf 75' lang='grc' dir='ltr'><em>καὶ</em></span> <span class='ocrx_word' id='word_1_314' title='bbox 1653 2739 1761 2793; x_wconf 86' lang='grc' dir='ltr'><strong><em>τῶν</em></strong></span> <span class='ocrx_word' id='word_1_315' title='bbox 1795 2739 1922 2811; x_wconf 79' lang='grc' dir='ltr'><strong><em>ἑξῆς</em></strong></span> 
     </span>
    </p>
   </div>
   <div class='ocr_carea' id='block_1_45' title="bbox 332 2826 1921 2905">
    <p class='ocr_par' dir='ltr' id='par_1_45' title="bbox 332 2826 1921 2905">
     <span class='ocr_line' id='line_1_45' title="bbox 332 2826 1921 2905; baseline 0 -20"><span class='ocrx_word' id='word_1_316' title='bbox 332 2831 1104 2905; x_wconf 78' lang='grc' dir='ltr'><em>ἀπηριθμημένων.’Υπερῷα</em></span> <span class='ocrx_word' id='word_1_317' title='bbox 1147 2832 1205 2886; x_wconf 84' lang='grc' dir='ltr'><em>δὲ</em></span> <span class='ocrx_word' id='word_1_318' title='bbox 1257 2832 1415 2899; x_wconf 89' lang='grc' dir='ltr'><em>Θεοῦ,</em></span> <span class='ocrx_word' id='word_1_319' title='bbox 1459 2833 1551 2901; x_wconf 86' lang='grc' dir='ltr'><em>ἀφ’</em></span> <span class='ocrx_word' id='word_1_320' title='bbox 1585 2826 1659 2886; x_wconf 84' lang='grc' dir='ltr'><em>ὧν</em></span> <span class='ocrx_word' id='word_1_321' title='bbox 1707 2831 1779 2886; x_wconf 84' lang='grc' dir='ltr'><em>τὰ</em></span> <span class='ocrx_word' id='word_1_322' title='bbox 1819 2831 1921 2902; x_wconf 81' lang='grc' dir='ltr'><em>ὄρη</em></span> 
     </span>
    </p>
   </div>
   <div class='ocr_carea' id='block_1_46' title="bbox 333 2922 1923 2997">
    <p class='ocr_par' dir='ltr' id='par_1_46' title="bbox 333 2922 1923 2997">
     <span class='ocr_line' id='line_1_46' title="bbox 333 2922 1923 2997; baseline 0.001 -21"><span class='ocrx_word' id='word_1_323' title='bbox 333 2922 567 2989; x_wconf 79' lang='grc' dir='ltr'><em>ποτίζει,</em></span> <span class='ocrx_word' id='word_1_324' title='bbox 593 2925 917 2996; x_wconf 83' lang='grc' dir='ltr'><em>ἀκραιφνεῖς</em></span> <span class='ocrx_word' id='word_1_325' title='bbox 948 2926 1044 2979; x_wconf 77' lang='grc' dir='ltr'><em>καὶ</em></span> <span class='ocrx_word' id='word_1_326' title='bbox 1077 2925 1516 2997; x_wconf 77' lang='grc' dir='ltr'><em>ὑπερϐάλλουσαι</em></span> <span class='ocrx_word' id='word_1_327' title='bbox 1559 2924 1783 2996; x_wconf 84' lang='grc' dir='ltr'><em>θεωρίαι</em></span> <span class='ocrx_word' id='word_1_328' title='bbox 1821 2923 1923 2993; x_wconf 80' lang='grc' dir='ltr'><em>τῆς</em></span> 
     </span>
    </p>
   </div>
   <div class='ocr_carea' id='block_1_47' title="bbox 333 3013 1922 3088">
    <p class='ocr_par' dir='ltr' id='par_1_47' title="bbox 333 3013 1922 3088">
     <span class='ocr_line' id='line_1_47' title="bbox 333 3013 1922 3088; baseline 0 -20"><span class='ocrx_word' id='word_1_329' title='bbox 333 3014 591 3085; x_wconf 83' lang='grc' dir='ltr'><em>ἀληθείας</em></span> <span class='ocrx_word' id='word_1_330' title='bbox 618 3017 968 3087; x_wconf 86' lang='grc' dir='ltr'><em>τυγχάνουσι,</em></span> <span class='ocrx_word' id='word_1_331' title='bbox 1001 3015 1227 3088; x_wconf 82' lang='grc' dir='ltr'><em>ὑπερῷα</em></span> <span class='ocrx_word' id='word_1_332' title='bbox 1260 3016 1613 3087; x_wconf 83' lang='grc' dir='ltr'><em>καλούμεναι,</em></span> <span class='ocrx_word' id='word_1_333' title='bbox 1646 3013 1727 3084; x_wconf 84' lang='grc' dir='ltr'><em>τῷ</em></span> <span class='ocrx_word' id='word_1_334' title='bbox 1757 3013 1922 3085; x_wconf 89' lang='grc' dir='ltr'><em>μηδὲν</em></span> 
     </span>
    </p>
   </div>
   <div class='ocr_carea' id='block_1_48' title="bbox 332 3106 1922 3180">
    <p class='ocr_par' dir='ltr' id='par_1_48' title="bbox 332 3106 1922 3180">
     <span class='ocr_line' id='line_1_48' title="bbox 332 3106 1922 3180; baseline -0.002 -17"><span class='ocrx_word' id='word_1_335' title='bbox 332 3108 505 3173; x_wconf 84' lang='grc' dir='ltr'><em>αὐτὰς</em></span> <span class='ocrx_word' id='word_1_336' title='bbox 552 3108 1114 3180; x_wconf 79' lang='grc' dir='ltr'><em>ὑπεραναὸεὸηκέναι.</em></span> <span class='ocrx_word' id='word_1_337' title='bbox 1134 3108 1269 3162; x_wconf 80' lang='grc' dir='ltr'><strong><em>Ἀπὸ</em></strong></span> <span class='ocrx_word' id='word_1_338' title='bbox 1312 3108 1545 3177; x_wconf 83' lang='grc' dir='ltr'><em>καρποῦ</em></span> <span class='ocrx_word' id='word_1_339' title='bbox 1586 3106 1706 3161; x_wconf 85' lang='grc' dir='ltr'><strong><em>τῶν</em></strong></span> <span class='ocrx_word' id='word_1_340' title='bbox 1731 3107 1922 3177; x_wconf 75' lang='grc' dir='ltr'><em>ἔργων</em></span> 
     </span>
    </p>
   </div>
   <div class='ocr_carea' id='block_1_49' title="bbox 2026 1991 3601 2048">
    <p class='ocr_par' dir='ltr' id='par_1_49' title="bbox 2026 1991 3601 2048">
     <span class='ocr_line' id='line_1_49' title="bbox 2026 1991 3601 2048; baseline -0.001 0"><span class='ocrx_word' id='word_1_341' title='bbox 2026 2009 2093 2048; x_wconf 73' lang='lat' dir='ltr'><strong><em>ex</em></strong></span> <span class='ocrx_word' id='word_1_342' title='bbox 2131 1994 2243 2047; x_wconf 87' lang='lat' dir='ltr'><strong><em>alto</em></strong></span> <span class='ocrx_word' id='word_1_343' title='bbox 2286 1991 2617 2048; x_wconf 81' lang='lat' dir='ltr'><strong><em>sutlicientes</em></strong></span> <span class='ocrx_word' id='word_1_344' title='bbox 2674 2007 2739 2046; x_wconf 91' lang='lat' dir='ltr'><strong><em>ac</em></strong></span> <span class='ocrx_word' id='word_1_345' title='bbox 2787 1993 3102 2048; x_wconf 90' lang='lat' dir='ltr'><strong><em>moderatas</em></strong></span> <span class='ocrx_word' id='word_1_346' title='bbox 3154 1992 3601 2048; x_wconf 88' lang='lat' dir='ltr'><strong><em>subministrans.</em></strong></span> 
     </span>
    </p>
   </div>
   <div class='ocr_carea' id='block_1_50' title="bbox 2028 2084 3607 2157">
    <p class='ocr_par' dir='ltr' id='par_1_50' title="bbox 2028 2084 3607 2157">
     <span class='ocr_line' id='line_1_50' title="bbox 2028 2084 3607 2157; baseline -0.003 -14"><span class='ocrx_word' id='word_1_347' title='bbox 2028 2086 2328 2157; x_wconf 84' lang='lat' dir='ltr'><strong><em>Superiora</em></strong></span> <span class='ocrx_word' id='word_1_348' title='bbox 2360 2095 2540 2141; x_wconf 88' lang='lat' dir='ltr'><strong><em>autem</em></strong></span> <span class='ocrx_word' id='word_1_349' title='bbox 2579 2084 2678 2140; x_wconf 88' lang='lat' dir='ltr'><strong><em>Dei</em></strong></span> <span class='ocrx_word' id='word_1_350' title='bbox 2711 2095 2871 2141; x_wconf 85' lang='lat' dir='ltr'><strong><em>vocat</em></strong></span> <span class='ocrx_word' id='word_1_351' title='bbox 2904 2101 3109 2152; x_wconf 86' lang='lat' dir='ltr'><strong><em>aerem,</em></strong></span> <span class='ocrx_word' id='word_1_352' title='bbox 3141 2084 3207 2140; x_wconf 91' lang='lat' dir='ltr'><strong><em>de</em></strong></span> <span class='ocrx_word' id='word_1_353' title='bbox 3242 2092 3357 2139; x_wconf 90' lang='lat' dir='ltr'><strong><em>loto</em></strong></span> <span class='ocrx_word' id='word_1_354' title='bbox 3399 2085 3607 2139; x_wconf 88' lang='lat' dir='ltr'><strong><em>mundo</em></strong></span> 
     </span>
    </p>
   </div>
   <div class='ocr_carea' id='block_1_51' title="bbox 2024 2175 3607 2248">
    <p class='ocr_par' dir='ltr' id='par_1_51' title="bbox 2024 2175 3607 2248">
     <span class='ocr_line' id='line_1_51' title="bbox 2024 2175 3607 2248; baseline -0.002 -16"><span class='ocrx_word' id='word_1_355' title='bbox 2024 2179 2184 2248; x_wconf 87' lang='lat' dir='ltr'><strong><em>quasi</em></strong></span> <span class='ocrx_word' id='word_1_356' title='bbox 2212 2176 2281 2231; x_wconf 86' lang='lat' dir='ltr'><strong><em>de</em></strong></span> <span class='ocrx_word' id='word_1_357' title='bbox 2307 2176 2472 2231; x_wconf 91' lang='lat' dir='ltr'><strong><em>domo</em></strong></span> <span class='ocrx_word' id='word_1_358' title='bbox 2498 2175 2735 2245; x_wconf 88' lang='lat' dir='ltr'><strong><em>quadam</em></strong></span> <span class='ocrx_word' id='word_1_359' title='bbox 2762 2177 2927 2231; x_wconf 89' lang='lat' dir='ltr'><strong><em>verba</em></strong></span> <span class='ocrx_word' id='word_1_360' title='bbox 2967 2177 3198 2231; x_wconf 79' lang='lat' dir='ltr'><strong><em>faciens.</em></strong></span> <span class='ocrx_word' id='word_1_361' title='bbox 3232 2175 3445 2230; x_wconf 77' lang='lat' dir='ltr'><strong><em>Montes</em></strong></span> <span class='ocrx_word' id='word_1_362' title='bbox 3485 2176 3607 2245; x_wconf 85' lang='lat' dir='ltr'><strong><em>qui-</em></strong></span> 
     </span>
    </p>
   </div>
   <div class='ocr_carea' id='block_1_52' title="bbox 2024 2267 3610 2343">
    <p class='ocr_par' dir='ltr' id='par_1_52' title="bbox 2024 2267 3610 2343">
     <span class='ocr_line' id='line_1_52' title="bbox 2024 2267 3610 2343; baseline -0.005 -13"><span class='ocrx_word' id='word_1_363' title='bbox 2024 2275 2149 2330; x_wconf 89' lang='lat' dir='ltr'><strong><em>dem</em></strong></span> <span class='ocrx_word' id='word_1_364' title='bbox 2190 2284 2322 2330; x_wconf 91' lang='lat' dir='ltr'><strong><em>sunt</em></strong></span> <span class='ocrx_word' id='word_1_365' title='bbox 2365 2271 2682 2343; x_wconf 88' lang='lat' dir='ltr'><strong><em>spirituales</em></strong></span> <span class='ocrx_word' id='word_1_366' title='bbox 2732 2270 2837 2325; x_wconf 89' lang='lat' dir='ltr'><strong><em>viri</em></strong></span> <span class='ocrx_word' id='word_1_367' title='bbox 2872 2289 2887 2326; x_wconf 82' lang='lat'><strong>:</strong></span> <span class='ocrx_word' id='word_1_368' title='bbox 2916 2270 2973 2324; x_wconf 89' lang='lat' dir='ltr'><strong><em>hi</em></strong></span> <span class='ocrx_word' id='word_1_369' title='bbox 3001 2276 3182 2322; x_wconf 89' lang='lat' dir='ltr'><strong><em>autem</em></strong></span> <span class='ocrx_word' id='word_1_370' title='bbox 3213 2268 3512 2338; x_wconf 81' lang='lat' dir='ltr'><strong><em>irrigantur</em></strong></span> <span class='ocrx_word' id='word_1_371' title='bbox 3540 2267 3610 2322; x_wconf 86' lang='lat' dir='ltr'><strong><em>de</em></strong></span> 
     </span>
    </p>
   </div>
   <div class='ocr_carea' id='block_1_53' title="bbox 2025 2359 3608 2439">
    <p class='ocr_par' dir='ltr' id='par_1_53' title="bbox 2025 2359 3608 2439">
     <span class='ocr_line' id='line_1_53' title="bbox 2025 2359 3608 2439; baseline -0.008 -14"><span class='ocrx_word' id='word_1_372' title='bbox 2025 2367 2406 2439; x_wconf 86' lang='lat' dir='ltr'><strong><em>superioribus</em></strong></span> <span class='ocrx_word' id='word_1_373' title='bbox 2453 2365 2630 2436; x_wconf 88' lang='lat' dir='ltr'><strong><em>ipsius</em></strong></span> <span class='ocrx_word' id='word_1_374' title='bbox 2678 2362 2797 2429; x_wconf 85' lang='lat' dir='ltr'><strong><em>Dei,</em></strong></span> <span class='ocrx_word' id='word_1_375' title='bbox 2852 2361 3091 2432; x_wconf 88' lang='lat' dir='ltr'><strong><em>Spiritus</em></strong></span> <span class='ocrx_word' id='word_1_376' title='bbox 3127 2361 3303 2417; x_wconf 89' lang='lat' dir='ltr'><strong><em>sancti</em></strong></span> <span class='ocrx_word' id='word_1_377' title='bbox 3331 2359 3492 2414; x_wconf 90' lang='lat' dir='ltr'><strong><em>donis</em></strong></span> <span class='ocrx_word' id='word_1_378' title='bbox 3520 2373 3608 2413; x_wconf 89' lang='lat' dir='ltr'><strong><em>re-</em></strong></span> 
     </span>
    </p>
   </div>
   <div class='ocr_carea' id='block_1_54' title="bbox 2023 2452 3607 2532">
    <p class='ocr_par' dir='ltr' id='par_1_54' title="bbox 2023 2452 3607 2532">
     <span class='ocr_line' id='line_1_54' title="bbox 2023 2452 3607 2532; baseline -0.006 -18"><span class='ocrx_word' id='word_1_379' title='bbox 2023 2461 2178 2532; x_wconf 89' lang='lat' dir='ltr'><strong><em>pleti,</em></strong></span> <span class='ocrx_word' id='word_1_380' title='bbox 2206 2459 2462 2516; x_wconf 82' lang='lat' dir='ltr'><strong><em>videlicet</em></strong></span> <span class='ocrx_word' id='word_1_381' title='bbox 2510 2470 2766 2513; x_wconf 89' lang='lat' dir='ltr'><strong><em>sermone</em></strong></span> <span class='ocrx_word' id='word_1_382' title='bbox 2807 2454 3107 2525; x_wconf 72' lang='lat' dir='ltr'><strong><em>sapientiae,</em></strong></span> <span class='ocrx_word' id='word_1_383' title='bbox 3158 2452 3607 2522; x_wconf 62' lang='lat' dir='ltr'><strong><em>ueterisque-reo</em></strong></span> 
     </span>
    </p>
   </div>
   <div class='ocr_carea' id='block_1_55' title="bbox 2024 2544 3608 2622">
    <p class='ocr_par' dir='ltr' id='par_1_55' title="bbox 2024 2544 3608 2622">
     <span class='ocr_line' id='line_1_55' title="bbox 2024 2544 3608 2622; baseline -0.008 -12"><span class='ocrx_word' id='word_1_384' title='bbox 2024 2554 2273 2610; x_wconf 89' lang='lat' dir='ltr'><strong><em>censitis.</em></strong></span> <span class='ocrx_word' id='word_1_385' title='bbox 2316 2550 2612 2622; x_wconf 83' lang='lat' dir='ltr'><strong><em>Superiora</em></strong></span> <span class='ocrx_word' id='word_1_386' title='bbox 2641 2564 2772 2605; x_wconf 86' lang='lat' dir='ltr'><strong><em>vero</em></strong></span> <span class='ocrx_word' id='word_1_387' title='bbox 2800 2546 2917 2610; x_wconf 89' lang='lat' dir='ltr'><strong><em>Dei,</em></strong></span> <span class='ocrx_word' id='word_1_388' title='bbox 2953 2547 3020 2602; x_wconf 91' lang='lat' dir='ltr'><strong><em>de</em></strong></span> <span class='ocrx_word' id='word_1_389' title='bbox 3057 2546 3258 2616; x_wconf 86' lang='lat' dir='ltr'><strong><em>quibus</em></strong></span> <span class='ocrx_word' id='word_1_390' title='bbox 3294 2554 3505 2599; x_wconf 77' lang='lat' dir='ltr'><strong><em>montes</em></strong></span> <span class='ocrx_word' id='word_1_391' title='bbox 3530 2544 3608 2598; x_wconf 87' lang='lat' dir='ltr'><strong><em>ir-</em></strong></span> 
     </span>
    </p>
   </div>
   <div class='ocr_carea' id='block_1_56' title="bbox 2023 2639 3608 2718">
    <p class='ocr_par' dir='ltr' id='par_1_56' title="bbox 2023 2639 3608 2718">
     <span class='ocr_line' id='line_1_56' title="bbox 2023 2639 3608 2718; baseline -0.008 -16"><span class='ocrx_word' id='word_1_392' title='bbox 2023 2647 2187 2718; x_wconf 72' lang='lat' dir='ltr'><strong><em>rigat,</em></strong></span> <span class='ocrx_word' id='word_1_393' title='bbox 2246 2655 2376 2704; x_wconf 87' lang='lat' dir='ltr'><strong><em>sunt</em></strong></span> <span class='ocrx_word' id='word_1_394' title='bbox 2422 2644 2685 2702; x_wconf 86' lang='lat' dir='ltr'><strong><em>sublimes</em></strong></span> <span class='ocrx_word' id='word_1_395' title='bbox 2728 2657 2793 2697; x_wconf 89' lang='lat' dir='ltr'><strong><em>ac</em></strong></span> <span class='ocrx_word' id='word_1_396' title='bbox 2838 2640 3051 2697; x_wconf 79' lang='lat' dir='ltr'><strong><em>eximiae</em></strong></span> <span class='ocrx_word' id='word_1_397' title='bbox 3082 2639 3331 2694; x_wconf 87' lang='lat' dir='ltr'><strong><em>veritatis</em></strong></span> <span class='ocrx_word' id='word_1_398' title='bbox 3361 2645 3608 2691; x_wconf 87' lang='lat' dir='ltr'><strong><em>contem-</em></strong></span> 
     </span>
    </p>
   </div>
   <div class='ocr_carea' id='block_1_57' title="bbox 2022 2727 3606 2809">
    <p class='ocr_par' dir='ltr' id='par_1_57' title="bbox 2022 2727 3606 2809">
     <span class='ocr_line' id='line_1_57' title="bbox 2022 2727 3606 2809; baseline -0.006 -18"><span class='ocrx_word' id='word_1_399' title='bbox 2022 2738 2313 2809; x_wconf 80' lang='lat' dir='ltr'><strong><em>plationes,</em></strong></span> <span class='ocrx_word' id='word_1_400' title='bbox 2340 2752 2464 2807; x_wconf 73' lang='lat' dir='ltr'><strong><em>qua:</em></strong></span> <span class='ocrx_word' id='word_1_401' title='bbox 2499 2734 2785 2805; x_wconf 89' lang='lat' dir='ltr'><strong><em>superiora</em></strong></span> <span class='ocrx_word' id='word_1_402' title='bbox 2816 2737 3107 2795; x_wconf 83' lang='lat' dir='ltr'><strong><em>vocantur,</em></strong></span> <span class='ocrx_word' id='word_1_403' title='bbox 3138 2727 3287 2799; x_wconf 90' lang='lat' dir='ltr'><strong><em>quod</em></strong></span> <span class='ocrx_word' id='word_1_404' title='bbox 3316 2728 3455 2783; x_wconf 88' lang='lat' dir='ltr'><strong><em>nihil</em></strong></span> <span class='ocrx_word' id='word_1_405' title='bbox 3482 2727 3606 2782; x_wconf 85' lang='lat' dir='ltr'><strong><em>illas</em></strong></span> 
     </span>
    </p>
   </div>
   <div class='ocr_carea' id='block_1_58' title="bbox 2024 2818 3608 2894">
    <p class='ocr_par' dir='ltr' id='par_1_58' title="bbox 2024 2818 3608 2894">
     <span class='ocr_line' id='line_1_58' title="bbox 2024 2818 3608 2894; baseline -0.008 -12"><span class='ocrx_word' id='word_1_406' title='bbox 2024 2827 2397 2883; x_wconf 84' lang='lat' dir='ltr'><strong><em>transcendat.</em></strong></span> <span class='ocrx_word' id='word_1_407' title='bbox 2453 2825 2529 2880; x_wconf 91' lang='lat' dir='ltr'><strong><em>De</em></strong></span> <span class='ocrx_word' id='word_1_408' title='bbox 2588 2825 2766 2894; x_wconf 78' lang='lat' dir='ltr'><strong><em>fructu</em></strong></span> <span class='ocrx_word' id='word_1_409' title='bbox 2807 2838 3022 2892; x_wconf 88' lang='lat' dir='ltr'><strong><em>operum</em></strong></span> <span class='ocrx_word' id='word_1_410' title='bbox 3065 2832 3275 2875; x_wconf 87' lang='lat' dir='ltr'><strong><em>tuorum</em></strong></span> <span class='ocrx_word' id='word_1_411' title='bbox 3321 2818 3608 2874; x_wconf 65' lang='lat' dir='ltr'><strong><em>satiabitur</em></strong></span> 
     </span>
    </p>
   </div>
   <div class='ocr_carea' id='block_1_59' title="bbox 2024 2909 3604 2987">
    <p class='ocr_par' dir='ltr' id='par_1_59' title="bbox 2024 2909 3604 2987">
     <span class='ocr_line' id='line_1_59' title="bbox 2024 2909 3604 2987; baseline -0.008 -13"><span class='ocrx_word' id='word_1_412' title='bbox 2024 2929 2187 2975; x_wconf 91' lang='lat' dir='ltr'><strong><em>terra.</em></strong></span> <span class='ocrx_word' id='word_1_413' title='bbox 2245 2920 2368 2987; x_wconf 85' lang='lat' dir='ltr'><strong><em>Ipse</em></strong></span> <span class='ocrx_word' id='word_1_414' title='bbox 2412 2932 2651 2986; x_wconf 85' lang='lat' dir='ltr'><strong><em>namque</em></strong></span> <span class='ocrx_word' id='word_1_415' title='bbox 2696 2915 2855 2979; x_wconf 79' lang='lat' dir='ltr'><strong><em>dixit,</em></strong></span> <span class='ocrx_word' id='word_1_416' title='bbox 2908 2913 3175 2968; x_wconf 85' lang='lat' dir='ltr'><strong><em>Germinet</em></strong></span> <span class='ocrx_word' id='word_1_417' title='bbox 3209 2921 3352 2966; x_wconf 86' lang='lat' dir='ltr'><strong><em>terra</em></strong></span> <span class='ocrx_word' id='word_1_418' title='bbox 3387 2909 3604 2964; x_wconf 77' lang='lat' dir='ltr'><strong><em>herbam</em></strong></span> 
     </span>
    </p>
   </div>
   <div class='ocr_carea' id='block_1_60' title="bbox 2021 3004 3607 3082">
    <p class='ocr_par' dir='ltr' id='par_1_60' title="bbox 2021 3004 3607 3082">
     <span class='ocr_line' id='line_1_60' title="bbox 2021 3004 3607 3082; baseline -0.006 -15"><span class='ocrx_word' id='word_1_419' title='bbox 2021 3012 2128 3082; x_wconf 81' lang='lat' dir='ltr'><strong><em>feni</em></strong></span> <span class='ocrx_word' id='word_1_420' title='bbox 2159 3021 2210 3067; x_wconf 83' lang='lat' dir='ltr'><strong><em>et</em></strong></span> <span class='ocrx_word' id='word_1_421' title='bbox 2236 3012 2435 3082; x_wconf 83' lang='lat' dir='ltr'><strong><em>lignum</em></strong></span> <span class='ocrx_word' id='word_1_422' title='bbox 2465 3010 2801 3080; x_wconf 80' lang='lat' dir='ltr'><strong><em>fructiferum</em></strong></span> <span class='ocrx_word' id='word_1_423' title='bbox 2822 3008 3023 3077; x_wconf 82' lang='lat' dir='ltr'><strong><em>faciens</em></strong></span> <span class='ocrx_word' id='word_1_424' title='bbox 3055 3005 3290 3075; x_wconf 80' lang='lat' dir='ltr'><strong><em>fructum</em></strong></span> <span class='ocrx_word' id='word_1_425' title='bbox 3307 3006 3373 3069; x_wconf 88' lang='grc'><strong><em>³⁷,</em></strong></span> <span class='ocrx_word' id='word_1_426' title='bbox 3404 3012 3457 3059; x_wconf 90' lang='lat' dir='ltr'><strong><em>et</em></strong></span> <span class='ocrx_word' id='word_1_427' title='bbox 3480 3004 3607 3059; x_wconf 80' lang='lat' dir='ltr'><strong><em>reli-</em></strong></span> 
     </span>
    </p>
   </div>
   <div class='ocr_carea' id='block_1_61' title="bbox 2020 3097 3606 3177">
    <p class='ocr_par' dir='ltr' id='par_1_61' title="bbox 2020 3097 3606 3177">
     <span class='ocr_line' id='line_1_61' title="bbox 2020 3097 3606 3177; baseline -0.005 -18"><span class='ocrx_word' id='word_1_428' title='bbox 2020 3121 2149 3177; x_wconf 90' lang='lat' dir='ltr'><strong><em>qua.</em></strong></span> <span class='ocrx_word' id='word_1_429' title='bbox 2189 3102 2271 3158; x_wconf 77' lang='lat' dir='ltr'><strong><em>Ex</em></strong></span> <span class='ocrx_word' id='word_1_430' title='bbox 2301 3102 2432 3159; x_wconf 86' lang='lat' dir='ltr'><strong><em>Jesu</em></strong></span> <span class='ocrx_word' id='word_1_431' title='bbox 2468 3102 2728 3173; x_wconf 87' lang='lat' dir='ltr'><strong><em>operibus</em></strong></span> <span class='ocrx_word' id='word_1_432' title='bbox 2753 3115 2850 3170; x_wconf 88' lang='lat' dir='ltr'><strong><em>per</em></strong></span> <span class='ocrx_word' id='word_1_433' title='bbox 2876 3097 3236 3153; x_wconf 69' lang='lat' dir='ltr'><strong><em>meonomiam</em></strong></span> <span class='ocrx_word' id='word_1_434' title='bbox 3265 3097 3450 3162; x_wconf 85' lang='lat' dir='ltr'><strong><em>editis,</em></strong></span> <span class='ocrx_word' id='word_1_435' title='bbox 3486 3112 3606 3167; x_wconf 73' lang='lat' dir='ltr'><strong><em>qua:</em></strong></span> 
     </span>
    </p>
   </div>
   <div class='ocr_carea' id='block_1_62' title="bbox 332 3192 1918 3283">
    <p class='ocr_par' dir='ltr' id='par_1_62' title="bbox 332 3196 1918 3271">
     <span class='ocr_line' id='line_1_62' title="bbox 332 3196 1918 3271; baseline -0.003 -16"><span class='ocrx_word' id='word_1_436' title='bbox 332 3216 449 3255; x_wconf 90' lang='grc' dir='ltr'><strong><em>σου</em></strong></span> <span class='ocrx_word' id='word_1_437' title='bbox 500 3199 981 3269; x_wconf 81' lang='grc' dir='ltr'><em>χορτασθήσεται</em></span> <span class='ocrx_word' id='word_1_438' title='bbox 1017 3201 1057 3269; x_wconf 79' lang='grc' dir='ltr'><strong><em>ἠ</em></strong></span> <span class='ocrx_word' id='word_1_439' title='bbox 1093 3199 1192 3270; x_wconf 70' lang='grc' dir='ltr'><strong><em>γῆ.</em></strong></span> <span class='ocrx_word' id='word_1_440' title='bbox 1225 3199 1399 3263; x_wconf 79' lang='grc' dir='ltr'><em>Αὐτὸς</em></span> <span class='ocrx_word' id='word_1_441' title='bbox 1426 3200 1535 3271; x_wconf 87' lang='grc' dir='ltr'><em>γὰρ</em></span> <span class='ocrx_word' id='word_1_442' title='bbox 1569 3196 1724 3253; x_wconf 80' lang='grc' dir='ltr'><strong><em>εἷπε⁶</em></strong></span> <span class='ocrx_word' id='word_1_443' title='bbox 1763 3202 1918 3254; x_wconf 89' lang='grc' dir='ltr'><em>Βλα-</em></span> 
     </span>
    </p>
   </div>
   <div class='ocr_carea' id='block_1_63' title="bbox 2019 3192 3606 3283">
    <p class='ocr_par' dir='ltr' id='par_1_63' title="bbox 2024 3192 3606 3257">
     <span class='ocr_line' id='line_1_63' title="bbox 2024 3192 3606 3257; baseline -0.005 -5"><span class='ocrx_word' id='word_1_444' title='bbox 2024 3197 2211 3253; x_wconf 90' lang='lat' dir='ltr'><strong><em>multis</em></strong></span> <span class='ocrx_word' id='word_1_445' title='bbox 2261 3196 2539 3251; x_wconf 79' lang='lat' dir='ltr'><strong><em>fructibus</em></strong></span> <span class='ocrx_word' id='word_1_446' title='bbox 2603 3195 2879 3249; x_wconf 88' lang='lat' dir='ltr'><strong><em>instructa</em></strong></span> <span class='ocrx_word' id='word_1_447' title='bbox 2931 3201 3081 3257; x_wconf 86' lang='lat' dir='ltr'><strong><em>sunt,</em></strong></span> <span class='ocrx_word' id='word_1_448' title='bbox 3146 3192 3403 3247; x_wconf 86' lang='lat' dir='ltr'><strong><em>universa</em></strong></span> <span class='ocrx_word' id='word_1_449' title='bbox 3458 3199 3606 3246; x_wconf 89' lang='lat' dir='ltr'><strong><em>terra</em></strong></span> 
     </span>
    </p>
   </div>
   <div class='ocr_carea' id='block_1_64' title="bbox 332 3289 1918 3360">
    <p class='ocr_par' dir='ltr' id='par_1_64' title="bbox 332 3289 1918 3360">
     <span class='ocr_line' id='line_1_64' title="bbox 332 3289 1918 3360; baseline -0.001 -15"><span class='ocrx_word' id='word_1_450' title='bbox 332 3289 613 3358; x_wconf 85' lang='grc' dir='ltr'><em>στησάτω</em></span> <span class='ocrx_word' id='word_1_451' title='bbox 640 3293 679 3360; x_wconf 75' lang='grc' dir='ltr'>ἡ</span> <span class='ocrx_word' id='word_1_452' title='bbox 708 3289 782 3360; x_wconf 58' lang='grc' dir='ltr'><strong><em>τῆ</em></strong></span> <span class='ocrx_word' id='word_1_453' title='bbox 801 3290 1077 3359; x_wconf 78' lang='grc' dir='ltr'><em>βοτάνην</em></span> <span class='ocrx_word' id='word_1_454' title='bbox 1100 3292 1340 3359; x_wconf 84' lang='grc' dir='ltr'><em>χόρτου,</em></span> <span class='ocrx_word' id='word_1_455' title='bbox 1358 3291 1457 3345; x_wconf 79' lang='grc' dir='ltr'><em>καὶ</em></span> <span class='ocrx_word' id='word_1_456' title='bbox 1486 3292 1680 3356; x_wconf 78' lang='grc' dir='ltr'><em>ξύλον</em></span> <span class='ocrx_word' id='word_1_457' title='bbox 1709 3289 1918 3360; x_wconf 82' lang='grc' dir='ltr'><em>κάρπι-</em></span> 
     </span>
    </p>
   </div>
   <div class='ocr_carea' id='block_1_65' title="bbox 327 3382 1919 3455">
    <p class='ocr_par' dir='ltr' id='par_1_65' title="bbox 327 3382 1919 3455">
     <span class='ocr_line' id='line_1_65' title="bbox 327 3382 1919 3455; baseline 0.001 -20"><span class='ocrx_word' id='word_1_458' title='bbox 327 3400 447 3452; x_wconf 80' lang='grc' dir='ltr'><strong><em>μον</em></strong></span> <span class='ocrx_word' id='word_1_459' title='bbox 474 3382 689 3437; x_wconf 79' lang='grc' dir='ltr'><em>ποιοῦν</em></span> <span class='ocrx_word' id='word_1_460' title='bbox 709 3384 961 3452; x_wconf 81' lang='grc' dir='ltr'><em>καρπὸν,</em></span> <span class='ocrx_word' id='word_1_461' title='bbox 978 3383 1072 3436; x_wconf 78' lang='grc' dir='ltr'><em>καὶ</em></span> <span class='ocrx_word' id='word_1_462' title='bbox 1096 3384 1164 3437; x_wconf 86' lang='grc' dir='ltr'><em>τὰ</em></span> <span class='ocrx_word' id='word_1_463' title='bbox 1183 3384 1329 3455; x_wconf 83' lang='grc' dir='ltr'><em>ἐξῆς.</em></span> <span class='ocrx_word' id='word_1_464' title='bbox 1348 3385 1442 3437; x_wconf 86' lang='grc' dir='ltr'><em>Ἐκ</em></span> <span class='ocrx_word' id='word_1_465' title='bbox 1459 3383 1567 3437; x_wconf 90' lang='grc' dir='ltr'><strong><em>τῶν</em></strong></span> <span class='ocrx_word' id='word_1_466' title='bbox 1583 3383 1756 3454; x_wconf 84' lang='grc' dir='ltr'><em>Ἰησοῦ</em></span> <span class='ocrx_word' id='word_1_467' title='bbox 1779 3383 1919 3437; x_wconf 82' lang='grc' dir='ltr'><em>κατὰ</em></span> 
     </span>
    </p>
   </div>
   <div class='ocr_carea' id='block_1_66' title="bbox 332 3474 1920 3548">
    <p class='ocr_par' dir='ltr' id='par_1_66' title="bbox 332 3474 1920 3548">
     <span class='ocr_line' id='line_1_66' title="bbox 332 3474 1920 3548; baseline 0 -19"><span class='ocrx_word' id='word_1_468' title='bbox 332 3474 429 3546; x_wconf 83' lang='grc' dir='ltr'><em>τὴν</em></span> <span class='ocrx_word' id='word_1_469' title='bbox 461 3475 770 3546; x_wconf 87' lang='grc' dir='ltr'><em>οἰκονομίαν</em></span> <span class='ocrx_word' id='word_1_470' title='bbox 793 3476 1175 3547; x_wconf 80' lang='grc' dir='ltr'><em>ἐργων,πολὺν</em></span> <span class='ocrx_word' id='word_1_471' title='bbox 1208 3478 1421 3548; x_wconf 85' lang='grc' dir='ltr'><em>καρπὸν</em></span> <span class='ocrx_word' id='word_1_472' title='bbox 1445 3477 1700 3548; x_wconf 87' lang='grc' dir='ltr'><em>ἐχόντων,</em></span> <span class='ocrx_word' id='word_1_473' title='bbox 1732 3477 1920 3531; x_wconf 76' lang='grc' dir='ltr'><em>ἅπασα</em></span> 
     </span>
    </p>
   </div>
   <div class='ocr_carea' id='block_1_67' title="bbox 330 3569 1921 3643">
    <p class='ocr_par' dir='ltr' id='par_1_67' title="bbox 330 3569 1921 3643">
     <span class='ocr_line' id='line_1_67' title="bbox 330 3569 1921 3643; baseline -0.003 -17"><span class='ocrx_word' id='word_1_474' title='bbox 330 3570 363 3639; x_wconf 83' lang='grc' dir='ltr'>ἡ</span> <span class='ocrx_word' id='word_1_475' title='bbox 390 3569 464 3639; x_wconf 86' lang='grc' dir='ltr'><em>γῆ</em></span> <span class='ocrx_word' id='word_1_476' title='bbox 496 3571 839 3641; x_wconf 81' lang='grc' dir='ltr'><em>χορτάζεται,</em></span> <span class='ocrx_word' id='word_1_477' title='bbox 863 3572 1353 3643; x_wconf 75' lang='grc' dir='ltr'><em>μεταλαμϐάνουσα</em></span> <span class='ocrx_word' id='word_1_478' title='bbox 1377 3572 1486 3624; x_wconf 86' lang='grc' dir='ltr'><strong><em>τῶν</em></strong></span> <span class='ocrx_word' id='word_1_479' title='bbox 1514 3570 1657 3623; x_wconf 78' lang='grc' dir='ltr'><em>οὕτω</em></span> <span class='ocrx_word' id='word_1_480' title='bbox 1685 3569 1921 3639; x_wconf 83' lang='grc' dir='ltr'><em>παραδό-</em></span> 
     </span>
    </p>
   </div>
   <div class='ocr_carea' id='block_1_68' title="bbox 332 3657 1919 3735">
    <p class='ocr_par' dir='ltr' id='par_1_68' title="bbox 332 3657 1919 3735">
     <span class='ocr_line' id='line_1_68' title="bbox 332 3657 1919 3735; baseline 0 -21"><span class='ocrx_word' id='word_1_481' title='bbox 332 3659 437 3725; x_wconf 84' lang='grc' dir='ltr'><em>ξως</em></span> <span class='ocrx_word' id='word_1_482' title='bbox 468 3662 572 3715; x_wconf 86' lang='grc' dir='ltr'><em>ὑπὸ</em></span> <span class='ocrx_word' id='word_1_483' title='bbox 597 3662 771 3734; x_wconf 89' lang='grc' dir='ltr'><em>Ἰησοῦ</em></span> <span class='ocrx_word' id='word_1_484' title='bbox 805 3665 1188 3735; x_wconf 86' lang='grc' dir='ltr'><em>γεγενημένων</em></span> <span class='ocrx_word' id='word_1_485' title='bbox 1207 3681 1221 3695; x_wconf 88' lang='grc'><strong>·</strong></span> <span class='ocrx_word' id='word_1_486' title='bbox 1257 3657 1413 3728; x_wconf 73' lang='grc' dir='ltr'><em>οὗτος</em></span> <span class='ocrx_word' id='word_1_487' title='bbox 1438 3663 1548 3734; x_wconf 87' lang='grc' dir='ltr'><strong><em>γάρ</em></strong></span> <span class='ocrx_word' id='word_1_488' title='bbox 1573 3663 1785 3733; x_wconf 83' lang='grc' dir='ltr'><em>καρπὸς</em></span> <span class='ocrx_word' id='word_1_489' title='bbox 1810 3661 1919 3714; x_wconf 89' lang='grc' dir='ltr'><strong><em>τῶν</em></strong></span> 
     </span>
    </p>
   </div>
   <div class='ocr_carea' id='block_1_69' title="bbox 328 3752 1922 3825">
    <p class='ocr_par' dir='ltr' id='par_1_69' title="bbox 328 3752 1922 3825">
     <span class='ocr_line' id='line_1_69' title="bbox 328 3752 1922 3825; baseline -0.001 -19"><span class='ocrx_word' id='word_1_490' title='bbox 328 3752 507 3825; x_wconf 78' lang='grc' dir='ltr'><em>ἔργων</em></span> <span class='ocrx_word' id='word_1_491' title='bbox 534 3753 697 3807; x_wconf 85' lang='grc' dir='ltr'><em>αὑτοῦ</em></span> <span class='ocrx_word' id='word_1_492' title='bbox 718 3755 996 3825; x_wconf 83' lang='grc' dir='ltr'><em>τυγχάνει.</em></span> <span class='ocrx_word' id='word_1_493' title='bbox 1018 3757 1128 3809; x_wconf 70' lang='grc' dir='ltr'><strong><em>Καὶ</em></strong></span> <span class='ocrx_word' id='word_1_494' title='bbox 1155 3757 1183 3809; x_wconf 86' lang='grc' dir='ltr'>ὁ</span> <span class='ocrx_word' id='word_1_495' title='bbox 1208 3755 1366 3825; x_wconf 87' lang='grc' dir='ltr'><em>λόγος</em></span> <span class='ocrx_word' id='word_1_496' title='bbox 1395 3756 1454 3809; x_wconf 85' lang='grc' dir='ltr'><em>δὲ</em></span> <span class='ocrx_word' id='word_1_497' title='bbox 1484 3758 1513 3809; x_wconf 86' lang='grc' dir='ltr'>ὁ</span> <span class='ocrx_word' id='word_1_498' title='bbox 1540 3755 1668 3825; x_wconf 80' lang='grc' dir='ltr'><em>περὶ</em></span> <span class='ocrx_word' id='word_1_499' title='bbox 1696 3753 1805 3807; x_wconf 89' lang='grc' dir='ltr'><strong><em>τῶν</em></strong></span> <span class='ocrx_word' id='word_1_500' title='bbox 1831 3753 1922 3825; x_wconf 76' lang='grc' dir='ltr'><strong><em>ἔρ-</em></strong></span> 
     </span>
    </p>
   </div>
   <div class='ocr_carea' id='block_1_70' title="bbox 328 3839 1964 3921">
    <p class='ocr_par' dir='ltr' id='par_1_70' title="bbox 328 3839 1964 3921">
     <span class='ocr_line' id='line_1_70' title="bbox 328 3839 1964 3921; baseline -0.01 -7"><span class='ocrx_word' id='word_1_501' title='bbox 328 3862 440 3914; x_wconf 86' lang='grc' dir='ltr'><em>γων</em></span> <span class='ocrx_word' id='word_1_502' title='bbox 465 3846 562 3916; x_wconf 82' lang='grc' dir='ltr'><strong><em>τῆς</em></strong></span> <span class='ocrx_word' id='word_1_503' title='bbox 592 3847 955 3918; x_wconf 81' lang='grc' dir='ltr'><em>δημιουργίας</em></span> <span class='ocrx_word' id='word_1_504' title='bbox 977 3850 1070 3902; x_wconf 74' lang='grc' dir='ltr'><em>καὶ</em></span> <span class='ocrx_word' id='word_1_505' title='bbox 1101 3848 1354 3921; x_wconf 87' lang='grc' dir='ltr'><em>προνοίας</em></span> <span class='ocrx_word' id='word_1_506' title='bbox 1387 3847 1551 3903; x_wconf 89' lang='grc' dir='ltr'><em>αὑτοῦ</em></span> <span class='ocrx_word' id='word_1_507' title='bbox 1607 3847 1840 3917; x_wconf 76' lang='grc' dir='ltr'><em>νοηθεὶς,</em></span> <span class='ocrx_word' id='word_1_508' title='bbox 1876 3839 1964 3898; x_wconf 73' lang='grc' dir='ltr'><em>οἶα</em></span> 
     </span>
    </p>
   </div>
   <div class='ocr_carea' id='block_1_71' title="bbox 328 3939 1861 4016">
    <p class='ocr_par' dir='ltr' id='par_1_71' title="bbox 328 3939 1861 4016">
     <span class='ocr_line' id='line_1_71' title="bbox 328 3939 1861 4016; baseline 0.002 -24"><span class='ocrx_word' id='word_1_509' title='bbox 328 3940 475 4010; x_wconf 78' lang='grc' dir='ltr'><em>φημὶ</em></span> <span class='ocrx_word' id='word_1_510' title='bbox 496 3939 559 4011; x_wconf 84' lang='grc' dir='ltr'><em>δὴ</em></span> <span class='ocrx_word' id='word_1_511' title='bbox 582 3942 710 4005; x_wconf 85' lang='grc' dir='ltr'><em>τοὺς</em></span> <span class='ocrx_word' id='word_1_512' title='bbox 739 3942 833 3994; x_wconf 77' lang='grc' dir='ltr'><em>ἐπὶ</em></span> <span class='ocrx_word' id='word_1_513' title='bbox 861 3943 960 4013; x_wconf 86' lang='grc' dir='ltr'><em>τῆς</em></span> <span class='ocrx_word' id='word_1_514' title='bbox 987 3943 1094 4015; x_wconf 83' lang='grc' dir='ltr'><em>γῆς</em></span> <span class='ocrx_word' id='word_1_515' title='bbox 1120 3943 1495 4016; x_wconf 74' lang='grc' dir='ltr'><em>διατρίϐοντας</em></span> <span class='ocrx_word' id='word_1_516' title='bbox 1522 3941 1861 4015; x_wconf 84' lang='grc' dir='ltr'><em>ἀνθρώπους.</em></span> 
     </span>
    </p>
   </div>
   <div class='ocr_carea' id='block_1_72' title="bbox 431 4055 1910 4130">
    <p class='ocr_par' dir='ltr' id='par_1_72' title="bbox 431 4055 1910 4130">
     <span class='ocr_line' id='line_1_72' title="bbox 431 4055 1910 4130; baseline 0.002 -22"><span class='ocrx_word' id='word_1_517' title='bbox 431 4058 475 4108; x_wconf 91' lang='lat'><em>0</em></span> <span class='ocrx_word' id='word_1_518' title='bbox 495 4055 918 4119; x_wconf 78' lang='grc' dir='ltr'><em>ἐξανατέλλων</em></span> <span class='ocrx_word' id='word_1_519' title='bbox 931 4059 1148 4127; x_wconf 83' lang='grc' dir='ltr'><em>χόρτον</em></span> <span class='ocrx_word' id='word_1_520' title='bbox 1160 4060 1285 4126; x_wconf 80' lang='grc' dir='ltr'><em>τοῖς</em></span> <span class='ocrx_word' id='word_1_521' title='bbox 1306 4060 1575 4129; x_wconf 79' lang='grc' dir='ltr'><em>κτήνεσι,</em></span> <span class='ocrx_word' id='word_1_522' title='bbox 1593 4059 1695 4113; x_wconf 77' lang='grc' dir='ltr'><em>καὶ</em></span> <span class='ocrx_word' id='word_1_523' title='bbox 1716 4059 1910 4130; x_wconf 77' lang='grc' dir='ltr'><em>χλόην</em></span> 
     </span>
    </p>
   </div>
   <div class='ocr_carea' id='block_1_73' title="bbox 327 4144 1918 4223">
    <p class='ocr_par' dir='ltr' id='par_1_73' title="bbox 327 4144 1918 4223">
     <span class='ocr_line' id='line_1_73' title="bbox 327 4144 1918 4223; baseline 0.004 -24"><span class='ocrx_word' id='word_1_524' title='bbox 327 4144 404 4214; x_wconf 78' lang='grc' dir='ltr'><em>τῇ</em></span> <span class='ocrx_word' id='word_1_525' title='bbox 427 4146 675 4215; x_wconf 80' lang='grc' dir='ltr'><em>δουλείᾳ</em></span> <span class='ocrx_word' id='word_1_526' title='bbox 697 4145 817 4201; x_wconf 86' lang='grc' dir='ltr'><strong><em>τῶν</em></strong></span> <span class='ocrx_word' id='word_1_527' title='bbox 855 4149 1199 4217; x_wconf 83' lang='grc' dir='ltr'><em>ἀνθρώπων,</em></span> <span class='ocrx_word' id='word_1_528' title='bbox 1230 4153 1339 4207; x_wconf 86' lang='grc' dir='ltr'><strong><em>τοῦ</em></strong></span> <span class='ocrx_word' id='word_1_529' title='bbox 1382 4152 1699 4223; x_wconf 72' lang='grc' dir='ltr'><em>ἐξαγαγεῖν</em></span> <span class='ocrx_word' id='word_1_530' title='bbox 1735 4152 1918 4221; x_wconf 79' lang='grc' dir='ltr'><em>ἄρτον</em></span> 
     </span>
    </p>
   </div>
   <div class='ocr_carea' id='block_1_74' title="bbox 326 4236 1912 4314">
    <p class='ocr_par' dir='ltr' id='par_1_74' title="bbox 326 4236 1912 4314">
     <span class='ocr_line' id='line_1_74' title="bbox 326 4236 1912 4314; baseline 0.003 -20"><span class='ocrx_word' id='word_1_531' title='bbox 326 4243 395 4298; x_wconf 81' lang='grc' dir='ltr'><em>ἐκ</em></span> <span class='ocrx_word' id='word_1_532' title='bbox 414 4239 524 4308; x_wconf 84' lang='grc' dir='ltr'><em>τῆς</em></span> <span class='ocrx_word' id='word_1_533' title='bbox 540 4238 674 4308; x_wconf 77' lang='grc' dir='ltr'><em>γῆς·</em></span> <span class='ocrx_word' id='word_1_534' title='bbox 695 4239 795 4293; x_wconf 74' lang='grc' dir='ltr'><em>καὶ</em></span> <span class='ocrx_word' id='word_1_535' title='bbox 812 4236 976 4305; x_wconf 76' lang='grc' dir='ltr'><em>οἶνος</em></span> <span class='ocrx_word' id='word_1_536' title='bbox 985 4245 1292 4312; x_wconf 67' lang='grc' dir='ltr'><em>εὐφραίνει</em></span> <span class='ocrx_word' id='word_1_537' title='bbox 1306 4245 1560 4314; x_wconf 82' lang='grc' dir='ltr'><em>καρδίαν</em></span> <span class='ocrx_word' id='word_1_538' title='bbox 1576 4245 1912 4314; x_wconf 81' lang='grc' dir='ltr'><em>ἀνθρώπου,</em></span> 
     </span>
    </p>
   </div>
   <div class='ocr_carea' id='block_1_75' title="bbox 326 4330 1914 4410">
    <p class='ocr_par' dir='ltr' id='par_1_75' title="bbox 326 4330 1914 4410">
     <span class='ocr_line' id='line_1_75' title="bbox 326 4330 1914 4410; baseline 0.001 -22"><span class='ocrx_word' id='word_1_539' title='bbox 326 4335 423 4389; x_wconf 70' lang='grc' dir='ltr'><em>καὶ</em></span> <span class='ocrx_word' id='word_1_540' title='bbox 458 4334 527 4387; x_wconf 88' lang='grc' dir='ltr'><em>τὰ</em></span> <span class='ocrx_word' id='word_1_541' title='bbox 556 4332 703 4405; x_wconf 81' lang='grc' dir='ltr'><strong><em>ἑξῆς.</em></strong></span> <span class='ocrx_word' id='word_1_542' title='bbox 738 4330 928 4401; x_wconf 80' lang='grc' dir='ltr'><em>Εἶπεν,</em></span> <span class='ocrx_word' id='word_1_543' title='bbox 959 4335 1040 4388; x_wconf 84' lang='grc' dir='ltr'><em>ὅτι</em></span> <span class='ocrx_word' id='word_1_544' title='bbox 1083 4336 1192 4388; x_wconf 84' lang='grc' dir='ltr'><em>ἀπὸ</em></span> <span class='ocrx_word' id='word_1_545' title='bbox 1229 4335 1321 4389; x_wconf 88' lang='grc' dir='ltr'><strong><em>τοῦ</em></strong></span> <span class='ocrx_word' id='word_1_546' title='bbox 1356 4336 1514 4390; x_wconf 88' lang='grc' dir='ltr'><em>ὑετοῦ</em></span> <span class='ocrx_word' id='word_1_547' title='bbox 1548 4339 1742 4391; x_wconf 84' lang='grc' dir='ltr'><em>κτᾶται</em></span> <span class='ocrx_word' id='word_1_548' title='bbox 1777 4338 1914 4410; x_wconf 86' lang='grc' dir='ltr'><em>πλη-</em></span> 
     </span>
    </p>
   </div>
   <div class='ocr_carea' id='block_1_76' title="bbox 328 4424 1911 4502">
    <p class='ocr_par' dir='ltr' id='par_1_76' title="bbox 328 4424 1911 4502">
     <span class='ocr_line' id='line_1_76' title="bbox 328 4424 1911 4502; baseline 0.003 -23"><span class='ocrx_word' id='word_1_549' title='bbox 328 4424 531 4497; x_wconf 81' lang='grc' dir='ltr'><em>σμονὴν</em></span> <span class='ocrx_word' id='word_1_550' title='bbox 559 4426 593 4496; x_wconf 85' lang='grc' dir='ltr'>ἠ</span> <span class='ocrx_word' id='word_1_551' title='bbox 620 4425 714 4497; x_wconf 82' lang='grc' dir='ltr'><em>γῆ,</em></span> <span class='ocrx_word' id='word_1_552' title='bbox 735 4425 830 4478; x_wconf 89' lang='grc' dir='ltr'><strong><em>τοῦ</em></strong></span> <span class='ocrx_word' id='word_1_553' title='bbox 856 4425 991 4481; x_wconf 87' lang='grc' dir='ltr'><em>Θεοῦ</em></span> <span class='ocrx_word' id='word_1_554' title='bbox 1019 4427 1382 4501; x_wconf 79' lang='grc' dir='ltr'><em>ἐργαζομένου</em></span> <span class='ocrx_word' id='word_1_555' title='bbox 1412 4431 1510 4502; x_wconf 81' lang='grc' dir='ltr'><em>τὴν</em></span> <span class='ocrx_word' id='word_1_556' title='bbox 1541 4433 1605 4485; x_wconf 86' lang='grc' dir='ltr'><strong><em>ἐκ</em></strong></span> <span class='ocrx_word' id='word_1_557' title='bbox 1637 4431 1911 4502; x_wconf 77' lang='grc' dir='ltr'><em>θαλάσσης</em></span> 
     </span>
    </p>
   </div>
   <div class='ocr_carea' id='block_1_77' title="bbox 2026 3282 3606 3358">
    <p class='ocr_par' dir='ltr' id='par_1_77' title="bbox 2026 3282 3606 3358">
     <span class='ocr_line' id='line_1_77' title="bbox 2026 3282 3606 3358; baseline -0.005 -14"><span class='ocrx_word' id='word_1_558' title='bbox 2026 3291 2280 3352; x_wconf 84' lang='lat' dir='ltr'><strong><em>satiatur,</em></strong></span> <span class='ocrx_word' id='word_1_559' title='bbox 2313 3288 2588 3358; x_wconf 88' lang='lat' dir='ltr'><strong><em>particeps</em></strong></span> <span class='ocrx_word' id='word_1_560' title='bbox 2617 3301 2808 3341; x_wconf 88' lang='lat' dir='ltr'><strong><em>eorum</em></strong></span> <span class='ocrx_word' id='word_1_561' title='bbox 2849 3300 2971 3356; x_wconf 69' lang='lat' dir='ltr'><strong><em>quae</em></strong></span> <span class='ocrx_word' id='word_1_562' title='bbox 2997 3300 3027 3338; x_wconf 88' lang='lat' dir='ltr'><strong><em>a</em></strong></span> <span class='ocrx_word' id='word_1_563' title='bbox 3059 3283 3187 3340; x_wconf 85' lang='lat' dir='ltr'><strong><em>Jesu</em></strong></span> <span class='ocrx_word' id='word_1_564' title='bbox 3218 3284 3354 3339; x_wconf 89' lang='lat' dir='ltr'><strong><em>adeo</em></strong></span> <span class='ocrx_word' id='word_1_565' title='bbox 3382 3282 3606 3337; x_wconf 88' lang='lat' dir='ltr'><strong><em>mirabi—</em></strong></span> 
     </span>
    </p>
   </div>
   <div class='ocr_carea' id='block_1_78' title="bbox 2025 3376 3604 3450">
    <p class='ocr_par' dir='ltr' id='par_1_78' title="bbox 2025 3376 3604 3450">
     <span class='ocr_line' id='line_1_78' title="bbox 2025 3376 3604 3450; baseline -0.004 -16"><span class='ocrx_word' id='word_1_566' title='bbox 2025 3382 2150 3436; x_wconf 88' lang='lat' dir='ltr'><strong><em>liter</em></strong></span> <span class='ocrx_word' id='word_1_567' title='bbox 2187 3387 2497 3450; x_wconf 86' lang='lat' dir='ltr'><strong><em>perpetrata</em></strong></span> <span class='ocrx_word' id='word_1_568' title='bbox 2551 3385 2678 3433; x_wconf 89' lang='lat' dir='ltr'><strong><em>sunt</em></strong></span> <span class='ocrx_word' id='word_1_569' title='bbox 2714 3396 2727 3432; x_wconf 92' lang='lat'>:</span> <span class='ocrx_word' id='word_1_570' title='bbox 2761 3377 2851 3432; x_wconf 88' lang='lat' dir='ltr'><strong><em>hic</em></strong></span> <span class='ocrx_word' id='word_1_571' title='bbox 2908 3377 3052 3431; x_wconf 89' lang='lat' dir='ltr'><strong><em>enim</em></strong></span> <span class='ocrx_word' id='word_1_572' title='bbox 3117 3376 3331 3430; x_wconf 79' lang='lat' dir='ltr'><strong><em>fructus</em></strong></span> <span class='ocrx_word' id='word_1_573' title='bbox 3379 3390 3604 3444; x_wconf 85' lang='lat' dir='ltr'><strong><em>operum</em></strong></span> 
     </span>
    </p>
   </div>
   <div class='ocr_carea' id='block_1_79' title="bbox 2023 3467 3606 3542">
    <p class='ocr_par' dir='ltr' id='par_1_79' title="bbox 2023 3467 3606 3542">
     <span class='ocr_line' id='line_1_79' title="bbox 2023 3467 3606 3542; baseline -0.007 -13"><span class='ocrx_word' id='word_1_574' title='bbox 2023 3474 2142 3541; x_wconf 87' lang='lat' dir='ltr'><strong><em>ejus</em></strong></span> <span class='ocrx_word' id='word_1_575' title='bbox 2164 3481 2269 3527; x_wconf 87' lang='lat' dir='ltr'><strong><em>est.</em></strong></span> <span class='ocrx_word' id='word_1_576' title='bbox 2301 3471 2367 3525; x_wconf 86' lang='lat' dir='ltr'><strong><em>Et</em></strong></span> <span class='ocrx_word' id='word_1_577' title='bbox 2393 3471 2611 3542; x_wconf 85' lang='lat' dir='ltr'><strong><em>quidem</em></strong></span> <span class='ocrx_word' id='word_1_578' title='bbox 2634 3485 2817 3525; x_wconf 87' lang='lat' dir='ltr'><strong><em>sermo</em></strong></span> <span class='ocrx_word' id='word_1_579' title='bbox 2846 3469 2912 3523; x_wconf 90' lang='lat' dir='ltr'><strong><em>de</em></strong></span> <span class='ocrx_word' id='word_1_580' title='bbox 2937 3469 3196 3539; x_wconf 83' lang='lat' dir='ltr'><strong><em>operibus</em></strong></span> <span class='ocrx_word' id='word_1_581' title='bbox 3223 3467 3519 3522; x_wconf 87' lang='lat' dir='ltr'><strong><em>creationis</em></strong></span> <span class='ocrx_word' id='word_1_582' title='bbox 3550 3474 3606 3519; x_wconf 79' lang='lat' dir='ltr'><strong><em>et</em></strong></span> 
     </span>
    </p>
   </div>
   <div class='ocr_carea' id='block_1_80' title="bbox 2023 3558 3604 3635">
    <p class='ocr_par' dir='ltr' id='par_1_80' title="bbox 2023 3558 3604 3635">
     <span class='ocr_line' id='line_1_80' title="bbox 2023 3558 3604 3635; baseline -0.004 -17"><span class='ocrx_word' id='word_1_583' title='bbox 2023 3563 2378 3635; x_wconf 76' lang='lat' dir='ltr'><strong><em>providentia:</em></strong></span> <span class='ocrx_word' id='word_1_584' title='bbox 2431 3563 2630 3632; x_wconf 89' lang='lat' dir='ltr'><strong><em>ipsius,</em></strong></span> <span class='ocrx_word' id='word_1_585' title='bbox 2661 3576 2759 3615; x_wconf 91' lang='lat' dir='ltr'><strong><em>ceu</em></strong></span> <span class='ocrx_word' id='word_1_586' title='bbox 2820 3559 3033 3615; x_wconf 87' lang='lat' dir='ltr'><strong><em>fructus</em></strong></span> <span class='ocrx_word' id='word_1_587' title='bbox 3085 3575 3310 3629; x_wconf 85' lang='lat' dir='ltr'><strong><em>operum</em></strong></span> <span class='ocrx_word' id='word_1_588' title='bbox 3343 3558 3440 3612; x_wconf 89' lang='lat' dir='ltr'><strong><em>Dei</em></strong></span> <span class='ocrx_word' id='word_1_589' title='bbox 3482 3573 3604 3613; x_wconf 89' lang='lat' dir='ltr'><strong><em>esse</em></strong></span> 
     </span>
    </p>
   </div>
   <div class='ocr_carea' id='block_1_81' title="bbox 2022 3648 3604 3718">
    <p class='ocr_par' dir='ltr' id='par_1_81' title="bbox 2022 3648 3604 3718">
     <span class='ocr_line' id='line_1_81' title="bbox 2022 3648 3604 3718; baseline -0.004 -9"><span class='ocrx_word' id='word_1_590' title='bbox 2022 3655 2355 3715; x_wconf 82' lang='lat' dir='ltr'><strong><em>intellectus,</em></strong></span> <span class='ocrx_word' id='word_1_591' title='bbox 2419 3659 2622 3706; x_wconf 88' lang='lat' dir='ltr'><strong><em>terram</em></strong></span> <span class='ocrx_word' id='word_1_592' title='bbox 2684 3651 2939 3716; x_wconf 84' lang='lat' dir='ltr'><strong><em>satiabit;</em></strong></span> <span class='ocrx_word' id='word_1_593' title='bbox 3003 3664 3197 3718; x_wconf 86' lang='lat' dir='ltr'><strong><em>nempe</em></strong></span> <span class='ocrx_word' id='word_1_594' title='bbox 3250 3648 3500 3703; x_wconf 85' lang='lat' dir='ltr'><strong><em>homines</em></strong></span> <span class='ocrx_word' id='word_1_595' title='bbox 3548 3648 3604 3702; x_wconf 87' lang='lat' dir='ltr'><strong><em>in</em></strong></span> 
     </span>
    </p>
   </div>
   <div class='ocr_carea' id='block_1_82' title="bbox 2026 3754 2504 3804">
    <p class='ocr_par' dir='ltr' id='par_1_82' title="bbox 2026 3754 2504 3804">
     <span class='ocr_line' id='line_1_82' title="bbox 2026 3754 2504 3804; baseline -0.006 -1"><span class='ocrx_word' id='word_1_596' title='bbox 2026 3759 2171 3804; x_wconf 87' lang='lat' dir='ltr'><strong><em>terra</em></strong></span> <span class='ocrx_word' id='word_1_597' title='bbox 2201 3754 2504 3803; x_wconf 79' lang='lat' dir='ltr'><strong><em>versantes.</em></strong></span> 
     </span>
    </p>
   </div>
   <div class='ocr_carea' id='block_1_83' title="bbox 2020 3831 3598 3914">
    <p class='ocr_par' dir='ltr' id='par_1_83' title="bbox 2020 3831 3598 3914">
     <span class='ocr_line' id='line_1_83' title="bbox 2020 3831 3598 3914; baseline -0.01 -17"><span class='ocrx_word' id='word_1_598' title='bbox 2020 3842 2231 3914; x_wconf 84' lang='grc' dir='ltr'><em>καρπὸς</em></span> <span class='ocrx_word' id='word_1_599' title='bbox 2279 3840 2457 3911; x_wconf 78' lang='grc' dir='ltr'><em>ἔργων</em></span> <span class='ocrx_word' id='word_1_600' title='bbox 2502 3838 2637 3892; x_wconf 87' lang='grc' dir='ltr'><em>Θεοῦ</em></span> <span class='ocrx_word' id='word_1_601' title='bbox 2680 3836 2985 3907; x_wconf 86' lang='grc' dir='ltr'><em>τυγχάνων,</em></span> <span class='ocrx_word' id='word_1_602' title='bbox 3022 3835 3277 3907; x_wconf 86' lang='grc' dir='ltr'><em>χορτάσει</em></span> <span class='ocrx_word' id='word_1_603' title='bbox 3315 3831 3411 3904; x_wconf 85' lang='grc' dir='ltr'><em>τὴν</em></span> <span class='ocrx_word' id='word_1_604' title='bbox 3458 3831 3560 3901; x_wconf 79' lang='grc' dir='ltr'><em>γῆν</em></span> <span class='ocrx_word' id='word_1_605' title='bbox 3584 3848 3598 3863; x_wconf 79' lang='grc' dir='ltr'><strong>ο</strong></span> 
     </span>
    </p>
   </div>
   <div class='ocr_carea' id='block_1_84' title="bbox 2089 4040 3600 4113">
    <p class='ocr_par' dir='ltr' id='par_1_84' title="bbox 2089 4040 3600 4113">
     <span class='ocr_line' id='line_1_84' title="bbox 2089 4040 3600 4113; baseline -0.005 -8"><span class='ocrx_word' id='word_1_606' title='bbox 2089 4051 2260 4107; x_wconf 70' lang='lat' dir='ltr'><strong><em>Vens.</em></strong></span> <span class='ocrx_word' id='word_1_607' title='bbox 2310 4048 2400 4113; x_wconf 73' lang='grc' dir='ltr'><em>Μ,</em></span> <span class='ocrx_word' id='word_1_608' title='bbox 2452 4048 2539 4103; x_wconf 76' lang='grc'><strong><em>15.</em></strong></span> <span class='ocrx_word' id='word_1_609' title='bbox 2587 4040 2891 4100; x_wconf 81' lang='lat' dir='ltr'><strong><em>Producens</em></strong></span> <span class='ocrx_word' id='word_1_610' title='bbox 2914 4044 3091 4113; x_wconf 84' lang='lat' dir='ltr'><strong><em>fenum</em></strong></span> <span class='ocrx_word' id='word_1_611' title='bbox 3112 4044 3371 4105; x_wconf 87' lang='lat' dir='ltr'><strong><em>jumentis</em></strong></span> <span class='ocrx_word' id='word_1_612' title='bbox 3404 4052 3452 4096; x_wconf 90' lang='lat' dir='ltr'><strong><em>et</em></strong></span> <span class='ocrx_word' id='word_1_613' title='bbox 3478 4042 3600 4097; x_wconf 86' lang='lat' dir='ltr'><strong><em>Iter-</em></strong></span> 
     </span>
    </p>
   </div>
   <div class='ocr_carea' id='block_1_85' title="bbox 2018 4135 3598 4203">
    <p class='ocr_par' dir='ltr' id='par_1_85' title="bbox 2018 4135 3598 4203">
     <span class='ocr_line' id='line_1_85' title="bbox 2018 4135 3598 4203; baseline -0.006 -6"><span class='ocrx_word' id='word_1_614' title='bbox 2018 4144 2137 4199; x_wconf 89' lang='lat' dir='ltr'><strong><em>bam</em></strong></span> <span class='ocrx_word' id='word_1_615' title='bbox 2164 4142 2406 4197; x_wconf 76' lang='lat' dir='ltr'><strong><em>servituti</em></strong></span> <span class='ocrx_word' id='word_1_616' title='bbox 2447 4140 2740 4203; x_wconf 88' lang='lat' dir='ltr'><strong><em>hominum,</em></strong></span> <span class='ocrx_word' id='word_1_617' title='bbox 2786 4148 2842 4191; x_wconf 91' lang='lat' dir='ltr'><strong><em>ut</em></strong></span> <span class='ocrx_word' id='word_1_618' title='bbox 2887 4135 3081 4191; x_wconf 87' lang='lat' dir='ltr'><strong><em>educas</em></strong></span> <span class='ocrx_word' id='word_1_619' title='bbox 3116 4150 3302 4203; x_wconf 84' lang='lat' dir='ltr'><strong><em>panem</em></strong></span> <span class='ocrx_word' id='word_1_620' title='bbox 3331 4135 3397 4188; x_wconf 84' lang='lat' dir='ltr'><strong><em>de</em></strong></span> <span class='ocrx_word' id='word_1_621' title='bbox 3426 4147 3598 4199; x_wconf 83' lang='lat' dir='ltr'><strong><em>terra;</em></strong></span> 
     </span>
    </p>
   </div>
   <div class='ocr_carea' id='block_1_86' title="bbox 2013 4228 3601 4298">
    <p class='ocr_par' dir='ltr' id='par_1_86' title="bbox 2013 4228 3601 4298">
     <span class='ocr_line' id='line_1_86' title="bbox 2013 4228 3601 4298; baseline -0.007 -6"><span class='ocrx_word' id='word_1_622' title='bbox 2013 4248 2063 4292; x_wconf 88' lang='lat' dir='ltr'><strong><em>et</em></strong></span> <span class='ocrx_word' id='word_1_623' title='bbox 2091 4240 2268 4292; x_wconf 88' lang='lat' dir='ltr'><strong><em>vinum</em></strong></span> <span class='ocrx_word' id='word_1_624' title='bbox 2304 4235 2543 4296; x_wconf 73' lang='lat' dir='ltr'><strong><em>lwtiﬁcat</em></strong></span> <span class='ocrx_word' id='word_1_625' title='bbox 2580 4249 2670 4286; x_wconf 89' lang='lat' dir='ltr'><strong><em>cor</em></strong></span> <span class='ocrx_word' id='word_1_626' title='bbox 2692 4232 2941 4292; x_wconf 85' lang='lat' dir='ltr'><strong><em>hominis,</em></strong></span> <span class='ocrx_word' id='word_1_627' title='bbox 2974 4239 3027 4284; x_wconf 90' lang='lat' dir='ltr'><strong><em>et</em></strong></span> <span class='ocrx_word' id='word_1_628' title='bbox 3055 4236 3271 4283; x_wconf 64' lang='lat' dir='ltr'><strong><em>caetera.</em></strong></span> <span class='ocrx_word' id='word_1_629' title='bbox 3306 4228 3395 4281; x_wconf 88' lang='lat' dir='ltr'><strong><em>Ait</em></strong></span> <span class='ocrx_word' id='word_1_630' title='bbox 3424 4242 3453 4281; x_wconf 89' lang='lat' dir='ltr'><strong><em>a</em></strong></span> <span class='ocrx_word' id='word_1_631' title='bbox 3482 4229 3601 4298; x_wconf 91' lang='lat' dir='ltr'><strong><em>plu-</em></strong></span> 
     </span>
    </p>
   </div>
   <div class='ocr_carea' id='block_1_87' title="bbox 2012 4321 3600 4396">
    <p class='ocr_par' dir='ltr' id='par_1_87' title="bbox 2012 4321 3600 4396">
     <span class='ocr_line' id='line_1_87' title="bbox 2012 4321 3600 4396; baseline -0.006 -11"><span class='ocrx_word' id='word_1_632' title='bbox 2012 4331 2100 4385; x_wconf 86' lang='lat' dir='ltr'><strong><em>via</em></strong></span> <span class='ocrx_word' id='word_1_633' title='bbox 2136 4330 2441 4386; x_wconf 88' lang='lat' dir='ltr'><strong><em>satietatem</em></strong></span> <span class='ocrx_word' id='word_1_634' title='bbox 2483 4337 2643 4381; x_wconf 77' lang='lat' dir='ltr'><strong><em>terra:</em></strong></span> <span class='ocrx_word' id='word_1_635' title='bbox 2673 4323 2875 4396; x_wconf 87' lang='lat' dir='ltr'><strong><em>parari,</em></strong></span> <span class='ocrx_word' id='word_1_636' title='bbox 2907 4322 3020 4378; x_wconf 88' lang='lat' dir='ltr'><strong><em>Deo</em></strong></span> <span class='ocrx_word' id='word_1_637' title='bbox 3055 4337 3225 4393; x_wconf 89' lang='lat' dir='ltr'><strong><em>aquas</em></strong></span> <span class='ocrx_word' id='word_1_638' title='bbox 3255 4336 3321 4376; x_wconf 83' lang='lat' dir='ltr'><strong><em>ex</em></strong></span> <span class='ocrx_word' id='word_1_639' title='bbox 3350 4321 3488 4373; x_wconf 89' lang='lat' dir='ltr'><strong><em>mari</em></strong></span> <span class='ocrx_word' id='word_1_640' title='bbox 3514 4336 3600 4376; x_wconf 87' lang='lat' dir='ltr'><strong><em>re—</em></strong></span> 
     </span>
    </p>
   </div>
   <div class='ocr_carea' id='block_1_88' title="bbox 2013 4415 3596 4484">
    <p class='ocr_par' dir='ltr' id='par_1_88' title="bbox 2013 4415 3596 4484">
     <span class='ocr_line' id='line_1_88' title="bbox 2013 4415 3596 4484; baseline -0.008 -6"><span class='ocrx_word' id='word_1_641' title='bbox 2013 4424 2269 4479; x_wconf 89' lang='lat' dir='ltr'><strong><em>ducente.</em></strong></span> <span class='ocrx_word' id='word_1_642' title='bbox 2300 4419 2506 4476; x_wconf 89' lang='lat' dir='ltr'><strong><em>Deinde</em></strong></span> <span class='ocrx_word' id='word_1_643' title='bbox 2536 4418 2742 4473; x_wconf 87' lang='lat' dir='ltr'><strong><em>indicat</em></strong></span> <span class='ocrx_word' id='word_1_644' title='bbox 2783 4416 3071 4470; x_wconf 82' lang='lat' dir='ltr'><strong><em>utilitatem</em></strong></span> <span class='ocrx_word' id='word_1_645' title='bbox 3108 4415 3235 4468; x_wconf 91' lang='lat' dir='ltr'><strong><em>hinc</em></strong></span> <span class='ocrx_word' id='word_1_646' title='bbox 3262 4428 3596 4484; x_wconf 89' lang='lat' dir='ltr'><strong><em>promanan-</em></strong></span> 
     </span>
    </p>
   </div>
   <div class='ocr_carea' id='block_1_89' title="bbox 325 4495 1918 4591">
    <p class='ocr_par' dir='ltr' id='par_1_89' title="bbox 325 4495 1910 4591">
     <span class='ocr_line' id='line_1_89' title="bbox 325 4495 1910 4591; baseline 0.006 -22"><span class='ocrx_word' id='word_1_647' title='bbox 325 4495 435 4569; x_wconf 90' lang='grc' dir='ltr'><strong><em>τῶν</em></strong></span> <span class='ocrx_word' id='word_1_648' title='bbox 465 4495 1009 4589; x_wconf 83' lang='grc' dir='ltr'><em>ὑδάτωνάναγωγήν.</em></span> <span class='ocrx_word' id='word_1_649' title='bbox 1042 4495 1176 4572; x_wconf 68' lang='grc' dir='ltr'><em>Εἶτα</em></span> <span class='ocrx_word' id='word_1_650' title='bbox 1201 4495 1299 4591; x_wconf 77' lang='grc' dir='ltr'><em>τὴν</em></span> <span class='ocrx_word' id='word_1_651' title='bbox 1329 4495 1579 4575; x_wconf 86' lang='grc' dir='ltr'><em>ἐντεῦθεν</em></span> <span class='ocrx_word' id='word_1_652' title='bbox 1597 4495 1910 4577; x_wconf 48' lang='grc' dir='ltr'><em>ὑποδείκνύέ</em></span> 
     </span>
    </p>
   </div>
   <div class='ocr_carea' id='block_1_90' title="bbox 2019 4495 3597 4591">
    <p class='ocr_par' dir='ltr' id='par_1_90' title="bbox 2019 4506 3597 4586">
     <span class='ocr_line' id='line_1_90' title="bbox 2019 4506 3597 4586; baseline -0.006 -17"><span class='ocrx_word' id='word_1_653' title='bbox 2019 4526 2145 4580; x_wconf 88' lang='lat' dir='ltr'><strong><em>tem,</em></strong></span> <span class='ocrx_word' id='word_1_654' title='bbox 2171 4515 2299 4586; x_wconf 88' lang='lat' dir='ltr'><strong><em>quia</em></strong></span> <span class='ocrx_word' id='word_1_655' title='bbox 2337 4527 2604 4583; x_wconf 88' lang='lat' dir='ltr'><strong><em>aquarum</em></strong></span> <span class='ocrx_word' id='word_1_656' title='bbox 2647 4508 2966 4579; x_wconf 84' lang='lat' dir='ltr'><strong><em>irrigatione</em></strong></span> <span class='ocrx_word' id='word_1_657' title='bbox 2995 4508 3351 4577; x_wconf 79' lang='lat' dir='ltr'><strong><em>impinguala,</em></strong></span> <span class='ocrx_word' id='word_1_658' title='bbox 3382 4506 3597 4559; x_wconf 90' lang='lat' dir='ltr'><strong><em>cunctis</em></strong></span> 
     </span>
    </p>
   </div>
   <div class='ocr_carea' id='block_1_91' title="bbox 328 4608 1907 4687">
    <p class='ocr_par' dir='ltr' id='par_1_91' title="bbox 328 4608 1907 4687">
     <span class='ocr_line' id='line_1_91' title="bbox 328 4608 1907 4687; baseline 0.006 -27"><span class='ocrx_word' id='word_1_659' title='bbox 328 4625 414 4661; x_wconf 90' lang='grc' dir='ltr'><strong><em>σιν</em></strong></span> <span class='ocrx_word' id='word_1_660' title='bbox 440 4608 725 4677; x_wconf 85' lang='grc' dir='ltr'><em>ὠφέλειαν,</em></span> <span class='ocrx_word' id='word_1_661' title='bbox 760 4610 844 4662; x_wconf 84' lang='grc' dir='ltr'><em>ὅτι</em></span> <span class='ocrx_word' id='word_1_662' title='bbox 887 4610 1174 4665; x_wconf 83' lang='grc' dir='ltr'><em>πιανθεῖσα</em></span> <span class='ocrx_word' id='word_1_663' title='bbox 1205 4614 1268 4665; x_wconf 85' lang='grc' dir='ltr'><strong><em>ἐκ</em></strong></span> <span class='ocrx_word' id='word_1_664' title='bbox 1299 4614 1399 4683; x_wconf 82' lang='grc' dir='ltr'><em>τῆς</em></span> <span class='ocrx_word' id='word_1_665' title='bbox 1427 4614 1534 4667; x_wconf 88' lang='grc' dir='ltr'><strong><em>τῶν</em></strong></span> <span class='ocrx_word' id='word_1_666' title='bbox 1576 4616 1784 4669; x_wconf 85' lang='grc' dir='ltr'><em>ὑδάτων</em></span> <span class='ocrx_word' id='word_1_667' title='bbox 1816 4634 1907 4687; x_wconf 89' lang='grc' dir='ltr'><em>χο-</em></span> 
     </span>
    </p>
   </div>
   <div class='ocr_carea' id='block_1_92' title="bbox 329 4700 1909 4778">
    <p class='ocr_par' dir='ltr' id='par_1_92' title="bbox 329 4700 1909 4778">
     <span class='ocr_line' id='line_1_92' title="bbox 329 4700 1909 4778; baseline 0.006 -26"><span class='ocrx_word' id='word_1_668' title='bbox 329 4701 528 4772; x_wconf 83' lang='grc' dir='ltr'><em>ρηγίας</em></span> <span class='ocrx_word' id='word_1_669' title='bbox 574 4703 607 4773; x_wconf 81' lang='grc' dir='ltr'>ὴ</span> <span class='ocrx_word' id='word_1_670' title='bbox 662 4704 754 4773; x_wconf 86' lang='grc' dir='ltr'><em>γῆ,</em></span> <span class='ocrx_word' id='word_1_671' title='bbox 781 4700 1120 4767; x_wconf 80' lang='grc' dir='ltr'><em>ἐξανατέλλει</em></span> <span class='ocrx_word' id='word_1_672' title='bbox 1151 4706 1265 4767; x_wconf 87' lang='grc' dir='ltr'><em>τοῖς</em></span> <span class='ocrx_word' id='word_1_673' title='bbox 1290 4706 1384 4758; x_wconf 83' lang='grc' dir='ltr'><em>ἀπ’</em></span> <span class='ocrx_word' id='word_1_674' title='bbox 1414 4707 1582 4778; x_wconf 84' lang='grc' dir='ltr'><em>αὑτῆς</em></span> <span class='ocrx_word' id='word_1_675' title='bbox 1610 4708 1782 4762; x_wconf 80' lang='grc' dir='ltr'><em>ἅπασι</em></span> <span class='ocrx_word' id='word_1_676' title='bbox 1812 4709 1909 4772; x_wconf 75' lang='grc' dir='ltr'><em>τὰς</em></span> 
     </span>
    </p>
   </div>
   <div class='ocr_carea' id='block_1_93' title="bbox 325 4794 1910 4870">
    <p class='ocr_par' dir='ltr' id='par_1_93' title="bbox 325 4794 1910 4870">
     <span class='ocr_line' id='line_1_93' title="bbox 325 4794 1910 4870; baseline 0.006 -26"><span class='ocrx_word' id='word_1_677' title='bbox 325 4794 669 4865; x_wconf 83' lang='grc' dir='ltr'><em>προσφόρους</em></span> <span class='ocrx_word' id='word_1_678' title='bbox 698 4795 937 4865; x_wconf 83' lang='grc' dir='ltr'><em>τροφάς’</em></span> <span class='ocrx_word' id='word_1_679' title='bbox 977 4795 1249 4868; x_wconf 80' lang='grc' dir='ltr'><em>ἀνθρώπῳ</em></span> <span class='ocrx_word' id='word_1_680' title='bbox 1285 4799 1382 4867; x_wconf 85' lang='grc' dir='ltr'><em>μὲν</em></span> <span class='ocrx_word' id='word_1_681' title='bbox 1410 4800 1620 4867; x_wconf 77' lang='grc' dir='ltr'><em>εὐγενεῖ</em></span> <span class='ocrx_word' id='word_1_682' title='bbox 1643 4800 1787 4870; x_wconf 79' lang='grc' dir='ltr'><strong><em>ζώῳ,</em></strong></span> <span class='ocrx_word' id='word_1_683' title='bbox 1815 4803 1910 4854; x_wconf 74' lang='grc' dir='ltr'><em>καὶ</em></span> 
     </span>
    </p>
   </div>
   <div class='ocr_carea' id='block_1_94' title="bbox 326 4884 1908 4965">
    <p class='ocr_par' dir='ltr' id='par_1_94' title="bbox 326 4884 1908 4965">
     <span class='ocr_line' id='line_1_94' title="bbox 326 4884 1908 4965; baseline 0.006 -27"><span class='ocrx_word' id='word_1_684' title='bbox 326 4884 432 4938; x_wconf 85' lang='grc' dir='ltr'><em>ὑπὸ</em></span> <span class='ocrx_word' id='word_1_685' title='bbox 454 4884 548 4937; x_wconf 91' lang='grc' dir='ltr'><strong><em>τοῦ</em></strong></span> <span class='ocrx_word' id='word_1_686' title='bbox 577 4885 715 4939; x_wconf 88' lang='grc' dir='ltr'><em>Θεοῦ</em></span> <span class='ocrx_word' id='word_1_687' title='bbox 737 4888 1103 4960; x_wconf 80' lang='grc' dir='ltr'><em>τετιμημένῳ,</em></span> <span class='ocrx_word' id='word_1_688' title='bbox 1132 4889 1411 4961; x_wconf 83' lang='grc' dir='ltr'><em>ἐξαίρετον</em></span> <span class='ocrx_word' id='word_1_689' title='bbox 1453 4892 1549 4945; x_wconf 75' lang='grc' dir='ltr'><em>καὶ</em></span> <span class='ocrx_word' id='word_1_690' title='bbox 1591 4893 1908 4965; x_wconf 83' lang='grc' dir='ltr'><em>ἀφωρισμέ-</em></span> 
     </span>
    </p>
   </div>
   <div class='ocr_carea' id='block_1_95' title="bbox 325 4977 1905 5056">
    <p class='ocr_par' dir='ltr' id='par_1_95' title="bbox 325 4977 1905 5056">
     <span class='ocr_line' id='line_1_95' title="bbox 325 4977 1905 5056; baseline 0.006 -27"><span class='ocrx_word' id='word_1_691' title='bbox 325 4993 423 5046; x_wconf 88' lang='grc' dir='ltr'><strong><em>νην</em></strong></span> <span class='ocrx_word' id='word_1_692' title='bbox 464 4978 689 5047; x_wconf 85' lang='grc' dir='ltr'><em>τροφὴν,</em></span> <span class='ocrx_word' id='word_1_693' title='bbox 726 4978 909 5050; x_wconf 79' lang='grc' dir='ltr'><em>ἄρτον,</em></span> <span class='ocrx_word' id='word_1_694' title='bbox 936 4981 1029 5033; x_wconf 86' lang='grc' dir='ltr'><em>καὶ</em></span> <span class='ocrx_word' id='word_1_695' title='bbox 1061 4977 1201 5034; x_wconf 82' lang='grc' dir='ltr'><em>οἶνον</em></span> <span class='ocrx_word' id='word_1_696' title='bbox 1236 4983 1331 5035; x_wconf 78' lang='grc' dir='ltr'><em>καὶ</em></span> <span class='ocrx_word' id='word_1_697' title='bbox 1359 4983 1569 5037; x_wconf 73' lang='grc' dir='ltr'><em>ἔλαιονο</em></span> <span class='ocrx_word' id='word_1_698' title='bbox 1603 4984 1765 5056; x_wconf 81' lang='grc' dir='ltr'><em>ἄρτον</em></span> <span class='ocrx_word' id='word_1_699' title='bbox 1810 4987 1905 5056; x_wconf 86' lang='grc' dir='ltr'><em>μὲν</em></span> 
     </span>
    </p>
   </div>
   <div class='ocr_carea' id='block_1_96' title="bbox 325 5068 1903 5150">
    <p class='ocr_par' dir='ltr' id='par_1_96' title="bbox 325 5068 1903 5150">
     <span class='ocr_line' id='line_1_96' title="bbox 325 5068 1903 5150; baseline 0.008 -30"><span class='ocrx_word' id='word_1_700' title='bbox 325 5068 420 5121; x_wconf 79' lang='grc' dir='ltr'><em>ἐπὶ</em></span> <span class='ocrx_word' id='word_1_701' title='bbox 461 5068 539 5140; x_wconf 84' lang='grc' dir='ltr'><em>τῷ</em></span> <span class='ocrx_word' id='word_1_702' title='bbox 588 5070 938 5140; x_wconf 81' lang='grc' dir='ltr'><em>στηρίζεσθαι</em></span> <span class='ocrx_word' id='word_1_703' title='bbox 982 5074 1076 5125; x_wconf 75' lang='grc' dir='ltr'><em>καὶ</em></span> <span class='ocrx_word' id='word_1_704' title='bbox 1120 5074 1487 5145; x_wconf 88' lang='grc' dir='ltr'><em>δυναμοῦσθαι</em></span> <span class='ocrx_word' id='word_1_705' title='bbox 1522 5076 1619 5149; x_wconf 87' lang='grc' dir='ltr'><em>τὴν</em></span> <span class='ocrx_word' id='word_1_706' title='bbox 1655 5078 1903 5150; x_wconf 87' lang='grc' dir='ltr'><em>καρδίαν,</em></span> 
     </span>
    </p>
   </div>
   <div class='ocr_carea' id='block_1_97' title="bbox 324 5154 1906 5242">
    <p class='ocr_par' dir='ltr' id='par_1_97' title="bbox 324 5154 1906 5242">
     <span class='ocr_line' id='line_1_97' title="bbox 324 5154 1906 5242; baseline 0.008 -31"><span class='ocrx_word' id='word_1_707' title='bbox 324 5154 464 5214; x_wconf 82' lang='grc' dir='ltr'><em>οἶνον</em></span> <span class='ocrx_word' id='word_1_708' title='bbox 507 5161 564 5213; x_wconf 82' lang='grc' dir='ltr'><em>δὲ</em></span> <span class='ocrx_word' id='word_1_709' title='bbox 597 5162 690 5214; x_wconf 75' lang='grc' dir='ltr'><em>ἐπὶ</em></span> <span class='ocrx_word' id='word_1_710' title='bbox 730 5162 812 5233; x_wconf 80' lang='grc' dir='ltr'><em>τῷ</em></span> <span class='ocrx_word' id='word_1_711' title='bbox 841 5167 1333 5235; x_wconf 78' lang='grc' dir='ltr'><em>κατευφραίνεσθαι</em></span> <span class='ocrx_word' id='word_1_712' title='bbox 1365 5168 1464 5240; x_wconf 81' lang='grc' dir='ltr'><em>τὴν</em></span> <span class='ocrx_word' id='word_1_713' title='bbox 1489 5170 1686 5242; x_wconf 76' lang='grc' dir='ltr'><em>ψυχὴν,</em></span> <span class='ocrx_word' id='word_1_714' title='bbox 1730 5171 1906 5225; x_wconf 76' lang='grc' dir='ltr'><em>ἔλαιον</em></span> 
     </span>
    </p>
   </div>
   <div class='ocr_carea' id='block_1_98' title="bbox 323 5253 1910 5334">
    <p class='ocr_par' dir='ltr' id='par_1_98' title="bbox 323 5253 1910 5334">
     <span class='ocr_line' id='line_1_98' title="bbox 323 5253 1910 5334; baseline 0.009 -28"><span class='ocrx_word' id='word_1_715' title='bbox 323 5253 378 5306; x_wconf 81' lang='grc' dir='ltr'><em>δὲ</em></span> <span class='ocrx_word' id='word_1_716' title='bbox 405 5256 497 5307; x_wconf 59' lang='grc' dir='ltr'><strong><em>ἐπὶ⁹</em></strong></span> <span class='ocrx_word' id='word_1_717' title='bbox 516 5254 595 5327; x_wconf 81' lang='grc' dir='ltr'><em>τῷ</em></span> <span class='ocrx_word' id='word_1_718' title='bbox 620 5257 1009 5329; x_wconf 84' lang='grc' dir='ltr'><em>φαιδρύνεσθαι</em></span> <span class='ocrx_word' id='word_1_719' title='bbox 1033 5260 1095 5313; x_wconf 88' lang='grc' dir='ltr'><em>τὸ</em></span> <span class='ocrx_word' id='word_1_720' title='bbox 1122 5261 1301 5334; x_wconf 87' lang='grc' dir='ltr'><em>σῶμα,</em></span> <span class='ocrx_word' id='word_1_721' title='bbox 1322 5263 1415 5317; x_wconf 61' lang='grc' dir='ltr'><strong><em>καλ¹</em></strong></span> <span class='ocrx_word' id='word_1_722' title='bbox 1439 5264 1805 5319; x_wconf 86' lang='grc' dir='ltr'><em>ἁπαλύνεσθαι</em></span> <span class='ocrx_word' id='word_1_723' title='bbox 1829 5266 1910 5319; x_wconf 86' lang='grc' dir='ltr'><em>θε-</em></span> 
     </span>
    </p>
   </div>
   <div class='ocr_carea' id='block_1_99' title="bbox 324 5348 1904 5429">
    <p class='ocr_par' dir='ltr' id='par_1_99' title="bbox 324 5348 1904 5429">
     <span class='ocr_line' id='line_1_99' title="bbox 324 5348 1904 5429; baseline 0.009 -32"><span class='ocrx_word' id='word_1_724' title='bbox 324 5348 698 5419; x_wconf 78' lang='grc' dir='ltr'><em>ραπευόμενον</em></span> <span class='ocrx_word' id='word_1_725' title='bbox 737 5352 802 5403; x_wconf 83' lang='grc' dir='ltr'><strong><em>ἐκ</em></strong></span> <span class='ocrx_word' id='word_1_726' title='bbox 826 5352 925 5423; x_wconf 84' lang='grc' dir='ltr'><em>τῆς</em></span> <span class='ocrx_word' id='word_1_727' title='bbox 950 5353 1213 5408; x_wconf 78' lang='grc' dir='ltr'><em>ἐπιπόνου</em></span> <span class='ocrx_word' id='word_1_728' title='bbox 1249 5356 1687 5429; x_wconf 83' lang='grc' dir='ltr'><em>σκληραγωγίας.</em></span> <span class='ocrx_word' id='word_1_729' title='bbox 1718 5357 1904 5423; x_wconf 74' lang='grc' dir='ltr'><em>Οὕτως</em></span> 
     </span>
    </p>
   </div>
   <div class='ocr_carea' id='block_1_100' title="bbox 320 5436 1904 5521">
    <p class='ocr_par' dir='ltr' id='par_1_100' title="bbox 320 5436 1904 5521">
     <span class='ocr_line' id='line_1_100' title="bbox 320 5436 1904 5521; baseline 0.01 -35"><span class='ocrx_word' id='word_1_730' title='bbox 320 5436 469 5507; x_wconf 75' lang='grc' dir='ltr'><em>αὐτῷ</em></span> <span class='ocrx_word' id='word_1_731' title='bbox 498 5438 757 5493; x_wconf 77' lang='grc' dir='ltr'><em>πλουσίαν</em></span> <span class='ocrx_word' id='word_1_732' title='bbox 802 5444 897 5496; x_wconf 77' lang='grc' dir='ltr'><em>καὶ</em></span> <span class='ocrx_word' id='word_1_733' title='bbox 941 5445 1005 5497; x_wconf 84' lang='grc' dir='ltr'><strong><em>ἐκ</em></strong></span> <span class='ocrx_word' id='word_1_734' title='bbox 1048 5445 1309 5501; x_wconf 87' lang='grc' dir='ltr'><em>πλειόνων</em></span> <span class='ocrx_word' id='word_1_735' title='bbox 1352 5448 1627 5521; x_wconf 80' lang='grc' dir='ltr'><em>τράπεζαν</em></span> <span class='ocrx_word' id='word_1_736' title='bbox 1658 5450 1739 5512; x_wconf 77' lang='grc' dir='ltr'><strong><em>είς</em></strong></span> <span class='ocrx_word' id='word_1_737' title='bbox 1771 5451 1904 5502; x_wconf 85' lang='grc' dir='ltr'><em>ἀπό-</em></span> 
     </span>
    </p>
   </div>
   <div class='ocr_carea' id='block_1_101' title="bbox 320 5525 1903 5611">
    <p class='ocr_par' dir='ltr' id='par_1_101' title="bbox 320 5525 1903 5611">
     <span class='ocr_line' id='line_1_101' title="bbox 320 5525 1903 5611; baseline 0.008 -32"><span class='ocrx_word' id='word_1_738' title='bbox 320 5527 510 5582; x_wconf 79' lang='grc' dir='ltr'><em>λαυσιν</em></span> <span class='ocrx_word' id='word_1_739' title='bbox 532 5525 619 5584; x_wconf 74' lang='grc' dir='ltr'><em>οἷα</em></span> <span class='ocrx_word' id='word_1_740' title='bbox 647 5533 829 5604; x_wconf 77' lang='grc' dir='ltr'><em>πατὴρ</em></span> <span class='ocrx_word' id='word_1_741' title='bbox 860 5536 888 5587; x_wconf 86' lang='grc' dir='ltr'>ὁ</span> <span class='ocrx_word' id='word_1_742' title='bbox 916 5535 1047 5599; x_wconf 86' lang='grc' dir='ltr'><em>Θεὸς</em></span> <span class='ocrx_word' id='word_1_743' title='bbox 1077 5538 1406 5610; x_wconf 85' lang='grc' dir='ltr'><em>ἐδωρήσατο.</em></span> <span class='ocrx_word' id='word_1_744' title='bbox 1440 5539 1513 5592; x_wconf 88' lang='grc' dir='ltr'><strong><em>Οὐ</em></strong></span> <span class='ocrx_word' id='word_1_745' title='bbox 1545 5538 1649 5610; x_wconf 82' lang='grc' dir='ltr'><em>μὴν</em></span> <span class='ocrx_word' id='word_1_746' title='bbox 1681 5539 1774 5591; x_wconf 78' lang='grc' dir='ltr'><em>καὶ</em></span> <span class='ocrx_word' id='word_1_747' title='bbox 1803 5540 1903 5611; x_wconf 82' lang='grc' dir='ltr'><em>τῆς</em></span> 
     </span>
    </p>
   </div>
   <div class='ocr_carea' id='block_1_102' title="bbox 320 5621 1904 5704">
    <p class='ocr_par' dir='ltr' id='par_1_102' title="bbox 320 5621 1904 5704">
     <span class='ocr_line' id='line_1_102' title="bbox 320 5621 1904 5704; baseline 0.009 -32"><span class='ocrx_word' id='word_1_748' title='bbox 320 5621 428 5673; x_wconf 86' lang='grc' dir='ltr'><strong><em>τῶν</em></strong></span> <span class='ocrx_word' id='word_1_749' title='bbox 461 5622 663 5677; x_wconf 84' lang='grc' dir='ltr'><em>λοιπῶν</em></span> <span class='ocrx_word' id='word_1_750' title='bbox 703 5625 855 5689; x_wconf 80' lang='grc' dir='ltr'><em>ζώων</em></span> <span class='ocrx_word' id='word_1_751' title='bbox 881 5629 1338 5703; x_wconf 83' lang='grc' dir='ltr'><em>κατωλιγώρησεν</em></span> <span class='ocrx_word' id='word_1_752' title='bbox 1371 5632 1709 5702; x_wconf 78' lang='grc' dir='ltr'><em>ἐπιμελείας·</em></span> <span class='ocrx_word' id='word_1_753' title='bbox 1742 5651 1904 5704; x_wconf 87' lang='grc' dir='ltr'><em>φρον-</em></span> 
     </span>
    </p>
   </div>
   <div class='ocr_carea' id='block_1_103' title="bbox 322 5714 1902 5798">
    <p class='ocr_par' dir='ltr' id='par_1_103' title="bbox 322 5714 1902 5798">
     <span class='ocr_line' id='line_1_103' title="bbox 322 5714 1902 5798; baseline 0.009 -32"><span class='ocrx_word' id='word_1_754' title='bbox 322 5714 481 5780; x_wconf 81' lang='grc' dir='ltr'><em>τίζων</em></span> <span class='ocrx_word' id='word_1_755' title='bbox 522 5717 579 5769; x_wconf 84' lang='grc' dir='ltr'><em>δὲ</em></span> <span class='ocrx_word' id='word_1_756' title='bbox 626 5720 718 5772; x_wconf 79' lang='grc' dir='ltr'><em>καὶ</em></span> <span class='ocrx_word' id='word_1_757' title='bbox 761 5719 862 5790; x_wconf 82' lang='grc' dir='ltr'><em>τῆς</em></span> <span class='ocrx_word' id='word_1_758' title='bbox 900 5722 1105 5779; x_wconf 85' lang='grc' dir='ltr'><em>τούτων</em></span> <span class='ocrx_word' id='word_1_759' title='bbox 1148 5724 1409 5797; x_wconf 81' lang='grc' dir='ltr'><em>διαμονῆς</em></span> <span class='ocrx_word' id='word_1_760' title='bbox 1432 5727 1530 5797; x_wconf 79' lang='grc' dir='ltr'><em>τὴν</em></span> <span class='ocrx_word' id='word_1_761' title='bbox 1557 5724 1902 5798; x_wconf 77' lang='grc' dir='ltr'><em>ἁρμόζουσαν</em></span> 
     </span>
    </p>
   </div>
   <div class='ocr_carea' id='block_1_104' title="bbox 413 5870 815 5942">
    <p class='ocr_par' dir='ltr' id='par_1_104' title="bbox 413 5870 815 5942">
     <span class='ocr_line' id='line_1_104' title="bbox 413 5870 815 5942; baseline 0.007 -15"><span class='ocrx_word' id='word_1_762' title='bbox 413 5874 433 5903; x_wconf 81' lang='grc'><strong>⁷</strong></span> <span class='ocrx_word' id='word_1_763' title='bbox 473 5870 604 5927; x_wconf 73' lang='lat' dir='ltr'><strong><em>CCII.</em></strong></span> <span class='ocrx_word' id='word_1_764' title='bbox 645 5890 694 5942; x_wconf 85' lang='lat' dir='ltr'><strong><em>I,</em></strong></span> <span class='ocrx_word' id='word_1_765' title='bbox 732 5875 815 5930; x_wconf 81' lang='grc' dir='ltr'><strong><em>Η.</em></strong></span> 
     </span>
    </p>
   </div>
   <div class='ocr_carea' id='block_1_105' title="bbox 2016 4599 3592 4676">
    <p class='ocr_par' dir='ltr' id='par_1_105' title="bbox 2016 4599 3592 4676">
     <span class='ocr_line' id='line_1_105' title="bbox 2016 4599 3592 4676; baseline -0.008 -13"><span class='ocrx_word' id='word_1_766' title='bbox 2016 4609 2211 4664; x_wconf 86' lang='lat' dir='ltr'><strong><em>incolis</em></strong></span> <span class='ocrx_word' id='word_1_767' title='bbox 2234 4608 2347 4663; x_wconf 90' lang='lat' dir='ltr'><strong><em>suis</em></strong></span> <span class='ocrx_word' id='word_1_768' title='bbox 2360 4612 2748 4676; x_wconf 79' lang='lat' dir='ltr'><strong><em>congruentem</em></strong></span> <span class='ocrx_word' id='word_1_769' title='bbox 2768 4603 2948 4657; x_wconf 89' lang='lat' dir='ltr'><strong><em>cibum</em></strong></span> <span class='ocrx_word' id='word_1_770' title='bbox 2965 4600 3168 4671; x_wconf 81' lang='lat' dir='ltr'><strong><em>profert</em></strong></span> <span class='ocrx_word' id='word_1_771' title='bbox 3183 4620 3209 4667; x_wconf 87' lang='lat'><strong><em>.;</em></strong></span> <span class='ocrx_word' id='word_1_772' title='bbox 3232 4599 3440 4653; x_wconf 90' lang='lat' dir='ltr'><strong><em>homini</em></strong></span> <span class='ocrx_word' id='word_1_773' title='bbox 3466 4604 3592 4668; x_wconf 87' lang='lat' dir='ltr'><strong><em>qui-</em></strong></span> 
     </span>
    </p>
   </div>
   <div class='ocr_carea' id='block_1_106' title="bbox 2012 4693 3592 4766">
    <p class='ocr_par' dir='ltr' id='par_1_106' title="bbox 2012 4693 3592 4766">
     <span class='ocr_line' id='line_1_106' title="bbox 2012 4693 3592 4766; baseline -0.007 -10"><span class='ocrx_word' id='word_1_774' title='bbox 2012 4701 2131 4756; x_wconf 91' lang='lat' dir='ltr'><strong><em>dem</em></strong></span> <span class='ocrx_word' id='word_1_775' title='bbox 2165 4697 2592 4762; x_wconf 84' lang='lat' dir='ltr'><strong><em>nobilianimali,</em></strong></span> <span class='ocrx_word' id='word_1_776' title='bbox 2617 4704 2671 4751; x_wconf 90' lang='lat' dir='ltr'><strong><em>et</em></strong></span> <span class='ocrx_word' id='word_1_777' title='bbox 2693 4695 2834 4766; x_wconf 90' lang='lat' dir='ltr'><strong><em>apud</em></strong></span> <span class='ocrx_word' id='word_1_778' title='bbox 2862 4693 3030 4748; x_wconf 90' lang='lat' dir='ltr'><strong><em>Deum</em></strong></span> <span class='ocrx_word' id='word_1_779' title='bbox 3064 4694 3118 4747; x_wconf 92' lang='lat' dir='ltr'><strong><em>in</em></strong></span> <span class='ocrx_word' id='word_1_780' title='bbox 3145 4693 3352 4748; x_wconf 84' lang='lat' dir='ltr'><strong><em>honore</em></strong></span> <span class='ocrx_word' id='word_1_781' title='bbox 3384 4693 3592 4755; x_wconf 88' lang='lat' dir='ltr'><strong><em>habito,</em></strong></span> 
     </span>
    </p>
   </div>
   <div class='ocr_carea' id='block_1_107' title="bbox 2015 4786 3593 4858">
    <p class='ocr_par' dir='ltr' id='par_1_107' title="bbox 2015 4786 3593 4858">
     <span class='ocr_line' id='line_1_107' title="bbox 2015 4786 3593 4858; baseline -0.006 -10"><span class='ocrx_word' id='word_1_782' title='bbox 2015 4794 2274 4848; x_wconf 85' lang='lat' dir='ltr'><strong><em>eximium</em></strong></span> <span class='ocrx_word' id='word_1_783' title='bbox 2304 4807 2367 4847; x_wconf 88' lang='lat' dir='ltr'><strong><em>ac</em></strong></span> <span class='ocrx_word' id='word_1_784' title='bbox 2393 4792 2654 4847; x_wconf 86' lang='lat' dir='ltr'><strong><em>selectum</em></strong></span> <span class='ocrx_word' id='word_1_785' title='bbox 2685 4789 2890 4851; x_wconf 91' lang='lat' dir='ltr'><strong><em>cibum,</em></strong></span> <span class='ocrx_word' id='word_1_786' title='bbox 2914 4802 3131 4858; x_wconf 85' lang='lat' dir='ltr'><strong><em>panem,</em></strong></span> <span class='ocrx_word' id='word_1_787' title='bbox 3153 4786 3361 4849; x_wconf 90' lang='lat' dir='ltr'><strong><em>vinum,</em></strong></span> <span class='ocrx_word' id='word_1_788' title='bbox 3394 4793 3447 4839; x_wconf 91' lang='lat' dir='ltr'><strong><em>et</em></strong></span> <span class='ocrx_word' id='word_1_789' title='bbox 3480 4787 3593 4839; x_wconf 88' lang='lat' dir='ltr'><strong><em>ole-</em></strong></span> 
     </span>
    </p>
   </div>
   <div class='ocr_carea' id='block_1_108' title="bbox 2011 4879 3589 4955">
    <p class='ocr_par' dir='ltr' id='par_1_108' title="bbox 2011 4879 3589 4955">
     <span class='ocr_line' id='line_1_108' title="bbox 2011 4879 3589 4955; baseline -0.006 -16"><span class='ocrx_word' id='word_1_790' title='bbox 2011 4902 2122 4952; x_wconf 91' lang='lat' dir='ltr'><strong><em>um;</em></strong></span> <span class='ocrx_word' id='word_1_791' title='bbox 2154 4900 2349 4955; x_wconf 90' lang='lat' dir='ltr'><strong><em>panem</em></strong></span> <span class='ocrx_word' id='word_1_792' title='bbox 2379 4884 2597 4954; x_wconf 90' lang='lat' dir='ltr'><strong><em>quidem</em></strong></span> <span class='ocrx_word' id='word_1_793' title='bbox 2629 4892 2741 4953; x_wconf 84' lang='lat' dir='ltr'><strong><em>quo‘</em></strong></span> <span class='ocrx_word' id='word_1_794' title='bbox 2769 4884 2865 4935; x_wconf 74' lang='lat' dir='ltr'><strong><em>cer</em></strong></span> <span class='ocrx_word' id='word_1_795' title='bbox 2894 4880 3152 4934; x_wconf 83' lang='lat' dir='ltr'><strong><em>fulciatur</em></strong></span> <span class='ocrx_word' id='word_1_796' title='bbox 3194 4887 3246 4932; x_wconf 89' lang='lat' dir='ltr'><strong><em>et</em></strong></span> <span class='ocrx_word' id='word_1_797' title='bbox 3279 4879 3589 4941; x_wconf 88' lang='lat' dir='ltr'><strong><em>roboretur,</em></strong></span> 
     </span>
    </p>
   </div>
   <div class='ocr_carea' id='block_1_109' title="bbox 2003 4975 3594 5049">
    <p class='ocr_par' dir='ltr' id='par_1_109' title="bbox 2003 4975 3594 5049">
     <span class='ocr_line' id='line_1_109' title="bbox 2003 4975 3594 5049; baseline -0.006 -16"><span class='ocrx_word' id='word_1_798' title='bbox 2003 4980 2187 5033; x_wconf 87' lang='lat' dir='ltr'><strong><em>vinum</em></strong></span> <span class='ocrx_word' id='word_1_799' title='bbox 2220 4994 2328 5049; x_wconf 84' lang='lat' dir='ltr'><strong><em>quo</em></strong></span> <span class='ocrx_word' id='word_1_800' title='bbox 2357 4979 2539 5031; x_wconf 90' lang='lat' dir='ltr'><strong><em>anima</em></strong></span> <span class='ocrx_word' id='word_1_801' title='bbox 2568 4977 2891 5039; x_wconf 64' lang='lat' dir='ltr'><strong><em>laetiﬁcetur,</em></strong></span> <span class='ocrx_word' id='word_1_802' title='bbox 2918 4975 3096 5028; x_wconf 89' lang='lat' dir='ltr'><strong><em>oleum</em></strong></span> <span class='ocrx_word' id='word_1_803' title='bbox 3140 4988 3248 5042; x_wconf 86' lang='lat' dir='ltr'><strong><em>quo</em></strong></span> <span class='ocrx_word' id='word_1_804' title='bbox 3272 4988 3472 5042; x_wconf 88' lang='lat' dir='ltr'><strong><em>corpus</em></strong></span> <span class='ocrx_word' id='word_1_805' title='bbox 3500 4987 3594 5024; x_wconf 74' lang='lat' dir='ltr'><strong><em>ex-</em></strong></span> 
     </span>
    </p>
   </div>
   <div class='ocr_carea' id='block_1_110' title="bbox 2007 5065 3586 5141">
    <p class='ocr_par' dir='ltr' id='par_1_110' title="bbox 2007 5065 3586 5141">
     <span class='ocr_line' id='line_1_110' title="bbox 2007 5065 3586 5141; baseline -0.008 -16"><span class='ocrx_word' id='word_1_806' title='bbox 2007 5072 2274 5126; x_wconf 84' lang='lat' dir='ltr'><strong><em>hilaretur</em></strong></span> <span class='ocrx_word' id='word_1_807' title='bbox 2318 5080 2482 5141; x_wconf 86' lang='lat' dir='ltr'><strong><em>atque</em></strong></span> <span class='ocrx_word' id='word_1_808' title='bbox 2509 5086 2540 5124; x_wconf 90' lang='lat' dir='ltr'><strong><em>a</em></strong></span> <span class='ocrx_word' id='word_1_809' title='bbox 2588 5069 2868 5125; x_wconf 89' lang='lat' dir='ltr'><strong><em>laboriosa</em></strong></span> <span class='ocrx_word' id='word_1_810' title='bbox 2903 5065 3290 5134; x_wconf 79' lang='lat' dir='ltr'><strong><em>defatigatione</em></strong></span> <span class='ocrx_word' id='word_1_811' title='bbox 3346 5075 3586 5118; x_wconf 84' lang='lat' dir='ltr'><strong><em>curetur.</em></strong></span> 
     </span>
    </p>
   </div>
   <div class='ocr_carea' id='block_1_111' title="bbox 2007 5159 3588 5234">
    <p class='ocr_par' dir='ltr' id='par_1_111' title="bbox 2007 5159 3588 5234">
     <span class='ocr_line' id='line_1_111' title="bbox 2007 5159 3588 5234; baseline -0.007 -15"><span class='ocrx_word' id='word_1_812' title='bbox 2007 5165 2093 5219; x_wconf 74' lang='lat' dir='ltr'><strong><em>Sic</em></strong></span> <span class='ocrx_word' id='word_1_813' title='bbox 2149 5175 2327 5220; x_wconf 90' lang='lat' dir='ltr'><strong><em>autem</em></strong></span> <span class='ocrx_word' id='word_1_814' title='bbox 2360 5164 2435 5218; x_wconf 92' lang='lat' dir='ltr'><strong><em>illi</em></strong></span> <span class='ocrx_word' id='word_1_815' title='bbox 2472 5164 2708 5234; x_wconf 84' lang='lat' dir='ltr'><strong><em>Opimam</em></strong></span> <span class='ocrx_word' id='word_1_816' title='bbox 2750 5171 2802 5216; x_wconf 80' lang='lat' dir='ltr'><strong><em>et</em></strong></span> <span class='ocrx_word' id='word_1_817' title='bbox 2823 5159 3325 5214; x_wconf 86' lang='lat' dir='ltr'><strong><em>variisinslructam</em></strong></span> <span class='ocrx_word' id='word_1_818' title='bbox 3348 5172 3588 5210; x_wconf 87' lang='lat' dir='ltr'><strong><em>mensam</em></strong></span> 
     </span>
    </p>
   </div>
   <div class='ocr_carea' id='block_1_112' title="bbox 2007 5249 3586 5325">
    <p class='ocr_par' dir='ltr' id='par_1_112' title="bbox 2007 5249 3586 5325">
     <span class='ocr_line' id='line_1_112' title="bbox 2007 5249 3586 5325; baseline -0.004 -14"><span class='ocrx_word' id='word_1_819' title='bbox 2007 5256 2074 5310; x_wconf 88' lang='lat' dir='ltr'><strong><em>ad</em></strong></span> <span class='ocrx_word' id='word_1_820' title='bbox 2106 5272 2267 5311; x_wconf 90' lang='lat' dir='ltr'><strong><em>usum</em></strong></span> <span class='ocrx_word' id='word_1_821' title='bbox 2297 5271 2397 5310; x_wconf 92' lang='lat' dir='ltr'><strong><em>ceu</em></strong></span> <span class='ocrx_word' id='word_1_822' title='bbox 2429 5264 2580 5325; x_wconf 91' lang='lat' dir='ltr'><strong><em>pater</em></strong></span> <span class='ocrx_word' id='word_1_823' title='bbox 2604 5253 2817 5325; x_wconf 87' lang='lat' dir='ltr'><strong><em>paravit</em></strong></span> <span class='ocrx_word' id='word_1_824' title='bbox 2863 5251 3029 5307; x_wconf 89' lang='lat' dir='ltr'><strong><em>Deus.</em></strong></span> <span class='ocrx_word' id='word_1_825' title='bbox 3063 5249 3249 5320; x_wconf 89' lang='lat' dir='ltr'><strong><em>Neque</em></strong></span> <span class='ocrx_word' id='word_1_826' title='bbox 3274 5258 3452 5305; x_wconf 89' lang='lat' dir='ltr'><strong><em>tamen</em></strong></span> <span class='ocrx_word' id='word_1_827' title='bbox 3482 5266 3586 5304; x_wconf 81' lang='lat' dir='ltr'><strong><em>cae—</em></strong></span> 
     </span>
    </p>
   </div>
   <div class='ocr_carea' id='block_1_113' title="bbox 2009 5346 3586 5416">
    <p class='ocr_par' dir='ltr' id='par_1_113' title="bbox 2009 5346 3586 5416">
     <span class='ocr_line' id='line_1_113' title="bbox 2009 5346 3586 5416; baseline -0.008 -10"><span class='ocrx_word' id='word_1_828' title='bbox 2009 5360 2252 5406; x_wconf 87' lang='lat' dir='ltr'><strong><em>terorum</em></strong></span> <span class='ocrx_word' id='word_1_829' title='bbox 2285 5349 2604 5403; x_wconf 89' lang='lat' dir='ltr'><strong><em>animalium</em></strong></span> <span class='ocrx_word' id='word_1_830' title='bbox 2640 5363 2827 5402; x_wconf 86' lang='lat' dir='ltr'><strong><em>curam</em></strong></span> <span class='ocrx_word' id='word_1_831' title='bbox 2864 5347 3133 5416; x_wconf 75' lang='lat' dir='ltr'><strong><em>neglexit;</em></strong></span> <span class='ocrx_word' id='word_1_832' title='bbox 3171 5348 3262 5402; x_wconf 90' lang='lat' dir='ltr'><strong><em>sed</em></strong></span> <span class='ocrx_word' id='word_1_833' title='bbox 3298 5346 3365 5401; x_wconf 89' lang='lat' dir='ltr'><strong><em>de</em></strong></span> <span class='ocrx_word' id='word_1_834' title='bbox 3399 5358 3586 5400; x_wconf 79' lang='lat' dir='ltr'><strong><em>cetum</em></strong></span> 
     </span>
    </p>
   </div>
   <div class='ocr_carea' id='block_1_114' title="bbox 2008 5440 3588 5516">
    <p class='ocr_par' dir='ltr' id='par_1_114' title="bbox 2008 5440 3588 5516">
     <span class='ocr_line' id='line_1_114' title="bbox 2008 5440 3588 5516; baseline -0.004 -15"><span class='ocrx_word' id='word_1_835' title='bbox 2008 5460 2225 5516; x_wconf 84' lang='lat' dir='ltr'><strong><em>quoque</em></strong></span> <span class='ocrx_word' id='word_1_836' title='bbox 2254 5443 2668 5498; x_wconf 78' lang='lat' dir='ltr'><strong><em>conservatione</em></strong></span> <span class='ocrx_word' id='word_1_837' title='bbox 2712 5442 2998 5506; x_wconf 87' lang='lat' dir='ltr'><strong><em>sollicitus,</em></strong></span> <span class='ocrx_word' id='word_1_838' title='bbox 3038 5448 3426 5511; x_wconf 78' lang='lat' dir='ltr'><strong><em>congruentem</em></strong></span> <span class='ocrx_word' id='word_1_839' title='bbox 3454 5440 3588 5509; x_wconf 82' lang='lat' dir='ltr'><strong><em>ipsis</em></strong></span> 
     </span>
    </p>
   </div>
   <div class='ocr_carea' id='block_1_115' title="bbox 2007 5532 3580 5603">
    <p class='ocr_par' dir='ltr' id='par_1_115' title="bbox 2007 5532 3580 5603">
     <span class='ocr_line' id='line_1_115' title="bbox 2007 5532 3580 5603; baseline -0.006 -9"><span class='ocrx_word' id='word_1_840' title='bbox 2007 5554 2188 5594; x_wconf 88' lang='lat' dir='ltr'><strong><em>escam</em></strong></span> <span class='ocrx_word' id='word_1_841' title='bbox 2251 5536 2709 5599; x_wconf 88' lang='lat' dir='ltr'><strong><em>subministravit,</em></strong></span> <span class='ocrx_word' id='word_1_842' title='bbox 2773 5535 2955 5588; x_wconf 79' lang='lat' dir='ltr'><strong><em>fenum</em></strong></span> <span class='ocrx_word' id='word_1_843' title='bbox 3015 5533 3231 5603; x_wconf 90' lang='lat' dir='ltr'><strong><em>quidem</em></strong></span> <span class='ocrx_word' id='word_1_844' title='bbox 3285 5532 3580 5603; x_wconf 84' lang='lat' dir='ltr'><strong><em>jumentis,</em></strong></span> 
     </span>
    </p>
   </div>
   <div class='ocr_carea' id='block_1_116' title="bbox 2007 5625 3584 5695">
    <p class='ocr_par' dir='ltr' id='par_1_116' title="bbox 2007 5625 3584 5695">
     <span class='ocr_line' id='line_1_116' title="bbox 2007 5625 3584 5695; baseline -0.008 -8"><span class='ocrx_word' id='word_1_845' title='bbox 2007 5631 2256 5687; x_wconf 86' lang='lat' dir='ltr'><strong><em>servituti</em></strong></span> <span class='ocrx_word' id='word_1_846' title='bbox 2291 5640 2469 5684; x_wconf 87' lang='lat' dir='ltr'><strong><em>autem</em></strong></span> <span class='ocrx_word' id='word_1_847' title='bbox 2516 5629 2817 5693; x_wconf 89' lang='lat' dir='ltr'><strong><em>hominum,</em></strong></span> <span class='ocrx_word' id='word_1_848' title='bbox 2864 5626 3083 5680; x_wconf 88' lang='lat' dir='ltr'><strong><em>herbam</em></strong></span> <span class='ocrx_word' id='word_1_849' title='bbox 3117 5625 3444 5695; x_wconf 85' lang='lat' dir='ltr'><strong><em>produccns.</em></strong></span> <span class='ocrx_word' id='word_1_850' title='bbox 3478 5627 3584 5676; x_wconf 82' lang='lat' dir='ltr'><strong><em>Ae-</em></strong></span> 
     </span>
    </p>
   </div>
   <div class='ocr_carea' id='block_1_117' title="bbox 2005 5720 3579 5795">
    <p class='ocr_par' dir='ltr' id='par_1_117' title="bbox 2005 5720 3579 5795">
     <span class='ocr_line' id='line_1_117' title="bbox 2005 5720 3579 5795; baseline -0.007 -13"><span class='ocrx_word' id='word_1_851' title='bbox 2005 5726 2350 5783; x_wconf 79' lang='lat' dir='ltr'><strong><em>euratissime</em></strong></span> <span class='ocrx_word' id='word_1_852' title='bbox 2381 5739 2512 5781; x_wconf 79' lang='lat' dir='ltr'><strong><em>vero</em></strong></span> <span class='ocrx_word' id='word_1_853' title='bbox 2538 5723 2799 5795; x_wconf 79' lang='lat' dir='ltr'><strong><em>propheta</em></strong></span> <span class='ocrx_word' id='word_1_854' title='bbox 2839 5720 3150 5776; x_wconf 84' lang='lat' dir='ltr'><strong><em>animalium</em></strong></span> <span class='ocrx_word' id='word_1_855' title='bbox 3178 5720 3579 5777; x_wconf 74' lang='lat' dir='ltr'><strong><em>distinctionem</em></strong></span> 
     </span>
    </p>
   </div>
  </div>
