4068 6404
540 397 684 455 1275

1223 392 1489 451 ΕΠΞΕΒΠ
1523 393 2005 450 CASSARIENSIS
2037 392 2190 450 “PP.
2226 390 2408 449 PARS
2447 391 2535 448 Ill.
2573 422 2646 438 -ο
2684 389 3088 447 EXEGETICA.

3654 389 3693 443 .i
3705 384 3831 442 276

539 511 702 579 fecit;
752 512 996 581 jumenta
1049 510 1267 583 quidem
1302 512 1605 583 generatim
1636 514 1922 583 appellans
1958 528 2120 568 omne

2224 512 2315 566 καὶ
2346 512 2557 575 τούτοις
2585 512 2845 582 ἀπένειμε
2872 510 3081 581 τροφήν
3100 524 3113 537 '
3150 507 3343 579 χόρτον
3387 508 3481 578 μὲν
3520 510 3632 569 τοῖς
3666 506 3829 576 κτή-

539 605 744 663 animal
794 606 960 660 herba
1006 621 1263 672 vesceris;
1306 605 1624 661 servitutem
1658 622 1786 661 vero
1814 606 2117 671 hominum,

539 704 829 752 mansueta
856 701 910 750 et
940 694 1342 765 quodammodo
1391 696 1573 750 civilia
1612 697 1871 751 animalia
1913 697 1979 751 ad
2022 697 2122 752 ho-

540 789 751 844 minum
780 804 939 842 usum
969 788 1246 857 deputata,
1268 803 1502 858 quorum
1533 788 1637 843 alia
1668 788 1887 857 quidem
1918 796 2119 843 terram

541 889 703 935 arant
761 880 1077 951 hominique
1131 895 1290 950 opem
1336 879 1540 947 ferunt,
1588 887 1647 934 ut
1696 880 1830 946 bos;
1862 880 1968 933 alia
2027 895 2120 951 ge-

541 980 691 1028 stant
739 986 927 1037 onera,
958 980 1018 1027 ut
1067 972 1288 1037 asinus;
1321 972 1427 1026 alia
1461 972 1680 1027 demum
1725 970 1872 1027 aliud
1904 971 2120 1025 mortali

540 1064 726 1137 generi
772 1064 1138 1120 ministerium
1182 1072 1445 1134 praestant
1476 1083 1489 1119 :
1520 1078 1640 1134 qua:
1680 1064 1899 1134 pr0prie
1942 1071 2118 1133 et.0p-

536 1162 773 1227 portune
817 1156 1134 1212 servitutem
1170 1156 1452 1212 hominum
1498 1157 1732 1219 vocavit,
1762 1155 1963 1225 quibus
1991 1155 2117 1209 her-

535 1246 662 1301 bam
691 1246 880 1302 datam-
896 1262 1021 1303 esse
1059 1247 1157 1312 ait,
1194 1248 1403 1303 scilicet
1433 1247 1504 1302 ab
1534 1248 1847 1303 hominibus
1878 1246 2116 1302 semina-

535 1340 647 1391 tam
674 1343 727 1388 et
754 1334 993 1401 cultam;
1026 1335 1239 1391 castoris
1270 1350 1401 1390 vero
1422 1336 1689 1405 jumentis
1713 1347 1908 1407 sponte
1930 1344 2117 1391 natum

538 1422 751 1479 fenum.
787 1424 1025 1480 Possunt
1053 1436 1233 1482 autem
1268 1437 1501 1499 utraque
1543 1429 1727 1491 simul,
1769 1428 1935 1483 herba
1966 1426 2117 1481 vide-

536 1517 667 1573 licet
717 1526 770 1573 et
794 1516 997 1582 fenum,
1046 1528 1099 1573 et
1142 1520 1407 1588 jumentis
1442 1530 1496 1576 et
1541 1522 1789 1577 servituti
1834 1521 2114 1575 hominum

535 1610 669 1665 data
696 1608 888 1664 fuisse.
912 1608 1097 1679 Neque
1131 1610 1275 1666 feras
1324 1612 1413 1666 hic
1463 1628 1639 1681 neque
1666 1612 1879 1681 reptilia
1912 1626 2117 1666 memo-

534 1700 700 1763 ravit,
730 1701 857 1769 quia
915 1700 1029 1754 hinc
1070 1702 1178 1757 alio
1230 1711 1461 1756 utuntur
1489 1704 1647 1769 cibo;
1680 1703 1785 1756 alia
1818 1703 1964 1756 enim
1995 1718 2117 1755 car-

534 1790 730 1846 nivora
759 1800 921 1859 sunt;
956 1794 1167 1863 reptilia
1192 1803 1372 1849 autem
1406 1796 1524 1864 ipsa
1555 1804 1698 1849 terra
1724 1801 2041 1849 vescuntur.

2223 622 2361 669 νεσι,
2382 608 2448 675 τῇ
2476 605 2534 657 δὲ
2560 604 2771 674 δουλείᾳ
2793 602 2901 656 τῶν
2919 600 3222 672 ἀνθρώπων
3245 600 3406 671 χλόην
3433 598 3826 666 ἐξανατείλας.

2223 698 2436 766 Σφόδρα
2477 696 2533 749 δὲ
2582 694 2829 765 ἀκριϐῶς
2858 696 2885 747 ό
2916 695 3203 765 προφήτης
3249 693 3346 764 τὴν
3382 692 3489 744 τῶν
3518 690 3677 755 ζώων
3718 706 3832 742 πε-

2222 790 2442 860 ποίηται
2470 788 2735 859 διαίρεσιν
2756 802 2767 815 ·
2798 788 2969 857 κτήνη
2994 787 3092 856 μὲν
3114 784 3347 854 γενικῶς
3372 785 3479 837 πᾶν
3498 782 3558 835 τὸ
3586 782 3829 853 ποηφά-

2221 899 2317 946 γον
2348 880 2504 945 ζῶον,
2522 878 2761 933 δουλείαν
2777 878 2835 931 δὲ
2862 876 3165 949 ἀνθρώπων
3193 876 3261 930 τά
3287 876 3469 946 ἥμερα
3492 875 3585 928 καὶ
3612 873 3828 942 ὧσπερ

2222 972 2474 1027 πολιτικά
2503 971 2615 1036 ζῶα
2659 971 2727 1024 τὰ
2760 973 2840 1035 είς
2889 969 3194 1041 ὑπηρεσίαν
3241 966 3542 1039 ἀνθρώπων
3590 966 3826 1035 ἀφωρι-

2222 1065 2413 1136 σμένα,
2442 1057 2517 1117 ὧν
2548 1064 2616 1117 τά
2648 1064 2745 1136 μὲν
2772 1064 2898 1130 ἀροῖ
2924 1062 3022 1133 τὴν
3051 1062 3154 1131 γῆν
3185 1058 3549 1130 συνεργοῦντα
3594 1054 3829 1126 ἀνθρὼ-

2222 1173 2329 1226 πῳ,
2361 1155 2437 1217 ὡς
2472 1153 2598 1226 βοῦς
2618 1172 2632 1187 ·
2664 1152 2735 1207 τά
2761 1152 2819 1205 δὲ
2852 1151 3165 1222 ἀχθοφορεῖ,
3192 1150 3267 1213 ὡς
3288 1149 3407 1211 ὄνος
3424 1164 3438 1178 ο
3460 1147 3529 1200 τά
3552 1144 3613 1198 δὲ
3638 1144 3828 1213 ἄλλην

2217 1245 2340 1299 τινὰ
2360 1245 2557 1316 χρῆσιν
2579 1242 2658 1313 τῷ
2678 1240 2858 1313 θνητῷ
2879 1240 3027 1309 γένει
3053 1238 3354 1311 παρέχεται
3372 1254 3385 1267 ·
3416 1236 3452 1291 ἃ.
3475 1235 3697 1297 οἰκείως
3724 1235 3825 1287 καὶ

2220 1337 2513 1409 προσφυῶς
2562 1335 2803 1391 δουλείαν
2862 1329 3165 1404 ἀνθρώπων
3215 1328 3493 1397 ὠνόμασεν
3515 1367 3529 1390 ,
3583 1319 3670 1388 οἷς
3719 1323 3825 1393 τὴν

2220 1428 2381 1499 χλόην
2433 1427 2677 1482 δεδόσθαι
2721 1425 2889 1497 φησὶ,
2923 1423 3172 1477 τουτέστι
3218 1420 3317 1491 τὴν
3368 1421 3456 1474 ὑπ’
3501 1415 3823 1487 ἀνθρώπων

2223 1524 2526 1591 σπαρεῖσαν
2559 1520 2653 1574 καὶ
2683 1517 3095 1589 γεωργηθεῖσαν
3116 1530 3128 1543 ·
3161 1514 3273 1575 τοῖς
3304 1510 3361 1563 δὲ
3389 1509 3566 1571 ἄλλοις
3610 1508 3822 1576 κτήνε-

2221 1630 2293 1677 σι,
2329 1614 2421 1666 τὸν
2448 1613 2769 1683 αὐτομάτως
2805 1609 3119 1682 βλαστῶντα
3151 1605 3364 1677 χόρτον.
3382 1602 3614 1655 Δύναται
3635 1600 3699 1652 δὲ
3725 1598 3821 1651 καὶ

2218 1704 2505 1775 ἀμφότερα
2530 1705 2564 1774 ἦ
2590 1721 2649 1756 τε
2680 1702 2808 1773 χλόη
2842 1702 2936 1755 καὶ
2961 1703 2990 1755 6
3022 1700 3233 1771 χόρτος,
3258 1694 3394 1763 ὁμοῦ
3420 1694 3654 1754 καὶτοῖς
3688 1690 3822 1759 κτήο

2220 1813 2336 1849 νεσι
2369 1797 2467 1849 κα)⁵
2499 1798 2564 1866 τῇ
2592 1794 2806 1865 δουλείᾳ
2829 1792 2933 1846 τῶν
2962 1790 3265 1862 ἀνθρώπων
3290 1786 3557 1843 δεδόσθαι..
3582 1782 3729 1836 Οὔτε
3762 1781 3820 1833 δὲ

536 1885 741 1957 θηρίων
769 1892 827 1942 ὲν
850 1889 1081 1953 τούτοις,
1108 1889 1231 1943 οὔτε
1266 1892 1509 1961 ἑρπετῶν
1542 1892 1938 1962 ἐμνημόνευσε,
1969 1890 2056 1943 διὰ
2075 1890 2135 1943 τὸ
2163 1890 2325 1963 ἑτέρᾳ.
2357 1891 2655 1963 κεχρῆσθαι
2683 1890 2853 1945 ταῦτα
2881 1891 3056 1960 τροφῇ
3076 1904 3088 1917 ·
3122 1887 3191 1941 τά
3225 1886 3321 1958 μὲν
3350 1884 3457 1955 γάρ
3498 1885 3618 1935 ἐστι
3674 1896 3818 1950 σειρ⁴

535 1978 763 2049 κοόόρα·
798 1979 865 2032 τά
897 1981 953 2033 δὲ
993 1982 1216 2052 ἑρπετὰ,
1249 1983 1386 2053 αὑτῇ
1423 1985 1487 2053 τῇ
1517 1985 1585 2053 γῇ
1618 1982 1881 2054 κέχρηται
1918 1984 2093 2053 τροφῇ

606 2091 995 2148 Animadverte
1042 2109 1203 2163 porro
1255 2112 1562 2152 sermonem
1596 2097 1741 2151 hunc
1792 2097 2119 2152 circuitione
2150 2103 2199 2157 Β

534 2184 635 2248 uti,
667 2197 730 2236 ac
759 2184 1140 2239 manifestiora
1164 2188 1385 2257 quidem
1414 2188 1606 2242 leviter
1633 2197 1881 2259 tangere,
1904 2189 1973 2245 iis
1995 2204 2124 2244 vero

532 2274 790 2330 insistere
848 2277 1049 2345 quibus
1101 2280 1257 2333 multi
1300 2281 1711 2345 contradicunt,
1743 2296 1920 2350 neque
1954 2281 2125 2335 absti-

2294 2094 2437 2165 Ὅρα
2470 2092 2537 2149 δὲ
2566 2090 2752 2163 κύκλῳ
2782 2092 3066 2163 περιϊόντα
3091 2089 3184 2145 τὸν
3211 2089 3371 2158 λόγον
3412 2087 3518 2142 καὶ
3543 2086 3614 2140 τὰ
3646 2089 3818 2157 σαφέ-

2228 2205 2394 2259 στερα
2422 2187 2858 2258 παρατρέχοντα,
2903 2182 3384 2255 ὲμφιλοχωροῦντα
3418 2180 3474 2233 δὲ
3503 2182 3620 2243 τοῖς
3654 2180 3815 2253 παρὰ

2224 2278 2332 2330 τῶν
2363 2275 2574 2330 πολλῶν
2597 2274 3056 2345 ἀντιλεγομένοις,
3073 2271 3295 2327 καὶτῶν
3315 2272 3525 2339 ἀλόγων
3558 2272 3659 2323 οὑκ
3686 2273 3816 2339 ἀφι-

533 2380 666 2421 nere
714 2368 782 2421 ab
816 2368 1307 2432 irrationabilibus.
1334 2388 1436 2426 nec
1468 2374 1539 2427 ab
1578 2389 1680 2427 usu
1712 2374 2123 2444 ministerioque

2228 2368 2512 2439 στάμενον,
2542 2367 2636 2420 καὶ⁵
2664 2367 2762 2437 τῆς
2793 2366 2980 2437 χρείας
3012 2363 3191 2419 αὑτῶν
3225 2364 3318 2417 καὶ
3356 2363 3453 2432 τῆς
3480 2363 3811 2434 ὑπηρεσίας.

533 2473 745 2514 eorum.
800 2458 858 2513 ld
920 2476 1050 2515 vero
1109 2462 1311 2532 duplici
1368 2463 1436 2518 de
1485 2479 1653 2520 causa
1700 2465 1973 2535 agit;alia
2016 2472 2122 2530 est,

533 2558 597 2604 ut
634 2568 699 2606 ex
732 2551 1035 2607 abundanti
1068 2554 1462 2624 impudentiam
1503 2556 1720 2611 illorum
1748 2556 2006 2622 refrenet,
2031 2556 2125 2627 qui

532 2642 726 2697 dicunt
755 2643 965 2714 aliquid
1001 2646 1056 2699 in
1088 2646 1293 2700 mundo
1323 2663 1791 2717 supervacaneum
1828 2657 1883 2705 et
1933 2650 2125 2705 inutile

531 2737 837 2802 exsistere;
871 2738 976 2790 alia
1005 2753 1155 2802 vero,
1187 2748 1252 2793 ut
1272 2739 1527 2793 ostendat
1559 2748 1766 2809 quanta
1797 2740 1870 2796 sit
1905 2739 2017 2797 Deo
2057 2742 2125 2798 de

532 2827 855 2885 hominibus
900 2831 1233 2896 sollicitudo,
1285 2832 1503 2901 quando
1548 2833 1617 2889 de
1665 2834 1733 2889 iis
1766 2848 1888 2903 quae
1932 2849 2124 2889 eorum

532 2936 702 2977 causa
756 2922 979 2976 condita
1036 2934 1165 2977 sunt
1216 2932 1424 2978 tantam
1458 2925 1624 2980 habet
1655 2925 1945 2981 rationem.
1981 2925 2123 2993 Quid

534 3012 667 3069 huic
714 3029 862 3068 curte
895 3030 995 3083 par
1027 3030 1152 3070 esse
1184 3017 1379 3085 possit,
1408 3017 1854 3087 quandoquidem
1895 3032 1960 3074 ea
2002 3034 2125 3089 quae

536 3101 699 3156 nobis
728 3103 976 3157 serviunt
1005 3105 1078 3157 ita
1112 3105 1304 3169 nutrit,
1332 3121 1433 3161 nec
1468 3108 1672 3176 patitur
1703 3114 1764 3163 ut
1786 3109 2124 3167 invomnibus

535 3193 863 3263 gravemur?
894 3192 1081 3265 Neque
1107 3182 1259 3250 enim
1295 3196 1568 3253 hominem
1607 3198 1867 3268 deservit,
1908 3217 2009 3257 nec
2042 3202 2122 3256 la-

535 3284 766 3340 boribus
821 3285 999 3355 ipsum
1050 3298 1261 3359 gravat,
1298 3291 1453 3345 vario
1501 3292 1655 3347 illum
1692 3294 1887 3349 salutis
1924 3310 2123 3363 genere

537 3374 772 3431 donans.
799 3375 897 3431 Hic
914 3376 1071 3447 juvat
1098 3394 1244 3444 eum,
1281 3381 1373 3449 qui
1406 3396 1741 3450 congeneres
1764 3391 1986 3438 nostros
2014 3399 2124 3439 ser-

2225 2462 2377 2513 Ποιεῖ
2407 2460 2463 2513 δὲ
2488 2458 2647 2511 τοῦτο
2679 2459 2766 2512 διὰ
2796 2458 2891 2512 δύο
2918 2457 3121 2511 ταῦτα’
3151 2457 3217 2510 δι’
3245 2456 3303 2509 ἒν
3340 2454 3460 2525 μὲν,
3497 2455 3589 2507 ἴνα
3619 2457 3686 2508 ὲκ
3716 2473 3815 2507 πε-

2228 2555 2471 2625 ριουσίας
2505 2554 2831 2625 ἐπιστομίσῃ
2864 2554 2963 2625 τὴν
2999 2552 3384 2623 ἀναισχυντίαν
3407 2550 3515 2604 τῶν
3543 2551 3814 2618 λεγόντων

2225 2645 2363 2701 εἷναί
2384 2666 2436 2701 τι
2465 2649 2719 2719 περιττὸν
2745 2648 2803 2700 ὲν
2832 2645 2910 2717 τῷ
2940 2647 3130 2717 κόσμῳ
3159 2646 3251 2698 καὶ
3280 2644 3553 2715 ἄχρηστον
3571 2661 3586 2673 ·
3615 2644 3680 2697 δι’
3706 2644 3819 2696 ἔτερ

2228 2758 2319 2812 ρον
2346 2740 2425 2806 δὲ,
2460 2741 2547 2794 ἵνα
2577 2739 2725 2813 δείξῃ
2752 2740 2849 2810 ὅση
2879 2739 2957 2809 τῷ
2990 2738 3109 2809 Θεῷ
3140 2738 3251 2793 τῶν
3283 2736 3589 2809 ἀνθρώπιον
3628 2740 3661 2807 ἡ
3711 2755 3811 2808 κη-

2222 2833 2465 2903 δεμονία,
2493 2833 2630 2887 ὅπου
2663 2849 2726 2901 γε
2756 2831 2866 2885 τῶν
2901 2831 2968 2884 δι’
2995 2831 3237 2894 ἐκείνους
3273 2829 3584 2901 γενομένων
3624 2828 3813 2883 τοσοῦ-

2222 2943 2315 2978 τον
2348 2928 2581 2978 ποιεῖται
2614 2925 2789 2994 λόγον.
2813 2924 2876 2976 Τί
2901 2923 3107 2994 ταύτης
3129 2918 3245 2975 ἴσον
3272 2921 3468 2990 γένοιτ’
3488 2920 3555 2976 ἂν
3585 2922 3687 2993 τῆς
3716 2938 3813 2992 κη-

2223 3016 2495 3088 δεμονίας,
2520 3019 2647 3071 ὅταν
2677 3017 2772 3071 καὶ
2801 3015 2869 3070 τά
2895 3014 3215 3068 δουλεύοντα
3253 3016 3383 3084 ἡμῖν
3426 3012 3568 3068 οὕτω
3613 3013 3813 3085 τρέφῃ,

2224 3110 2318 3163 καὶ
2376 3110 2449 3180 μὴ
2504 3112 2759 3180 συγχωρῇ
2804 3108 3080 3162 πονεῖσθαι
3113 3107 3240 3178 περὶ
3280 3106 3486 3171 πάντας
3524 3106 3662 3158 Οῠτε
3709 3106 3814 3176 γὰρ

2224 3202 2375 3254 εῐασε
2404 3202 2496 3254 τὸν
2526 3201 2830 3272 ἄνθρωπον,
2858 3200 2982 3253 οὔτε
3013 3200 3237 3271 βαρύνει
3259 3199 3371 3262 τοῖς
3410 3198 3595 3261 πόνοις
3626 3198 3810 3259 αὑτὸν,

2223 3294 2513 3347 ποικίλλων
2531 3292 2695 3347 αὑτοῦ
2717 3291 2813 3363 τὴν
2839 3292 3134 3362 σωτηρίαν.
3153 3290 3420 3344 Ἐνταῦθα
3445 3289 3613 3342 καλὸν
3637 3291 3813 3341 εἰπεῖν

2225 3384 2361 3455 πρὸς
2406 3384 2498 3437 τὸν
2539 3385 2665 3446 τοὺς
2696 3385 2978 3454 ὁμογενεῖς
3006 3380 3499 3450 καταδουλούμενον
3518 3395 3530 3408 ·
3570 3378 3668 3448 μία
3698 3378 3815 3431 δου-

536 3468 710 3523 vitute
738 3471 1017 3539 opprimit,
1048 3468 1129 3525 sic
1160 3471 1365 3541 alloqui
1391 3490 1403 3525 :
1438 3489 1548 3527 una
1575 3474 1858 3529 hominum
1884 3477 2122 3531 servitus

2224 3451 2343 3529 λεία
2361 3475 2470 3528 τῶν
2490 3451 2791 3547 ἀνθρώπων
2812 3474 2881 3527 τά
2906 3474 3073 3541 ἄλογα
3090 3491 3103 3503 ·
3130 3474 3195 3526 σὺ
3218 3472 3275 3525 δὲ
3300 3470 3476 3526 ταῦτα
3503 3470 3810 3540 ὀλιγωρεῖς·

538 3569 668 3615 sunt
718 3562 1131 3628 irrationabilia,
1168 3571 1225 3617 tu
1270 3579 1400 3618 vero
1435 3565 1551 3619 haec
1594 3566 1831 3636 despicis
1881 3587 1895 3622 :
1953 3584 2125 3638 quare

536 3659 792 3705 naturam
851 3668 881 3706 a
934 3653 1196 3708 servitute
1242 3662 1298 3709 et
1344 3654 1720 3711 dominatione
1758 3657 2038 3723 scindens,
2068 3658 2123 3712 id

540 3741 793 3807 eﬂecisti,
822 3753 881 3797 ut
913 3743 1019 3798 sibi
1049 3745 1167 3815 ipsa
1206 3746 1436 3799 serviret
1471 3754 1525 3799 et
1557 3746 1953 3802 dominaretur.
1987 3747 2123 3802 Eum

539 3834 633 3903 qui
670 3832 736 3888 ad
772 3834 1187 3890 similitudinem
1220 3835 1314 3890 Dei
1346 3835 1525 3892 factus
1557 3844 1664 3903 est,
1701 3838 1827 3907 quis
1856 3840 2121 3903 vendidit,

542 3925 666 3995 quis
717 3925 870 3992 emit,
910 3942 1035 3980 cum
1084 3926 1137 3981 id
1179 3928 1331 3984 solus
1357 3926 1501 3982 Deus
1535 3929 1710 3997 possit
1744 3930 1986 3996 ellicere;
2015 3931 2124 3984 imo

542 4031 674 4071 vero
707 4032 808 4071 nec
845 4017 961 4086 ipse
1001 4016 1165 4081 Deus,
1197 4032 1324 4071 nam
1372 4017 1515 4071 dona
1547 4018 1667 4086 ejus
1697 4028 1825 4075 sunt
1860 4021 2123 4089 sine-pm-

514 4110 814 4185 ‘nitentia?
851 4109 1007 4175 Quod
1060 4110 1108 4165 si
1154 4108 1299 4165 Deus
1338 4109 1393 4163 id
1451 4110 1602 4179 quod
1641 4111 1873 4168 liberum
1900 4120 1984 4168 est
2015 4129 2126 4170 non

544 4202 741 4272 redigit
782 4202 837 4255 in
873 4200 1214 4265 servitutem,
1244 4202 1369 4271 quis
1401 4205 1699 4274 potentiam
1727 4220 1882 4260 suam
1933 4215 2126 4276 poten-

545 4295 636 4349 tia:
684 4293 778 4351 Dei
829 4295 1138 4364 praeponat?
1168 4296 1434 4352 Cazterum
1482 4308 1567 4354 sat
1593 4298 1778 4354 oneris
1826 4299 2126 4369 imponitur

546 4387 634 4452 iis,
661 4388 754 4457 qui
786 4386 942 4441 liberi
970 4397 1118 4452 sunt,
1142 4389 1289 4458 quod
1323 4390 1587 4457 serviant,
1628 4399 1890 4462 tantaque
1918 4392 1973 4447 in
2000 4394 2123 4462 pul-

548 4494 672 4534 vere
713 4480 784 4535 sit
830 4478 1156 4547 differentia,
1194 4490 1254 4535 ut
1304 4482 1445 4537 alius
1472 4486 1722 4552 imperet,
1748 4484 1871 4539 aliis
1900 4486 2127 4553 impere-

518 4582 653 4627 tur.
684 4572 749 4625 At
779 4588 955 4642 neque
978 4573 1192 4643 jugum,
1224 4587 1404 4643 neque
1433 4574 1765 4644 supplicium
1787 4576 1963 4647 primo
1995 4592 2125 4646 pec-

543 4674 668 4717 cato
699 4673 890 4719 nostro
928 4664 1282 4728 destinatum,
1317 4666 1725 4738 aggravandum
1765 4676 1871 4723 est.
1909 4666 2123 4729 Produ-

2224 3568 2304 3621 διὸ
2344 3567 2443 3638 τὴν
2492 3567 2654 3637 φύσιν
2683 3566 2928 3629 δουλείας
2959 3566 3054 3618 καὶ
3077 3564 3399 3637 κυριότητος
3428 3563 3622 3633 σχίσας
3647 3563 3817 3632 uini-po

2225 3662 2388 3731 ἑαυτῇ
2439 3660 2708 3713 δουλεύειν
2754 3660 2849 3713 καὶ
2888 3660 3053 3731 ἑαυτῇ
3089 3657 3364 3729 κυριεύειν
3394 3657 3679 3726 ἐποίησας.
3714 3655 3817 3707 Τὸν

2225 3754 2347 3807 καθ’
2379 3753 2667 3823 ὁμοιότητα
2690 3752 2825 3805 Θεοῦ
2854 3752 2983 3804 ὄντα
3012 3752 3106 3804 καὶ
3134 3751 3315 3821 πάσης
3340 3750 3440 3820 γῆς
3467 3751 3706 3819 ἄρχοντα
3735 3748 3817 3810 τίς

2223 3846 2251 3897 6
2280 3847 2385 3898 ἀπε
2394 3844 2641 3915 μπολῶν;
2663 3844 2748 3907 τίς
2775 3845 2804 3897 6
2829 3843 3169 3913 ὡνούμενος;
3214 3842 3373 3913 μόνου
3404 3840 3538 3893 Θεοῦ
3566 3841 3629 3892 τὸ
3652 3840 3786 3909 δυνη
3811 3869 3820 3877 -

2226 3936 2384 4007 θῆναι
2414 3936 2591 4001 τοῦτο,
2640 3936 2837 4007 μᾶλλον
2880 3935 2936 3988 δὲ
2987 3934 3108 3987 οὐδὲ
3141 3932 3305 3987 αὑτοῦ
3340 3932 3434 3987 τοῦ
3466 3931 3603 3984 Θεοῦ
3624 3949 3637 3961 ·
3679 3933 3822 4001 ἀμε-

2224 4026 2504 4096 ταμέλητα
2534 4026 2643 4096 γὰρ
2670 4024 2835 4077 αὑτοῦ
2870 4023 2939 4075 τὰ
2970 4024 3305 4093 χαρίσματα.
3343 4022 3405 4074 Ei
3435 4021 3492 4073 δὲ
3528 4022 3558 4072 6
3586 4020 3723 4083 Θεὸς
3756 4020 3819 4071 ού

2222 4117 2397 4169 δουλοῖ
2434 4117 2494 4169 τὸ
2545 4116 2849 4188 ἐλεύθερον,
2880 4116 2961 4178 τίς
2989 4118 3017 4168 ὁ
3048 4114 3358 4185 ὑπερτιθεὶς
3405 4114 3496 4167 τοῦ
3543 4114 3683 4167 Θεοῦ
3714 4116 3819 4185 τὴν

2224 4208 2418 4262 ἑαυτοῦ
2444 4208 2798 4273 δυναστείαν;
2835 4207 2983 4278 Πλὴν
3015 4209 3175 4278 ἀρκεῖ
3213 4205 3486 4259 δουλεύειν
3518 4208 3635 4268 τοῖς
3666 4207 3824 4258 ἐλευ-

2226 4300 2422 4372 θέροις,
2452 4301 2544 4353 καὶ
2567 4300 2822 4352 τοσοῦτον
2852 4293 2990 4351 εἶναι
3016 4297 3075 4351 τὸ
3106 4297 3383 4369 διάφορον,
3418 4296 3558 4351 ὥστε
3586 4296 3685 4349 τοῦ
3720 4298 3821 4353 αύ-

2224 4392 2317 4445 τοῦ
2356 4392 2477 4462 χοὸς
2510 4391 2569 4445 τὸ
2606 4392 2703 4463 μὲν
2737 4394 2979 4462 κρατεῖν,
3014 4390 3077 4443 τὸ
3110 4390 3166 4443 δὲ
3200 4388 3483 4461 ἄρχεσθαι.
3526 4388 3617 4458 Μὴ
3647 4390 3824 4460 βαρυ-

2224 4484 2399 4538 νέσθω
2442 4484 2499 4537 δὲ
2522 4487 2550 4537 6
2582 4483 2766 4553 ζυγὸς,
2809 4482 2944 4555 μηδὲ
2972 4483 3072 4552 τῆς
3097 4481 3320 4553 πρώτης
3347 4480 3504 4552 ἡμῶν
3536 4482 3827 4553 ἁμαρτίας

2223 4577 2285 4629 τὸ
2328 4574 3011 4646 ὲπιτίμιον.Ἐξανατέλλει
3052 4574 3109 4627 δὲ
3158 4576 3215 4627 ὲν
3266 4572 3477 4637 τούτοις
3510 4573 3828 4644 ὑπερφυέσι

2225 4669 2318 4727 καὶ
2354 4668 2707 4740 ὑψηλοτάτοις
2736 4667 2915 4737 λόγοις
2936 4664 3102 4721 αὑτοῦ
3138 4666 3322 4736 ὄρεσιν
3350 4662 3471 4720 οὖσι
3497 4666 3693 4736 χόρτον
3711 4682 3725 4695 ·
3767 4666 3830 4718 ὃν

543 4758 619 4811 cit
666 4767 847 4813 autem
896 4757 953 4813 in
1011 4758 1099 4815 his
1162 4760 1680 4829 supernaturalibus
1727 4761 2123 4833 altissimisque

2227 4762 2487 4833 φέρεσθαι
2519 4761 2723 4833 τροφὴν
2753 4755 2853 4814 οἶοί
2880 4761 2941 4814 τέ
2970 4762 3108 4814 εἰσιν
3134 4760 3185 4813 οἱ
3219 4757 3746 4829 ἀλογώτεροι.’Ἐστι
3769 4758 3831 4811 δὲ

543 4851 891 4906 sermonibus
947 4851 1083 4916 suis,
1124 4853 1219 4921 qui
1249 4860 1465 4910 montes
1505 4862 1655 4919 sunt,
1687 4852 1871 4909 fenum
1908 4872 1919 4907 :
1960 4870 2121 4924 quem

2228 4859 2257 4909 6
2289 4858 2345 4909 ὲν
2374 4854 2580 4919 τούτοις
2622 4858 2734 4918 τοῖς
2776 4853 2927 4924 ὄρεσι
2972 4852 3162 4923 χόρτος
3188 4852 3217 4905 6
3242 4851 3372 4922 περὶ
3407 4850 3515 4903 τῶν
3541 4848 3833 4918 αἰσθητῶν

542 4941 726 4996 cibum
776 4942 1272 5001 irrationabiliores
1329 4944 1473 5005 ferre
1516 4948 1753 5003 valeant.
1798 4946 1895 5003 Est
1936 4958 2119 5004 autem

543 5033 727 5089 fenum
774 5035 829 5091 in
859 5034 1009 5090 hisce
1039 5036 1319 5094 montibus
1350 5039 1610 5109 positum,
1646 5054 1828 5096 sermo
1855 5041 1923 5095 de
1948 5042 2123 5097 sensi-

543 5126 745 5183 bilibus
773 5134 827 5181 et
859 5128 1038 5182 littera
1074 5127 1406 5200 Scriptum;
1452 5130 1561 5187 imo
1588 5131 1753 5187 etiam
1783 5148 1965 5188 sermo
2005 5149 2122 5187 mo-

542 5218 698 5284 ralis,
739 5234 901 5289 quem
955 5220 1251 5277 multitudo
1298 5238 1519 5294 quoque
1567 5225 1847 5295 percipere
1896 5224 2119 5284 valebit.

542 5308 854 5365 dicentibus
912 5309 1168 5383 singulis,
1221 5312 1482 5368 Dominus
1528 5315 1699 5383 pascit
1747 5332 1846 5383 me,
1890 5326 1939 5368 et
1988 5316 2122 5369 nihil

2230 4948 2385 5017 λόγος
2413 4949 2505 5001 καί⁵
2530 4947 2591 4999 τὸ
2618 4946 2853 5018 γράμμα
2890 4944 2989 5012 τῆς
3011 4943 3233 5015 Γραφῆς
3252 4959 3264 4972 ·
3292 4942 3429 4995 ἀλλά
3456 4942 3550 4995 καὶ
3568 4943 3595 4994 6
3617 4941 3836 5009 ἠθικώ-

2229 5058 2408 5111 τερος,
2436 5032 2498 5092 οὗ
2536 5037 2859 5111 μεταλαὸεἶν
2888 5037 2979 5089 καὶ
3009 5037 3058 5088 οἱ
3088 5034 3272 5088 πολλοὶ
3310 5034 3642 5105 δυνήσονται,
3687 5036 3833 5088 ἐ.κά-

2232 5149 2358 5185 στου
2392 5129 2498 5182 τῶν
2529 5129 2785 5183 τοιούτων
2815 5126 3094 5195 λέγοντοςο
3133 5126 3350 5192 Κύριος
3378 5124 3675 5192 ποιμαίνει
3724 5142 3835 5193 με,

2230 5222 2329 5277 καὶ
2375 5219 2557 5275 οὐδέν
2594 5236 2671 5288 με
2716 5216 3038 5286 ὑστερήσει
3062 5231 3079 5249 ο
3118 5217 3205 5280 εὶς
3241 5216 3428 5268 τόπον
3460 5216 3649 5283 χλόης
3695 5214 3842 5268 ἐκεῖ

2223 5332 2298 5386 με
2342 5311 2839 5381 κατεσκήνωσεν
2875 5309 2975 5363 ἐπὶ
3006 5309 3226 5375 ὓδατος
3251 5308 3648 5372 ἀναπαύσεως
3687 5308 3835 5372 ἐξέ-

543 5403 673 5456 mihi
702 5403 865 5458 deerit
895 5420 913 5457 :
944 5404 1001 5458 in
1031 5406 1144 5460 loco
1180 5422 1390 5475 pascua:
1433 5408 1507 5462 ibi
1535 5426 1615 5464 me
1644 5409 1941 5474 collocavit,
1975 5424 2123 5477 super

2234 5405 2416 5475 θρεψέ
2454 5422 2551 5475 με.
2570 5402 2937 5476 ’Υπερόἀντες
2967 5402 3025 5455 δέ
3070 5419 3200 5454 ποτε
3233 5400 3332 5471 τὴν
3356 5398 3609 5467 τοιαύτην
3640 5400 3835 5453 κατά.-

545 5514 737 5566 aquam
751 5496 1045 5566 refectionis
1058 5499 1298 5555 educavit
1318 5518 1397 5555 me
1409 5501 1474 5554 ³⁸.
1496 5501 1600 5569 Qui
1614 5510 1796 5557 autem
1817 5503 2129 5573 lmjusmodi

547 5596 748 5642 statum
789 5591 1249 5647 transcenderunt
1282 5607 1407 5646 cum
1432 5608 1543 5646 non
1576 5594 1632 5648 in
1665 5596 1929 5650 servitute
1958 5594 2130 5649 homi-

546 5695 677 5734 num
722 5690 1028 5746 versentur,
1057 5682 1150 5741 scd
1197 5684 1447 5743 homines
1483 5686 1610 5743 facti
1642 5688 1775 5755 sint,
1803 5686 2004 5759 singuli
2027 5688 2128 5745 ite~

623 5832 667 5865 εδ
706 5832 849 5891 Psal.
891 5852 1035 5905 xx",
1076 5838 1144 5906 1,
1178 5837 1231 5892 2.

2237 5515 2444 5561 στασιν,
2475 5496 2657 5550 οὐκέτι
2692 5498 2749 5550 ὲν
2778 5494 2990 5566 δουλείᾳ
3023 5493 3130 5547 τῶν
3159 5490 3463 5562 ἀνθρώπων
3492 5489 3665 5553 ὄντες,
3708 5491 3835 5544 ἀλλ’

2233 5591 2509 5663 ἄνθρωποι
2538 5588 2913 5660 γεγενημένοι,
2937 5584 3121 5657 ἐροῦσι
3151 5584 3311 5639 πάλιν
3336 5583 3595 5645 ἕκαστος’
3642 5582 3838 5637 Ἡτοί-

2230 5700 2433 5754 μασας
2455 5682 2710 5738 ἐνώπιόν
2736 5699 2852 5752 μου
2884 5678 3173 5748 τράπεζαν
3194 5675 3543 5743 ἐξεναντίας
3566 5674 3686 5729 τῶν
3708 5679 3841 5735 θλι-
