4068 6404
383 368 522 425 ηπ

1507 362 2019 420 COMMENTARIA
2059 365 2125 420 IN
2163 365 2289 421 PSA
2299 364 2503 421 LMOS.

3488 366 3628 423 1278

379 490 604 543 δόντων
625 502 700 555 με
719 502 731 515 ·
762 485 1054 551 ἐλίπανας
1076 486 1147 538 ἐν
1174 484 1356 549 ἐλαίῳ
1376 482 1489 551 τὴν
1517 482 1789 553 κεφαλήν
1811 502 1952 553 μου,

2073 500 2178 538 -υιη
2205 484 2390 539 dicent
2437 504 2451 538 :
2491 483 2712 537 Parasti
2736 484 2790 537 in
2825 491 3098 552 conspectu
3132 499 3244 538 meo
3284 499 3515 538 mensam
3539 484 3634 539 ad-

378 580 476 633 καὶ
509 578 575 631 τὸ
601 576 886 645 ποτήριόν
901 594 1021 646 μου
1045 577 1355 645 μεθύσκον
1371 576 1451 641 ὡς
1480 574 1824 643 κράτιστον.
1841 576 1952 628 Καὶ

378 673 445 727 τό
478 671 650 737 ἔλεός
674 684 791 724 σου
820 668 1247 732 καταδιώξεταί
1271 684 1347 736 με
1373 667 1573 732 πάσας
1596 667 1702 731 τὰς
1733 665 1954 734 ἡμέρας

312 763 343 797 “-
377 760 489 828 τῆς
516 758 663 827 ζωῆς
677 776 818 828 μου,
841 759 938 811 καὶ
964 758 1028 811 τό
1057 757 1353 811 κατοικεῖν
1378 773 1455 827 με
1476 758 1546 813 ἐν
1570 757 1712 821 οῑκῳ
1733 757 1955 825 Κυρίου

378 854 465 917 εὶς
485 852 829 921 μακρότητα
857 846 1111 918 ἡμερῶν.

455 1027 566 1081 Τοῦ
628 1026 943 1096 ἐξαγαγεῖν
1004 1026 1181 1094 ἄρτον
1221 1026 1289 1080 ἐκ
1327 1024 1437 1093 τῆς
1480 1024 1611 1095 γῆς,
1661 1026 1759 1079 καὶ
1795 1020 1957 1089 οἶνος

362 1120 685 1188 εὐφραίνει
722 1119 972 1187 καρδίαν
1006 1118 1319 1186 ἀνθρώπου
1339 1135 1352 1149 ·
1373 1119 1480 1172 τοῦ
1512 1118 1787 1186 ὶλαρῦναι
1818 1117 1959 1184 πρό-

382 1227 590 1267 σωπον
638 1211 709 1265 ἐν
754 1212 954 1278 ἐλαίῳ,
999 1212 1097 1264 καὶ
1129 1211 1307 1279 ἄρτος
1354 1211 1602 1280 καρδίαν
1646 1209 1959 1278 ἀνθρώπου

382 1302 659 1373 στηρίξει.
690 1303 874 1369 Ἄξιον
913 1303 1147 1357 ἐνταῦθα
1180 1302 1410 1374 ζητῆσαι
1443 1304 1587 1366 τίνος
1607 1303 1763 1374 χάριν
1793 1301 1961 1356 εἰπὼν

383 1396 412 1447 ὁ
443 1394 621 1459 Δαυῖδ,
647 1395 1069 1462 deﬁance).le
1128 1395 1322 1466 χόρτον
1367 1396 1479 1458 τοῖς
1513 1396 1787 1465 κτήνεσιν,
1826 1395 1963 1463 ἐπή-

385 1509 554 1561 γαγε*
593 1492 702 1545 Τοῦ
747 1490 1059 1561 ἐξαγαγεῖν
1085 1490 1267 1559 ἄρτον
1292 1492 1361 1544 ἐκ
1406 1488 1515 1558 τῆς
1556 1490 1689 1559 γῆς,
1732 1488 1839 1542 ἀπὸ
1867 1486 1961 1541 τοῦ

354 1636 355 1639 η
387 1585 536 1638 σίτου
574 1584 771 1655 δηλαδὴ
804 1582 1366 1654 κατασκευαζόμενον.
1400 1583 1464 1635 Τί
1491 1580 1621 1634 ποτέ
1648 1582 1797 1633 ἐστιν
1828 1581 1964 1650 ὅπερ

386 1677 691 1742 αἰνίξασθαι
739 1676 1015 1747 βούλεται;
1069 1678 1190 1729 Ὅτι
1242 1676 1302 1728 τὸ
1355 1674 1487 1728 αὐτὸ
1543 1673 1764 1744 σπέρμα
1809 1674 1963 1741 κοινὴ

388 1770 595 1839 γίνεται
627 1770 794 1840 ἐδωδὴ
845 1771 942 1822 καὶ
970 1769 1185 1837 ἀλόγοις
1214 1768 1309 1822 καὶ
1346 1765 1672 1839 ἀνθρώποις,
1715 1765 1774 1818 ού
1823 1763 1965 1818 κατὰ

2058 591 2235 629 versus
2268 591 2353 629 eos
2382 576 2472 645 qui
2501 573 2759 627 tributam
2797 589 2913 639 me;
2950 574 3293 645 impinguasti
3327 576 3381 628 in
3411 575 3523 628 oleo
3546 591 3633 629 ca.

2055 675 2151 736 put
2182 682 2372 730 meum,
2409 676 2458 720 et
2494 666 2635 724 calix
2666 683 2809 720 meus
2833 666 3120 731 inebrians,
3157 684 3317 736 quam
3342 668 3632 735 prarclarus

2055 765 2155 811 est.
2202 756 2272 812 Et
2314 756 2679 812 misericordia
2740 768 2833 811 tua
2891 758 3231 828 subsequetur
3263 775 3344 811 me
3392 756 3633 810 omnibus

2061 849 2243 904 diebus
2283 852 2404 904 vita:
2432 867 2581 913 mete,
2610 858 2658 903 et
2688 858 2743 902 ut
2765 850 3052 905 inhabitem
3073 853 3126 905 in
3154 850 3308 905 domo
3336 850 3553 906 Domini
3579 850 3635 903 in

2060 941 2436 1012 longitudinem
2471 942 2752 997 dierum”.

2139 1032 2206 1087 Ut
2241 1033 2432 1089 educas
2460 1050 2651 1103 panem
2680 1033 2743 1089 de
2784 1043 2948 1100 terra,
2982 1043 3032 1089 et
3068 1035 3243 1089 vinum
3281 1035 3518 1106 hrtiﬁcat
3545 1056 3637 1093 cor

2063 1122 2330 1187 hominis;
2356 1132 2414 1175 ut
2444 1123 2701 1177 exhilaret
2730 1123 2921 1192 faciem
2953 1124 3008 1177 in
3035 1124 3169 1191 oleo,
3192 1135 3241 1179 et
3263 1128 3416 1195 panis
3438 1144 3528 1181 cor
3552 1129 3638 1183 ho-

2062 1214 2227 1267 minis
2259 1216 2562 1285 conﬁrmat.
2596 1215 2696 1270 Hic
2730 1223 3039 1285 opportune
3080 1227 3379 1287 quaeratur,
3417 1234 3522 1289 qua
3564 1218 3633 1274 de

2064 1320 2233 1360 eausa
2266 1321 2391 1361 cum
2423 1307 2656 1363 dixisset
2714 1307 2883 1362 David
2918 1330 2929 1363 :
2968 1307 3272 1361 Producens
3326 1310 3503 1378 fenum
3549 1309 3640 1375 iu-

2066 1399 2256 1452 mentis
2281 1413 2309 1461 ;r
2333 1399 2700 1469 subjunxerit,
2732 1398 2799 1453 Ut
2837 1399 3030 1454 educas
3062 1417 3250 1465 panem
3273 1400 3336 1456 de
3382 1412 3542 1467 terra,
3573 1418 3643 1459 ex

2065 1494 2342 1550 frumento
2375 1511 2571 1566 nempe
2600 1495 2933 1551 confectum.
2970 1496 3109 1563 Quid
3144 1505 3324 1552 autem
3359 1506 3446 1553 est
3496 1500 3643 1569 quod

2065 1586 2357 1641 insinuare
2406 1586 2565 1639 vult?
2597 1584 2741 1640 ldem
2800 1587 3014 1643 scilicet
3064 1602 3249 1643 semen
3298 1605 3643 1645 communem

2065 1692 2248 1734 escam
2279 1692 2401 1733 esse
2430 1684 2540 1730 tam
2581 1677 2761 1733 brutis
2814 1694 2976 1748 quam
3012 1680 3346 1749 hominibus,
3382 1681 3477 1736 sed
3533 1696 3644 1738 non

2070 1772 2257 1826 eadem
2289 1772 2521 1827 ratione.
2558 1770 2735 1840 Atque
2772 1772 2907 1826 illud
2957 1771 3051 1826 Dei
3084 1772 3365 1842 sapientia:
3411 1771 3535 1827 fuit.
3580 1773 3645 1827 Et

387 1862 451 1915 τὸ
479 1862 629 1915 αὐτό.
673 1862 782 1915 Καὶ
810 1861 967 1914 τοῦτο
998 1862 1054 1914 δὲ
1085 1861 1185 1931 τῆς
1216 1860 1311 1913 τοῦ
1347 1859 1481 1913 Θεοῦ
1516 1859 1724 1929 σοφίας.
1763 1856 1960 1910 Σκόπει

2074 1878 2205 1917 vero
2228 1863 2280 1916 id
2312 1860 2720 1916 animadvertas
2750 1862 2948 1915 velim:
2980 1862 3256 1932 spargitur
3284 1860 3642 1927 frumentum,

386 1954 475 2006 δέ·
522 1953 931 2008 Καταὸάλλεται
979 1955 1144 2016 σῖτος,
1199 1953 1335 2016 τέως
1370 1952 1479 2023 μὲν
1518 1951 1819 2024 ἀνθρώπων
1851 1953 1967 2006 ἐστὶ

387 2045 561 2115 τροφὴ
607 2046 795 2115 μόνον’
838 2044 1056 2098 ἐπειδὰν
1098 2044 1156 2097 δὲ
1190 2044 1484 2117 βλαστάνῃ,
1517 2044 1697 2098 ἄνεισι
1731 2046 1826 2098 καὶ
1869 2044 1967 2115 τὴν

386 2138 496 2191 τῶν
522 2138 730 2207 ἀλόγων
759 2138 896 2207 ἔχων
929 2141 1157 2211 τροφήν.
1195 2139 1403 2209 Ὥσπερ
1436 2137 1545 2209 γὰρ
1577 2138 1709 2192 αὐτὸ
1741 2138 1801 2191 τὸ
1830 2134 1968 2192 εἶναι

387 2230 452 2282 δι’
484 2232 630 2300 ἡμᾶς
661 2230 817 2283 ἔλαϐε
850 2229 919 2283 τὰ
952 2230 1086 2295 ζῶα,
1116 2228 1258 2283 οὕτω
1291 2229 1386 2283 καὶ
1415 2231 1447 2300 ή
1480 2229 1652 2300 τροφὴ
1698 2229 1878 2284 αὐτῶν
1905 2233 1973 2282 ἐκ

390 2326 488 2395 τῆς
515 2324 790 2395 ἡμετέρας
832 2325 1036 2395 τροφῆς
1066 2324 1177 2395 ἔχει
1208 2324 1313 2394 τὴν
1349 2325 1541 2395 ἀρχήν.
1592 2324 1655 2376 Ἡ
1685 2324 1795 2395 γὰρ
1838 2322 1968 2393 χλόη

388 2414 481 2468 διὰ
511 2414 667 2467 τοῦτο
698 2414 1124 2485 προηγουμένως
1153 2413 1395 2482 γέγονεν,
1433 2414 1519 2466 ἵνα
1564 2413 1656 2466 τὸν
1680 2416 1825 2466 σῖτον
1852 2413 1968 2466 δια-

388 2509 555 2577 τηρῇ.
584 2502 738 2568 Εἶδες
768 2500 862 2558 οὖν
888 2504 958 2558 τὰ
987 2505 1156 2572 ἄλογα
1183 2506 1243 2558 οὐ
1282 2504 1441 2576 μόνον
1466 2506 1596 2574 ἡμῖν
1628 2504 1966 2567 δουλεύοντα,

393 2596 529 2650 ἀλλά
553 2597 646 2649 καὶ
671 2594 769 2666 τὴν
801 2595 1005 2667 τροφὴν
1038 2596 1144 2651 τῶν
1174 2596 1380 2664 ἀλόγων
1413 2598 1479 2666 τῇ
1515 2595 1763 2667 ἡμετέρᾳ
1795 2600 1968 2668 τροφῇ

393 2688 862 2759 ὑπηρετουμένην,
903 2688 998 2741 καὶ
1029 2690 1095 2759 τῇ
1130 2689 1282 2754 τάξει
1334 2687 1494 2741 πάλιν
1543 2688 1602 2741 τὸ
1648 2688 1778 2741 αὐτὸ
1816 2688 1972 2742 τοῦτο

398 2779 758 2849 μιμουμένην.
796 2780 1007 2848 Ὥσπερ
1036 2778 1141 2848 γὰρ
1186 2778 1449 2850 πρότερον
1490 2778 1679 2847 ἄλογα,
1715 2780 1809 2833 καὶ
1848 2781 1971 2832 τότε

394 2870 699 2941 ἄνθρωπος,
733 2870 920 2941 ἐπειδὴ
953 2869 1040 2924 διὰ
1070 2870 1159 2923 τὸν
1187 2870 1472 2941 ἄνθρωπον
1500 2870 1571 2923 τὰ
1596 2871 1765 2939 ἄλογα
1783 2889 1795 2901 ·
1832 2870 1973 2923 οὕτω

395 2963 487 3015 καὶ
508 2962 722 3033 πρῶτον
745 2962 896 3033 χλόη.
919 2962 1013 3014 καὶ
1034 2962 1154 3014 τότε
1180 2965 1321 3025 σῖτος
1351 2964 1408 3014 ὲν
1435 2965 1503 3033 τῇ
1532 2961 1756 3035 βλάστῃ,
1785 2962 1971 3032 ἐπειδὴ

395 3054 484 3108 διὰ
510 3055 599 3108 τὸν
633 3058 775 3108 σῖτον
806 3057 839 3126 ἠ
870 3055 1020 3125 χλόη.
1054 3055 1163 3109 Καὶ
1193 3052 1356 3121 οἶνος
1387 3056 1694 3124 εὐφραίνει
1723 3055 1975 3123 καρδίαν

396 3145 730 3214 ἀνθρώπου.
761 3147 839 3201 Οὐ
883 3149 1014 3211 πᾶς,
1041 3146 1073 3217 ἢ
1110 3147 1269 3218 μόνος
1309 3148 1338 3200 ὁ
1367 3146 1465 3217 τὴν
1505 3146 1717 3214 γένεσιν
1747 3145 1882 3216 ἔχων
1912 3147 1981 3198 ὲκ-

397 3237 490 3289 τοῦ
535 3238 811 3302 εἰπόντος·
874 3238 1020 3310 Ἐγώ
1050 3240 1167 3308 ειμι
1214 3239 1253 3307 ἡ
1300 3236 1567 3307 ἄμπελος
1609 3238 1648 3306 ἡ
1694 3235 1970 3305 ἀληθινή.

410 3331 547 3384 Ἀλλ’
588 3333 711 3385 ἐπεὶ
742 3333 812 3387 τὰ
855 3332 1089 3404 αἰσθητά
1118 3332 1297 3386 πάντα
1323 3331 1396 3401 γῆ
1424 3331 1512 3385 διὰ
1542 3331 1602 3385 τὸ
1638 3332 1818 3385 ὑλικὸν
1857 3333 1974 3385 ὀνο-

398 3425 647 3496 μάζεται,
673 3428 753 3489 εἰς
776 3426 963 3479 τοῦτον
983 3426 1039 3479 δὲ
1061 3424 1244 3477 λαϐεῖν
1266 3427 1380 3478 ἐστι
1405 3424 1560 3493 λόγον
1584 3425 1977 3489 ἀναϐιϐάζοντα

396 3520 485 3575 διά
510 3537 651 3583 τινος
684 3518 973 3587 ἀναλογίας
999 3521 1091 3573 ἐπὶ
1121 3520 1188 3573 τά
1223 3518 1419 3592 νοητά·
1458 3517 1552 3570 καὶ
1581 3513 1733 3581 οὗτος
1766 3518 1794 3569 ὁ
1822 3517 1978 3585 λόγος

398 3614 561 3683 ἄρτος
590 3613 738 3664 ἐστὶν
766 3613 833 3666 ὲκ
876 3612 972 3682 τῆς
1005 3612 1107 3683 γῆς
1153 3611 1500 3681 ἐξαγόμενος,
1535 3610 1627 3663 ἐπὶ
1660 3610 1722 3662 τὸ
1759 3609 1978 3680 τρέφειν

396 3703 493 3758 τὸν
524 3703 671 3757 ἔνδον
708 3705 803 3756 καὶ
845 3704 903 3756 ἐν
950 3702 1181 3773 κρυπτῷ
1225 3702 1530 3774 ἄνθρωπον,
1572 3701 1668 3760 καὶ
1713 3701 1820 3755 ἀπὸ
1868 3700 1978 3754 τῶν

402 3793 732 3863 σωματικῶν
761 3794 819 3847 δὲ
845 3795 942 3865 τῆς
976 3794 1193 3865 γραφῆς
1231 3793 1583 3865 διηγημάτων
1612 3792 1701 3846 διὰ
1733 3794 1794 3846 τὸ
1833 3794 1978 3846 ίστο-

400 3887 553 3956 ρικὸν
586 3887 656 3958 γῆ
704 3888 1009 3959 εἰρημένον.
1048 3888 1245 3957 "Ap-co;
1283 3886 1609 3957 ἐξαγόμενος
1654 3886 1683 3938 ὁ
1720 3885 1981 3955 μυστικός

399 3980 515 4034 ἐστι
545 3977 719 4045 λόγος.
772 3977 882 4031 Τοῦ
911 3977 1259 4045 ἑξιλαρῦναι
1304 3977 1631 4044 πρόσωπον
1662 3976 1730 4029 ἐν
1775 3975 1977 4039 ἐλαίῳ,

400 4070 500 4123 καὶ
541 4070 723 4138 ἄρτος
758 4070 1010 4139 καρδίαν
1036 4069 1352 4139 ἀνθρώπου
1384 4068 1660 4138 στηρίξει.
1706 4069 1979 4142 Ἱλαρύνε-
2035 4070 2043 4079 ’

399 4181 491 4215 ται
518 4163 572 4217 δὲ
606 4164 699 4216 καὶ
729 4162 1078 4234 φαιδρύνεται
1105 4163 1165 4216 τὸ
1198 4163 1485 4233 πρόσωπον
1516 4162 1609 4214 τοῦ
1642 4162 1748 4215 ἔσω
1774 4159 1982 4232 ἀνθρώ-

306 4282 309 4285 η
402 4272 506 4307 που
538 4255 703 4325 ὲλαίῳ
732 4253 812 4323 τῷ
849 4253 1125 4325 θρεπτικῷ
1155 4253 1246 4306 τοῦ
1284 4252 1428 4307 θείου
1456 4252 1651 4323 φωτὸς,
1684 4252 1779 4305 κα)⁸
1803 4251 1981 4304 λύοντι

401 4348 500 4412 τάς
530 4348 714 4412 νόσους
742 4347 837 4401 καὶ
863 4347 989 4410 τοὺς
1018 4347 1212 4409 πόνους
1239 4347 1338 4418 τῆς
1364 4346 1565 4417 ψυχῆς,
1599 4345 1811 4417 ἐπινοίᾳ
1846 4344 1979 4415 μόνῃ

405 4441 660 4513 διαφέρον
709 4438 805 4493 τοῦ
858 4439 1213 4503 ἀποδοθέντος
1253 4438 1417 4493 οἴνου.
1472 4439 1529 4492 '0
1575 4437 1683 4509 γὰρ
1714 4434 1809 4490 τοῦ
1844 4434 1978 4489 Θεοῦ

2072 1966 2235 2027 atque
2260 1956 2529 2010 hactenus
2575 1955 2796 2025 quidem
2841 1954 3121 2008 hominum
3176 1961 3260 2010 est
3303 1954 3493 2021 cibus;
3520 1970 3645 2009 cum

2073 2058 2260 2106 autem
2291 2049 2696 2121 germinaverit,
2763 2049 3030 2118 exsurgit,
3075 2048 3364 2102 brulorum
3427 2064 3647 2118 quoque

2071 2142 2391 2196 alimentum
2425 2140 2735 2210 proferens.
2769 2138 3235 2205 Quemadmodum
3266 2140 3411 2194 enim
3438 2140 3648 2193 anima-

2070 2233 2144 2289 lia
2175 2232 2225 2286 id
2258 2232 2429 2286 nostri
2480 2244 2645 2286 causa
2701 2236 3033 2299 acceperunt
3063 2228 3209 2299 quod
3250 2230 3539 2295 exsistant,
3571 2228 3647 2282 ita

2072 2332 2127 2380 et
2155 2338 2283 2379 esca
2316 2323 2532 2376 illorum
2559 2337 2589 2375 a
2620 2329 2812 2375 nostra
2844 2321 3058 2375 initium
3092 2322 3275 2376 habet.
3310 2320 3444 2375 Nam
3478 2319 3647 2375 herba

2073 2419 2198 2473 ideo
2231 2421 2467 2471 maxime
2495 2416 2837 2487 producitur,
2875 2425 2936 2471 ut
2967 2416 3300 2470 frumentum
3333 2423 3643 2472 conservet.

2074 2510 2242 2565 Vides
2266 2510 2434 2580 igitur
2474 2525 2585 2564 non
2617 2510 2793 2566 solum
2828 2510 2989 2563 bruta
3037 2510 3195 2564 nobis
3242 2508 3517 2573 famulari,
3553 2524 3650 2565 ve»-

2074 2618 2197 2658 rum
2227 2604 2390 2658 etiam
2426 2603 2609 2657 cibum
2659 2617 2850 2657 eorum
2881 2602 3006 2656 cibo
3052 2612 3243 2657 nostro
3296 2601 3533 2664 servire,
3564 2608 3649 2654 at-

2076 2712 2181 2767 que
2206 2697 2397 2751 eodem
2426 2695 2620 2750 ordine
2644 2702 2697 2750 et
2719 2695 2930 2749 ratione
2952 2694 3007 2748 id
3038 2695 3215 2765 ipsum
3246 2709 3425 2765 agere.
3452 2693 3652 2761 Quem-

2075 2787 2369 2841 admodum
2415 2785 2560 2840 enim
2598 2785 2751 2856 prius
2800 2784 2982 2851 bruta,
3032 2784 3229 2840 deinde
3279 2786 3463 2849 homo,
3518 2783 3647 2854 quia

2075 2884 2302 2947 propter
2334 2877 2611 2931 hominem
2668 2878 2864 2944 bruta;
2921 2876 3001 2931 sic
3064 2876 3243 2945 primo
3290 2876 3483 2939 herba,
3520 2890 3643 2928 mox

2076 2967 2412 3022 frumentum
2446 2968 2503 3021 in
2560 2966 2822 3037 germine,
2852 2967 2981 3036 quia
3036 2972 3261 3036 propter
3314 2964 3647 3019 frumentum

2077 3058 2269 3116 herba.
2304 3058 2375 3111 Et
2411 3059 2591 3111 vinum
2626 3058 2863 3127 latiﬁoat
2913 3074 3003 3112 cor
3042 3058 3268 3112 hominis
3304 3072 3322 3110 :
3351 3072 3460 3111 non
3493 3070 3654 3109 omne

2076 3148 2284 3215 vinum,
2312 3150 2409 3204 sed
2438 3149 2572 3203 illud
2594 3149 2769 3203 solum
2798 3136 2942 3218 quod
2971 3158 3152 3204 ortum
3172 3149 3339 3204 habet
3369 3148 3437 3202 ab
3458 3163 3522 3202 eo
3552 3148 3646 3217 qui

2078 3240 2211 3296 dicit
2234 3257 2248 3295 :
2275 3240 2387 3311 Ego
2418 3257 2537 3295 sum
2566 3241 2688 3295 vitis
2714 3258 2835 3295 vera
2848 3241 2917 3295 ⁸ο.
2939 3242 3046 3297 Sed
3074 3242 3202 3312 quia
3225 3242 3449 3296 sensilia
3470 3240 3654 3294 omnia

2079 3335 2149 3389 ob
2180 3335 2468 3390 materiam
2520 3344 2665 3390 terra
2696 3343 2985 3400 vocantur,
3040 3343 3203 3405 atque
3255 3335 3323 3391 de
3368 3335 3461 3389 illo
3512 3332 3656 3387 acci-

2080 3427 2313 3498 piendus
2338 3442 2519 3483 sermo
2544 3438 2649 3494 est,
2682 3429 2773 3498 qui
2802 3428 3035 3497 quadam
3076 3429 3289 3482 ratione
3329 3434 3383 3483 et
3424 3442 3654 3499 propor-

2081 3521 2230 3575 tione
2257 3520 2323 3575 ad
2354 3520 2663 3591 spiritualia
2686 3520 2882 3575 deinde
2902 3520 3097 3589 erigit;
3130 3520 3216 3573 hic
3244 3535 3461 3589 quoque
3478 3534 3657 3574 sermo

2080 3611 2241 3679 panis
2272 3618 2356 3665 est
2383 3611 2450 3665 de
2473 3618 2618 3666 terra
2649 3610 2903 3674 eductus,
2941 3618 3001 3663 ut
3023 3610 3339 3663 interiorem
3368 3616 3421 3664 et
3471 3609 3656 3663 occul-

2081 3711 2199 3757 tum
2229 3704 2507 3759 hominem
2537 3704 2745 3760 nutriat
2777 3721 2790 3757 :
2827 3711 2991 3773 atque
3024 3718 3055 3757 a
3076 3704 3355 3775 corporeis
3408 3702 3658 3771 Scriptu-

2082 3811 2158 3849 rae
2192 3796 2628 3861 narrationibus,
2663 3796 2735 3851 ob
2766 3796 3076 3850 naturalem
3102 3796 3341 3849 historias
3361 3794 3653 3856 rationem,

2081 3896 2228 3944 terra
2264 3888 2488 3943 dicitur.
2539 3887 2704 3942 Panis
2739 3888 2941 3958 quippe
2982 3887 3237 3950 eductus,
3277 3893 3362 3940 est
3388 3884 3654 3956 mysticus

2083 3994 2285 4035 sermo.
2323 3978 2390 4032 Ut
2417 3980 2675 4033 exhilaret
2707 3978 2898 4046 faciem
2939 3979 2992 4031 in
3026 3978 3161 4042 oleo,
3193 3986 3243 4030 et
3266 3977 3420 4044 panis
3451 3977 3657 4029 corho-

2082 4072 2238 4125 minis
2263 4071 2564 4140 conﬁrmat.
2587 4070 2937 4123 Exhilaratur
2957 4084 3123 4139 porro
3146 4084 3208 4123 ac
3233 4068 3540 4123 illustratur
3574 4068 3659 4120 in-

2082 4162 2302 4217 terioris
2335 4163 2576 4217 hominis
2606 4162 2775 4216 facies
2811 4163 2951 4225 oleo,
2987 4161 3132 4231 quod
3158 4160 3399 4215 divinam
3439 4160 3536 4213 alit
3574 4159 3652 4213 lu-

2082 4271 2225 4320 cem,
2252 4271 2316 4309 ac
2350 4257 2576 4310 morbos
2609 4256 2936 4325 laboresque
2972 4256 3169 4309 anima:
3206 4254 3388 4318 solvit,
3434 4254 3660 4322 solaque

2088 4347 2426 4417 intelligendi
2481 4348 2696 4401 ratione
2724 4362 2754 4400 a
2785 4354 3094 4403 memorato
3140 4347 3269 4401 vino
3311 4345 3511 4400 differt.
3565 4345 3657 4399 Dei

2084 4438 2284 4508 quippe
2308 4438 2557 4501 verbum,
2593 4446 2650 4489 ut
2676 4435 2826 4498 vitis,
2862 4436 2939 4489 ita
2973 4444 3026 4489 et
3074 4434 3217 4489 oliva
3259 4442 3362 4488 est.
3398 4432 3531 4501 Ego,
3574 4432 3659 4484 in-

374 4588 379 4593 .
403 4533 559 4602 λόγος
586 4532 773 4605 ὥσπερ
802 4532 1065 4603 ἄμπελος,
1100 4530 1242 4587 οὕτω
1283 4533 1378 4585 καὶ
1406 4530 1563 4584 ἐλαία
1590 4528 1765 4583 ἐστίν’
1813 4528 1974 4597 Ἐγὼ,

2087 4532 2227 4600 quit,
2262 4530 2398 4583 sicut
2449 4528 2587 4583 oliva
2638 4527 2919 4597 fructifera
2969 4528 3025 4580 in
3090 4526 3244 4579 domo
3301 4524 3486 4578 Dei“.
3523 4522 3656 4577 Nam

404 4627 602 4696 φησιν,
647 4625 791 4680 ὡσεὶ
841 4625 1017 4679 ἐλαία
1062 4622 1443 4691 κατάκαρπος
1469 4622 1539 4675 ἐν
1581 4620 1663 4685 τῷ
1696 4620 1839 4690 οἴκῳ
1870 4619 1978 4672 τοῦ

406 4715 574 4769 Θεοῦ.
622 4712 683 4768 Ἡ
715 4714 822 4786 γὰρ
849 4713 1014 4769 αὑτοῦ
1045 4711 1363 4767 διδασκαλία
1387 4709 1529 4765 κατὰ
1559 4709 1813 4780 διάφορον
1858 4709 1979 4779 σχέ-

404 4824 487 4862 σιν
512 4804 653 4871 οἶνός
683 4826 743 4862 τε
775 4809 872 4863 καὶ
901 4806 1076 4861 ἔλαιόν
1103 4809 1218 4860 ἐστι
1242 4805 1336 4859 καὶ
1370 4804 1553 4876 ἄρτος.

2089 4623 2211 4692 ejus
2241 4621 2490 4676 doctrina
2519 4606 2823 4675 secundum
2853 4620 3127 4674 diversam
3170 4617 3455 4680 rationem,
3486 4622 3541 4669 et
3575 4613 3650 4667 vi-

2084 4730 2217 4769 num
2245 4723 2301 4769 et
2337 4714 2516 4769 oleum
2542 4722 2597 4769 et
2632 4713 2791 4784 panis
2817 4719 2925 4768 est.

472 4902 956 4972 Χορτασθήσεται
984 4901 1058 4955 τὰ
1090 4900 1249 4965 ξύλα
1279 4898 1387 4954 τοῦ
1418 4897 1648 4960 πεδίου,
1686 4899 1745 4950 αἱ
1779 4894 1974 4965 κέδροι

2156 4892 2324 4949 Vens.
2360 4892 2546 4950 16-18.
2579 4889 2977 4948 Saturabuntttr
3012 4890 3156 4959 ligna
3178 4888 3371 4956 campi,
3397 4886 3539 4940 cedri
3568 4883 3657 4938 ιι.

404 5000 511 5053 τοῦ
536 4996 793 5052 Λιόἀνου
820 4993 893 5061 ἀς
915 4994 1257 5063 ἐφύτευσας
1273 5009 1288 5023 ο
1319 4990 1448 5046 ἐκεῖ
1463 4990 1749 5059 στρουθία
1767 4990 1974 5044 ἐννοσ-

2087 4984 2233 5050 bani,
2256 5002 2387 5055 quas
2417 4985 2696 5054 plantosti,
2728 4982 2839 5036 illic
2865 4997 3102 5050 passeres
3133 4976 3499 5048 nidiﬁcabunt.
3520 4975 3650 5029 Ero-

403 5093 722 5145 σεύσουσι.
762 5087 872 5142 Τοῦ
902 5084 1148 5154 ἐρωδιοῦ
1196 5085 1237 5154 ἡ
1287 5084 1446 5138 οὶκία
1476 5083 1703 5154 ἡγεῖται
1750 5082 1974 5138 αὐτῶν·

2089 5077 2166 5130 dii
2190 5077 2384 5130 damus
2432 5076 2542 5128 duo;
2587 5083 2664 5129 est
2713 5088 2895 5128 eorum
2925 5090 2943 5126 :
2976 5081 3174 5125 montes
3226 5068 3418 5123 excelsi
3470 5068 3655 5133 cervis,

409 5184 515 5255 ὄρη
541 5183 613 5238 τὰ
643 5180 855 5252 ὑψηλὰ
878 5180 1007 5246 ταῖς
1026 5178 1293 5248 ἐλάφοις,
1317 5177 1503 5245 πέτρα
1521 5174 1833 5245 καταφυγὴ
1855 5173 1974 5240 τοῖς

2086 5178 2236 5240 petra
2280 5169 2541 5239 refugium
2583 5166 2887 5223 herinaciis.
2947 5163 3274 5220 Hebraicum
3303 5160 3582 5230 exemplar
3602 5165 3659 5213 et

410 5250 904 5348 χοιρογρνλλίοις.
956 5272 1015 5326 Ὃ
1056 5270 1304 5342 Ἐϐραῖος
1362 5269 1456 5323 καὶ
1504 5270 1553 5322 οἱ
1595 5267 1792 5334 λοιποὶ,
1827 5266 1974 5331 ξύλα

2086 5262 2284 5331 reliqui
2349 5261 2703 5330 interpretes,
2768 5258 2915 5328 tigna
2971 5255 3211 5319 Domini,
3252 5253 3474 5307 habent.
3518 5250 3657 5306 Cum

410 5343 516 5424 τού
568 5343 824 5436 ιξυρίου,
874 5364 1171 5418 τεθείκασι.
1218 5359 1513 5436 Διεξελθὼν
1563 5358 1632 5412 τὰ
1685 5358 1974 5429 κάρπιμα,

2082 5354 2374 5410 fructifera
2429 5353 2829 5418 recensuisset,
2881 5351 3192 5405 necessario
3260 5346 3425 5401 etiam
3477 5343 3658 5399 fructu

412 5430 723 5528 ἀναγκαίως
756 5455 1079 5528 μνημονεύει
1128 5454 1221 5507 καὶ
1249 5430 1669 5525 θεῶν’ἀκάρπων,
1701 5451 1775 5515 ὡς
1820 5450 1974 5518 ἀναγ-

2084 5450 2327 5503 carentia
2360 5455 2646 5512 memorat,
2680 5453 2868 5516 utpote
2894 5459 3013 5514 qua:
3050 5440 3363 5496 hominibus
3392 5438 3459 5494 ad
3494 5452 3657 5494 usum

414 5551 574 5605 καίαν
624 5549 932 5620 ἀνθρώποις
984 5546 1078 5600 καὶ
1131 5545 1310 5599 αὐτῶν
1366 5544 1712 5616 παρεχόντων
1773 5542 1974 5613 χρείαν.

2087 5541 2403 5595 necessaria
2432 5540 2561 5594 sint.
2593 5538 2827 5607 Ideoque
2866 5538 2983 5607 ipsa
3040 5533 3255 5590 Domini
3296 5530 3655 5602 nuncupavit.

414 5646 512 5701 Διά
537 5643 693 5697 τοῦτο
721 5644 813 5695 καὶ
840 5639 1043 5712 Κυρίου
1086 5638 1225 5693 αὐτὰ
1256 5638 1710 5711 προσηγόρευσεν,
1734 5635 1809 5698 ὡς
1832 5635 1974 5687 αύτο-

2092 5640 2151 5688 ιιι
2185 5640 2379 5703 sponte
2401 5632 2708 5698 nascentia,
2734 5646 2911 5701 neque
2951 5645 3115 5685 manu
3141 5627 3323 5695 culta;
3349 5625 3444 5683 sed
3469 5624 3655 5683 divino

482 5802 529 5835 ⁸³
558 5798 700 5856 Psal.
732 5815 866 5868 χιιι,
899 5799 1012 5855 5-7.
1089 5800 1133 5832 ⁸ο
1173 5795 1327 5885 Joan.
1367 5811 1452 5863 xv,
1490 5797 1539 5851 1.
1618 5794 1659 5827 “
1699 5792 1843 5849 Psal.
1881 5807 1956 5859 LI,
1991 5792 2077 5848 10.
