3992 6404
477 374 630 432 4279

487 575 730 637 Pulchre
788 575 1081 631 cedrorum
1139 577 1534 647 plantationem
1600 577 1712 633 Deo
1782 578 2063 648 ascripsit,

490 669 621 741 quia
646 669 765 724 sine
792 668 903 723 ulla
964 668 1207 723 humana
1252 685 1386 725 cura
1431 670 1489 725 in
1524 678 1730 726 tantam
1785 671 2071 727 celsitudi-

488 777 615 817 nem
647 768 1033 816 excreverunt.
1078 760 1199 817 Non
1246 762 1394 817 enim
1445 763 1711 833 lignarius
1742 762 1940 834 aliquis
1976 776 2071 818 ea-

488 867 613 907 rum
643 852 825 906 cultor
858 850 1000 916 fuit;
1026 852 1123 907 sed
1148 852 1395 907 divinum
1421 854 1647 908 verbum
1679 854 1947 909 mentium
1977 867 2070 908 ca-

490 944 711 998 cumina
742 943 830 999 bis
860 958 1032 1014 opaca
1066 943 1215 999 fecit.
1254 943 1409 1011 Quod
1462 944 1509 1000 si
1555 944 1674 1015 ipse
1716 945 2066 1015 plantaverit,

488 1051 621 1092 sane
648 1036 812 1092 utiles
845 1044 1015 1092 sunt:
1054 1036 1261 1107 Optima
1310 1037 1512 1117 quippe
1555 1044 1686 1093 sunt
1731 1051 2068 1107 quaecunque

490 1127 636 1184 Deus
657 1126 855 1183 effecit.
879 1127 1016 1183 Cum
1036 1143 1199 1198 porro
1215 1127 1411 1183 Libani
1436 1138 1699 1200 tanquam
1721 1128 2067 1184 celeberrimi

488 1222 824 1277 mentionem
888 1222 1037 1288 fecit,
1095 1238 1311 1279 necnon
1377 1224 1668 1279 cedrorum
1728 1223 1872 1293 ejus,
1929 1222 2067 1279 alios

486 1314 651 1368 etiam
677 1324 891 1370 montes
921 1323 975 1369 et
1005 1316 1230 1371 arbores
1266 1316 1351 1372 his
1385 1317 1737 1386 signiﬁcavit.
1776 1314 1904 1370 Illic
1939 1331 2065 1383 pas-

486 1421 625 1459 seres
671 1405 1041 1475 nidiﬁcabunt.
1086 1406 1278 1461 Erodii
1334 1408 1520 1464 domus
1564 1410 1675 1464 dux
1739 1419 1819 1465 est
1860 1427 2061 1465 eorum.
2102 1464 2111 1471 ,

484 1495 682 1566 Aquila
729 1500 808 1553 sic
846 1499 1013 1554 habet
1053 1516 1065 1553 :
1102 1499 1225 1554 Illic
1286 1518 1402 1556 aves
1457 1502 1829 1572 nidiﬁcabunt.
1865 1502 2066 1557 Erodio

487 1588 682 1645 abietes
712 1589 898 1645 domus
936 1594 1058 1660 ipsi.
1105 1592 1242 1648 Nam
1300 1594 1383 1649 ha:
1434 1595 1566 1666 ipsm
1619 1595 1846 1651 arbores
1898 1596 2066 1650 alium

484 1680 709 1746 quidem
755 1683 1092 1752 hominibus,
1125 1686 1291 1741 alium
1323 1703 1454 1743 vero
1489 1688 1682 1744 avibus
1723 1704 1885 1747 usum
1928 1704 2067 1759 pra:-

484 1768 637 1825 bent.

557 1945 726 2005 Vsns.
777 1950 866 2007 19.
906 1950 1057 2007 Fecit
1092 1954 1273 2008 lunam
1302 1956 1357 2009 in
1379 1944 1615 2027 tempora
1647 1977 1664 2014 :
1699 1961 1781 2015 sol
1825 1964 2058 2032 cognovit

486 2054 730 2093 occasum
760 2060 935 2096 suum.
964 2045 1101 2100 Cum
1162 2055 1378 2105 terrena
1435 2052 1618 2105 omnia
1664 2056 2060 2121 recensuisset,

480 2128 949 2205 invisibiliumque
978 2145 1297 2195 naturarum
1346 2143 1676 2197 creationem
1699 2145 2060 2213 exhibuisset,

483 2222 751 2277 caelorum
785 2225 915 2281 item
947 2229 1226 2298 opificium
1270 2232 1699 2302 subindicasset,
1726 2252 1874 2293 nunc
1899 2238 2064 2292 lumi-

481 2314 702 2370 narium
733 2318 1066 2374 mentionem
1097 2320 1249 2387 facit,
1281 2338 1402 2393 quae
1447 2334 1644 2395 quarto
1696 2320 1790 2383 'die
1837 2329 2062 2385 condita

481 2411 633 2459 sunt.
665 2404 779 2463 Nec
811 2408 932 2465 sine
961 2411 1195 2467 consilio
1236 2414 1475 2469 arbitror
1513 2432 1579 2472 ea
1629 2433 1750 2488 qua:
1806 2421 2061 2491 superius

479 2497 847 2565 prmtermissa
867 2498 1214 2566 videbantur,
1250 2504 1471 2573 quando
1506 2504 1574 2561 de
1604 2507 1771 2564 rebus
1820 2510 2061 2566 cmlesti-

476 2584 607 2652 bus,
639 2587 707 2643 de
739 2590 979 2646 nubibus
1004 2600 1058 2648 et
1082 2594 1259 2650 ventis
1277 2596 1440 2651 verba
1460 2596 1683 2666 fecerat,
1705 2616 1852 2656 nunc
1878 2618 2061 2658 sermo

480 2679 747 2745 resumit,
805 2696 870 2737 ea
916 2692 1042 2754 post
1096 2693 1178 2741 tot
1225 2686 1333 2741 alia
1375 2690 1649 2745 recensita
1716 2707 2058 2764 memorans;

478 2783 669 2824 verum
691 2780 751 2826 ut
770 2772 964 2830 doceat
1005 2777 1119 2831 haec
1146 2794 1365 2851 quoque
1398 2782 1466 2836 ad
1499 2782 1794 2838 utilitatem
1837 2787 2058 2841 condita

478 2856 674 2916 fuisse.
702 2860 955 2918 Forsitan
1011 2867 1157 2921 enim
1184 2870 1229 2923 si
1270 2870 1382 2925 haec
1424 2870 1603 2940 primo
1654 2874 1776 2929 loco
1817 2890 2058 2931 comme-

478 2962 772 3021 morasset,
804 2957 1026 3012 occasio
1055 2961 1306 3029 quaedam
1368 2965 1562 3020 relicta
1612 2966 1680 3022 iis
1710 2966 1927 3031 fuisset,
1962 2968 2057 3038 qui

478 3042 640 3113 quasi
672 3044 858 3102 divina
887 3056 941 3103 et
969 3056 1227 3120 tanquam
1260 3068 1481 3113 causam
1518 3058 1896 3127 productionis
1938 3059 2059 3113 ani-

1154 375 1427 433 EUSEBU
1461 375 1939 433 CIESARIENSIS
1974 374 2125 432 OPP.
2166 373 2345 430 PARS
2373 373 2457 429 ill.
2482 405 2552 416 -—
2590 371 2999 429 EXEGETICA.

488 487 660 541 verbo
710 484 1097 557 germinautia.
1158 480 1317 541 ϐδάνὶ
1370 485 1564 542 Libani
1592 505 1724 558 quas
1784 487 2059 557 plantasti.

2169 486 2279 555 φυᾶ
2307 484 2401 539 καὶ
2426 484 2486 537 οὐ
2518 484 2876 555 χειρόκμητα,
2906 483 3043 538 ἀλλά
3081 482 3157 555 τῷ
3187 483 3314 556 θείῳ
3343 486 3488 559 λόγῳ
3514 488 3783 561 βλαστή-

2171 594 2357 632 σαντα.
2389 579 2458 631 Αἱ
2486 575 2684 645 κέδροι
2722 577 2827 631 τοῦ
2860 577 3120 631 Λιϐάνου
3146 577 3221 645 ἀς
3250 578 3619 648 ἐφύτευσας.
3653 583 3784 636 Κα-

2168 668 2275 734 λῶς
2309 668 2388 739 τῷ
2425 668 2544 741 Θεῷ
2589 669 2938 741 προσέγραψε
2983 669 3091 723 τῶν
3125 669 3329 741 κέδρων
3360 671 3459 743 τὴν
3486 673 3739 739 φυτείαν
3760 692 3774 705 -

2167 761 2247 814 ὅτι
2273 761 2429 824 ἐκτὸς
2458 760 2801 833 ἀνθρωπίνης
2826 762 3141 834 ἐπιμελείας
3187 762 3278 816 ἐπὶ
3305 765 3558 819 τοσοῦτον
3586 764 3777 837 ηὐξή-

2168 852 2358 923 θησαν.
2389 854 2464 907 Οὐ
2492 854 2602 925 γὰρ
2628 855 2929 926 ἀλσοκόμος
2953 873 3039 919 τις
3065 854 3272 911 τούτων
3294 856 3485 926 γέγονε
3513 876 3775 931 φυτουρ-

2168 944 2292 1012 γός·
2322 944 2435 999 ἀλλ’
2460 947 2488 998 6
2520 944 2661 1010 θεῖος
2708 947 2898 1015 Λόγος,
2941 947 3273 1019 ἀμφιλαφεῖς
3308 949 3406 1013 τὰς
3451 950 3565 1004 τῶν
3617 952 3773 1023 ὀρῶν

2169 1038 2461 1108 εἰργάσατο
2506 1040 2771 1111 κορυφάς.
2821 1041 2885 1093 Εἰ
2915 1040 2975 1093 δὲ
3005 1041 3167 1104 αὐτὸς
3211 1042 3493 1112 ὲφύτευσε,
3531 1044 3774 1108 πάντως

2166 1129 2248 1183 ὅτι
2283 1132 2560 1202 χρήσιμα·
2597 1132 2774 1186 πάντα
2811 1132 2921 1205 γὰρ
2952 1135 3053 1187 ὅσα
3087 1134 3341 1205 ἐποίησεν
3370 1138 3397 1189 6
3425 1135 3581 1201 Θεὸς,
3620 1137 3771 1191 καλά

2167 1220 2306 1275 λίαν.
2340 1222 2446 1277 Τοῦ
2491 1223 2593 1295 μὲν
2634 1224 2866 1279 Λιϐάνου
2910 1226 2987 1289 ὡς
3029 1226 3303 1297 ἐπισήμου
3349 1228 3768 1300 μνημονεύσας,

2166 1313 2262 1366 καὶ
2289 1312 2397 1367 τῶν
2427 1314 2485 1367 ὲν
2526 1314 2675 1387 αὐτῷ
2704 1317 2933 1388 κέδρων,
2967 1318 3062 1371 καὶ
3090 1318 3159 1372 τὰ
3187 1318 3321 1371 ἄλλα
3348 1319 3450 1391 ὅρη
3496 1321 3597 1373 καὶ
3641 1321 3765 1373 δέν-

2167 1405 2271 1475 δρα
2314 1406 2402 1459 διά
2450 1407 2654 1463 τούτων
2698 1409 2985 1481 ἐδήλωσεν.
3024 1411 3191 1465 Ἐκεῖ
3212 1414 3499 1480 στρουθιά
3530 1415 3765 1467 ἐννοσ-

2166 1499 2485 1553 σεύσουσι.
2514 1501 2625 1556 Τοῦ
2650 1501 2893 1570 ἐρωδιοῦ
2923 1503 2959 1570 ἠ
2993 1504 3151 1557 οἰκία
3180 1503 3404 1574 ἡγεῖται
3433 1505 3666 1561 αὐτῶν.
3707 1508 3765 1559 '0

2180 1590 2409 1656 Ἀκύλας
2437 1591 2607 1658 οὕτως
2644 1594 2792 1665 ἔχει·
2848 1596 3011 1649 Ἐκεῖ
3048 1596 3225 1666 ὄρνεα
3263 1600 3757 1653 τὀσσεύσουσιν.

2179 1682 2430 1750 Ἑρωδιῷ
2464 1682 2671 1738 ἐλάται
2701 1681 2865 1752 οἶκος
2897 1685 3076 1751 αὐτῷ.
3110 1688 3188 1740 Τὰ
3220 1688 3328 1760 γὰρ
3377 1689 3515 1742 αὐτά
3558 1689 3762 1761 δένδρα

2167 1774 2333 1845 ἄλλην
2384 1775 2485 1846 μὲν
2525 1774 2835 1848 ἀνθρώποις
2874 1778 3084 1849 χρείαν,
3115 1778 3280 1850 ἄλλην
3308 1779 3365 1832 δὲ
3404 1782 3515 1844 τοῖς
3540 1780 3760 1852 ὀρνέοις

2168 1866 2414 1938 παρέχει.
2860 1883 2868 1890 “

2249 1960 2531 2031 Ἐποίησε
2560 1962 2836 2031 σελήνην
2870 1966 2959 2031 εἰς
3001 1966 3265 2034 καιρούς-ο
3313 1968 3347 2019 ό
3382 1965 3554 2035 ἥλιος
3599 1968 3756 2038 ἔγνω

2163 2052 2279 2121 τὴν
2308 2052 2489 2109 δύσιν
2517 2054 2725 2110 αὐτοῦ.
2755 2056 2835 2110 Τὰ
2878 2057 3017 2111 κατά
3055 2059 3158 2128 γῆν
3188 2057 3404 2112 ἅπαντα
3438 2058 3752 2127 διεξελθὼν,

2164 2146 2258 2198 καὶ
2298 2145 2405 2200 τῶν
2450 2147 2700 2217 ἀοράτων
2738 2148 2953 2217 φύσεων
2992 2151 3093 2221 τὴν
3128 2150 3491 2223 δημιουργίαν
3532 2151 3749 2216 δείξας,

2163 2238 2258 2291 καὶ
2282 2235 2390 2290 τῶν
2415 2237 2658 2308 οὐρανῶν
2684 2238 2971 2306 ὑποδείξας
2998 2240 3097 2311 τὴν
3123 2240 3361 2310 ποίησιν,
3394 2240 3488 2294 νῦν
3515 2242 3617 2295 καὶ
3647 2242 3753 2295 τῶν

2163 2332 2467 2402 φωστήρων
2500 2333 2735 2386 ποιεῖται
2760 2333 2860 2405 τὴν
2894 2334 3135 2405 μνήμην,
3164 2333 3213 2387 οἳ
3250 2333 3393 2387 κατὰ
3416 2334 3515 2405 τὴν
3549 2335 3752 2407 τετάρ-

2162 2440 2260 2495 την
2286 2422 2498 2495 ἡμέραν
2532 2422 2798 2492 ὲγένοντο.
2830 2423 2946 2479 Οὐκ
2972 2426 3230 2490 ἀσκόπως
3251 2425 3327 2491 δὲ,
3361 2420 3515 2497 οἶμαι
3557 2427 3635 2481 τά
3669 2426 3752 2480 δό-

2164 2514 2328 2579 ξαντα
2356 2517 2413 2569 ὲν
2445 2518 2556 2579 τοῖς
2588 2516 2700 2571 ἄνω
2744 2516 3191 2588 παραλελεῖφθαι,
3224 2519 3313 2572 ὅτε
3340 2518 3411 2572 τὰ
3434 2522 3553 2573 κατ’
3582 2520 3750 2591 οὐρα-

2162 2605 2252 2658 νδν
2280 2605 2374 2658 καὶ
2423 2604 2490 2658 τὰ
2529 2606 2658 2677 περὶ
2697 2607 2873 2678 νεφῶν
2918 2607 3012 2661 καὶ
3046 2608 3277 2680 ἀνέμων.
3307 2608 3548 2678 ἐλέγετο,
3590 2609 3690 2664 νῦν
3719 2610 3746 2662 6

2159 2695 2318 2765 λόγος
2376 2698 2817 2770 ὲπαναλαμϐάνει
2842 2740 2857 2765 ,
2905 2698 3042 2771 μετά
3088 2700 3322 2754 τοσαῦτα
3366 2700 3745 2773 μνημονεύσας

2160 2788 2359 2854 αὐτῶν,
2400 2788 2517 2842 ἀλλ’
2548 2789 2691 2862 ὑπὲρ
2722 2790 2814 2844 τοῦ
2852 2790 3085 2858 διδάξαι,
3116 2793 3197 2847 ὅτι
3230 2793 3326 2848 καὶ
3358 2793 3535 2848 ταῦτα
3560 2795 3745 2867 χρείας

2159 2876 2343 2932 ἕνεκεν
2369 2880 2598 2950 ὑπέστη.
2629 2881 2781 2951 Τάχα
2808 2881 2936 2953 γὰρ,
2968 2885 3017 2936 εἰ
3051 2883 3265 2955 πρῶτον
3297 2886 3478 2940 αὐτῶν
3498 2886 3745 2957 ἐμνημὸ-

2159 2986 2364 3036 νευσεν,
2379 2972 2598 3043 ἀφορμή
2622 2990 2707 3036 τις
2734 2974 3087 3029 κατελείπετο
3100 2979 3213 3040 τοῖς
3237 2976 3313 3041 ὡς
3338 2976 3458 3031 θεῖα
3480 2977 3592 3031 δεῖν
3608 2976 3741 3031 αὐτά

2162 3066 2338 3121 σέϐειν
2382 3069 2737 3139 ἡγουμένοις,
2779 3070 2873 3123 καὶ
2916 3071 2994 3136 ὡς
3044 3072 3192 3125 αἴτια
3237 3066 3337 3144 τῆς
3369 3072 3477 3127 τῶν
3506 3075 3601 3127 ἐπὶ
3641 3072 3741 3143 γῆς

479 3133 706 3189 malium
771 3146 824 3192 et
889 3139 1168 3196 fructuum
1214 3150 1396 3210 terrae,
1456 3148 1577 3217 ipsa
1645 3148 1873 3204 colenda
1935 3165 2057 3206 esse

483 3221 752 3246 .l.-_-____a
805 3227 908 3246 II,,
1338 3238 1410 3246 ....
1520 3239 1531 3246 .
1686 3240 1696 3246 .
1926 3242 1938 3246 _
2043 3244 2051 3246 _

2161 3157 2313 3222 ζώων
2350 3176 2411 3212 τε
2455 3161 2550 3213 καὶ
2583 3161 2811 3232 καρπῶν
2845 3164 3173 3227 συστάσεως.
3212 3166 3384 3219 Τοῦτο
3414 3166 3546 3236 γοῦν
3570 3168 3620 3219 οἱ
3646 3167 3738 3235 τῆς

478 3221 774 3283 duxerunt.
801 3227 917 3285 Hoc
960 3246 1154 3305 nempe
1176 3250 1300 3293 cum
1336 3238 1414 3293 illi
1441 3239 1534 3310 qui
1567 3255 1599 3294 a
1645 3240 1847 3311 pietate
1891 3242 2057 3299 alieni

2161 3221 2443 3316 εὐσεϐείας
2463 3221 2731 3324 ἀλλότριοι
2757 3255 3079 3325 νομίσαντες
3101 3221 3437 3329 ὡρμήθησαν
3463 3221 3642 3311 σέϐειν

477 3323 637 3370 erant
682 3319 1099 3394 existimarent;
1132 3328 1373 3383 animum
1406 3332 1735 3403 appulerunt
1772 3342 1831 3389 ut
1884 3335 2057 3391 solem

477 3410 535 3457 et
571 3405 778 3475 lunam,
808 3418 1068 3482 tanquam
1102 3415 1235 3473 deos
1293 3422 1688 3489 generationis,
1726 3424 1972 3481 alimenti
2003 3433 2058 3481 et

479 3496 802 3556 incrementi
845 3508 1019 3561 nostri
1054 3518 1330 3579 auctores,
1370 3514 1632 3570 colerent.
1673 3515 1778 3572 Sed
1839 3518 2058 3574 divinus

478 3606 660 3648 sermo
688 3594 742 3650 id
774 3599 997 3656 minime
1028 3605 1225 3672 probat
1259 3624 1272 3659 :
1307 3606 1589 3663 enimvero
1619 3609 1868 3674 afﬁrmat,
1891 3612 2056 3666 etiam

478 3683 615 3740 citra
643 3686 853 3753 isthzec,
881 3692 1249 3750 universalem
1297 3697 1446 3752 illam
1490 3698 1587 3756 Dei
1626 3689 2056 3772 providentiam,

477 3790 589 3831 non
616 3778 795 3834 solum
822 3798 944 3852 qua:
974 3785 1030 3839 in
1065 3787 1241 3853 caelis,
1275 3789 1372 3845 sed
1402 3791 1571 3846 etiam
1609 3809 1733 3863 quze
1789 3796 1845 3849 iu
1888 3804 2054 3863 terra,

477 3868 736 3925 animalia
764 3888 960 3945 nempe
976 3877 1320 3951 plantasque,
1354 3883 1707 3951 produxisse.
1756 3884 1884 3941 Ilaec
1927 3888 2057 3943 item

476 3956 695 4031 Moyses
716 3970 777 4017 ut
796 3965 1038 4033 doceret,
1056 3971 1234 4039 primo
1261 3975 1575 4044 plantarum
1598 3980 1941 4035 terrestrium
1966 3996 2058 4035 or-

475 4056 617 4117 tum,
635 4052 831 4110 deinde
846 4056 1194 4115 luminarium
1215 4064 1631 4133 productionem
1648 4068 1882 4125 induxit.
1900 4068 2057 4127 Nunc

477 4141 607 4196 item
637 4143 807 4202 David
829 4147 1010 4205 denuo
1029 4156 1267 4210 recurrit
1285 4155 1352 4211 ad
1375 4158 1684 4215 caelestium
1704 4160 1851 4215 illam
1873 4164 2057 4232 provi-

476 4234 743 4309 dentiam,
776 4256 841 4298 ac
866 4246 1017 4300 nulla
1066 4249 1174 4302 alia
1229 4250 1297 4305 de
1338 4266 1508 4308 causa
1555 4255 1835 4310 conditam
1867 4257 2055 4313 lunam

477 4327 650 4387 fuisse
675 4333 949 4405 ait,quam
970 4337 1039 4393 ad
1060 4344 1529 4400 enumerationem
1555 4354 1610 4401 et
1628 4347 1879 4402 notitiam
1902 4365 2055 4404 men-

477 4423 622 4479 sium
645 4434 700 4480 et
716 4424 928 4480 dierum
947 4443 960 4479 :
978 4444 1102 4484 nam
1120 4432 1274 4500 illud,
1294 4436 1346 4488 in
1363 4443 1614 4505 tempora,
1631 4437 1702 4492 idi
1710 4454 1865 4509 psum
1883 4440 2055 4513 signi-

2161 3343 2316 3409 θεοὺς
2345 3344 2492 3416 ἣλιον
2520 3347 2614 3400 καὶ
2659 3347 2910 3419 σελήνην,
2941 3348 3018 3413 ῶς
3044 3349 3108 3403 ἂν
3155 3351 3254 3421 τῆς
3288 3352 3563 3424 ἡμετέρας
3592 3353 3735 3420 γενέ-

2162 3435 2300 3500 σεώς
2344 3454 2405 3489 τε
2456 3439 2550 3491 καὶ
2593 3439 2799 3510 τροφῆς
2847 3442 2940 3495 καὶ
2983 3440 3261 3513 αὐξήσεως
3306 3442 3531 3507 αἰτίους.
3602 3444 3732 3496 Ἀλλ’

2159 3526 2395 3585 οὐκέτιὸ
2422 3527 2565 3592 θεῖος
2602 3530 2759 3599 λόγος
2794 3532 2952 3586 τοῦτο
2993 3534 3343 3608 παρίστησιν,
3376 3535 3489 3589 ἀλλ’
3527 3538 3611 3591 ὅτι
3647 3536 3734 3589 καὶ

2159 3616 2362 3672 τούτων
2418 3621 2573 3685 ἐκτὸς
2600 3624 2631 3692 ή
2663 3622 2893 3677 καθόλου
2930 3625 3153 3697 πρόνοια
3185 3626 3279 3680 τοῦ
3315 3628 3450 3681 Θεοῦ
3492 3631 3552 3683 οὐ
3584 3631 3732 3700 μόνον

2157 3705 2228 3760 τὰ
2268 3711 2385 3763 κατ’
2430 3713 2677 3783 οὐρανὸν,
2722 3714 2859 3768 ἀλλὰ
2900 3718 2993 3770 καὶ
3021 3717 3091 3771 τὰ
3116 3720 3209 3771 ἐπὶ
3233 3720 3337 3789 γῆς
3375 3723 3732 3794 συνεστήσατο

2159 3800 2275 3866 ζῶα
2296 3820 2355 3857 τε
2377 3806 2469 3858 καὶ
2488 3807 2647 3874 φυτά.
2668 3808 2840 3863 Τοῦτο
2864 3812 2957 3863 καί¹
2980 3812 3183 3881 Μωσῆς
3206 3812 3413 3879 διδάξαι
3437 3814 3728 3885 βουληθεὶς,

2158 3892 2377 3964 πρῶτον
2413 3898 2677 3969 εἰσήγαγε
2710 3902 2811 3972 τὴν
2845 3901 2954 3955 τῶν
2999 3901 3107 3954 ἀπὸ
3142 3903 3246 3973 γῆς
3287 3905 3471 3973 φυτῶν
3503 3908 3728 3974 γένεσιν,

2158 3984 2257 4040 εἶθ’
2283 3990 2453 4055 οὕτως
2479 3991 2577 4063 τὴν
2602 3992 2719 4047 τῶν
2739 3995 3041 4065 φωστήρων
3069 3993 3345 4050 σύστασιν.
3390 3998 3501 4052 Καὶ
3544 4000 3640 4053 νῦν
3680 3999 3731 4052 δὲ

2154 4084 2184 4135 6
2205 4082 2367 4135 Δαυῖδ
2393 4084 2680 4155 ἀνατρέχει
2703 4085 2864 4139 πάλιν
2884 4087 2976 4139 ἐπὶ
2997 4086 3096 4157 τὴν
3117 4087 3174 4141 ὲν
3196 4088 3443 4160 οὐρανοῖς
3464 4094 3729 4163 πρόνοιαν,

2153 4174 2221 4227 δι’
2263 4173 2415 4227 οὐδὲν
2460 4175 2647 4247 ἕτερον
2691 4177 2792 4248 τὴν
2836 4179 3066 4252 σελήνην
3117 4183 3445 4255 γεγενῆσθαι
3470 4185 3728 4257 λέγων,ἦ

2154 4266 2293 4339 πρὸς
2321 4267 2552 4338 ἀριθμὸν
2594 4270 2687 4323 καὶ
2730 4270 3019 4339 διάγνωσιν
3065 4274 3252 4345 μηνῶν
3275 4294 3335 4329 τε
3362 4281 3455 4331 καὶ
3482 4278 3727 4350 ἡμερῶν·

2154 4356 2216 4410 τὸ
2251 4356 2487 4429 γάρ,είς
2509 4360 2778 4428 καιροὺς,
2809 4362 2968 4417 τοῦτο
3001 4364 3185 4436 δηλοῖ·
3228 4368 3525 4434 τουτέστιν,
3554 4371 3636 4433 εἰς
3675 4368 3730 4420 τὸ

2154 4445 2531 4515 διαγινώσκειν
2555 4449 2642 4504 διὰ
2664 4452 2774 4505 τῶν
2796 4455 2854 4507 ὲν
2876 4455 3012 4527 αὐτῇ
3035 4457 3251 4528 τροπῶν
3276 4457 3375 4522 τὰς
3400 4460 3508 4512 τῶν
3532 4460 3729 4531 καιρῶν

478 4516 641 4584 ficat;
674 4517 727 4572 id
759 4526 864 4586 est,
899 4526 1431 4583 utconversionibus
1454 4528 1574 4597 ejus
1610 4539 1916 4600 temporum
1940 4549 2055 4587 mu-

2161 4538 2481 4607 μεταϐολὰς,
2514 4542 2595 4606 εἰς
2619 4543 2681 4596 τὸ
2726 4545 2902 4616 μῆνας
2928 4516 3181 4619 ἀριθμεῖν
3211 4550 3305 4603 καὶ
3337 4516 3642 4615 ἐνιαυτούς..
3670 4552 3729 4603 Ai

475 4608 717 4685 tationes
758 4609 1183 4682 dignoscantur,
1229 4631 1295 4671 ac
1338 4634 1555 4675 menses
1596 4632 1956 4678 numerentur
1998 4631 2055 4680 et

476 4699 787 4757 anni.Nam
836 4706 981 4761 lunae
1028 4709 1362 4767 variationes
1389 4711 1444 4767 id
1483 4722 1767 4783 praestant,
1800 4724 1859 4771 ut
1882 4719 2056 4788 possit

474 4799 693 4865 tempus
746 4801 1305 4861 numerarizmensis
1354 4806 1554 4877 quippe
1594 4824 1911 4866 mensuram
1960 4813 2054 4868 illa

474 4884 817 4945 incremento
835 4891 1326 4968 imminutioncque
1359 4914 1461 4955 sua
1492 4899 1692 4970 efficit;
1724 4903 1799 4957 ita
1828 4912 1887 4959 ut
1910 4905 2053 4961 lunae

474 4981 682 5037 creatio
731 4983 796 5039 ad
856 4992 1163 5056 temporum
1216 4989 1523 5046 doctrinam
1555 4991 1698 5049 facta
1731 4996 1824 5051 sit.
1866 4995 2053 5067 Neque

474 5070 689 5127 modica
714 5073 843 5130 hinc
872 5078 1079 5134 utilitas
1107 5082 1309 5147 evenit,
1334 5083 1483 5153 quod
1524 5085 1733 5140 scilicet
1759 5095 2051 5160 tempesta-

472 5170 558 5220 tes
616 5165 1045 5237 dignoscantur,
1106 5180 1161 5229 et
1221 5176 1288 5230 ad
1331 5178 1515 5232 omnia
1576 5180 1875 5250 quemlibet
1931 5197 2049 5237 sese

474 5255 744 5315 adornare
800 5259 1033 5321 facultas
1074 5266 1165 5321 sit.
1212 5266 1269 5321 Si
1303 5269 1449 5324 enim
1480 5285 1587 5325 non
1629 5272 1701 5326 ita
1738 5288 1796 5328 se
1833 5288 1922 5329 res
1953 5274 2052 5327 ba-

472 5348 648 5418 beret,
679 5354 867 5410 omnia
888 5368 1113 5414 ruerent
1142 5359 1196 5414 in
1241 5361 1469 5416 exitium
1496 5381 1511 5430 ;
1542 5378 1666 5418 cum
1699 5381 1876 5436 neque
1907 5368 2051 5437 agri~

472 5443 610 5510 cola,
654 5461 833 5518 neque
878 5459 1067 5517 nauta,
1103 5456 1186 5509 vel
1239 5461 1440 5510 terram
1477 5458 1561 5512 vel
1611 5474 1761 5513 mare
1802 5459 2051 5514 sulcandi

475 5546 847 5605 opportunum
902 5550 1118 5617 tempus
1167 5549 1541 5606 internoscere
1600 5553 1860 5607 valerent.
1924 5553 2050 5609 llaec

475 5638 639 5693 porro
667 5639 972 5702 temporum
1008 5639 1221 5703 notitia,
1263 5656 1373 5695 non
1404 5642 1717 5698 hominibus
1745 5644 1928 5711 modo,
1954 5646 2050 5701 sed

474 5716 637 5771 etiam
670 5718 850 5777 brutis
892 5724 1087 5781 idonea
1131 5730 1531 5803 utilissimaque
1559 5742 1661 5789 est.
1706 5734 1779 5789 De
1816 5736 2051 5791 lumina-

471 5807 625 5866 ribus
669 5810 831 5868 etiam
887 5814 942 5871 in
980 5817 1175 5876 Genesi
1220 5822 1420 5880 dicitur
1448 5842 1458 5876 :
1489 5825 1607 5882 Sint
1644 5828 1695 5882 in
1720 5828 1869 5897 signa
1912 5840 1959 5884 et
1995 5832 2048 5885 in

2158 4631 2267 4703 γὰρ
2307 4633 2406 4703 τῆς
2444 4634 2673 4707 σελήνης
2718 4636 3032 4703 ἀλλοιώσεις
3059 4642 3375 4713 μετρεῖσθαι
3410 4643 3504 4697 τὸν
3548 4646 3730 4717 χρόνον

2156 4726 2632 4796 παρασκευάζουσι
2647 4746 2661 4758 ο
2688 4729 2783 4783 τοῦ
2804 4730 2913 4802 γὰρ
2937 4732 3105 4804 μηνὸς
3124 4734 3184 4787 τὸ
3206 4734 3405 4807 μέτρον
3429 4735 3567 4808 αῦτη
3592 4738 3732 4792 ποιεί

2154 4818 2213 4869 ὲν
2248 4818 2538 4884 τοσαύταις
2580 4821 2815 4894 ήμέραις
2860 4823 3169 4890 αὐξάνουσά
3206 4844 3269 4880 τε
3305 4829 3403 4883 καὶ
3436 4829 3690 4899 φθίνουσα
3711 4847 3724 4860 ’

2154 4906 2295 4961 ὥστε
2320 4910 2354 4979 ή
2392 4909 2493 4978 τῆς
2538 4910 2764 4982 σελήνης
2793 4911 3123 4983 δημιουργία
3152 4915 3240 4970 διὰ
3263 4917 3364 4988 τὴν
3390 4918 3499 4973 τῶν
3528 4921 3727 4994 καιρῶν

2152 4999 2500 5053 διδασκαλίαν
2528 5001 2768 5070 γέγονεν·
2799 5005 2911 5075 Οὐχ
2946 5006 2977 5075 ἡ
3013 5006 3249 5077 τυχοῦσα
3279 5009 3338 5062 δὲ
3368 5012 3527 5082 χρεία
3554 5012 3727 5066 ἐντεῦ-

2153 5093 2243 5146 θεν
2268 5093 2488 5148 ἀνύεται
2523 5096 2587 5148 ἐκ
2614 5096 2708 5149 τοῦ
2743 5101 2967 5168 καιροὺς
3009 5101 3208 5154 εἰδέναι
3254 5103 3349 5155 καὶ
3377 5106 3724 5175 παρασκευά-

2152 5184 2339 5249 ζεσθαι
2370 5186 2505 5258 πρὸς
2538 5187 2779 5243 ἅπαντα*
2820 5190 2918 5254 ὡς,
2948 5193 2997 5244 εί
3026 5195 3099 5264 μὴ
3141 5192 3298 5246 τοῦτο
3325 5190 3413 5265 ἦν,
3456 5196 3635 5251 πάντα
3666 5195 3733 5250 ἂν

2151 5277 2441 5344 ἀπολώλει,
2469 5279 2593 5333 οὐτε
2630 5282 2899 5353 γεωργοῦ,
2941 5281 3064 5336 οὐτε
3097 5284 3316 5350 ναύτου,
3350 5286 3445 5339 τοῦ
3498 5289 3598 5359 μὲν
3634 5290 3727 5361 τὴν

2151 5368 2253 5439 γῆν
2278 5368 2617 5439 ἀνατέμνειν,
2641 5370 2734 5423 τοῦ
2761 5371 2818 5425 δὲ
2839 5372 2938 5445 τήν
2962 5372 3239 5429 θάλασσαν
3259 5376 3459 5442 εἰδότος
3478 5380 3538 5433 ὲν
3559 5379 3726 5452 καιρῷ

2152 5456 2228 5527 τῷ
2263 5460 2609 5529 προσήκοντι.
2644 5460 2790 5533 Αὕτη
2828 5464 2860 5533 ή
2893 5466 2959 5518 ὲκ
2984 5466 3093 5520 τῶν
3122 5467 3333 5541 καιρῶν
3352 5470 3560 5525 τούτων
3592 5472 3723 5542 γνῶ·

2154 5568 2237 5615 σις
2264 5552 2364 5605 οὐκ
2392 5552 2701 5624 ἀνθρώποις
2734 5556 2913 5626 μόνον,
2940 5558 3076 5613 ἀλλὰ
3104 5562 3200 5617 καὶ
3218 5561 3432 5632 ἀλόγοις
3454 5566 3725 5636 ἐπιτηδεία

2152 5649 2249 5701 καὶ
2301 5650 2722 5721 χρησιμωτάτη.
2758 5651 2893 5722 Περὶ
2934 5652 3043 5706 τῶν
3085 5655 3389 5725 φωστήρων
3432 5657 3530 5710 καὶ
3567 5660 3625 5711 ἐν
3661 5660 3719 5727 τῇ

2151 5740 2363 5795 Γενέσει
2397 5742 2631 5813 είρηται’
2677 5742 2989 5797 Ἔστωσαν
3010 5745 3099 5809 εὶς
3125 5744 3348 5813 σημεῖα
3374 5746 3471 5798 καὶ
3494 5748 3582 5813 είς
3608 5762 3720 5799 και-

2142 5832 2313 5901 ροὺς,
2359 5833 2456 5887 καὶ
2498 5836 2585 5902 εὶς
2618 5836 2840 5906 ἡμέρας
2872 5836 2971 5891 καί
3007 5839 3095 5903 εἰς
3133 5838 3478 5904 ἐνιαυτούς·
3510 5840 3591 5901 εἰς
3630 5855 3715 5907 ση-

3622 376 3655 430 1
3668 376 3786 431 ’280
