3992 6404
314 364 447 420 1281

1363 361 1865 420 COMMENTARIA
1902 359 1968 415 IN
2006 358 2343 415 PSALMOS.

3407 354 3547 409 4282

313 480 439 547 μεῖα
472 477 569 547 μὶν
593 476 918 549 ἐπομϐρίας,
952 477 1197 548 αὐχμῶν,
1224 479 1548 549 πνευμάτων
1579 480 1873 550 κινήσεως·

1987 485 2235 543 tempora,
2268 473 2323 527 in
2358 471 2469 527 dies
2501 479 2549 526 et
2594 486 2760 527 annos
2805 471 2881 538 “;
2916 470 2973 523 in
3006 469 3163 540 signa
3184 468 3405 539 quidem
3450 468 3551 522 im—

310 570 389 630 εἰς
416 568 636 639 καιροὺς
669 568 745 633 δὲ,
779 568 877 631 τὰς
903 567 1011 621 τῶν
1034 568 1211 638 ἀέρων
1244 568 1561 636 ἐναλλαγὰς,
1589 566 1876 639 χειμῶνος,

309 658 487 730 ἐαρος,
524 658 733 730 θέρους,
784 658 1102 732 μετοπώρου
1127 678 1140 690 ·
1174 660 1241 724 ἃς
1272 660 1547 724 εὐτάκτως
1593 662 1738 731 ἡμᾶς
1784 677 1881 713 πε-

312 749 569 821 ριοδεύειν
595 750 657 803 τὸ
684 750 1012 821 τεταγμένον
1036 752 1135 823 τῆς
1154 752 1419 823 κινήσεως
1441 752 1548 807 τῶν
1576 754 1763 825 φωστή
1773 770 1879 825 ρων

310 840 573 911 παρέχει⁸
607 843 687 905 είς
716 841 926 913 ἡμέρας
956 842 1033 907 δὲ,
1082 844 1181 914 οὺχ
1227 842 1369 897 ὥστε
1415 844 1629 916 ἡμέρας
1672 847 1875 899 ποιεῖν·

307 932 490 1005 ἡμέρα
522 932 631 1004 γὰρ
674 935 770 987 καὶ
796 934 903 1005 ,νὺξ
938 933 1283 1009 πρεσϐύτερα
1307 936 1407 1007 τῆς
1436 937 1545 990 τῶν
1578 939 1881 1010 φωστὴρων

307 1021 604 1090 γενέσεωςο
653 1023 768 1077 ἀλλ’
815 1022 956 1077 ὥστε
1002 1024 1296 1098 κατάρχειν
1343 1026 1455 1081 τῶν
1499 1026 1723 1098 ἡμερῶν
1750 1045 1764 1059 ·
1801 1029 1880 1091 εἰς

308 1112 586 1175 ἐνιαυτοὺς
613 1111 688 1177 δὲ,
722 1112 805 1165 ὅτι
835 1113 1030 1185 σελήνη
1064 1112 1184 1185 μὲν,
1224 1114 1443 1169 ἐπειδάν
1470 1114 1765 1180 δωδεκάκις
1791 1117 1881 1171 τὸν

309 1204 507 1273 ἑαυτῆς
555 1203 812 1277 ἐκτελέσῃ
861 1205 1081 1277 δρόμον,
1122 1206 1367 1260 ἐνιαυτοῦ
1416 1208 1533 1261 ἐστι
1583 1210 1876 1281 ποιητική’

212 1365 218 1375 ο
308 1294 529 1365 ἡλιακὸς
559 1294 617 1348 δέ
657 1295 805 1349 ἐστιν
841 1295 1086 1361 ἐνιαυτὸς
1118 1298 1152 1369 ἡ
1190 1297 1299 1352 ἀπὸ
1330 1299 1423 1352 τοῦ
1458 1299 1619 1353 αὐτοῦ
1653 1301 1879 1371 σημείου

226 1374 255 1418 ὲ·
308 1386 401 1439 ἐπὶ⁵
428 1386 489 1439 τὸ
514 1386 643 1439 αὐτὸ
671 1391 893 1459 σημεῖον
918 1388 1012 1442 τοῦ
1041 1390 1192 1460 ἡλίου
1221 1390 1681 1455 ἀποκατάστασις.

392 1480 453 1532 '0
483 1478 655 1547 ἣλιος
672 1482 824 1552 ἔγνω
844 1481 957 1550 τὴν
984 1482 1164 1536 δύσιν
1188 1483 1397 1537 αὑτοῦ.
1427 1484 1600 1538 Ἕθου
1634 1486 1876 1552 σκότος,
1920 1480 1923 1483 ¹

310 1566 408 1619 καί
442 1567 676 1637 ἐγένετο
704 1570 819 1633 νύξ
840 1586 854 1600 ·
884 1570 954 1623 ἐν
975 1569 1130 1639 αὐτῇ
1154 1570 1566 1627 διελεύσονται
1591 1572 1788 1627 πάντα
1809 1573 1882 1629 τὰ

310 1658 485 1727 θηρία
516 1660 621 1714 τοῦ
669 1659 915 1729 δρυμοῦ.
940 1662 1201 1731 Σκύμνοι
1226 1661 1550 1734 ὠρυόμενοι
1592 1664 1877 1733 ἁρπάσαι,

310 1752 407 1805 καὶ
453 1751 700 1822 ζητῆσαι
754 1754 914 1822 παρὰ
973 1755 1079 1808 τοῦ
1134 1755 1284 1810 Θεοῦ
1354 1755 1590 1826 ,βρῶσιν
1652 1759 1874 1825 αὐτοῖς.

324 1820 651 1897 Ἀνέτειλεν
679 1845 712 1897 ό
746 1820 916 1911 ἢλίος
935 1886 949 1910 ,
999 1844 1098 1898 καὶ
1131 1820 1622 1915 συναχθήσονται
1641 1886 1655 1910 ,
1685 1846 1784 1899 καὶ
1809 1820 1881 1901 ἐν
1909 1820 1952 1876 Β

310 1933 438 1999 ταῖς
470 1933 763 2003 μάνδραις
799 1935 1000 1989 αὐτῶν
1047 1936 1565 2003 κοιτασθήσονται.
1610 1938 1878 2003 Ἐξελεύ-

312 2042 479 2080 σεται
503 2026 812 2095 ἅνθρωπος
837 2028 937 2081 ἐπὶ
966 2029 1029 2081 τὸ
1056 2028 1234 2098 ἔργον
1270 2030 1476 2093 αὐτοῦ,
1513 2030 1610 2083 καὶ
1637 2031 1735 2085 ἐπὶ
1767 2033 1881 2101 τὴν

308 2118 598 2187 ἐργασίαν
626 2119 811 2177 αὑτοῦ
836 2119 946 2187 ἕως
969 2119 1249 2189 ἑσπέρας.
1290 2120 1385 2188 Ὠς
1410 2120 1783 2191 eaerulus-011
1809 2122 1882 2177 τὰ

311 2209 453 2279 ἔργα
503 2226 640 2279 σου,
701 2213 909 2280 Κύριε]
960 2212 1155 2266 πάντα
1190 2214 1259 2267 ἐν
1304 2214 1491 2281 σοφίᾳ
1550 2215 1876 2284 ἐποίησας·

310 2304 625 2373 ἐπληρώθη
651 2306 689 2372 ἡ
711 2304 785 2375 γῆ
820 2306 931 2374 τῆς
981 2304 1229 2371 κτίσεώς
1264 2320 1400 2360 σου.
1451 2307 1508 2360 '0
1548 2306 1697 2378 ἥλιος
1741 2307 1880 2376 ἐγνω

311 2397 409 2466 τὴν
453 2396 601 2451 δύσιν
648 2397 835 2463 αὐτοῦ,
876 2398 1116 2452 τουτέστι
1155 2399 1253 2470 τὴν
1292 2399 1396 2452 ὑπὸ
1437 2398 1531 2452 τοῦ
1579 2400 1882 2471 κρείττονος

312 2488 461 2559 αύτῴ
499 2490 946 2561 διατεταγμένην.
992 2492 1166 2547 Μόνον
1210 2491 1318 2563 γὰρ
1377 2492 1631 2562 φωτίζειν
1681 2494 1881 2564 ἔμαθεν

312 2582 500 2652 ἥλιοςο
551 2583 672 2636 Οὐδ’
724 2584 812 2636 ἀεὶ
878 2584 973 2636 καὶ
1028 2584 1351 2650 διαπαντὸς,
1396 2585 1496 2655 τῆς
1560 2585 1619 2638 δὲ
1671 2586 1880 2657 ἡμέρας

316 2674 509 2745 ἀρχὴν,
537 2674 671 2728 ἀλλὰ
696 2675 788 2728 καὶ
823 2676 881 2730 ἐν
911 2677 1065 2731 νυκτὶ
1113 2680 1226 2740 τοῖς
1280 2678 1338 2730 ἐν
1384 2677 1555 2749 ταύτῃ
1606 2678 1883 2747 φαίνουσιν

314 2764 536 2834 ἄστροις
578 2769 925 2837 παραχωρεῖν
954 2767 1045 2821 τὸν
1092 2768 1286 2821 οἰκεῖον
1318 2767 1595 2822 ἀποτελεῖν
1639 2768 1837 2841 δρόμον
1863 2785 1878 2801 ο

312 2856 464 2920 ὅπως
499 2858 687 2923 νυκτὸς
721 2858 1035 2931 γενομένης,
1056 2859 1150 2914 καὶ
1176 2859 1605 2924 ἐπιπολάσαντος
1632 2860 1726 2913 τοῦ
1759 2861 1883 2915 σκό-

316 2964 439 3011 τους
474 2951 540 3021 τῇ
579 2952 671 3020 γῇ,
724 2950 1087 3022 ὑποσταλῆναι
1131 2952 1230 3022 μὲν
1277 2954 1372 3007 καὶ
1421 2953 1773 3024 ἀναχωρῆσαι
1815 2952 1885 3007 τὰ

314 3040 497 3112 ἥμερα
527 3040 636 3095 τῶν
663 3038 837 3110 ζώων,
884 3044 986 3097 ὅσα
1013 3042 1072 3097 δέ
1103 3044 1250 3097 ἐστιν
1295 3044 1462 3116 ἄγρια
1489 3044 1679 3116 θηρία,
1711 3046 1884 3101 ταῦτα

1976 566 2176 635 brium,
2204 573 2434 621 aestuum
2462 580 2525 619 ac
2543 574 2829 620 ventorum
2852 562 3207 629 mutationis;
3225 562 3281 616 in
3302 569 3553 631 tempora

1977 673 2107 714 vero
2156 658 2300 713 aeris
2344 657 2709 712 mutationum
2732 697 2750 724 ,
2788 656 3008 720 hiemis,
3045 654 3214 719 veris,
3252 655 3460 709 aestatis
3495 661 3553 708 et

1980 732 2259 817 autumni;
2290 764 2411 819 quae
2432 756 2491 803 ut
2510 749 2700 803 ordine
2722 748 2975 819 periodos
3012 754 3177 818 agant
3207 754 3446 803 statutus
3472 748 3554 802 lu-

1978 841 2269 896 minarium
2313 848 2496 896 motus
2536 840 2694 896 nobis
2727 840 2890 896 elIicit
2912 857 2925 892 :
2947 841 3003 895 in
3043 841 3162 897 dies
3191 851 3401 905 autem,
3436 858 3549 897 non

1979 933 2055 988 ita
2076 941 2138 987 ut
2171 933 2289 989 dies
2343 932 2597 996 elﬁciant,
2624 932 2743 989 dies
2784 933 2930 988 enim
2963 945 3017 989 et
3047 949 3157 988 nox
3194 934 3549 989 luminarium

1978 1023 2199 1080 conditu
2230 1025 2567 1095 antiquiores
2594 1032 2762 1091 sunt;
2810 1025 2909 1081 sed
2934 1033 2995 1079 ut
3014 1025 3123 1081 diei
3162 1024 3515 1081 dominentur
3533 1045 3561 1083 ι·

1978 1115 2037 1171 in
2065 1130 2239 1173 annos
2267 1115 2509 1182 demum,
2535 1116 2665 1187 quia
2695 1116 2824 1170 luna
2851 1116 3072 1187 quidem
3100 1131 3228 1171 cum
3258 1115 3554 1172 duodecies

1979 1219 2202 1262 cursum
2247 1221 2409 1262 suum
2454 1206 2719 1277 perﬁciat,
2772 1208 2903 1261 anni
2950 1214 3036 1261 est
3080 1214 3273 1262 auctor
3306 1225 3320 1262 :
3353 1207 3553 1264 solaris

1980 1299 2108 1355 item
2145 1305 2231 1355 est
2290 1313 2488 1361 annus,
2522 1314 2718 1368 nempe
2748 1299 2816 1353 ab
2849 1296 3041 1354 eodem
3088 1300 3249 1370 signo
3295 1299 3363 1354 ad
3404 1300 3552 1354 idem

1981 1390 2159 1461 ipsum
2197 1389 2413 1460 signum
2453 1389 2589 1446 solis
2628 1390 2916 1445 revolutio.

2048 1479 2419 1537 Vsus.‘20—24.
2442 1478 2538 1535 Sol
2565 1481 2800 1550 cognovit
2832 1496 3080 1535 occasum
3100 1496 3277 1534 suum.
3311 1479 3552 1535 Posuisti

1981 1571 2243 1637 tenebras,
2296 1580 2347 1626 et
2388 1570 2533 1641 facta
2584 1580 2661 1625 est
2711 1586 2840 1633 nox,
2893 1572 2948 1626 in
3000 1572 3118 1641 ipsa
3157 1572 3553 1641 pertransibunt

1980 1678 2156 1716 omnes
2188 1661 2368 1717 bestiie
2407 1661 2574 1716 silvae.
2616 1659 2795 1716 Catuli
2835 1661 3042 1716 leonum
3084 1661 3345 1731 rugientes
3374 1670 3431 1714 ut
3461 1678 3554 1715 ra-

1977 1751 2145 1818 piant,
2179 1761 2230 1805 et
2287 1760 2529 1821 quierant
2555 1768 2589 1804 a
2623 1749 2731 1805 Deo
2758 1767 2931 1805 escam
2974 1752 3095 1805 sibi.
3142 1750 3305 1806 Ortus
3333 1760 3411 1805 est
3447 1751 3551 1818 sol,

1979 1852 2026 1895 et
2067 1843 2540 1913 congregabantur,
2586 1850 2635 1896 et
2666 1842 2723 1895 in
2766 1840 3024 1895 cubilibus
3066 1844 3176 1896 suis
3215 1843 3553 1898 collocaban-

1981 1942 2088 1988 tur.
2124 1934 2305 1988 Exibit
2337 1934 2490 1988 homo
2518 1934 2587 1988 ad
2620 1950 2747 2003 opus
2797 1950 2974 1999 suum,
3007 1945 3057 1988 et
3093 1936 3163 1989 ad
3198 1940 3557 2004 operationem

1980 2044 2134 2082 suam
2172 2044 2333 2097 usque
2384 2028 2452 2082 ad
2502 2044 2788 2097 vesperum.
2837 2029 3010 2095 Quam
3054 2030 3399 2099 magniﬁcam
3431 2038 3557 2083 sunt

1981 2134 2137 2186 opera
2174 2128 2284 2183 tua,
2326 2118 2585 2173 Domine!
2617 2119 2795 2172 omnia
2821 2120 2875 2172 in
2906 2120 3167 2187 sapientia
3214 2120 3418 2187 fecisti,
3454 2120 3559 2172 im—

1979 2210 2119 2279 pleta
2148 2219 2225 2265 est
2255 2219 2396 2265 terra
2442 2202 2703 2265 creatione
2746 2220 2858 2264 tua.
2897 2207 2989 2264 Sol
3023 2210 3278 2280 cognovit
3299 2224 3558 2265 occasum

1983 2319 2165 2371 suum,
2207 2304 2414 2360 scilicet
2438 2320 2561 2358 eum
2594 2305 2687 2374 qui
2728 2304 2830 2359 sibi
2866 2319 2896 2357 a
2926 2303 3037 2358 Deo
3066 2304 3419 2374 praescriptus
3447 2310 3554 2359 est.

1984 2393 2078 2448 Sol
2115 2393 2315 2464 quippe
2343 2394 2526 2449 lucere
2560 2402 2773 2449 tantum
2819 2394 3001 2461 novit;
3033 2410 3209 2464 neque
3253 2394 3308 2449 id
3341 2410 3559 2465 semper

1983 2500 2047 2540 ac
2081 2492 2378 2556 perpetuo;
2424 2486 2521 2541 sed
2570 2487 2663 2541 uni
2702 2502 2938 2557 praeesse
2983 2486 3115 2552 diei,
3145 2487 3202 2542 in
3238 2497 3400 2543 nocte
3428 2504 3562 2545 vero

1983 2578 2158 2634 Stellis
2182 2586 2312 2632 tunc
2345 2580 2735 2648 apparentibus
2768 2579 3069 2635 concedere
3093 2581 3272 2635 locum
3304 2581 3477 2645 solet,
3498 2590 3561 2636 ut

1983 2670 2265 2738 proprium
2318 2668 2693 2724 sibicursum
2752 2667 3068 2736 conﬁciant,
3122 2679 3181 2725 ut
3235 2670 3561 2727 adveniente

1984 2765 2145 2812 nocte
2183 2772 2247 2811 ac
2282 2757 2523 2813 tenebris
2569 2765 2727 2813 terrm
2765 2758 3071 2827 superﬁciei
3110 2758 3560 2827 imminentibus,

1984 2848 2205 2902 mitiora
2232 2848 2450 2919 quidem
2500 2857 2554 2905 ct
2588 2852 2964 2905 mansuetiora
2993 2850 3248 2904 animalia
3277 2858 3561 2922 receptum

1986 2939 2223 2995 habeant
2262 2947 2318 2995 et
2367 2939 2665 3008 secedant;
2709 2940 2838 2996 ferae
2878 2957 3008 2998 vero
3037 2942 3291 3012 quaelibet
3332 2943 3401 2998 ad
3432 2959 3562 3013 pro-

1990 3031 2168 3101 prium
2201 3032 2562 3103 quaerendum
2593 3034 2779 3088 cibum
2822 3042 3036 3101 exeant,
3070 3036 3125 3089 in
3156 3037 3379 3105 proprio
3408 3036 3561 3091 scili-

318 3132 602 3203 προσέλθοι
644 3135 735 3188 ἐπὶ
771 3135 870 3206 τὴν
912 3135 1116 3190 οἰκείαν
1159 3136 1403 3208 τροφήνο
1458 3139 1516 3191 ἐν
1547 3138 1730 3210 οἰκείῳ
1778 3138 1886 3212 γὰρ

1989 3129 2076 3178 cet
2110 3137 2174 3177 ac
2206 3123 2529 3194 congruenti
2559 3123 2665 3178 sibi
2689 3134 2929 3195 tempore
2947 3141 3010 3181 ac
3038 3128 3221 3182 noctis
3250 3128 3561 3185 intervallo.

319 3225 610 3297 ἁρμόζοντι
638 3228 818 3292 αὐτοῖς
846 3228 1038 3300 χρόνῳ,
1073 3228 1150 3301 τῷ
1184 3231 1282 3302 τῆς
1318 3231 1509 3295 νυκτὸς
1540 3231 1882 3305 διαστήματι.

318 3320 578 3388 Σκύμνοι
614 3319 932 3391 ὠρυόμενοι
976 3320 1265 3390 ἁρπάσαι,
1314 3324 1412 3377 καὶ
1444 3322 1693 3394 ζητῆσαι
1729 3328 1888 3395 παρὰ

317 3408 427 3463 τοῦ
456 3408 602 3463 Θεοῦ
626 3408 858 3477 βρῶσιν
887 3411 1093 3477 αὐτοῖς
1114 3428 1128 3442 ⁸
1156 3412 1238 3467 ὅτι
1262 3413 1335 3485 μὴ
1371 3415 1464 3468 καὶ
1488 3414 1670 3479 αὐτοῖς
1700 3415 1887 3480 ἐξανέ-

316 3499 494 3554 τειλεν
522 3503 556 3572 ἡ
587 3500 659 3571 γῆ
693 3501 883 3572 χόρτον
917 3501 1105 3575 ὥσπερ
1135 3507 1248 3570 τοῖς
1289 3506 1546 3577 κτήνεσι,
1586 3507 1680 3561 καὶ
1726 3507 1889 3579 χλόην

320 3594 386 3663 τῇ
420 3592 632 3665 δουλείᾳ
657 3592 763 3649 τῶν
788 3594 883 3647 ἀνθ
894 3593 1106 3666 ρώπων.
1151 3596 1207 3650 '0
1236 3596 1365 3661 Θεὸς
1388 3597 1465 3661 ὡς
1493 3598 1600 3651 τῶν
1632 3600 1888 3655 ἁπάντων

317 3684 594 3757 κηδεμὼν,
624 3687 718 3741 καὶ
742 3687 838 3758 τῆς
865 3687 971 3741 τῶν
1007 3688 1223 3743 πάντων
1249 3688 1507 3762 διαμονῆς
1527 3708 1586 3743 τε
1621 3692 1715 3745 καὶ
1745 3692 1888 3762 ζωῆς

322 3778 577 3848 πρόνοιαν
609 3779 872 3850 εἰσφέρων
891 3820 905 3845 ,
936 3779 1002 3832 τὰ
1032 3780 1130 3850 μὲν
1178 3780 1491 3835 ἐλαύνεσθαι
1514 3783 1617 3835 ὑπὸ
1658 3782 1766 3837 τῶν
1794 3782 1888 3836 τοῦ

320 3868 473 3939 ἡλίου
511 3869 918 3941 μαρμαρυγῶν,
965 3870 1060 3924 καὶ
1102 3868 1290 3943 ῶσπερ
1337 3871 1526 3942 ἐχθρὸν
1580 3872 1798 3943 φεύγειν
1829 3873 1889 3926 τὸ

324 3961 438 4031 φῶς
467 3961 852 4033 ᾠκονομήσατο
875 3980 887 3993 ’
928 3963 996 4017 τὰ
1021 3964 1079 4016 δὲ
1120 3963 1195 4028 ὡς
1224 3962 1320 4017 τοῦ
1362 3965 1537 4035 φωτὸς
1569 3965 1802 4036 συγγενῆ
1831 3968 1888 4020 ἐν

323 4050 504 4123 ἡμέρᾳ
533 4052 796 4123 προϊέναι,
822 4052 916 4105 καὶ
942 4052 1033 4106 τὸν
1072 4052 1184 4123 βίον
1216 4052 1392 4106 αὐτῶν
1418 4054 1476 4107 ὲν
1502 4054 1579 4125 τῷ
1602 4055 1737 4123 φωτὶ
1768 4055 1888 4108 διάη

323 4155 440 4207 γειν
469 4139 841 4212 συνεχώρησε’
886 4140 993 4194 τῶν
1027 4142 1124 4211 μὲν
1169 4141 1371 4213 θηρίων
1401 4144 1480 4206 είς
1526 4142 1623 4206 τὰς
1650 4143 1888 4214 μάνδρας

322 4231 502 4286 αὐτῶν
526 4234 940 4304 κοιταζομένων,
974 4234 1067 4287 τοῦ
1110 4235 1167 4288 δὲ
1199 4234 1414 4305 λογικοῦ
1446 4234 1582 4301 ζώου
1612 4239 1670 4290 ἐν
1708 4239 1889 4310 ἡμέρᾳ

326 4324 417 4376 καὶ
437 4325 575 4393 φωτὶ
601 4324 878 4395 προϊόντος
910 4326 1001 4378 ἐπὶ
1031 4325 1092 4378 τὸ
1113 4325 1273 4399 ἔργον
1310 4326 1473 4381 αὑτοῦ
1511 4329 1605 4382 καὶ
1649 4330 1743 4383 ἐπὶ
1789 4328 1887 4401 τὴν

326 4416 585 4486 ἐργασίαν
613 4416 776 4469 αὑτοῦ
802 4415 906 4479 ἕως
931 4418 1191 4489 ἑσπέρας.

1991 3213 2172 3269 Catuli
2202 3214 2407 3271 leonum
2436 3217 2696 3287 rugientes
2724 3226 2781 3270 ut
2799 3218 3031 3287 rapiant,
3056 3227 3105 3272 et
3123 3228 3364 3289 quwrant
3394 3237 3429 3274 a
3454 3220 3563 3275 Deo

1987 3323 2161 3361 escam
2216 3307 2349 3373 sibi,
2397 3308 2526 3378 quia
2576 3323 2769 3378 nempe
2826 3317 2971 3364 terra
3018 3325 3130 3366 non
3164 3311 3298 3380 ipsis
3337 3312 3564 3382 perinde

1988 3409 2153 3470 atque
2172 3399 2433 3471 jumentis
2462 3399 2647 3455 fenum
2678 3400 2956 3471 produxit,
2976 3412 3028 3457 et
3055 3402 3279 3458 herbam
3310 3405 3563 3461 servituti

1989 3490 2290 3547 hominum.
2330 3491 2473 3547 Deus
2522 3499 2705 3561 utpote
2748 3493 2991 3547 omnium
3039 3509 3227 3549 curam
3262 3510 3465 3567 agens,
3497 3512 3565 3555 ac

1987 3580 2229 3637 omnium
2253 3582 2657 3638 conservationi
2692 3598 2755 3638 ac
2778 3584 2903 3639 vitae
2932 3587 3293 3656 prospiciens,
3324 3588 3397 3641 ita
3430 3603 3564 3659 pro-

1987 3674 2145 3740 vidit,
2177 3682 2238 3729 ut
2272 3675 2377 3729 alia
2425 3675 2646 3745 quidem
2676 3692 2706 3729 a
2732 3677 2866 3732 solis
2903 3677 3075 3734 radiis
3106 3679 3460 3749 pellerentur,
3499 3696 3566 3737 ac

1987 3767 2165 3822 lucem
2215 3774 2276 3821 ut
2323 3766 2599 3822 inimicam
2651 3768 2756 3823 sibi
2798 3768 3079 3840 fugerent;
3113 3770 3219 3825 alia
3252 3786 3402 3835 vero,
3438 3780 3565 3825 tan-

1989 3872 2150 3928 quam
2215 3857 2325 3912 luci
2384 3857 2598 3923 aﬂinia,
2645 3859 2702 3913 in
2741 3859 2829 3915 die
2875 3860 3280 3929 procederent:
3315 3863 3562 3933 ipsisque

1987 3951 2264 4006 concessit
2292 3963 2351 4005 ut
2385 3952 2441 4005 in
2484 3951 2605 4006 luce
2641 3952 2809 4006 vitam
2842 3953 3120 4024 degerent,
3162 3954 3295 4009 feris
3340 3955 3563 4025 quidem

1988 4045 2042 4098 in
2075 4044 2265 4099 lustris
2305 4044 2420 4100 suis
2450 4046 2804 4109 cubantibus,
2838 4047 3148 4102 rationabili
3181 4064 3313 4103 vero
3337 4049 3563 4105 animali

1989 4135 2046 4188 in
2075 4134 2161 4189 die
2187 4150 2251 4189 ac
2283 4135 2402 4190 luce
2439 4135 2743 4205 prodeunte
2778 4137 2845 4191 ad
2870 4153 3008 4207 opus
3041 4154 3223 4205 suum,
3251 4148 3307 4195 et
3336 4140 3405 4195 ad
3430 4155 3564 4211 ope-

1988 4226 2254 4282 rationem
2284 4240 2441 4282 suam
2477 4243 2650 4298 usque
2679 4226 2747 4282 ad
2772 4244 3082 4299 vesperum.

393 4508 553 4575 Αὕτη
583 4509 620 4576 ἡ
644 4508 925 4564 θάλασσα
951 4511 989 4578 ἡ
1011 4510 1243 4579 μεγάλη
1268 4511 1367 4565 καὶ
1391 4512 1745 4582 εὐρύχωρος,
1765 4513 1887 4568 ἐκεῖ

2058 4512 2222 4569 Vens.
2255 4510 2454 4579 25,26.
2479 4511 2594 4566 Hoc
2615 4528 2760 4565 mare
2792 4527 3043 4580 magnum
3073 4520 3123 4566 et
3153 4511 3467 4580 spatiosum,
3489 4512 3560 4566 il-

323 4599 539 4668 ἑρπετὰ
574 4594 661 4654 ὧν
704 4602 815 4655 οὐκ
850 4600 1021 4655 ἐστιν
1049 4602 1324 4672 ἀριθμός⁶
1372 4602 1483 4666 ζῶα
1516 4608 1698 4676 μικρὰ
1737 4610 1889 4678 μετὰ

319 4690 614 4761 μεγάλων.
668 4693 758 4746 Ἐν
796 4691 1005 4756 τούτοις
1043 4694 1404 4766 παρίστησιν,
1441 4697 1556 4765 ὅτι,
1598 4696 1785 4772 ῶσπερ
1828 4701 1890 4754 τὸ

323 4782 424 4852 τῆς
455 4783 557 4854 γῆς
586 4785 844 4854 στοιχεῖον
874 4784 1081 4839 πολλῶν
1112 4787 1228 4839 ἐστι
1257 4786 1410 4851 ζώων
1450 4791 1762 4861 γεννητικὸν
1786 4794 1881 4848 καὶ

327 4870 636 4942 θρεπτικὸν,
668 4874 759 4927 τὸν
782 4873 1175 4956 αὐτὸντρόπον
1205 4878 1298 4931 καὶ
1327 4879 1358 4950 ἡ
1386 4880 1525 4951 ὑγρὰ
1548 4880 1704 4938 οὐσία
1737 4900 1888 4956 παμ-

324 4960 501 5032 πληθῆ
523 4961 653 5032 γένη
679 4961 833 5025 ζώων
855 4954 1061 5035 τρέφει.
1085 4964 1159 5018 Οὐ
1187 4965 1294 5037 γὰρ
1319 4968 1507 5031 κενοὺς
1529 4969 1654 5033 τοὺς
1680 4954 1889 5043 χώρους

327 5057 358 5109 ὁ
396 5055 526 5119 Θεὸς
555 5056 839 5126 ἐποίησεν,
886 5057 1020 5111 ἀλλὰ
1064 5056 1216 5121 ζώων
1263 5059 1436 5114 πάντα
1486 5061 1748 5135 ἐνέπλησε
1800 5064 1890 5120 τὸν

328 5148 486 5219 ἀέρα,
512 5147 609 5217 τὴν
627 5148 750 5219 γῆν,
771 5148 869 5220 τὴν
895 5148 1166 5205 θάλασσαν
1184 5167 1198 5181 ο
1221 5151 1315 5205 τὸν
1342 5151 1441 5223 μὲν
1462 5154 1685 5225 ὀρνίθων
1708 5156 1887 5227 μόνον,

324 5240 425 5310 τὴν
452 5238 509 5292 δέ
534 5239 877 5309 τετραπόδων
931 5242 1026 5294 καὶ
1072 5242 1382 5315 πτερωτῶν,
1412 5244 1510 5317 τὴν
1541 5246 1599 5299 δὲ
1649 5248 1890 5319 ἀπείρων

329 5329 559 5400 ῐχθύωψ
618 5322 694 5383 ὧν
745 5330 794 5384 οἱ
834 5330 932 5401 μὲν
968 5329 1216 5401 μείζους,
1266 5332 1318 5387 οἱ
1362 5332 1418 5387 δὲ
1458 5334 1746 5400 ἐλάττους,
1796 5335 1890 5389 καὶ

324 5421 508 5494 τροφὴ
552 5424 662 5486 τοῖς
702 5421 941 5493 μείζοσιν
976 5424 1026 5476 ci
1073 5423 1368 5490 ἐλάττονες,
1416 5425 1593 5480 καὶτὸ
1636 5428 1791 5495 γένος
1826 5428 1888 5481 οὐ

325 5512 645 5566 δαπανᾶται.
673 5512 783 5565 Καὶ
819 5511 974 5566 τοῦτο
996 5513 1055 5567 δὲ
1083 5514 1181 5587 τῆς
1211 5514 1362 5579 θείας
1400 5516 1721 5588 κηδεμονίας
1764 5535 1890 5571 τεκ-

332 5606 549 5676 μήριον,
573 5605 632 5657 τδ
659 5604 728 5657 τὰ
757 5604 962 5677 σμικρὰ
990 5606 1121 5680 γένη
1146 5609 1261 5681 ζτοῖς
1284 5608 1538 5680 μεγάλοις
1577 5610 1947 5695 ωνδιαιτᾶ-οα

401 5784 450 5818 δ’
484 5784 619 5841 Gen.
657 5802 707 5856 ι,
738 5786 825 5843 ιι.

1995 4606 2064 4662 lic
2096 4606 2328 4676 reptilia,
2349 4621 2570 4677 quorum
2601 4622 2705 4659 non
2742 4614 2820 4659 est
2857 4620 3105 4659 numerus
3130 4622 3147 4658 :
3175 4607 3434 4660 animalia
3461 4624 3563 4675 pu-

1995 4700 2122 4756 silla
2152 4716 2269 4754 cum
2317 4699 2544 4770 magnis.
2598 4696 2694 4751 His
2737 4696 2997 4757 declarat,
3051 4695 3193 4751 sicut
3239 4705 3397 4750 terra:
3447 4697 3561 4752 ele.

1995 4797 2235 4845 mentum
2270 4790 2441 4843 multa
2474 4788 2830 4842 animantium
2860 4801 3059 4856 genera
3086 4787 3338 4856 producit
3360 4795 3413 4842 et
3432 4786 3559 4853 alit;

1996 4881 2070 4935 ita
2109 4880 2384 4935 humidam
2418 4880 2803 4943 substantiam,
2835 4879 3099 4949 permulta
3124 4879 3437 4932 animalium
3469 4894 3563 4950 ge-

1996 4985 2129 5025 nera
2158 4971 2420 5026 enutrirc.
2455 4969 2640 5041 Neque
2669 4971 2814 5026 enim
2861 4969 3004 5024 Deus
3048 4984 3221 5024 vacua
3258 4970 3377 5023 loca
3408 4969 3557 5033 fecit,

1998 5061 2093 5119 sed
2122 5061 2450 5117 animalibus
2504 5063 2687 5117 omnia
2731 5061 2981 5131 replevit,
3015 5075 3220 5125 aerem,
3256 5070 3477 5128 terram,
3508 5071 3563 5116 et

1994 5170 2179 5223 mare;
2210 5169 2390 5210 aerem
2427 5155 2644 5224 quidem
2674 5154 2868 5209 avibus
2901 5161 3147 5220 tantum;
3192 5160 3396 5207 terram
3434 5168 3563 5223 qua-

1998 5245 2329 5317 drupedibus
2350 5253 2403 5301 et
2422 5246 2672 5317 aligeris;
2707 5260 2857 5301 mare
2874 5244 3101 5300 inﬁnitis
3118 5245 3362 5316 piscibus
3391 5264 3404 5300 :
3428 5260 3564 5314 quo-

1996 5353 2119 5393 rum
2151 5338 2255 5393 alia
2276 5337 2506 5407 majora,
2534 5338 2745 5392 minora
2769 5338 2874 5391 alia
2912 5343 3070 5404 sunt;
3101 5352 3166 5392 ac
3199 5337 3412 5393 minora
3447 5352 3564 5392 ma—

1992 5429 2206 5500 joribus
2226 5430 2279 5483 in
2302 5426 2484 5485 escam
2514 5431 2732 5495 dantur,
2769 5437 2824 5485 et
2858 5435 3041 5484 tamen
3070 5444 3243 5499 genus
3265 5444 3375 5484 non
3405 5428 3563 5484 absu-

1998 5521 2185 5577 mitur.
2221 5519 2395 5591 Atque
2417 5520 2547 5576 illud
2570 5520 2767 5575 divinae
2794 5520 3149 5591 providentia:
3170 5520 3430 5577 indicium
3453 5529 3557 5582 est,

1997 5613 2143 5686 quod
2191 5628 2316 5670 cum
2368 5628 2536 5686 parva
2589 5614 2906 5672 animalium
2956 5628 3157 5687 genera
3197 5630 3321 5672 cum
3350 5614 3561 5685 magnis
