4014 6410
462 366 601 423 1ἳ85

1143 372 1412 429 EUSEBll
1446 372 1920 429 CESARIENSIS
1954 373 2105 431 OPP.
2146 374 2327 431 PARS
2362 375 2538 431 lll.—-
2577 374 2979 433 EXEGETICA.

3562 377 3715 434 i235»

461 490 753 538 versentur
782 527 795 551 ,
826 500 933 541 non
959 485 1204 545 funditus
1238 489 1441 545 abillis
1486 489 1877 557 absumantur;
1905 504 2030 545 nam

2146 490 2277 555 rect,
2301 492 2396 545 καὶ
2424 492 2499 564 μὴ
2524 492 2801 555 παντελῶς
2825 493 2916 546 ὑπ’
2941 491 3162 546 ἐκείνων
3185 492 3673 547 καταναλίσκεσθαι
3696 512 3711 523 ·

462 574 729 629 validiora
750 576 966 631 inﬁma
1000 578 1284 645 devorant,
1315 596 1417 636 nec
1445 583 1664 651 penitus
1693 583 1984 637 destruunt
2017 602 2030 637 :

464 664 595 737 quia
623 676 921 736 proventus
948 685 1241 742 expensam
1266 682 1505 745 superat.
1536 674 1633 731 His
1658 674 1866 731 similes
1910 684 2039 730 sunt

463 765 735 828 quotquot
766 759 911 816 inter
942 762 1192 821 homines
1220 780 1316 821 eos
1343 767 1436 836 qui
1464 766 1751 822 inferiores
1774 766 1878 823 sibi
1909 775 2039 823 sunt

463 848 747 906 devorant.
798 851 1001 909 Verum
1054 857 1143 911 illa
1178 858 1400 928 quidem
1446 860 1606 930 culpa
1642 861 2038 916 vacant:illud

462 942 610 997 enim
662 959 730 999 ex
772 953 973 1002 natura
1022 950 1311 1021 contingit,
1358 958 1417 1005 tu
1458 967 1588 1007 vero
1639 968 1711 1009 ne
1751 955 2037 1010 minimam

462 1037 685 1107 quidem
712 1040 790 1094 tui
821 1042 1088 1113 purgandi
1130 1044 1272 1098 viam
1296 1047 1555 1115 reperias,
1589 1047 1685 1117 qui
1717 1062 1844 1101 cum
1867 1056 1922 1103 et
1945 1062 2038 1102 ra-

463 1128 615 1184 tione
634 1137 689 1185 et
720 1132 837 1203 lege
864 1133 1166 1191 honoratus
1196 1136 1292 1201 sis,
1317 1137 1385 1192 ad
1416 1138 1561 1192 illam
1584 1139 1870 1195 brutorum
1900 1154 2049 1195 con-'

463 1218 739 1278 fusionem
767 1224 977 1282 ordinis
1003 1227 1267 1284 declines.
1298 1228 1565 1285 Caeterum
1596 1232 1809 1302 reptilia
1860 1233 2039 1303 pisces

462 1318 623 1366 vocat
648 1327 662 1362 :
684 1312 816 1382 quia
840 1314 1073 1384 pedibus
1098 1327 1289 1372 carent
1303 1324 1357 1373 et
1371 1321 1529 1389 quasi
1560 1321 1616 1374 in
1634 1322 1771 1376 mari
1798 1330 2036 1393 reptant,

466 1408 526 1456 ut
553 1405 771 1474 reptilia
800 1406 855 1459 in
881 1414 1048 1461 terra.

537 1494 664 1550 Illic
693 1513 847 1552 naves
894 1508 1283 1567 pertranseunt,
1321 1501 1376 1556 in
1411 1503 1548 1557 mari
1579 1504 1853 1560 videlicet.
1898 1504 2040 1561 Cum

464 1588 799 1645 declarasset
847 1600 1105 1661 quantam
1161 1594 1473 1663 progeniem
1525 1609 1676 1650 mare
1713 1596 2040 1661 nutriat,et

463 1681 609 1752 quod
630 1696 806 1752 neque
820 1683 1076 1737 animalia
1093 1685 1212 1754 ejus
1229 1702 1477 1751 numero,
1496 1704 1675 1758 neque
1692 1688 1870 1758 ipsum
1889 1706 2041 1745 men-

464 1785 594 1825 sura
622 1771 880 1825 aestimari
909 1774 1121 1835 valeat;
1149 1774 1261 1844 jam
1299 1784 1523 1830 enarrat
1556 1793 1718 1846 quam
1755 1779 1826 1835 sit
1860 1780 2037 1849 ipsum

2139 582 2421 653 βόσκονται
2448 583 2558 656 γὰρ
2593 586 2643 637 οἱ
2683 584 3037 656 δυνατώτεροι
3074 587 3201 647 τοὺς
3231 584 3714 656 καταδεεστέρους,

2139 676 2233 729 καὶ
2254 676 2355 730 ούκ
2385 675 2749 748 ἀνηλώκασιν,
2776 674 2911 729 ἀλλά
2937 677 3061 747 νικᾷ
3083 675 3182 747 τὴν
3203 677 3446 747 δαπάνην
3476 678 3510 746 ἡ
3539 676 3721 747 πρόσ-

2137 769 2275 833 οδος.
2342 768 2563 833 Τούτοις
2614 770 2851 823 ἐοίκασιν
2897 769 3013 823 ὅσοι
3069 768 3179 821 τῶν
3232 768 3533 841 ἀνθρώπων
3582 770 3720 831 τοὺς

2139 860 2589 933 καταδεεστέρους
2644 861 3050 914 καταπίνουσιν.
3101 854 3239 912 ’Ἀλλ’
3292 862 3407 913 ἐκεῖ
3459 859 3557 930 μὲν
3607 859 3722 911 οὐκ

2139 952 2388 1024 ἔγκλημα
2426 952 2488 1005 τὸ
2542 952 2859 1022 γινόμενον
2914 950 3126 1021 φύσεως
3165 950 3273 1021 γάρ
3317 952 3431 1004 ἐστι
3474 950 3532 1004 τὸ
3565 968 3712 1020 συμ-

2139 1045 2319 1098 ϐαῖνον
2337 1060 2349 1073 ·
2391 1044 2454 1097 σὺ
2481 1042 2538 1096 δὲ
2574 1042 2695 1096 οὐδὲ
2723 1041 2851 1111 μίαν
2879 1039 3019 1107 ἔξεις
3046 1038 3363 1108 ἀπολογίαν,
3391 1042 3426 1092 ὁ·
3445 1040 3583 1109 λόγῳ
3616 1040 3722 1092 καὶ

2138 1136 2287 1207 νόμῳ
2310 1134 2670 1205 τετιμημένος
2695 1132 2942 1203 καὶπρὸς
2962 1133 3061 1203 τὴν
3084 1132 3190 1185 τῶν
3216 1132 3435 1201 ἀλόγων⁴
3450 1133 3725 1203 σύγχυσιν

2140 1227 2329 1282 ἑαυτὸν
2354 1227 2582 1294 ἐξάγων.
2620 1225 2862 1296 Ἐρπετά
2890 1241 2954 1291 γε
2995 1224 3102 1295 μὴν
3136 1225 3262 1286 τοὺς
3290 1222 3473 1292 ἰχθύας
3510 1222 3722 1292 ὀνομά-

2140 1318 2241 1383 ζει,
2290 1319 2376 1372 διὰ
2423 1320 2483 1371 τὸ
2531 1317 2734 1379 ἄποδας
2784 1317 2979 1380 αὐτοὺς
3038 1316 3198 1370 οἱονεὶ
3240 1313 3589 1385 ἐπισύρεσθαι
3638 1314 3724 1385 τῷ

2140 1412 2313 1475 ὕδατι,
2342 1410 2417 1473 ὡς
2446 1410 2513 1463 τά
2539 1407 2845 1480 ἐρπυστικά
2871 1410 2937 1479 τῇ
2969 1411 3062 1479 γῇ.

2222 1503 2377 1557 Ἐκεῖ
2424 1502 2605 1555 πλοῖα
2659 1501 3141 1569 διαπορεύογται·
3205 1501 3292 1554 Ἐν
3353 1502 3418 1570 τῇ
3468 1498 3726 1570 θαλάσσῃ

2138 1596 2359 1667 δηλαδή.
2402 1594 2583 1649 Είπὼν
2609 1595 2738 1664 ὅσην
2764 1596 2796 1665 ἡ
2837 1593 3079 1647 θάλασσα
3107 1593 3364 1665 ἐκτρέφει
3392 1591 3578 1661 γονὴν,
3620 1592 3725 1643 καὶ

2140 1689 2220 1741 ὃτι
2246 1687 2367 1741 οὕτε
2400 1688 2469 1740 τά
2512 1686 2629 1749 ζῶα
2676 1685 3024 1757 ἀριθμεῖται,
3072 1684 3193 1738 οὔτε
3235 1685 3371 1751 αὑτὴ
3412 1685 3717 1755 μετρεῖτει,

2140 1780 2287 1847 λέγει
2327 1780 2421 1832 καὶ
2445 1780 2566 1832 ὅσον
2601 1778 2767 1847 αὐτῆς
2815 1779 3079 1847 χρήσιμον
3120 1777 3201 1838 είς
3242 1774 3575 1846 ἀνθρώπους.
3612 1774 3720 1826 Διά

473 1858 790 1917 hominibus
838 1861 989 1915 utile.
1037 1860 1141 1917 Per
1186 1864 1461 1919 nauticam
1512 1867 1711 1936 quippe
1771 1876 1943 1923 artem
1989 1876 2042 1923 et

2146 1870 2487 1941 ναυπηγικῆς
2514 1870 2621 1941 γὰρ
2643 1868 2835 1939 τέχνης
2865 1869 2958 1921 καὶ
2981 1867 3376 1949 κυϐερνητικῆς
3404 1868 3722 1935 ἐπιστήμης

466 1954 805 2025 gubernandi
851 1956 1127 2025 peritiam,
1192 1959 1504 2013 necessaria
1545 1968 1735 2015 mutuo
1791 1975 2039 2015 commu-

464 2046 735 2109 nicamus,
768 2044 1093 2117 fructusque
1131 2047 1187 2100 in
1215 2054 1362 2101 terra
1391 2056 1579 2103 nostra
1601 2058 1888 2107 nascentes
1918 2053 2039 2108 aliis

464 2136 976 2201 subministramus,
1006 2140 1075 2193 ab
1108 2138 1285 2209 iisque
1307 2142 1608 2211 accipimus
1631 2158 1795 2210 suos;
1820 2144 1892 2198 ita
1908 2152 1967 2198 ut
1986 2156 2041 2200 et

463 2227 610 2297 quod
651 2227 983 2297 superfluum
1028 2236 1113 2283 est
1148 2245 1259 2283 non
1287 2230 1478 2285 inutile
1502 2233 1591 2299 sit,
1616 2234 1833 2302 etquod
1864 2234 2037 2300 deest,

464 2319 659 2374 advehi
678 2319 870 2389 possit.
899 2318 1214 2375 Sublimiori
1247 2331 1427 2377 autem
1456 2325 1669 2379 ratione
1700 2325 1824 2379 navi
1854 2324 2040 2380 Eccle-

464 2410 604 2467 siam
631 2412 873 2480 confert;
912 2408 1049 2467 mari
1081 2429 1210 2468 vero
1232 2414 1525 2468 humanam
1552 2418 1741 2481 vitam,
1771 2417 1917 2486 quod
1952 2432 2039 2471 res

464 2502 585 2573 ejus
616 2503 903 2560 instabiles
932 2520 999 2560 ac
1038 2521 1253 2576 semper
1295 2506 1351 2561 in
1384 2516 1531 2561 motu
1568 2508 1697 2562 sint.
1730 2508 2042 2564 Innumera—

464 2594 575 2649 bile
600 2610 766 2664 porro
797 2596 1072 2667 reptilium
1101 2614 1296 2669 genus,
1322 2600 1724 2655 multitudinem
1756 2601 2038 2656 hominum

464 2698 647 2757 vocat,
680 2697 735 2745 et
766 2690 941 2746 forma
963 2700 1016 2745 et
1044 2708 1277 2761 persona
1301 2693 1459 2762 quasi
1500 2694 1901 2763 discrepantem
1926 2711 1941 2759 ;
1968 2696 2039 2749 ita

465 2791 527 2837 ut
550 2782 851 2839 differentia
879 2800 947 2840 ex
975 2784 1240 2840 varietate
1257 2784 1546 2839 affectuum
1560 2787 1877 2842 aestimetur.
1904 2786 2041 2841 Nam

466 2884 663 2929 natura
705 2874 925 2946 quidem
955 2874 1208 2929 omnibus
1241 2882 1325 2929 est
1348 2890 1475 2941 una,
1514 2890 1615 2929 nec
1642 2875 1855 2931 diversa
1888 2884 2041 2931 ortus

465 2968 648 3023 ratio:
678 2983 836 3023 mens
868 2975 1051 3024 autem
1104 2970 1252 3023 varie
1275 2969 1652 3038 distinguitur,
1690 2984 1894 3038 corque
1937 2984 2041 3023 no-

468 3068 649 3116 strum
703 3059 1077 3114 diversitatem
1131 3061 1523 3115 sententiarum
1580 3059 1833 3114 admittit.
1884 3058 2043 3126 Quod

466 3165 593 3206 cum
620 3157 809 3207 nosset
842 3150 1139 3220 quispiam,
1170 3150 1343 3203 dixit:
1375 3149 1843 3215 Quemadmodum
1876 3149 2043 3206 facies

467 3243 712 3298 faciebus
745 3243 951 3299 similes
974 3256 1081 3296 non
1097 3250 1257 3309 sunt;
1282 3242 1363 3297 sic
1379 3257 1477 3297 nec
1498 3250 1707 3297 mentes
1738 3242 2039 3296 hominum.
2071 3226 2117 3288 (ἶ

468 3336 649 3392 Naves
677 3343 856 3390 autem
885 3335 1119 3391 dicimus
1148 3351 1269 3391 esse
1298 3351 1392 3390 eas
1424 3350 1544 3405 quae
1563 3334 1615 3388 in
1637 3336 1739 3390 hoc
1770 3335 2044 3405 spirituali

465 3428 606 3484 mari
636 3436 1040 3497 pertranseunt,
1060 3438 1119 3483 ut
1149 3428 1410 3497 scriptum
1438 3436 1522 3482 est
1538 3426 1604 3491 “,
1630 3428 1883 3483 videlicet
1914 3442 2044 3483 san-

468 3530 587 3576 ctas
638 3520 945 3576 Servatoris
983 3522 1158 3576 nostri
1206 3519 1501 3583 Ecclesias,
1551 3534 1672 3590 qua:
1721 3521 1940 3590 quidem
1989 3520 2044 3573 in

468 3614 695 3679 mundo,
746 3613 843 3669 sed
882 3613 1197 3683 superiores
1241 3611 1445 3666 mundo
1493 3619 1650 3677 sunt;
1688 3612 1831 3667 sicut
1857 3625 2046 3666 revera

467 3707 752 3761 onerarias
780 3706 966 3762 videre
996 3715 1100 3773 est,
1138 3708 1191 3761 in
1242 3720 1382 3776 aqua
1414 3720 1568 3769 sane,
1601 3704 1697 3760 sed
1737 3704 2047 3774 superiores

470 3799 653 3868 aquis.
697 3798 955 3854 Ecclesia:
1000 3800 1166 3869 igitur
1208 3799 1442 3853 navibus
1477 3797 1720 3864 similes,
1767 3796 2046 3866 spirituale

468 3904 622 3944 mare
650 3890 1005 3959 trajicientes,
1025 3889 1211 3944 ﬁdeles
1227 3890 1477 3945 homines
1500 3889 1789 3959 recipiunt,
1813 3898 1867 3943 et
1885 3888 2048 3959 quasi

469 3980 528 4035 in
559 3982 721 4036 aliam
755 3990 957 4037 terram
998 3990 1091 4035 aut
1121 3983 1397 4052 regionem
1437 3980 1795 4042 transferunt,
1841 3981 2049 4037 scilicet

470 4073 541 4129 ad
575 4089 801 4144 regnum
827 4075 1114 4139 caelorum,
1147 4075 1212 4129 ad
1242 4090 1392 4144 spem
1416 4074 1468 4127 in
1492 4072 1712 4128 Christo
1742 4072 2042 4138 fundatam,

472 4166 540 4220 ad
574 4165 1064 4223 sanctiﬁcationem
1118 4168 1363 4237 spiritus,
1412 4176 1465 4221 et
1510 4167 1579 4221 ad
1613 4168 1889 4233 virtutem,
1928 4184 2048 4238 quae

472 4267 790 4315 sanctorum
838 4261 1015 4330 patria
1058 4269 1163 4316 est.
1209 4259 1344 4313 Nam
1399 4274 1544 4325 cum,
1596 4260 1740 4314 sicut
1784 4260 2048 4331 scriptum

471 4358 578 4417 est,
614 4352 836 4408 advena:
882 4360 936 4408 et
986 4354 1257 4424 peregrini
1310 4354 1419 4408 sint
1466 4370 1630 4424 super
1678 4360 1900 4418 terram,
1938 4369 2051 4408 non

472 4442 676 4499 habent
730 4444 817 4498 hic
868 4452 1176 4499 manentem
1220 4446 1493 4501 civitatem
1513 4447 1558 4477 “
1604 4465 1616 4500 :
1662 4446 1758 4502 sed
1792 4446 1859 4500 ad
1901 4446 2048 4499 illam

2144 1959 2274 2031 παρ’
2333 1959 2574 2030 ἀλλήλων
2629 1957 2967 2028 κομιζόμεθα
3022 1956 3091 2010 τὰ
3148 1957 3426 2019 ἐνδέοντα,
3485 1957 3578 2009 καὶ
3626 1957 3725 2010 τὸν

2142 2051 2269 2122 παρ’
2294 2051 2424 2121 ἡμῖν
2454 2049 2721 2120 φυόμενον
2751 2048 2964 2120 καρπὸν
2990 2046 3330 2121 χορηγοῦμεν
3366 2047 3592 2117 ἑτέροις,
3621 2049 3721 2100 καὶ

2139 2142 2405 2212 δεχόμεθα
2440 2141 2499 2194 τὸ
2553 2143 2682 2213 παρ’
2724 2141 2951 2202 ἐκείνοις
3006 2138 3319 2210 γινόμενον·
3355 2138 3494 2192 ὥστε
3544 2139 3621 2209 μὴ
3658 2140 3722 2191 τὸ

2141 2234 2457 2307 περιττεῦον
2496 2227 2635 2287 εἶναι
2671 2234 2959 2304 ἀνόνητον,
2998 2233 3135 2303 μήτε
3166 2231 3225 2284 τὸ
3252 2231 3427 2284 ἐνδέον
3464 2232 3722 2286 ἀνεπινό-

2141 2345 2318 2398 νητον.
2374 2326 2731 2397 ’Υψηλότερον
2771 2326 2829 2378 δὲ
2875 2324 3041 2395 πλοίῳ
3086 2323 3409 2395 παρεικάζει
3446 2324 3545 2395 τὴν
3589 2325 3720 2377 Ἐκ-

2141 2422 2400 2490 κλησίαν,
2446 2420 2682 2491 θαλάττῃ
2712 2419 2767 2472 δὲ
2811 2418 2901 2471 τὸν
2947 2417 3281 2489 ἀνθρώπινον
3330 2417 3479 2487 βίον,
3523 2417 3613 2470 διὰ
3655 2420 3718 2472 τὸ

2142 2517 2487 2586 ἀστάθμητον
2517 2517 2610 2569 καὶ
2634 2514 2936 2585 ἀεικίνητον
2958 2512 3067 2566 τῶν
3091 2514 3149 2565 ἐν
3180 2510 3329 2582 αύτῷ
3352 2513 3717 2583 πραγμάτων.

2155 2607 2429 2678 Ἐρπετῶν
2456 2607 2513 2659 δὲ
2542 2605 2603 2659 τὸ
2631 2608 2786 2674 γένος
2818 2606 2879 2658 τὸ
2917 2605 3285 2676 ἀναρίθμητον
3321 2604 3419 2674 τὴν
3461 2604 3715 2675 πολυειδῆ

2142 2700 2236 2753 καὶ
2260 2698 2421 2751 οἱονεὶ
2455 2697 2881 2768 πολυπρόσωπον
2914 2695 3023 2748 τῶν
3055 2696 3354 2768 ἀνθρώπων
3383 2695 3530 2763 λέγει
3576 2695 3720 2766 πλη-

2144 2794 2276 2858 θὺν,
2333 2796 2411 2856 είς
2454 2792 2553 2861 τὴν
2592 2793 2691 2862 τῆς
2737 2789 2903 2854 ἕξεως
2955 2790 3229 2844 ποικιλίαν
3280 2788 3573 2858 νοουμένης
3620 2789 3719 2858 τῆς

2143 2885 2459 2953 ἐξαλλαγῆς.
2499 2884 2662 2945 Φύσις
2699 2883 2796 2953 μὲν
2825 2880 2933 2952 γὰρ
2976 2884 3140 2937 πᾶσιν
3169 2883 3203 2953 ἡ
3246 2882 3402 2950 αὑτὴ,
3438 2881 3531 2933 καὶ
3555 2883 3585 2932 ό
3616 2880 3719 2949 τῆς

2143 2977 2408 3045 γενέσεως
2448 2976 2647 3046 τρόπος
2685 2976 2782 3046 ούχ
2812 2976 3075 3046 ἐτεροῖος,
3113 2972 3433 3043 πολυσχιδὴς
3460 2972 3519 3025 δὲ
3563 2971 3720 3035 νοῦς.

2145 3070 2238 3122 καὶ
2282 3066 2652 3137 πολυγνώμων
2697 3068 2754 3119 ἐν
2797 3068 2930 3137 ἡμῖν
2962 3066 3177 3137 καρδία.
3209 3067 3320 3120 Καὶ
3359 3065 3515 3117 τοῦτο
3556 3064 3722 3127 εἰδώς

2143 3179 2226 3224 τις
2259 3160 2494 3229 ἔφασκεν
2512 3178 2525 3189 ν
2549 3161 2760 3230 Ὥσπερ
2782 3160 2880 3229 οὐχ
2905 3160 3065 3230 ὅμοια
3088 3158 3354 3229 πρόσωπα
3382 3156 3718 3230 προσώποις,

2145 3255 2314 3318 οὕτως
2356 3254 2476 3307 οὐδὲ
2530 3253 2585 3306 αἱ
2637 3252 2863 3306 διάνοιαι
2917 3253 3023 3305 τῶν
3072 3250 3392 3323 ἀνθρώπων.
3445 3252 3615 3304 Πλοία
3661 3252 3722 3305 δὲ

2145 3340 2283 3399 εἷναί
2313 3360 2511 3413 φαμεν,
2562 3342 2597 3397 ἆ
2631 3342 2724 3396 καὶ
2764 3344 2819 3395 ἐν
2847 3340 2969 3412 τῇδε
2997 3344 3061 3411 τῇ
3107 3344 3269 3412 νοητῇ
3316 3340 3553 3411 θαλάσσῃ
3596 3340 3721 3393 δια-

2144 3438 2470 3510 πορεύεται,
2514 3437 2656 3491 κατά
2686 3437 2748 3489 τὸ
2796 3436 3218 3506 γεγραμμένον,
3268 3434 3366 3498 τάς
3413 3434 3571 3502 ἁγίας
3625 3434 3721 3487 τοῦ

2147 3532 2394 3601 Σωτῆρος
2415 3530 2569 3600 ἡμῶν
2596 3528 2919 3599 Ἐκκλησίας
2937 3526 3102 3591 οὔσας
3124 3528 3220 3597 μὲν
3254 3528 3311 3579 ἐν
3340 3526 3547 3595 κόσμῳ,
3579 3526 3724 3596 πλὴν

2146 3622 2401 3693 ἀνωτέρω
2451 3622 2544 3674 τοῦ
2590 3622 2835 3692 κόσμου,
2894 3620 3145 3692 καθάπερ
3203 3620 3394 3690 ἀμέλει
3453 3621 3547 3674 καὶ
3621 3621 3724 3684 τὰς

2146 3712 2374 3777 ὁλκάδας
2402 3714 2548 3766 ἐστὶν
2578 3715 2725 3784 ὁρᾷν,
2747 3711 2910 3775 οὔσας
2942 3712 3038 3782 μὲν
3070 3714 3129 3764 ἐν
3155 3712 3327 3775 ὕδατι,
3352 3711 3490 3783 πλὴν
3512 3712 3726 3766 ὑδάτων

2147 3803 2440 3874 ἀνωτέρας.
2459 3803 2522 3855 Αἱ
2538 3802 2713 3854 τοίνυν
2732 3802 2935 3855 ὑδάτων
2954 3800 3027 3872 (5)
3048 3801 3245 3854 πλοίων
3274 3802 3589 3871 ἐκκλησίαι,
3622 3802 3726 3873 τὴν

2148 3893 2340 3964 νοητὴν
2391 3892 2772 3963 διανηχόμεναι
2816 3891 3087 3944 θάλασσαν
3111 3930 3125 3954 ,
3166 3891 3406 3961 δέχονται
3456 3891 3552 3960 μὲν
3592 3892 3727 3951 τοὺς

2150 3984 2532 4046 πιστεύοντας,
2584 3981 2976 4051 ἀποκομίζουσι
3019 3981 3075 4033 δέ
3120 3980 3371 4051 καθάπερ
3403 3982 3481 4042 είς
3525 3980 3727 4051 ἑτέραν

2148 4074 2267 4128 τινὰ
2305 4077 2407 4145 γῆν
2437 4075 2468 4144 ἢ
2496 4072 2677 4144 χώραν
2711 4072 2807 4143 τὴν
2852 4071 2961 4123 τῶν
2992 4070 3236 4142 οὐρανῶν
3274 4070 3580 4141 βασιλείαν,
3631 4071 3729 4121 καὶ

2150 4165 2336 4219 ἐλπίδα
2361 4164 2457 4235 τὴν
2486 4166 2541 4217 ἐν
2590 4163 2807 4235 Χριστῷ
2846 4164 2937 4217 καὶ
2970 4166 3047 4226 είς
3074 4163 3344 4232 ἀγιασμὸν
3369 4162 3457 4213 τὸν
3489 4160 3572 4212 διὰ
3626 4160 3727 4213 τοῦ

2149 4259 2507 4329 Πνεύματος,
2564 4256 2657 4309 καὶ
2709 4258 2789 4319 είς
2840 4255 2933 4322 τὴν
2979 4255 3087 4309 τῶν
3135 4256 3305 4324 ἁγίων
3347 4254 3573 4325 πατρίδα
3624 4255 3731 4323 τὴν

2150 4350 2373 4421 ἀρετήν.
2410 4347 2671 4419 Πάροικοι
2706 4346 2814 4417 γὰρ
2842 4345 2992 4409 ὄντες
3025 4346 3117 4397 καὶ
3144 4344 3531 4416 παρεπίδημοι,
3576 4342 3729 4395 κατὰ

2151 4443 2209 4495 τὸ
2238 4441 2642 4512 γεγραμμένον,
2670 4421 2761 4495 ἐπὶ
2790 4439 2888 4509 τῆς
2924 4438 3047 4508 γῆς,
3098 4439 3197 4491 οὐκ
3235 4437 3445 4507 ἔχουσιν
3482 4428 3581 4488 ὧδε
3625 4436 3732 4505 μέ-

474 4535 757 4598 festinant,
790 4535 949 4605 cujus
976 4536 1173 4592 artifex
1202 4545 1255 4592 et
1296 4544 1512 4592 creator
1539 4543 1623 4592 est
1658 4538 1799 4593 Deus
1816 4536 1881 4591 ⁸⁵.
1911 4537 2046 4591 Cum

2151 4551 2344 4587 νουσαν
2364 4532 2516 4585 πόλιν
2533 4548 2545 4560 ·
2570 4530 2877 4600 ἐπείγονται
2900 4530 2956 4582 δέ
2979 4530 3112 4601 πρὸς
3133 4529 3367 4599 ἐκείνην,
3387 4522 3452 4598 ἧς
3472 4526 3733 4595 τεχνίτης

473 4644 604 4699 ergo
635 4629 871 4683 mundus
898 4629 989 4683 hic
1023 4636 1206 4684 noster
1228 4630 1474 4700 exemplo
1504 4630 1672 4685 maris
1695 4629 2044 4699 intelligatur,

474 4736 577 4791 pro
608 4722 801 4793 cymba
841 4730 895 4776 et
929 4722 1180 4776 navicula
1220 4720 1465 4777 Ecclesia
1509 4722 1905 4785 aestimabitur,
1947 4735 2046 4790 pro

476 4809 660 4865 nautis
693 4810 901 4866 habens
928 4811 1311 4875 sanctiﬁcatos,
1342 4811 1461 4881 qui,
1497 4810 1642 4881 quod
1670 4810 1827 4865 ﬁdem
1860 4826 2051 4865 susce-

474 4903 679 4974 perint,
715 4902 997 4958 Christum
1024 4918 1211 4960 secum
1238 4910 1547 4958 versantem
1581 4919 1795 4973 semper
1823 4903 2048 4967 habent,

477 4998 894 5067 tranquillitatis
946 5005 1243 5053 auctorem.
1296 4996 1411 5052 Alia
1459 4997 1586 5052 item
1639 4998 1853 5051 ratione
1884 5012 2050 5051 naves

478 5096 759 5160 nuncupat
797 5104 916 5155 eos,
960 5090 1054 5160 qui
1101 5089 1156 5143 in
1196 5103 1425 5159 corpore
1474 5104 1609 5154 suo,
1652 5089 1881 5158 hujusce
1924 5090 2048 5143 vitae

479 5180 645 5236 salsis
672 5189 727 5236 et
754 5181 1073 5236 decumanis
1106 5179 1361 5237 ﬂuctibus
1392 5181 1684 5251 agitantur.
1733 5179 2047 5235 Laudantur

476 5288 645 5345 porro
673 5289 841 5330 naves
866 5290 987 5344 qua:
1025 5290 1174 5329 mare
1202 5282 1607 5344 pertranseunt,
1639 5288 1749 5329 non
1782 5290 1910 5330 vero
1928 5290 2049 5343 quae

480 5366 555 5421 ibi
588 5374 925 5436 permanent,
952 5366 1037 5421 vel
1056 5382 1176 5437 qua:
1198 5364 1452 5421 fluctibus
1480 5366 1890 5437 demerguntur.
1912 5365 2052 5419 Nam

481 5457 577 5525 qui
614 5457 667 5511 in
694 5472 858 5513 carne
878 5468 1027 5522 sunt,
1058 5473 1158 5514 nec
1197 5458 1495 5514 secundum
1527 5473 1744 5514 carnem
1793 5458 2049 5520 militant,

482 5547 607 5601 vita:
633 5546 857 5602 fluctum
907 5548 1206 5613 calcantes,
1244 5563 1417 5618 eoque
1461 5547 1796 5617 snperiores,
1841 5546 2050 5601 faciunt

474 5637 853 5706 Operationem
882 5639 937 5694 in
966 5640 1122 5709 aquis
1156 5639 1359 5703 multis,
1390 5652 1456 5693 ac
1498 5637 1861 5699 descendunt,
1889 5643 1948 5691 ut
1978 5652 2046 5690 ex

2152 4628 2245 4680 καὶ
2281 4625 2608 4698 δημιουργὸς
2647 4626 2676 4677 ὁ
2722 4623 2871 4685 Θεὸς.
2918 4622 3005 4674 Ἐν
3049 4622 3288 4691 σχήματι
3319 4616 3414 4673 οὖν
3448 4618 3733 4688 θαλάσσης

2152 4715 2300 4768 τοῦδε
2343 4714 2435 4767 τοῦ
2482 4713 2600 4766 καθ’
2632 4714 2777 4783 ἡμᾶς
2823 4712 3108 4781 νοουμένου
3142 4710 3374 4779 κόσμου,
3433 4708 3639 4775 σκάφος
3687 4707 3730 4777 ἦ

2155 4806 2401 4875 πλοῖονὴ
2455 4803 2749 4873 Ἐκκλησία
2780 4803 3139 4873 νοηθήσεται,
3191 4801 3479 4870 πλωτῆρας
3524 4798 3737 4868 ἔχουσα.

2151 4900 2276 4961 τοὺς
2300 4898 2683 4969 ἡγιασμένους,
2719 4897 2767 4949 οἳ
2819 4898 2909 4949 καὶ
2937 4895 3024 4949 διὰ
3068 4893 3161 4947 τοῦ
3197 4891 3588 4957 καταδέξασθαι
3623 4892 3735 4962 τὴν

2154 4991 2333 5044 πίστιν
2365 4989 2588 5043 συνόντα
2618 4987 2705 5041 διὰ
2740 4986 2937 5049 παντὸς
2967 4986 3148 5056 ἔχουσι
3167 4986 3259 5038 τὸν
3289 4983 3518 5056 Χριστὸν
3544 4981 3737 5036 εὐδίαν

2153 5082 2426 5137 ἁπλούντα
2468 5082 2566 5151 τὴν
2606 5080 2841 5151 ἁπαλήν.
2892 5078 3122 5148 Ἑτέρως
3158 5077 3213 5129 δὲ
3267 5077 3425 5129 πλοῖα
3466 5075 3734 5145 ὀνομάζει

2153 5177 2277 5238 τοὺς
2307 5175 2393 5228 διὰ
2430 5173 2535 5227 τῶν
2579 5171 2843 5243 σωμάτων
2874 5174 2929 5224 ἐν
2963 5170 3040 5240 τῷ
3089 5168 3314 5241 ἁλμυρῷ
3354 5169 3579 5221 κλύδωνι
3628 5167 3734 5220 τοῦ

2159 5267 2272 5338 βίου
2316 5266 2503 5319 τούτου
2562 5264 2971 5335 σαλευομένους.
3020 5263 3128 5316 Καὶ
3160 5263 3309 5315 ἐστιν
3358 5258 3733 5330 ἐπαινούμενα

2158 5361 2315 5412 πλοῖα
2342 5358 2409 5411 τὰ
2452 5357 2790 5410 διαϐαίνοντα
2820 5356 2916 5426 τὴν
2957 5356 3227 5409 θάλασσαν
3252 5394 3264 5418 ,
3308 5353 3442 5406 ἀλλά
3478 5353 3554 5423 μὴ
3603 5355 3736 5407 ἐνα-

2155 5452 2456 5519 πομένοντα
2483 5451 2645 5520 αὐτῇ,
2680 5449 2812 5519 μηδὲ
2846 5446 3356 5517 καταϐαπτιζόμενα
3398 5442 3740 5515 τοῖς,κύμαδ

2160 5561 2260 5598 σιν.
2296 5546 2359 5597 Οἱ
2392 5542 2499 5614 γὰρ
2540 5545 2597 5596 ἐν
2642 5543 2808 5611 σαρκὶ
2850 5541 3034 5607 ὄντες,
3090 5541 3185 5594 καὶ
3231 5539 3306 5610 μὴ
3355 5537 3498 5592 κατά
3545 5538 3736 5609 σάρκα

2158 5636 2595 5708 στρατευόμενοι,
2624 5633 3059 5698 καταπατοῦντες
3081 5632 3170 5687 τὸν
3196 5630 3437 5685 κλύδωνα
3466 5628 3561 5683 τοῦ
3583 5630 3732 5701 βίου,

554 5733 601 5765 ⁴³
638 5733 655 5787 I
689 5734 818 5793 Cor.
848 5752 913 5804 ι,
943 5738 995 5794 1.
1071 5737 1117 5769 ⁸⁸
1155 5734 1320 5794 Hebr.
1357 5750 1491 5803 xm,
1528 5735 1616 5792 14.
1652 5738 1655 5741 ’
1693 5736 1738 5768 ⁸⁸
1776 5732 1941 5790 Hebr.
1976 5750 2054 5801 tu,
2087 5731 2176 5788 10.

557 5826 633 5899 (5)
667 5825 758 5884 se:
