4014 6410
316 314 339 369 1
351 312 459 369 285

1377 309 1885 368 COMMENTARIA
1924 313 1993 369 IN
2030 315 2369 379 PSALMOS.

3440 337 3578 394 1286

308 430 407 486 καὶ
439 424 760 501 ὑψηλότεροι
810 425 974 483 αὐτοῦ
1021 426 1193 493 ὄντες,
1234 428 1478 483 ποιοῦσιν
1518 431 1783 501 ἐργασίαν
1834 433 1867 485 ἐπ

1995 433 2264 491 demersis
2290 435 2505 507 aliquos
2542 438 2845 500 lucrentur.
2880 444 3219 520 Insuperquc
3254 451 3422 523 hujus
3455 456 3582 512 vitae

308 521 464 578 ὕδασι
507 522 743 586 πολλοῖς,
790 518 1317 589 συγκαταϐαίνοντες
1360 520 1456 573 ἐπὶ
1504 519 1584 591 τῷ
1630 521 1905 591 κερδῆσαί

305 632 462 678 τινας
520 614 631 667 τῶν
695 612 1123 684 βεὸυθισμένων.
1172 612 1294 665 Ἔτι
1341 611 1433 665 τὸν
1471 612 1596 683 τῇδε
1639 612 1735 665 τοῦ
1778 612 1892 683 βίου

305 707 715 781 περισπασμὸν,
742 706 837 760 καὶ
864 705 964 777 τὴν
997 705 1056 757 ἐν
1093 702 1243 775 αὐτῷ
1271 702 1380 757 τῶν
1421 704 1762 776 πραγμάτων
1803 723 1893 759 πι-

307 800 447 870 κρὰν
477 800 740 870 ἀνάχυσιν
802 798 897 852 καὶ
927 798 1019 852 τὸν
1064 797 1406 869 ἀναφυρμὸν,
1443 798 1722 869 σημαίνων
1758 800 1891 869 ἡμῖν

302 892 535 955 ἀστείως
567 892 596 944 6
632 890 885 963 μελῳδὸς,
931 889 1093 957 Αὕτη
1126 889 1164 957 ἡ
1200 888 1503 956 θάλασσα,
1539 891 1735 961 φησὶν,
1770 891 1901 945 ἐκεῖ

302 985 543 1054 ἑρπετὰ,
580 978 669 1039 ὧν
695 986 807 1038 οὐκ
856 982 1029 1037 ἐστιν
1060 983 1324 1053 ἀριθμὸς,
1356 982 1469 1043 ζῶα
1511 983 1695 1053 μικρὰ
1741 988 1894 1054 μετὰ

298 1075 596 1147 μεγάλων.
648 1075 851 1146 Ἰχθύσι
899 1076 1009 1148 γὰρ
1047 1077 1449 1149 παρεικαστέον
1483 1073 1543 1130 εὖ
1580 1077 1726 1149 μάλα
1764 1079 1892 1143 τοὺς

301 1170 392 1221 ἐπ’
437 1168 615 1222 οὐδενὶ
662 1168 762 1239 μὲν
796 1167 907 1222 ἔσθ’
937 1170 1025 1222 ὅτε
1077 1170 1187 1223 τῶν
1230 1170 1541 1239 ἀναγκαίων
1584 1174 1664 1235 είς
1705 1172 1891 1244 ὄνησιν

300 1262 429 1333 τῇδε
459 1262 681 1315 κάκεῖσε
718 1261 1063 1333 διᾴττοντας,
1106 1263 1200 1316 καὶ
1244 1262 1382 1333 μόνα
1433 1262 1787 1332 συλλέγοντας
1821 1264 1888 1317 τά

299 1356 511 1425 ὅσαπερ
538 1355 603 1409 ἂν
636 1355 910 1425 ἀποφῆναι
965 1357 1260 1427 σαρκικοὺς
1280 1395 1297 1422 ,
1347 1356 1442 1409 καὶ
1474 1356 1713 1421 εἰκαίους
1759 1358 1891 1411 ἀνα-

300 1444 490 1515 τλῆναι
525 1443 937 1515 παρασκευάζει
973 1445 1189 1509 πόνους.
1233 1446 1443 1499 Οὐκοῦν
1478 1446 1676 1517 ίχθύων
1707 1446 1891 1519 διανη-

1993 526 2434 595 distraotionem,
2466 537 2521 586 et
2544 545 2791 589 amaram
2822 536 2972 592 illam
3014 556 3199 596 rerum
3224 542 3348 614 ejus
3376 545 3579 601 confu-

1993 620 2202 675 sionem
2246 623 2799 700 commistionemquc
2837 632 3051 688 urbane
3112 635 3276 693 nobis
3324 637 3579 697 indicans

1995 712 2316 784 Psalmista,
2355 715 2471 772 Hoc
2506 735 2675 789 mare,
2706 722 2906 793 inquit,
2941 725 3054 780 illic
3075 727 3312 796 reptilia,
3352 747 3581 801 quorum

1995 820 2103 858 non
2135 814 2214 859 est
2244 821 2517 874 numerus,
2549 817 2656 867 etc.
2692 810 2828 868 Nam
2868 815 3114 885 piscibus
3161 820 3409 890 apposite
3443 838 3578 879 con-

1995 893 2264 965 ferantur,
2293 898 2389 967 qui
2420 897 2488 953 ad
2517 903 2916 970 comparandas
2939 907 3037 962 sibi
3060 923 3151 965 res
3174 927 3353 982 neque
3383 928 3578 971 neces-

1996 988 2195 1052 sarias,
2237 1004 2417 1060 neque
2463 991 2647 1053 utiles,
2697 994 2805 1050 huc
2844 996 2976 1052 illuc
3014 1002 3352 1072 transiliunt,
3389 1012 3445 1059 et
3481 1007 3576 1061 illa

1993 1078 2109 1133 sola
2137 1078 2422 1150 colligunt,
2457 1095 2579 1150 quae
2599 1081 2723 1138 illos
2753 1085 3004 1142 carnales
3028 1102 3151 1144 esse
3174 1088 3475 1156 declarent,
3509 1106 3576 1147 ac

1994 1170 2215 1227 labores
2259 1185 2453 1227 eorum
2488 1186 2660 1229 vanos
2693 1173 2994 1246 irritosque
3022 1177 3250 1233 faciant.
3276 1177 3446 1251 lgitur
3492 1182 3576 1251 pi-

1996 1263 2172 1318 scium
2200 1261 2372 1319 instar
2397 1263 2501 1319 hoc
2517 1279 2668 1320 mare
2695 1282 2951 1339 magnum
2975 1275 3029 1324 et
3056 1271 3356 1339 spatiosum
3388 1281 3575 1327 trana-

1995 1368 2143 1417 mus,
2179 1352 2435 1409 videlicet
2478 1356 2745 1412 mundum
2776 1376 2791 1413 :
2824 1373 2951 1413 nam
2980 1360 3251 1432 cujusque
3277 1363 3387 1419 vita
3419 1366 3575 1422 varia

1996 1444 2366 1516 dill'erensque
2393 1453 2499 1501 est.

298 1538 508 1610 χόμεθσ.
548 1537 702 1609 δίκην
732 1538 830 1610 τὴν
883 1538 1142 1595 πλατεῖαν
1183 1540 1386 1612 ταύτην
1435 1541 1531 1595 καὶ
1574 1540 1890 1612 εὐρύχωρον
1948 1538 2247 1605 Θάλασσαν,
2307 1539 2554 1594 τουτέστι
2588 1540 2681 1595 τὸν
2716 1541 2953 1614 κόσμον·
3006 1543 3260 1618 διάφορος
3306 1547 3413 1617 γάρ
3456 1564 3573 1610 πως

294 1634 327 1686 6
351 1632 581 1686 ἑκάστου
609 1628 741 1700 βίος.

367 1793 607 1865 Δράκων
660 1787 858 1861 οὗτος,
910 1792 982 1846 ὃν
1028 1792 1307 1859 ἔπλασας
1342 1791 1648 1862 ἐμπαίζειν
1700 1791 1867 1858 αὐτῷ

2062 1760 2225 1839 Vsus.
2252 1781 2443 1837 27-29.
2489 1782 2665 1838 Draco
2696 1786 2815 1852 iste,
2868 1803 3017 1857 quem
3057 1789 3304 1858 formasti
3337 1793 3407 1847 ad
3443 1795 3571 1849 illu-

296 1885 503 1940 Πάντα
524 1885 674 1957 πρὸς
703 1885 780 1940 σὲ
816 1883 1217 1955 προσδοκῶσι,
1248 1884 1459 1939 δοῦναι
1498 1884 1613 1953 τὴν
1649 1884 1881 1955 τροφὴν

291 1977 500 2044 αὐτοῖς
543 1978 840 2049 εὔκαιρον.
900 1979 1121 2043 Δόντος
1169 1992 1289 2032 σου
1345 1978 1550 2045 αὐτοῖς
1577 2019 1592 2043 ,
1655 1976 1873 2031 συλλέ-

292 2069 504 2133 ξουσι·
550 2068 908 2134 ἀνοίξαντος
952 2065 1018 2121 δέ
1062 2082 1179 2121 σου
1221 2066 1338 2137 τὴν
1390 2067 1579 2137 χεῖρα,
1620 2067 1691 2121 τὰ
1723 2068 1879 2136 σύμ..

288 2174 489 2213 πάντα
511 2158 973 2228 πλησθήσονται
993 2160 1422 2228 χρηστότητος.
1445 2160 1589 2231 Ὅρα
1604 2160 1651 2211 εί
1672 2158 1879 2231 δυνήσῃ

290 2250 578 2304 καθολικὸν
601 2250 710 2304 ἀπὸ
724 2251 913 2303 τούτου
943 2250 1192 2304 ἐκλαϐεῖν
1214 2250 1411 2322 δόγμα,
1429 2251 1506 2314 ὡς
1534 2251 1750 2305 πάντων
1771 2249 1881 2302 τῶν

289 2341 534 2412 γενητῶν
556 2341 894 2412 πενομένων,
917 2341 1255 2413 λειπομένων
1282 2360 1342 2395 τε
1374 2343 1468 2396 καὶ
1490 2342 1758 2413 δεομένων
1781 2345 1879 2414 τῆς

287 2434 443 2506 παρὰ
468 2433 564 2488 τοῦ
599 2434 733 2488 Θεοῦ
763 2434 1048 2506 χορηγίας,
1078 2430 1146 2507 ἦς
1193 2435 1563 2506 μεταλαϐόντα
1606 2434 1876 2505 δυναμοῦ-

286 2544 379 2580 ται
415 2527 510 2580 καὶ
542 2526 735 2598 ίσχύει,
767 2526 957 2599 ὥσπερ
981 2526 1069 2581 διὰ
1098 2528 1304 2599 τροφῆς
1340 2526 1643 2599 ζωούμενα.
1671 2526 1877 2581 Πάντα

279 2616 439 2686 πρὸς
469 2617 546 2671 σὲ
577 2616 1020 2687 προσδοκῶσιν,
1040 2617 1252 2671 δοῦναι
1288 2618 1402 2687 τὴν
1422 2619 1653 2688 τροφὴν
1670 2618 1876 2684 αὐτοῖς

284 2709 585 2778 εὔκαιρον.
628 2708 710 2763 Τά
742 2708 1013 2763 πάνταςδὲ
1049 2711 1229 2781 φήσας
1259 2712 1287 2763 6
1330 2709 1487 2780 λόγος
1520 2712 1873 2784 περιείληφεν

282 2802 421 2874 ὁμοῦ
453 2802 552 2867 τὰς
582 2801 780 2873 νοητὰς
808 2801 905 2855 καὶ
937 2802 1099 2870 ἁγίας
1130 2800 1409 2872 δυνάμεις,
1452 2801 1551 2864 τάς
1586 2819 1647 2854 τε
1681 2801 1871 2871 αἰσθη-

281 2893 383 2958 τάς
408 2896 503 2949 καὶ
533 2895 633 2959 τάς
663 2897 721 2948 ἐν
755 2894 970 2966 θνητοῖς
1011 2893 1278 2965 σώμασιν.
1326 2894 1482 2948 Οὕτω
1520 2895 1629 2967 γὰρ
1664 2894 1865 2965 μᾶλλον

1987 1874 2217 1929 dendum
2248 1874 2316 1929 ei.
2346 1873 2540 1929 Omnia
2582 1893 2614 1929 a
2645 1886 2691 1929 te
2721 1889 3022 1947 exspectant
3051 1891 3109 1933 ut
3142 1880 3232 1936 des
3262 1883 3371 1937 illis
3395 1902 3570 1939 escam

1986 1967 2042 2022 in
2075 1977 2321 2036 tempore.
2351 1966 2528 2022 Dante
2560 1977 2608 2022 te
2640 1969 2747 2023 illis
2776 1970 3046 2042 colligent,
3081 1976 3341 2042 aperiente
3364 1987 3411 2031 te
3449 1995 3568 2032 ma-

1986 2076 2113 2114 num
2153 2061 2333 2113 omnia
2386 2060 2747 2129 implebantur
2798 2063 3047 2118 bonitate.
3091 2064 3227 2122 Vide
3274 2084 3341 2122 an
3388 2073 3569 2140 possis

1987 2151 2115 2206 hinc
2149 2152 2346 2222 dogma
2388 2153 2723 2207 catholicum
2766 2156 3038 2224 excipere,
3072 2157 3219 2228 quod
3256 2175 3450 2215 omnes
3478 2178 3569 2219 res

1985 2253 2185 2299 creata:
2228 2244 2421 2314 inopes
2473 2244 2585 2299 sint
2644 2260 2709 2299 ac
2748 2244 2844 2301 Dei
2874 2248 3163 2319 largitione
3212 2262 3426 2321 egeant,
3459 2271 3567 2325 qua

1983 2345 2209 2407 accepta
2233 2338 2569 2393 roborantur
2597 2353 2662 2392 ac
2694 2338 2896 2411 vigent,
2919 2350 3107 2412 utpote
3124 2360 3249 2399 esca
3280 2346 3445 2400 vitam
3480 2364 3566 2402 ac-

1982 2430 2270 2501 cipientes.
2308 2430 2503 2484 Omnia
2540 2438 2642 2483 ate
2676 2441 3002 2500 exspectant,
3034 2445 3092 2487 ut
3121 2434 3211 2491 des
3241 2437 3349 2491 illis
3389 2456 3566 2493 escam

1979 2524 2036 2578 in
2066 2533 2316 2592 tempore.
2365 2523 2504 2579 Cum
2549 2539 2717 2595 porro
2758 2527 2939 2580 omnia
2985 2528 3205 2597 dixerit,
3251 2534 3565 2602 spirituales

1978 2624 2033 2672 et
2055 2623 2277 2672 sanctas
2301 2615 2558 2680 virtutes,
2591 2632 2810 2673 necnon
2842 2621 3152 2688 sensibiles,
3187 2639 3307 2693 quae
3331 2627 3383 2679 in
3416 2643 3565 2681 mor-

1981 2707 2179 2763 talibus
2237 2707 2562 2777 corporibus
2611 2719 2760 2773 sunt,
2790 2725 2899 2763 una
2939 2713 3260 2783 complexus
3288 2724 3391 2771 est.
3425 2716 3564 2773 Nam

1974 2801 2051 2855 ita
2093 2800 2189 2856 Dei
2230 2800 2449 2855 bonitas
2495 2801 2668 2870 magis
2700 2802 2980 2868 eluccscit,
3030 2805 3176 2875 quod
3205 2814 3314 2862 tam
3362 2809 3561 2881 dignis,

1972 2908 2135 2962 quam
2162 2891 2423 2963 indignis,
2460 2907 2615 2947 suam
2659 2892 2937 2962 impertiat
2966 2888 3379 2968 benignitatem.

285 2987 547 3058 μειζόνως
569 2990 604 3060 ή
636 2988 908 3059 ἀναθότης
935 2986 1251 3059 διαλάμπει,
1279 2987 1358 3059 τῷ
1386 2989 1481 3042 καὶ
1513 2989 1683 3055 ἀξίοις
1710 2991 1801 3043 καὶ
1831 2988 1905 3060 μὴ
1939 2987 2110 3051 ἀξίοις
2146 2986 2246 3057 τῆς
2276 2987 2407 3059 παρ’
2430 2986 2599 3059 αὑτοῦ
2634 2990 3000 3062 χρηστότητος
3034 2992 3374 3061 μεταδοῦναι.

364 3149 729 3217 Ἀντανελεῗς
751 3149 819 3203 τὸ
848 3150 1084 3221 πνεῦμα
1112 3147 1311 3205 αὐτῶν
1344 3148 1443 3202 καὶ
1478 3149 1858 3217 ἐκλείψουσι.

2035 3147 2204 3203 Vsus.
2235 3143 2324 3201 30.
2356 3146 2575 3215 Auferes
2608 3146 2851 3215 spiritum
2884 3162 3089 3212 eorum,
3119 3159 3168 3203 et
3198 3151 3462 3221 deﬁcient,
3508 3144 3561 3211 et

279 3242 379 3296 καὶ
394 3244 481 3307 εἰς
502 3242 611 3295 τὸν
639 3242 793 3310 χοῦν
816 3241 1015 3297 αὐτῶν
1029 3241 1489 3311 ἐπιστρέφουσι.
1509 3242 1865 3305 Ἐξαποστε-

276 3334 407 3401 ,ἱεῖς
424 3334 491 3388 τὸ
508 3334 900 3405 πνεῦμὰξσου,
920 3335 1019 3389 καὶ
1037 3334 1489 3403 πεισθήσονται,
1515 3335 1613 3387 καὶ
1630 3335 1866 3387 ἀνακαι-

278 3425 426 3491 risit;
454 3425 521 3479 τὸ
553 3427 882 3495 πρόσωπον
913 3425 1024 3495 τῆς
1056 3425 1190 3497 γῆς.
1228 3426 1363 3499 Περὶ
1396 3425 1699 3498 ἀνθρώπων
1749 3425 1805 3478 δὲ
1835 3426 1865 3477 6

276 3513 456 3583 λόγος,
492 3515 587 3569 καὶ
632 3510 782 3585 οἶμαί
823 3533 887 3585 γε
937 3516 1024 3570 διὰ
1064 3516 1270 3570 τούτων
1304 3518 1404 3588 τὴν
1456 3516 1547 3570 τοῦ
1597 3516 1864 3587 παρόντος

277 3606 473 3670 αἰῶνος
495 3606 783 3679 δηλοῦσθαι
820 3608 1131 3663 συντέλειαν
1155 3649 1169 3673 ,
1203 3610 1298 3663 καὶ
1326 3609 1425 3681 τὴν
1450 3608 1541 3663 τοῦ
1576 3609 1862 3680 μέλλοντος

271 3697 590 3752 ἀνανέωσινο
617 3698 693 3762 ὡς
721 3698 787 3754 ἂν
819 3701 890 3771 μή
911 3718 994 3764 τις
1027 3702 1301 3774 ὑπονοήσῃ
1326 3702 1405 3763 εἰς
1434 3702 1657 3771 ἄπειρον
1691 3718 1861 3753 κατα-

273 3791 470 3844 τείνειν
490 3791 588 3862 τὴν
616 3791 897 3863 παροῦσαν
920 3792 1013 3846 τοῦ
1040 3793 1248 3863 κόσμου
1279 3792 1556 3856 σύστασιν,
1581 3791 1696 3845 ἀλλ’
1719 3791 1860 3861 ἔχοι-

275 3894 378 3946 μεν
404 3878 623 3944 ἐλπίδας
651 3883 730 3943 εἰς
763 3882 970 3934 ἐκεῖνον
997 3883 1087 3936 τὸν
1120 3883 1237 3935 νέον
1276 3882 1448 3935 αἰῶνα
1476 3882 1569 3935 καὶ
1602 3882 1699 3954 τὴν
1725 3882 1858 3935 ἀνά-

277 3983 485 4031 στασιν,
511 3971 576 4040 ἣν
605 3973 633 4023 6
661 3970 817 4039 λόγος
848 3972 1148 4043 παρίστησι
1179 3971 1315 4045 μετά
1337 3972 1396 4025 τὸ
1420 3973 1604 4041 φάναι,
1626 3975 1729 4037 Εἰς
1752 3975 1861 4027 τὸν

272 4059 429 4126 χοῦν
454 4060 652 4114 αὐτῶν
699 4062 1174 4131 ἐπιστρέφουσιν
1194 4104 1207 4129 ,
1244 4063 1539 4133 ἐπαγαγών
1559 4082 1571 4094 ·
1617 4064 1859 4129 Ἐξαπο-

273 4150 512 4215 στελεῖς
548 4152 615 4205 τὸ
649 4154 885 4225 πνεῦμά
914 4171 1030 4209 σου
1067 4156 1128 4209 τὸ
1162 4156 1447 4223 ζωοποιὸν,
1480 4156 1577 4209 καὶ
1615 4155 1859 4223 κτισθή-

273 4257 507 4309 σονται,
540 4228 603 4296 ἐκ
657 4244 762 4315 γῆς
815 4247 1201 4317 ἀνιστάμενοι,
1248 4248 1348 4302 καὶ
1392 4249 1759 4314 ἀνακαινιεῖς
1789 4249 1856 4303 τὸ

271 4336 600 4405 πρόσωπον
623 4336 735 4407 τῆς
764 4337 896 4408 γῆς,
922 4339 981 4391 τὸ
1008 4340 1201 4405 κάλλος
1232 4341 1333 4412 τῆς
1359 4342 1481 4410 γῆς,
1508 4340 1707 4413 δηλαδὴ
1731 4342 1856 4406 τοὺς

270 4431 382 4485 ἀπὸ
453 4430 560 4501 γῆς
606 4429 945 4494 πλασθέντας
1010 4431 1349 4503 ἀνθρώπους.
1433 4433 1697 4487 Ἐνταῦοα
1760 4451 1855 4487 σα-

1969 3242 2023 3294 in
2076 3241 2342 3309 pulverem
2406 3255 2561 3294 suum
2616 3248 2959 3293 revertentur.
3012 3239 3237 3296 Emittes
3310 3248 3559 3315 spiritum

1970 3338 2138 3395 tuum,
2156 3339 2206 3383 et
2228 3328 2568 3393 creabantur,
2600 3338 2649 3383 et
2680 3326 2954 3383 renovabis
2985 3330 3176 3399 faciem
3202 3336 3557 3395 terrszsti-

1967 3438 2058 3477 mo
2079 3421 2146 3476 de
2172 3421 2490 3477 hominibus
2524 3422 2613 3476 hic
2640 3437 2948 3477 sermonem
2975 3422 3188 3488 haberi,
3224 3440 3289 3480 ac
3312 3436 3561 3496 praescm

1966 3515 2038 3569 tis
2059 3514 2246 3569 saeculi
2279 3513 2806 3569 consummationem
2837 3514 3119 3585 futurique
3142 3521 3551 3577 renovationem

1966 3603 2052 3658 his
2080 3602 2411 3674 signiﬁcari;
2446 3609 2507 3656 ut
2541 3618 2610 3657 ne
2633 3602 2756 3673 quis
2776 3600 3152 3675 suspiCaretur
3172 3607 3334 3678 hujus
3361 3611 3552 3665 mundi

1966 3702 2169 3752 statum
2210 3696 2266 3749 in
2296 3702 2564 3750 aeternum
2592 3694 2914 3751 mansurum
2950 3712 3103 3765 esse;
3142 3700 3238 3755 sed
3273 3717 3425 3771 spem
3449 3704 3548 3758 ha-

1962 3787 2219 3843 heremus
2250 3787 2305 3841 in
2340 3786 2475 3841 illud
2509 3802 2710 3841 novum
2760 3788 3043 3853 saeculum,
3079 3806 3143 3844 ac
3190 3794 3551 3849 resurrectio-

1962 3894 2089 3935 nem
2120 3895 2283 3951 quam
2314 3896 2496 3936 sermo
2522 3881 2784 3945 declarat,
2821 3897 2944 3935 cum
2978 3890 3334 3954 posteaquam
3383 3886 3544 3953 dixit,

1963 3971 2031 4027 In
2049 3972 2310 4041 pulverem
2342 3988 2497 4027 suum
2523 3980 2863 4038 revertentur,
2890 3973 3135 4042 subjicit,
3164 3974 3389 4029 Emittes
3420 3978 3536 4044 spi-

1961 4068 2122 4120 ritum
2146 4076 2295 4120 tuum
2325 4065 2622 4129 viviﬁcum,
2651 4074 2702 4119 et
2728 4064 3068 4130 creabantur,
3102 4082 3169 4121 ex
3196 4075 3341 4121 terra
3367 4085 3547 4124 resur-

1960 4166 2173 4229 gentes,
2210 4169 2261 4213 et
2303 4157 2576 4213 renovabis
2622 4157 2815 4227 faciem
2859 4168 3034 4222 terrm,
3078 4159 3543 4228 pulchritudinem

1958 4250 2209 4305 videlicet
2236 4256 2414 4315 terrae,
2441 4249 2495 4303 id
2522 4256 2627 4313 est,
2650 4249 2902 4304 homines
2929 4265 2996 4305 ex
3029 4258 3175 4305 terra
3204 4253 3539 4309 ellormatos.

1958 4339 2060 4395 Hic
2106 4341 2256 4397 clare
2298 4340 2459 4395 nobis
2498 4340 2987 4407 resurrectionem,
3034 4356 3232 4395 novam
3281 4357 3380 4412 per
3412 4358 3541 4397 san-

1958 4432 2266 4488 ctissimum
2299 4429 2565 4502 Spiritum
2601 4430 2792 4495 vitam,
2829 4446 2893 4485 ac
2923 4432 3289 4486 humanorum
3340 4448 3539 4503 corpo-

270 4524 389 4593 ιρῶς
438 4525 568 4595 ἡμῖν
599 4523 693 4576 καὶ
724 4521 822 4594 τὴν
860 4524 1153 4578 ἀνάστασιν
1196 4524 1569 4596 προεκήρυξε,
1610 4526 1705 4578 καὶ
1754 4525 1854 4597 τὴν

1969 4541 2080 4580 rum
2110 4525 2166 4578 in
2191 4522 2495 4579 novissimo
2526 4524 2713 4578 saeculi
2745 4530 2990 4593 tempore
3017 4526 3070 4578 in
3100 4524 3391 4595 pristinam
3425 4525 3540 4579 for-

268 4617 360 4671 διὰ
388 4615 484 4671 τοῦ
530 4616 795 4686 παναγίου
839 4617 1156 4689 Πνεύματος
1192 4618 1512 4683 ἀναϐίωσιν,
1542 4620 1635 4671 καὶ
1668 4618 1760 4671 τὸν
1795 4621 1851 4672 ἐν

268 4710 522 4782 ἐσχάτοις
553 4710 647 4763 τοῦ
676 4709 871 4774 αἰῶνος
900 4714 1111 4783 καιροῖς
1134 4710 1243 4763 τῶν
1277 4709 1631 4783 ἀνθρωπίνων
1664 4704 1852 4781 σωμά-

267 4819 398 4867 των,
434 4802 823 4874 ἀναπλασμόνο
854 4805 951 4875 τήν
985 4821 1043 4857 τε
1072 4806 1153 4868 είς
1194 4803 1255 4857 τὸ
1298 4800 1452 4869 αὖθις
1483 4800 1621 4857 εῖναι
1674 4820 1852 4875 παρα-

267 4896 477 4965 γωγήν.
500 4896 609 4950 Καὶ
643 4896 934 4960 δείκνυσιν,
962 4896 1037 4960 ὡς
1062 4898 1223 4961 αὐτός
1249 4899 1395 4951 ἐστιν
1424 4900 1452 4951 6
1490 4899 1585 4952 καὶ
1615 4898 1845 4951 θανάτου

267 4986 364 5040 καὶ
384 4986 530 5057 ζωῆς
554 4987 924 5058 δεσπότης.οὑ
953 4988 1062 5060 γάρ
1093 4987 1339 5058 βούλεται
1371 4992 1483 5052 τοῖς
1506 4988 1847 5059 σκυθρωποῖς

267 5078 641 5149 ἐνδιατρίϐειν,
660 5079 798 5133 ἀλλά
827 5080 1083 5133 τοσοῦτον
1109 5079 1276 5134 εἰπὼν
1303 5083 1427 5135 ὅσον
1457 5080 1715 5152 φοϐῆσαι,
1743 5080 1847 5134 πάν·

266 5167 351 5222 λιν
377 5170 469 5222 ἐπὶ
492 5168 559 5222 τά
576 5168 787 5241 χρηστά
814 5170 1076 5237 ἐπανάγει
1092 5170 1181 5222 τὸν
1200 5170 1378 5238 λόγον,
1398 5171 1491 5223 καὶ¹
1520 5171 1657 5241 ὅπερ
1679 5170 1845 5223 ἀλλα-

264 5260 364 5332 χοῦ
385 5261 618 5333 εἴρηται,
640 5262 722 5315 ὃτι
752 5263 845 5315 καὶ
862 5261 1090 5315 θανάτου
1124 5262 1215 5316 καὶ
1239 5261 1386 5333 ζωῆς
1414 5261 1578 5326 αὑτός
1607 5264 1723 5315 ἐστι
1741 5261 1848 5316 Κύ-

266 5368 404 5423 ριος,
417 5350 577 5405 τοῦτο
595 5351 829 5406 ἐνταῦθα
850 5352 1018 5423 δηλοῖ,
1052 5353 1144 5406 καί
1174 5369 1305 5423 φησι
1333 5352 1461 5416 τοὺς
1488 5354 1569 5416 είς
1599 5353 1691 5406 τὸν
1713 5351 1842 5423 χοῦν

263 5442 699 5516 ἐπιστρέψαντας
715 5445 818 5497 ὑπὸ
833 5443 925 5497 τοῦ
943 5442 1083 5496 Πνεύ
1091 5460 1260 5515 ματος
1289 5445 1590 5509 κτίζεσθαι,
1609 5447 1704 5499 καὶ
1720 5449 1845 5500 ἀνα-

222 5604 223 5607 η
263 5534 604 5600 καινίζεσθαι
636 5537 741 5590 τῶν
767 5536 1069 5607 ἀνθρώπων
1096 5536 1158 5589 τὸ
1188 5537 1343 5604 γένος
1368 5555 1379 5567 ·
1413 5539 1446 5607 ἡ
1477 5538 1584 5608 γὰρ
1609 5539 1843 5592 ἀνάστα-

238 5622 352 5691 ’σις
371 5628 451 5690 είς
472 5627 533 5679 τὸ
564 5627 790 5699 ἀρχαῖόν
824 5630 972 5681 ἐστιν
1011 5628 1469 5690 ἀποκατάστασις.
1516 5629 1843 5699 Ἀποστολὴν

261 5717 320 5771 δέ
359 5717 515 5772 καλεῖ
540 5719 634 5771 τοῦ
670 5718 985 5789 Πνεῦματος
1016 5720 1116 5791 τὴν
1150 5720 1287 5791 πρὸς
1310 5720 1372 5773 τὸ
1399 5721 1643 5790 ἐνεργεῖν
1676 5720 1842 5773 αὐτοῦ

260 5812 685 5883 συγκατάδασιν,
711 5813 770 5867 οὐ
800 5811 897 5884 τὴν
923 5815 985 5867 ἐκ
1014 5813 1191 5879 τόπου,
1210 5815 1287 5879 είς
1316 5814 1482 5868 τόπον
1510 5814 1806 5885 μετάϐασιν
1824 5833 1839 5847 ο

1954 4632 2101 4670 mam
2157 4615 2586 4681 restitutionem,
2634 4615 2967 4687 praanunliat
3002 4634 3014 4670 :
3055 4616 3295 4685 itemque
3332 4618 3539 4688 produ-

1954 4706 2189 4761 ctionem
2221 4705 2371 4759 illam
2414 4713 2476 4759 ut
2517 4721 2740 4761 rursum
2779 4707 3127 4761 exsistamus.
3176 4706 3540 4777 Ostenditque

1952 4796 2135 4867 ipsum
2167 4811 2291 4852 esse
2332 4802 2388 4851 et
2418 4798 2613 4851 mortis
2641 4806 2693 4853 et
2733 4797 2857 4851 vita:
2898 4796 3212 4855 Dominum.
3254 4798 3375 4853 Non
3420 4802 3538 4854 vult

1951 4890 2097 4945 enim
2145 4904 2249 4945 nos
2285 4888 2342 4942 in
2387 4888 2641 4945 tristibus
2689 4904 3045 4960 permanere;
3096 4891 3191 4946 sed
3241 4900 3534 4961 postquam

1950 4990 2179 5038 eatenus
2202 4982 2295 5036 illa
2321 4982 2480 5048 dixit,
2514 4991 2790 5053 quatenus
2816 4998 2918 5039 nos
2948 4982 3434 5053 perterrefaceret;
3466 4986 3532 5038 ad

1934 5072 2169 5127 ‘mitiora
2206 5088 2426 5128 rursum
2464 5088 2775 5129 sermonem
2822 5074 3074 5129 reducit:
3108 5082 3161 5129 et
3207 5076 3355 5145 quod
3401 5077 3528 5131 alibi

1949 5164 2159 5220 dictum
2185 5172 2291 5229 est,
2320 5166 2582 5237 quoniam
2629 5168 2754 5220 vita:
2798 5173 2853 5221 et
2894 5168 3089 5222 mortis
3122 5169 3239 5238 ipse
3263 5166 3531 5223 Dominus

1949 5265 2053 5324 est,
2083 5257 2321 5327 idipsum
2349 5258 2463 5327 jam
2492 5258 2701 5313 indicat
2728 5266 2782 5314 et
2812 5260 2911 5324 ait,
2929 5275 3025 5315 eos
3048 5262 3141 5330 qui
3168 5262 3221 5315 in
3246 5261 3531 5330 pulverem

1949 5350 2152 5405 reversi
2170 5356 2298 5405 sunt
2322 5366 2351 5404 a
2379 5349 2583 5420 Spiritu
2602 5351 2971 5414 creandos,ac
3001 5354 3375 5407 renovandum
3406 5368 3529 5407 esse

1948 5457 2120 5512 genus
2152 5443 2451 5497 humanum
2481 5458 2639 5496 :nam
2670 5445 3002 5499 resurrectio
3044 5454 3128 5500 est
3156 5447 3211 5500 in
3232 5446 3529 5516 pristinum

1946 5535 2245 5590 restitutio.
2290 5534 2655 5590 Emissionem
2707 5544 2890 5591 autem
2950 5536 3189 5607 Spiritus
3246 5530 3528 5611 nuncupat

1946 5629 2068 5697 ejus
2098 5628 2165 5682 ad
2199 5627 2535 5697 operandum
2559 5626 2908 5692 descensum,
2939 5644 3051 5683 non
3088 5645 3220 5685 vero
3265 5632 3527 5687 mutatio-

1946 5739 2071 5778 nem
2103 5738 2133 5776 a
2168 5722 2288 5777 loco
2331 5722 2387 5775 in
2419 5720 2623 5784 locum,
2656 5720 2785 5790 quia
2814 5718 3048 5790 Spiritus
3082 5721 3290 5777 Domini
3311 5724 3525 5793 replevit

1953 5813 2131 5871 orbem
2155 5823 2443 5882 terrarum,
2479 5832 2507 5871 a
2538 5830 2646 5887 quo
2671 5816 2839 5873 facies
2866 5823 3029 5873 terra:
3089 5828 3402 5876 renovatur.
3432 5815 3527 5872 Et-
