4014 6410
542 351 680 406 1287

1178 346 1442 402 EUSEBll
1482 344 1959 401 CAESARIENSIS
1996 343 2147 401 OPP.
2202 344 2383 401 PARS
2424 343 2511 402 lll.
2552 374 2623 385 —
2662 338 3069 402 EXEGETICA:

3602 354 3711 413 1288

540 471 683 525 enim
704 467 817 521 haec
832 472 915 519 est
939 473 1097 519 terra:
1128 464 1498 534 pulchritudo,
1526 463 1786 517 animalia
1815 478 1937 533 quin
1966 463 2021 516 in
2047 476 2111 515 ea

2218 462 2296 515 ὅτι
2334 462 2577 531 Πνεῦμα
2608 462 2830 532 Κυρίου
2875 461 3228 531 πεπλήρωκε
3260 462 3368 531 τὴν
3393 466 3712 537 oneum,

542 569 690 622 sunt,
736 560 957 628 planta},
1004 563 1059 610 et
1111 555 1392 610 hominum
1434 569 1627 624 genus.
1673 551 1744 609 Ut
1785 564 1967 609 autem
2020 555 2109 607 illa

540 652 967 710 constituantur,
1003 648 1312 701 necessaria
1347 656 1431 702 est
1458 645 1684 716 spiratio
1705 652 1760 701 et
1782 646 1891 699 vita
1922 645 1990 700 ab
2019 646 2113 700 illo

539 744 686 805 data,
734 757 897 811 quam
927 749 982 795 et
1012 741 1145 794 dare
1187 746 1243 793 et
1271 737 1518 807 accipere
1562 737 1664 806 ipsi
1714 736 1975 806 perfacile
2005 744 2110 802 est,

540 843 702 903 atque
729 832 844 885 haec
869 830 1055 885 omnia
1080 836 1309 899 repente
1331 843 1397 881 ac
1424 829 1578 881 nullo
1606 828 1826 897 negotio
1861 828 2072 896 peragit
2095 846 2108 880 :

541 927 594 979 id
623 926 767 980 enim
817 924 900 978 vel
952 923 1251 976 maximum
1299 929 1384 975 est
1417 920 1635 975 virtutis
1667 919 1789 988 ejus
1827 932 2113 988 argumen-

542 1021 675 1064 tum.
721 1009 883 1064 Vides
925 1010 1091 1064 etiam
1120 1010 1174 1063 in
1209 1008 1463 1079 praesenti
1492 1009 1602 1062 vita
1632 1007 2111 1071 resurrectionem,

542 1103 598 1156 in
634 1103 965 1165 seminibus,
1009 1101 1064 1154 in
1104 1100 1326 1170 plantis,
1364 1106 1526 1169 atque
1565 1101 1619 1153 in
1667 1100 1786 1169 ipso
1831 1100 2113 1153 hominum

544 1213 741 1268 genere
776 1210 1090 1266 expressam
1131 1194 1200 1247 ad
1238 1193 1627 1249 meditandum.
1677 1194 1954 1262 Siquidem
1996 1192 2114 1246 ani-

544 1292 706 1344 malia
739 1299 793 1344 et
825 1290 1021 1359 planta:
1051 1297 1349 1342 extremam
1388 1287 1511 1341 vitae
1541 1289 1807 1341 rationem
1840 1287 2110 1349 obtinent,

543 1398 649 1452 qua
680 1383 915 1445 sublata,
943 1388 1003 1434 ut
1030 1379 1234 1433 dictum
1264 1384 1369 1443 est,
1396 1385 1508 1432 tota
1541 1380 1650 1433 vita
1678 1378 1859 1434 deﬁcit
1886 1398 1899 1433 :
1923 1386 2114 1449 etque

542 1474 758 1529 residua
788 1480 937 1537 sunt,
973 1473 1115 1542 quod
1152 1488 1263 1541 pra).
1309 1472 1624 1526 inﬁrmitate
1669 1472 1833 1525 vitam
1885 1486 2111 1527 conser-

540 1583 670 1622 vare
698 1582 807 1621 non
856 1567 1087 1635 possint,
1120 1565 1188 1619 ad
1234 1579 1403 1620 unum
1441 1573 1496 1619 et
1546 1564 1687 1617 idem
1727 1571 2111 1628 revertuntur;

542 1674 604 1713 ac
651 1673 844 1712 rursus
886 1657 1143 1710 animalia
1194 1656 1349 1711 ﬁunt.
1392 1654 1656 1724 Quodque
1709 1654 2111 1708 divinissimum

542 1762 647 1815 est,
676 1766 779 1805 nos
822 1766 888 1804 ex
919 1757 1057 1812 toto,
1086 1748 1342 1802 videlicet
1375 1747 1587 1802 animas
1615 1754 1669 1801 et
1713 1747 1846 1817 ipsis
1880 1746 2113 1814 conjun-

2219 555 2307 623 ὑφ’
2345 550 2406 609 οὗ
2430 555 2492 608 τὺ
2543 555 2833 627 πρόσωπον
2864 556 2963 625 τῆς
2991 554 3093 625 γῆς
3147 555 3543 620 ἀνακαινίζεται.
3581 560 3717 615 Τοῦτο

2217 649 2327 722 γὰρ
2359 649 2553 713 κάλλος
2574 689 2589 712 ,
2644 649 2742 719 τῆς
2776 648 3099 719 οἰκουμένης
3146 647 3215 701 τὰ
3267 647 3377 713 ζῶα
3404 650 3468 702 τὰ
3498 652 3549 703 ὲν
3579 653 3717 723 αὐτῇ,

2217 744 2285 797 τὰ
2314 742 2476 813 φυτὰ,
2519 742 2627 797 τῶν
2666 741 2969 813 ἀνθρώπων
3006 741 3070 795 τδ
3119 742 3301 809 γένος·
3334 742 3463 795 ὥστε
3495 744 3548 797 δὲ
3582 745 3719 800 ταῦτα

2220 835 2510 905 συστῆναι,
2568 838 2666 905 τῆς
2714 835 2844 905 παρ’
2892 832 3056 887 αὐτοῦ
3093 832 3371 904 διδομένης
3415 835 3558 905 χρεία
3590 836 3719 907 πνοῆς

2218 929 2311 979 καὶ
2345 926 2490 997 ζωῆς
2515 942 2526 957 ⁸
2558 928 2626 998 ἢν
2677 927 2771 980 καὶ
2798 925 2977 980 δοῦναι
3019 926 3113 979 καὶ
3146 925 3326 979 λαϐεῖν
3372 925 3507 996 αὺτῷ
3548 929 3717 998 ῥᾴδιον,

2218 1021 2313 1072 καὶ
2360 1019 2537 1073 πάντα
2595 1019 2733 1090 μετά
2769 1020 2966 1089 τάχους
3012 1018 3106 1072 καὶ
3157 1018 3416 1081 εὐκολίας.
3464 1019 3563 1072 Καὶ
3604 1019 3722 1072 τοῦτο

2221 1108 2457 1179 μάλιστα
2489 1108 2761 1162 δείκνυσιν
2782 1101 2947 1162 αὑτοῦ
2974 1108 3073 1180 τὴν
3102 1108 3275 1179 ἰσχύν.
3319 1109 3470 1179 ὐρᾷς
3498 1109 3581 1161 καὶ
3599 1110 3644 1162 ὲν
3665 1110 3721 1180 τῷ

2220 1201 2448 1272 παρόντι
2514 1200 2615 1269 βίῳ
2668 1200 3047 1271 μελετωμένην
3079 1201 3177 1271 τὴν
3238 1200 3518 1255 ἀνάστασιν
3557 1203 3607 1255 ὲν
3642 1205 3724 1264 τοῖς

2220 1294 2527 1365 σπέρμασιν
2546 1333 2561 1357 ,
2615 1296 2672 1345 ὲν
2698 1297 2811 1357 τοῖς
2852 1297 3038 1362 φυτοῖς
3062 1334 3075 1357 ,
3107 1293 3201 1347 καὶ
3250 1295 3307 1345 ὲν
3353 1292 3491 1363 αὐτῷ
3515 1293 3585 1363 τῷ
3614 1293 3724 1361 γένει

2217 1384 2325 1437 τῶν
2350 1384 2672 1458 ἀνθρώπων.
2698 1387 2809 1439 Καὶ
2846 1383 2959 1448 ζῶα
2985 1384 3094 1456 γὰρ
3119 1385 3212 1438 καὶ
3245 1383 3387 1453 φυτά
3415 1385 3526 1437 κατ’
3549 1384 3726 1453 ἔσχατον

2218 1479 2488 1549 ἀπήχημα
2514 1477 2615 1548 τῆς
2653 1478 2799 1549 ζωῆς
2823 1477 3005 1547 έχουσι
3044 1476 3105 1529 τὸ
3134 1474 3291 1536 εἶναι,
3332 1472 3398 1547 ἦς
3437 1478 3725 1545 ἀνταναιρου-

2222 1567 2390 1637 μένης
2422 1567 2565 1621 κατά
2592 1567 2653 1620 τὸ
2677 1566 2877 1636 λόγιον,
2923 1567 3163 1621 ἐκλείπει
3191 1569 3342 1620 πᾶσα
3366 1565 3491 1636 ζωὴ,
3517 1566 3601 1619 καὶ
3624 1565 3727 1635 πρὸς

2219 1658 2276 1711 ἓν
2304 1660 2373 1713 τὰ
2398 1659 2749 1714 ἐκλελοιπότα
2778 1663 2844 1731 τῇ
2880 1660 3015 1729 πρὸς
3038 1659 3098 1713 τὸ
3145 1660 3393 1730 μετέχειν
3424 1658 3575 1728 αὐτῆς
3607 1656 3727 1710 ἀσθε-

2218 1751 2336 1824 νείᾳ
2379 1753 2540 1805 πάλιν
2595 1752 3031 1825 έπιστρεφόμενα
3057 1792 3071 1816 ,
3102 1751 3264 1805 πάλιν
3295 1751 3408 1815 ζῶα
3440 1749 3637 1819 γίνεται.
3674 1748 3727 1800 Τὸ

542 1852 629 1897 cta
661 1855 911 1911 corpora,
942 1839 1006 1892 ad
1043 1837 1410 1893 omnimodam
1454 1838 1618 1891 vitam
1650 1846 1703 1892 et
1739 1838 2115 1892 immortalita-

2218 1842 2275 1894 δὲ
2326 1840 2622 1905 θειότατον,
2654 1844 2737 1895 ὅτι
2774 1843 2870 1895 καὶ
2913 1843 3048 1906 ὅλως
3082 1844 3249 1913 ἡμᾶς,
3306 1840 3479 1911 ψυχάς
3508 1858 3628 1927 φημι
3660 1842 3728 1893 καὶ

542 1944 651 1989 tem
683 1930 1094 1988 transferendos
1118 1946 1239 1984 esse
1268 1929 1323 1982 in
1357 1930 1644 1999 promissis
1665 1929 1963 1984 habemus:
1992 1944 2114 1998 quze

544 2042 632 2081 res
677 2040 807 2079 sane
853 2022 1095 2093 antiquis
1142 2029 1336 2091 praeter
1367 2030 1619 2074 naturam
1662 2036 1783 2076 esse
1820 2020 1960 2076 forte
1994 2022 2112 2075 visa

543 2115 708 2171 luerit
736 2130 750 2166 :
781 2128 844 2167 ac
887 2127 1076 2166 revera
1109 2118 1162 2163 et
1189 2111 1429 2165 divinum
1454 2126 1592 2180 opus
1620 2120 1706 2166 est
1736 2118 1790 2165 et
1817 2125 1981 2180 supra
2014 2126 2111 2164 na-

542 2215 753 2272 turam;
784 2212 1054 2265 naturam,
1094 2202 1337 2271 inquam,
1371 2210 1636 2266 nostram,
1668 2217 1775 2256 non
1805 2217 1935 2256 vero
1968 2202 2113 2255 illam

542 2300 691 2356 omni
718 2299 919 2350 virtute
958 2295 1209 2364 plenam:
1246 2293 1373 2347 huic
1407 2294 1551 2347 enim
1600 2294 1749 2348 nulla
1782 2294 1893 2348 vita
1921 2302 2117 2363 praeter

542 2400 793 2448 naturam
841 2396 934 2442 aut
968 2402 1133 2457 supra
1176 2395 1424 2439 naturam
1469 2394 1581 2450 est;
1610 2386 1793 2455 itaque
1840 2384 1968 2439 hinc
2002 2400 2117 2440 ser-

542 2498 759 2544 mones,
788 2477 1089 2534 secundum
1112 2474 1353 2528 Simonis
1378 2473 1645 2527 insaniam
1672 2472 1957 2527 adversum
1990 2486 2117 2541 pro-

541 2574 662 2635 lati,
705 2570 1082 2641 repudientur.
1118 2566 1351 2632 Quidam
1386 2580 1517 2620 vero
1546 2566 1626 2620 sic
1666 2564 1831 2618 hosce
1872 2564 2117 2618 versicu-

544 2668 626 2722 los
657 2665 933 2735 cxplicant
960 2681 973 2715 :
1011 2659 1231 2712 Emitles
1255 2657 1514 2726 Spiritum
1546 2666 1713 2720 tuum,
1747 2654 1839 2724 qui
1883 2668 1979 2722 per
2018 2653 2117 2707 ba-

543 2760 803 2829 ptismum
836 2752 1068 2817 accedit,
1095 2760 1149 2806 et
1191 2751 1525 2804 creabuntur
1569 2748 1624 2802 in
1654 2762 1849 2802 novam
1900 2752 2119 2799 creatu-

541 2865 684 2913 ram,
718 2849 772 2903 in
795 2863 991 2902 novum
1019 2844 1311 2915 populum;
1347 2843 1419 2897 ita
1450 2850 1509 2896 ut
1525 2841 1674 2911 prior
1700 2840 1916 2911 quidem
1948 2838 2121 2891 inter-

544 2943 777 3014 pretatio
827 2939 1163 3009 intelligatur
1207 2936 1273 2990 de
1315 2933 1720 2990 resurrectione
1751 2947 1817 2987 ex
1862 2931 2114 2994 mortuis,

545 3033 765 3105 quando
803 3041 949 3087 terra
986 3031 1355 3092 renovabitur,
1421 3035 1475 3081 et
1512 3025 1829 3079 liberabitur
1863 3039 1893 3077 a
1925 3037 2118 3077 corru-

547 3129 774 3200 ptione;
811 3124 1054 3181 secunda
1080 3139 1235 3189 vero,
1270 3122 1338 3177 de
1377 3118 1787 3190 regeneratione
1815 3131 1913 3188 per
1938 3115 2117 3185 bapti-

544 3234 744 3277 smum.

620 3334 781 3390 Vsus.
807 3333 1000 3389 51-55.
1031 3331 1113 3387 Sit
1140 3330 1310 3401 gloria
1334 3328 1549 3383 Domini
1575 3327 1631 3380 in
1659 3326 1933 3390 saxulum,
1968 3324 2120 3378 lecta-

546 3429 687 3481 bitur
718 3427 975 3481 Dominus
1005 3426 1058 3479 in
1088 3424 1328 3492 operibus
1354 3423 1486 3477 suis.
1512 3420 1619 3487 Qui
1652 3419 1863 3488 respicit
1896 3428 2116 3482 terram,

544 3528 594 3572 et
621 3517 751 3586 facit
785 3532 902 3570 eam
932 3522 1171 3577 tremere,
1199 3514 1288 3584 qui
1317 3512 1485 3582 tangit
1518 3518 1716 3564 montes
1751 3520 1799 3563 et
1832 3508 2114 3577 fumigant.

545 3607 786 3663 Cantabo
842 3606 1071 3661 Domino
1120 3605 1177 3658 in
1222 3605 1330 3657 vita
1377 3618 1513 3666 mea,
1567 3601 1799 3669 psallam
1848 3599 1958 3653 Deo
2003 3614 2117 3653 mea

544 3701 779 3770 quandiu
804 3715 941 3754 sum.
966 3694 1440 3765 Quandoquidem,
1466 3693 1561 3756 ait,
1604 3692 1718 3746 haec
1743 3690 1965 3754 edidici,
1994 3690 2118 3745 ideo

544 3799 713 3845 totam
754 3791 916 3844 vitam
952 3803 1126 3842 meam
1160 3787 1216 3840 in
1248 3786 1477 3855 hymnos
1496 3791 1552 3839 et
1582 3782 1800 3837 laudem
1840 3782 2116 3838 Creatoris

544 3881 820 3938 insumam
848 3896 863 3934 :
899 3886 953 3933 et
980 3876 1221 3947 quandiu
1244 3875 1503 3930 vivam-et
1532 3873 1588 3927 in
1628 3874 1729 3927 hac
1761 3872 1870 3927 vita
1898 3872 2115 3942 degam,

546 3973 788 4028 debitum
817 3971 1086 4040 psalmmn
1113 3966 1336 4022 reddam
1372 3965 1483 4020 Deo
1511 3978 1653 4019 meo.
1683 3962 1796 4017 [loc
1824 3978 1989 4033 porro
2021 3962 2117 4016 ad-

544 4065 901 4119 ditamentum
935 4075 1187 4131 magnum
1221 4058 1438 4113 exhibet
1465 4056 1716 4111 allectum
1747 4062 1801 4111 et
1832 4054 2115 4108 familiari-

546 4162 713 4209 tatem
741 4152 1024 4207 cum'Deo.
1054 4150 1173 4205 Non
1203 4150 1339 4203 dixit
1371 4149 1537 4211 enim,
1563 4148 1791 4217 psallam
1827 4146 1960 4211 Deo,
1992 4154 2117 4199 tan-

547 4254 685 4309 tum,
720 4245 837 4307 sed,
878 4243 986 4297 Deo
1015 4260 1146 4297 meo.
1182 4241 1407 4296 Videtur
1447 4255 1679 4308 namque
1707 4239 1908 4303 dicere,
1942 4238 1992 4293 ci
2020 4238 2114 4308 qui

546 4352 634 4391 me
655 4337 880 4395 creavit,
916 4350 980 4388 ac
1010 4334 1292 4397 enutrivit,
1320 4331 1675 4400 omniumque
1707 4330 1974 4385 bonorum
2014 4346 2114 4384 au-

544 4435 665 4481 ctor
694 4427 826 4481 mihi
864 4426 982 4479 fuit.
1028 4424 1124 4479 llic
1151 4433 1329 4478 autem
1366 4423 1639 4476 canticum
1675 4422 1825 4486 dicit,
1856 4437 1966 4476 non
1996 4438 2116 4477 ver-

2220 1932 2285 1985 τά
2316 1932 2521 2004 συζυγῆ
2552 1932 2799 2004 σώματα,
2834 1934 2971 2005 πρὸς
3002 1934 3237 2004 παντελῆ
3268 1932 3414 2005 ζωὴν
3453 1934 3539 1987 καὶ
3572 1932 3726 1985 ἀθανα-

2222 2024 2342 2077 σίαν
2368 2025 2697 2096 ἐπήγγελται
2726 2028 3081 2097 μεταθήσειν·
3113 2028 3349 2098 πρᾶγμα
3369 2028 3433 2097 τῇ
3470 2024 3728 2091 παλαιότητι

2223 2116 2321 2186 μὲν
2346 2116 2475 2179 ἴσως
2499 2118 2647 2188 παρά
2678 2117 2837 2186 φύσιν
2869 2118 3079 2180 δοκοῦν,
3113 2122 3177 2189 τῇ
3201 2120 3257 2171 δὲ
3283 2118 3505 2189 ἀληθείᾳ
3528 2118 3607 2170 καὶ
3624 2117 3727 2168 θεῖον

2221 2210 2316 2261 καὶ
2354 2209 2493 2280 ὑπὲρ
2524 2208 2684 2277 φύσιν
2711 2210 2807 2279 τὴν
2846 2210 2968 2263 καθ’
3010 2211 3177 2279 ἡμᾶς,
3220 2211 3283 2263 οὐ
3337 2209 3434 2278 τὴν
3480 2206 3727 2275 πανσθενῆ·

2221 2299 2354 2369 αὐτῇ
2388 2299 2496 2371 γάρ
2524 2300 2645 2353 οὐδὲ
2682 2301 2778 2370 μία
2811 2299 2923 2370 ζωὴ
2964 2299 3113 2370 παρά
3148 2300 3389 2369 φύσιν,ἢ
3426 2300 3554 2369 ὑπὲρ
3592 2296 3727 2366 φύσιν,

2222 2389 2360 2442 ῶστε
2390 2391 2439 2442 οί
2486 2390 2615 2460 περὶ
2644 2389 2849 2442 τούτων
2884 2390 2984 2459 τῆς
3017 2392 3307 2460 παροινίας
3338 2389 3566 2459 Σίμωνος
3592 2389 3730 2456 ἀντιρ-

2224 2484 2434 2553 ρητικοὶ
2460 2483 2608 2551 λόγοι
2646 2483 3126 2555 ἀπεληλάσθωσαν.
3173 2484 3335 2546 Τινὲς
3359 2484 3415 2537 δὲ
3444 2483 3573 2535 οὕτω
3597 2478 3729 2533 νοοῦσι

2222 2577 2345 2639 τοὺς
2373 2576 2588 2646 στίχους
2606 2594 2618 2606 ·
2662 2576 3004 2639 Ἀποστελεῖς
3035 2576 3095 2628 τὸ
3119 2576 3347 2646 Πνεῦμά
3373 2593 3483 2641 σου,
3505 2576 3558 2627 τὸ
3576 2573 3648 2626 διὰ
3664 2570 3730 2623 τοῦ

2224 2669 2375 2737 ἁγίου
2408 2669 2781 2739 βαπτίσματος
2807 2669 3128 2738 ἐπιφοιτῶν,
3157 2670 3253 2722 καὶ
3294 2668 3643 2738 κτισθήσονται
3676 2664 3733 2724 είς

2223 2760 2415 2829 καινὴν
2455 2761 2651 2827 κτίσιν,
2690 2763 2770 2823 είς
2804 2761 2922 2813 νέον
2973 2760 3132 2814 λαόνο
3163 2760 3245 2823 ὡς
3284 2760 3516 2814 νοεῖσθαι
3544 2757 3628 2828 τὴν
3666 2755 3734 2825 μὲν

2224 2852 2492 2922 προτέραν
2523 2853 2818 2923 ἑρμηνείαν
2864 2854 2992 2925 περὶ
3040 2856 3140 2924 τῆς
3173 2855 3240 2906 ἐκ
3292 2851 3499 2923 νεκρῶν
3551 2848 3731 2903 ἀναπά-

2225 2960 2379 3008 σεως,
2410 2944 2499 2996 ὅτε
2546 2944 2702 3014 καὶὴ
2748 2945 2817 3015 γῆ
2872 2944 3388 3015 ἁνακαινισθήσεται
3418 2944 3508 2997 καὶ
3548 2938 3737 2995 ἀπαλλα-

2223 3037 2447 3105 γήσεται
2475 3035 2575 3107 τῆς
2613 3035 2853 3105 φθορᾶς,
2899 3037 2998 3107 τὴν
3028 3037 3085 3090 δὲ
3125 3037 3389 3110 δευτέραν
3424 3036 3544 3107 περὶ
3584 3034 3663 3103 τῆς
3692 3032 3737 3081 ἐκ

2226 3126 2603 3197 βαπτίσματος
2643 3127 3082 3196 παλιγγενεσίας.

2294 3310 2449 3363 Ἥτω
2480 3310 2517 3377 ἠ
2555 3308 2704 3374 δόξα
2734 3309 2957 3378 Κυρίου
2993 3312 3081 3376 εὶς
3126 3309 3234 3364 τὸν
3283 3308 3500 3364 αὶῶνα·
3540 3309 3742 3376 εὐφραν-

2220 3399 2469 3466 θήσεται
2506 3401 2720 3469 Κύριος
2764 3400 2865 3454 ἐπὶ
2918 3401 3045 3467 τοῖς
3088 3402 3287 3471 ἔργοις
3326 3402 3529 3457 αὑτοῦ.
3570 3402 3624 3453 '0
3651 3401 3741 3452 ἐπι-

2220 3491 2455 3546 ϐλέπων
2476 3492 2575 3545 ἐπὶ
2604 3492 2721 3562 τὴν
2752 3492 2869 3562 γῆν
2896 3492 2996 3546 καὶ
3026 3494 3215 3546 ποιῶν
3255 3494 3453 3563 αὐτὴν
3479 3492 3696 3562 τρέμειν,
3721 3490 3742 3541 ό

2218 3587 2550 3655 ἁπτόμενος
2581 3586 2700 3641 τῶν
2739 3586 2924 3655 ὀρέων
2952 3588 3051 3641 καὶ
3082 3588 3486 3649 καπνίζονται.
3518 3590 3659 3656 ’ᾼσω
3687 3580 3743 3643 τῷ

2218 3676 2413 3743 Κυρίῳ
2452 3676 2523 3730 ἐν
2564 3676 2639 3745 τῇ
2683 3676 2793 3746 ζωῇ
2835 3697 2975 3747 μου,
3014 3679 3191 3747 ψαλῶ
3231 3678 3315 3745 τῷ
3356 3677 3476 3745 Θεῷ
3518 3695 3624 3748 μου
3665 3674 3744 3737 ἕως

2216 3766 2483 3836 ὑπάρχω.
2526 3768 2741 3839 Ἐπειδὴ
2774 3769 2947 3823 ταῦτα
2992 3770 3344 3841 δεδίδαγμαι,
3396 3770 3553 3842 φησὶ,
3599 3766 3744 3820 τούτου

2218 3862 2375 3933 χάριν
2409 3863 2588 3915 πᾶσαν
2624 3861 2723 3933 τὴν
2762 3860 2906 3933 ζωήν
2950 3879 3050 3933 μου
3093 3864 3173 3925 εἰς
3219 3862 3390 3933 ὕμνον
3434 3856 3747 3916 καταναλώοω

2216 3952 2294 4022 τῷ
2319 3953 2664 4025 δημιουργῷ’
2701 3954 2795 4006 καὶ
2836 3953 2940 4016 ἕως
2980 3954 3045 4006 ἂν
3084 3953 3160 4017 ζῶ
3203 3956 3299 4007 καὶ
3348 3954 3571 4025 ὑπάρχω
3608 3951 3657 4000 ἐν
3690 3944 3748 4012 τῷ

2220 4045 2318 4116 βίῳ
2349 4046 2521 4116 τούτῳ
2550 4046 2640 4099 τὸν
2666 4044 3007 4115 ὀφειλόμενον
3032 4045 3245 4115 ψαλμὸν
3280 4045 3545 4099 ἀποδώσω
3570 4042 3638 4112 τῷ
3660 4036 3748 4107 Θεῷ

2220 4154 2340 4207 μου.
2373 4136 2578 4206 Πολλὴν
2606 4136 2661 4188 δὲ
2690 4136 2939 4206 ἐμφαίνει
2971 4136 3207 4188 διάθεσιν
3238 4138 3334 4189 καὶ
3360 4136 3622 4188 οἰκείωσιν
3646 4127 3750 4199 πρὸς

2216 4229 2305 4281 τὸν
2330 4228 2459 4281 Θεὸν
2491 4229 2523 4299 ἡ
2550 4228 2854 4299 προσθήκη.
2890 4229 2962 4280 Οὐ
3002 4228 3110 4298 γὰρ
3142 4223 3262 4279 εἷπε
3284 4267 3297 4290 ,
3335 4225 3513 4296 ψαλῶ
3538 4223 3610 4289 τῷ
3640 4217 3748 4282 Θεῷ.

2216 4322 2371 4385 ἀλλὰ,
2402 4320 2479 4387 τῷ
2511 4321 2630 4385 Θεῷ
2654 4339 2792 4390 μου.
2826 4322 3008 4373 Ἔοικε
3037 4320 3145 4392 γὰρ
3172 4321 3425 4389 φάσκειν,
3450 4320 3526 4388 τῷ
3552 4310 3753 4370 κτίσαντί

2220 4432 2285 4485 με
2315 4415 2407 4466 καὶ
2438 4413 2696 4483 θρέψαντι
2723 4413 2814 4466 καὶ
2848 4414 3061 4466 πάντων
3086 4414 3242 4483 αἰτίῳ
3280 4431 3372 4483 μοι
3404 4409 3635 4480 γεγονότι
3672 4403 3753 4456 τῶν

545 4520 633 4573 bis
689 4518 871 4581 modo,
920 4516 1015 4572 sed
1061 4525 1113 4571 et
1164 4516 1422 4586 operibus
1472 4514 1909 4586 persolvendum.
1956 4514 2113 4580 Quod

2219 4502 2455 4572 ἀγαθῶν.
2496 4503 2648 4573 ᾨδὴν
2702 4502 2759 4555 δὲ
2800 4502 3032 4555 ἐνταῦθα
3078 4503 3222 4571 λέγει
3285 4505 3348 4555 οὐ
3394 4502 3492 4572 τὴν
3550 4498 3631 4551 διά
3676 4494 3755 4547 τῶν

544 4612 689 4664 enim
714 4625 836 4665 sese
862 4610 972 4664 Deo
1000 4607 1293 4662 multorum
1320 4607 1617 4663 debitorem
1642 4615 1985 4676 agnosceret,
2012 4622 2111 4662 ne-

543 4712 653 4770 que
678 4700 894 4770 dignam
917 4699 1153 4768 aliquam
1176 4699 1588 4753 retributionem
1616 4698 1862 4769 proferre
1886 4699 2110 4764 valeret,

546 4807 709 4861 quam
755 4791 935 4853 habet,
968 4791 1110 4844 hanc
1143 4790 1385 4859 deponit,
1420 4797 1479 4844 ut
1512 4791 1723 4845 scilicet
1755 4806 1878 4844 eum
1920 4806 2115 4860 perpe-

546 4892 643 4937 tuo
672 4883 885 4953 hymnis
908 4881 1163 4944 celebret,
1191 4896 1254 4935 ac
1276 4896 1339 4936 ea
1359 4882 1413 4934 in
1438 4896 1497 4936 re
1526 4888 1693 4935 totam
1720 4881 1887 4935 vitam
1914 4883 2116 4937 transi-

546 4982 656 5045 gat.
688 4972 925 5027 Audiant
957 4974 1049 5042 qui
1084 4980 1195 5026 tota
1218 4972 1305 5028 die
1330 4972 1384 5026 in
1408 4972 1874 5043 negotiationibus
1905 4983 1958 5029 et
1980 4989 2112 5027 cau-

547 5066 707 5135 ponis
739 5074 1151 5119 versanturzac
1197 5078 1266 5117 ne
1304 5062 1389 5117 vel
1433 5063 1602 5117 semel
1646 5062 1712 5116 ad
1758 5077 1948 5131 preces
1994 5078 2115 5118 sese

547 5161 891 5218 convertunt,
940 5161 1269 5223 quantorum
1325 5166 1618 5206 munerum
1672 5151 1946 5208 debitores
2004 5151 2115 5207 Deo

550 5249 679 5305 sint.
714 5246 829 5301 Hoc
865 5246 987 5301 vita:
1019 5246 1230 5300 lucrum
1260 5254 1364 5309 est,
1410 5243 1519 5298 Deo
1564 5240 1910 5303 benedicere.
1951 5251 2115 5313 atque

550 5340 652 5392 hac
682 5339 737 5392 in
778 5352 836 5392 re
866 5337 1031 5391 vitam
1069 5350 1228 5405 agere
1256 5335 1477 5405 dignum
1506 5343 1609 5390 est.
1638 5332 1768 5389 Jure
1798 5341 1979 5388 autem
2019 5333 2116 5387 ad-

545 5430 678 5499 jecit
718 5427 872 5492 illud,
927 5426 995 5481 In
1042 5427 1149 5481 vita
1197 5442 1345 5489 mea;
1396 5434 1450 5481 et
1498 5426 1653 5489 illud,
1695 5424 1949 5493 Quandiu
1996 5441 2114 5477 sum

545 5520 773 5587 psallam
813 5519 938 5573 Deo.
968 5517 1154 5587 Neque
1196 5518 1340 5572 enim
1384 5525 1468 5571 est
1504 5517 1777 5586 quispiam
1826 5516 1882 5569 in
1918 5524 2112 5579 morte,

547 5606 641 5676 qui
665 5624 874 5662 memor
913 5608 984 5663 sit
1010 5608 1151 5678 ejus,
1188 5608 1242 5661 in
1269 5607 1484 5661 inferno
1517 5617 1699 5661 autem
1729 5606 1854 5675 quis
1880 5606 2113 5660 conﬁte-

548 5697 733 5751 bitur?
764 5695 854 5750 Sic
884 5697 1048 5752 fatuis
1082 5699 1380 5768 virginibus
1403 5697 1663 5768 nuptialis
1685 5696 1920 5750 cubiculi
1944 5695 2113 5766 janua

548 5790 735 5853 clausa
763 5798 868 5852 est,
898 5789 1027 5859 quia
1060 5803 1269 5859 tempus
1319 5791 1463 5852 quod
1499 5791 1554 5846 in
1592 5788 1830 5847 ferendis
1857 5789 2114 5859 lampadi-
2137 5854 2179 5872 ‘-

2219 4596 2498 4668 ῥημάτων,
2525 4594 2660 4648 ἀλλά
2688 4595 2781 4647 καὶ
2812 4595 2910 4665 τὴν
2937 4595 3024 4647 διὰ
3059 4595 3166 4647 τῶν
3203 4595 3402 4666 ἔργων.
3445 4591 3647 4663 Ἐπειδὴ
3674 4588 3758 4657 γὰρ

2215 4684 2370 4761 εὗρεν
2408 4687 2597 4742 ἑαυτὸν
2633 4686 2843 4741 πολλῶν
2882 4687 3011 4739 ὄντα
3056 4689 3358 4743 ὑπεύθυνον
3397 4692 3477 4761 τῷ
3516 4686 3644 4756 Θεῷ.
3691 4682 3760 4734 καὶ

2214 4781 2476 4835 ἀντίδοσιν
2508 4780 2761 4850 οὐδεμίαν
2808 4779 2964 4844 ἀξίαν
2995 4780 3287 4852 δυνάμενον
3338 4780 3683 4839 καταϐαλεῖν,
3711 4774 3761 4844 ἦν

2215 4873 2345 4943 ἔχει,
2381 4871 2585 4942 ταύτην
2606 4873 2949 4942 κατατίθησι,
2974 4873 3036 4925 τὸ
3074 4874 3337 4943 διηνεκῶς
3372 4876 3580 4945 ὑμνεῖν,
3605 4870 3659 4923 τὸ
3683 4869 3762 4917 πᾶ·

2216 4982 2312 5018 σαν
2345 4967 2423 5027 εἰς
2461 4965 2618 5017 τοῦτο
2647 4965 2948 5034 δαπανῆσαι
2994 4965 3093 5035 τὴν
3140 4964 3306 5036 ζωήν.
3350 4966 3701 5019 Ἀκουέτωσαν
3724 4955 3761 5006 οἱ

2216 5056 2618 5126 πραγματείαις
2648 5057 2741 5109 καὶ
2780 5055 3102 5126 καπηλείαις
3137 5057 3223 5109 διὰ
3265 5056 3453 5128 πάσης
3485 5049 3762 5119 κατασηπό-

2218 5165 2367 5218 μενοι
2394 5152 2491 5219 τῆς
2525 5148 2757 5218 ἡμέρας,
2789 5148 2883 5200 καὶ
2924 5147 3043 5201 οὐδὲ
3084 5147 3232 5212 ἅπαξ
3269 5151 3353 5211 εἰς
3399 5148 3565 5217 εὐχὴν
3596 5140 3759 5213 τρεπό-

2218 5258 2388 5310 μενοι,
2412 5242 2534 5294 ὃσον
2569 5240 2705 5293 εἰσὶν
2731 5240 3017 5293 ὑπεύθυνοι
3054 5241 3132 5311 τῷ
3160 5241 3277 5310 Θεῷ
3298 5257 3310 5268 '
3341 5241 3502 5293 τοῦτο
3522 5239 3619 5307 τῆς
3645 5235 3763 5299 ζωῆς

2214 5331 2274 5384 τὸ
2301 5331 2513 5402 κέρδος,
2549 5331 2607 5384 τὸ
2646 5332 2883 5400 εὐλογεῖν
2924 5332 3015 5385 τὸν
3061 5333 3212 5397 Θεὸν,
3246 5333 3340 5383 ἐπὶ
3374 5332 3550 5402 τούτῳ
3577 5330 3664 5382 καὶ
3688 5324 3763 5390 ζῇν

2215 5422 2379 5489 ἄξιον.
2417 5424 2652 5487 Εἰκότως
2691 5424 2746 5476 δὲ
2780 5424 3106 5495 προσέθηκε,
3152 5427 3224 5479 ἐν
3258 5423 3337 5492 τῇ
3378 5423 3494 5492 ζωῇ
3526 5440 3659 5493 μου,
3694 5414 3767 5469 καὶ

2212 5517 2293 5580 τὸ,
2321 5516 2430 5581 ἕως
2468 5516 2737 5585 ὑπάρχω,
2776 5516 2954 5586 ψαλῶ
3000 5516 3078 5583 τῷ
3122 5517 3261 5585 Θεῷ.
3292 5518 3372 5571 Οὐ
3407 5518 3519 5587 γάρ
3558 5518 3691 5568 ἐστιν
3724 5511 3766 5559 ἐν

2215 5607 2429 5677 θανάτῳ
2475 5610 2503 5660 ὁ
2564 5609 2915 5678 μνημονεύων
2977 5609 3177 5673 αὐτοῦ,
3240 5611 3297 5662 ὲν
3352 5610 3415 5663 δὲ
3460 5609 3540 5679 τῷ
3582 5607 3673 5679 ᾅδῃ
3706 5598 3769 5655 τίς

2215 5698 2697 5769 ὲξομολογήσεται;
2747 5699 2933 5763 Οὕτως
2993 5701 3321 5770 ἀπεκλείσθη
3398 5704 3523 5763 ταῖς
3592 5693 3769 5768 μωραῖς

2216 5789 2506 5862 παρθένοις
2538 5791 2631 5844 τοῦ
2664 5792 2949 5862 νυμφῶνος
3003 5792 3223 5866 ήθύρα,
3278 5792 3376 5848 τὸν
3431 5794 3533 5865 τῆς
3580 5792 3768 5861 λαμπα-
