3992 6404
250 375 264 427 l
278 374 381 431 289

1400 369 1904 428 COMMENTARIA
1939 366 2008 427 IN
2045 368 2384 427 PSALMOS.

3354 370 3489 431 I293

236 494 497 566 δηφορίας
563 491 752 565 καιρὸν
825 495 904 557 εἰς
959 492 1255 566 ἀγορασίαν
1321 493 1500 546 ὲλαίου
1568 490 1816 545 δαπανώ-

1918 492 2025 547 bus
2047 490 2353 562 transigere
2380 488 2672 553 debebant,
2713 488 2769 543 in
2802 488 2923 545 oleo
2967 489 3197 545 emendo
3235 505 3487 546 consum-

242 602 382 650 σαις.

321 700 632 769 Ἡδυνθείη
652 698 811 765 αὺτῷ
833 701 872 768 ἡ
896 698 1145 768 διαλογή
1164 716 1283 768 μου
1305 713 1317 725 ·
1343 696 1458 767 ἐγὼ
1480 696 1549 749 δὲ
1570 698 1817 765 suppar-

236 791 497 861 θήσομαι
520 793 620 846 ἐπὶ
648 791 728 859 τῷ
755 793 966 861 Κυρίῳ.
997 791 1119 863 Είη,
1149 791 1301 863 φησὶ,
1335 790 1562 845 τοιαῦτὰ
1596 807 1661 862 με
1688 788 1817 861 ᾆσαι

236 882 332 936 καὶ
361 882 550 952 ψάλαι,
583 882 657 947 ὡς
682 884 973 955 ἡδυνθῆναι
1003 882 1151 954 αὐτῷ
1184 882 1273 935 τὸν
1300 882 1434 952 ἐμοῦ
1460 881 1692 952 καρπὸν,
1720 882 1817 953 τὴν

234 973 488 1046 διαλογήν
539 989 676 1046 μου’
720 976 966 1029 τουτέστι
1003 977 1104 1047 τὴν
1135 975 1364 1040 διάλεξίν
1400 993 1522 1046 μου,
1561 975 1658 1046 τὴν
1690 975 1815 1045 ὀμι-

235 1062 354 1117 λίαν
388 1081 509 1133 μου,
543 1068 642 1136 τὴν
670 1064 906 1119 αίνεσιν·
943 1068 971 1119 6
1025 1065 1129 1138 γάρ
1170 1067 1388 1137 ψάλλων
1415 1068 1535 1138 Θεῷ
1575 1069 1817 1137 διαλέγε-

233 1172 345 1209 ται.
379 1155 443 1208 Τί
473 1156 531 1209 δέ
573 1157 743 1223 ἐστιν,
797 1158 1098 1227 Ἡδυνθείη
1134 1160 1293 1225 αὐτῷ
1321 1162 1359 1229 ἡ
1388 1160 1641 1231 διαλογνή
1665 1178 1816 1229 μου;

233 1247 623 1318 εὐπρόσδεκτος
674 1250 907 1317 γένοιτο,
960 1252 1153 1322 ἀρέσαι
1202 1252 1438 1325 δεχθείη,
1482 1254 1671 1325 ἡδίστη
1725 1254 1817 1306 καὶ

233 1340 572 1410 τερπνοτάτη
632 1340 817 1412 ὀφθείη
873 1341 952 1413 τῷ
996 1342 1134 1413 Θεῷ.
1188 1345 1328 1415 ’Ἄρα
1376 1347 1409 1416 ή
1468 1345 1601 1416 εὐχὴ
1665 1344 1816 1399 οὐδὲν

232 1431 421 1498 ἕτερόν
447 1433 591 1485 ἐστιν
630 1432 662 1502 ἢ
699 1433 931 1498 διάλεξις
964 1436 1101 1506 πρὸς
1134 1436 1284 1490 Θεόν.
1325 1433 1603 1506 Ἐννόησον
1638 1435 1815 1490 τοίνυν

232 1519 330 1591 τὴν
354 1519 691 1592 ψαλμῳδίαν,
717 1526 776 1576 ἐν
798 1524 930 1595 αὐτῇ
957 1528 1055 1597 τὴν
1081 1518 1586 1598 ἀμοιϐὴνὲχουσαν.
1612 1526 1678 1580 Τί
1705 1528 1816 1598 γὰρ

234 1612 347 1666 ἴσον
391 1613 584 1682 γένοιτ’
620 1615 687 1669 ἂν
728 1614 822 1669 τοῦ
862 1615 981 1688 Θεῷ
1027 1618 1406 1687 διαλέγεσθαι;
1475 1621 1537 1672 Ἦ
1588 1620 1813 1691 τοιαύτη

232 1703 477 1776 θορύϐων
512 1706 912 1762 ἀπαλλάττεται
957 1709 1127 1780 ψυχὴ,
1168 1712 1247 1774 είς
1292 1711 1384 1763 τὸν
1416 1710 1641 1782 οὐρανὸν
1687 1710 1817 1782 μεθ-

232 1793 469 1858 ίσταται,
494 1795 602 1848 τῶν
620 1797 930 1868 συνδέσμων
950 1797 1044 1851 τοῦ
1070 1798 1318 1871 σώματος
1341 1800 1653 1865 ἀπολύεται,
1688 1818 1816 1855 πτε-

235 1885 441 1956 ροῦται,
482 1888 783 1960 κουφοτέρα
819 1889 1159 1955 καθίσταται,
1192 1891 1505 1946 ἀποτίθεται
1537 1893 1607 1946 τά
1636 1893 1809 1963 πάθη,

232 1977 521 2031 ἀποδύεται
547 1981 615 2035 τὰ
643 1983 939 2052 νοσήματα.
991 1985 1053 2037 El
1081 1984 1188 2054 γὰρ
1210 1985 1478 2058 ἀνθρώπῳ
1499 2004 1583 2050 τις
1610 1986 1814 2057 συνετῷ

232 2070 333 2122 καὶ·
373 2070 498 2125 νοῦν
544 2072 719 2143 ἔχοντι
765 2075 1176 2146 διαλεγόμενος,
1222 2079 1331 2131 ἀπὸ
1370 2080 1470 2150 τῆς
1509 2079 1725 2149 ὁμιλίας
1762 2097 1815 2133 τι

233 2161 499 2233 κερδάνας
543 2164 860 2236 ἀπέρχεται,
891 2166 919 2219 6
968 2166 1106 2237 πρὸς
1160 2165 1252 2222 τὸν
1307 2168 1705 2247 Θεὸνιόμιλῶν,
1733 2185 1818 2222 εν-

233 2254 423 2325 νόησον
468 2255 640 2327 πόσην
689 2254 1040 2329 καρπώσεται
1082 2258 1181 2330 τὴν
1219 2261 1439 2331 ἀρετήν.
1468 2261 1613 2333 ’Δρα
1649 2261 1817 2332 ὕμνος

232 2346 388 2401 τοῦτό
431 2350 576 2401 ἐστιν
618 2349 650 2420 ἡ
696 2349 834 2421 πρὸς
873 2350 1004 2404 Θεὸν
1055 2351 1257 2422 ὁμιλία.
1307 2352 1435 2417 Πῶς
1467 2353 1513 2408 δ’
1564 2355 1632 2407 ἂν
1678 2352 1815 2421 αὕτη

232 2438 481 2510 ἡδυνθείη
522 2439 599 2510 τῷ
640 2438 795 2511 Θεῷ;
833 2442 895 2494 El
931 2442 1039 2506 βίος
1077 2444 1161 2512 εῐη
1185 2442 1445 2513 καθαρὸς,
1478 2446 1525 2497 εί
1554 2446 1699 2516 ψυχὴ
1726 2463 1814 2515 φι-

232 2529 554 2601 λοσοφοῦσα.
583 2534 753 2588 Ὅταν
787 2535 895 2606 γὰρ
938 2538 1116 2591 πᾶσαν
1153 2536 1438 2609 ἀναλώσῃς
1478 2538 1575 2611 τὴν
1605 2541 1816 2612 ἡμέραν

234 2621 550 2692 εὐχόμενος,
584 2623 686 2695 τῆς
718 2626 992 2689 πολιτείας
1016 2627 1500 2700 ἀντιπραττούσης,
1528 2631 1627 2684 οὐκ
1654 2633 1818 2685 ἀκου-

237 2711 408 2785 σθήσῃ
444 2714 660 2785 ῥᾳδίως,
687 2716 746 2768 ού
782 2717 943 2786 μόνον
969 2717 1148 2783 αὐτὸς,
1180 2720 1294 2774 ἀλλ’
1325 2723 1432 2775 οὐδ’
1462 2722 1647 2794 ἕτερος
1674 2724 1814 2795 ὑπὲρ

236 2805 330 2858 σοῦ
358 2804 514 2858 τοῦτο
542 2806 729 2861 ποιῶν,
764 2809 948 2864 Ταῦτα
968 2809 1025 2863 δὲ
1056 2810 1217 2880 λέγω,
1258 2812 1358 2883 οὐχ
1399 2812 1488 2867 ἴνα
1536 2816 1610 2885 μὴ
1654 2830 1820 2886 προσ-

235 2896 546 2968 ευχώμεθα,
582 2899 691 2952 οὐδ’
722 2900 807 2953 ἵνα
842 2900 917 2973 μὴ
947 2901 1255 2973 ψάλλωμεν,
1287 2904 1403 2958 ἀλλ’
1440 2906 1526 2959 ἵνα
1555 2907 1691 2977 μετά
1721 2906 1815 2960 τοῦ

232 2987 454 3056 ψάλλειν
480 2989 575 3041 καὶ
598 2988 712 3059 βίου
741 2991 836 3044 καὶ
860 2991 1133 3055 πολιτείας
1152 2994 1559 3066 ἐπιμελώμεθα.
1584 2997 1817 3067 Νοήσεις

233 3080 290 3133 δὲ
331 3081 424 3134 τὸν
459 3080 641 3151 στίχον
683 3083 778 3136 καὶ
818 3081 1019 3147 οὕτως’
1045 3084 1238 3138 Πολλοὶ
1271 3086 1411 3142 κατὰ
1462 3089 1816 3161 συναρπαγὴν

1920 597 2171 659 pserunt.

1991 699 2157 757 Vens.
2218 700 2308 755 54.
2371 698 2677 753 Iucundum
2730 701 2799 753 sit
2848 700 2897 754 ei
2947 700 3213 770 eloquium
3252 717 3424 755 meum
3470 716 3487 755 :

1919 809 2009 862 ego
2044 808 2162 846 vero
2192 790 2490 846 delectabar
2526 791 2582 844 in
2619 790 2868 846 Domino.
2904 789 3146 855 Utinam,
3180 790 3380 862 inquit,
3414 793 3488 846 ita

1920 891 2135 938 cantem
2165 892 2218 938 et
2250 882 2502 952 psallam,
2551 890 2610 936 ut
2642 880 2856 936 fructus
2902 896 3057 936 meus
3100 882 3203 952 ipsi
3243 882 3487 953 placeat;

1919 975 2194 1046 eloquium
2222 974 2496 1037 videlicet,
2530 954 2646 1029 sive
2668 973 2999 1044 colloquium
3027 988 3230 1039 meum,
3262 988 3489 1030 convcr-

1919 1065 2062 1121 satio
2086 1071 2141 1120 et
2181 1065 2299 1119 laus
2324 1079 2445 1120 mea
2479 1084 2492 1120 :
2526 1079 2653 1119 nam
2680 1064 2773 1136 qui
2801 1065 3005 1134 psallit,
3042 1063 3210 1120 Deum
3251 1066 3487 1136 alloqui-

1920 1162 2030 1211 tur.
2057 1155 2200 1222 Quid
2224 1162 2406 1210 autem
2428 1166 2511 1211 est
2534 1152 2690 1219 illud,
2713 1153 3019 1208 Iucundum
3040 1155 3111 1208 sit
3142 1156 3191 1209 ei
3222 1156 3489 1226 eloquium

1920 1261 2090 1299 meum
2109 1248 2135 1301 7
2163 1245 2217 1300 id
2243 1252 2329 1302 est
2357 1245 2689 1315 acceptabile
2716 1246 2788 1301 sit
2810 1245 2937 1316 ipsi,
2960 1247 3169 1316 placeat
3195 1247 3266 1313 ei,
3288 1250 3489 1317 jucun-

1920 1333 2210 1389 dissimum
2248 1348 2313 1388 ac
2357 1334 2793 1404 placidissimum
2834 1335 2946 1390 Deo
2989 1335 3259 1390 videatur.
3301 1334 3488 1392 Oratio

1920 1424 2104 1494 itaque
2146 1424 2285 1478 nihil
2318 1424 2467 1479 aliud
2494 1431 2598 1492 est,
2630 1440 2793 1494 quam
2827 1425 3161 1496 colloquium
3193 1441 3317 1481 cum
3353 1425 3485 1483 Deo.

1918 1514 2305 1571 Animadverte
2352 1516 2518 1585 igitur
2559 1516 2920 1585 psalmodiam
2962 1516 3021 1571 in
3071 1532 3131 1571 se
3172 1518 3488 1573 retributio-

1919 1622 2044 1662 nem
2072 1608 2373 1662 continere.
2400 1605 2542 1673 Quid
2565 1607 2711 1662 enim
2739 1607 2977 1677 alloquio
3006 1606 3101 1663 Dei
3131 1608 3337 1679 aequari
3370 1624 3490 1679 pos-

1920 1700 2026 1754 sit?
2058 1698 2386 1768 IIujusmodi
2433 1699 2617 1753 anima
2652 1713 2683 1752 a
2724 1699 3055 1756 tumultibus
3101 1700 3386 1765 liberatur,
3433 1701 3490 1754 in

1919 1793 2118 1846 cmlum
2144 1790 2495 1856 transfertur,
2543 1790 2774 1847 vinculis
2821 1792 3067 1862 corporis
3105 1789 3358 1857 sdlvitur,
3388 1792 3490 1845 alis

1919 1883 2236 1953 instruitur,
2280 1883 2451 1939 levior
2490 1882 2744 1947 efﬁcitur,
2792 1883 3020 1939 affectus
3056 1882 3299 1955 deponit,
3341 1900 3489 1939 mor-

1918 1975 2020 2030 bos
2054 1974 2225 2030 exuit.
2255 1973 2392 2029 Nam
2420 1975 2465 2028 si
2495 1990 2562 2030 ex
2597 1974 2882 2044 prudentis
2911 1974 3015 2028 viri
3056 1976 3330 2045 colloquio
3365 1975 3490 2045 quis

1915 2068 2130 2120 lucrum
2158 2073 2446 2134 reportans
2477 2064 2744 2131 abscedit,
2780 2065 2955 2135 cogita
2977 2073 3240 2135 quantum
3268 2064 3489 2119 virtutis

1916 2166 2083 2213 metet
2105 2174 2171 2212 ex
2200 2157 2292 2213 Dei
2327 2158 2620 2228 colloquio.
2652 2156 2896 2228 Hymnus
2927 2172 3057 2228 ergo
3082 2164 3166 2212 est
3195 2157 3490 2213 collocutio

1916 2266 2040 2306 cum
2074 2250 2203 2307 Deo.
2245 2251 2532 2317 Quomodo
2564 2258 2746 2306 autem
2787 2251 2902 2305 haec
2942 2248 3055 2306 Deo
3081 2250 3325 2321 jucunda
3364 2250 3487 2306 fue-

1916 2345 2026 2398 rit?
2055 2342 2116 2398 Si
2156 2345 2265 2397 vita
2289 2344 2361 2399 sit
2398 2358 2557 2414 pura,
2591 2343 2638 2398 si
2672 2344 2852 2397 anima
2883 2343 3314 2413 philosophetur.
3350 2343 3489 2397 Nam

1917 2436 1965 2492 si
2011 2443 2180 2492 totam
2230 2435 2375 2491 diem
2416 2435 2626 2491 orando
2669 2436 2963 2507 transigas,
3013 2435 3141 2489 dum
3185 2436 3311 2491 vitae
3347 2439 3489 2491 ratio

1917 2529 2149 2583 orationi
2179 2537 2465 2600 repugnat,
2489 2543 2601 2583 non
2631 2526 2790 2583 facile
2814 2528 3157 2594 exaudiaris;
3192 2544 3302 2584 non
3325 2530 3490 2585 modo

1917 2628 1977 2674 tu
2012 2620 2149 2690 ipse,
2178 2620 2275 2676 sed
2304 2621 2469 2674 etiam
2490 2618 2670 2689 quivis
2709 2619 2849 2673 alius
2877 2619 2971 2689 qui
2999 2634 3100 2690 pro
3130 2627 3184 2674 te
3211 2628 3485 2690 precetur.

1918 2712 2043 2768 Haec
2076 2726 2241 2783 porro
2269 2711 2413 2778 dico,
2448 2726 2559 2767 non
2598 2719 2658 2765 ut
2696 2726 2766 2766 ne
2802 2726 3021 2768 oremus
3067 2727 3244 2783 neque
3285 2713 3489 2783 psalla-

1917 2820 2063 2873 mus,
2097 2804 2193 2860 sed
2226 2810 2289 2857 ut
2317 2812 2441 2873 post
2478 2805 2719 2873 psalmos
2751 2804 2819 2881 de
2850 2805 2961 2859 vita
2988 2813 3042 2859 et
3070 2806 3489 2860 conversatione

1918 2905 2106 2953 nostra
2134 2897 2357 2952 solliciti
2387 2897 2582 2952 simus.
2614 2895 2728 2951 Hac
2756 2905 2887 2951 item
2918 2897 3129 2952 ratione
3155 2898 3487 2952 versiculum

1918 2990 2067 3047 hunc
2095 2990 2336 3061 explices
2360 3006 2375 3043 ι
2403 2987 2559 3042 Multi
2594 2996 2836 3059 quaestus
2863 3003 3029 3043 causa
3057 3004 3316 3059 perverse
3335 2989 3488 3058 judi-

1918 3084 2004 3139 cia
2039 3083 2244 3147 ferunt,
2269 3079 2367 3138 sed
2391 3087 2447 3136 et
2474 3086 2764 3151 antequam
2788 3095 2886 3150 per
2909 3086 3225 3134 accuratum
3258 3095 3487 3135 examen

234 3172 701 3243 παρηλλαγμένως
740 3172 838 3236 τὰς
874 3174 1083 3243 κρίσεις
1120 3176 1433 3248 ἐκφέρουσι,
1482 3180 1589 3250 πρὸ
1644 3198 1814 3234 κατα-

1918 3186 1973 3233 et
2002 3176 2478 3249 perquisitionem,
2503 3190 2609 3245 qua
2643 3174 2711 3230 de
2739 3188 2798 3229 re
2827 3180 3021 3244 agatur
3050 3173 3374 3243 intelligant,
3408 3182 3488 3226 te-

235 3264 449 3339 λήψεως
484 3265 586 3334 τῆς
624 3264 683 3329 ἐξ
731 3265 914 3318 ἱκανοῦ
954 3266 1132 3335 λόγου,
1167 3271 1258 3323 καὶ
1289 3271 1564 3324 ὲπιπλεῖον
1593 3273 1815 3343 ἐρευνη-

237 3356 440 3421 θέντος,
476 3354 852 3429 ἐγγινομένης.
881 3355 1255 3421 ἀϐασανίστως
1296 3359 1438 3413 κατὰ
1484 3361 1813 3431 προπέτειαν

234 3448 348 3512 τὰς’
376 3450 501 3519 περὶ
548 3450 778 3503 ἑκάστου
822 3451 1094 3522 δόγματος
1125 3450 1439 3520 ῥιπτοῦντες
1474 3451 1812 3519 συγκαταθέ-

237 3556 367 3603 σεις.
417 3542 482 3593 Ἦ
503 3541 558 3594 δὲ
582 3543 681 3612 τῆς
708 3542 1049 3613 διαλεκτικῆς
1074 3542 1234 3612 φύσις
1263 3542 1497 3613 μάλιστα
1522 3544 1815 3596 πεπίστευ-

234 3646 325 3683 ται
358 3629 530 3683 ταῦτα
573 3630 833 3702 παρέχειν
864 3631 1143 3696 δύνασθαι,
1183 3632 1410 3703 διαιρεῖν
1441 3632 1685 3701 ἀκριϐῶς
1714 3632 1812 3695 τὰς

236 3722 343 3773 τῶν
376 3721 723 3791 πραγμάτων
752 3721 939 3791 φύσεις
974 3723 1066 3776 καὶ
1095 3723 1164 3777 τὰ
1192 3724 1354 3794 ὅμοια
1384 3723 1692 3796 γνωρίζειν,
1720 3724 1815 3777 καὶ

236 3812 305 3865 τὰ
346 3813 543 3884 ἑαυτῆς
593 3813 909 3883 διακρίνειν.
957 3815 1154 3886 Διόπερ
1204 3814 1457 3878 συνειδὼς
1505 3814 1684 3886 ἑαυτῷ
1718 3816 1816 3887 τὴν

238 3900 388 3955 θείαν
415 3902 754 3975 διαλεκτικὴν
777 3904 974 3975 ἔχοντι,
1006 3905 1189 3974 ἔλεγεν
1228 3908 1256 3958 6
1293 3906 1454 3959 Aau‘l6
1483 3908 1565 3972 τὸ,
1613 3906 1817 3962 Ἠδων-

239 3994 364 4060 θείη
397 4008 499 4049 σοι
522 3996 563 4064 ή
593 3995 844 4065 διαλογή
869 4014 1008 4065 μου.
1043 3998 1107 4050 Ἠ
1138 3996 1247 4069 γὰρ
1277 3998 1386 4053 τῶν
1410 3999 1696 4069 ἐριστικῶς
1722 4000 1816 4054 καὶ

238 4085 554 4153 φιλονείκως
577 4086 1013 4158 ἐπεμϐαινόντων
1032 4093 1145 4154 τοῖς
1167 4090 1452 4161 πράγμασι
1478 4090 1812 4162 διαλεκτικὴ,

240 4178 337 4248 οὐχ
364 4179 534 4249 ἡδεῖα,
565 4179 701 4233 ἀλλά
732 4182 1246 4253 παραπικραίνουσά
1265 4184 1349 4248 τίς
1372 4186 1538 4237 ἐστιν.
1566 4185 1688 4238 Ὅτι
1716 4185 1816 4255 μὲν

238 4265 333 4322 οὖν
358 4270 484 4341 ἡδὺς
516 4270 634 4341 Θεῷ
659 4271 816 4341 λόγος
850 4274 881 4326 6
908 4274 987 4337 εις
1018 4273 1282 4345 ὀρθότητα
1309 4274 1541 4344 βλέπων,
1572 4276 1733 4339 αὐτὸς
1757 4278 1816 4329 ὲν

238 4360 318 4430 τῷ
353 4360 554 4432 ᾅσματι
579 4361 757 4432 λέγει’
786 4365 1010 4433 Κηρίον
1037 4364 1446 4426 ἀποστάζουσι
1475 4368 1647 4437 χείλη
1676 4382 1813 4435 σου,

238 4451 471 4522 ἀδελφή
487 4471 606 4523 μου
627 4456 830 4524 νύμφη
852 4472 866 4485 ·
887 4455 1028 4525 μέλι
1052 4457 1147 4511 καὶ
1173 4456 1325 4527 γάλα
1352 4458 1471 4512 ὑπὸ
1499 4458 1610 4527 τὴν
1632 4458 1818 4530 γλῶσ-

1920 3284 2065 3324 mene
2112 3269 2344 3338 singulis
2377 3267 2663 3324 sententiis
2702 3282 2989 3322 assensum
3020 3261 3295 3336 praebent;
3322 3266 3391 3319 At
3421 3280 3487 3321 ea

1916 3357 2213 3412 dialecticae
2254 3366 2448 3412 natura
2506 3365 2609 3422 est,
2645 3363 2705 3410 ut
2732 3372 2913 3411 rerum
2961 3366 3186 3411 naturas
3230 3367 3487 3411 accurate

1917 3446 2310 3520 distinguendi,
2361 3447 2563 3502 similia
2618 3446 3002 3518 cognoscendi,
3062 3454 3116 3501 et
3161 3462 3283 3516 quae
3320 3446 3389 3501 ad
3427 3462 3488 3502 se

1915 3541 2221 3611 pertineant
2263 3538 2638 3605 discernendi,
2686 3538 3001 3593 facultatem
3032 3546 3294 3608 praestare
3324 3554 3489 3609 posse

1914 3641 2155 3703 putetur.
2186 3632 2550 3698 Quamobrem
2568 3629 2739 3685 David
2755 3645 2879 3685 cum
2910 3644 2969 3685 se
2996 3629 3179 3685 divina
3201 3629 3487 3685 dialectica

1916 3728 2244 3781 instructum
2262 3740 2385 3781 esse
2404 3731 2779 3796 cognosceret,
2805 3722 3017 3778 dicebat
3044 3741 3057 3776 :
3088 3718 3390 3775 Jucundum
3415 3724 3487 3775 sit

1917 3819 2011 3872 tibi
2050 3818 2313 3889 eloquium
2341 3833 2533 3880 meum,
2563 3816 2679 3872 sive
2715 3815 3000 3871 dialectica
3025 3831 3167 3871 mea.
3191 3813 3328 3869 Nam
3366 3815 3488 3870 dia-

1917 3909 2108 3965 lectica
2144 3924 2333 3965 eorum
2370 3908 2462 3979 qui
2494 3908 2789 3963 altercandi
2826 3922 2889 3963 ac
2916 3906 3277 3963 contendendi
3304 3907 3487 3961 animo

1914 4016 2006 4058 res
2043 4001 2453 4071 aggrediuntur,
2485 4015 2595 4055 non
2618 3999 2881 4071 jucunda,
2922 3997 3017 4055 sed
3049 3997 3235 4069 potius
3259 4014 3489 4070 exaspe-

1914 4106 2046 4147 rans
2078 4099 2182 4146 est.
2223 4091 2378 4156 Quod
2425 4097 2606 4145 autem
2642 4103 2823 4145 sermo
2854 4090 3164 4159 aequitatem
3208 4097 3487 4160 spectans,

1910 4185 2188 4257 jucundns
2218 4184 2328 4239 Deo
2358 4183 2448 4249 sit,
2479 4184 2597 4253 ipse
2638 4183 2694 4237 in
2734 4183 2952 4238 cantico
2982 4182 3212 4237 afﬁrmat
3236 4200 3252 4237 :
3280 4181 3489 4238 Favum

1915 4278 2181 4333 distillant
2213 4276 2359 4330 labia
2378 4285 2494 4339 tua,
2520 4292 2673 4331 soror
2699 4292 2816 4330 mea
2835 4291 3027 4344 sponsa
3054 4276 3193 4331 :mel
3214 4285 3264 4331 et
3288 4277 3369 4330 lac
3392 4275 3488 4330 sub

1917 4371 2099 4442 lingua
2132 4380 2224 4424 tua
2248 4370 2313 4424 ⁸⁸.
2347 4368 2503 4437 Quod
2530 4384 2659 4424 vero
2691 4369 2783 4439 qui
2811 4367 3008 4439 frigida
3036 4376 3091 4424 et
3119 4369 3297 4424 futilia
3322 4369 3489 4424 verba

1917 4464 2070 4534 loqui
2100 4464 2257 4525 solet,
2291 4462 2623 4532 injucundus
2661 4462 2752 4525 sit,
2785 4461 2837 4515 id
2886 4462 3187 4532 psalmodia
3223 4461 3488 4529 declarat,

239 4539 362 4593 σάν
386 4558 525 4598 σου.
558 4543 678 4596 Ὅτι
700 4543 757 4596 δὲ
792 4544 821 4595 6
864 4544 1218 4616 ψυχρολογεῖν
1264 4546 1470 4612 εἰωθὼς
1495 4548 1754 4620 ἀκαλλὴς,
1782 4551 1816 4621 ή

1921 4572 2046 4611 cum
2074 4556 2150 4610 ait
2186 4572 2200 4607 :
2240 4554 2551 4624 Sepulcrum
2574 4563 2757 4622 patens
2781 4561 2859 4607 est
2883 4563 3064 4624 guttur
3093 4569 3272 4607 eorum
3286 4553 3353 4606 ⁵⁷.
3381 4553 3491 4623 Ego

240 4633 528 4704 ψαλμῳδία
555 4635 881 4706 παρίστησι·
915 4634 1106 4706 Τάφος
1136 4636 1264 4710 γὰρ,
1300 4639 1485 4710 φησὶν,
1523 4639 1819 4711 ἀνεῳγμέ-

242 4740 350 4790 νος
395 4728 429 4779 ὀ
476 4725 708 4795 λάρυγξ
755 4725 973 4782 αὐτῶν.
1016 4728 1156 4798 Ἐγὼ
1211 4728 1280 4783 δὲ
1333 4732 1819 4803 εὐφρανθήσομαι

243 4815 343 4870 ἐπὶ
368 4811 446 4884 τῷ
464 4820 679 4886 Κυρίῳ.
700 4819 965 4892 Εύχομαι,
989 4823 1143 4893 φησι,
1165 4823 1368 4896 ταύτην
1392 4842 1491 4896 μου
1516 4826 1614 4897 τὴν
1640 4826 1818 4895 ὑμνῳς

242 4910 361 4965 δίαν
393 4912 485 4964 καὶ
528 4911 759 4979 διάλεξιν
797 4914 1018 4985 ἡδίστην
1050 4916 1279 4988 ὀφθῆναι
1322 4916 1401 4986 τῷ
1436 4917 1573 4987 Θεῷ.
1618 4916 1817 4971 Τούτου

243 5002 351 5075 γὰρ
380 5004 691 5075 γενομένου,
728 5005 837 5075 ἐγὼ
875 5007 974 5078 τὴν
1014 5008 1263 5063 ἐντεῦθεν
1307 5009 1570 5081 εὐθυμίαν
1593 5008 1812 5080 καρπώ⁸

243 5112 427 5166 σομαι,
462 5099 555 5150 καὶ
586 5099 1027 5171 εύφρανθήσομαι
1060 5103 1153 5155 ἐπὶ
1180 5102 1259 5173 τῷ
1299 5104 1507 5175 Κυρίῳ,
1544 5103 1823 5157 τουτέστιν

241 5188 336 5241 ἐπὶ
363 5192 430 5260 τῇ
465 5189 708 5262 λατρεία,
740 5192 833 5245 ἐπὶ
866 5195 931 5263 τῇ
973 5196 1340 5266 προσκυνήσει
1372 5196 1466 5249 καὶ
1497 5200 1609 5260 τοῖς
1634 5196 1823 5249 ἐπιτά-

242 5295 414 5349 γμασι
457 5282 561 5345 τοῖς
592 5283 778 5349 αὐτοῦ,
815 5284 907 5337 ἐπὶ
950 5285 1028 5356 τῷ
1072 5285 1311 5341 τοιοῦτον
1350 5289 1493 5359 ἔχειν
1531 5289 1817 5359 δεσπότην.

244 5371 398 5425 Καλὰ
431 5373 526 5443 μὲν
561 5373 668 5445 γὰρ
699 5376 795 5429 καὶ
834 5374 902 5429 τά
934 5376 1204 5447 ὁρώμενα,
1238 5380 1333 5433 καὶ
1367 5380 1557 5450 τέρπει
1592 5382 1621 5432 6
1658 5381 1819 5451 ούρα-

244 5461 361 5528 νὸς,
401 5467 493 5518 καὶ
534 5467 812 5538 εὐφραίνει
854 5469 884 5520 6
929 5468 1111 5539 ἥλιος,
1167 5470 1260 5523 καὶ
1302 5472 1374 5541 γῆ
1421 5472 1600 5542 ἀνίησι
1656 5472 1822 5543 σπέρ-

1924 4667 2042 4704 vero
2087 4650 2385 4705 delectabar
2424 4651 2477 4703 in
2528 4648 2773 4703 Domino.
2804 4648 3025 4714 Precor,
3060 4647 3256 4717 inquit,
3295 4655 3357 4702 ut
3392 4648 3491 4719 hy-

1925 4757 2085 4796 mnus
2127 4749 2181 4796 et
2226 4741 2501 4811 eloquium
2548 4740 2715 4806 istud,
2754 4739 3212 4807 iucundissimum
3252 4738 3363 4793 Deo
3404 4738 3490 4792 vi-

1924 4833 2133 4887 deatur.
2172 4831 2228 4887 Id
2266 4833 2409 4887 enim
2449 4832 2495 4887 si
2537 4836 2649 4899 tiat,
2693 4832 2821 4885 hinc
2855 4846 2955 4903 ego
2985 4831 3312 4885 hilaritatem
3358 4845 3491 4885 con-

1926 4940 2147 4994 sequar,
2177 4933 2231 4979 et
2255 4923 2564 4979 delectabor
2586 4924 2640 4977 in
2667 4922 2919 4987 Domino,
2950 4921 3002 4975 id
3027 4929 3132 4981 est.
3158 4921 3211 4975 in
3235 4920 3409 4987 cultu,
3434 4921 3490 4973 in

1921 5015 2259 5079 adoratione,
2290 5015 2345 5069 in
2388 5015 2672 5084 praeceptis
2700 5014 2840 5084 ejus,
2872 5014 3017 5083 quod
3045 5013 3170 5068 talis
3200 5011 3333 5065 mihi
3376 5011 3489 5065 Do-

1923 5106 2104 5161 minus
2130 5107 2220 5161 sit.
2250 5105 2384 5159 Nam
2416 5121 2538 5176 quae
2562 5107 2665 5161 sub
2699 5114 2976 5175 aspectum
3001 5105 3220 5168 cadunt,
3260 5102 3491 5173 pulchra

1923 5198 2141 5268 quidem
2194 5207 2341 5262 sunt,
2373 5199 2585 5253 ccelum-
2621 5198 2866 5261 delectat,
2910 5198 2992 5253 soi
3040 5198 3293 5261 laetificat,
3346 5206 3493 5251 terra

1928 5290 2134 5343 semina
2161 5290 2482 5359 plantasque
2518 5290 2760 5359 profert;
2792 5298 2847 5342 at
2881 5304 2983 5358 ego
3018 5288 3141 5358 plus
3169 5288 3407 5343 delector
3435 5287 3490 5340 in

1925 5381 2206 5442 Creatore,
2229 5397 2391 5452 quam
2420 5387 2473 5435 in
2503 5381 2592 5437 his
2616 5381 2889 5437 omnibus.
2915 5380 3042 5436 Haec
3063 5380 3196 5434 mihi
3218 5380 3491 5449 voluptas,

1927 5470 2043 5526 hazc
2066 5471 2271 5535 laetitia,
2298 5472 2380 5525 lue
2403 5472 2627 5536 deliciae,
2653 5472 2767 5527 huic
2787 5470 2997 5526 infinita
3019 5472 3159 5525 bona
3186 5469 3319 5524 mihi
3341 5479 3491 5524 sunt.

248 5576 393 5629 ματα
436 5563 530 5616 καὶ
571 5568 746 5633 φυτά·
785 5563 899 5618 ἀλλ’
947 5568 1058 5633 ἐγὼ
1129 5565 1335 5621 τούτων
1380 5569 1600 5623 πάντων
1642 5569 1735 5622 ἐπὶ
1780 5568 1859 5639 τῷ
1923 5570 2205 5641 ποιήσαντι
2261 5568 2421 5622 πλέον
2468 5567 2847 5639 εύφραίνομαι.
2912 5567 3081 5621 Τοῦτό
3140 5584 3228 5638 μοι
3276 5565 3501 5637 τρυφὴ,

244 5648 403 5703 τοῦτὸ
431 5669 518 5721 μοι
556 5655 880 5725 εὐφροσύνη,
915 5656 1071 5709 τοῦτο
1104 5656 1295 5728 ἡδονὴ,
1335 5658 1491 5711 τοῦτο
1527 5659 1596 5712 τά
1630 5659 1798 5731 μυρία
1824 5660 2023 5728 ἀγαθά.

318 5804 365 5839 ⁵⁸
400 5806 560 5862 Cant.
600 5825 676 5869 Iv,
714 5809 800 5863 12.
878 5810 921 5841 ⁸⁷
963 5809 1107 5865 Psal.
1142 5828 1196 5877 ν,
1231 5812 1319 5866 Η.

540 5899 811 5961 ΡΑτῐιοι..
847 5902 962 5963 Gn.
1021 5903 1258 5964 XXIII.

3107 5906 3179 5965 Μ
