3992 6404
532 312 665 370 1291
1205 314 1294 373 EU
1304 312 1477 371 SEBII
1515 315 1993 373 CIESARIENSIS
2029 316 2108 373 ΟΡ

2235 317 2403 374 PARS
2441 318 2531 375 In.
2570 348 2643 363 —
2678 321 3098 378 EXEGETICA.
3588 305 3599 319 ’
3640 330 3811 382 i292

601 424 767 481 Vnus.
794 426 883 481 55.
912 425 1176 497 Deficiant
1205 436 1503 495 peccatores
1534 444 1569 481 a
1598 437 1741 482 terra
1757 440 1805 483 et
1828 430 2114 499 iniqui,ita
2143 438 2177 494 Α

2302 431 2690 486 Ἐκλίποισαν
2721 436 3051 502 ἁμαρτωλοὶ
3084 436 3203 489 ἀπὸ
3242 436 3351 504 τῆς
3378 436 3489 507 γῆς
3518 440 3617 494 καὶ
3664 442 3831 494 ἄνο-

523 530 581 572 ιι
615 537 716 573 ηοη
754 522 881 574 sint.
916 519 973 573 In
1000 521 1093 574 illo
1122 519 1374 575 videlicet
1400 529 1664 590 tempore,
1696 536 1808 591 quo
1835 522 2060 576 audient
2088 540 2099 574 :

2253 538 2331 585 οι,
2367 520 2523 575 ὥστε
2548 522 2635 591 μὴ
2672 525 2969 593 ὑπάρχειν
2995 528 3239 593 αὐτούς.
3282 529 3368 580 Ἐν
3397 531 3593 601 ἐκείνῳ
3614 531 3829 600 δηλον-

524 611 789 666 Discedite
819 628 852 665 a
880 629 979 675 me,
1018 611 1309 675 maledicti,
1341 612 1397 665 in
1427 612 1600 681 ignem
1632 621 1907 676 aeternum,
1938 629 2100 681 para-

2252 633 2293 667 τι
2316 614 2393 682 τῷ
2418 616 2613 687 καιρῷ,
2637 616 2957 670 ἀκούσονται
2988 620 3115 689 γὰρ,
3142 622 3475 688 Πορεύεσθε
3499 623 3601 675 ἀπ’
3629 622 3828 691 ἐμοῦ,

522 714 632 756 tum
658 704 869 757 diabolo
899 711 949 757 et
970 704 1171 773 angelis
1199 719 1335 771 ejus.
1366 701 1578 757 Esurivi
1603 703 1765 765 enim,
1798 714 1847 757 et
1876 721 1980 757 non
2011 705 2098 758 de-

2249 706 2265 755 ί
2304 706 2718 775 κατηραμένοι,
2757 710 2843 773 εὶς
2872 708 2939 761 τὸ
2983 709 3103 777 πῦρ
3146 710 3213 761 τὸ
3242 710 3502 777 allia-tor,
3534 713 3603 766 τὸ
3644 716 3825 781 ἡτοι-

519 796 674 849 dixti:
715 796 841 848 mihi
883 796 1241 858 manducare;
1281 795 1444 860 silici,
1480 805 1531 848 et
1573 812 1677 849 non
1716 796 1940 862 potastis
1982 814 2095 861 me;

2251 797 2520 866 ασμένον
2564 798 2645 863 τῷ
2681 799 2935 866 διαϐόλῳ
2977 803 3073 854 καί
3114 802 3239 868 τοῖς
3271 804 3550 874 ἀγγέλοις
3586 805 3824 859 αὑτοῦ.

519 887 702 953 hospes
730 903 899 948 eram,
946 896 995 939 et
1049 902 1151 939 non
1196 886 1481 955 collegistis
1525 901 1643 948 me;
1690 886 1885 949 nudus,
1922 896 2095 941 etnon

2246 894 2549 945 Επείνασα
2600 891 2733 959 γὰρ,
2791 892 2891 944 καὶ
2942 894 3053 945 οὐκ
3097 893 3353 947 ἐδώκατέ
3389 914 3493 965 μοι
3547 897 3822 965 φαγεῖν·

517 978 866 1047 cooperuistis
904 993 1016 1040 me;
1048 977 1293 1045 inﬁrmus
1326 986 1374 1030 et
1401 978 1453 1030 in
1485 994 1694 1031 carcere
1714 1018 1729 1043 ,
1762 988 1811 1032 et
1846 996 1951 1033 non
1981 978 2093 1033 risi-

2246 983 2495 1051 δίψησα,
2514 981 2612 1037 καί
2644 985 2755 1036 οὐκ
2787 982 3108 1036 ἐποτίσατέ
3130 1001 3208 1052 με
3230 1002 3244 1014 °
3280 985 3456 1052 ξένος
3490 986 3686 1054 ἤμην,
3713 985 3822 1040 κα)

518 1071 671 1124 lastis
701 1086 781 1123 me
810 1070 895 1123 u‘z
934 1076 989 1123 et
1036 1084 1145 1123 non
1179 1077 1341 1123 erunt
1383 1069 1437 1123 in
1486 1070 1735 1139 portione
1782 1085 1971 1125 eorum
2010 1069 2094 1141 qui

2246 1077 2281 1128 ῠ
2318 1073 2694 1145 συνηγάγπέ
2732 1091 2839 1143 με·
2884 1075 3129 1145 γυμνὸς,
3172 1076 3269 1128 καὶ
3308 1078 3379 1129 οὺ
3418 1076 3820 1144 περιεϐάλετέ

515 1162 628 1217 Deo
656 1161 1006 1216 benedicunt.
1031 1160 1101 1213 At
1125 1162 1247 1231 quis
1280 1162 1419 1215 forte
1450 1153 1597 1215 dicat
1628 1182 1641 1217 :
1672 1152 1885 1233 Ergone
1914 1162 2091 1219 beatus

2241 1185 2309 1221 ις·
2344 1168 2610 1235 ἀσθενὴς
2642 1168 2739 1221 καί
2770 1169 2839 1219 ἐν
2868 1168 3135 1235 φυλακῇ,
3174 1170 3269 1221 καὶ
3315 1171 3425 1222 οὐκ
3453 1170 3817 1236 ἐπσκὲιςπρ

512 1252 785 1323 Propheta
814 1254 1149 1323 imprecatur
1183 1254 1250 1308 iis
1274 1253 1369 1323 qui
1421 1254 1477 1307 in
1524 1256 1773 1324 peccatis
1805 1264 1956 1323 sunt,
1986 1271 2088 1311 om-

2240 1262 2316 1313 ’θέ
2348 1277 2452 1329 με’
2503 1260 2598 1313 καὶ
2646 1261 2746 1312 οὐκ
2794 1260 3004 1312 ἔσονται
3050 1261 3107 1311 ἐν
3152 1262 3219 1332 τῇ
3269 1261 3449 1332 μερίδι
3486 1260 3605 1314 τῶν
3652 1262 3816 1315 £2310-

511 1361 721 1418 nesque
772 1348 889 1397 vult
943 1346 1120 1415 perire
1157 1360 1220 1399 ac
1260 1346 1504 1400 destrui?
1560 1346 1628 1399 At
1681 1348 1868 1401 decuit
1917 1348 2087 1417 potius

2241 1352 2443 1406 ούντων
2470 1354 2559 1405 τὸν
2590 1353 2741 1405 Θεόν.
2787 1352 2924 1404 Ἀλλ’
2968 1334 3085 1423 ἐρεῖ
3120 1370 3204 1416 τις
3247 1354 3441 1423 τυχόν·
3473 1349 3605 1424 τΑρ’
3640 1350 3747 1407 οὖν
3785 1356 3816 1408 ὁ

510 1437 691 1489 virum
729 1443 978 1491 sanctum
1032 1449 1095 1488 ac
1146 1436 1489 1504 spiritualem
1534 1451 1634 1506 pro
1692 1436 2086 1495 infirmantibus

2233 1446 2474 1517 ιακὰριος
2509 1447 2801 1516 Προφήτης
2828 1446 3152 1515 κατεύχεται
3179 1445 3287 1499 τῶν
3312 1447 3479 1499 ὅντων
3508 1448 3569 1499 ἐν
3613 1448 3809 1518 ἁμαρ-

510 1524 747 1596 precari.
804 1524 1075 1579 Caeterum
1117 1525 1279 1590 audi,
1337 1526 1527 1595 paucis
1578 1526 1724 1579 enim
1772 1526 2086 1582 absolvam:

2238 1539 2363 1603 ίαις,
2408 1539 2500 1591 καὶ
2538 1538 2747 1600 πάντας
2786 1536 3079 1590 ἀπολέσθαι
3124 1539 3215 1591 καὶ
3262 1538 3631 1609 ἀφανισθῆναι
3676 1538 3810 1608 βού-

510 1618 651 1673 Ante
681 1616 991 1673 Servatoris
1041 1617 1335 1671 adventum
1381 1632 1572 1673 omnes
1605 1619 1660 1671 in
1692 1619 1933 1688 peccatis
1970 1634 2086 1673 era-

2233 1649 2383 1697 εται;
2419 1630 2611 1685 Καίτοι
2643 1630 2841 1701 μᾶλλον
2874 1632 3039 1701 ἐχρῆν
3065 1632 3217 1697 ἅγιον
3254 1631 3383 1684 ὄντα
3418 1632 3510 1684 καί
3540 1648 3807 1701 πνευμαι

506 1725 655 1772 mus,
688 1717 846 1764 terra:
868 1709 1169 1779 imperabat
1192 1707 1447 1775 Satanas,
1470 1726 1578 1765 non
1604 1718 1720 1765 erat
1746 1712 1839 1781 qui
1890 1711 2082 1768 facerel

2231 1721 2425 1791 οφόρον
2459 1719 2855 1791 ὑπερεύχεσθαι
2888 1720 2996 1772 τῶν
3027 1721 3422 1791 ὴσθενηκότων.
3444 1710 3658 1774 ’Ἄκουε
3688 1721 3806 1774 λοι-

511 1803 741 1867 bonum,
770 1818 877 1857 non
910 1809 1029 1857 erat
1074 1817 1247 1872 usque
1279 1802 1347 1855 ad
1380 1818 1550 1856 unum
1584 1821 1597 1858 :
1628 1819 1820 1859 omnes
1848 1803 2087 1860 declina—

2229 1796 2312 1875 ἢν,
2347 1808 2457 1880 ἐρῶ
2487 1808 2595 1881 γὰρ
2626 1810 2713 1862 διὰ
2742 1809 3013 1881 βραχέων’
3053 1811 3160 1882 πρὸ
3208 1812 3306 1880 μὲν
3352 1811 3453 1881 τῆς
3481 1811 3578 1864 τοῦ
3618 1812 3805 1881 Σωτῆ-

509 1906 719 1960 verant,
746 1895 908 1951 simul
944 1896 1162 1951 inutiles
1196 1895 1326 1949 facti
1378 1904 1555 1951 erant.
1597 1895 1733 1950 Nam
1764 1895 1941 1953 Graeci
1969 1898 2085 1969 qui-

2224 1920 2289 1966 n;
2338 1902 2630 1973 ἐπιδημίας
2684 1902 2923 1968 ἅπαντες
2963 1900 3103 1975 ἦμεν
3143 1906 3200 1956 ἐν
3250 1904 3579 1975 ἁμαρτίαις,
3632 1921 3800 1956 κατε-

509 1989 635 2045 dem
674 1990 945 2047 idolorum
986 1990 1260 2051 cultores,
1292 1990 1567 2060 azquitatis
1596 1991 1816 2045 modum
1868 1993 2085 2063 ignora-

2219 1993 2385 2065 ιρὰτει
2428 1994 2527 2064 τῆς
2552 1993 2643 2045 ὑπ’
2672 1993 2898 2065 οὐρανὸν
2944 1996 2972 2046 ὁ
3017 1995 3280 2060 Σατανᾶς,
3308 1996 3409 2047 οὐκ
3450 1990 3518 2064 ἦν
3547 1996 3580 2047 ὁ
3620 1994 3795 2046 avsqu

508 2082 679 2147 bant,
737 2084 889 2138 bonae
922 2084 1045 2137 vitae
1095 2083 1288 2137 callem
1340 2083 1695 2151 nesciebant;
1740 2084 1851 2138 imo
1910 2085 2084 2155 potius

2218 2085 2556 2155 [ρηστότητα,
2620 2086 2721 2138 οὐκ
2770 2080 2838 2156 ἦν
2885 2086 2991 2149 ἐως
3037 2087 3185 2149 ἐνὸς·
3236 2086 3435 2147 πάντες
3483 2084 3794 2148 ἐξέκλιναν,

508 2178 753 2232 omnium
812 2192 992 2233 rerum
1034 2175 1283 2245 Opificem
1332 2183 1386 2229 et
1422 2174 1760 2231 Salvatorem
1807 2177 2084 2233 Christum

2218 2180 2309 2248 ιμα
2335 2178 2731 2250 ἠχρειώθησαν.
2758 2177 3017 2248 Ἕλληνες
3054 2178 3151 2248 μὲν
3189 2176 3297 2248 γὰρ
3328 2178 3377 2229 οί
3411 2176 3519 2228 τῶν
3552 2175 3794 2229 εἰδώλων

507 2268 822 2322 nullatenus
853 2266 1278 2337 cognoscebant.
1310 2263 1482 2320 Judaei
1510 2266 1639 2321 item
1671 2266 1841 2338 legem
1867 2268 2083 2339 quidem

2215 2271 2716 2343 τροσκυνηταὶ,τοὺς
2732 2272 2831 2342 τῆς
2851 2270 3147 2333 ἐπιεικείας
3165 2270 3264 2322 οὐκ
3286 2270 3506 2339 ᾔδεισαν
3527 2268 3791 2339 τρόπους,

506 2361 780 2417 habebant
831 2375 929 2429 pro
964 2360 1300 2429 paedagogo:
1336 2368 1389 2413 at
1446 2374 1557 2413 non
1607 2368 1821 2429 poterat
1872 2377 1941 2415 ex
1977 2362 2082 2433 lege

2216 2364 2288 2435 τῆς
2312 2363 2545 2429 εὔζωτας
2580 2364 2679 2434 τὴν
2707 2363 2824 2417 ὁδὸν
2854 2364 2954 2415 οὐκ
2984 2362 3307 2431 ἠπίσταντο·
3345 2360 3545 2430 μᾶλλον
3576 2361 3637 2413 δὲ
3668 2360 3792 2413 οὐδὲ

506 2452 672 2507 homo
694 2452 986 2522 justificari
1024 2471 1036 2505 :
1067 2466 1260 2507 omnes
1293 2453 1459 2524 igitur
1487 2452 1544 2507 in
1576 2455 1817 2523 peccatis
1847 2469 2082 2519 eramus,

2213 2455 2352 2509 ιύτὸν
2378 2456 2671 2524 ἐγίνωσκον
2701 2454 2837 2517 ὅλως
2866 2454 2954 2506 τὸν
2983 2453 3089 2506 τῶν
3118 2453 3252 2506 ὅλων
3278 2453 3663 2523 γενεσιουργὸν
3694 2451 3789 2503 καὶ

506 2552 654 2601 terra
680 2544 963 2615 iniquitate
1010 2546 1168 2615 plena
1206 2552 1345 2599 erat.
1384 2544 1682 2616 Postquam
1707 2554 1889 2600 autem
1921 2561 2082 2617 appa-

2210 2538 2417 2618 Ξωτῆρα
2449 2546 2711 2619 Χριστὸνο
2755 2543 2994 2598 Ἰουδαῖοι
3024 2544 3080 2596 δὲ
3111 2544 3270 2597 πάλιν
3304 2539 3446 2613 εἶχον
3484 2544 3587 2613 μὲν
3624 2543 3786 2612 νόμον

504 2638 617 2691 ruit
644 2637 985 2707 unigenitum
1016 2635 1108 2691 Dei
1132 2634 1393 2700 Verbum,
1427 2645 1482 2692 et
1525 2638 1727 2691 factum
1770 2646 1853 2693 est
1889 2638 2080 2705 homo,

2210 2638 2280 2691 τὸν
2310 2638 2682 2707 παιδαγωγόν·
2729 2637 2844 2691 ἀλλ’
2877 2639 2976 2691 οὐκ
3018 2633 3085 2709 ἦν
3131 2640 3189 2690 ἐν
3233 2638 3381 2707 νόμῳ
3423 2634 3786 2704 δικαιωθῆναι

504 2740 638 2786 tunc
688 2731 1015 2787 defecerunt
1049 2741 1388 2803 peccatores,
1425 2732 1743 2789 defecerunt
1796 2734 1833 2786 ii
1882 2735 1977 2804 qui
2030 2735 2080 2789 in

2206 2732 2279 2784 τὸν
2308 2730 2611 2803 ἄνθρωπον.
2645 2731 2851 2785 Οὐκοῦν
2895 2730 3133 2792 ἅπαντες
3180 2725 3319 2800 ἦμεν
3354 2731 3412 2781 ἐν
3458 2727 3782 2798 ἁμαρτίαις.

507 2825 794 2896 iniquitate
830 2826 1210 2882 versabantur.
1240 2825 1525 2892 Quomodo
1553 2836 1647 2881 aut
1687 2842 1795 2897 qua
1838 2829 2083 2884 ratione?

2205 2824 2418 2893 ινομίας
2443 2820 2511 2895 ἦν
2546 2823 2757 2895 πλήρης
2783 2826 2816 2894 ἡ
2850 2825 2941 2893 γῆ.
2992 2822 3206 2893 Ἐπειδὴ
3235 2822 3291 2875 δε
3329 2821 3600 2889 ἐπέφανεν
3631 2822 3659 2871 ὁ
3689 2836 3781 2888 μο-

506 2931 696 2972 cmnes
723 2916 925 2986 quippe
959 2915 1376 2984 justificaverat,
1408 2930 1437 2969 a
1478 2917 1778 2971 sceleribus
1820 2917 2082 2973 liberave-

2205 2917 2411 2987 νογενὴς
2434 2915 2527 2968 τοῦ
2556 2914 2688 2969 Θεοῦ
2707 2916 2898 2985 Λόγος,
2920 2916 3012 2967 καὶ
3038 2916 3254 2983 γέγονεν
3283 2913 3591 2983 ἄνθρωπος,
3619 2910 3781 2975 ἐξελιο

507 3017 613 3074 rat,
637 3025 829 3065 omnes
864 3009 1093 3073 liberos,
1119 3024 1288 3077 puros
1334 3024 1399 3064 ac
1432 3017 1608 3064 tersos
1640 3008 1912 3064 effecerat.
1948 3010 2083 3065 Hinc

2201 3025 2287 3061 πον
2311 3010 2359 3061 οἱ
2381 3007 2716 3078 ἁμαρτωλοὶ,
2761 3005 3135 3059 ἐκλελοίπασιν
3165 3007 3212 3057 οἱ
3246 3005 3394 3067 ὄντες
3417 3006 3477 3057 ἐν
3501 3005 3777 3074 ἁνομίαις.

506 3113 637 3170 ergo
666 3098 912 3168 sequitur
933 3113 1135 3168 paucos
1160 3100 1215 3152 in
1258 3100 1498 3169 peccatis
1529 3100 1891 3164 remansisse,
1943 3102 2082 3155 mul-

2202 3100 2310 3163 Πῶς
2342 3100 2374 3171 ἦ
2400 3099 2520 3153 τίνα
2549 3100 2783 3169 τρόπον;
2812 3096 3130 3151 δεδικαίωκε
3166 3098 3273 3168 γὰρ
3305 3097 3573 3160 ἅπαντας,
3608 3099 3778 3169 ἀπή).-

506 3200 593 3247 tos
614 3198 794 3244 autem
826 3190 1155 3260 justificatos
1178 3207 1318 3246 esse.
1357 3192 1539 3261 Itaque
1577 3192 1663 3245 hic
1693 3209 1804 3247 non
1834 3203 2082 3249 naturam

2201 3192 2314 3258 taEe
2364 3191 2472 3246 τῶν
2522 3190 3105 3262 πεπλημμελημένων,
3159 3188 3476 3260 ἐλευθέρους
3526 3190 3777 3260 ἀπέφηνε

504 3282 717 3339 destrui
749 3290 925 3354 rogat,
954 3299 1127 3353 neque
1152 3285 1398 3339 homines
1428 3284 1675 3340 funditus
1704 3287 1869 3341 exitio
1901 3287 2043 3341 tradi
2068 3304 2080 3353 ;

2201 3285 2283 3337 καὶ
2333 3283 2784 3354 διεσμηγμένους.
2832 3280 3042 3335 Οὐκοῦν
3084 3281 3252 3350 ὀλίγοι
3299 3283 3585 3350 γεγόνασιν
3624 3286 3677 3335 οἱ
3722 3284 3777 3334 ἐν

506 3375 602 3431 sed
627 3382 903 3446 precatur,
934 3383 993 3428 ut
1023 3384 1279 3446 peccator
1313 3377 1576 3430 malitiam
1608 3378 1846 3445 deserat,
1881 3387 1941 3433 ut
1975 3395 2082 3434 non

2200 3374 2503 3445 ὶμαρτίαις,
2553 3372 2737 3426 πολλοὶ
2783 3372 2839 3425 δὲ
2880 3371 3001 3425 λίαν
3041 3374 3088 3425 οί
3134 3370 3577 3440 δεδικαιωμένοι·
3636 3370 3776 3423 ὥστε

508 3472 647 3523 ultra
678 3477 931 3539 peccator
958 3470 1049 3535 sit,
1090 3470 1182 3525 sed
1211 3472 1561 3539 immuteturl;
1600 3488 1665 3527 ne
1722 3473 1795 3528 sit
1828 3475 2083 3545 iniquus,

2198 3466 2421 3519 ἐνταῦθα
2476 3466 2536 3518 οὐ
2592 3465 2689 3536 τὴν
2732 3465 2917 3517 οὐσίαν
2955 3462 3318 3533 ἀφανισθῆναι
3360 3462 3603 3532 εὔχεται,
3652 3462 3774 3515 οὔτε

506 3563 601 3616 sed
629 3562 933 3631 resipiscat.
986 3559 1312 3616 Sanctorum
1347 3564 1550 3633 quippe
1579 3565 1777 3620 animae
1825 3582 1934 3621 non
1986 3583 2082 3637 pro

2196 3560 2312 3622 τοὺς
2340 3558 2660 3629 ἀνθρώπους
2703 3557 3032 3629 πανολεθρία
3072 3556 3467 3629 παραδοθῆναι⁵
3507 3555 3648 3609 ἀλλᾶ
3679 3556 3772 3626 τὴν

506 3654 700 3723 seipsis
731 3661 964 3719 tantum,
992 3655 1085 3709 sed
1112 3670 1211 3724 pro
1258 3655 1515 3710 universo
1538 3656 1670 3711 orbe
1701 3658 1978 3714 orationes
2006 3658 2082 3714 ef-

2198 3650 2449 3724 πονηρίαν
2478 3652 2686 3705 ἐκλίποι
2718 3650 3059 3721 ἁμαρτωλὸς,
3091 3648 3231 3702 ὥστε
3260 3648 3333 3719 μὴ
3354 3643 3493 3701 εἶναι
3523 3649 3774 3718 ἁμαρτω-

504 3746 687 3803 ferunt
740 3762 889 3803 suas.
942 3746 1099 3801 Nunc
1153 3748 1317 3818 igitur
1365 3746 1567 3813 David,
1606 3765 1836 3814 arcanas
1888 3751 2080 3806 divinae

2199 3747 2295 3809 λὸς,
2332 3745 2469 3799 ἀλλὰ
2514 3744 2900 3815 μετατεθῆναι’
2937 3744 3010 3813 μὴ
3037 3743 3271 3814 ὑπάρχοι
3311 3745 3340 3795 ὁ
3382 3741 3602 3811 ἄνομος,
3640 3741 3775 3794 ἀλλὰ

503 3839 930 3910 pulchritudinis
981 3838 1237 3903 divitias,
1276 3840 1457 3910 quoad
1494 3840 1746 3895 humana:
1804 3841 2079 3900 facultatis

2194 3841 2611 3913 μεταϐληθῆναι.
2658 3840 2923 3904 Τοιαύτας
2971 3840 3080 3910 γὰρ
3134 3842 3188 3892 αἱ
3244 3839 3351 3891 τῶν
3387 3839 3559 3907 ἁγίων
3601 3837 3770 3908 ψυχιιί

502 3937 641 3994 erat,
666 3930 981 4000 explorans,
1010 3945 1202 3984 omnes
1232 3930 1480 3985 homines
1525 3933 1674 4001 paris
1711 3933 1917 3987 notitiae
1953 3948 2078 3987 con-

2195 3936 2283 4005 οὐχ
2314 3935 2453 4006 ὑπὲρ
2480 3934 2687 3988 ἑαυτῶν
2732 3934 2911 4004 μόνον,
2960 3932 3076 3986 ἀλλ’
3116 3932 3256 4003 ὑπὲρ
3306 3932 3406 4002 τῆς
3447 3932 3771 4002 οἰκουμένης

503 4027 682 4076 sortes
719 4035 839 4075 esse
865 4021 1207 4090 peroptabat,
1243 4028 1702 4092 peccatorumque
1728 4034 1930 4079 sortem
1960 4040 2079 4080 om-

2196 4028 2404 4099 ἑιπὰσης
2454 4026 2551 4089 τὰς
2593 4026 2804 4096 δεήσεις
2850 4024 3198 4097 ἀναφέρουσι.
3254 4024 3361 4076 Καὶ
3402 4022 3497 4075 νῦν
3540 4024 3772 4075 τοίνυνὲ

502 4111 635 4165 nino
666 4110 899 4165 deﬁcere
946 4112 1302 4179 precabatur;
1367 4128 1475 4166 non
1515 4121 1573 4167 ut
1616 4123 1840 4183 pereant
1891 4126 2078 4185 postu-

2192 4120 2368 4186 Δαυῖδ,
2399 4120 2458 4172 τὸ
2483 4118 2623 4172 θεῖον
2650 4117 2843 4181 κάλλος
2876 4117 3017 4170 κατὰ
3058 4116 3147 4170 τὸν
3184 4117 3489 4187 ἀπόρρητον
3518 4114 3768 4177 πλοῦτον,

502 4204 645 4273 lans,
678 4202 773 4259 sed
798 4212 857 4257 ut
890 4204 1247 4273 resipiscam,
1288 4212 1453 4275 utque
1480 4220 1670 4260 eorum
1699 4218 1897 4273 coetus,
1931 4218 2078 4279 post-

2192 4211 2262 4274 ὡς
2288 4211 2416 4280 ἐνῆν
2449 4208 2764 4279 ἀνθρωπεία
2795 4207 2953 4276 φύσει
2981 4205 3283 4271 διεξελθὼν,
3320 4208 3528 4269 πάντας
3560 4205 3768 4277 ἀνθρὼ-

502 4311 667 4366 quam
716 4295 1005 4365 pristinam
1058 4295 1368 4349 divinorum
1411 4298 1659 4352 notitiam
1698 4313 1999 4369 posuerunt
2030 4313 2078 4357 et

2198 4319 2319 4365 πους
2361 4301 2598 4372 ἱμείρετο
2638 4300 2738 4370 τῆς
2776 4299 2943 4368 αὐτῆς
2994 4300 3314 4368 μεταλαχεῖν
3354 4298 3630 4365 γνώσεως,
3685 4300 3774 4349 καὶ

502 4387 852 4457 abjecerunt,
900 4386 1165 4440 deleatur.
1202 4384 1353 4441 Vane
1380 4388 1542 4457 igitur
1568 4391 1894 4445 contentiosi
1920 4392 1997 4444 illi
2027 4392 2078 4446 in

2200 4394 2280 4463 τὴν
2322 4394 2430 4444 τῶν
2484 4389 2825 4462 ἁμαρτωλῶν
2880 4390 3111 4459 πάμπαν
3165 4388 3410 4456 ἐκλεῖψαι
3460 4390 3776 4459 συμμορίαν

501 4479 879 4536 obdurationis
902 4494 1014 4534 sua:
1036 4480 1399 4548 patrocinium
1441 4480 1756 4549 hujusmodi
1789 4499 1952 4539 voces
1983 4500 2077 4555 op-

2198 4486 2443 4539 .κετεύειο
2488 4485 2587 4537 οὐκ
2637 4484 2833 4546 αὐτοὺς
2882 4481 3175 4535 ἀπολέσθαι
3227 4479 3590 4549 παρακαλῶν,
3636 4481 3774 4533 ἀλλὰ

502 4581 743 4645 ponunt;
784 4574 927 4643 quod
962 4572 1132 4627 David
1184 4571 1437 4627 videlicet
1475 4572 1706 4629 deficere
1737 4588 2078 4643 peccatorem

2196 4576 2592 4650 μεταϐληθῆναι
2634 4577 2913 4645 δεόμενος,
2966 4576 3060 4627 καὶ
3108 4572 3420 4626 παύσασθαι
3472 4573 3658 4625 αὐτῶν
3716 4574 3772 4625 τὲ

499 4673 738 4737 exoptet,
766 4680 830 4719 ac
862 4664 1145 4718 infamiam
1185 4663 1673 4735 confusionemque
1706 4666 1943 4723 inimicis
1973 4669 2075 4721 im-

2198 4671 2373 4740 ςτίφος
2404 4668 2716 4733 ἀντιϐολῶν,
2768 4665 3221 4736 μεταταξαμένων
3276 4665 3369 4716 καὶ
3426 4664 3774 4735 μεταμαθὼ-

501 4766 789 4829 precetur;
820 4757 965 4828 quod
993 4754 1260 4811 Jeremias
1292 4756 1557 4812 ultionem
1590 4772 1621 4810 a
1674 4756 1786 4813 Deo
1813 4761 2075 4814 adversa-

2198 4780 2291 4815 rwv
2331 4762 2400 4815 τὰ
2443 4760 2581 4813 θεῖα.
2616 4761 2779 4812 Ὥστε
2815 4758 2991 4829 μάτην
3031 4759 3079 4810 οί
3123 4757 3387 4827 ἐριστικοί
3426 4758 3507 4819 είς
3542 4773 3774 4828 συνηγο-

500 4851 601 4906 riis
622 4852 736 4906 suis
770 4849 1032 4904 inflictam
1066 4848 1255 4904 videre
1303 4850 1536 4920 cupidus
1566 4850 1664 4917 sit;
1718 4851 1865 4922 quod
1912 4852 2073 4918 Osee,

2196 4856 2307 4927 ρίαν
2334 4855 2430 4926 τῆς
2450 4852 2659 4907 ἑαυτῶν
2684 4852 2910 4923 πικρίας
2946 4850 3045 4913 τὰς
3088 4849 3340 4914 τοιαύτας
3372 4848 3556 4917 φωνὰς
3590 4867 3772 4922 παρα-

500 4954 562 4999 ut
586 4942 880 4999 infecunda
910 4942 1072 4996 vulva
1098 4956 1455 5013 mammaeque
1476 4943 1644 4999 aridae
1678 4944 1917 5000 inimicis
1944 4945 2076 5001 den-

2198 4945 2449 4999 είθενται·
2477 4944 2567 4996 τὸν
2596 4940 2755 4995 Δαυῒδ
2784 4941 3053 4994 ἐκλείπειν
3084 4940 3175 4993 τὸν
3197 4940 3520 5011 ἁμαρτωλὸν
3550 4941 3774 4995 ποθοῦν-

500 5044 591 5089 tur
629 5035 937 5105 supplicet:
968 5047 1055 5087 ac
1115 5032 1317 5087 similia
1361 5035 1500 5090 bene
1548 5036 1719 5090 multa
1771 5037 1827 5090 in
1877 5036 2076 5093 divinis

2195 5054 2272 5101 τα,
2316 5038 2410 5090 καὶ
2442 5034 2702 5105 αἰσχύνην
2744 5034 2838 5085 καὶ
2874 5032 3139 5102 ἐντροπὴν
3177 5032 3285 5084 τῶν
3318 5030 3529 5102 ἐχθρῶν
3572 5050 3771 5086 κατευ-

500 5126 804 5199 Scripturis
847 5126 1054 5197 passim
1104 5125 1281 5195 posita
1325 5126 1619 5197 colligunt,
1665 5135 1725 5181 ut
1753 5127 1882 5182 hinc
1910 5130 2069 5183 evin—

2197 5130 2439 5199 ίόμενοψ
2472 5128 2560 5179 τὸν
2605 5124 2870 5196 Ἰερεμίαν
2920 5124 3045 5176 ἰδεῖν
3074 5124 3170 5194 τὴν
3204 5124 3354 5195 παρὰ
3382 5123 3475 5176 τοῦ
3507 5123 3646 5176 Θεοῦ
3685 5128 3773 5177 ἐκ·

499 5230 647 5285 cant,
682 5222 917 5275 inimicis
951 5220 1239 5290 imprecari
1284 5219 1365 5275 fas
1397 5236 1537 5283 esse,
1567 5229 1730 5290 atque
1764 5222 1844 5277 sic
1867 5222 2075 5276 acerbi-

2192 5222 2395 5291 Βίκησιν
2446 5220 2512 5272 ἐκ
2556 5218 2664 5271 τῶν
2710 5218 2967 5271 ἐναντίων
3012 5216 3410 5286 ἐπιθυμοῦντα·
3462 5217 3554 5268 τὸν
3608 5216 3768 5287 Ὠσηὲ

499 5317 627 5371 tatis
648 5330 763 5369 sua:
782 5313 876 5369 Dei
911 5315 1208 5369 bonitatem
1235 5314 1503 5368 vindicem
1534 5312 1756 5368 faciant.

2192 5315 2397 5385 μήτραν
2428 5309 2757 5365 ἁτεκνοῦσαν
2788 5311 2882 5364 καὶ¹
2908 5308 3145 5379 μαστοὺς
3184 5308 3381 5379 ξηροὺς
3409 5307 3627 5378 δοθῆναι
3660 5312 3768 5369 τοῖς

499 5411 714 5482 ἐχθροῖς
753 5412 1038 5481 δεόμενον’
1080 5412 1173 5465 καὶ
1216 5408 1385 5464 πολλὰ
1441 5409 1669 5481 τοιαῦτα
1719 5406 1991 5480 σποράδην
2033 5407 2329 5478 ὲγκείμενα
2390 5409 2508 5471 ταῖς
2572 5406 2744 5469 θείαις
2782 5406 2822 5458 Γ
2826 5406 3024 5476 ραφαῖς
3083 5402 3462 5471 ἀναλέγονται,
3511 5405 3766 5457 cumati-

504 5522 653 5573 μενοι
722 5507 800 5577 τῷ
853 5506 962 5559 δεῖν
1009 5506 1117 5560 τῶν
1168 5504 1421 5560 ἐναντίων
1489 5504 1879 5575 κατεύχεσθαι,
1918 5503 2130 5573 καὶτῆς
2163 5502 2369 5558 ἑαυτῶν
2422 5502 2646 5574 πικρίας
2694 5500 2958 5573 συνεργὸν
3008 5489 3279 5554 ποιεῖσθαι
3328 5498 3429 5571 τὴν
3478 5499 3576 5555 τοῦ
3630 5496 3766 5553 Θεοῦ

500 5597 841 5669 ὰγαθὸτητα.Ι

573 5772 619 5805 ⁴⁸
662 5770 851 5825 Matth.
893 5785 1019 5837 xxv,
1056 5769 1243 5825 “~43.
