3992 6404
237 393 378 448 i295

1365 383 1872 444 COMMENTARIA
1911 383 1976 441 IN
2019 385 2358 444 PSALMOS.

3353 391 3520 450 1294·

316 505 455 560 Ἀλλ’
482 499 657 568 οὐδεὶς
679 503 786 558 τῶν
817 496 1032 576 ἀληθῶς
1059 502 1248 571 ἀγίων,
1269 495 1344 556 ὧν
1372 505 1427 558 αἱ
1460 505 1648 575 ῥήσεις
1673 501 1815 556 κατά

1985 501 2189 557 Verum
2221 516 2384 556 nemo
2411 515 2603 556 eorum
2632 501 2726 572 qui
2758 517 2882 558 vere
2925 501 3102 559 sancti
3147 511 3312 570 sunt,
3357 521 3496 576 quo.

236 601 386 654 θείαν
423 597 732 668 οἰκονομίαν
769 599 849 660 είς
889 596 1168 650 νουθεσίαν
1201 595 1310 648 τῶν
1353 595 1546 667 ἐφεξῆς
1589 595 1817 666 ἀνεγρά-

236 709 432 764 φησαν,
463 690 555 743 ἐπί
583 707 688 743 τινι
716 689 870 759 κακῷ
895 689 993 762 τὴν
1021 687 1254 760 σπουδὴν
1278 687 1415 758 ἔχων
1445 687 1818 757 ἐπιδειχθήσε-

233 801 342 846 ται,
372 780 508 836 ἀλλά
531 783 640 845 πᾶς
670 783 852 844 αὐτοῖς
877 783 904 834 6
935 780 1134 844 σκοπὸς
1162 780 1271 832 τῶν
1311 779 1482 848 λόγων
1517 780 1653 851 πρὸς
1682 778 1819 851 διόρ-

229 875 398 929 θωσιν
427 874 528 944 τῆς
559 872 1051 944 ἐμπολιτευομένης
1080 873 1146 944 τῇ
1177 872 1335 941 φύσει
1378 871 1576 935 κακίας
1610 869 1813 942 βλέπει.

235 967 444 1038 Ὠσπερ
491 965 669 1018 τοίνυν
720 967 747 1017 6
791 964 1082 1034 εὐχόμενος
1122 964 1195 1034 μὴ
1230 959 1369 1016 εἷναι
1397 963 1704 1028 νοσοῦντας,
1744 963 1818 1036 μὴ

234 1053 373 1110 εἶναι
421 1053 832 1124 πτωχεύοντας,
877 1054 936 1106 ού
991 1053 1096 1108 τῶν
1152 1051 1454 1124 ἀνθρώπων
1507 1053 1818 1124 ἀναίρεσιν,

235 1147 370 1200 ἀλλά
397 1147 496 1217 τῆς
525 1147 682 1200 νόσου
721 1148 818 1199 καὶ
862 1146 961 1216 τῆς
993 1145 1264 1215 πτωχείας
1291 1144 1594 1215 ἀφανισμὸν
1635 1145 1822 1198 ἐπιθυ-

241 1242 332 1311 μεῖ
371 1239 658 1308 γενέσθαι·
699 1237 841 1291 οὕτω
889 1238 983 1291 καί
1030 1237 1137 1290 τῶν
1176 1237 1348 1306 ἁγίων
1395 1237 1622 1301 ἕκαστος
1659 1237 1718 1291 τὸ
1753 1241 1820 1309 τῇ

237 1332 396 1404 φύσει
455 1331 752 1400 πολέμιον,
814 1329 895 1392 εἰς
957 1329 1262 1399 ἀφανισμὸν
1318 1329 1490 1382 ἐλθεῖν
1549 1327 1816 1400 εὔχονται.

239 1426 408 1478 Ὅταν
451 1424 560 1494 γὰρ
609 1425 636 1475 6
663 1421 968 1492 Ψαλμῳδὸς
1017 1422 1179 1494 εἴπῃ·
1227 1421 1613 1476 Ἐκλίποισαν
1641 1422 1824 1490 ἁμαρ-

235 1514 412 1569 τωλοὶ
451 1505 570 1566 ἀπὸ
609 1509 721 1579 τῆς
755 1509 868 1580 γῆς
909 1510 1008 1563 καὶ
1043 1508 1274 1578 ἄνομοι,
1313 1507 1470 1562 ὥστε
1503 1508 1588 1578 μὴ
1635 1507 1824 1576 ὑπάρ-

239 1624 370 1678 χειν
399 1605 638 1671 αὐτοὺς,
664 1604 762 1675 τὴν
781 1603 1056 1673 ἁμαρτίαν
1079 1603 1320 1656 ἐκλιπεῖν
1347 1601 1442 1654 καὶ
1469 1602 1568 1672 τὴν
1591 1603 1822 1673 ἀνομίαν

240 1700 476 1772 εὔχεται.
509 1699 582 1752 Οὐ
614 1697 723 1768 γὰρ
765 1697 1049 1768 ἅνθρωπος
1083 1694 1354 1767 ἀνθρώπῳ
1397 1695 1672 1766 πολέμιος,
1708 1693 1822 1750 ἀλλ’

237 1795 271 1864 ἡ
306 1791 446 1846 κατά
479 1789 678 1844 κακίαν
709 1791 806 1860 τῆς
848 1787 1220 1860 προαιρέσεως
1248 1788 1462 1860 κίνησις
1501 1791 1582 1852 είς
1627 1787 1821 1860 ἐχθροῦ

1917 609 2038 650 rum
2071 593 2216 648 dicta
2243 609 2311 648 ex
2353 593 2536 648 divina
2583 593 2990 664 dispensatione
3033 596 3104 652 ad
3151 609 3494 667 posterorum

1919 687 2324 741 institutionem
2352 687 2664 758 conscripta
2715 686 2868 742 fuere
2893 727 2908 752 ,
2971 688 3038 742 ad
3071 689 3275 744 malum
3319 691 3497 761 quod-

1918 779 2062 850 piam
2089 777 2332 833 studium
2356 794 2518 834 suum
2550 779 2850 835 contulisse
2881 779 3374 850 demonstrabitur;
3401 781 3498 838 sed

1919 878 2068 926 totus
2087 885 2275 926 eorum
2310 885 2512 942 scopus
2543 871 2608 924 ad
2641 871 3006 942 improbitatis
3037 872 3090 926 in
3135 873 3374 928 humana
3397 888 3499 928 na-

1919 971 2043 1018 tura
2068 963 2336 1018 versantis
2377 963 2812 1019 emendationem
2847 965 3091 1036 respicit.
3141 965 3502 1032 Quemadmo-

1921 1056 2050 1111 dum
2079 1057 2126 1111 is
2147 1057 2238 1128 qui
2263 1067 2516 1128 precatur
2531 1073 2638 1112 non
2654 1074 2777 1115 esse
2799 1059 3067 1123 inﬁrmos,
3093 1075 3201 1114 non
3223 1075 3346 1116 esse
3363 1076 3500 1130 pau-

1923 1167 2100 1221 peres,
2134 1167 2242 1206 non
2269 1153 2550 1206 hominum
2583 1153 3033 1214 destructionem,
3079 1151 3174 1208 sed
3218 1152 3504 1206 inﬁrmita-

1922 1249 2032 1296 tem
2085 1252 2568 1314 paupertatemque
2621 1244 2827 1300 aboleri
2879 1245 3114 1314 expetit;
3167 1245 3242 1300 ita
3298 1245 3502 1316 singuli

1925 1341 2238 1389 sanctorum
2270 1335 2416 1406 quod
2465 1343 2677 1390 naturze
2708 1337 3029 1392 adversatur
3059 1338 3127 1392 de
3171 1337 3350 1394 medio
3383 1340 3500 1394 tolli

1924 1426 2220 1496 postulant.
2247 1425 2382 1480 Nam
2419 1441 2542 1480 cum
2577 1425 2864 1481 Psalmista
2898 1427 2992 1492 ait,
3031 1427 3294 1497 Deﬁciunt
3317 1445 3504 1498 pecca-

1925 1523 2062 1568 tores
2095 1532 2128 1568 a
2162 1525 2304 1570 terra
2323 1524 2372 1569 et
2399 1517 2586 1587 iniqui,
2615 1517 2692 1569 ita
2725 1525 2782 1569 ut
2813 1534 2916 1572 nan
2944 1518 3086 1586 sint,
3135 1530 3417 1589 peccatum
3449 1531 3506 1576 et

1925 1605 2267 1674 iniquitatem
2297 1606 2528 1663 deﬁcere
2557 1616 2834 1679 precatur.
2875 1609 2996 1664 Non
3027 1612 3172 1666 enim
3206 1612 3370 1668 homo
3405 1613 3506 1670 ho--

1923 1697 2060 1752 mini
2085 1699 2344 1754 inimicus
2367 1708 2484 1766 est;
2531 1701 2624 1756 sed
2658 1709 2844 1757 motus
2891 1703 3192 1759 voluntatis
3237 1704 3304 1758 ad
3346 1706 3506 1758 mali—

1923 1789 2078 1856 tiam,
2112 1791 2255 1860 quod
2285 1799 2480 1846 natura
2510 1793 2867 1863 conjunctum
2898 1803 3016 1850 erat
3045 1795 3112 1850 ad
3159 1796 3502 1851 inimicitiam

239 1883 392 1950 τάξιν
419 1883 479 1936 τὸ
507 1886 571 1955 τῇ
616 1882 774 1952 φύσει
820 1878 1162 1951 συνημμένον
1198 1879 1518 1951 κατέστησε.
1551 1879 1624 1933 Τὸ
1653 1878 1822 1933 κακὸν

1932 1882 2172 1938 deduxit.
2225 1883 2422 1938 Malum
2455 1885 2623 1956 igitur
2647 1887 2880 1944 deficere
2924 1895 3218 1959 precatur:
3252 1897 3307 1944 at
3341 1890 3507 1946 homo

241 1977 418 2032 τοίνυν
469 1975 707 2029 ἐκλιπεῖν
746 1970 996 2042 εὔχεται·
1039 1973 1068 2025 6
1109 1971 1164 2024 δὲ
1203 1971 1486 2044 ἄνθρωπος
1529 1971 1696 2024 κακὸν
1722 1970 1822 2022 οὐκ

240 2069 374 2123 ἔστι.
409 2067 532 2132 Πῶς
559 2066 667 2142 τὰρ
699 2063 764 2120 ἂν
793 2064 878 2135 εἴη
907 2063 1074 2118 κακὸν
1103 2061 1198 2116 τοῦ
1227 2062 1431 2132 ἀγαθοῦ
1459 2063 1518 2115 τὸ
1543 2062 1820 2132 ὁμοίωμα;

241 2159 430 2224 οὕτως
463 2159 565 2214 κᾶν
595 2157 856 2230 αἰσχύνην
887 2158 980 2211 καὶ
1012 2155 1279 2228 ἐντροπὴν
1305 2155 1414 2210 τῶν
1451 2154 1660 2226 ἐχθρῶν
1693 2171 1826 2208 κατ⁸

243 2254 502 2325 εύχηται,
553 2252 793 2305 δείκνυσί
835 2267 916 2304 σοι
963 2249 1023 2303 τὸ
1074 2249 1259 2318 στίφος
1295 2247 1404 2302 τῶν
1451 2245 1726 2310 ἐναντίων,
1761 2247 1825 2298 ἐκ

241 2348 336 2402 τοῦ
369 2348 599 2417 ἀοράτου
654 2348 719 2417 τῇ
766 2343 1079 2417 ἀνθρωπίνῃ
1131 2339 1654 2413 προσπολεμούντων
1688 2337 1821 2410 ζωῇ.

243 2433 366 2494 ’Ὁτι
414 2439 470 2492 δέ
511 2441 612 2492 οὐκ
653 2437 975 2509 ἀνθρώπων,
1005 2437 1136 2490 ἀλλά
1169 2435 1434 2506 δαιμόνων
1478 2433 1822 2503 κατεύχεται,

237 2535 391 2606 δηλοῖ
415 2533 513 2603 τῆς
541 2531 703 2603 εὐχῆς
735 2531 794 2585 τὸ
818 2527 954 2593 εἶδος
982 2545 994 2558 ⁸
1023 2526 1536 2597 Αἱσχυνθήτωσαν
1562 2525 1692 2597 γὰρ,
1721 2542 1830 2596 φη*

247 2629 352 2690 σἰν,
383 2629 438 2680 οἱ
476 2623 788 2692 ζητοῦντες
819 2622 934 2692 τὴν
965 2619 1175 2692 ψυχήν
1197 2639 1340 2690 μου,
1365 2619 1471 2674 τοῦ
1495 2617 1700 2688 ἐξᾶραι
1729 2619 1829 2672 αὐ-

243 2719 376 2788 τήν.
417 2715 996 2787 Ἀποστραφήτωσαν
1023 2717 1110 2782 είς
1147 2715 1218 2768 τὰ
1257 2714 1448 2766 ὀπίσω
1493 2713 1590 2765 καὶ
1619 2712 1825 2777 ἐντρα-

246 2813 535 2880 πήτωσαν
575 2815 628 2867 οἱ
667 2807 946 2874 θέλοντές
989 2825 1090 2878 μοι
1133 2805 1307 2861 κακά.
1347 2801 1827 2875 Κομισάσθωσαν

246 2907 606 2977 παραχρῆμα
657 2902 959 2974 αἰσχύνην
1009 2900 1206 2954 αὐτῶν
1245 2901 1298 2952 οὶ
1351 2896 1632 2968 λέγοντές
1681 2913 1781 2966 μοι
1810 2937 1824 2960 ,

247 2997 424 3072 Εὖγε,
468 2995 626 3070 ε-ὗγε.
667 2995 1150 3068 Ἀγαλλιάσαιντο
1198 2993 1294 3046 καί
1351 2991 1828 3062 εὐρρανθείησαν

246 3093 344 3147 ἐπὶ
369 3093 467 3146 σοὶ
494 3091 716 3156 πάντες
742 3091 796 3144 οἱ
826 3085 1137 3156 ζητοῦντές
1173 3099 1265 3150 σε,
1300 3085 1500 3154 Κύριε,
1531 3081 1629 3138 καὶ
1665 3079 1828 3136 εἰπά-

246 3197 450 3240 τωσαν
500 3181 857 3248 διαπαντὸς,
915 3177 1360 3250 Μεγαλυνθήτω
1415 3179 1449 3231 ὁ
1504 3177 1735 3244 Κύριος,
1775 3178 1830 3230 οἱ

1925 1991 2035 2030 non
2071 1977 2272 2030 malum
2305 1978 2584 2049 quidpiam
2617 1987 2721 2036 est.
2769 1980 3054 2047 Quomodo
3097 1983 3244 2038 enim
3299 1983 3505 2038 malum

1925 2069 2054 2124 boni
2101 2069 2402 2124 similitudo
2451 2071 2649 2126 fuerit?
2701 2071 2778 2127 lta
2811 2074 3062 2144 quamvis
3117 2073 3398 2128 infamiam
3452 2083 3510 2130 et

1927 2163 2302 2219 confusionem
2327 2163 2567 2220 inimicis
2595 2176 2866 2235 precetur,
2897 2165 2988 2221 hic
3021 2166 3120 2222 tibi
3172 2168 3508 2222 adversario-

1925 2267 2070 2318 rum,
2100 2253 2191 2323 qui
2217 2253 2270 2307 in
2303 2254 2518 2310 occulto
2541 2254 2838 2310 humanam
2867 2265 3122 2310 naturam
3147 2267 3462 2329 oppugnant
3487 2299 3505 2324 ,

1927 2351 2128 2399 emtum
2147 2345 2408 2400 declarat.
2438 2345 2596 2412 Quod
2615 2355 2798 2402 autem
2831 2347 3172 2406 daemonibus
3191 2366 3300 2406 non
3329 2352 3508 2406 homi-

1925 2435 2090 2490 nibus
2119 2434 2470 2506 imprecetur,
2497 2436 2616 2507 ipsa
2649 2437 2918 2493 orationis
2949 2437 3122 2494 forma
3161 2442 3506 2512 comprobat:

1928 2525 2360 2596 Confundantur,
2389 2529 2586 2600 inquit,
2619 2531 2710 2601 qui
2750 2542 2990 2602 quazrunt
3022 2533 3256 2586 animam
3294 2550 3465 2589 meum
3488 2573 3506 2600 ,

1927 2629 1984 2674 ut
2016 2622 2262 2690 auferant
2304 2639 2442 2676 eam.
2493 2622 2879 2680 Convertuntur
2917 2635 3210 2681 retrorsum
3245 2636 3294 2681 et
3325 2627 3511 2683 erube-

1926 2721 2078 2764 scant
2101 2714 2190 2782 qui
2219 2714 2396 2768 volunt
2427 2715 2555 2768 mihi
2581 2717 2746 2770 mala.
2787 2715 2986 2772 Ferant
3019 2718 3297 2788 confestim
3323 2721 3513 2790 confu-

1927 2797 2124 2857 sionem
2155 2821 2308 2858 suam
2334 2806 2423 2876 qui
2453 2805 2634 2860 dicunt
2663 2807 2824 2874 mihi,
2859 2807 3026 2881 Euge,
3053 2828 3199 2884 euge.
3229 2811 3512 2868 Exsultent

1927 2903 1976 2949 et
1997 2895 2240 2950 la’tentur
2269 2897 2321 2951 in
2351 2908 2399 2954 te
2425 2916 2602 2955 omnes
2639 2901 2729 2972 qui
2770 2912 3010 2973 quwrunt
3054 2915 3121 2972 te,
3165 2905 3389 2962 Domine
3412 2947 3428 2974 ,
3461 2917 3512 2962 et

1929 2987 2108 3041 dicunt
2132 3006 2364 3060 semper,
2415 2989 2791 3062 Magniﬁcetur
2821 2991 3104 3066 Dominus,
3145 3001 3236 3070 qui
3281 2999 3514 3072 diligunt

1930 3081 2168 3137 salutare
2200 3093 2349 3137 tuum
2372 3083 2436 3138 ‘9.
2472 3083 2582 3141 Soli
2618 3087 2818 3158 quippe
2846 3088 3122 3147 daamones
3162 3091 3358 3148 animm
3385 3094 3512 3150 insi-

1933 3173 2156 3230 diantur
2187 3195 2200 3227 :
2237 3175 2434 3231 animae
2462 3183 2642 3232 autem
2667 3177 2880 3234 insidia
2905 3187 3034 3234 sunt
3064 3181 3320 3236 alienatio
3349 3199 3379 3238 a
3403 3183 3515 3241 Deo

247 3275 596 3347 ἀγαπῶντες
621 3273 688 3328 τὸ
719 3273 1017 3342 σωτήριόν
1046 3288 1182 3326 σου.
1213 3269 1380 3324 Movet
1413 3269 1521 3340 γάρ
1561 3271 1610 3323 οἱ
1643 3269 1829 3342 δαίμοτ

1932 3267 2000 3322 οὶ)
2021 3284 2248 3338 pravum
2282 3271 2448 3325 animi
2480 3268 2752 3326 affectum.
2794 3269 2864 3326 Ut
2895 3290 3024 3346 ergo
3049 3273 3102 3329 in
3135 3276 3250 3331 haec
3283 3293 3396 3332 non
3431 3279 3516 3334 in-

249 3387 338 3434 νες
387 3371 466 3431 είς
520 3363 697 3440 ψυχὴν
743 3364 1179 3421 ἐπιϐουλεύουσι·
1231 3359 1408 3436 ψυχῆς
1462 3363 1517 3416 δὲ
1573 3363 1830 3436 ἐπιϐουλὴ

249 3459 384 3514 Θεοῦ
431 3455 778 3532 ἀλλοτρίωσις
825 3457 912 3511 διὰ
951 3454 1051 3528 τῆς
1089 3451 1370 3527 ἐμπαθοῦς
1401 3456 1688 3527 γινομένης
1719 3456 1832 3508 δια-

249 3553 468 3617 θέσεως.
511 3549 602 3615 Ὦς
645 3551 711 3605 ἂν
758 3546 848 3605 οῦν
899 3547 972 3622 μὴ
1015 3549 1171 3604 τοῦτο
1217 3547 1398 3614 πάθοι,
1438 3547 1697 3621 αἰσχύνην
1726 3549 1832 3602 τῶν

251 3645 712 3700 ἀντιπαλαιόντων
762 3643 999 3715 εὔχεται.
1042 3641 1211 3696 Τοῦτο
1241 3642 1296 3696 δέ
1329 3641 1480 3696 οὐδὲν
1523 3641 1650 3696 ἄλλο
1686 3643 1832 3695 ἐστὶν

251 3733 492 3810 ἢέαυτῷ
538 3737 694 3810 νίκην
741 3735 883 3791 κατά
927 3736 1035 3792 τῶν
1079 3735 1353 3807 πολεμίων
1391 3734 1749 3802 ἐπεύξασθαι·
1784 3735 1834 3788 οἱ

253 3829 310 3886 δὲ
343 3832 594 3904 πολέμιοι
641 3831 710 3884 τά
751 3830 896 3902 πάθη
940 3829 1094 3884 είσίν.
1133 3829 1320 3894 Οῦτως
1359 3829 1626 3900 Ἱερεμίας
1673 3826 1833 3898 ζῆλον

253 3925 350 3996 τῆς
383 3924 689 3987 θεοσεϐείας
716 3923 872 3993 ἔχων,
909 3921 1413 3994 είδωλολατροῦντος
1447 3920 1540 3974 τοῦ
1575 3921 1836 3992 βασιλέως

255 4015 350 4068 καὶ
404 4013 496 4067 τοῦ
549 4013 700 4075 λαοῦ,
732 4013 829 4064 οὐκ
881 4011 1010 4064 ἴδιόν
1061 4031 1110 4064 τι
1158 4007 1447 4081 θεραπεύει
1496 4009 1684 4072 πάθος,
1720 4005 1834 4062 ἀλλ’

256 4099 396 4174 ὓπερ
438 4103 532 4156 τοῦ
587 4101 764 4155 κοινοῦ
811 4101 918 4154 τῶν
966 4099 1266 4172 ἀνθρώπων
1312 4099 1578 4172 προσάγει
1609 4099 1688 4169 τῷ
1718 4098 1837 4168 Θεῷ

255 4195 353 4268 τὴν
389 4195 590 4266 δέησιν,
631 4195 698 4266 τῇ
749 4193 889 4247 κατά
919 4191 1026 4246 τῶν
1071 4191 1456 4265 ἀσεϐησάντων
1505 4189 1646 4263 ὁρμῇ
1694 4189 1838 4244 ἅπαν

257 4287 686 4359 σωφρονισθῆναι
733 4286 897 4351 ἀξιῶν
938 4283 998 4338 τὸ
1049 4283 1403 4357 ἀνθρώπινον.
1443 4284 1552 4338 Καὶ
1594 4279 1838 4356 Ὠσηέδέ

255 4377 654 4449 πολυγονοῦσαν
686 4379 807 4432 τότε
840 4377 936 4448 τὴν
987 4376 1186 4430 κακίαν
1231 4377 1289 4430 ἐν
1332 4377 1444 4440 τοῖς
1480 4375 1839 4446 Ἰσραηλίταις

255 4471 321 4545 τῇ
354 4471 578 4543 ἀτεκνίᾳ
621 4471 993 4535 καταδικάζει,
1035 4470 1129 4523 καὶ
1160 4467 1258 4534 τάς
1303 4467 1504 4539 πικρὰς
1547 4465 1716 4540 θηλὰς
1743 4467 1839 4538 τῆς

1933 3361 2099 3426 cidat,
2126 3361 2454 3419 adversariis
2513 3364 2795 3419 infamiam
2845 3375 3120 3436 precatur.
3180 3369 3320 3424 Illud
3381 3387 3514 3428 vero

1932 3453 2072 3508 nihil
2105 3455 2252 3509 aliud
2287 3463 2393 3520 est,
2426 3471 2590 3526 quam
2622 3456 2908 3512 victoriam
2943 3459 3048 3512 sibi
3083 3458 3150 3515 de
3181 3459 3516 3518 adversariis

1935 3546 2255 3617 postulare:
2305 3547 2510 3602 inimici
2563 3563 2690 3604 vero
2744 3557 2874 3605 sunt
2914 3549 3083 3604 animi
3132 3550 3381 3608 alfectus.
3425 3550 3518 3608 Sic

1933 3637 2200 3695 Jeremias
2247 3639 2364 3694 zelo
2395 3639 2675 3711 religionis
2717 3641 3042 3710 instructus,
3074 3658 3202 3713 rege
3232 3651 3286 3698 et
3315 3645 3518 3714 populo

1933 3729 2080 3786 idola
2110 3731 2438 3798 colentibus,
2471 3747 2580 3787 non
2637 3735 2968 3802 peculiarem
3015 3733 3304 3805 quemdam
3351 3735 3518 3789 animi

1936 3823 2186 3878 morbum
2226 3833 2404 3891 curat,
2435 3823 2528 3880 sed
2561 3841 2661 3894 pro
2687 3827 2961 3880 communi
2990 3827 3272 3880 hominum
3309 3827 3520 3897 suppli-

1937 3915 2207 3972 cationem
2237 3915 2347 3972 Deo
2372 3915 2548 3984 oliert,
2575 3933 2777 3989 rogans
2803 3927 2860 3972 ut
2887 3927 3079 3975 contra
3119 3921 3314 3989 impios
3345 3919 3518 3992 impe-

1937 4015 2052 4062 tum
2087 4009 2286 4076 faciat,
2333 4017 2387 4065 et
2439 4011 2519 4066 sic
2569 4026 2761 4066 omnes
2813 4011 3063 4068 homines
3114 4011 3183 4066 ad
3235 4011 3516 4067 meliorem

1939 4101 2150 4173 frugem
2179 4112 2526 4158 revocentur.
2563 4103 2628 4157 Et
2657 4101 2796 4159 Osee
2827 4105 3090 4158 malitiam
3120 4111 3252 4159 tunc
3274 4105 3415 4174 apud
3441 4103 3520 4159 ls-

1938 4195 2162 4251 raelitas
2201 4211 2322 4251 sese
2351 4195 2830 4266 multiplicantem,
2863 4195 3245 4251 infecunditati
3273 4196 3519 4261 damnat,

1939 4293 1992 4340 et
2018 4285 2245 4342 acerbas
2275 4287 2488 4358 peccati
2513 4303 2776 4342 mammas
2804 4289 3074 4344 exsiccari
3124 4289 3330 4358 expetit
3362 4287 3430 4350 ⁸⁸,
3459 4293 3522 4342 ut

1939 4393 2009 4432 ue
2040 4379 2240 4432 malum
2276 4378 2422 4448 apud
2451 4379 2700 4436 homines
2755 4381 2840 4436 vel
2893 4381 3144 4452 gignatur
3177 4381 3259 4436 vel
3318 4381 3517 4434 alatur.

1941 4467 2019 4522 Ac
2048 4469 2092 4524 si
2129 4470 2252 4540 quis
2282 4471 2422 4526 alius
2458 4471 2602 4541 apud
2652 4481 2875 4527 sanctos
2901 4473 3050 4528 viros
3084 4473 3282 4530 similis
3313 4487 3518 4536 sermo,

256 4565 530 4636 ἁμαρτίας
560 4563 892 4636 ξηρανθῆναι
939 4561 1205 4632 βούλεται,
1236 4560 1310 4624 ὼς
1341 4559 1407 4614 ἂν
1440 4561 1576 4630 μήτε
1605 4560 1829 4613 τίκτοιτι

1943 4562 2038 4616 irae
2071 4564 2308 4634 speciem
2365 4564 2690 4634 praeferens,
2739 4565 3194 4638 deprehenditur,
3254 4565 3321 4620 ad
3380 4566 3524 4622 hanc

257 4659 316 4709 ἐν
339 4659 450 4720 τοῖς
476 4655 780 4728 ἀνθρώποις
803 4655 863 4708 τὸ
882 4653 1074 4718 κακὸν,
1104 4655 1238 4724 μήτε
1265 4652 1535 4723 τρέφοιτο.
1555 4653 1664 4705 Καὶ
1689 4651 1838 4715 εἴτις

258 4748 414 4812 ἄλλος
463 4749 701 4812 τοιοῦτος
745 4751 802 4801 ἐν
849 4749 958 4810 τοῖς
1008 4745 1181 4815 ἁγίοις
1224 4745 1420 4816 εὑρεθῇ
1471 4741 1627 4813 λόγος
1663 4740 1834 4815 θυμοῦ

1943 4669 2172 4724 prorsus
2207 4661 2442 4710 mentem
2487 4657 2746 4727 respicit;
2780 4659 2988 4713 scilicet
3017 4659 3218 4712 malum
3252 4657 3520 4722 eliminat,

1945 4745 2217 4816 hominem
2247 4765 2376 4804 vero
2399 4765 2504 4804 non
2538 4753 2740 4806 atterit.

259 4845 496 4916 ἔμφασιν
538 4844 696 4916 ἔχων,
751 4844 886 4916 προς
932 4841 1028 4916 τὴν
1065 4840 1319 4913 τοιαύτην
1353 4841 1567 4903 πάντως
1599 4839 1836 4894 διάνοιαν
1867 4839 2078 4910 βλέπει,
2113 4845 2146 4914 ἢ
2209 4843 2439 4916 ἐξορίζει
2482 4845 2544 4898 τὸ
2591 4847 2786 4900 κακόν
2822 4848 2920 4900 οὐκ
2981 4846 3244 4917 ἐπιτρίϐει
3291 4845 3380 4899 τὸν
3435 4845 3526 4900 ἀν-

261 4942 290 4994 0
297 4961 493 5014 ρωπον.

333 5063 394 5115 Εἰ
415 5061 472 5115 δέ
501 5078 583 5124 τις
613 5059 812 5130 ἑτέρως
847 5059 914 5112 τέι
963 5059 1056 5112 τοῦ
1103 5059 1266 5112 Δαυῒδ
1304 5062 1444 5114 νοεῖν
1476 5059 1742 5130 βούλεται,
1769 5059 1845 5122 ὡς

261 5151 354 5205 τοῦ
393 5152 682 5222 Προφήτου
723 5151 848 5213 τοὺς
897 5151 1185 5222 δυσσεϐείᾳ
1221 5151 1498 5216 συζῶντας
1527 5153 1686 5222 ἀραῖς
1717 5151 1848 5204 ὑπο-

263 5245 545 5308 ϐάλλοντος
568 5263 580 5274 ·
619 5244 712 5298 καὶ
743 5243 916 5306 οὕτως
954 5245 1177 5316 εὑρήσει
1217 5247 1282 5316 τῇ
1323 5243 1654 5315 ἀποστολικῇ
1700 5244 1846 5297 διδα-

265 5337 459 5408 σκαλίᾳ.
489 5338 589 5408 τὴν
630 5337 968 5408 προφητείαν
1010 5337 1434 5407 συμϐαίνουσαν.
1483 5337 1692 5402 Παῦλος
1737 5337 1847 5409 γὰρ

263 5429 566 5500 Κορινθίοις
597 5429 944 5492 ἐπιστέλλων,
976 5428 1214 5482 τοιοῦτον
1244 5429 1648 5502 ἀκροτελεύτιον
1677 5429 1850 5482 τέθει-

264 5541 377 5578 κεν·
401 5525 475 5576 Εῖ
495 5542 585 5588 τις
611 5527 682 5579 οὐ
706 5523 872 5593 φιλεῖ
893 5523 997 5578 τὸν
1023 5525 1240 5592 Κύριον
1271 5525 1523 5592 Ἰησοῦν,
1554 5523 1674 5592 ἤτω
1701 5522 1845 5576 ἀνά-

264 5619 428 5684 θεμα.
460 5617 616 5670 Ἴδιον
655 5615 763 5688 γὰρ
791 5615 898 5670 τῶν
933 5615 1151 5687 θερμῶς
1189 5615 1527 5685 ἀγαπώντων
1567 5613 1628 5668 τὸ
1667 5617 1844 5685 μισεῖν

262 5709 386 5770 τοὺς
442 5706 730 5778 μισοῦντας
761 5707 851 5761 τὸν
913 5707 1294 5780 ἀγαπώμενον.
1332 5709 1484 5778 Τάχα
1520 5707 1575 5760 δέ
1613 5705 1707 5760 καὶ
1746 5705 1846 5777 τὴν

2015 5055 2170 5124 Quod
2203 5057 2250 5112 si
2293 5057 2420 5127 quis
2450 5056 2552 5110 alia
2603 5056 2816 5112 ratione
2873 5055 3096 5112 Davidis
3134 5057 3280 5112 dicta
3327 5058 3538 5114 intelli"

1942 5163 2070 5218 gere
2109 5147 2255 5210 velit,
2289 5147 2360 5200 ita
2394 5155 2452 5200 ut
2477 5145 2747 5216 Propheta
2773 5161 2868 5202 eos
2909 5147 3004 5216 qui
3052 5147 3106 5201 in
3138 5147 3416 5216 impietate
3445 5149 3536 5202 vi-

1947 5247 2079 5294 vunt
2127 5239 2492 5294 essecratioui
2547 5237 2840 5308 subjiciat:
2896 5239 2968 5292 ita
3013 5253 3234 5308 quoque
3289 5241 3534 5296 inveniet

1943 5333 2288 5403 prophetiam
2312 5347 2435 5386 cum
2468 5333 2768 5401 apostolica
2791 5331 3042 5385 doctrina
3065 5332 3352 5400 quadrare.
3385 5331 3532 5384 Pan-

1945 5429 2031 5481 lus
2067 5427 2270 5498 quippe
2309 5426 2610 5482 Corinthiis
2648 5425 2918 5490 scribens,
2944 5425 3048 5480 hoc
3077 5424 3241 5479 modo
3275 5424 3480 5479 claudit
3513 5445 3528 5481 :

1953 5519 2012 5576 Si
2039 5522 2156 5593 quis
2183 5537 2286 5575 non
2319 5531 2464 5574 amat
2491 5519 2776 5574 Dominum
2819 5518 3022 5582 Iesum,
3053 5519 3338 5572 anathema
3367 5517 3436 5572 sit
3463 5519 3528 5575 ".

1951 5612 2088 5666 Nam
2136 5628 2326 5668 eorum
2384 5613 2476 5683 qui
2541 5611 2792 5668 ardenter
2841 5619 3021 5664 amant
3081 5609 3358 5680 proprium
3406 5617 3534 5674 est,

1953 5705 2136 5762 odisse
2167 5719 2262 5760 eos
2293 5703 2386 5776 qui
2416 5703 2672 5760 dilectum
2703 5702 2828 5758 odio
2860 5701 3080 5760 habent.
3111 5697 3368 5758 Fortasse
3403 5699 3536 5756 item

337 5863 381 5896 δ’
419 5861 565 5920 Psal.
601 5879 800 5932 xxxrx,
839 5865 1042 5920 M-li.
1099 5867 1143 5899 ⁸ο
1183 5863 1310 5920 Ose.
1349 5882 1434 5930 Ix,
1471 5863 1554 5920 Μ.
1631 5865 1674 5898 ⁸⁸
1721 5861 1737 5916 l
1770 5863 1896 5919 Cor.
1935 5878 2020 5916 xvi
2045 5903 2058 5924 ,
2103 5859 2192 5914 22.
