4014 6410
505 406 643 463 1295

1210 403 1480 461 ΕυεΕΒιι
1519 405 1998 463 ΟΑΞΒΑΒΙΕΝΞΙΞ
2035 405 2186 462 ΟΡΡ.
2228 405 2408 462 PARS
2447 375 2537 464 Ill.
2581 437 2640 449 -—
2689 406 3105 464 EXEGETICA.

3644 411 3809 467 {296

503 535 705 583 statum
738 523 830 596 qui
875 530 1001 594 post
1051 523 1514 580 resurrectionem
1551 523 1770 579 futurus
1823 531 1941 589 est,
1995 524 2079 580 hic

2194 525 2332 596 μετὰ
2391 524 2489 596 τὴν
2529 524 2825 577 ἀνάστασιν
2873 525 2960 578 διὰ
3001 525 3210 579 τούτων
3259 524 3286 578 ό
3325 524 3484 579 Δαυῒδ
3529 529 3813 598 σημαίνει

502 618 672 674 David
703 615 996 689 signiﬁcat,
1031 614 1252 686 quando
1297 615 1432 670 dicit
1488 617 1658 671 laetari
1707 617 1996 672 Dominum
2032 618 2086 672 in

501 712 759 781 operibus
816 709 968 774 suis,
1012 708 1394 764 deficientibus
1449 710 1828 779 peccatoribus
1856 725 1885 764 a
1921 717 2084 766 terra.

502 801 786 872 Quomodo
815 803 962 857 enim
1021 801 1146 870 quis
1203 814 1235 852 a
1297 805 1522 870 peccato
1559 799 1982 867 denominctur,
2040 799 2087 854 si

500 903 787 968 peccatum
850 909 957 948 non
1018 892 1216 947 fuerit?
1265 889 1391 946 Hmc
1446 899 1505 946 tu
1551 906 1770 962 quoque
1825 905 2083 962 precare:

502 990 688 1061 Aperi,
725 987 968 1053 Domine,
1002 986 1224 1041 divitem
1264 1000 1484 1040 manum
1511 996 1658 1039 tuam
1689 985 1754 1040 ad
1785 985 2086 1055 spiritualis

501 1080 748 1138 beneficii
775 1078 1273 1150 dispensationem;
1307 1083 1366 1129 ut
1387 1075 1730 1131 amarissima
1760 1083 1813 1130 ει
1846 1075 2086 1131 crudelis

501 1173 681 1228 anima
744 1186 861 1226 mea
917 1169 1208 1240 impleatur
1269 1167 1557 1223 bonitate:
1621 1167 1775 1222 mitte
1819 1164 2083 1238 Spiritum

501 1273 752 1320 sanetum
787 1273 963 1326 tuum,
985 1270 1040 1317 et
1070 1274 1273 1316 renova
1303 1267 1614 1330 corruptam
1641 1267 1842 1313 terram
1874 1274 2082 1326 meam;

499 1365 560 1409 ut
600 1365 727 1409 tunc
755 1355 904 1407 laeter
931 1354 983 1406 in
1015 1352 1274 1422 operibus
1313 1351 1442 1415 tuis,
1473 1351 1760 1407 diabolicis
1794 1351 2084 1422 praestigiis

501 1449 555 1502 in
590 1448 754 1502 corde
786 1462 906 1500 meo
934 1445 1332 1500 deﬁcientibus.

574 1629 818 1696 Benedic,
850 1629 1029 1680 anima
1060 1643 1196 1689 mea,
1220 1625 1469 1679 Domino.
1488 1624 1756 1681 Omnibus
1775 1640 1900 1680 cum
1924 1626 2084 1681 laude

500 1721 794 1783 absolutis,
845 1721 900 1772 in
952 1717 1144 1773 eodem
1198 1717 1473 1772 versiculo
1521 1717 1792 1786 psalmum
1858 1716 2085 1771 benedi-

500 1816 680 1870 ctione
710 1812 937 1878 claudit,
968 1825 1034 1866 ac
1065 1817 1189 1880 post
1220 1810 1428 1880 jactum
1473 1807 1889 1864 fundamentum
1910 1851 1925 1875 ,
1963 1825 2081 1864 ser-

2191 619 2546 680 κατάστασιν,
2584 619 2674 672 ὅτε
2722 619 2816 671 καὶ
2867 618 3253 690 εὐφραίνεσθαι
3305 618 3398 671 τὸν
3449 618 3656 690 Κύριον
3697 621 3814 672 ἐπὶ

2188 713 2302 773 τοῖς
2336 709 2518 780 ἔργοις
2543 708 2708 763 αὐτοῦ
2739 709 2909 778 λέγει,
2948 710 3277 763 ἐκλιπόντων
3311 710 3418 763 τῶν
3447 711 3813 784 ἁμαρτωλῶν

2189 801 2296 854 ἀπὸ
2320 803 2418 872 τῆς
2452 801 2577 872 γῆς.
2611 801 2740 866 Πῶς
2764 802 2872 873 γάρ
2898 820 2980 866 τις
3021 801 3080 866 ἐξ
3108 803 3384 873 ἁμαρτίας
3413 802 3689 874 όνομασθή
3702 821 3810 855 σε-

2187 909 2299 959 ται,
2359 895 2458 966 τῆς
2496 895 2771 967 ἁμαρτίας
2817 896 2918 947 οὐκ
2980 893 3186 964 οὑσης;
3232 894 3466 947 Τοιαῦτα
3499 892 3662 965 εὖχου
3695 895 3815 947 καὶ

2191 989 2254 1042 σύ
2276 1006 2289 1019 ·
2314 987 2584 1055 Ἀνοιξον,
2603 988 2798 1060 Κύριε,
2816 989 2914 1061 τὴν
2938 988 3197 1042 πλουσίαν
3225 1005 3318 1042 σου
3336 991 3489 1059 χεῖρα
3512 991 3593 1052 εἰς
3619 1007 3810 1060 χορη-

2187 1081 2314 1150 γίαν
2345 1083 2722 1153 πνευματικῆς
2763 1082 3085 1154 εὐεργεσίας
3107 1097 3120 1111 ⁸
3157 1082 3246 1136 ἵνα
3277 1083 3310 1152 ἠ
3356 1083 3661 1154 πικροτάτη
3696 1083 3815 1135 καὶ

2186 1174 2402 1247 ἀπηνής
2432 1192 2532 1246 μου
2573 1175 2722 1248 ψυχὴ
2763 1175 2978 1249 πλησθῇ
3021 1176 3406 1248 χρηστότητος.
3443 1174 3812 1229 Ἀπόστειλον

2185 1264 2248 1319 τὸ
2282 1265 2507 1337 Πνεῦμά
2532 1284 2625 1320 σου
2662 1267 2724 1320 τὸ
2754 1267 2931 1337 ἅγιον,
2965 1267 3061 1320 καὶ
3100 1265 3448 1320 ἀνακαίνισον
3485 1265 3585 1337 τὴν
3627 1284 3810 1319 κατε-

2188 1357 2506 1429 φθαρμένην
2538 1377 2640 1429 μου
2671 1362 2795 1430 γῆν,
2827 1359 2914 1412 ἵνα
2956 1358 3077 1412 τότε
3121 1357 3407 1429 εὐφρανθῶ
3437 1358 3526 1410 ἐπὶ
3546 1360 3664 1422 τοῖς
3698 1358 3727 1410 ἔ
3736 1377 3808 1429 ρ-

2187 1465 2303 1516 γοις
2332 1467 2446 1514 σου,
2480 1450 2588 1504 τῶν
2631 1451 2964 1522 δαιμονικῶν
3014 1452 3490 1522 μαγγανευμάτων
3534 1451 3807 1504 ἐκλιπόν-

2185 1558 2294 1595 των
2325 1539 2432 1595 aut
2458 1543 2554 1614 τῆς
2587 1544 2812 1616 καρδίας
2845 1562 2966 1614 μου.

2255 1635 2524 1704 Εὐλόγει,
2550 1636 2588 1704 ἡ
2617 1635 2788 1705 ψυχή
2813 1653 2953 1704 μου,
2985 1634 3093 1688 τόν
3119 1635 3360 1703 Κύριον.
3392 1633 3656 1686 Ἐνταῦθα
3688 1652 3802 1686 κα-

2186 1723 2426 1790 ταλύσας
2457 1726 2517 1779 τὸ
2549 1727 2657 1779 πᾶν
2692 1728 2772 1790 εἰς
2803 1725 3132 1795 δοξολογίαν,
3165 1728 3244 1790 είς
3272 1726 3544 1796 εὐφημίαν
3574 1724 3655 1794 τῷ
3692 1725 3803 1777 αὐ-

2185 1815 2266 1886 τῷ
2297 1817 2464 1889 στίχῳ
2501 1817 2777 1887 συγκλείει
2809 1819 2901 1870 τὸν
2927 1817 3163 1890 ψαλμὸν,
3222 1817 3435 1887 ἀσφαλῆ
3491 1816 3634 1888 μετὰ
3696 1816 3804 1869 τοῦ

501 1906 650 1962 moui
683 1912 888 1960 tectum
922 1903 1185 1972 imposuit
1207 1940 1221 1965 ,
1255 1915 1320 1956 ac
1365 1901 1635 1971 prooemio
1689 1908 2079 1972 congruentem

2189 1879 2447 1978 (is-psunt;
2466 1907 2558 1962 τὸν
2581 1879 2791 1982 ’ὄροφον
2815 1879 3024 1973 ἐπιθεὶς
3042 1879 3127 1980 ’τῷ
3152 1879 3328 1981 λόγῳ,
3359 1879 3453 1962 καλ
3599 1926 3802 1979 προοι-

501 1999 664 2053 linem
697 1995 934 2050 induxit.
969 1993 1052 2048 Tu
1080 1992 1251 2056 enim,
1290 1992 1493 2062 inquit,
1529 2007 1563 2045 ο
1596 1993 1779 2046 anima
1833 1991 2084 2062 opillcem

501 2103 566 2143 ac
590 2087 930 2142 Salvatorem
956 2093 1112 2139 tuum
1142 2083 1364 2140 assidue
1395 2083 1613 2155 hymnis
1643 2083 1940 2139 celebrato.
1967 2080 2086 2152 ipse

502 2196 738 2252 namque
772 2188 826 2235 te
866 2195 896 2232 a
931 2186 1079 2233 sorte
1124 2177 1499 2248 improborum
1530 2177 1822 2237 amovebit,
1869 2185 1922 2229 et
1954 2191 2083 2228 san-

500 2286 718 2329 ctorum
749 2273 1032 2329 consortio
1063 2271 1282 2344 dignam
1315 2271 1531 2327 elliciet.
1562 2269 1701 2326 Tum
1736 2271 1793 2324 in
1829 2270 2081 2334 exordio,

502 2383 616 2428 tun
662 2373 716 2427 in
774 2371 880 2426 line
927 2370 1198 2426 sermonis
1238 2370 1342 2439 ipsi
1380 2367 1816 2424 benedictionem
1866 2368 2086 2422 emittas

499 2465 634 2520 Nam
662 2464 885 2520 assidua
936 2462 1030 2516 Dei
1061 2461 1370 2517 benedictio
1403 2459 1473 2516 ad
1518 2466 1732 2514 rectum
1772 2458 2084 2513 institutum

501 2558 666 2630 vitam
695 2557 991 2612 concinnat
1028 2561 1299 2608 nostram.

1035 2665 1405 2723 ALLELUIA.
1448 2662 1585 2721 CIV.

571 2761 736 2818 Vsus.
776 2763 828 2824 1,
860 2761 914 2817 2.
956 2760 1298 2831 Conﬁtcmini
1351 2760 1596 2822 Domino,
1625 2768 1674 2813 et
1707 2759 1946 2814 invocata
1989 2774 2086 2812 no-

500 2871 616 2910 men
642 2855 778 2924 ejus,
797 2857 1111 2906 annuntiate
1142 2853 1280 2906 inter
1309 2861 1486 2922 gentes
1511 2866 1670 2920 opera
1699 2850 1832 2919 ejus.
1857 2849 2084 2904 Cantate

499 2949 547 3003 ei
582 2957 630 3001 et
679 2945 895 3014 psallite
941 2945 1010 3009 ei,
1032 2953 1250 2997 narrate
1294 2944 1472 2997 omnia
1499 2941 1773 2995 mirabilia
1801 2942 1936 3011 ejus.
1983 2941 2083 2997 llic

500 3040 747 3108 psalmus
779 3037 992 3108 primus
1022 3052 1212 3090 eorum
1253 3042 1338 3090 εει
1369 3034 1462 3104 qui
1507 3035 1740 3088 Alleluia
1771 3035 2082 3088 inscribun-

501 3142 609 3185 tur.
658 3130 750 3185 Est
814 3137 995 3183 autem
1057 3128 1288 3182 Alleluia
1357 3127 1670 3182 adhortatio
1726 3130 1978 3200 mystica,
2011 3130 2079 3183 ad

503 3232 669 3280 neum
714 3220 1046 3277 laudandum
1080 3237 1268 3276 aurem
1306 3220 1592 3285 excitans,
1637 3221 1711 3274 ita
1748 3230 1805 3275 ut
1844 3220 1958 3274 haec
2007 3223 2080 3274 sit

498 3319 620 3388 ejus
647 3317 996 3386 significatio,
1026 3314 1267 3368 Laudale
1294 3313 1602 3370 Dominum.
1629 3312 1763 3367 Nam
1793 3313 1847 3367 in
1879 3314 2078 3383 quibus

500 3419 705 3467 sanctzc
761 3409 1060 3478 Scriptura:
1118 3407 1369 3478 partibus
1415 3407 1529 3461 hate
1585 3423 1687 3460 vox
1748 3407 2076 3476 apponitur,

502 3502 742 3556 Laudate
786 3499 1104 3564 Dominum,
1153 3496 1438 3552 Hebraicis
1480 3498 1662 3552 verbis
1705 3514 1800 3567 per
1845 3497 2081 3550 Alleluia

499 3591 846 3663 exprimitur.
876 3588 979 3644 Per
1006 3587 1140 3643 illud
1173 3589 1318 3644 enim
1353 3589 1547 3655 Allelu,
1579 3589 1697 3643 laus
1729 3587 2077 3658 intelligitur,

498 3700 619 3754 mue
649 3682 715 3739 ad
760 3683 925 3738 Deum
952 3681 1220 3749 refertur;
1274 3681 1407 3736 illud
1442 3690 1624 3736 autem
1657 3681 1744 3745 la,
1782 3697 1952 3735 unum
1996 3689 2082 3737 εει

497 3794 563 3832 ει
618 3776 938 3832 nominibus
991 3776 1150 3846 queis
1211 3775 1397 3830 divina
1460 3783 1656 3828 natura
1715 3776 2077 3846 significatur.

498 3866 694 3921 Totum
753 3881 881 3920 vero
929 3865 1161 3919 Alleluia
1222 3867 1529 3936 explicatur
1591 3867 1708 3920 laus
1771 3865 1886 3919 Dei.
1938 3866 2077 3920 Clim

497 3961 682 4029 itaque
729 3960 831 4013 hoc
883 3973 1084 4014 nomen
1134 3959 1461 4030 inscriptum
1492 3960 1548 4014 in
1589 3959 1894 4030 psalm‘odia
1925 3974 2080 4029 repe-

495 4053 668 4117 ritur,
703 4059 835 4104 tunc
874 4051 1285 4122 intelligendum
1309 4061 1393 4107 est
1427 4052 1480 4106 id
1527 4052 1673 4122 quod
1728 4052 2080 4122 snlijungitur

497 4143 562 4197 ad
596 4144 809 4197 laudem
843 4143 935 4198 Dei
971 4160 1285 4214 provocare.
1314 4146 1406 4199 Sic
1441 4148 1492 4199 in
1527 4147 1820 4214 postremis
1845 4146 2079 4201 maxime

498 4235 622 4289 libri
664 4236 912 4305 psalmis,
944 4238 1098 4290 mulli
1149 4237 1465 4306 hujusutodi
1512 4238 1654 4290 tituli
1691 4239 2077 4308 reperiuntur:

493 4325 654 4395 queis
690 4325 993 4396 intelligere
1017 4327 1144 4381 licet
1168 4328 1270 4389 eis,
1310 4329 1402 4397 qui
1439 4328 1505 4381 ad
1540 4329 1761 4382 virtutis
1794 4328 2081 4396 perfectio-

496 4435 620 4474 nem
654 4419 767 4489 jam
806 4419 1147 4474 devenerunt
1176 4427 1229 4473 et
1254 4421 1345 4490 qui
1379 4436 1410 4474 a
1446 4420 1882 4489 praecedentibus
1930 4419 2079 4492 psal-

495 4513 691 4568 modia:
753 4515 1040 4584 partibus,
1096 4514 1397 4568 secundum
1464 4515 1792 4568 sententiam
1863 4513 2078 4584 purgati

496 4613 647 4672 sunt,
684 4605 780 4660 Dei
831 4605 1020 4660 laudes
1056 4607 1396 4660 convenire:
1448 4613 1611 4676 atque
1653 4621 1716 4659 ea
1761 4605 2078 4658 conditione

2190 2002 2297 2073 μίῳ
2323 2001 2498 2065 ἐοικὸς
2518 2001 2578 2054 τὸ
2600 2003 2749 2066 τέλος
2779 2002 3095 2070 ἐπαγαγών.
3121 2001 3192 2054 Σύ
3227 2001 3357 2072 γὰρ,
3392 2002 3578 2070 φησιν,
3614 1993 3659 2052 ὧ
3689 2000 3803 2069 ψυ-

2186 2094 2276 2164 χὴ,
2315 2094 2605 2165 ἐνδελεχῶς
2638 2096 2728 2148 τὸν
2758 2094 2848 2148 σὺν
2869 2094 3026 2166 ῦμνει
3049 2094 3379 2166 δημιουργὸν
3407 2093 3502 2147 καὶ
3529 2091 3795 2162 Σωτῆρα.

2185 2184 2356 2247 Αὐτὸς
2387 2186 2495 2255 γὰρ
2517 2186 2610 2238 καὶ
2647 2185 2741 2238 τοῦ
2767 2185 2875 2238 τῶν
2920 2184 3175 2256 πονηρῶν
3207 2184 3508 2254 ἀποστήσει
3553 2182 3797 2254 κλήρου,

2186 2280 2282 2332 καὶ
2312 2279 2420 2330 τῶν
2439 2279 2608 2347 ἁγίων
2639 2277 2923 2342 ἀξιοῦσθαι
2951 2279 3187 2348 ποιήσει.
3221 2278 3333 2330 Καὶ
3367 2276 3541 2348 ἀρχὴν
3574 2277 3669 2330 τοῦ
3703 2277 3798 2330 λό-

2186 2388 2283 2440 γου
2320 2371 2414 2424 καὶ
2443 2371 2594 2434 τέλος
2626 2371 2724 2442 τὴν
2753 2373 2833 2436 είς
2867 2371 3032 2426 αὑτὸν
3064 2355 3313 2439 εὐλογίαν
3343 2370 3518 2424 ποιοῦ.
3547 2371 3796 2440 Εὑλογία

2185 2459 2292 2531 γὰρ
2317 2459 2452 2513 Θεοῦ
2478 2460 2732 2532 διηνεκὴς
2764 2463 2844 2525 εἰς
2873 2459 3106 2525 εὐζωῒαν
3132 2460 3383 2532 ῥυθμίζει
3407 2461 3798 2534 τὺνήμέτερον

2188 2551 2328 2622 βίον.

2647 2665 3068 2720 ἈΛΛΗΛΟΥΙΑ
3080 2707 3093 2721 .
3129 2667 3250 2722 PA’.

2268 2757 2758 2829 Ἐξομολογεῒσθε
2791 2757 2873 2824 τῷ
2902 2761 3119 2827 Καρίῳ,
3147 2759 3247 2814 καί
3285 2759 3679 2814 ἐπικαλεῖσθε
3725 2760 3794 2814 τὸ

2185 2850 2374 2919 ἄνομα
2401 2849 2611 2904 αὐτοῦ·
2640 2849 3042 2920 ἀπαγγείλατε
3060 2852 3131 2904 ἐν
3160 2851 3286 2916 τοῖς
3311 2850 3516 2906 ἔθνεσι
3544 2851 3622 2905 τὰ
3643 2851 3796 2919 ἔργα

2184 2941 2386 2997 αὑτοῦ.
2449 2943 2670 3012 ’ᾼσατε
2729 2943 2888 3009 αὐτῷ
2945 2942 3303 3012 καιψάλατε
3334 2942 3517 3010 αὐτῷ,
3577 2943 3793 3013 διηγή-

2183 3037 2376 3088 σασθε
2402 3033 2596 3087 πάντα
2618 3037 2688 3087 τὰ
2723 3034 3025 3104 θαυμάσια
3053 3035 3261 3090 αὑτοῦ.
3282 3037 3403 3089 Τῶν
3434 3037 3795 3107 ἐπιγεγραμ-

2186 3127 2366 3195 μένων
2401 3127 2766 3191 Ἀλληλούὶά
2783 3127 2997 3198 πρῶτος
3011 3130 3039 3181 ό
3052 3127 3242 3199 παρὼν
3262 3128 3522 3200 τυγχάνει
3542 3129 3791 3200 ψαλμός.

2187 3218 2252 3270 Ἔ
2261 3235 2342 3270 στι
2365 3217 2420 3270 δὲ
2438 3217 2498 3270 τὸ
2517 3218 2834 3289 Ἀλληλοὺῖα
2855 3221 3254 3292 παρακέλευσις
3271 3222 3507 3294 μυστικὴ
3525 3223 3670 3293 πρὸς
3688 3223 3792 3294 τὴν

2181 3311 2274 3364 τοῦ
2309 3309 2443 3364 Θεοῦ
2479 3311 2752 3382 ὑμνῳδίαν
2780 3311 2878 3383 τὴν
2899 3313 3069 3384 ἀκοὴν
3085 3313 3466 3386 ἐπεγείρουσα·
3495 3313 3589 3366 ἵνα
3611 3313 3795 3367 τοιοῦυ

2182 3399 2330 3476 τονῇ
2373 3401 2564 3454 τούτου
2606 3403 2665 3455 τὸ
2694 3405 3110 3474 σημαινόμενον,
3142 3404 3371 3458 Αἰνεῖτε
3394 3405 3500 3458 τὸν
3537 3407 3790 3474 Κύριον.

2195 3493 2283 3546 Ἐν
2301 3488 2382 3557 οἷς
2414 3494 2524 3566 γὰρ
2557 3494 2746 3564 μέρεσι
2773 3493 2872 3564 τῆς
2899 3495 3059 3563 ἁγίας
3094 3497 3314 3570 Γραφῆς
3340 3495 3481 3567 αῦτη
3509 3499 3788 3568 πρόσκει-

2181 3601 2272 3638 ται
2330 3588 2364 3656 ὴ
2411 3587 2584 3657 φωνὴ,
2610 3589 2644 3655 ἡ
2688 3585 2944 3654 λέγουσα,
2988 3586 3218 3640 Αἰνεῖτε
3250 3590 3357 3640 τόν
3398 3589 3647 3657 Κύριον,
3699 3589 3794 3643 διὰ

2180 3679 2275 3733 τοῦ
2305 3682 2669 3749 ἈλληλΟὐΐα
2703 3683 2759 3733 ὲν
2784 3685 2906 3746 ταῖς
2947 3682 3263 3755 Ἑϐραϊκαῖς
3287 3685 3490 3752 φωναῖς
3511 3684 3578 3736 τὸ
3605 3684 3794 3739 τοιοῦ-

2181 3789 2272 3824 τον
2294 3773 2637 3843 σημαίνεται.
2660 3773 2733 3826 Τὸ
2751 3773 2850 3843 μὲν
2886 3774 3187 3842 Ἀλληλού
3210 3771 3357 3838 αἶνος
3379 3778 3604 3840 νοεῖται,
3629 3776 3692 3840 ὃς
3710 3779 3794 3840 εἰς

2181 3864 2314 3917 Θεὸν
2344 3867 2442 3936 τὴν
2475 3866 2752 3937 ἀναφορὰν
2771 3866 2900 3937 ἔχει·
2932 3869 2991 3920 τὸ
3006 3867 3061 3920 δὲ
3098 3870 3192 3922 Ἰίι
3222 3867 3278 3920 ἓν
3310 3868 3416 3921 τῶν
3451 3870 3793 3941 ἑρμηνευτι-

2181 3957 2294 4010 κῶν
2342 3959 2443 4028 τῆς
2482 3959 2697 4028 φύσεως
2745 3960 2847 4029 τῆς
2905 3959 3055 4023 θείας
3089 3962 3236 4013 ἐστὶν
3280 3961 3471 4032 ὄνομα.
3515 3962 3687 4015 ’Ὁλον
3731 3964 3794 4016 δὲ

2181 4051 2334 4120 κοινῇ
2353 4049 2432 4113 τὸ,
2452 4050 2827 4118 Ἀλληλούὶά,
2849 4047 3028 4117 Αἶνος
3045 4053 3194 4106 Θεοῦ
3213 4053 3594 4124 ἑρμηνεύεται.
3611 4056 3794 4110 Ὀτι-ιν

2179 4142 2358 4195 τοίνυν
2380 4143 2537 4196 τοῦτο
2560 4143 2621 4195 τὸ
2651 4143 2716 4215 ρῆ
2727 4161 2801 4215 μα
2834 4145 3331 4216 προγεγραμμένον
3416 4147 3514 4216 τῆς
3539 4146 3792 4219 ψαλμῳ-

2179 4233 2317 4298 δίας,
2348 4233 2565 4304 νοητέον
2593 4234 2658 4288 ἂν
2707 4235 2790 4307 εἴη
2823 4235 2885 4289 τὸ
2921 4237 3031 4290 δεῖν
3065 4237 3283 4301 πάντως
3310 4236 3370 4290 τὸ
3409 4238 3795 4310 ὑποκείμενον

2180 4325 2261 4390 εἰς
2290 4325 2597 4395 δοξολογίαν
2621 4327 2773 4395 ἄγειν
2804 4326 2963 4381 Θεοῦ.
2994 4327 3150 4382 Οὕτω
3180 4329 3274 4382 καὶ
3305 4332 3418 4392 τοῖς
3444 4329 3794 4395 τελευταίοις

2184 4419 2417 4489 μάλιστα
2434 4423 2532 4492 τῆς
2566 4420 2874 4491 βίϐλουτῶν
2899 4421 3129 4493 ψαλμῶν
3161 4424 3216 4475 αἱ
3248 4422 3438 4475 πολλαὶ
3471 4423 3585 4476 τῶν
3604 4425 3796 4478 τοιού-

2180 4530 2286 4566 των
2309 4513 2616 4587 ἐπιγραφαὶ
2659 4516 3100 4587 ὲφευρίσκονται,
3136 4515 3202 4568 δι’
3235 4508 3309 4569 ὧν
3353 4515 3501 4568 ἔστιν
3551 4518 3796 4582 ἐννοεῖν,

2181 4612 2391 4676 ὅτιτοῖς
2420 4611 2522 4682 ἤδη
2555 4608 2692 4681 πρὸς
2717 4608 2776 4661 τὸ
2797 4608 3002 4661 τέλειον
3020 4606 3259 4677 φθάσασι
3282 4607 3382 4678 τῆς
3416 4609 3537 4661 κατ’
3573 4609 3797 4682 ἀρετὴν

496 4696 620 4751 illos
653 4712 777 4751 esse
798 4711 906 4766 qua
935 4695 1252 4766 angelorum
1285 4706 1479 4750 natura
1504 4712 1626 4751 esse
1652 4696 1914 4750 creditur.
1939 4694 2074 4749 Nul-

2185 4671 2476 4767 πολιτείας,
2510 4671 2614 4755 καί
2649 4671 2737 4754 διὰ
2769 4699 2875 4754 τῶν
2917 4671 3297 4772 προλαϐόντων
3331 4671 3428 4772 σῆς
3455 4671 3800 4771 ψαλμλρδίας

411 4822 417 4828 -
496 4790 602 4842 lam
657 4789 803 4844 enim
853 4790 1014 4842 aliam
1076 4804 1266 4842 eorum
1321 4789 1737 4859 occupationem
1783 4789 2077 4845 didicimus

493 4896 640 4945 esse,
665 4895 828 4951 quam
852 4879 1025 4936 Deum
1047 4881 1307 4948 laudare;
1339 4898 1517 4951 neque
1552 4883 1619 4937 iis
1655 4883 1748 4952 qui
1784 4883 1839 4937 in
1874 4883 2077 4939 virtute

494 4973 720 5042 perfecti
772 4981 900 5027 sunt
928 4974 1033 5027 alia
1074 4990 1204 5030 cura
1239 4985 1294 5028 et
1340 4975 1583 5029 studium
1641 4983 1765 5040 cst,
1800 4991 1965 5046 quam
2017 4985 2076 5030 ut

492 5067 729 5122 eﬂiciant
749 5074 916 5120 totam
947 5066 1114 5120 vitam
1165 5081 1320 5121 suam
1352 5065 1446 5120 Dei
1487 5067 1700 5122 Iaudem
1752 5083 1896 5123 esse.
1923 5067 2072 5134 Quo-

493 5161 643 5214 niam
691 5160 856 5229 igitur
905 5159 941 5212 ii
988 5160 1184 5229 psalmi
1233 5161 1328 5230 qui
1378 5161 1790 5230 inscriptionem
1844 5161 2070 5225 habent,

493 5253 749 5320 Alleluia,
784 5269 976 5309 omnes
1013 5252 1126 5309 fere
1159 5255 1212 5308 in
1259 5263 1538 5323 postrema
1573 5255 1888 5324 psalmodia:
1919 5267 2072 5326 parte

491 5346 1000 5417 deprehenduntur,
1043 5347 1171 5401 hinc
1214 5347 1516 5417 intelligere
1547 5347 1694 5410 licet,
1730 5347 1954 5402 sublimi
1992 5348 2068 5402 illi

493 5439 768 5503 ascensui,
830 5440 923 5509 qui
974 5439 1029 5492 in
1084 5438 1311 5510 psalmis
1363 5441 1660 5508 reperitur,
1715 5439 2073 5509 praeeminere

491 5540 825 5601 postremam
873 5533 1191 5601 psalmodia:
1237 5541 1479 5604 partem,
1532 5533 1584 5585 in
1633 5547 1775 5600 qua,
1812 5539 1872 5585 ut
1901 5531 2074 5602 pluri-

492 5638 664 5686 mum,
703 5624 823 5679 laus
855 5625 970 5689 Dei,
1007 5625 1123 5681 sive
1152 5623 1464 5679 adhortatio
1513 5625 1579 5677 ad
1622 5623 1792 5678 Deum
1839 5623 2073 5677 laudan-

491 5715 644 5779 dum,
683 5715 1082 5785 frequentatur.
1130 5717 1187 5771 In
1236 5718 1341 5771 hoc
1391 5733 1520 5786 ergo
1562 5718 1771 5786 psalmo
1804 5716 2070 5786 apostolis

493 5807 736 5876 praecipit
763 5805 1001 5876 Spiritus
1032 5817 1281 5873 sanctus,
1314 5816 1373 5862 ut
1403 5810 1584 5863 onmia
1621 5807 1917 5873 mirabilia,
1947 5824 2071 5878 quae

489 5901 546 5955 in
576 5915 677 5957 suo
711 5900 946 5958 adventu
983 5901 1110 5958 fecit
1146 5900 1429 5966 Dominus,
1475 5903 1674 5968 populo
1713 5918 1778 5957 ex
1814 5903 2070 5968 gentibus

2180 4795 2482 4867 τμημάτων
2538 4793 2679 4846 κατὰ
2733 4792 2832 4864 τὴν
2881 4792 3161 4865 νοηθεῖσαν
3195 4794 3282 4844 ἐπ’
3315 4791 3497 4845 αὐτῶν
3537 4791 3801 4865 θεωριαν

2181 4886 2622 4957 ἐκκαθαρθεῖσιν,
2673 4884 2905 4956 ἁρμόζει
2945 4885 3007 4937 τὸ
3053 4886 3222 4938 αἰνεῖν
3260 4883 3351 4937 τὸν
3383 4883 3538 4947 Θεὸν,
3590 4886 3699 4938 καὶ
3739 4889 3801 4940 ἐν

2177 4975 2388 5040 τούτοις
2413 4971 2574 5039 εἶναι,
2605 4977 2662 5028 ἐν
2697 4969 2779 5038 οἷς
2818 4974 2912 5027 καὶ
2946 4975 2981 5045 ἡ
3003 4973 3111 5026 τῶν
3135 4972 3384 5042 ἀγγέλων
3407 4973 3574 5043 φύσις
3636 4967 3800 5030 εἶναι

2181 5068 2554 5122 πεπίστευται.
2603 5067 2741 5122 Οὐτε
2775 5067 2883 5138 γὰρ
2922 5066 3145 5120 ἐκείνων
3179 5065 3582 5136 μεμαθήκαμεν
3613 5067 3802 5138 ἀσχο-

2179 5158 2298 5212 λίαν
2329 5159 2495 5232 ᾰλλην
2528 5160 2648 5214 τινὰ
2688 5160 2826 5231 πλὴν
2860 5159 2953 5212 τοῦ
2985 5161 3155 5212 αἰνεῖν
3189 5158 3280 5210 τὸν
3311 5157 3462 5220 Θεὸν,
3497 5156 3635 5211 οὗτε
3675 5164 3802 5224 τοῖς

2180 5254 2298 5306 κατ’
2324 5254 2522 5326 ἀρετὴν
2570 5254 2791 5316 τελείοις
2823 5254 3010 5324 ἕτερόν
3034 5271 3085 5306 τι
3126 5249 3484 5314 σπουδάζεται
3512 5250 3550 5321 ἦ
3584 5251 3654 5304 τὸ
3690 5253 3804 5325 τὴν

2178 5347 2321 5418 ζωὴν
2365 5347 2556 5400 ἐαυτοῦ
2598 5343 2744 5400 αἶνον
2787 5343 2924 5399 εἶναι
2950 5346 3084 5399 Θεοῦ
3125 5343 3569 5417 παρασκευάσαι.
3625 5346 3804 5400 Ἐπεὶ

2176 5439 2353 5492 τοίνυν
2400 5440 2449 5492 οἱ
2499 5440 2598 5510 τὴν
2641 5439 2953 5510 ἐπιγραφὴν
2997 5439 3213 5509 ἔχοντες
3247 5436 3341 5490 τοῦ
3380 5437 3801 5506 Ἀλληλούῖα,

2179 5533 2378 5595 πάντες
2412 5533 2595 5602 σχεδὸν
2628 5532 2705 5602 τῷ
2738 5531 3030 5600 τελευταίῳ
3060 5532 3171 5602 τμή
3184 5529 3425 5601 ματιτῆς
3445 5526 3803 5600 ψαλμῳδίας

2176 5624 2538 5695 εὑρίσκονται,
2583 5624 2770 5693 σαφῶς
2802 5623 2916 5676 ἐστι
2943 5624 3296 5694 κατανοῆσαι,
3331 5621 3424 5673 καὶ
3465 5621 3552 5673 ὅτι
3594 5623 3802 5695 πᾶς-ης

2177 5715 2497 5788 ὑπέρκειται
2526 5715 2623 5787 τῆς
2655 5716 2862 5786 ὑψηλῆς
2910 5715 2998 5769 διὰ
3026 5715 3134 5768 τῶν
3179 5712 3411 5784 ψαλμῶν
3446 5713 3804 5780 ἀναϐάσεως

2174 5809 2236 5861 τὸ
2263 5807 2570 5861 τελευταῖον
2601 5808 2798 5879 τμῆμα
2817 5808 2918 5878 τῆς
2945 5807 3281 5880 ψαλμῳδίας,
3301 5809 3358 5858 ἐν
3375 5799 3495 5874 ᾧθτὸ
3519 5805 3805 5862 πλεῖστον

2175 5904 2309 5958 Θεοῦ
2346 5900 2492 5967 aii/6;
2520 5907 2688 5970 ἐστιν,
2736 5905 2853 5970 ἦτοι
2887 5904 2967 5966 εἰς
2999 5903 3061 5957 τὸ
3085 5903 3253 5955 αἰνεῖν
3284 5899 3374 5954 τὸν
3418 5897 3558 5952 Θεὸν
3595 5918 3805 5973 παρα-
