4014 6410
252 472 382 525 1297
1373 474 1878 531 COMMENTARIA
1916 476 1983 530 IN
2021 474 2358 532 PSALMOS.
3379 478 3519 534 1298

254 591 513 654 κέλευσις.
543 591 874 663 Προστάττει
902 593 1083 661 μέντοι
1108 595 1166 647 ἐν
1199 594 1277 665 τῷ
1306 594 1442 665 μετὰ
1476 597 1666 666 χεῖρας
1694 595 1835 664 ψαλ-

1948 595 2306 666 patefaciant:
2340 600 2578 666 itemque
2609 601 2835 650 narrent
2871 611 2992 665 quae
3038 595 3303 651 beneﬁcia
3330 598 3519 667 prisco

257 683 340 755 μῷ
359 686 472 747 τοῖς
498 683 673 752 ἁγίοις
706 685 1024 750 ἀποστόλοις
1049 686 1111 738 τὸ
1137 686 1361 757 Ηνεῦμα
1382 688 1445 741 τὸ
1486 687 1641 756 ἅγιον
1669 687 1748 757 τῷ
1775 687 1834 754 ἐξ

1948 689 2018 742 illi
2070 690 2270 759 populo
2315 689 2658 750 exhibuerit,
2710 695 2765 744 et
2831 704 2997 758 quam
3056 690 3230 745 vicem
3286 691 3519 762 singulis

254 774 418 829 ἐθνῶν
465 774 578 844 λαῷ
615 779 854 848 φανεράς
885 778 1108 847 ποιῆσαι
1138 779 1319 841 πάσας
1345 778 1446 842 τὰς
1488 780 1832 850 θαυματουρ-

1948 793 2130 833 eorum
2162 779 2331 848 gestis
2358 777 2677 831 reddiderit.
2709 775 2938 847 Insuper
2971 777 3060 832 hic
3088 779 3518 848 promissionum

253 868 398 937 γίας,
434 866 502 930 ἂς
523 868 814 939 πεποίηται
848 869 942 922 ἐπὶ
971 870 1072 940 τῆς
1104 869 1270 924 αὐτοῦ
1306 871 1612 940 παρουσίας
1641 873 1670 924 ὁ
1716 870 1834 924 Κύ-

1948 882 1972 921 a
2011 867 2122 923 De'o
2157 867 2490 938 patriarchis
2556 865 2828 922 factarum
2889 868 3096 923 mentio
3155 869 3420 934 habetur,
3464 875 3520 923 et

257 975 384 1032 ριος⁸
410 960 500 1013 ναὶ
531 959 638 1031 μὴν
669 962 762 1014 καὶ
782 962 882 1015 ὅσα
903 961 1240 1033 εὐηργέτησε
1262 961 1355 1014 τὸν
1375 961 1541 1021 πάλαι
1560 961 1709 1027 λαὸν,
1741 962 1836 1016 καὶ

1948 966 2144 1030 quanta
2181 958 2426 1029 ipsorum
2457 957 2635 1029 gratia
2662 959 2951 1027 nepotibus
2987 973 3176 1014 eorum
3211 960 3350 1012 bona
3381 974 3518 1014 con-

253 1045 360 1102 οἷον
392 1049 508 1103 ἀνθ’
539 1049 653 1103 οἵου
686 1051 959 1122 ἐποίησεν.
997 1051 1195 1104 Ἔτιδέ
1217 1053 1274 1103 ἐν
1307 1049 1484 1121 τούτῳ
1515 1051 1609 1104 καὶ
1642 1053 1832 1122 μνήμη

1948 1064 2094 1106 :essa
2125 1049 2351 1106 fuerint.
2384 1048 2595 1105 Horum
2623 1051 2826 1120 quippe
2859 1051 3310 1106 commenmratio
3332 1059 3419 1106 est
3449 1051 3519 1106 ad

253 1140 358 1195 τῶν
388 1141 525 1213 πρὸς
557 1142 682 1206 τοὺς
725 1143 1066 1214 πατριάρχας
1093 1144 1198 1196 ὑπὸ
1227 1142 1320 1196 τοῦ
1359 1143 1495 1196 Θεοῦ
1531 1143 1835 1214 γεγενημέ-

1948 1143 2201 1199 beneﬁcio
2217 1142 2450 1200 donatos
2469 1143 2628 1200 avitae
2651 1145 2871 1201 virtutis
2893 1144 3077 1201 studio
3099 1143 3520 1202 inflammandos

254 1251 356 1289 νων
379 1235 743 1306 ὑποσχέσεων,
792 1237 885 1290 καὶ
917 1235 1024 1289 τῶν
1050 1235 1116 1288 δι’
1152 1234 1393 1298 ἐκείνους
1420 1236 1510 1288 ὑπ’
1534 1234 1698 1289 αὐτοῦ
1727 1254 1832 1292 πα-

1948 1235 2092 1292 satis.
2122 1232 2324 1291 Postea
2361 1250 2492 1291 vero
2541 1235 2705 1292 docet
2737 1252 2940 1292 novum
2983 1237 3268 1306 populum,
3304 1235 3519 1292 scilicet

257 1327 624 1397 ρασχεθέντων
670 1326 890 1396 ἀγαθῶν
922 1330 1034 1391 τοῖς
1082 1328 1306 1380 ἐκείνων
1337 1327 1601 1395 ἐκγόνοις.
1651 1327 1832 1398 Ἰκανὴ

1948 1343 2006 1382 ex
2035 1326 2312 1397 gentibus,
2336 1343 2396 1383 se
2444 1327 2712 1398 ingratam
2752 1329 2898 1383 illam
2942 1336 3156 1400 gentem
3181 1328 3362 1384 divina
3393 1343 3519 1398 pro-

255 1419 359 1491 γὰρ
389 1419 590 1472 τούτων
621 1421 654 1490 ἡ
685 1422 875 1491 μνήμη
895 1420 1022 1483 τοὺς
1053 1419 1324 1474 τοσούτων
1357 1420 1686 1490 εὐεργεσιῶν
1711 1420 1838 1472 ἀπο-

1948 1418 2183 1474 videntia
2213 1435 2325 1476 non
2351 1420 2556 1491 injuste
2579 1422 2868 1492 spoliasse,
2888 1430 2948 1476 ut
2979 1422 3185 1492 pariter
3213 1438 3278 1476 ex
3303 1421 3520 1490 justitia

253 1511 552 1576 λαύσαντας
597 1515 676 1576 είς
699 1509 858 1582 ζῆλον
888 1512 986 1582 τῆς
1012 1511 1118 1564 τῶν
1138 1512 1418 1584 προγόνων
1441 1513 1642 1584 ἀρετῆς
1671 1513 1694 1563 ἐ
1703 1511 1838 1583 ρεθί-

1948 1512 2228 1566 sententiae
2260 1520 2454 1567 contra
2488 1513 2612 1570 illos
2643 1514 2787 1577 latae,
2817 1515 2934 1570 viso
2961 1515 3160 1584 ingrati
3190 1515 3355 1568 animi
3385 1529 3522 1584 pra:-

255 1619 362 1657 σαι.
396 1602 647 1656 Διδάσκει
669 1602 726 1656 δὲ
764 1602 904 1656 κατὰ
931 1603 1094 1656 ταύτὸ
1121 1604 1214 1655 καὶ
1235 1602 1326 1655 τὸν
1353 1602 1472 1655 νέον
1504 1601 1653 1665 λαὸν,
1672 1603 1838 1672 ἦγουν

1948 1601 2080 1664 mio,
2114 1611 2443 1657 moneantur
2473 1619 2541 1658 ne
2575 1605 2630 1661 in
2664 1603 2855 1658 eadem
2889 1619 2995 1673 qua
3027 1603 3198 1658 Judaei
3247 1605 3334 1656 via
3369 1603 3522 1658 ince-

254 1694 377 1758 τοὺς
408 1695 466 1761 ἐξ
494 1693 664 1748 ἐθνῶν
691 1693 766 1758 ὡς
794 1695 894 1747 οὐκ
920 1694 1121 1757 ἀδίκως
1152 1694 1244 1747 τὸν
1289 1693 1587 1764 ἀχάριστον
1633 1695 1839 1746 ἐκεῖνον

1948 1692 2108 1758 dant,
2152 1693 2248 1749 sed
2279 1694 2334 1749 in
2367 1703 2520 1750 recto
2546 1696 2684 1750 calle
2715 1697 2993 1752 insistant.

255 1785 380 1840 λαὸν
405 1788 504 1858 τῆς
527 1787 730 1852 οἰκείας
759 1788 1081 1858 κηδεμονίας
1105 1786 1441 1858 ἐγύμνωσεν,
1472 1787 1547 1851 ὡς
1585 1786 1720 1857 όμοῦ
1770 1787 1834 1838 ἐκ
1863 1786 1962 1856 τῆς
1988 1788 2108 1843 κατ’
2137 1787 2361 1843 ἐκείνων
2384 1787 2759 1860 ἐξενεχθείσης
2779 1790 2962 1860 ψήφου
3002 1789 3064 1842 τὸ
3094 1788 3302 1842 δίκαιον
3358 1802 3525 1840 κατα-

257 1883 498 1954 μάθοιεν,
535 1885 626 1938 καὶ
655 1884 752 1954 τῆς
791 1882 1114 1954 ἀχαριστίας
1170 1881 1406 1953 ὁρῶντες
1433 1882 1502 1936 τὰ
1551 1881 1825 1952 ἐπίχειρα,
1863 1880 1936 1952 μὴ
1969 1882 2070 1952 τὴν
2120 1883 2290 1954 αὐτὴν
2333 1884 2604 1948 Ἰουδαίοις
2654 1884 2942 1954 βαδίζοιεν,
2976 1885 3114 1940 ἀλλὰ
3171 1885 3270 1955 τὴν
3311 1883 3525 1937 εὐθεῖαν

254 1975 372 2029 ὁδὸν
398 1975 655 2029 ὁδεύοιεν.
1182 2012 1184 2014 -
3007 1997 3018 2012 ·

336 2122 819 2196 Ἐξομολογεῗσθε
844 2121 925 2188 τῷ
962 2123 1176 2191 Κυρίῳ,
1206 2124 1304 2178 καὶ
1341 2123 1727 2178 ἐπικαλεῖσθε
1777 2123 1842 2175 τὸ

2016 2119 2352 2189 Conﬁtemini
2387 2120 2635 2184 Domino,
2668 2131 2717 2174 et
2748 2123 2984 2177 invocate
3015 2140 3202 2178 nomen
3235 2125 3524 2186 eius.Cum

254 2221 438 2289 ὄνομα
467 2218 675 2274 αὐτοῦ.
700 2215 906 2285 Διπλῆς
935 2214 1100 2286 οῦσης
1130 2217 1186 2271 ἐν
1211 2219 1276 2288 τῇ
1304 2219 1546 2288 γραφικῇ
1581 2217 1837 2288 συνηθείᾳ

253 2311 348 2381 τῆς
394 2310 514 2364 κατ’
557 2309 948 2383 ἐξομολόγησιν
998 2309 1292 2381 σημασίας,
1341 2309 1435 2362 καὶ
1475 2306 1568 2361 νῦν
1609 2309 1706 2379 μὲν
1739 2307 1838 2380 τὴν

253 2401 621 2474 ἐξαγόρευσιν,
643 2399 799 2467 αὖθις
820 2403 878 2457 δὲ
898 2403 996 2474 τὴν
1021 2401 1371 2473 εὐχαριστίαν
1402 2399 1835 2470 ἐνδεικνυμένης,

253 2496 485 2550 ἐνταῦθα
532 2498 652 2550 κατ’
686 2496 1002 2568 ἀμφοτέρας
1037 2495 1136 2558 τὰς
1165 2494 1374 2558 ἐννοίας
1407 2494 1544 2565 πρὸς
1577 2494 1666 2546 τὸν
1717 2493 1838 2546 κατ’

252 2589 454 2660 ἀρετὴν
500 2587 613 2658 βίον
642 2587 1149 2661 χειραγωγούμεθαο
1179 2588 1214 2658 ἦ
1265 2605 1324 2639 τε
1351 2585 1460 2660 γὰρ
1489 2585 1840 2657 ἐξαγόρευσις

255 2679 531 2752 χωρισμόν
558 2698 681 2734 τινα
709 2680 802 2734 καὶ
817 2680 1170 2752 ἀλλοτρίωσιν
1193 2677 1301 2732 τῶν
1329 2676 1516 2732 κακῶν
1532 2674 1842 2748 ἀπεργάζε-

256 2790 366 2836 ται,
402 2773 462 2824 τό
483 2789 542 2825 τε
572 2773 709 2842 πρὸς
742 2773 840 2845 τὴν
858 2771 1210 2844 εὐχαριστίαν
1234 2769 1511 2842 πρόθυμον
1534 2767 1838 2833 πλεονάζει,

256 2865 348 2918 καὶ
364 2863 462 2936 τὴν
489 2864 618 2935 περὶ
645 2864 738 2918 τοῦ
756 2865 1045 2934 εὐεργέτου
1067 2863 1226 2934 χάριν
1245 2863 1338 2914 ἐπὶ
1362 2861 1470 2914 τῶν
1504 2861 1841 2932 εὐαισθήτως

252 2959 552 3029 δεχομένων
568 2959 666 3021 τὰς
681 2960 944 3023 εὐποιίας.
976 2955 1419 3028 Παρακελεύεται
1436 2955 1613 3006 τοίνυν
1641 2955 1669 3006 ό
1684 2953 1842 3021 λόγος

253 3051 352 3123 τὴν
389 3051 805 3123 εὐχαριστήριον
833 3050 1107 3122 ὑμνῳδίαν
1132 3047 1483 3120 προσφέρειν,
1511 3046 1606 3098 καὶ
1637 3044 1843 3115 διηγεῖ-

257 3146 380 3200 σθαι
432 3144 533 3208 τὰς
576 3143 724 3209 θείας
775 3142 1116 3211 εὐεργεσίας.
1174 3141 1247 3193 Τὸ
1279 3140 1388 3211 γὰρ
1437 3137 1840 3201 ἐπικαλεῖσθε,

256 3238 596 3306 κηρύσσετε
640 3237 668 3289 ό
699 3233 997 3305 Σύμμαχος
1039 3233 1405 3303 ήρμὴνευσενο
1452 3229 1638 3300 ἐτερος
1669 3229 1726 3281 δέ
1753 3231 1845 3300 ἐρ-

260 3329 531 3400 μηνευτής
562 3345 715 3398 φησι,
743 3326 852 3380 Kal
881 3324 1259 3380 ἐπικαλεῖσθε
1284 3324 1605 3392 ἑνόνόματι
1633 3322 1839 3377 αὐτοῦ·

261 3421 403 3494 μέγα
432 3439 484 3474 τι
514 3419 904 3490 αἰνιττόμενος.
937 3418 1036 3471 Ἂν
1085 3415 1194 3488 γὰρ
1235 3415 1628 3487 ἐξομολογήσῃ,
1685 3415 1841 3485 φησὶ,

255 3481 355 3569 καί
372 3512 582 3584 ἀποθῇς
606 3512 674 3565 τὰ
700 3481 1341 3582 άμαρτήματαξδυνήσῃ,
1373 3481 1842 3578 μετά-παρρησίας
1871 3481 1915 3540 C

253 3609 316 3662 τὸ
329 3607 499 3678 ὄνομα
531 3605 694 3660 αὐτοῦ
725 3603 986 3666 καλέσας,
1027 3600 1240 3673 μεγάλα
1277 3599 1613 3671 ἐργάσασθαι
1639 3597 1838 3666 ἀγαθά.

254 3702 332 3754 Οὐ
361 3699 536 3771 μάτην
564 3697 619 3750 δέ
647 3694 1083 3766 ἐξομολογεῖσθαι
1131 3693 1416 3765 πρότερον,
1453 3691 1550 3744 καὶ
1589 3689 1840 3760 δεύτερον

253 3789 914 3860 ἐπικαλεῖσθαιβούλεταν
950 3785 1064 3840 ἀλλ’
1095 3784 1203 3849 ἵνα,
1243 3782 1476 3853 καθαροὶ
1509 3781 1597 3834 διὰ
1627 3780 1726 3850 τῆς
1757 3780 1844 3846 ἐξ-

1947 2209 2229 2280 Scriptura
2285 2212 2456 2265 soleat
2508 2211 2710 2280 duplici
2745 2229 2911 2268 sensu
2954 2212 3357 2269 confessionem
3395 2230 3525 2288 pro-

1944 2301 2109 2370 ferre,
2156 2317 2220 2358 ac
2273 2304 2436 2358 modo
2467 2304 2571 2360 hac
2609 2321 2742 2361 voce
2775 2315 3126 2375 peccatorum
3157 2307 3525 2365 denuntiatio-

1944 2411 2090 2462 nem,
2126 2394 2290 2450 modo
2322 2397 2622 2466 gratiarum
2658 2399 2927 2455 actionem
2972 2401 3275 2471 signiﬁcet;
3306 2401 3396 2456 hic
3429 2419 3526 2458 se-

1945 2486 2182 2542 cundum
2211 2497 2498 2559 utramque
2529 2491 2818 2557 rationem,
2853 2493 2920 2547 ad
2961 2492 3126 2547 Vitam
3160 2509 3285 2548 cum
3319 2495 3525 2551 virtute

1945 2578 2208 2648 agendam
2239 2578 2596 2634 instituimur.
2627 2580 2764 2635 Nam
2808 2581 3136 2638 confessio'a
3165 2584 3322 2640 malis
3345 2584 3526 2640 homi-

1945 2686 2070 2724 nem
2101 2679 2344 2727 semovet
2395 2680 2450 2727 et
2481 2673 2549 2728 iis
2580 2674 2816 2729 alienum
2846 2673 3008 2730 efﬁcit
3035 2695 3047 2730 :
3096 2677 3394 2748 gratiarum
3426 2693 3522 2732 au-

1948 2769 2056 2816 tem
2099 2763 2329 2818 actionis
2390 2764 2630 2818 studium
2672 2767 2815 2836 apud
2859 2765 3159 2822 beneﬁcum
3203 2777 3361 2839 auget
3395 2784 3522 2840 gra-

1947 2853 2078 2908 tiam
2109 2871 2236 2926 erga
2267 2871 2362 2911 eos
2393 2859 2486 2926 qui
2513 2866 2669 2929 grato
2699 2859 2881 2914 animo
2903 2859 3164 2916 beneﬁcia
3195 2863 3342 2917 nacti
3370 2870 3518 2919 sunt.

1947 2943 2210 3000 Hortatur
2243 2949 2424 3018 itaque
2447 2965 2627 3005 sermo
2661 2951 2727 3005 ad
2762 2951 2993 3022 hymnos
3021 2953 3318 3024 gratiarum
3351 2954 3522 3007 actio-

1947 3041 2035 3095 nis
2057 3039 2382 3105 eﬁ‘erendos,
2409 3052 2462 3096 et
2483 3044 2551 3098 ad
2575 3042 2759 3098 divina
2783 3045 3042 3099 beneﬁcia
3075 3047 3365 3102 narranda.
3387 3046 3524 3101 Nam

1949 3128 2104 3193 illud,
2134 3130 2388 3195 invocata,
2421 3130 2805 3202 Symmachus,
2837 3135 3123 3202 prwdicale
3156 3137 3354 3190 vertit:
3384 3135 3525 3190 alius

1950 3231 2128 3276 autem
2168 3224 2435 3292 interpres
2486 3225 2582 3288 ait,
2635 3223 2700 3276 Ει
2747 3225 2979 3279 invocata
3025 3227 3079 3280 in
3121 3228 3330 3282 nomine
3372 3229 3522 3297 ejus;

1950 3331 2206 3386 magnum
2239 3317 2516 3387 quidpiam
2569 3317 2949 3374 subindicans.
2990 3321 3056 3372 At
3093 3321 3239 3375 enim
3287 3323 3334 3376 si
3393 3337 3524 3376 cou-

1952 3406 2131 3463 fessus
2166 3408 2367 3473 fueris,
2425 3409 2533 3474 ait,
2582 3417 2635 3464 et
2670 3421 2890 3479 peccata
2921 3412 3275 3482 deposueris,
3323 3429 3525 3469 nomen

1947 3501 2066 3570 ejus
2123 3516 2246 3555 cum
2308 3500 2508 3555 ﬁducia
2552 3500 2858 3556 invocanda
2900 3519 3098 3574 magna
3148 3504 3311 3559 edere
3359 3520 3524 3574 opera

1947 3591 2175 3648 valebis.
2211 3591 2398 3662 Neque
2429 3593 2549 3648 sine
2579 3607 2744 3648 causa
2789 3595 2967 3662 primo
3012 3596 3296 3663 conﬁteri,
3335 3604 3523 3666 postea

1948 3684 2206 3738 invocare
2233 3691 2486 3754 exoptat;
2514 3683 2608 3739 sed
2643 3695 2699 3739 ut
2729 3701 2825 3755 per
2847 3685 3249 3741 confessionem
3281 3689 3520 3760 purgati,

1947 3791 2013 3830 ex
2045 3790 2180 3844 puro
2212 3776 2580 3832 instrumento
2607 3777 2871 3847 hymnum
2890 3779 3204 3835 offeramus.

254 3883 598 3956 αγορεύσεως
621 3881 926 3951 γενόμενοι,
955 3880 1018 3931 ἐκ
1037 3873 1279 3948 καθαροῦ
1303 3875 1536 3946 ὀργάνου
1557 3869 1651 3925 τὸν
1675 3871 1844 3942 ὐμνον
1875 3868 2353 3942 προσενέγκωμεν.

337 4021 754 4090 Ἐπαιγιγείλατε
783 4019 852 4072 ἐν
879 4016 1003 4083 τοῖς
1032 4016 1235 4070 ἔθνεσι
1262 4014 1334 4067 τὰ
1359 4013 1503 4082 ἔργα
1534 4012 1740 4066 αὑτοῦ.
1786 4011 1843 4064 '0

259 4112 398 4184 μετὰ
417 4113 606 4183 χεῖρας
636 4106 785 4172 αἶνος
821 4109 920 4179 τὴν
959 4108 1201 4179 ἱστορίαν
1229 4104 1580 4174 ἐπιτέμνεται
1602 4102 1700 4172 τὴν
1735 4101 1844 4155 ἀπὸ

268 4204 522 4277 Ἀϐραὰμ
549 4203 644 4255 καὶ
696 4203 790 4254 ἐπὶ
828 4201 1001 4266 ἔξοδον
1046 4200 1154 4253 τῶν
1197 4197 1328 4251 υἱῶν
1369 4195 1587 4267 Ἰσραὴλ
1611 4195 1709 4265 τὴν
1735 4194 1844 4247 ἀπὸ

253 4297 554 4367 Αἰγύπτου·
587 4293 652 4364 ἦν
701 4293 797 4346 καὶ
842 4291 1196 4359 ἐπαγγέλλειν
1245 4291 1360 4352 τοῖς
1400 4287 1576 4340 ἔθνεσι
1601 4287 1660 4339 τὸ
1702 4286 1843 4338 θεῖον

255 4388 485 4460 Πνεῦμα
513 4384 966 4458 παρακελεύεται,
985 4383 1125 4436 ὥστε
1140 4381 1228 4434 διὰ
1253 4380 1455 4435 τούτων
1481 4379 1652 4448 δηλῶν
1673 4379 1840 4443 ἐστιν,

255 4486 333 4548 ὡς
349 4484 536 4553 ὄνησιν
565 4481 666 4533 οὐκ
696 4476 971 4538 Ἰουδαίοις
1001 4471 1332 4544 μόνον,ἀλλὰ
1360 4483 1455 4525 και
1473 4473 1584 4534 τοῖς
1601 4471 1657 4536 ἐξ
1674 4470 1843 4523 ἐθνῶν

258 4571 736 4646 πραγματεύεται,
767 4567 864 4620 τοῦ
893 4565 1207 4634 Πνεύματος
1238 4564 1364 4624 τούς
1408 4561 1516 4615 τῶν
1536 4560 1703 4614 ἐθνῶν
1737 4559 1846 4613 διε-

254 4669 535 4740 γείροντος
574 4664 822 4734 κήρυκας
857 4660 935 4722 εὶς
962 4658 1024 4710 τὸ
1054 4655 1235 4726 ζητεῖν
1257 4653 1348 4706 τὸν
1376 4653 1582 4723 Κύριον
1621 4652 1714 4705 καὶ
1743 4669 1843 4722 κη-

257 4761 478 4833 ρύσσειν
509 4756 578 4810 τὰ
605 4753 735 4825 περὶ
774 4749 938 4807 αὐτοῦ
983 4747 1318 4817 διηγήματα.
1360 4743 1471 4796 Καὶ
1501 4742 1673 4796 ταῦτα
1719 4742 1840 4833 μεθ’

257 4831 463 4922 ὐμνων·
485 4847 618 4920 φησὶ
631 4843 779 4913 γοῦν*
812 4844 1034 4912 ’ᾼσατε
1071 4835 1232 4902 αὐτῷ
1259 4834 1359 4889 καὶ
1390 4833 1624 4902 ψάλατε
1659 4831 1836 4898 αὐτῷ’

255 4941 629 5014 διηγήσασθε
651 4935 847 4990 πάντα
878 4933 951 4986 τὰ
995 4927 1300 4999 θαυμάσια
1341 4925 1550 4982 αὐτοῦ.
1586 4925 1840 4979 Βούλεται

255 5030 672 5101 ἀπαγγελθῆναι
711 5029 823 5089 τοῖς
850 5024 1077 5086 ἔθνεσιν,
1103 5021 1181 5084 ὼς
1205 5018 1459 5088 ἀγνοοῦσι
1491 5019 1584 5072 καὶ
1617 5017 1841 5088 μηδέπω

260 5122 657 5199 μεμαθηκόσιν,
704 5117 891 5176 ὁποίας
934 5115 1101 5169 πάλαι
1150 5113 1414 5184 πρότερον
1461 5108 1780 5180 εὐεργεσίας
1812 5107 1840 5159 ὁ

255 5218 393 5281 Θεὸς
419 5214 498 5284 τῷ
530 5213 780 5284 προτέρῳ
803 5206 917 5278 λαῷ
946 5206 1267 5277 παρέσχετο’
1303 5204 1399 5257 καὶ
1428 5203 1594 5266 ὅπως,
1631 5201 1840 5272 μυρίων

254 5307 483 5380 ἀγαθῶν
510 5303 661 5375 παρὰ
681 5302 774 5356 τοῦ
799 5300 931 5354 Θεοῦ
953 5298 1332 5370 τετυχηκότες,
1371 5295 1694 5368 παρέϐησαν
1716 5295 1842 5347 ἀσε-

258 5402 548 5473 ϐήσαντεςο
591 5395 685 5447 καί¹
728 5393 804 5454 ὡς
845 5391 933 5444 διὰ
975 5389 1075 5454 τὰς
1126 5387 1472 5462 παρανομίας
1519 5387 1697 5440 αὐτῶν
1740 5386 1840 5457 τῆς

259 5493 416 5554 θείας
474 5484 777 5555 ἐπισκοπῆς
833 5481 1240 5536 ἐκπεπτώκασι.
1277 5480 1504 5534 Κελεύει
1539 5479 1597 5532 δέ
1627 5479 1720 5533 καὶ
1757 5480 1843 5549 ἐρ-

263 5581 471 5656 μηνέας
507 5576 755 5647 γίνεσθαι
793 5573 886 5628 καὶ
928 5573 1262 5645 σαφηνιστὰς
1295 5573 1404 5628 τῶν
1442 5575 1500 5627 ἐν
1524 5575 1637 5636 τοῖς
1675 5571 1843 5635 θείοις

259 5672 467 5742 λογίοις
501 5668 847 5740 ἀπορρήτων·
898 5664 1042 5737 άπερ
1086 5663 1152 5719 ἂν
1182 5664 1266 5735 εἴη
1310 5664 1381 5719 τὰ
1426 5664 1706 5734 θαυμάσια
1743 5664 1842 5716 αὐ-

260 5765 380 5820 τοῦ’
417 5761 514 5816 καὶ
546 5759 731 5822 άπλῶς
766 5757 1062 5829 ὑμνῳδίαις
1102 5755 1263 5811 αὐτὸν
1289 5755 1612 5827 ἀμείϐεσθαι
1647 5756 1737 5809 καὶ
1779 5756 1846 5809 τὰ

263 5858 398 5929 παρ’
428 5853 592 5910 αὐτοῦ
627 5850 895 5922 γενόμενα
937 5851 1063 5913 τοὺς
1102 5847 1426 5918 ἀγνοοῦντας
1460 5848 1667 5918 διδάξαι
1717 5848 1848 5904 θαυ-

274 5950 466 6027 μάσια.

2017 4007 2343 4061 Anmmtiate
2389 4010 2528 4064 inter
2570 4018 2743 4079 gentes
2794 4024 2951 4076 opera
3007 4009 3143 4077 ejus.
3202 4007 3329 4063 Haec
3380 4009 3522 4076 laus,

1946 4115 2108 4169 quam
2157 4107 2497 4166 tractamus,
2546 4101 2831 4155 historiam
2881 4102 3208 4170 compendio
3255 4110 3441 4156 narrat
3491 4118 3526 4157 a

1945 4199 2190 4260 tempore
2247 4191 2546 4245 Ahrahami
2593 4192 2662 4246 ad
2709 4193 2914 4248 exitum
2948 4192 3184 4246 ﬁliorum
3233 4195 3402 4248 Israel
3455 4209 3524 4248 ex

1945 4281 2209 4354 A‘ngpto;
2239 4299 2402 4354 quam
2436 4283 2690 4353 gentibus
2734 4285 3061 4339 annuntiare
3098 4286 3253 4353 jubet
3285 4285 3524 4355 Spiritus

1947 4375 2201 4442 divinus;
2231 4376 2305 4429 ita
2344 4383 2402 4430 ut
2437 4376 2522 4430 his
2559 4376 2797 4431 declaret
2843 4393 2952 4430 non
2985 4375 3299 4431 Judaeorum
3333 4377 3520 4443 modo,

1947 4474 2043 4530 sed
2070 4475 2234 4530 etiam
2269 4475 2508 4544 gentium
2545 4475 2833 4529 utilitatem
2869 4474 3052 4528 curari
3082 4494 3092 4529 :
3128 4474 3334 4542 Spiritu
3371 4473 3524 4530 scili-

1946 4574 2033 4623 cet
2090 4581 2371 4637 praecones
2421 4567 2664 4638 gentium
2717 4567 2992 4622 excitante
3045 4569 3112 4620 ad
3165 4565 3523 4637 querendum

1945 4645 2235 4714 Dominum
2282 4668 2336 4715 et
2359 4662 2425 4715 ad
2456 4659 2799 4731 praedicanda
2833 4660 2954 4730 ejus
2983 4673 3166 4730 opera.
3199 4657 3364 4727 quue
3397 4673 3524 4712 cum

1947 4752 2164 4824 hymnis
2196 4752 2463 4823 agendum
2514 4752 2710 4817 docet,
2765 4753 2841 4806 ait
2889 4751 3034 4807 enim
3069 4770 3080 4805 :
3138 4748 3363 4805 Cantale
3391 4750 3439 4802 ei
3471 4756 3522 4803 et

1946 4845 2157 4913 psallite
2185 4846 2255 4910 ei,
2293 4853 2510 4900 narrate
2537 4847 2715 4899 omnia
2763 4844 3034 4899 mirabilia
3063 4843 3197 4913 ejus.
3231 4841 3357 4897 Vult
3391 4857 3524 4913 gen-

1946 4936 2128 5001 tibus,
2185 4944 2372 5007 utpote
2420 4938 2802 5008 ignorantibus
2850 4953 2914 4991 ac
2966 4935 3211 4994 nondum
3263 4935 3518 5001 edoctis,

1947 5030 2260 5083 annuntiari
2291 5038 2492 5100 quanta
2548 5031 2676 5086 olim
2724 5030 2987 5084 beneﬁcia
3033 5030 3174 5084 Deus
3205 5029 3388 5098 prisco
3418 5041 3520 5096 po-

1947 5124 2074 5193 pulo
2121 5123 2480 5192 impertierit;
2525 5137 2590 5177 ac
2640 5122 2915 5192 quomodo
2947 5123 3023 5175 illi
3071 5121 3280 5175 inﬁnita
3325 5134 3355 5172 a
3410 5117 3522 5172 Deo

1947 5231 2170 5269 munera
2197 5216 2498 5279 consecuti,
2536 5215 2696 5285 impie
2725 5215 3056 5283 transgressi
3089 5214 3233 5278 sint;
3258 5227 3366 5281 qua
3390 5212 3518 5264 item

1945 5307 2157 5361 ratione
2189 5308 2259 5361 ob
2292 5307 2610 5376 iniquitates
2642 5321 2770 5360 suas
2797 5321 2827 5358 a
2865 5304 2959 5357 Dei
3002 5303 3340 5374 providentia
3382 5301 3520 5370 lapsi

1947 5397 2076 5453 sint.
2107 5394 2266 5452 lubet
2285 5406 2463 5450 autem
2491 5410 2585 5450 eos
2611 5402 2667 5449 et
2687 5395 3012 5463 interpretes
3039 5403 3092 5448 et
3137 5391 3521 5461 explanatores

1947 5502 2069 5542 esse
2089 5501 2418 5541 arcanorum
2448 5500 2568 5554 qua:
2591 5483 2772 5538 divina
2795 5485 3009 5552 eloquia
3037 5482 3476 5550 complectuntur
3500 5496 3516 5532 :

1945 5595 2068 5650 qum
2119 5593 2251 5633 sane
2300 5577 2572 5631 mirabilia
2602 5575 2722 5645 ejus
2763 5574 3004 5629 fuerint:
3041 5590 3106 5629 ac
3140 5571 3418 5643 praecipit,
3463 5579 3521 5623 ut

1947 5672 2166 5743 hymnis
2226 5670 2330 5740 ipsi
2385 5669 2557 5724 vicem
2606 5668 2941 5739 rependant,
2973 5675 3026 5723 et
3060 5667 3158 5722 abs
3191 5680 3251 5722 se
3307 5670 3535 5735 patrata.

1950 5763 2222 5818 mirabilia
2253 5760 2635 5833 ignorantibus
2668 5760 2942 5830 aperiant.
