3992 6404
524 466 663 522 ιὲθῡ

1164 469 1462 537 (EUSEBII
1514 473 2001 532 CESARIENSIS
2031 474 2181 534 OPP.
2228 472 2408 531 PARS
2432 472 2521 530 ιιι.
2543 472 3046 532 —EXEGETIGA.

3677 471 3841 533 i500

599 584 759 639 Vens.
794 585 828 639 5
876 584 929 638 ι.
978 584 1301 643 Laudamini
1353 590 1408 643 in
1464 592 1672 645 nomine
1716 598 1901 644 saneto
1933 590 2047 657 eius
2088 608 2095 643 ;

2296 589 2664 646 Ἑπαινεῒσθε
2694 592 2767 644 ἐν
2788 589 2869 655 τῷ
2895 591 3143 660 ὀνόματι
3170 588 3249 654 τῷ
3286 589 3436 658 ἁγίῳ
3459 588 3688 644 αὐτοῦ’
3724 592 3838 644 εύ-

522 677 735 732 lwtetur
764 695 856 733 cor
892 680 1242 749 querentium
1289 681 1601 739 Dominum.
1652 682 1889 749 Quaerite
1925 683 2109 737 Domi-

521 786 669 838 num,
704 780 755 825 et
789 773 1205 843 conﬁrmamini,
1239 775 1462 845 quaerite
1513 774 1706 844 faciem
1736 776 1853 845 ejus
1885 792 2104 843 semper.

521 860 667 919 Laus
734 868 881 920 enim
923 874 979 922 et
1025 867 1198 938 gloria
1253 868 1320 923 iis
1382 876 1469 924 est
1520 869 1614 940 qui
1682 868 1777 924 Dei
1848 870 2109 926 virtutem

520 965 799 1014 enarrant.
832 960 1031 1031 Aquila
1072 976 1202 1017 vero
1246 961 1370 1017 loco
1416 962 1584 1027 illius,
1642 962 1963 1027 laudamim‘,
2023 963 2110 1018 in-

518 1058 873 1120 terpretatur,
908 1053 1237 1123 gloriamini.
1271 1052 1526 1126 Praecipit
1555 1065 1738 1112 autem
1768 1072 1951 1113 sermo
1977 1071 2108 1127 apo-

519 1138 678 1194 stolis
700 1154 1002 1211 eorumque
1029 1145 1468 1210 successoribus,
1501 1153 1560 1200 ut
1590 1162 1659 1202 ne
1708 1146 1761 1201 in
1790 1146 2020 1212 divitiis,
2050 1146 2105 1200 in

518 1230 741 1296 robore,
776 1232 830 1287 in
857 1236 1123 1304 potentia,
1158 1238 1328 1291 altum
1360 1240 1574 1309 sapiant
1600 1257 1617 1295 :
1649 1239 1746 1295 sed
1774 1240 1832 1295 in
1862 1240 1977 1295 veri
2008 1239 2104 1296 Dei

516 1326 832 1402 cognitione
860 1336 914 1383 et
942 1330 1309 1399 providentia,
1346 1346 1409 1386 ac
1445 1336 1499 1386 in
1534 1348 1599 1387 eo
1633 1332 1777 1402 quod
1802 1331 2105 1388 Christiani

516 1397 804 1473 vocentur.
840 1397 958 1474 Hoc
1005 1426 1138 1475 item
1164 1422 1320 1492 jubet
1352 1422 1574 1478 divinus
1604 1397 1920 1493 Apostolus,
1972 1423 2103 1478 dum

516 1509 594 1562 ait
627 1529 639 1565 :
670 1510 775 1577 Qui
813 1512 1095 1582 gloriatur,
1127 1517 1182 1569 in
1218 1515 1440 1569 Domino
1480 1517 1738 1586 glorietur
1765 1533 1785 1570 :
1823 1534 1926 1571 non
1964 1517 2105 1570 enim

514 1602 606 1671 qui
632 1604 864 1672 seipaum
908 1607 1240 1661 commendat
1284 1608 1373 1662 ille
1400 1609 1654 1677 probatus
1682 1618 1792 1675 est,
1830 1609 1922 1664 sed
1951 1626 2103 1680 quem

514 1692 775 1751 Dominus
798 1698 1127 1752 commendat
1146 1701 1212 1755 δ’.
1239 1699 1476 1772 ldipsum
1496 1700 1783 1767 Ieremias,
1806 1703 1859 1758 id
1884 1703 2105 1773 sapien-

514 1789 724 1843 tissima
748 1790 906 1845 Anna
932 1794 1293 1861 pronuntiant
1326 1813 1338 1847 :
1369 1792 1493 1848 Non
1524 1795 1783 1865 glorietur
1807 1798 2018 1866 sapiens
2048 1798 2104 1851 in

512 1881 777 1949 sapientia
810 1899 929 1949 sua,
963 1892 1014 1937 et
1053 1901 1156 1937 non
1202 1884 1462 1955 glorietur
1505 1885 1663 1955 fortis
1699 1888 1755 1940 in
1785 1887 2103 1956 fortitudine

2213 682 2529 754 φρανθήτω
2574 681 2787 751 καρδία
2837 681 3174 751 ζητούντων
3210 680 3317 734 τὸν
3340 682 3583 749 Κύριον.
3621 682 3834 751 Ζητή-

2211 790 2360 829 σατε
2406 774 2515 828 τὸν
2551 775 2792 843 Κύριον,
2822 773 2926 827 καὶ
2957 770 3371 842 κραταιώθητε·
3391 772 3703 842 ζητήσητε
3756 773 3832 827 τό

2211 868 2538 937 πρόσωπον
2558 866 2745 921 αὑτοῦ
2760 865 3108 932 διαπαντός.
3137 866 3396 929 Ἔπαινος
3419 864 3535 936 ,γὰρ
3562 866 3669 919 καὶ
3685 864 3828 929 δόξα

2210 962 2323 1022 τοῖς
2339 959 2440 1030 τὴν
2457 958 2659 1029 ἀρετὴν
2685 957 2781 1011 τοῦ
2801 958 2937 1012 Θεοῦ
2965 958 3363 1029 διηγουμένοις.
3397 958 3455 1011 ⁸0
3468 958 3530 1011 δὲ
3568 958 3825 1021 Ἀκύλας

2209 1051 2332 1104 ἀντὶ
2369 1049 2463 1103 τοῦ
2517 1049 2879 1116 ἐπαινεῖσθε,
2925 1047 3238 1118 καυχᾶσθε
3279 1048 3515 1104 τέθεικε.
3548 1052 3825 1124 Παρακε-

2208 1141 2425 1196 λεύεται
2449 1140 2508 1194 δὲ
2532 1142 2561 1193 ὁ
2592 1142 2749 1210 λόγος
2766 1144 2880 1205 τοῖς
2919 1142 3240 1205 ἀποστόλοις
3273 1143 3368 1196 καὶ
3393 1146 3509 1207 τοῖς
3534 1144 3822 1215 διαδόχοις

2209 1234 2411 1300 αὐτῶν,
2450 1235 2525 1307 μὴ
2570 1235 2663 1288 ἐπὶ
2691 1233 2930 1305 πλούτῳ,
2977 1234 3051 1306 μὴ
3077 1235 3169 1288 ὲπὶ
3204 1234 3383 1309 ῥώμῃ,
3409 1236 3486 1307 μὴ
3504 1236 3606 1289 ἐπὶ
3644 1236 3817 1289 δυνα-

2210 1330 2384 1401 στείᾳ,
2434 1330 2577 1401 μέγα
2601 1330 2840 1399 φρονεῖν’
2872 1327 2987 1381 ἀλλ’
3031 1330 3093 1381 ἐν
3134 1330 3200 1399 τῇ
3238 1327 3330 1381 τοῦ
3375 1328 3643 1401 ἀληθινοῦ
3672 1328 3818 1382 Θεοῦ

2208 1422 2405 1493 γνώσει
2434 1422 2529 1477 καὶ
2554 1420 2867 1494 προμηθείᾳ
2891 1420 2987 1474 καὶ
3009 1418 3087 1490 τῷ
3105 1419 3388 1475 καλεῖσθαι
3413 1421 3817 1493 Χριστιανούς.

2208 1514 2383 1569 Τοῦτο
2407 1512 2768 1585 παρηγγύησε
2790 1512 2882 1567 καὶ
2897 1514 2927 1566 ό
2948 1512 3093 1576 θεῖος
3128 1512 3463 1576 Ἀπόστολοςο
3497 1513 3551 1566 Ὀ
3566 1511 3819 1582 καυχώ-

2200 1626 2387 1678 μενος
2418 1608 2546 1678 γὰρ,
2588 1606 2772 1676 φησιν,
2799 1605 3084 1673 ἐνΚυριῳ
3125 1603 3466 1674 καυχάσθωο
3498 1606 3574 1659 οὐ
3624 1606 3745 1676 γὰρ
3784 1609 3825 1662 ό·

2205 1700 2425 1757 ἑαυτὸν
2451 1698 2760 1754 συνιστῶν
2782 1698 3014 1764 ἐκεῖνος
3039 1698 3303 1767 δόκιμος,
3342 1700 3483 1753 ἀλλ’
3518 1698 3597 1752 ὃν
3627 1702 3663 1753 ὁ
3695 1700 3819 1753 Κύ-

2198 1809 2331 1861 ριος
2364 1791 2716 1858 συνίστησι.
2768 1789 2954 1844 Ταῦτα
2981 1790 3076 1842 καὶ
3109 1788 3380 1859 Ἱερεμίας
3417 1788 3513 1842 καὶ
3549 1790 3585 1859 ή
3628 1804 3818 1859 σοφω-

2204 1885 2340 1956 τάτη
2379 1885 2548 1938 Ἀννα
2577 1882 2817 1950 διέξεισιι
2849 1882 2947 1951 Μὴ
2993 1880 3319 1950 καυχάσθω
3349 1884 3382 1936 ό
3409 1883 3615 1951 σοφὸς
3644 1882 3721 1935 ἐν
3740 1880 3821 1949 τῇ

511 1988 634 2037 sua,
666 1983 715 2027 et
744 1991 847 2028 non
898 1974 1155 2045 glorietur
1202 1974 1347 2030 dives
1390 1978 1446 2030 in
1499 1976 1702 2031 divitiis
1737 1978 1893 2032 suis:
1926 1977 2016 2032 sed
2043 1979 2095 2032 in

2201 1978 2391 2046 σοφίᾳ
2412 1974 2621 2044 αὐτοῦ,
2657 1975 2755 2029 καὶ
2776 1974 2863 2044 μὴ
2893 1974 3218 2043 καυχάσθω
3256 1977 3289 2028 ὁ
3319 1975 3582 2043 ἰσχυρὸς
3615 1974 3695 2028 ἐν
3736 1972 3815 2042 τῇ

510 2063 608 2118 hoc
635 2065 893 2135 glorietur
921 2068 1011 2137 qui
1033 2067 1318 2137 gloriatur,
1346 2069 1685 2140 intelligendo
1710 2081 1759 2125 et
1783 2087 2100 2142 cognoscen-

508 2156 597 2221 do,
622 2161 747 2228 quia
770 2176 863 2230 ego
891 2177 1009 2214 sum
1042 2160 1323 2226 Dominus,
1357 2162 1449 2231 qui
1486 2162 1628 2233 facio
1675 2163 2098 2219 misericordiam

507 2258 559 2306 et
581 2251 854 2320 justitiam
882 2255 936 2308 in
967 2262 1111 2308 terra
1152 2255 1219 2308 ⁸³.
1245 2254 1479 2313 Laetetur
1501 2274 1593 2312 cor
1612 2259 1962 2329 quwrentium
1982 2256 2096 2313 Dor-

509 2343 739 2409 minum,
775 2344 828 2399 id
857 2353 962 2410 est,
997 2346 1369 2404 invocantium
1390 2366 1515 2405 eum
1541 2351 1609 2406 ad
1641 2351 1954 2421 opem.sive
1984 2353 2098 2405 vir-

508 2444 625 2489 tute
664 2435 732 2489 ad
766 2453 892 2492 eum
930 2439 1293 2509 tendentium,
1318 2457 1349 2496 a
1374 2442 1576 2513 quibus
1605 2444 1772 2497 etiam
1798 2441 2093 2501 invenitur.

507 2528 674 2586 Docet
716 2540 897 2591 autem
926 2542 1130 2607 quanta
1164 2537 1373 2594 utilitas
1398 2553 1466 2594 ex
1506 2535 1855 2593 confessione
1896 2552 2092 2607 prove-

507 2621 638 2676 niet.
675 2622 813 2679 Nam
836 2625 982 2695 quod
1025 2629 1376 2697 quaesivistis,
1412 2629 1511 2693 ait,
1558 2629 1613 2685 id
1650 2628 1863 2685 accidet
1904 2629 2094 2696 vobis;

506 2713 761 2770 videlicet
791 2718 960 2772 animi
1006 2719 1191 2774 laetitia
1224 2739 1237 2775 :
1273 2721 1365 2777 illa
1407 2722 1608 2793 quippe
1642 2722 1758 2793 spei
1789 2721 1901 2777 Deo
1937 2738 2096 2793 repo-

506 2805 627 2861 sitae
670 2805 886 2865 fructus
935 2818 1041 2865 est.
1088 2811 1475 2869 Animadverte
1518 2822 1698 2871 autem
1746 2817 2023 2887 quomodo
2061 2831 2094 2871 a

508 2897 862 2957 confessione
914 2902 1202 2973 inceperit,
1243 2913 1296 2960 et
1322 2904 1379 2959 in
1410 2905 1655 2960 laatitiam
1691 2906 1925 2962 desinat.
1953 2904 2092 2961 Nam

506 2992 785 3066 profectus
826 2995 1128 3049 secundum
1177 2994 1347 3051 Deum
1394 2997 1613 3053 initium
1655 2998 1933 3055 confessio
1964 3006 2090 3066 est;

506 3080 633 3136 linis
660 3088 842 3136 autem
880 3082 1065 3138 laetitia
1110 3084 1411 3141 secundum
1463 3086 1631 3143 Deum
1660 3107 1672 3144 :
1697 3089 1930 3159 plurima
1961 3103 2093 3145 vero

507 3180 637 3230 sunt
656 3172 712 3227 in
732 3173 910 3231 medio
935 3176 1132 3231 horum
1163 3179 1364 3248 posita.
1393 3176 1622 3249 Oportet
1646 3180 1810 3252 igitur
1842 3180 2091 3237 homines

506 3264 686 3338 primo
717 3264 965 3321 conﬁteri
996 3265 1227 3322 Domino
1258 3284 1355 3339 per
1382 3272 1652 3326 sinceram
1688 3272 2086 3341 paenitentiam.

506 3370 573 3409 ac
622 3372 719 3428 per
760 3357 973 3416 fructus
1022 3359 1353 3415 confessioni
1416 3372 1779 3433 congruentes
1829 3379 1843 3414 :
1894 3361 2091 3419 deinde

505 3464 638 3503 vero
675 3449 740 3503 ad
775 3450 1003 3507 meliora
1029 3450 1304 3523 profectos
1333 3453 1607 3513 conﬁdere
1632 3463 1686 3512 et
1710 3456 1965 3513 invocare
1992 3473 2093 3512 ne.

502 3557 628 3598 men
657 3542 778 3611 ejus
811 3561 826 3598 :
854 3544 1044 3616 sicque
1070 3546 1160 3601 ubi
1190 3556 1316 3617 post
1344 3546 1753 3606 confessionem
1793 3549 2091 3606 invocave—

502 3635 615 3690 rint
641 3651 791 3701 eum,
841 3637 1048 3694 divinis
1096 3638 1521 3695 cbarismatibus
1562 3638 1795 3708 donari;
1842 3641 1946 3696 sub
1975 3641 2092 3699 hac

501 3727 591 3785 his
615 3731 877 3802 acceptis,
910 3747 1077 3802 opera
1099 3747 1220 3801 qua:
1250 3731 1561 3786 didicerunt
1588 3734 1844 3791 omnibus
1875 3750 2092 3789 annun-

501 3822 713 3889 tiando,
735 3823 859 3879 aliis
889 3838 1107 3893 quoque
1134 3823 1296 3877 utiles
1318 3838 1441 3878 esse
1474 3841 1487 3877 :
1516 3837 1580 3877 ac
1612 3835 1806 3893 printer
1827 3824 1942 3878 haec
1971 3840 2092 3880 omn-

502 3915 617 3978 nia,
650 3922 840 3985 utpote
889 3916 1077 3970 laetitia
1115 3916 1229 3979 illa,
1271 3931 1396 3986 quae
1443 3917 1749 3971 secundum
1782 3916 1948 3972 Deum
1981 3926 2087 3986 est,

502 4007 778 4077 digestos,
809 4018 1033 4064 cantare
1074 4008 1123 4063 ei
1152 4016 1206 4064 et
1229 4010 1461 4079 psallere
1485 4011 1532 4065 ei
1568 4028 1581 4065 :
1613 4009 1914 4065 secundum
1950 4010 2087 4076 haec,

502 4101 886 4170 explanatores
908 4118 1031 4157 esse
1058 4118 1405 4169 arcanorum,
1438 4120 1557 4174 qua:
1587 4106 1638 4157 in
1661 4102 1863 4159 divinis
1886 4119 2091 4159 sermo-

500 4192 666 4245 nibus
694 4193 1080 4261 continentur;
1110 4195 1259 4258 binc,
1293 4204 1481 4265 utpote
1512 4196 1605 4265 qui
1636 4196 1751 4250 haec
1786 4196 1971 4249 omnia
2002 4211 2090 4250 re-

500 4290 589 4337 cte
613 4284 947 4355 peregerint,
977 4285 1189 4340 laudari
1219 4288 1273 4341 in
1300 4288 1521 4344 nomine
1543 4288 1696 4358 ejus;
1723 4288 1941 4343 demum
1966 4298 2089 4358 post

499 4375 618 4430 haec
674 4378 860 4431 omnia
925 4379 1107 4432 anima
1165 4380 1359 4446 laetari,
1404 4397 1526 4452 quae
1574 4397 1670 4437 cor
1702 4382 1926 4437 dicitur.
1963 4381 2090 4438 Haec

498 4484 665 4540 porro
692 4485 814 4541 qua:
844 4469 1132 4526 Dominum
1166 4473 1439 4542 quaesivit,
1468 4481 1586 4528 tum
1616 4490 1683 4530 ex
1715 4475 1833 4545 ipsa
1864 4475 2089 4546 perqui-

498 4560 723 4623 sitione,
750 4568 866 4614 tum
899 4561 1045 4631 quod
1074 4563 1371 4630 qmerendo
1421 4565 1683 4635 reperiat.
1736 4580 1800 4620 ea
1843 4582 1965 4636 qua:
1999 4582 2089 4622 se-

498 4651 740 4706 cundum
766 4650 937 4707 Deum
970 4660 1055 4707 est
1086 4653 1274 4707 laetitia
1309 4655 1545 4710 fruatur.

569 4834 761 4891 lethaeo
792 4850 925 4890 vero
949 4835 1132 4889 omnia
1165 4835 1380 4891 aestimo
1408 4837 1479 4893 ad
1528 4854 1818 4910 personam
1851 4853 2079 4915 aposto.

497 4928 675 4982 lorum
708 4941 738 4980 a
763 4926 970 4998 Spiritu
1003 4936 1197 4984 saneto
1225 4928 1443 4986 referri.
1470 4930 1605 4987 Nam
1640 4934 1773 4990 illud
1809 4954 1822 4989 :
1852 4938 2079 4994 Annuu-

497 5020 627 5074 tiate
653 5022 706 5074 in
734 5020 973 5090 gentibus
1004 5038 1163 5091 opera
1191 5021 1329 5092 ejus,
1352 5039 1465 5079 non
1500 5026 1623 5081 aliis
1655 5026 1839 5085 dicere
1879 5046 2082 5088 conve-

2200 2070 2375 2138 ἰσχύϊ
2392 2067 2604 2134 αὐτοῦ,
2635 2068 2731 2122 καὶ
2762 2066 2850 2137 μὴ
2877 2067 3200 2136 καυχάσθω
3229 2069 3263 2121 ὁ
3295 2069 3602 2133 πλούσιος
3631 2068 3709 2121 ἐν
3734 2068 3815 2133 τῷ

2199 2162 2440 2229 πλούτῳ
2470 2160 2679 2216 αὐτοῦ·
2706 2162 2843 2216 ἀλλ’
2873 2160 2912 2231 ἢ
2929 2161 2999 2215 ἐν
3018 2160 3207 2227 τούτῳ
3237 2158 3566 2228 καυχάσθω
3597 2163 3635 2213 ὁ
3658 2178 3814 2215 καυ-

2198 2257 2485 2326 χώμενος,
2524 2254 2761 2310 συνιεῒν
2809 2255 2906 2309 καὶ
2957 2254 3292 2326 γινώσκειν,
3340 2252 3430 2307 ὅτι
3475 2252 3598 2324 ἐγώ
3630 2256 3758 2324 situ
3780 2256 3816 2308 ὁ

2197 2349 2414 2417 Κύριος
2443 2351 2476 2403 ὀ
2504 2347 2692 2403 ποιῶν
2722 2346 2897 2414 ἕλεος
2940 2347 3040 2401 καί
3093 2346 3493 2416 δικαιοσύνην
3531 2346 3640 2401 ἐπὶ
3701 2345 3815 2415 τῆς

2197 2440 2331 2515 τῆς.
2364 2440 2770 2511 Εὑφρανθήτω
2799 2441 3013 2511 καρδία
3044 2438 3378 2508 ζητούντων
3413 2439 3526 2495 τὸν
3551 2443 3807 2510 Κύριον·

2195 2535 2474 2589 τουτέστιν
2512 2533 2958 2606 ἐπικαλουμένων
3006 2533 3171 2587 αὐτὸν
3219 2533 3299 2596 είς
3344 2532 3632 2603 βοήθειαν,
3668 2534 3704 2606 ἢ
3740 2534 3809 2588 δι’

2197 2628 2400 2701 ἀρετῆς
2434 2628 2572 2699 πρὸς
2601 2625 2761 2681 αὐτόν
2779 2625 3100 2690 ὁδευόντων,
3121 2618 3204 2688 οἷς
3221 2624 3317 2678 καὶ
3332 2623 3661 2696 εὑρίσκεται
3710 2628 3806 2679 Δι-

2194 2721 2384 2775 δάσκει
2410 2720 2466 2773 δὲ
2483 2719 2649 2773 πόσον
2681 2718 2871 2787 ὄφελος
2897 2715 3065 2771 ὲκτοῦ
3084 2716 3526 2789 ἐξομολογεῖσθαι
3562 2720 3805 2789 γενήσε-

2193 2830 2305 2866 ται.
2347 2813 2412 2866 '0
2431 2812 2541 2883 γὰρ
2560 2811 2883 2883 ἐζητήσατε,
2904 2810 3058 2882 φησὶ,
3082 2808 3244 2863 τοῦτο
3270 2808 3628 2881 συμϐήσεται
3645 2810 3803 2881 ὑμῖν,

2193 2910 2227 2980 η
2259 2907 2387 2979 περὶ
2417 2904 2509 2960 τὸν
2535 2904 2658 2959 νοῦν
2687 2902 3015 2975 εὐφροσύνηο
3046 2903 3149 2975 τῆς
3174 2902 3284 2976 γὰρ
3310 2905 3391 2967 είς
3415 2902 3552 2957 Θεὸν
3575 2902 3806 2968 ἐλπίδος

2195 2996 2334 3073 αὕτη
2363 3001 2592 3069 καρπός.
2624 2999 2732 3053 Θέα
2756 2997 2813 3051 δὲ
2834 2998 2982 3061 ὅπως
3015 2996 3124 3051 ἀπὸ
3156 2995 3608 3069 ὲξομολογήσεως
3625 2995 3802 3068 ἧρξα-

2192 3112 2274 3159 το,
2319 3094 2413 3150 καὶ
2451 3092 2746 3164 κατέληξεν
2773 3092 2854 3155 είς
2902 3090 3261 3161 εὐφροσύνην.
3306 3088 3475 3161 Ἀρχὴ
3530 3090 3641 3160 μὲν
3693 3090 3804 3161 γὰρ

2191 3186 2294 3257 τῆς
2344 3183 2485 3243 κατὰ
2525 3183 2657 3244 Θεὸν
2699 3181 2983 3255 προκοπῆς
3024 3178 3432 3252 ἐξομολόγησις·
3475 3177 3643 3242 τέλος
3674 3178 3733 3232 δὲ
3769 3181 3805 3248 ἠ

2195 3276 2338 3335 κατὰ
2362 3277 2494 3330 Θεὸν
2513 3274 2840 3348 εὐφροσύνη·
2862 3274 3089 3328 πλεῖστα
3120 3273 3178 3327 δὲ
3211 3272 3279 3327 τὰ
3315 3271 3523 3344 μεταξὺ
3562 3276 3801 3327 τούτων.

2194 3370 2389 3441 Δεήσει
2417 3367 2599 3425 τοίνυν
2638 3364 2855 3438 πρῶτον
2888 3362 3327 3436 ἐξομολογεῖσθαι
3359 3361 3438 3434 τῷ
3469 3363 3680 3435 Κυρίῳ
3718 3365 3805 3418 διὰ

2193 3461 2423 3534 γνησίας
2450 3458 2757 3531 μετανοίας,
2789 3457 2886 3513 καὶ
2914 3456 3141 3530 καρπῶν
3162 3455 3482 3531 πρεπόντων
3506 3459 3577 3529 τῇ
3605 3455 3804 3527 ἐξομο-

2192 3554 2432 3626 λογήσει·
2468 3552 2657 3607 ἔπειτα
2691 3550 3080 3623 βελτιωθέντας
3106 3549 3330 3624 θαρρεῖν
3368 3549 3465 3603 καὶ
3508 3550 3803 3604 ἐπικαλεῖ-

2195 3644 2319 3701 σθαι
2348 3644 2410 3697 τὸ
2435 3642 2608 3715 ὄνομα
2642 3640 2942 3707 automata).
2967 3637 3141 3703 οὕτως
3178 3637 3318 3711 μετὰ
3338 3637 3437 3709 τὴν
3469 3639 3806 3711 ἐξομολότη.

2194 3754 2277 3792 σιν
2310 3733 2767 3807 ἐπικαλουμένους
2796 3731 3189 3799 καταξιοῦσθαι
3222 3730 3332 3784 τῶν
3364 3731 3523 3803 παρὰ
3543 3733 3646 3786 τοῦ
3664 3732 3805 3787 Θεοῦ

2191 3830 2566 3901 χαρισμάτωνο
2596 3823 2715 3881 εἶτα
2747 3825 2952 3880 τούτων
2997 3823 3271 3897 τυχόντες,
3304 3823 3532 3895 ἐτέρους
3561 3823 3804 3894 ὠφελεῖν

2190 3920 2279 3975 διὰ
2306 3919 2399 3973 τοῦ
2425 3918 2791 3988 ἀπαγγέλλειν
2811 3919 2892 3981 είς
2918 3916 3186 3982 ἅπαντας,
3214 3916 3360 3989 ἆπερ
3394 3915 3807 3989 μεμαθήκασιν

2190 4015 2330 4086 ἔργα
2377 4012 2561 4068 αὐτοῦ’
2596 4013 2692 4066 καὶ
2737 4011 2831 4066 ἐπὶ
2882 4009 3094 4075 τούτοις
3123 4009 3199 4073 ὡς
3233 4009 3301 4063 ἂν
3347 4008 3805 4076 καταξανθέντας

2189 4108 2291 4179 τῆς
2316 4105 2459 4162 κατὰ
2472 4105 2604 4159 Θεὸν
2630 4104 2915 4177 θυμηδίας,
2940 4104 3089 4177 ᾄδειν
3119 4101 3267 4174 αὐτῷ
3303 4102 3399 4155 καὶ
3428 4101 3687 4171 ψάλλειν·
3708 4104 3806 4156 καὶ.

2193 4198 2334 4270 μετὰ
2384 4196 2562 4251 ταῦτα
2592 4194 2929 4267 σαφηνιστὰς
2959 4193 3204 4264 γίνεσθαι
3244 4192 3353 4245 τῶν
3378 4193 3438 4245 ὲν
3470 4195 3592 4257 τοῖς
3629 4192 3807 4258 θείοις

2189 4289 2387 4359 λογίοις
2415 4289 2766 4362 ἀπορρήτων·
2784 4283 2881 4341 εἶτ’
2909 4287 3008 4358 ἤδη
3031 4284 3466 4358 κατωρθωκότας
3498 4286 3572 4341 τὰ
3594 4286 3807 4341 τοσαῦ-

2187 4399 2256 4434 τα
2285 4381 2627 4435 ἐπαινεῖσθαι
2658 4382 2716 4434 ὲν
2738 4378 2817 4450 τῷ
2846 4378 3068 4450 ὀνόματι
3095 4376 3279 4432 αὑτοῦ·
3325 4378 3419 4432 καὶ
3451 4377 3618 4443 τέλος
3658 4379 3804 4451 μετὰ

2189 4473 2386 4535 πάντα,
2418 4471 2803 4544 εὐφραίνεσθαι
2823 4470 2963 4525 κατὰ
2982 4469 3241 4531 διάνοιαν,
3260 4467 3488 4540 καρδίαν
3522 4470 3808 4541 ὀνομαζο-

2191 4566 2378 4637 μένην.
2429 4563 2590 4636 Αὖτη,
2618 4565 2711 4617 τὸν
2758 4552 2965 4634 Κύριον
3023 4558 3351 4629 έκζητοῦσα,
3387 4559 3447 4626 ἐξ
3483 4560 3675 4632 αὐτῆς
3702 4566 3808 4634 τῆς

2113 4676 2157 4731 ι)
2187 4640 2469 4730 ζητήσεως
2501 4658 2595 4712 καὶ
2621 4657 2719 4729 τῆς
2734 4655 3118 4726 ἐπιγινομένης
3131 4656 3199 4726 τῇ
3220 4654 3447 4726 ζητήσει
3478 4654 3807 4726 εὑρέσεως,

2188 4750 2509 4805 ἀπολαυέτω
2527 4750 2627 4821 τῆς
2651 4748 2794 4804 κατὰ
2819 4747 2951 4802 Θεὸν
2977 4746 3336 4820 εὐφροσύνης.

2258 4843 2444 4897 Ταῦτα
2488 4843 2545 4896 δὲ
2577 4843 2756 4899 πάντα
2786 4841 3029 4914 ἠγοῦμαι
3061 4842 3141 4905 είς
3182 4840 3472 4912 πρόσωπον
3498 4837 3623 4892 τῶν
3656 4841 3804 4894 ἀπο-

2189 4936 2391 4990 στόλων
2419 4936 2524 4989 ύπὸ
2566 4935 2662 4990 τοῦ
2712 4936 2869 5006 ἁγίου
2910 4934 3228 5005 Πνεύματος
3277 4930 3692 5004 ἀναφέρεσθαι,
3729 4933 3805 4986 Τδ

2186 5028 2314 5101 γὰρ,
2340 5029 2755 5099 Ἀπαγγείλατε
2793 5028 2865 5082 ἐν
2902 5027 3026 5094 τοῖς
3055 5027 3260 5082 ἔθνεσι
3299 5025 3372 5079 τὰ
3399 5025 3552 5095 ἔργα
3572 5028 3802 5091 αὐτοῦ,

494 5112 579 5168 nit
599 5128 762 5183 quam
784 5113 914 5169 illis.
940 5111 1223 5172 Sermonis
1253 5131 1417 5187 porro
1439 5118 1722 5173 veritatem
1744 5121 1861 5192 ipse
1891 5139 2076 5179 rerum

2198 5120 2286 5173 26x
2307 5118 2489 5184 ἄλλοις
2525 5119 2753 5191 ἁρμόζει
2783 5118 3038 5188 λέγεσθαι
3082 5117 3116 5189 ἢ
3150 5118 3355 5182 αὐτοῖς.
3393 5117 3711 5189 Μαρτυρεῖ
3744 5117 3803 5171 δὲ

494 5213 726 5262 eventus
757 5206 1106 5262 testificatur.
1136 5206 1351 5264 Etenim
1389 5210 1426 5266 ii
1461 5211 1565 5266 soli
1589 5213 1644 5267 in
1668 5216 1924 5283 gentibus
1953 5234 2076 5289 quae

2198 5208 2261 5279 τῷ
2294 5207 2439 5281 λόγῳ
2470 5210 2532 5263 τὸ
2565 5210 2935 5281 ἀποτέλεσμα’
2974 5208 3126 5281 μόνοι
3165 5206 3276 5279 γὰρ
3310 5207 3677 5278 ἀπήγγειλαν
3700 5209 3799 5262 τοῦ

495 5315 595 5356 sua
626 5315 794 5369 opera
838 5301 1220 5381 universorum
1271 5301 1441 5359 Deum
1476 5317 1870 5377 cognoverunt,
1905 5327 2071 5381 opera

2198 5299 2315 5353 95:06
2361 5301 2431 5355 τὰ
2458 5301 2597 5374 ἔργα
2623 5305 2681 5357 έν
2724 5305 2835 5366 τοῖς
2871 5301 3049 5355 ἔθνεσι
3073 5304 3187 5364 τοῖς
3229 5301 3295 5353 δι’
3321 5300 3506 5354 αὐτῶν
3533 5301 3634 5356 τὸν
3683 5302 3799 5357 τῶν

493 5389 593 5447 Dei
632 5392 1119 5456 annuntiaverunt,
1153 5374 1292 5463 quas
1338 5401 1529 5464 gentes
1581 5398 1836 5466 superius
1879 5415 2075 5455 novam

2198 5393 2315 5446 i).wv
2347 5393 2480 5447 Θεὸν
2513 5394 2901 5463 ὲπεγνωκόσιν,
2935 5392 3029 5457 οὒς
3058 5392 3318 5463 ἀνωτέρω
3345 5390 3547 5463 καινὴν
3583 5394 3795 5462 γενεὰν

493 5482 898 5551 generationem
945 5490 1001 5537 et
1051 5484 1307 5553 populum
1338 5486 1430 5555 qui
1470 5494 1689 5540 creatur
1720 5490 2075 5559 nuncupavit.

2198 5484 2277 5538 (αἱ
2302 5484 2429 5540 λαὸν
2461 5486 2776 5557 κτιζόμενον
2832 5485 3266 5558 προσηγόρευσε.
3321 5486 3414 5537 Δεῖ
3456 5483 3653 5540 τοίνυν
3701 5486 3795 5539 τὸν

493 5572 633 5627 Eum
667 5574 852 5643 itaque
885 5575 979 5644 qni
1012 5573 1300 5631 Dominum
1330 5577 1661 5647 quaesiturus
1691 5588 1797 5646 est,
1830 5596 1967 5651 opus
1994 5593 2079 5639 est

2198 5578 2442 5634 ιέλλοντα
2476 5579 2660 5652 ζητεῖν
2689 5581 2780 5634 τὸν
2807 5580 3012 5652 Κύριον
3034 5578 3477 5649 ἐξομολογεῖσθαι
3508 5578 3793 5651 πρότερον

495 5663 674 5735 primo
694 5677 789 5730 per
811 5664 1081 5718 sinceram
1102 5667 1481 5733 paenitentiam
1505 5672 1559 5721 et
1579 5682 1675 5736 per
1697 5667 1909 5723 fructus
1927 5669 2078 5739 ejus-

2198 5672 2245 5723 it‘
2271 5672 2595 5742 εἰλικρινοῦς
2648 5674 2937 5744 μετανοίας
2985 5673 3077 5727 καὶ
3103 5671 3211 5726 τῶν
3241 5670 3453 5742 ταύτης
3483 5673 3734 5743 καρπῶν
3770 5685 3789 5702 ο

496 5751 621 5810 dem
668 5751 916 5808 confiteri
960 5771 976 5811 :
1018 5769 1146 5807 nam
1183 5755 1277 5823 qui
1312 5755 1438 5809 talis
1466 5762 1572 5818 est,
1606 5754 1774 5811 Deum
1807 5773 2073 5829 quaerere,

2198 5763 2343 5835 δγὰρ
2394 5763 2633 5830 τοιοῦτος
2671 5768 2766 5821 καὶ
2800 5764 2985 5838 ζητεῖν
3035 5763 3280 5831 δύναται,
3338 5763 3435 5819 καὶ
3473 5761 3666 5837 ζητῶν
3701 5762 3790 5825 εύ-

566 5909 613 5946 "
652 5906 700 5971 ll
730 5907 859 5970 Cor.
895 5925 963 5980 ι,
998 5910 1087 5977 l7,
1124 5910 1211 5966 ιε.
1289 5912 1336 5945 σε
1375 5910 1481 5966 Jer.
1522 5929 1595 5980 lx,
1630 5912 1733 5984 es,
1770 5914 1858 5970 et.
