4014 6410
268 409 402 464 ⁴5υ1

1373 410 1977 483 οοΜΜΕΝῬΑιιιΑειΝ
2016 411 2353 469 PSALMOS.

3376 414 3513 471 i302

268 528 400 584 οεῖν.
434 526 498 579 Ei
529 526 639 599 γάρ
692 528 785 582 ἐπὶ
834 528 994 583 λίθων
1024 548 1220 603 τιμιων
1250 534 1360 586 τῶν
1407 533 1624 587 είδότων
1660 532 1829 605 χρεία,

1942 539 2002 587 et
2022 531 2318 603 quazrendo
2343 532 2590 588 invenire
2614 540 2816 604 potest.
2839 531 2971 586 Nam
2999 532 3044 588 si
3078 547 3200 587 cum
3223 533 3289 588 dc
3316 533 3513 604 lapidi-

264 622 358 673 καὶ
375 621 466 673 ἐπὶ
489 620 846 693 κολυμϐητῶν
872 624 1069 696 πολλῆς
1094 626 1192 696 τῆς
1216 627 1524 698 ἐπιστήμης
1544 628 1644 691 δεῖ,
1665 625 1842 697 πολλῷ

265 712 463 782 μᾶλλον
490 713 582 766 ἐπὶ
613 714 768 769 Θεοῦ.
797 718 973 771 Πολλά
996 721 1105 790 γάρ
1143 722 1258 773 ἐστι
1283 720 1352 773 τά
1376 720 1652 774 κωλύοντα
1681 720 1841 774 αὑτὸν

261 804 461 873 εὑρεῖν,
492 806 587 859 καὶ
621 808 961 878 πραγμάτων
983 811 1158 882 ὄχλος,
1190 813 1285 867 καὶ
1319 811 1520 883 σαρκὸς
1538 812 1842 867 ἐπαναστά-

264 912 395 959 σεις,
440 898 535 950 καὶ
566 900 846 969 νοσήματα
865 901 1071 972 ψὺχῶν,
1105 903 1200 956 καὶ
1233 902 1837 974 δαιμόνωνὲπιϐουλαὶ,

262 987 355 1038 καὶ
405 987 647 1059 ῥᾳθυμία
707 991 951 1062 γνώμης.
1020 994 1135 1047 Κᾶν
1169 994 1573 1066 ἀπαλλαγῶμεν
1633 994 1838 1048 τούτων

258 1078 536 1145 ἁπάντων,
574 1085 782 1153 ταχέως
817 1086 979 1140 αὑτὸν
1020 1088 1345 1159 εὑρήσομεν,
1382 1090 1477 1142 καὶ
1509 1088 1606 1160 τὴν
1640 1090 1838 1143 κακίαν

258 1170 657 1243 ἀποδυσόμεθα,
711 1179 805 1230 καὶ
858 1178 956 1248 τήν
1000 1181 1200 1251 ἀρετὴν
1231 1180 1495 1251 ἑλώμεθα.
1546 1179 1692 1251 Αὕτη
1728 1180 1836 1252 γάρ

258 1263 405 1317 ἐστιν
436 1267 468 1337 ἠ
514 1269 629 1319 ἐκεῖ
653 1268 890 1340 φέρουσα
928 1271 1065 1336 ὁδός.
1102 1272 1166 1325 Τί
1194 1268 1285 1326 οὖν
1311 1274 1425 1326 ἐστι
1460 1273 1721 1344 ζήτησις;
1777 1273 1836 1326 τὸ

258 1359 495 1427 συνεχῶς
511 1362 716 1415 ἐκεῖνον
738 1366 937 1417 ἐννοεῖν
965 1366 1058 1418 καὶ
1092 1365 1429 1434 λογίζεσθαιν
1454 1369 1484 1419 ὁ
1516 1366 1623 1438 γὰρ
1657 1366 1834 1438 ζητῶν

257 1449 347 1502 ἐπὶ
369 1450 604 1517 διανοίας
627 1453 736 1511 Eva:
761 1456 822 1509 τὸ
849 1456 1009 1519 ζττού
1020 1476 1193 1512 μενον.

323 1626 635 1695 Ζητήσατε
674 1631 779 1686 τὸν
816 1634 1033 1702 Κύριον
1075 1637 1173 1690 καὶ
1208 1636 1618 1705 κραταιώθητε·
1660 1636 1829 1706 ζητή-

254 1728 403 1771 σατε
430 1718 495 1773 τὸ
521 1724 846 1789 πρόσωπον
886 1727 1073 1781 αὐτοῦ
1119 1728 1464 1795 διαπαντός.
1501 1730 1566 1783 Τί
1593 1732 1708 1783 ἐστι
1770 1732 1831 1784 τὸ

254 1814 438 1883 ζητεῖν
463 1818 555 1865 τὸν
587 1813 789 1885 Κύριον
810 1833 824 1879 ;
849 1816 908 1869 τὸ
942 1816 1010 1871 τὰ
1031 1819 1239 1872 ἐκείνου
1268 1823 1505 1890 φρονεῖν,
1530 1821 1589 1874 τὸ
1615 1822 1702 1874 ἀεὶ
1730 1823 1828 1875 αὐ-

252 1906 345 1958 τὸν
378 1905 704 1974 λογίζεσθαι,
750 1908 813 1960 τὸ
834 1909 921 1962 ἀεὶ
949 1911 1008 1963 ὲν
1051 1910 1256 1983 διανοίᾳ
1284 1911 1447 1982 ἔχειν,
1471 1912 1531 1965 τὸ
1565 1913 1829 1982 μηδέποτε

256 1994 524 2049 παύεσθαι
557 1996 844 2067 ὁμιλοῦντα
869 1997 1015 2068 αὐτῷ
1042 1999 1129 2052 διὰ
1155 2000 1253 2070 τῆς
1278 1999 1583 2071 προσευχῆς
1603 2001 1697 2053 καὶ
1724 1999 1831 2053 τῶν

256 2086 475 2155 ἀγαθῶν
507 2088 778 2160 πράξεων.
825 2090 1061 2161 Ἀμαχοι
1090 2091 1147 2145 δὲ
1181 2094 1230 2144 οἱ
1290 2090 1576 2161 ζητοῦντες
1621 2091 1831 2145 ἔσονται

256 2179 350 2231 καὶ
378 2179 655 2251 ἀήττητοι.
690 2182 1061 2253 Παρορμήσας
1095 2182 1276 2252 μέντοι
1318 2181 1534 2249 ὁ.λόγος
1569 2184 1694 2244 τοὺς
1723 2182 1830 2237 τῶν

255 2272 425 2325 ἐθνῶν
459 2274 705 2344 κήρυκας
740 2275 831 2327 ἐπὶ
856 2275 917 2328 τὸ
952 2274 1245 2347 προθύμως
1270 2275 1567 2347 ὲκζητῆσαι
1604 2277 1693 2329 τὸν
1713 2275 1829 2329 Κύμ-

257 2382 390 2433 ριον,
416 2364 495 2417 ἔτι
515 2365 712 2435 μᾶλλον
736 2366 1304 2439 αὑτοὺςὲπιρρὠνυσι
1332 2367 1526 2435 λέγων,
1546 2367 1831 2436 Κραταιὼ-

256 2456 417 2520 om,
446 2456 712 2519 τουτέστι,
761 2454 851 2525 Μὴ
880 2455 1173 2525 χαυνοῦσθε
1212 2458 1293 2518 εἰς
1324 2456 1385 2510 τὸ
1435 2457 1620 2527 ζητεῖν
1646 2457 1825 2511 αὐτόν.

256 2545 427 2599 Τοῦτο
477 2546 533 2599 δὲ
573 2551 883 2619 προσφωνεῖ
929 2549 1132 2612 αὐτοῖς,
1183 2550 1260 2612 ὡς
1294 2548 1567 2619 δεομένοις
1596 2548 1827 2619 κράτους

256 2638 351 2690 καὶ
405 2638 685 2709 δυνάμεως
734 2642 813 2702 είς
865 2638 925 2691 τὸ
977 2638 1189 2709 ἰσχῦσαι.
1242 2638 1303 2691 τὺ
1360 2637 1828 2709 προστεταγμένον

258 2728 498 2799 ποιῆσαι·
529 2730 666 2801 ὅπερ
697 2726 763 2800 ἦν
791 2730 850 2783 τὸ
885 2728 1062 2782 ἔθνεσι
1088 2727 1343 2799 κηρύξαι,
1381 2727 1605 2798 Ἕλλησί
1637 2744 1697 2780 τε
1733 2728 1827 2781 καὶ

254 2819 570 2892 βαρϐάροις,
598 2822 739 2875 κατά
771 2822 851 2882 τὺ,
889 2824 1102 2888 Κύριος
1115 2820 1292 2873 δώσει
1322 2818 1487 2888 ῥῆμα
1510 2818 1632 2884 τοῖς
1662 2821 1829 2884 εὐαγ-

252 2911 645 2981 γελιζομένοις
677 2912 920 2981 δυνάμει
952 2910 1172 2979 πολλῇ.
1214 2911 1488 2964 Διδάσκων
1515 2909 1570 2962 δὲ
1598 2909 1712 2973 πῶς
1748 2908 1829 2961 δεῖ

252 3004 313 3056 τὸ
336 3004 514 3076 ζητεῖν
544 3010 735 3071 ποιεῖν,
758 3006 851 3059 καὶ
888 3006 967 3059 ὅτι
990 3005 1088 3075 οὐχ
1120 3004 1268 3068 ἆπαξ
1302 3003 1335 3074 ἢ
1363 3003 1464 3066 δίς,
1509 3001 1643 3055 ἀλλά
1674 3000 1827 3072 παρὰ

252 3096 429 3151 πάντα
452 3097 543 3150 τὸν
568 3096 679 3166 βίον
705 3097 804 3168 τὴν
830 3096 1034 3152 ἀνωθεν
1073 3094 1389 3165 ἐπικουρίαν
1428 3096 1693 3167 προσήκει
1727 3094 1825 3163 ζη-

251 3191 362 3242 τεῖν
390 3189 483 3241 καὶ
512 3188 609 3259 τὴν
645 3188 905 3258 ὠφέλειαν
953 3186 1315 3258 καρποῦσθαι,
1344 3187 1610 3257 ἐπήγαγεο
1636 3186 1824 3253 Ζητή-
1850 3216 1893 3274 ο

250 3293 399 3343 φατε
446 3278 514 3331 τὸ
547 3279 869 3348 πρόσωπον
917 3279 1103 3333 αὑτοῦ
1145 3278 1489 3343 διαπαντόςο
1524 3278 1584 3330 οὑ
1643 3277 1824 3348 τρίτον

251 3369 343 3422 τοῦ
371 3370 638 3435 ἐνιαυτοῦ,
665 3370 805 3433 κατά
840 3370 930 3433 τὸν
960 3369 1065 3427 ὑπὸ
1095 3370 1372 3434 Μωὺσέως
1403 3369 1622 3435 δοθέντα
1662 3369 1824 3441 νόμον

250 3462 480 3529 ἐνώπιον
508 3461 672 3516 αὑτοῦ
699 3462 1029 3533 φαινόμενοι,
1050 3461 1183 3515 ἀλλά
1210 3461 1358 3533 παρά
1382 3461 1557 3515 πάντα
1570 3461 1660 3514 τὸν
1689 3460 1821 3532 βίον.

252 3557 545 3626 Πρόσωπον
572 3556 628 3609 δὲ
645 3554 876 3609 ἐνταῦθα
904 3555 1004 3626 τὴν
1025 3554 1343 3623 ἐπιφάνειαν
1370 3552 1532 3607 αὑτοῦ
1555 3553 1707 3625 φησὶ,
1726 3553 1824 3624 τὴν

250 3642 569 3713 ἐπισκοπὴν,
600 3641 697 3714 τήν
729 3642 1006 3714 πρόνοιαν,
1046 3641 1145 3712 τὴν
1176 3641 1519 3713 κηδεμονίαν,
1553 3628 1649 3713 τήν
1697 3641 1826 3717 βοή-

250 3732 419 3796 θειαν,
447 3731 544 3803 τὴν
569 3732 903 3805 συμμαχίαν,
927 3733 1027 3803 τὴν
1047 3732 1262 3789 ἔννοιαν
1278 3732 1378 3805 τὴν
1400 3734 1527 3804 περὶ
1547 3733 1727 3787 αὐτόν.
1752 3731 1825 3785 Τὸ

250 3825 355 3895 γὰρ
386 3826 483 3895 τῆς
504 3825 692 3888 οὐσίας
731 3825 1019 3896 πρόσωπον
1038 3824 1210 3887 οὐδεὶς
1233 3823 1421 3894 ὄψεται
1448 3825 1540 3878 καὶ
1581 3823 1823 3896 ζήσεται,

252 3916 547 3987 Πρόσωπον
575 3915 632 3969 δὲ
660 3914 825 3969 αὑτοῦ
858 3916 953 3970 καὶ
980 3918 1009 3969 ὁ
1039 3916 1187 3980 Υίός.

320 4004 635 4073 Μνήσθητε
676 4006 792 4060 τῶν
823 4007 1171 4076 θαυμασίων
1212 4006 1399 4063 αὐτοῦ
1436 4000 1524 4060 ὧν
1552 4006 1820 4075 ἐποίησε,

253 4096 324 4161 τὰ
354 4096 565 4163 τέρατα
592 4098 779 4153 αὐτοῦ
820 4099 917 4153 καὶ
966 4098 1037 4153 τὰ
1079 4100 1331 4168 κρίματα
1373 4099 1481 4152 τοῦ
1528 4099 1825 4167 στόματος

253 4188 469 4242 αὐτοῦ·
505 4190 612 4242 εἴτε
652 4190 761 4244 τῶν
792 4190 851 4243 ὲν
884 4193 950 4261 τῇ
986 4191 1202 4262 Παλαιᾷ
1228 4191 1442 4267 Γραφῇ,
1474 4191 1581 4243 εἴτε
1619 4189 1726 4243 τῶν
1766 4192 1823 4243 ὲν

253 4282 365 4343 τοῖς
405 4280 776 4349 Εὑαγγελίοις.
810 4280 995 4334 Ταῦτα
1024 4282 1130 4353 γὰρ
1159 4282 1341 4353 δεήσει
1376 4283 1519 4351 ὑμᾶς
1554 4283 1679 4346 τοὺς
1715 4281 1823 4336 τῶν

256 4372 421 4441 ἐθνῶν
450 4374 696 4444 κήρυκας
734 4374 814 4437 εἰς
856 4373 1033 4428 πάντα
1075 4373 1143 4427 τά
1183 4373 1310 4443 ἔθνη
1352 4373 1654 4431 διαδοῦναι·
1703 4373 1824 4425 ἐπεὶ

258 4464 331 4534 μὴ
373 4464 633 4541 πρότερον
675 4463 811 4517 αὑτά
853 4464 1004 4535 ποιρά
1041 4481 1184 4528 τινος
1230 4464 1386 4519 ἄλλου
1421 4465 1819 4536 μεμαθήκασιν.

1942 626 2044 680 bus
2075 625 2333 695 pretiosis
2357 624 2556 696 agitur,
2593 625 2779 693 peritis
2807 632 2892 680 est
2916 640 3076 695 opus,
3107 634 3162 681 et
3188 625 3235 681 si
3265 627 3512 682 urinato-

1941 733 2031 773 res
2062 717 2234 771 multa
2266 717 2497 773 scientia
2528 725 2725 788 egent,
2754 718 2925 773 multo
2950 718 3123 789 magis
3149 733 3271 773 cum
3303 718 3370 773 de
3398 717 3510 774 Deo

1940 810 2138 880 agitur.
2180 807 2345 863 Multa
2371 809 2515 863 enim
2543 809 2929 878 impedimento
2949 817 3077 866 sunt
3101 809 3395 879 quominus
3420 810 3515 887 in-_

1939 900 2213 965 veniatur,
2272 901 2612 971 negotiorum
2670 900 2964 965 tumultus,
3012 901 3197 956 carnis
3245 890 3516 963 insultus,’

1940 995 2245 1047 animarum
2286 994 2483 1057 morbi,
2530 993 2835 1047 daemonum
2866 992 3099 1059 insidiae,
3132 994 3297 1047 animi
3328 994 3509 1063 segni-

1939 1084 2077 1152 ties;
2103 1086 2149 1140 si
2176 1085 2261 1141 his
2282 1086 2536 1140 omnibus
2564 1086 2882 1150 liberemur,
2901 1086 3303 1156 quamprimum
3327 1088 3507 1157 ipsum

1938 1176 2299 1243 inveniemus,
2357 1177 2619 1231 malitiam
2656 1192 2945 1246 ponemus,
2986 1183 3041 1232 et
3088 1179 3345 1233 virtutem
3390 1164 3513 1231 am?

1936 1268 2297 1339 plexabimur.
2333 1267 2458 1322 Haac
2490 1269 2689 1338 quippe
2718 1268 2807 1321 via
2835 1274 2919 1323 est
2949 1268 3041 1323 illo
3083 1269 3333 1324 tendens.
3365 1267 3507 1335 Quid

1934 1375 2065 1430 ergo
2088 1368 2171 1415 est
2227 1360 2321 1413 illa
2373 1359 2691 1429 inquisitio?
2731 1357 3046 1428 frequenter
3084 1359 3236 1413 illum
3264 1358 3506 1429 cogitare

1932 1460 1988 1509 et
2009 1452 2192 1507 animo
2219 1467 2443 1508 versare
2476 1470 2489 1506 :
2525 1467 2650 1515 nam
2696 1451 2790 1521 qui
2823 1451 3037 1521 quaerit,
3089 1451 3145 1505 in
3180 1451 3296 1521 ipsa
3324 1456 3506 1505 mente

1932 1542 2078 1613 quod
2108 1542 2311 1613 quaerit-
2342 1543 2525 1598 liabet.

2004 1636 2238 1702 Quaerite
2260 1635 2543 1689 Dominum
2560 1645 2607 1688 et
2626 1634 3011 1705 conﬁrmamini
3036 1648 3053 1685 :
3074 1633 3289 1703 quaerite
3313 1632 3507 1700 faciem

1930 1727 2044 1795 ejus
2073 1742 2293 1795 semper.
2326 1724 2469 1792 Quid
2497 1733 2582 1781 est
2621 1726 2909 1782 Dominum
2962 1724 3247 1795 quaerere?
3281 1739 3401 1793 quae
3435 1723 3501 1777 ad

1933 1818 2083 1872 illum
2104 1817 2377 1887 pertinent
2403 1831 2615 1886 sapere,
2633 1816 2700 1872 de
2722 1817 2814 1870 illo
2838 1831 3054 1886 semper
3083 1814 3345 1885 cogitare,
3376 1828 3502 1867 eum

1932 1910 1987 1963 in
2014 1917 2194 1963 mente
2218 1923 2432 1978 semper
2454 1923 2693 1971 versare,
2725 1923 3003 1978 nunquam
3028 1922 3153 1961 cum
3174 1922 3241 1962 eo
3261 1921 3356 1975 per
3378 1892 3505 1960 ora-

1932 1999 2134 2054 tionem
2156 2007 2211 2054 et
2227 1999 2370 2052 bona
2396 2013 2561 2069 opera
2592 1998 2956 2054 conversandi
2982 1998 3143 2053 finem
3173 1996 3371 2052 facere.
3397 1996 3502 2063 Qui

1932 2098 2112 2153 autem
2168 2089 2346 2159 ipsum
2395 2089 2699 2159 inquirunt,
2742 2088 2928 2143 invicti
2994 2096 3049 2143 et
3101 2086 3501 2157 insuperabiles

1929 2185 2109 2235 erunt.
2146 2179 2282 2234 Cum
2333 2178 2498 2247 igitur
2543 2193 2724 2233 sermo
2774 2178 3016 2247 gentium
3055 2191 3334 2248 praecones
3365 2178 3502 2231 inci-

1930 2277 2101 2325 tasset
2132 2280 2191 2324 ut
2217 2268 2505 2324 Dominum
2544 2270 2800 2325 alacriter
2823 2270 3193 2341 exquirerent,
3220 2283 3368 2323 nunc
3393 2283 3503 2321 ma-

1929 2362 2012 2432 gis
2053 2362 2332 2432 magisque
2361 2361 2645 2416 conﬁrmat
2674 2362 2793 2417 illos
2817 2360 3003 2417 dicens
3030 2382 3042 2416 :
3073 2360 3499 2431 Conﬁrmamim',

1930 2453 1985 2508 id
2018 2461 2122 2517 est,
2146 2451 2224 2507 Ne
2252 2453 2488 2507 molliter
2516 2452 2570 2507 in
2600 2453 2692 2507 illo
2722 2454 3014 2522 quaerendo
3042 2452 3241 2523 agatis.
3279 2450 3369 2505 Sic
3398 2465 3500 2503 au-

1927 2551 2037 2599 tem
2071 2544 2220 2616 ipsos
2251 2544 2566 2615 alloquitur,
2600 2552 2660 2598 ut
2690 2545 2887 2599 robore
2910 2559 2974 2599 ac
3015 2543 3217 2598 virtute
3250 2540 3500 2612 indigen-

1928 2643 2033 2701 tes,
2067 2652 2174 2707 quo
2206 2637 2328 2692 illos
2368 2636 2432 2691 ad
2476 2636 2689 2706 jussum
2746 2636 3113 2707 peragendum
3157 2634 3441 2690 conﬁrmet
3483 2650 3496 2685 :

1926 2737 2045 2784 erat
2070 2744 2234 2799 porro
2262 2728 2417 2794 illud,
2449 2737 2513 2785 ut
2534 2729 2786 2799 gentibus
2811 2729 3188 2799 praedicarent,
3217 2725 3422 2781 Graecis
3445 2734 3501 2780 et

1925 2820 2196 2883 barbaris,
2244 2820 2544 2875 secundum
2583 2819 2717 2875 illud
2752 2836 2765 2871 :
2810 2819 3065 2873 Dominus
3111 2818 3257 2872 dabit
3285 2816 3496 2873 verbum

1924 2913 2399 2983 evangelizantibus
2418 2914 2608 2967 virtute
2637 2914 2806 2967 multa
2826 2913 2892 2967 “.
2911 2913 3184 2983 Docetque
3208 2927 3316 2982 quo
3334 2918 3497 2981 pacto

1925 3020 2169 3075 qumrere
2199 3005 2351 3058 illum
2387 3013 2656 3075 oporteat,
2704 3015 2756 3061 et
2782 3004 2927 3076 quod
2956 3020 3065 3060 non
3079 3004 3245 3059 semel
3266 3011 3359 3058 aut
3386 3002 3493 3067 bis,

1927 3097 2022 3153 sed
2047 3114 2143 3168 per
2175 3106 2343 3153 totam
2366 3098 2555 3163 vitam,
2587 3114 2885 3169 supernum
2920 3097 3182 3152 auxilium
3207 3094 3495 3166 exquirere

1926 3204 2064 3260 opus
2097 3190 2189 3257 sit,
2249 3199 2412 3259 atque
2453 3190 2582 3246 hinc
2627 3193 2915 3245 utilitatem
2954 3204 3168 3260 capere.
3210 3186 3496 3243 Subsumit

1925 3280 2120 3337 deinde
2146 3299 2160 3335 :
2186 3279 2420 3346 Quwrite
2453 3281 2641 3350 [aciem
2671 3283 2784 3349 ejus
2812 3297 3029 3350 semper.
3050 3280 3169 3335 Non
3203 3293 3286 3335 ter
3315 3280 3371 3334 in
3397 3294 3497 3333 an-

1926 3386 2018 3437 no,
2042 3377 2102 3425 ut
2132 3372 2187 3425 in
2219 3372 2333 3443 lege
2353 3371 2553 3443 Moysis
2584 3370 2879 3439 ferebatur,
2906 3372 2960 3427 in
2992 3379 3348 3440 conspectum
3373 3370 3495 3440 ejus

1927 3463 2234 3530 venientes,
2278 3463 2373 3519 sed
2401 3480 2496 3535 per
2533 3472 2702 3519 totum
2730 3464 2915 3518 vitam.
2966 3462 3183 3529 Faciem
3230 3478 3361 3517 vero
3407 3461 3496 3516 hic

1924 3562 2082 3610 vocat
2110 3554 2230 3626 ejus
2286 3554 2600 3620 ad\entum,
2645 3554 3033 3619 visitationem,
3071 3552 3492 3624 providentiam,

1924 3661 2134 3715 curam,
2161 3647 2444 3712 auxilium,
2464 3645 3336 3719 commilitium,benevolentiam.
3359 3642 3493 3697 Nam

1926 3740 2243 3795 substantiae
2266 3740 2385 3809 ejus
2415 3739 2606 3795 faciem
2632 3754 2794 3793 nemo
2820 3737 3026 3807 videbit
3046 3744 3099 3793 et
3125 3736 3285 3792 vivet.
3304 3734 3495 3792 Facies

1924 3832 2054 3888 item
2082 3834 2202 3903 ejus
2228 3840 2311 3889 est
2348 3831 2541 3888 Filius.

2005 4009 2170 4069 Vens.
2226 4011 2278 4066 5.
2318 4010 2630 4066 Mementote
2666 4008 3003 4073 mirabilium
3036 4010 3148 4082 ejus
3196 4024 3312 4080 qua:
3351 4008 3493 4077 fecit,
3576 4016 3579 4019 ’

1923 4102 2163 4173 prodigia
2207 4103 2319 4171 ejus
2363 4111 2412 4157 et
2451 4101 2660 4171 judicia
2690 4103 2798 4155 oris
2848 4100 3136 4164 eius;sive
3161 4099 3249 4153 illa
3285 4112 3405 4167 qua:
3438 4098 3495 4151 in

1926 4193 2104 4249 Veteri
2144 4194 2448 4265 Scriptura,
2474 4195 2589 4257 sive
2615 4195 2707 4249 illa
2724 4209 2844 4267 qua:
2864 4195 2920 4248 in
2952 4191 3259 4263 Evangeliis
3290 4205 3496 4245 memo-

1872 4326 1880 4337 .
1924 4296 2135 4341 rantur.
2177 4284 2301 4341 Haec
2320 4286 2465 4340 enim
2489 4302 2628 4357 opus
2657 4288 2762 4342 erit
2804 4301 2902 4342 vos
2941 4284 3184 4357 gentium
3216 4296 3496 4353 praecones

1925 4378 2180 4433 omnibus
2230 4378 2479 4448 gentibus
2525 4378 2773 4445 tradere;
2809 4376 3028 4448 quando
3079 4375 3183 4429 illze
3230 4389 3294 4429 ea
3332 4387 3362 4425 a
3398 4387 3499 4425 ne-

1926 4471 2072 4527 mine
2119 4472 2348 4526 antehac
2384 4473 2745 4531 edidicerunt.
2802 4471 3147 4550 Quaecunque
3199 4468 3361 4538 igitur
3399 4464 3513 4521 Dei

254 4556 394 4608 Ὅσα
424 4556 602 4608 τοίνυν
645 4555 1071 4641 ὲνανθρωπήσας
1096 4556 1124 4608 ὁ
1154 4556 1323 4625 Λόγος
1359 4556 1682 4627 διεπράξατο
1713 4558 1823 4619 τοῖς

1929 4557 2164 4615 Verbum
2182 4561 2522 4615 incarnatum
2542 4561 2767 4632 peregit,
2785 4576 2908 4615 cum
2922 4558 3159 4629 antiquis
3180 4556 3492 4626 conjuncta,

253 4646 503 4710 παλαιοῖς
554 4646 687 4717 ὁμοῦ
743 4646 1107 4717 συνάψαντες,
1166 4647 1439 4718 μνήσθητε
1490 4646 1824 4719 παραδοῦναι

252 4741 365 4802 τοῖς
409 4738 637 4793 ἔθνεσιν.
681 4740 946 4796 Ἐνταῦοά
991 4758 1080 4812 μοι
1107 4724 1254 4793 δοκεῖ
1277 4739 1373 4811 τὴν
1403 4739 1518 4799 ὁδὸν
1554 4740 1824 4795 δεικνύναι

253 4831 319 4893 δι’
352 4826 419 4903 ἦς
449 4831 668 4886 δυνατὸν
694 4832 788 4895 καὶ
822 4818 1119 4903 ζητεῖνκαὶ
1149 4834 1328 4905 εὑρεῖν
1359 4832 1450 4886 τὸν
1479 4831 1629 4893 Θεόν.
1655 4831 1751 4895 Τίς
1767 4831 1825 4885 δὲ

254 4927 288 4996 ή
317 4923 460 4989 ὁδός;
484 4925 545 4976 τὸ
571 4924 829 4996 διηνεκῶς
862 4927 953 4979 ἐπὶ
980 4927 1200 4998 μνήμης
1227 4927 1411 4997 φέρειν
1436 4925 1506 4978 τά
1546 4924 1825 4997 παράδοξα

257 5014 417 5069 αὑτοῦ
462 5015 617 5087 ἔργα,
660 5017 753 5083 καὶ
800 5017 924 5080 τοὺς
958 5017 1153 5088 νόμους
1199 5019 1292 5070 καὶ
1341 5018 1437 5081 τὰς
1465 5017 1711 5083 ἐντολάςο
1746 5018 1825 5071 διὸ

254 5108 467 5176 ἐπάγει,
505 5108 579 5161 Τὰ
604 5107 814 5176 τέρατα
845 5108 1030 5163 αὑτοῦ
1059 5109 1157 5163 καὶ
1182 5109 1253 5163 τὰ
1281 5109 1538 5179 κρίματα
1557 5110 1662 5164 τοῦ
1686 5110 1827 5164 στό-

257 5215 436 5265 ματος
477 5199 693 5253 αὐτοῦ·
743 5200 941 5272 τέρατα
990 5202 1087 5271 μὲν
1130 5200 1229 5265 τὰς
1274 5201 1598 5273 θεοσημείας
1630 5203 1823 5270 λέγων,

258 5289 493 5362 κρίματα
517 5291 573 5344 δὲ
613 5290 713 5355 τὰς
752 5292 1076 5361 ἀποφάσεις,
1107 5293 1206 5356 τὰς
1259 5292 1498 5357 ἐντολὰς,
1528 5293 1561 5365 ἢ
1594 5292 1662 5346 τὰ
1692 5294 1826 5348 ἐνδί-

259 5398 367 5443 κως
402 5381 498 5434 καὶ
537 5381 712 5453 κρίσει
757 5382 941 5453 δικαίᾳ
996 5382 1102 5435 ὑπὸ
1153 5382 1246 5436 τοῦ
1297 5381 1431 5436 Θεοῦ
1485 5383 1825 5455 γεγενημένα

260 5469 530 5541 θαύματα.
561 5473 695 5525 Ποῖα
717 5471 773 5525 δὲ
802 5472 1025 5543 τέρατα,
1056 5473 1177 5527 εἰπέ
1204 5490 1321 5544 μοι;
1346 5473 1426 5527 Τὰ
1446 5475 1503 5527 ὲν
1544 5473 1821 5544 Αἰγύπτῳ,

262 5561 325 5615 τὰ
375 5562 511 5632 μετά
546 5564 644 5635 τὴν
695 5564 988 5633 Αἴγυπτον,
1027 5565 1097 5618 τὰ
1147 5567 1252 5636 πρὸ
1294 5567 1391 5637 τῆς
1436 5566 1730 5635 Αἰγύπτου,
1757 5566 1827 5619 τὰ

263 5653 401 5724 μετὰ
430 5654 528 5725 τήν
572 5656 872 5727 παρουσίαν
912 5657 1006 5730 τὴν
1054 5658 1236 5714 αὑτοῦ.
1276 5660 1460 5715 Πάντα
1502 5659 1611 5731 γὰρ
1653 5660 1823 5715 ταῦτα

330 5837 379 5883 υ
417 5837 555 5901 Psal.
594 5857 768 5907 mn,
802 5840 895 5909 12,

1925 4654 2178 4725 gentibus
2196 4654 2413 4709 tradere
2434 4654 2809 4719 memineritis.
2829 4652 2929 4707 Hic
2949 4651 3162 4707 videtur
3187 4648 3322 4702 mibi
3349 4647 3495 4701 viam
3508 4704 3517 4711 γ,

1925 4742 2213 4798 ostendere
2243 4758 2348 4813 qua
2380 4743 2654 4813 possimus
2690 4742 2859 4797 Deum
2888 4754 3131 4811 quazrere
3152 4748 3205 4793 et
3227 4737 3491 4792 invenire.

1926 4833 2181 4900 Quaenam
2201 4834 2291 4888 illa
2316 4834 2441 4888 via?
2465 4833 2734 4911 Perpetuo
2759 4834 2815 4889 in
2844 4832 3107 4888 memoria
3144 4830 3361 4886 volvere
3385 4826 3493 4881 mi-

1926 4928 2117 4982 rabilia
2166 4928 2286 4998 ejus
2332 4942 2496 5005 Opera
2523 4969 2538 4995 ,
2572 4929 2718 5001 leges
2751 4936 2806 4983 et
2828 4933 3094 4999 praecepta
3122 4941 3134 4975 :
3166 4937 3334 4994 quare
3361 4920 3495 4977 sub-

1924 5018 2027 5081 dit,
2058 5017 2313 5089 Prodigia
2334 5018 2449 5097 ejus
2480 5028 2526 5073 et
2549 5019 2747 5083 iudicia
2775 5020 2883 5074 oris
2923 5018 3059 5088 ejus.
3092 5013 3345 5085 Prodigia
3379 5011 3495 5083 qui-

1926 5109 2048 5165 dem
2088 5109 2274 5175 divina
2324 5111 2480 5181 signa
2531 5111 2750 5178 dicens;
2777 5109 2983 5180 judicia
3011 5123 3163 5171 vero,
3190 5106 3407 5161 decreta
3440 5111 3495 5159 et

1926 5216 2214 5272 praecepta,
2239 5203 2353 5258 sive
2382 5218 2468 5268 ea,
2509 5219 2630 5273 qua:
2657 5202 2725 5256 ad
2756 5203 3016 5257 ultionem
3045 5201 3196 5271 justo
3232 5196 3439 5269 judicio
3462 5209 3503 5265 ap

1926 5295 2035 5349 Deo
2063 5302 2270 5363 patrata
2295 5300 2444 5357 sunt,
2469 5293 2755 5349 mirabilia.
2777 5295 2907 5359 Qum
2924 5290 3191 5363 prodigia,
3217 5288 3305 5343 dic
3324 5286 3494 5340 mihi?

1925 5386 2055 5452 Qua:
2106 5387 2157 5438 in
2191 5384 2443 5457 Egypto,
2482 5400 2603 5455 quae
2656 5392 2783 5440 ante
2828 5393 2882 5439 et
2918 5391 3041 5453 post
3086 5380 3385 5451 profectum
3436 5378 3492 5432 in

1928 5479 2241 5549 IEgyptum,
2276 5494 2397 5549 quae
2446 5485 2569 5548 post
2619 5477 2909 5532 adventum
2951 5477 3091 5546 ejus.
3127 5474 3252 5528 Ηωο
3292 5473 3492 5542 quippe

1927 5572 2109 5627 omnia
2136 5571 2453 5626 admiranda
2485 5578 2538 5627 et
2572 5572 2836 5640 stupenda
2864 5584 3028 5638 opera
3059 5573 3208 5630 sunt,
3232 5580 3353 5637 qua:
3394 5565 3489 5618 hu-

1926 5679 2148 5721 manum
2211 5670 2427 5735 captum
2483 5670 2761 5735 superant.
2824 5660 2949 5718 Sive
2968 5659 3215 5732 prodigia
3248 5656 3519 5729 quidemk
