4014 6410
542 415 685 472 1305
1169 413 1440 471 EUSEBII
1473 414 1954 470 CESAlllENSlS
1992 416 2142 471 OPP.
2187 415 2370 471 PARS
2410 416 2497 471 Ill.
2540 448 2608 457 —
2646 415 3053 471 EXEGETICA.
3702 405 3883 461 1504

538 536 688 591 edita
747 537 1033 599 miracula,
1064 545 1122 590 ut
1153 539 1433 594 ambulare
1457 554 1625 610 supra
1670 555 1840 603 mare,
1875 549 2123 596 mortuos

2237 541 2520 613 θαυμαστά
2552 543 2646 596 καὶ
2688 538 2963 611 παράδοξα
2994 536 3311 609 πράγματα,
3361 534 3456 586 καὶ
3483 528 3881 586 ἀκολουθίαν

542 628 834 693 suscitare,
864 640 917 683 et
946 630 1145 684 similia
1173 648 1187 696 ;
1213 630 1424 699 judicia
1446 640 1628 686 autem
1642 634 1757 686 oris
1779 631 1923 701 ejus,
1960 633 2124 687 verba

2237 634 2573 705 ivbpwnlv'qv
2612 633 3026 705 ὑπερϐαίνοντα.
3055 630 3128 684 Ἦ
3170 626 3372 698 τέρατα
3415 627 3511 697 μὲν
3550 624 3627 677 τὰ
3671 638 3882 691 γεγε-

542 736 663 791 qum
689 721 905 775 dicebat
937 736 1063 776 cum
1117 722 1361 792 impuros
1392 722 1668 778 όιυιιιοιιεε
1694 739 1760 778 ex
1810 724 2124 780 hominibus

2237 728 2433 797 νημένα
2460 726 2733 796 θαύματα,
2767 724 2843 787 ὡς
2870 724 2929 776 τὸ
2966 722 3335 794 περιπατῆσαι
3365 721 3455 772 ἐπὶ
3482 719 3587 788 τῆς
3615 714 3881 769 Baldon-

543 814 796 886 pelleret;
821 814 904 869 vel
932 822 1199 885 praecepta
1229 813 1363 869 Novi
1400 815 1754 871 Testamenti.
1797 814 1911 871 lino
1943 818 2125 887 potius

2237 837 2350 890 της,
2379 820 2473 872 καὶ
2499 819 2691 890 νεκρὸν
2719 819 3043 889 ἀναστῆσαι,
3072 817 3165 869 καὶ
3189 815 3258 868 τὰ.
3279 812 3501 867 τοιαῦτα
3521 828 3536 841 ·
3570 810 3881 879 κρίματα

544 908 649 960 hoc
694 906 815 961 loco
878 906 1093 961 videtur
1142 907 1276 961 mihi
1304 908 1511 978 judicia
1551 924 1748 964 vocare
1776 910 1945 980 leges,
1990 925 2127 979 quas

2237 911 2284 965 δὲ
2306 910 2399 964 τοῦ
2428 910 2695 982 στόματος
2719 910 2886 964 αὑτοῦ
2920 911 3045 972 τοὺς
3077 908 3269 975 λόγους
3294 904 3387 968 οὓς
3423 903 3643 971 ἔλεγεν,
3680 898 3881 952 ἐλαύ-

2229 1021 2335 1057 νων
2362 1004 2469 1056 τῶν
2498 1002 2799 1075 ἀνθρώπων
2826 1003 2948 1066 τοὺς
2981 1001 3321 1069 ἀκαθάρτους
3352 996 3646 1067 δαίμονας,
3685 991 3732 1061 ἢ
3766 990 3879 1045 καὶ

2229 1100 2327 1162 τὰς
2376 1098 2594 1160 ἐντολάς
2627 1097 2724 1167 τῆς
2771 1097 2976 1166 Καινῆς
3008 1094 3302 1165 Διαθήκης.
3353 1091 3580 1146 Μᾶλλον
3631 1090 3709 1142 δὲ
3768 1089 3873 1141 ὲν-

2228 1190 2404 1245 ταῦθά
2438 1207 2527 1260 μοι
2555 1190 2702 1244 δοκεῖ
2737 1188 2984 1260 κρίματα
3020 1190 3149 1252 τοὺς
3198 1187 3393 1256 νόμους
3442 1182 3661 1253 λέγειν,

2230 1284 2289 1341 ὲν
2312 1282 2547 1355 οὐρανῷ,
2580 1284 2707 1345 τοὺς
2732 1282 2791 1335 ὲν
2828 1284 2922 1351 γῇ,
2957 1281 3083 1343 τοὺς
3119 1282 3177 1332 ὲν
3208 1278 3471 1349 θαλάσσῃ.
3500 1276 3588 1331 Οὐ
3625 1276 3765 1345 γὰρ
3796 1273 3871 1343 δὴ

2234 1375 2395 1446 μόνος
2451 1372 2737 1444 ἄνθρωπος
2796 1370 2957 1424 ἔλαϐε
3015 1370 3199 1440 νόμον,
3256 1367 3391 1421 ἀλλά
3438 1365 3505 1418 τά
3568 1362 3871 1433 ὁρώμενα

2233 1466 2484 1519 ἀπανταο
2525 1467 2559 1536 ή
2591 1464 2834 1518 Θάλασσα
2866 1462 2927 1516 τὸ
2962 1462 3036 1533 μὴ
3080 1459 3426 1531 ὑπερϐαίνειν
3465 1458 3605 1518 τοὺς
3654 1455 3869 1520 αἰγια-

2233 1560 2389 1621 λούς·
2422 1556 2492 1610 τά
2512 1557 2615 1628 ὅρη
2638 1556 2700 1611 τὸ
2729 1554 3057 1625 πεπηγέναι,
3089 1554 3122 1621 ἡ
3149 1552 3219 1622 γῆ
3247 1551 3307 1604 τὸ
3339 1548 3590 1609 ἑστάναι,
3622 1546 3654 1597 ὁ
3685 1544 3869 1614 ἣλιος

548 1642 752 1713 quippe
804 1645 922 1699 suis
968 1645 1179 1715 legibus
1210 1646 1685 1703 administrantur.
1719 1647 1784 1703 Et
1812 1648 1925 1705 haec
1947 1651 2132 1705 omnia

2237 1652 2294 1704 τὸ
2328 1651 2563 1722 τρέχειν,
2598 1650 2633 1720 ή
2668 1649 2869 1718 σελήνη
2896 1648 2995 1719 τὴν
3038 1645 3175 1699 ἰδίαν
3204 1642 3474 1708 εὐταξίαν,
3508 1642 3543 1693 ὁ
3584 1635 3868 1737 mutili»;

550 1737 835 1808 praeceptis
894 1736 1038 1793 facta
1088 1746 1238 1803 sunt,
1271 1755 1392 1812 quae
1429 1756 1525 1797 ore
1568 1742 1941 1800 declarantur.
1974 1742 2133 1810 Qum.

2237 1745 2341 1799 τῶν
2376 1744 2621 1817 ἀστέρων
2647 1742 2827 1813 χορὸς,
2874 1742 2908 1811 ή
2948 1740 3109 1809 φύσις
3144 1738 3254 1791 τῶν
3298 1736 3595 1807 σωμάτων,
3646 1733 3686 1799 ἡ
3743 1733 3867 1781 τῶν

549 1846 767 1899 cunque
815 1845 947 1900 ergo
1007 1846 1072 1887 os
1130 1832 1324 1901 ipsius,
1350 1834 1467 1890 sive
1512 1850 1609 1904 per
1655 1834 1844 1902 Vetus,
1890 1836 2005 1892 sive
2038 1852 2133 1907 per

2240 1838 2444 1908 φυτῶν,
2479 1840 2513 1909 ἠ
2558 1836 2668 1889 τῶν
2716 1836 2946 1903 ἀλόγων,
2985 1836 3020 1905 ή
3060 1833 3170 1888 τῶν
3211 1832 3384 1888 ἄλλων
3424 1828 3697 1881 ἁπάντων
3722 1840 3741 1854 ·
3783 1825 3854 1874 oi-

548 1917 760 1974 Novum
796 1918 1514 1992 Testamentumjudicavit,
1542 1940 1606 1980 ea
1636 1928 1967 1993 connectite,
1997 1944 2133 1999 gen-

2239 1931 2405 1992 κείοις
2455 1926 2565 1996 γὰρ
2624 1928 2840 1981 ἅπαντα
2879 1926 3157 1979 διοικεῖται
3211 1924 3414 1993 νόμοις.
3472 1918 3591 1972 Καὶ
3658 1914 3859 1969 ταῦτα

544 997 660 1051 sive
681 996 737 1050 in
793 997 954 1063 coalo,
992 996 1108 1052 sive
1161 998 1215 1052 in
1262 1008 1428 1062 terra,
1471 1000 1586 1053 sive
1634 999 1691 1053 in
1737 1000 1874 1052 mari
1921 1000 2123 1069 posuit.

542 1088 732 1159 Neque
762 1089 909 1145 enim
940 1091 1092 1145 solus
1133 1090 1295 1145 homo
1337 1091 1509 1162 legem
1530 1092 1772 1162 accepit;
1813 1092 1910 1147 sed
1945 1094 2129 1147 omnia

544 1180 819 1248 visibilia;
866 1197 1036 1245 mare,
1074 1198 1142 1236 ne
1172 1197 1301 1238 oras
1341 1183 1848 1254 transgrederetur;
1890 1192 2127 1249 montes,

548 1284 607 1326 ut
635 1272 950 1343 ﬁgerentur,
984 1282 1130 1328 terra
1164 1282 1223 1328 ut
1254 1283 1448 1342 staret,
1483 1276 1566 1331 sol
1606 1284 1665 1331 ut
1698 1285 1964 1344 curreret,
2000 1278 2131 1333 luna

549 1366 832 1436 proprium
852 1374 909 1420 ut
929 1366 1178 1422 ordinem
1212 1376 1457 1424 servaret
1478 1387 1493 1435 ;
1521 1370 1707 1425 varius
1728 1370 1818 1427 ille
1850 1371 2131 1427 stellarum

549 1458 773 1521 chorus,
798 1473 1111 1529 corporum,
1144 1460 1477 1529 plantarum,
1513 1461 1797 1517 brutorum
1829 1472 2047 1529 natura,
2072 1470 2133 1518 ut

548 1558 604 1605 et
667 1551 899 1605 aliorum
968 1553 1248 1617 omnium,
1302 1554 1476 1624 legem
1540 1556 1752 1625 accepit
1809 1575 1820 1609 :
1875 1556 2133 1613 universa

549 2011 697 2066 tibus
717 2014 1111 2083 praecipientes,
1137 2024 1197 2069 ut
1217 2016 1426 2084 judicia
1451 2017 1572 2087 ejus
1586 2020 1744 2089 quasi
1774 2022 1955 2092 regias
1987 2022 2136 2092 leges

549 2106 885 2161 custodiant.
937 2106 1150 2163 Iudicia
1198 2126 1363 2180 porro
1399 2113 1671 2185 intelligas
1712 2130 1800 2180 ea,
1840 2131 1962 2187 qua:
1986 2116 2138 2187 justo

549 2198 764 2252 calculo
810 2199 1138 2257 mirabiliter
1164 2203 1313 2258 edita
1338 2215 1486 2261 sunt.
1514 2204 1648 2261 Nam
1684 2208 1811 2277 quia
1841 2224 1904 2264 ea
1928 2225 2049 2279 quae
2079 2210 2136 2265 in

552 2287 790 2360 Egypto
818 2300 969 2361 gesta
996 2302 1127 2347 sunt
1161 2306 1489 2353 narraturus
1519 2306 1624 2358 est,
1663 2299 1935 2368 justitiam
1967 2302 2135 2355 ultio-

552 2380 640 2437 nis
674 2380 742 2435 de
792 2380 1064 2453 Egyptiis
1110 2395 1340 2456 sumpta:
1371 2387 1570 2444 docere
1610 2391 1925 2445 antevertit.
1960 2388 2137 2461 Opor-

551 2475 701 2530 tebat
727 2475 873 2529 enim
905 2492 1117 2541 omnes,
1152 2480 1244 2547 qui
1270 2482 1327 2533 in
1349 2490 1492 2535 terra
1520 2488 1667 2545 sunt,
1704 2481 1979 2544 homines,
2014 2482 2134 2553 ejus

548 2566 773 2636 judiciis
806 2570 1078 2633 subditos,
1111 2586 1289 2641 neque
1331 2580 1484 2643 gesta
1514 2572 1659 2642 ejus,
1697 2589 1873 2644 neque
1926 2574 2134 2644 judicia

2238 2022 2454 2075 ἀπαντα
2494 2020 2829 2089 ἐπιτάγμασι
2858 2016 3104 2085 γέγονεν,
3150 2016 3287 2086 ὅπερ
3314 2010 3574 2082 δηλοῦται
3606 2009 3707 2061 διὰ
3758 2005 3858 2058 τοῦ

2241 2112 2526 2181 στόματος.
2559 2112 2701 2163 Ὅσα
2727 2110 2907 2165 τοίνυν
2939 2110 3000 2163 τὸ
3037 2108 3212 2177 στόμα
3253 2103 3415 2159 αὑτοῦ
3451 2104 3704 2173 ἔκρινεν,
3738 2100 3855 2151 εἴτε

2238 2204 2329 2258 διά
2353 2205 2451 2273 τῆς
2483 2203 2749 2268 Παλαιᾶς,
2776 2204 2886 2257 εἴτε
2914 2201 3002 2255 διὰ
3025 2200 3124 2271 τῆς
3154 2198 3299 2260 Νέας
3315 2196 3600 2265 Διαθήκης
3628 2192 3855 2263 ἔκρινε,

2239 2298 2629 2367 ὲπισυνάψατε,
2684 2297 2974 2367 φυλάττειν
3021 2296 3099 2358 ὡς
3145 2293 3345 2364 νόμους
3391 2288 3721 2359 βασιλικοὺς
3785 2286 3855 2336 τὰ

2241 2395 2485 2465 κρίματα
2519 2393 2685 2447 αὑτοῦ
2716 2394 2829 2457 τοῖς
2860 2391 3037 2444 ἔθνεσι
3070 2384 3564 2459 παραγγέλλοντες.
3598 2380 3721 2448 Νοή
3734 2395 3853 2439 σεις

2237 2485 2296 2537 δὲ
2352 2484 2598 2555 κρίματα
2653 2484 2723 2537 τά
2781 2482 2969 2553 δικαίᾳ
3027 2480 3192 2551 ψήφῳ
3247 2472 3847 2546 θαυματουργηθέντα.

2250 2575 2466 2645 Ἐπειδὴ
2497 2574 2605 2645 γάρ
2628 2574 2696 2629 τὰ
2722 2576 2780 2626 ὲν
2800 2573 3061 2642 Αἰγύπτῳ
3090 2569 3271 2642 μέλλει
3292 2564 3626 2635 διηγεῖσθαι,
3654 2562 3851 2632 προδι-

552 2661 675 2731 ejus
709 2662 980 2732 ignorare.
1016 2663 1229 2730 Quibus
1252 2665 1477 2733 judiciis
1512 2680 1620 2719 non
1643 2666 1820 2720 solum
1848 2665 2131 2721 Iudaicam

2237 2664 2425 2718 δάσκει
2451 2665 2549 2735 τῆς
2580 2663 2891 2732 Αἰγυπτίων
2916 2661 3187 2732 τιμωρίας
3210 2659 3271 2712 τὸ
3294 2657 3521 2710 δίκαιον.
3552 2653 3711 2707 Ἔδει
3736 2651 3849 2719 γὰρ

553 2760 790 2821 gentem,
808 2755 904 2808 sed
926 2756 1091 2809 etiam
1107 2771 1300 2811 omnes
1328 2756 1385 2809 in
1402 2764 1548 2811 terra
1577 2757 1826 2813 homines
1847 2760 2133 2814 vocatione

2240 2757 2445 2821 πάντας
2485 2758 2611 2820 τοὺς
2649 2757 2741 2809 ἐπὶ
2782 2755 2886 2825 γῆς
2927 2752 3245 2825 ἀνθρώπους
3288 2747 3694 2818 ὑποκειμένους
3730 2746 3847 2805 τοῖς

554 2858 656 2897 sua
686 2842 903 2914 dignari
930 2844 1192 2900 decrevit.

2239 2847 2403 2901 αὐτοῦ
2438 2849 2667 2919 κρίιιασι
2700 2848 2775 2919 μὴ
2805 2848 3020 2915 ἀγνοεῖν
3058 2847 3194 2917 μήτε
3220 2843 3287 2897 τά
3320 2841 3457 2913 ἔργα
3486 2838 3661 2892 αὐτοῦ
3700 2838 3843 2907 μήτε

552 2937 623 2991 τὰ
650 2939 894 3009 κρίματα
920 2939 1105 2996 αὑτοῦ.
1133 2941 1211 2992 Δι’
1234 2933 1309 2995 ὧν
1332 2943 1615 3014 χριμάτων
1639 2944 1698 2996 οὐ
1733 2945 1891 3015 μόνον
1918 2945 1979 2997 τὸ
2011 2945 2277 2998 Ἰουδαίων
2313 2944 2483 3009 ἔθνος,
2516 2943 2654 2997 ἀλλά
2693 2945 2787 2997 καὶ
2819 2944 3029 3005 πάντας
3066 2943 3193 3004 τοὺς
3232 2939 3325 2997 ἐπὶ
3354 2937 3460 3007 γῆς
3506 2933 3845 3004 ἀνθρώποκ

553 3032 735 3103 ἔκρινε
764 3036 861 3107 τῆς
890 3038 1061 3101 αὐτοῦ,
1083 3041 1327 3110 κλήσεως
1354 3038 1709 3102 καταξιῶσαι.

631 3152 792 3211 Vens.
823 3156 949 3220 6,7.
984 3156 1171 3212 Semen
1202 3157 1475 3211 Abraham
1510 3160 1646 3212 servi
1678 3158 1812 3229 ejus,
1847 3158 1949 3228 ﬁlii
1970 3156 2133 3212 Iacob

2313 3154 2555 3224 Σπέρμα
2615 3152 2861 3223 Ἀϐραὰμ
2914 3151 3122 3206 δοῦλοι
3179 3148 3387 3213 αὑτοῦ,
3447 3146 3573 3201 υἱοὶ
3641 3145 3846 3243 7a):qu

554 3245 703 3301 electi
732 3247 864 3316 ejus.
902 3246 1023 3317 Ipse
1052 3248 1309 3302 Dominus
1355 3246 1497 3304 Deus
1522 3258 1717 3305 noster.
1736 3249 2006 3315 Quoniam
2034 3266 2133 3303 non

2240 3247 2515 3301 ἐκλεκτοὶ
2563 3245 2771 3302 αὑτοῦ,
2824 3242 3020 3309 Αὐτὸς
3068 3242 3285 3311 Κύριος
3339 3242 3372 3293 ό
3426 3237 3579 3301 Θεὸς
3642 3236 3839 3303 ἡμῶν.

556 3354 733 3392 omnes
762 3340 853 3409 qui
877 3355 942 3394 ex
974 3339 1169 3405 Israel,
1227 3343 1267 3394 ii
1318 3350 1441 3394 sunt
1496 3340 1799 3407 Israelitw,
1853 3359 2015 3413 neque
2044 3345 2133 3413 qui

2250 3343 2402 3397 Ἐπεὶ
2438 3340 2525 3411 μὴ
2564 3340 2785 3405 πάντες
2830 3342 2885 3394 ol
2924 3337 2995 3403 ἐξ
3044 3334 3305 3404 Ἰσραὴλ,
3349 3328 3512 3387 οὗτοι
3561 3328 3836 3397 Ἰσραὴλ,

555 3447 730 3486 semen
791 3443 915 3487 sunt
967 3433 1215 3499 Abrahw,
1273 3451 1451 3489 omnes
1500 3434 1694 3503 ﬁlii";
1738 3436 1865 3505 jure
1910 3437 2133 3507 quidem

2237 3432 2387 3502 μηδὲ
2432 3432 2566 3485 ὅσοι
2616 3430 2734 3484 εἰσί
2778 3428 3019 3500 σπέρμα
3058 3425 3325 3494 Ἀϐραὰμ,
3362 3422 3594 3487 πάντες
3632 3419 3838 3507 resera,

558 3522 809 3581 Salvator
838 3535 1027 3583 noster
1052 3529 1253 3585 Iudaeis
1280 3533 1375 3602 qui
1407 3548 1474 3587 ex
1506 3531 1715 3587 semine
1752 3529 1986 3583 Abrahae.
2014 3545 2133 3585 esse

2237 3522 2462 3585 εἰκότως
2505 3522 2605 3592 μὲν
2630 3523 2658 3574 ὁ
2684 3519 2872 3591 Σωτὴρ
2904 3517 3060 3589 ήμῶν
3095 3518 3207 3579 τοῖς
3248 3517 3312 3566 ὲκ
3338 3512 3665 3602 σπέρματος
3699 3505 3839 3562 εἶναι

554 3620 953 3689 gloriabantur,
972 3623 1109 3677 dixit
1130 3644 1141 3678 :
1161 3622 1283 3679 Scio
1299 3601 1427 3695 quia
1454 3641 1624 3678 semen
1650 3622 1879 3677 Abrahae
1909 3623 2036 3676 estis
2065 3621 2133 3688 ⁸⁶;

2251 3613 2500 3684 Ἀϐραὰμ
2559 3612 2816 3682 αὐχοῦσιν
2879 3609 3155 3671 Ἰουδαίοις
3210 3607 3423 3675 ἔλεγεν⁸
3489 3601 3678 3669 Οἶδα,
3750 3605 3842 3659 ὅτι

554 3718 611 3764 et
644 3711 859 3777 iterum,
892 3712 952 3767 Si
1002 3714 1106 3781 ﬁlii
1160 3714 1391 3769 Abrahae
1428 3716 1577 3782 estis,
1602 3730 1759 3783 opera
1797 3713 2028 3768 Abrahae
2051 3714 2133 3783 fa-

2238 3706 2476 3775 σπέρμα
2510 3704 2755 3773 Ἁϐραάμ
2795 3704 2967 3757 ἐστε·
3007 3700 3104 3756 καὶ
3148 3700 3339 3755 πάλιν⁸
3374 3701 3443 3752 El
3486 3697 3679 3751 τέκνα
3730 3698 3839 3750 τοῦ

556 3802 657 3854 cite
684 3801 753 3868 ⁸⁷;
783 3802 858 3856 ita
894 3810 953 3856 ut
978 3804 1199 3873 quidam
1254 3805 1351 3859 lilii
1403 3807 1513 3860 sint
1555 3803 1789 3858 Abraha:
1822 3818 1917 3873 per
1954 3802 2133 3856 imita-

2252 3797 2496 3867 Ἀϐραὰμ
2536 3795 2660 3867 ἦτε,
2714 3795 2787 3849 τὰ
2822 3795 2967 3865 ἔργα
3011 3793 3119 3848 τοῦ
3161 3793 3408 3863 Ἀϐραὰμ
3455 3790 3687 3847 ποιεῖτε
3713 3810 3726 3822 ·
3768 3790 3841 3853 ὦς

556 3893 783 3955 tionem,
820 3894 913 3965 qui
962 3904 1016 3949 ct
1045 3896 1203 3950 electi
1244 3906 1551 3951 vocantur:
1586 3910 1712 3949 cum
1745 3895 1911 3965 aliqui
1950 3910 2133 3951 semen

2238 3910 2399 3946 τινων
2431 3892 2596 3949 τέκνα
2639 3891 2737 3961 μὲν
2772 3891 2940 3944 ὄντων
2965 3888 3066 3959 τοῦ
3102 3888 3354 3959 Ἀϐραὰμ
3398 3886 3486 3939 διά
3515 3888 3842 3957 μιμήσεως,

558 3997 771 4041 tantum
818 3989 938 4058 ejus
992 3991 1121 4054 sint,
1158 3997 1322 4059 atque
1357 3991 1478 4045 ideo
1526 3990 1750 4043 minime
1778 3990 1936 4044 electi
1977 4005 1990 4039 :
2024 4003 2133 4042 non

2240 3985 2288 4037 οἳ
2328 3985 2421 4037 καλ⁸
2465 3984 2710 4037 ἐκλεκτοὶ
2761 3984 3034 4054 εἴρηνται·
3075 3981 3237 4034 τινῶν
3280 3980 3337 4033 δὲ
3388 3978 3619 4049 σπέρμα
3674 3980 3843 4049 μόνον

557 4081 701 4133 enim
732 4096 917 4134 semen
942 4082 1176 4134 electum
1218 4081 1442 4144 dicitur,
1479 4082 1573 4137 sed
1616 4082 1733 4136 lilii.
1767 4081 1964 4135 Semen
2004 4094 2133 4135 vero

2240 4076 2409 4129 ὄντων
2442 4075 2628 4139 αὑτοῦ,
2660 4076 2754 4129 καὶ
2781 4074 2869 4127 δια
2906 4074 3062 4128 τοῦτο
3104 4071 3373 4127 ἐκλεκτῶν
3403 4071 3505 4123 οὐκ
3528 4070 3733 4123 ὄντων.
3766 4072 3841 4123 Οὐ

2240 4167 2348 4238 γὰρ
2376 4166 2435 4218 τὸ
2468 4165 2689 4236 σπέρμα
2730 4164 2983 4218 ἐκλεκτὸν
3021 4162 3236 4232 ἐλέχθη,
3272 4160 3386 4214 ἀλλ’
3416 4162 3464 4213 οἱ
3496 4159 3630 4213 υἱοί.
3668 4160 3751 4211 Τὸ
3788 4160 3842 4211 δὲ

2244 4259 2467 4329 σπέρμα
2497 4256 2672 4310 δοῦλοι
2702 4256 2891 4311 αὑτοῦ.
2930 4256 3081 4309 Ἐπεὶ
3112 4254 3291 4309 τοίνυν
3335 4255 3383 4305 οἱ
3429 4250 3525 4304 τοῦ
3570 4252 3843 4321 Σωτῆρος

2245 4352 2503 4421 μαθηταὶ,
2527 4352 2575 4404 οἱ
2597 4350 2708 4403 τῶν
2733 4348 2901 4402 ὲθνῶν
2922 4349 3201 4421 γενόμενοι
3244 4348 3507 4417 κήρυκες,
3530 4344 3845 4415 ἀμφότερα

2243 4440 2407 4514 εἶχον,
2438 4443 2532 4496 ἆτε
2575 4444 2668 4497 καὶ
2696 4442 2871 4497 δοῦλοι
2902 4444 3053 4505 ὀντες
3094 4440 3187 4493 καὶ
3216 4436 3460 4491 ἐκλεκτοί
3481 4454 3494 4466 ·
3523 4436 3658 4489 ὅθεν
3701 4438 3849 4508 πρὸς

2245 4538 2441 4599 αὐτοὺς
2471 4535 2752 4591 λέλεκται·
2788 4536 3031 4605 Σπέρμα
3074 4535 3320 4603 Ἀϐραὰμ
3363 4532 3573 4586 δοῦλοι
3616 4534 3844 4595 αὑτοῦ,

558 4186 605 4226 ε-
630 4180 688 4224 ιιι
742 4173 882 4227 servi
913 4173 1053 4241 ejus.
1096 4174 1235 4227 Cum
1280 4174 1463 4243 itaque
1504 4174 1759 4245 discipuli
1804 4173 2134 4238 Servatoris,

559 4262 803 4327 gentium
858 4278 1141 4331 prazcones
1190 4263 1392 4328 eﬂeeti,
1438 4272 1732 4335 utrumque
1786 4266 2134 4329 obtinerent,

559 4360 747 4422 utpote
781 4354 873 4422 qui
902 4364 956 4409 et
979 4358 1120 4410 servi
1146 4368 1332 4413 essent
1360 4369 1414 4413 et
1442 4361 1629 4427 electi;
1667 4362 1787 4415 ideo
1813 4360 2018 4415 dictum
2053 4369 2137 4416 est

559 4443 627 4496 ad
652 4459 746 4497 eos
778 4464 789 4499 :
826 4443 1011 4499 Semen
1041 4448 1310 4503 Abraham
1341 4452 1475 4504 servi
1496 4452 1631 4520 ejus,
1666 4453 1766 4521 ﬁlii
1788 4451 1955 4505 Iacob
1988 4453 2139 4506 electi

555 4533 688 4598 eius.
724 4532 862 4589 Huic
894 4544 1074 4590 autem
1106 4539 1276 4605 dicto,
1307 4540 1477 4595 Electi
1508 4542 1640 4610 ejus,
1667 4557 1953 4612 compares
1978 4543 2133 4607 illud,

560 4623 673 4679 llos
702 4624 1144 4697 duodecimelegit
1170 4627 1350 4695 Iesus,
1378 4641 1427 4685 et
1452 4631 1717 4699 apostolos
1750 4632 2041 4684 nominavit
2065 4631 2131 4697 ⁸⁸;

2240 4630 2357 4683 υἱοί
2393 4630 2591 4683 Ἰακὼϐ
2616 4630 2889 4684 ἐκλεκτοὶ
2910 4628 3120 4685 αὑτοῦ.
3151 4626 3297 4698 Πρὸς
3319 4626 3376 4678 δὲ
3403 4625 3485 4688 τὸ,
3516 4626 3847 4679 Ἑκλεκτοί

555 4726 610 4771 et
639 4718 793 4781 illud,
828 4717 880 4770 Ν
886 4736 1017 4773 onne
1042 4737 1135 4791 ego
1158 4738 1245 4775 vos
1262 4722 1534 4776 duodecim
1550 4722 1681 4792 elegi
1710 4722 1794 4775 "?
1824 4721 2133 4776 Electorum

2240 4720 2446 4786 αὑτοῦ,
2480 4722 2821 4794 παραθήσεις
2860 4722 2940 4787 τὸ,
2989 4722 3245 4785 Τούτους
3279 4717 3420 4783 τοὺς
3453 4715 3691 4769 δώδεκα
3743 4719 3847 4779 ἑξο

556 4823 689 4863 vero
713 4812 1082 4879 praastantiam
1114 4812 1468 4882 intelligimus
1499 4828 1563 4866 ex
1602 4813 1717 4876 illo,
1747 4810 1910 4865 Multi
1940 4814 2129 4877 vocati,

2242 4812 2491 4877 ελέξατο
2522 4817 2554 4868 ό
2588 4814 2835 4883 Ἰησοῦς,
2864 4814 2960 4867 καί
2984 4813 3364 4877 ἀποστόλους
3389 4810 3674 4879 ὠνόμασε
3698 4827 3715 4839 ·
3749 4812 3845 4863 καὶ

557 4903 713 4967 pauci
737 4920 853 4957 vero
881 4904 1111 4959 electi”.
1135 4904 1254 4974 Ipse
1277 4905 1531 4959 Dominus
1562 4905 1701 4959 Deus
1731 4915 1926 4969 noster,
1947 4907 1999 4959 in
2023 4907 2133 4958 uni-

2240 4905 2322 4970 τὸ,
2355 4908 2475 4960 οὐκ
2507 4906 2622 4976 ἐγὼ
2651 4905 2810 4976 ὑμᾶς
2851 4906 2993 4973 τοὺς
3037 4904 3267 4960 δώδεκα
3304 4900 3730 4971 ἐξελεξάμην;
3769 4904 3845 4955 Τὸ

558 5009 707 5047 uersa
738 5004 880 5048 terra
922 4995 1134 5064 judicia
1184 4997 1318 5065 ejus.
1350 4996 1466 5051 Non
1505 4997 1890 5065 ignorandum,
1934 4998 2131 5067 inquit,

2239 4998 2295 5051 δὲ
2330 4998 2605 5069 ἐξαίρετον
2638 4998 2743 5051 τῶν
2774 4997 3045 5051 ἐκλεκτῶν
3082 4999 3344 5068 νοήσομεν
3371 4995 3477 5049 ἀπὸ
3502 4994 3597 5046 τοῦ
3621 5012 3635 5023 ·
3670 4998 3843 5049 Πολ-

557 5082 738 5153 ipsum
770 5100 893 5141 esse
918 5086 1207 5141 Dominum
1234 5086 1401 5140 Deum
1430 5097 1698 5154 nostrum,
1724 5088 1815 5156 qui
1848 5089 2133 5157 providen-

2239 5092 2335 5144 λοὶ
2378 5092 2607 5159 κλητοὶ,
2650 5092 2840 5161 ὀλίγοι
2872 5090 2940 5143 δὲ
2984 5090 3278 5143 ἐκλεκτοί.
3313 5086 3505 5153 Αὐτὸς
3536 5087 3771 5155 Κύριος
3809 5092 3841 5141 ὀ

557 5181 633 5235 tia
680 5195 777 5234 sua
804 5180 1117 5236 universum
1169 5180 1433 5233 mundum
1469 5180 1669 5234 divinis
1709 5180 1935 5249 judiciis
1966 5180 2133 5233 admi-

2242 5182 2386 5249 Θεὸς
2426 5184 2611 5252 ἡμῶν,
2651 5185 2720 5239 ὲν
2754 5182 2923 5251 πάσῃ
2964 5182 3041 5251 τῇ
3072 5181 3149 5251 γῇ
3194 5181 3266 5235 τὰ
3308 5183 3561 5251 κρίματα
3609 5180 3834 5237 αὑτοῦ.

559 5274 791 5339 nistrat;
816 5273 888 5326 ita
927 5281 985 5327 ut
1011 5274 1146 5327 nihil
1171 5275 1289 5330 sine
1318 5274 1547 5341 judicio,
1589 5274 1725 5327 nihil
1753 5274 1873 5328 sine
1902 5272 2133 5343 Dcipro~

2241 5280 2354 5330 Οὺκ
2388 5277 2698 5347 ἀγνοητέον,
2723 5278 2904 5348 φησὶν,
2926 5277 3007 5329 ὅτι
3038 5276 3199 5338 αὐτὸς
3227 5277 3339 5329 ἐστι
3379 5273 3581 5345 Κύριος
3621 5274 3652 5325 ὁ
3687 5273 3831 5337 Θεῂ

556 5366 798 5421 videntia
827 5366 1061 5421 eveniat.

2239 5370 2418 5439 ἡμῶν,
2444 5369 2501 5432 ὃς
2538 5370 2763 5441 προνοίᾳ
2790 5370 2882 5423 τὸν
2919 5368 3212 5441 σύμπαντα
3246 5368 3448 5440 κόσμον
3486 5365 3656 5430 θείοις
3696 5369 3830 5437 χρξ-

561 5476 694 5532 μασι
720 5458 931 5523 διοικεῖ,
973 5458 1047 5522 ὼς
1092 5458 1257 5529 μηδὲν
1290 5458 1547 5530 ἀκρίτως,
1580 5460 1713 5531 μηδὲ
1754 5461 1881 5514 ἄνευ
1910 5461 2009 5531 τῆς
2040 5460 2133 5513 τοῦ
2172 5461 2306 5515 Θεοῦ
2347 5463 2599 5533 προνοίας
2634 5462 2933 5532 γίγνεσθαι.

630 5569 796 5627 Vens.
833 5572 983 5626 8-15.
1045 5572 1249 5626 Memor
1312 5572 1412 5640 fuit
1462 5574 1515 5626 in
1546 5574 1801 5627 sarculum
1835 5577 2133 5629 testamenti

2322 5578 2626 5648 Ἐμνήσθη
2661 5580 2749 5643 εἰς
2776 5578 2883 5632 τὸν
2909 5577 3098 5632 αἰῶνα
3133 5576 3421 5645 διαθήκης
3457 5577 3673 5639 αὑτοῦ,
3715 5583 3823 5631 .ιῇ-

560 5666 659 5725 ειιὲ,
691 5666 829 5718 verbi
860 5665 999 5735 quod
1028 5665 1295 5720 mandavit
1324 5668 1377 5719 in
1406 5667 1549 5722 mille
1576 5670 1955 5738 generationes.
1981 5669 2133 5735 Quod

2242 5692 2348 5741 γου
2377 5669 2448 5727 οὗ
2494 5672 2829 5728 ἐνετείλατο
2863 5674 2949 5738 εὶς
2978 5674 3179 5741 χιλίας
3218 5672 3445 5741 γενεὰς,
3477 5671 3553 5725 ὃν
3588 5671 3827 5725 διέθετο

630 5892 674 5919 ’⁸
718 5889 869 5947 ίὶοιιι.
910 5904 991 5957 Ix,
1031 5887 1152 5956 6,7.
1232 5885 1448 5944 II".loan.
1484 5904 1609 5957 vni,
1650 5890 1735 5945 37.
1817 5893 1857 5923 ⁵⁷
1902 5891 2031 5947 ibid.
2071 5892 2158 5949 59.
2237 5894 2275 5921 ⁸⁸
2320 5892 2451 5949 Luc.
2488 5908 2571 5957 ιι,
2616 5894 2698 5949 l3.
2779 5895 2822 5927 ⁵⁸
2862 5891 3263 5959 Joan.v1,7l.‘-
3301 5893 3344 5923 ⁶⁰
3386 5890 3570 5948 Matth.
3614 5895 3822 5955 31,16.
