4014 6410
320 462 463 518 4505
1463 468 1971 528 COMMENTARIA
2001 473 2070 530 IN
2094 461 2433 534 ps'ALMos.
2496 502 2497 505 ~
3437 487 3574 543 1506

318 583 400 649 τῷ
433 582 696 652 Ἀϐραὰμ,
730 583 825 638 καὶ
853 585 959 638 τοῦ
996 584 1176 655 ὅρκου
1196 587 1382 641 αυτοῦ
1413 586 1495 653 τῷ
1526 588 1724 644 Ἰσαάκ
1747 609 1761 621 ο
1794 592 1895 646 καί

2007 594 2256 664 disposuit
2286 596 2357 649 ad
2385 597 2677 663 Abraham,
2705 606 2754 652 et
2774 599 3072 667 juramenti
3107 601 3192 654 sui
3223 600 3289 652 ad
3318 599 3499 665 Isaac,
3525 612 3574 656 et

320 675 586 743 ἔστησεν
610 674 796 728 αὐτὸν
820 675 899 741 τῷ
938 677 1137 730 Ἰακὼϐ
1166 679 1254 744 εἰς
1287 680 1657 751 πρόσταγμα,
1692 684 1789 736 καὶ
1820 683 1901 750 τῷ

2007 691 2188 744 statuit
2225 689 2361 743 illud
2390 690 2555 744 Jacob
2583 693 2637 743 in
2675 700 3014 761 prmeeptum,
3043 699 3092 746 et
3122 691 3297 747 Israel
3330 694 3384 747 in
3414 703 3577 751 testa-

332 766 572 835 Ἰσραὴλ
600 770 686 832 εἰς
713 766 1006 835 διαθήκην
1031 768 1270 823 αἰώνιον
1288 810 1304 836 ,
1338 772 1532 841 λέγων
1550 789 1565 804 ο
1596 774 1699 827 Sol
1728 774 1901 828 δώσω

2007 791 2231 835 mentum
2270 790 2546 847 internum,
2593 782 2770 838 dicens
2810 798 2828 836 :
2863 783 2983 837 Tibi
3028 783 3164 837 dabo
3196 793 3392 839 terram
3430 784 3574 840 Cha-

320 861 437 928 τὴν
464 858 585 931 γῆν
614 860 878 925 Χαναὰν,
915 862 1247 931 σχοίνισμα
1277 864 1682 934 κληρονομίας
1708 864 1896 937 ὑμῶν.

2007 890 2164 939 ηααη,
2196 874 2495 943 funiculum
2527 874 2847 929 hwreditatis
2877 887 3078 932 vestrm.
3116 875 3249 931 Cum
3279 887 3449 931 essent
3478 895 3577 931 nu-

333 954 435 1007 Ἐν
458 952 539 1018 τῷ
567 949 721 1008 εἶναι
744 953 965 1020 αὐτοὺς
991 954 1214 1024 ἀριθμῷ
1251 956 1524 1025 βραχεῖς,
1546 958 1901 1027 όλιγοστοὺς

2007 984 2144 1021 mero
2174 967 2334 1032 brevi,
2374 969 2684 1037 paucissimi
2704 977 2755 1022 et
2779 969 2969 1023 incola:
2996 970 3051 1022 in
3088 986 3172 1026 ea.
3199 967 3269 1022 Et
3296 979 3574 1038 pertrans-

319 1043 420 1097 καί
464 1046 792 1113 παροίκους
824 1046 894 1099 ἐν
934 1045 1107 1115 αὐτῇ.
1151 1048 1263 1101 Καὶ
1290 1047 1542 1118 διῆλθον
1580 1050 1649 1115 ἐξ
1686 1052 1902 1121 ἔθνους

2007 1060 2173 1114 ierunt
2207 1059 2272 1115 de
2302 1070 2449 1130 gente
2476 1062 2531 1114 in
2572 1069 2795 1131 gentem,
2841 1069 2891 1114 et
2919 1061 2982 1114 de
3016 1077 3173 1130 regno
3212 1060 3281 1114 ad
3326 1061 3578 1130 papulum

320 1138 411 1203 εις
449 1138 659 1203 ἔθνος,
700 1136 802 1190 καί
848 1138 917 1191 ἑκ
959 1138 1286 1205 βασιλείας
1338 1141 1427 1204 εἰς
1471 1139 1628 1195 λαὸν
1672 1141 1898 1209 ἕτερον.

2007 1152 2248 1208 alterum.
2284 1151 2408 1207 Non
2438 1152 2649 1223 reliquit
2682 1152 2943 1207 hominem
2980 1169 3164 1208 nocere
3197 1154 3294 1219 eis,
3334 1163 3382 1208 et
3414 1155 3578 1207 corri—

317 1231 441 1283 Οὐκ
462 1228 699 1298 ἀφῆκεν
718 1228 1032 1299 ἄνθρωπον
1052 1230 1335 1298 ἀδικῆσαι
1354 1232 1598 1299 αὐτοὺς,
1613 1233 1713 1287 καὶ
1730 1233 1903 1306 ἤλεγ-

2007 1244 2113 1312 puit
2142 1260 2237 1314 pro
2274 1246 2349 1299 eis
2404 1262 2568 1315 reges.
2615 1245 2798 1301 Nolite
2837 1254 3045 1316 tangere
3082 1245 3305 1299 christos
3337 1263 3499 1312 meos,
3530 1256 3580 1300 et
3633 1259 3641 1270 '

322 1321 430 1388 ξεν
454 1323 609 1392 ὑπὲρ
635 1324 836 1378 αὐτῶν
870 1323 1174 1390 βασιλεῖς.
1202 1324 1300 1393 Μὴ
1348 1324 1611 1381 ἅπτεσθε
1639 1325 1760 1381 τῶν
1784 1344 1906 1397 χρι-

2007 1338 2059 1391 in
2086 1337 2349 1406 prophetis
2374 1338 2502 1392 meis
2538 1338 2698 1393 nolite
2733 1339 3039 1409 malignari.
3080 1337 3137 1393 Si
3167 1348 3421 1394 accurate
3460 1355 3581 1409 per—

322 1415 487 1469 στῶν
510 1432 653 1485 μου,
688 1415 789 1469 καὶ
823 1416 894 1469 ὲν
926 1416 1050 1482 τοῖς
1077 1414 1412 1485 προφήταις
1449 1435 1569 1486 μου
1596 1417 1682 1487 μὴ
1715 1430 1905 1487 πονη-

2007 1431 2211 1499 pendas
2250 1429 2398 1499 quod
2451 1429 2585 1484 illud
2618 1430 2840 1485 verbum
2871 1430 3052 1495 fuerit,
3090 1431 3238 1501 quod
3277 1431 3579 1496 mandavit,

318 1508 593 1578 ρεύεσθε.
639 1507 974 1579 Ἐπιστήσας
1022 1507 1265 1579 ἀκριϐῶς
1309 1508 1394 1571 τίς
1445 1504 1516 1579 ἦν
1571 1512 1599 1563 ὁ
1644 1509 1800 1578 λόγος
1843 1510 1903 1564 ὃν

2007 1520 2061 1574 in
2113 1520 2318 1577 multas
2347 1522 2729 1592 generationes
2761 1523 3068 1592 pervadens
3106 1542 3119 1577 :
3153 1538 3262 1577 non
3293 1523 3439 1577 enim
3475 1539 3580 1577 nu-

323 1599 624 1653 ὲνετείλατο
668 1600 749 1663 εἰς
788 1598 990 1662 πολλὰς
1033 1598 1225 1667 γενεὰς
1255 1596 1656 1669 ἐξικνούμενον,
1700 1600 1762 1651 οὐ
1795 1599 1904 1671 γὰρ

2007 1628 2216 1669 merum
2271 1629 2561 1680 annorum,
2611 1615 2707 1670 sed
2755 1624 3077 1685 perpetuum
3122 1614 3435 1670 subindicat
3482 1630 3583 1668 nu-

325 1692 462 1746 ἐτῶν
516 1690 769 1763 ἀριθμὸν,
823 1690 958 1744 ἀλλὰ
989 1690 1051 1743 τὸ
1080 1690 1328 1760 διηνεκὲς
1365 1690 1660 1744 αἰνίττεται
1711 1691 1804 1744 καὶ
1842 1690 1906 1743 τὸ

323 1782 548 1853 πλῆθος,
583 1782 659 1845 ὡς
684 1781 746 1834 τὸ
786 1782 1034 1847 ἑπτάκις,
1071 1782 1276 1850 Στεῖρα
1308 1780 1519 1837 ἔτεκεν
1543 1782 1714 1847 ἑπτὰ,
1748 1800 1905 1838 τουτ-

325 1876 442 1933 έστι
488 1874 680 1938 πολλὰ,
714 1876 830 1941 καὶ,
865 1873 1138 1940 Ἑπτάκις
1175 1874 1443 1930 πεσεῖται
1469 1878 1503 1930 ὁ
1529 1876 1775 1941 δίκαιος,
1804 1878 1903 1930 καί

325 1965 733 2034 ἀναστήσεται
749 1984 762 1997 ’
788 1967 1044 2038 εὑρήσεις
1070 1967 1230 2021 αὑτὸν
1258 1967 1546 2039 εἰρημένον
1578 1968 1749 2032 οὕτως
1770 1970 1907 2040 πρὸς
1936 1944 1981 2002 Β

338 2058 607 2131 Ἀϐραὰμ,
631 2059 742 2114 Kal
765 2058 1355 2129 ἐνευλογηθήσονται
1380 2060 1451 2113 ἐν
1485 2060 1587 2114 σοὶ
1611 2060 1805 2115 πάντα
1831 2064 1907 2117 τὰ

323 2152 469 2220 ἔθνη
523 2151 635 2219 τῆς
679 2151 810 2221 γῆς.
866 2152 996 2216 Καὶ,
1048 2150 1663 2221 Ἐνευλογηθήσονται
1708 2152 1779 2206 ἐν
1825 2152 1907 2220 τῷ

324 2243 622 2313 σπέρματί
656 2258 773 2297 σου
805 2242 996 2298 πᾶσαι
1033 2245 1092 2296 al
1113 2243 1301 2312 φυλαὶ
1327 2242 1440 2311 τῆς
1469 2243 1602 2312 γῆς,
1624 2244 1723 2297 καί
1751 2247 1905 2313 πλη-

325 2338 523 2391 θύνων
550 2336 839 2404 πληθυνῶ
869 2336 935 2390 τὸ
969 2337 1208 2405 σπέρμα
1244 2352 1381 2391 σου.
1421 2336 1619 2408 Εΰροις
1652 2337 1698 2390 δ’
1737 2337 1803 2391 ἂν
1838 2336 1908 2391 τὰ

326 2425 686 2496 παραπλήσια
732 2425 827 2478 καλ⁹
855 2424 934 2495 τῷ
982 2426 1163 2478 Ἰσαὰκ
1205 2425 1596 2497 ἐπηγγελμένα
1642 2425 1738 2479 καὶ
1779 2426 1908 2496 ὀμο-

327 2518 524 2571 σθέντα
568 2516 694 2589 περί
739 2510 800 2570 τε
849 2518 950 2589 τῆς
998 2518 1105 2589 γῆς
1162 2519 1257 2571 καὶ
1300 2518 1391 2571 τοῦ
1446 2516 1764 2589 πληθυσμοῦ
1812 2517 1905 2572 τοῦ

328 2609 661 2681 σπέρματος.
714 2608 901 2665 Ταῦτα
940 2609 996 2662 δὲ
1038 2609 1179 2681 μετά
1234 2609 1492 2673 πλείστας
1539 2610 1668 2673 ὅσας
1714 2610 1907 2679 γενεὰς

326 2702 629 2774 ἐπληροῦτο
652 2701 739 2755 διὰ
774 2703 873 2774 τῆς
904 2702 1226 2771 ἐπιφανείας
1259 2702 1495 2773 Χριστοῦ
1522 2702 1617 2756 τοῦ
1642 2704 1707 2755 ἐκ
1741 2703 1909 2775 σπέρ-

330 2811 498 2865 ματος
538 2792 807 2864 Ἀϐραὰμ,
837 2794 1129 2865 γενομένου
1153 2795 1405 2865 Σωτῆρος
1437 2794 1612 2866 ήμῶν.
1643 2795 1826 2849 Εἰσέτι
1848 2813 1906 2848 τε

327 2885 425 2941 νῦν
452 2886 664 2959 ἐνεργεῖ
692 2888 784 2939 καὶ
818 2886 1061 2958 διαμένει
1100 2888 1134 2957 ἡ
1167 2887 1487 2955 ἐπαγγελία,
1528 2888 1721 2960 μέχρις
1748 2883 1808 2941 οὗ
1848 2887 1908 2941 τὸ

328 2977 604 3049 πλήρωμα
630 2978 736 3032 τῶν
764 2978 930 3032 ἐθνῶν
953 2977 1187 3051 εἰσέλθῃ.
1217 2974 1384 3043 Οὗτος
1409 2974 1503 3033 οὖν
1532 2980 1669 3051 μετὰ
1698 2979 1907 3051 μακρὸν

328 3069 519 3132 αἰῶνα,
551 3072 645 3123 καὶ
678 3070 816 3142 μετὰ
861 3069 1118 3134 πλείστας
1162 3071 1368 3142 σφόδρα
1405 3071 1620 3140 γενεὰς,
1655 3070 1755 3135 τὰς
1797 3073 1906 3144 γὰρ

327 3161 569 3230 χιλιάδας
609 3162 730 3215 ἀντὶ
767 3162 878 3216 τῶν
931 3162 1143 3217 πολλῶν
1189 3163 1516 3235 παρείληφε,
1570 3164 1665 3218 καὶ
1703 3164 1908 3229 ταύτας

327 3255 567 3327 ἐπλήρου
618 3257 718 3321 τὰς
773 3257 910 3328 πρὸς
965 3258 1091 3321 τοὺς
1140 3259 1487 3329 πατριάρχας
1549 3258 1903 3328 ἐπαγγελίας,

2005 1723 2189 1763 merus
2220 1707 2557 1779 hujusmodi,
2594 1716 2655 1763 ut
2680 1724 2731 1762 γ.
2758 1722 2811 1780 g.
2856 1708 3059 1777 septies
3080 1748 3095 1771 ,
3140 1704 3351 1762 Sterilis
3386 1709 3584 1776 peperit

2005 1808 2199 1866 septem
2221 1798 2290 1864 ⁶¹,
2316 1799 2370 1854 id
2410 1806 2496 1854 est
2523 1799 2760 1865 multos;
2788 1806 2865 1861 et,
2903 1798 3105 1868 Septies
3135 1796 3287 1852 cadet
3301 1796 3482 1865 justus
3533 1804 3584 1854 et

2008 1900 2242 1962 resurget
2269 1892 2344 1959 ⁶²;
2375 1891 2478 1945 hac
2504 1892 2714 1945 ratione
2740 1890 2873 1944 illud
2904 1890 3137 1944 Abrahae
3190 1889 3399 1944 dictum
3427 1903 3580 1943 com-

2008 1982 2209 2050 peries,
2242 1980 2309 2034 Et
2336 1980 2703 2036 benedicentur
2718 1982 2772 2035 in
2807 1990 2855 2036 te
2892 1998 3070 2036 omnes
3113 1990 3285 2051 gentes
3328 1989 3482 2033 terra:
3515 1979 3582 2031 ⁸³.

2008 2072 2096 2138 Ει,
2126 2072 2510 2127 Benedicentur
2547 2075 2599 2127 in
2631 2074 2825 2127 semine
2874 2082 2962 2126 tuo
2990 2089 3165 2127 omnes
3198 2071 3361 2125 tribus
3408 2080 3581 2124 terrm.

2009 2162 2079 2217 Et
2104 2164 2463 2232 multiplicans
2493 2162 2857 2233 multiplicabo
2888 2179 3061 2218 semen
3094 2171 3240 2215 tuum
3274 2161 3339 2215 “.
3372 2158 3582 2213 Similia

2008 2255 2138 2311 item
2170 2254 2359 2311 lsaaco
2390 2254 2663 2325 promissa
2709 2254 2956 2324 reperias
2991 2251 3350 2323 jurejurando
3382 2248 3583 2304 confir-

2006 2357 2172 2412 mata,
2202 2355 2312 2402 tam
2344 2348 2411 2403 de
2439 2355 2610 2411 terra,
2633 2362 2796 2416 quam
2828 2346 2895 2401 de
2931 2345 3384 2415 multiplicatione
3419 2342 3585 2397 semi-

2007 2440 2117 2496 nis.
2151 2438 2268 2494 Hoc
2294 2453 2461 2510 porro
2505 2446 2631 2509 post
2669 2439 2935 2508 plurimas
2983 2436 3363 2509 generationes
3393 2434 3584 2504 imple-

2007 2540 2125 2587 tum
2146 2539 2231 2587 est
2249 2532 2305 2586 in
2328 2531 2563 2587 adventu
2576 2530 2783 2586 Christi
2799 2547 2860 2586 ex
2874 2531 3083 2585 semine
3101 2530 3332 2584 Abrahae
3343 2527 3580 2585 oriundi.

2008 2624 2074 2679 Et
2095 2625 2161 2679 ad
2200 2624 2304 2678 hoc
2325 2639 2499 2694 usque
2534 2630 2751 2694 tempus
2776 2622 2921 2694 viget
2941 2614 3006 2678 ἐι
3040 2627 3321 2692 permanet
3348 2618 3584 2690 promis-

2008 2716 2110 2779 sio,
2147 2715 2322 2770 donec
2364 2713 2647 2784 plenitudo
2689 2717 2930 2785 gentium
2971 2713 3219 2784 ingressa
3267 2711 3449 2765 fuerit.
3484 2708 3585 2763 Hic

2009 2809 2193 2878 itaque
2220 2807 2539 2862 diuturnum
2569 2814 2691 2878 post
2739 2822 2937 2870 mvum,
2997 2814 3050 2861 et
3084 2814 3206 2876 post
3250 2805 3450 2858 multas
3483 2819 3583 2857 ex-

2009 2905 2162 2953 actas
2191 2898 2594 2969 generationes,
2626 2912 2753 2953 nam
2789 2898 2879 2953 hic
2903 2897 3156 2952 millenas
3198 2911 3297 2967 pro
3332 2892 3583 2965 plurimis

2007 2990 2238 3061 accepit,
2286 2990 2407 3047 illas
2460 2991 2787 3060 patriarchis
2840 2991 2997 3046 datas
3043 2989 3437 3061 promissiones
3485 3001 3584 3057 per

2010 3077 2346 3135 Salvatorem
2378 3086 2627 3135 nostrum
2655 3078 2864 3147 Jesum,
2897 3095 2960 3135 ac
2997 3096 3092 3150 per
3126 3079 3245 3149 ejus
3274 3077 3581 3132 doctrinam

2008 3170 2270 3240 implevit,
2303 3169 2558 3226 omnibus
2598 3171 2851 3242 gentibus
2889 3171 3123 3227 Abrahae
3168 3168 3583 3241 promissionem

2008 3262 2344 3332 impertiens.

327 3347 415 3401 διὰ
447 3348 541 3401 τοῦ
574 3349 829 3420 Σωτῆρος
865 3350 1023 3421 ἡμῶν
1075 3350 1249 3421 Ἰησοῦ
1292 3352 1387 3405 καὶ
1435 3350 1526 3405 διὰ
1579 3352 1677 3423 τῆς
1728 3352 1893 3406 αὐτοῦ
1944 3353 2290 3418 διδασκαλίας
2334 3356 2469 3409 πᾶσι
2510 3356 2623 3417 τοῖς
2656 3353 2833 3407 ἔθνεσι
2864 3354 2963 3425 τὴν
3003 3353 3095 3407 τοῦ
3148 3353 3393 3425 Ἀϐραὰμ
3437 3351 3585 3406 εὐλο-

328 3437 453 3507 γίαν
476 3439 684 3510 δεδωρη
693 3441 870 3510 μένος.

399 3560 512 3615 Καὶ
538 3560 794 3614 ἐκάλεσε
822 3558 1001 3627 λιμὸν
1024 3558 1123 3612 ἐπὶ
1154 3557 1268 3628 τὴν
1291 3559 1429 3628 γῆν,
1464 3557 1586 3613 πᾶν
1612 3558 1908 3628 στήριγμα

2078 3552 2245 3610 Vens.
2283 3552 2371 3608 16.
2409 3552 2478 3606 Et
2514 3554 2715 3607 uocauit
2749 3552 2943 3621 famem
2984 3567 3141 3621 super
3173 3564 3388 3622 terram,
3433 3573 3585 3614 omne

328 3654 511 3724 ἄρτου
545 3652 928 3720 συνέτριψεν.
969 3651 1059 3703 Ἐν
1093 3650 1302 3713 τούτοις
1334 3652 1363 3703 ὁ
1390 3650 1545 3720 λόγος
1571 3650 1667 3704 καὶ
1699 3649 1825 3704 ἄλλο
1853 3668 1905 3703 τι

326 3746 550 3819 λεληθὸς
590 3746 717 3809 τοὺς
761 3744 989 3807 πολλοὺς
1015 3743 1274 3801 διδάσκει.
1311 3743 1421 3814 Τὴν
1464 3742 1571 3814 γὰρ
1609 3742 1788 3796 αἰτίαν
1810 3741 1905 3795 τοῦ

330 3839 593 3911 κληθῆναι
626 3837 783 3907 δίκην
809 3834 1052 3906 ἐμψύχου
1084 3833 1221 3898 ξὼου
1248 3834 1339 3887 τὸν
1362 3833 1520 3903 λιμὸν
1544 3833 1636 3886 ἐπὶ
1653 3832 1751 3904 τὴν
1780 3834 1905 3905 γῆν,

328 3929 468 3998 λέγω
491 3927 556 3998 δὴ
586 3926 684 3997 τὴν
708 3923 1062 3995 ἐνεργητικὴν
1091 3922 1317 3992 δύναμιν
1346 3916 1440 3976 τοῦ
1472 3921 1653 3992 λιμοῦ,
1692 3922 1787 3975 καὶ
1810 3920 1904 3974 τοῦ

332 4019 680 4090 συντριϐῆναι
724 4018 832 4070 πᾶν
875 4016 1155 4087 στήριγμα
1198 4013 1386 4084 ἄρτου,
1419 4013 1766 4085 παρίστησιν,
1821 4013 1908 4065 ἵνα

330 4111 427 4165 καὶ
456 4111 633 4177 φανιεῖ
669 4123 772 4159 που
807 4105 969 4176 ἄρτος
1000 4106 1074 4175 μὴ
1110 4102 1352 4174 στηρίζοι
1384 4104 1512 4166 τοὺς
1550 4102 1906 4173 ἐμπιπλαμέ-

2010 3652 2400 3722 ﬁrmamentum
2415 3650 2569 3718 panis
2586 3649 2851 3704 contrivit.
2871 3647 2931 3702 In
2950 3648 3037 3704 his
3059 3664 3239 3705 sermo
3253 3651 3397 3706 aliud
3421 3656 3582 3722 quid-

2009 3743 2384 3815 piam,’multis
2410 3742 2708 3806 occultum,
2726 3741 2937 3797 edocet.
2966 3739 3201 3796 Causam
3226 3742 3369 3796 enim
3392 3759 3493 3799 cur
3512 3746 3586 3799 la-

2007 3852 2171 3901 mem,
2189 3836 2362 3891 instar
2394 3833 2647 3890 animalis
2681 3833 3279 3903 cujusdam,vocaverit
3306 3849 3469 3904 super
3484 3847 3586 3891 ter-

2008 3945 2145 3993 ram,
2178 3928 2231 3983 id
2264 3937 2347 3983 est
2380 3928 2637 3981 virtutem
2662 3926 2823 3980 famis
2851 3924 3199 3991 cll‘ectricem,
3228 3934 3281 3982 et
3304 3942 3402 3981 cur
3424 3942 3585 3984 omne

2008 4021 2406 4075 ﬁrmamentum
2454 4019 2611 4090 panis
2662 4018 3015 4082 contriverit,
3051 4018 3142 4071 hic
3202 4017 3475 4085 declarat,
3522 4026 3584 4073 ut

2006 4112 2297 4184 patefaciat
2327 4126 2436 4182 quo
2462 4112 2518 4165 in
2552 4126 2682 4166 casu
2720 4110 2876 4181 panis
2909 4125 3018 4164 non
3042 4109 3219 4163 ﬁrmet
3250 4125 3346 4165 cos
3366 4111 3456 4180 qui
3489 4110 3583 4166 illo

330 4217 453 4263 νους
487 4200 545 4266 ἐξ
593 4197 780 4262 αὑτοῦ,
815 4196 959 4251 κατὰ
994 4197 1076 4260 τὸ,
1116 4198 1321 4264 Ἄρτος
1353 4194 1612 4263 στηρίξει
1654 4194 1908 4262 καρδίαν

2007 4205 2305 4275 replentur,
2333 4203 2637 4261 secundum
2678 4201 2834 4266 illud,
2870 4200 3036 4255 Panis
3070 4218 3161 4255 cor
3204 4201 3428 4256 hominis
3457 4218 3584 4256 con-

330 4291 663 4359 ἀνθρώπου.
691 4286 861 4341 Τοῦτο
897 4288 1005 4359 γάρ
1036 4289 1181 4340 ἐστιν
1210 4286 1239 4339 ὃ
1272 4287 1503 4357 μάλιστα
1530 4286 1816 4356 συμϐαίνει
1845 4286 1905 4339 ὲν

2007 4297 2189 4365 ﬁrmat
2220 4296 2285 4348 ⁸⁸.
2324 4294 2383 4350 1d
2424 4296 2570 4350 enim
2608 4294 2846 4349 maxime
2879 4301 3128 4365 tempore
3182 4292 3342 4350 famis
3378 4295 3579 4362 evenit,

328 4387 440 4447 τοῖς
470 4383 667 4453 λιμοῖς,
700 4383 820 4434 κατ’
854 4380 1021 4453 ὀργὴν
1047 4379 1181 4433 Θεοῦ
1205 4380 1545 4450 γιγνόμενον,
1569 4379 1628 4431 τὸ
1654 4378 1748 4431 καὶ⁸
1778 4380 1905 4442 τοὺς

2007 4404 2070 4443 ex
2104 4390 2181 4442 ira
2210 4387 2303 4443 Dei
2334 4387 2666 4451 immissum,
2690 4394 2751 4441 ut
2785 4386 2994 4442 scilicet
3020 4387 3115 4456 qui
3146 4385 3439 4441 comedunt
3471 4402 3580 4442 non

330 4476 607 4538 ἐσθίοντας
636 4473 709 4545 μὴ
739 4472 1106 4544 στηρίζεσθαι.

2007 4480 2419 4534 contimientur.

412 4564 785 4620 Ἀπέστειλεν
829 4563 1170 4633 ἔμπροσθεν
1213 4562 1412 4616 αὐτῶν
1453 4562 1785 4631 ἄνθρωπον,
1817 4565 1906 4629 εὶς

2076 4570 2245 4626 Vnus.
2294 4570 2481 4625 17-22.
2512 4569 2663 4623 Misit
2690 4580 2811 4623 ante
2840 4586 2927 4624 eos
2963 4569 3246 4633 hominem,
3283 4570 3335 4622 in
3377 4584 3580 4622 servum

326 4659 551 4713 δοῦλον
590 4658 815 4727 ἐπράθη
854 4657 1085 4725 Ἰωσήφ.
1121 4656 1565 4710 Ἔταπείνωσαν
1602 4656 1670 4708 ὲν
1697 4655 1905 4723 πέδαις

2007 4661 2347 4716 venumdatus
2366 4672 2445 4714 est
2467 4659 2682 4729 Joseph.
2717 4658 3143 4713 Humiliaverunt
3166 4659 3222 4712 in
3248 4658 3578 4727 compedibus

326 4756 470 4823 τσὺς
502 4756 696 4822 πόδας
726 4754 931 4819 αὐτοῦ,
968 4754 1223 4823 σίδηρον
1254 4754 1502 4823 διῆλθεν
1540 4755 1580 4822 η
1606 4754 1777 4823 ψυχὴ
1806 4757 1905 4809 αὐ-

2007 4750 2155 4819 pedes
2164 4749 2297 4819 ejus,
2315 4749 2513 4818 ferrum
2528 4748 2835 4815 pertransiit
2856 4746 3033 4800 anima
3049 4746 3184 4816 ejus,
3210 4745 3370 4799 donec
3386 4746 3577 4798 veniret

328 4849 454 4914 τοῦ,
496 4848 671 4918 μέχρι
716 4848 823 4902 τοῦ
868 4848 1067 4902 ἐλθεῖν
1105 4850 1213 4902 τὸν
1241 4850 1429 4918 λόγον
1461 4846 1668 4901 αὐτοῦ.
1719 4847 1905 4901 Πάντα

2007 4842 2217 4898 verbum
2231 4840 2365 4910 ejus.
2381 4839 2507 4895 Haec
2530 4840 2713 4894 omnia
2734 4838 2978 4908 pertulit,
3014 4838 3187 4893 donec
3212 4836 3423 4893 veniret
3452 4851 3576 4890 ver-

324 4937 497 4991 ταῦτα
544 4937 805 5008 ὑπέμεινε
849 4938 1011 5009 μέχρι
1054 4936 1148 4989 τοῦ
1194 4935 1367 4989 ἐλθεῖν
1403 4936 1495 4989 τὸν
1525 4935 1681 5004 λόγον
1715 4935 1903 5002 αὐτοῦ,

2007 4937 2134 4991 bum
2151 4933 2293 5004 ejus,
2308 4933 2453 5003 quod
2471 4947 2596 4987 cum
2624 4931 2681 4985 in
2708 4929 3013 4985 visionibus
3039 4927 3335 4999 accepisset
3359 4925 3500 4996 patri
3522 4932 3577 4979 et

324 5028 383 5081 ὃν
428 5028 521 5081 ἐπὶ
561 5029 672 5090 τοῖς
713 5028 979 5098 ὁράμασιν
1026 5026 1147 5081 ἰδὼν
1172 5027 1355 5092 ἐξεῖπε
1398 5026 1478 5098 τῷ
1515 5026 1705 5081 ἐαυτοῦ
1736 5028 1905 5099 πατρὶ

2009 5024 2270 5081 fratribus
2286 5025 2403 5081 suis
2415 5020 2770 5085 renuntiavit,
2783 5019 2971 5075 dicens
2986 5018 3189 5074 vidisse
3203 5016 3444 5086 seipsum
3466 5012 3576 5068 fra-

325 5121 419 5173 καὶ
452 5123 565 5183 τοῖς
593 5119 840 5186 ἀδελφοῖς
874 5121 1067 5190 φήσας,
1095 5121 1397 5191 ἑωρακέναι
1426 5120 1588 5177 αὐτὸν
1612 5119 1903 5190 δράγματα

2007 5125 2225 5185 tresque
2243 5129 2373 5170 suos
2394 5112 2701 5182 manipulos
2714 5110 3052 5181 colligentes,
3071 5123 3136 5164 ac
3154 5108 3369 5163 illorum
3382 5104 3576 5160 deinde

324 5213 418 5265 καὶ
460 5213 588 5274 τοὺς
633 5210 895 5280 ἀδελφοὺς
929 5213 1128 5282 ὁμοίως
1171 5212 1551 5282 ἀναλέγοντας,
1596 5213 1786 5265 ἔπειτα
1832 5211 1903 5269 τὰ

2008 5206 2313 5277 manipulos
2324 5220 2483 5261 suum
2505 5203 2844 5275 manipulum
2869 5200 3157 5265 adorasse;
3178 5198 3575 5266 similiterquo-

324 5304 547 5363 ἐκείνων
577 5302 638 5355 τὸ
668 5300 858 5355 ἑαυτοῦ
896 5304 1394 5376 προσκεκυνηκέναι
1424 5304 1670 5375 δράγμα⁸
1699 5302 1903 5374 ὁμοίως

2007 5312 2111 5366 que
2130 5296 2301 5352 solem
2321 5303 2375 5351 et
2392 5295 2576 5349 lunam
2592 5300 2753 5363 atque
2770 5290 3020 5347 undecim
3045 5290 3231 5345 stellas
3250 5289 3427 5359 ipsum
3444 5287 3576 5342 ado-

323 5394 381 5447 δὲ
407 5394 496 5448 τὸν
519 5394 690 5466 ήλιον,
720 5395 813 5447 καὶ
839 5394 940 5467 τὴν
974 5394 1223 5466 σελήνην,
1254 5397 1348 5450 καὶ
1371 5398 1497 5460 τοὺς
1520 5396 1710 5450 ἐνδεκα
1743 5395 1903 5455 ἀστέ-

2007 5403 2178 5445 rasse.
2208 5387 2383 5442 Donec
2417 5387 2611 5441 veniret
2636 5383 2848 5438 verbum
2867 5382 3001 5452 ejus.
3032 5380 3319 5452 Eloquium
3356 5378 3574 5433 Domini

326 5502 426 5559 ρας
455 5488 778 5557 προσκυνεῖν
807 5485 974 5555 αὐτῷ.
1004 5487 1191 5555 Μέχρι
1223 5487 1329 5541 τοῦ
1354 5488 1554 5541 ἐλθεῖν
1582 5488 1689 5541 τὸν
1715 5488 1900 5557 λόγον

2007 5480 2355 5551 inﬂammavit
2386 5494 2525 5533 eum.
2575 5476 2739 5538 Illud,
2778 5474 3061 5547 Eloquium
3100 5473 3313 5529 Domini
3354 5472 3571 5541 inﬂam-

324 5579 531 5632 αὐτοῦ.
586 5577 657 5633 Τὸ
702 5580 910 5647 λόγιον
940 5579 1161 5646 Κυρίου
1192 5579 1503 5647 ἐπύρωσεν
1546 5580 1748 5634 αὐτόν.
1801 5579 1896 5640 Τὸ,

2007 5575 2167 5628 mavit
2212 5589 2355 5637 eum,
2387 5571 2566 5627 simile
2595 5579 2679 5626 est
2716 5569 2846 5625 huic
2878 5587 2891 5623 :
2925 5567 3115 5624 Nonne
3159 5584 3252 5637 per
3280 5566 3445 5621 Deum
3476 5565 3571 5621 de-

324 5670 539 5738 Λόγιον
562 5670 785 5736 Κυρίου
818 5668 1131 5738 ἐπύρωσεν
1160 5670 1364 5735 αὐτὸν,
1393 5671 1578 5741 ὅμοιον
1614 5670 1711 5740 τῷ,
1749 5671 1896 5739 Οὺχί

2007 5668 2228 5722 claratio
2272 5664 2487 5729 illorum
2517 5672 2595 5719 est
2623 5663 2713 5716 “1’
2781 5661 2968 5733 Neque
3011 5663 3191 5728 enim,
3229 5660 3325 5726 ait,
3360 5659 3569 5716 somnia

397 5849 439 5878 ’ί
484 5846 500 5899 Ι
538 5847 672 5916 Reg.
708 5863 779 5909 tl,
815 5849 865 5905 5.
972 5850 1013 5882 ⁶²
1051 5847 1213 5906 Prov.
1280 5865 1442 5916 xxw,
1496 5848 1581 5905 16.
1745 5847 1877 5905 Cen.

2007 5860 2052 5913 ι,
2104 5846 2157 5901 ὅ.
2255 5844 2299 5877 ⁸⁸
2334 5839 2469 5900 Gen.
2531 5856 2681 5909 uti,
2746 5838 2953 5909 17,18.
3032 5841 3074 5872 ⁸⁵
3114 5837 3258 5896 Psal.
3316 5836 3564 5905 cm,15.

335 5919 379 5951 ⁵⁵
416 5918 550 5974 Gen.
590 5934 657 5974 χι
680 5958 695 5983 ,
732 5918 786 5976 8.

972 5850 1013 5882 ⁶²
1051 5847 1213 5906 Prov.
1280 5865 1442 5917 xxw,
1496 5848 1581 5905 16.
1745 5847 1877 5905 Gen.
1946 5860 2052 5913 xu,
2104 5846 2157 5901 ὅ.
