3992 6404
528 440 668 496 1507

1190 440 1459 498 EUSEBII
1495 442 1977 500 CrESARIENSIS
2004 443 2154 501 OPP.
2185 443 2368 503 PARS
2403 443 2493 502 111.
2522 473 2594 490 -η
2630 441 3043 500 EXEGETICA.

3658 441 3768 496 1308

527 558 801 622 Pharaoni
865 561 1214 632 explicasset,
1273 565 1380 620 nisi
1431 563 1544 621 Deo
1575 567 1739 622 dante
1780 567 1900 637 ipsa
1951 569 2113 624 intel-

2230 569 2310 622 ἳιὰ
2342 567 2450 621 τοῦ
2483 567 2631 620 Θεοῦ
2664 568 2704 634 ἡ
2733 565 3105 634 διασάφηονς
3130 561 3327 618 αὐτῶν
3347 563 3558 624 ἐστινς
3581 562 3687 614 Οὐκ
3715 563 3770 616 ἂν

528 651 772 713 lexissct.
802 651 948 706 Misit
978 671 1090 719 rex,
1121 665 1169 709 et
1189 657 1346 710 solvit
1385 674 1526 722 eum,
1560 660 1801 727 princeps
1831 660 2033 728 populi,
2061 656 2112 714 et

528 744 736 798 dimisit
763 763 903 802 eum.
931 747 1220 803 Constituit
1264 767 1383 804 eum
1430 751 1702 806 dominum
1732 751 1920 807 domus
1977 768 2110 818 suae,

529 847 578 892 et
631 839 918 908 principem
947 843 1117 894 omnis
1171 844 1516 909 possessionis
1559 861 1690 910 suae,
1768 855 1825 896 ut
1880 845 2114 899 erudiret

529 932 795 1001 principes
826 933 962 1001 ejus,
1023 935 1158 987 sicut
1206 937 1564 1004 semetipsum,
1605 947 1656 990 et
1695 954 1842 991 senes
1886 937 2000 1006 ejus
2032 954 2118 991 sa-

531 1025 785 1092 pienliam
817 1025 1198 1080 doceret.Cum
1222 1041 1254 1080 a
1284 1028 1681 1084 tentationibus
1707 1045 1805 1085 ceu
1833 1031 1954 1100 igne
1981 1031 2115 1086 satis

531 1116 795 1184 probatus
827 1115 1019 1172 fuisset
1048 1115 1249 1189 Joseph
1270 1159 1286 1184 ,
1319 1125 1451 1174 tunc
1479 1119 1590 1176 Deo
1627 1131 1950 1192 suggerente
1975 1121 2118 1176 Pha-

533 1208 712 1270 raoni,
745 1208 838 1276 qui
874 1216 930 1264 et
978 1225 1075 1264 rex
1104 1218 1159 1266 et
1216 1211 1470 1282 princeps
1512 1214 1601 1268 hic
1632 1223 1877 1276 vocatur,
1914 1230 1943 1267 a
1993 1215 2116 1268 vin-

533 1298 677 1352 culis
726 1300 980 1364 solvitur,
1036 1309 1200 1369 atque
1235 1301 1432 1358 domus
1475 1305 1622 1374 regis
1665 1313 1720 1359 et
1753 1307 1933 1359 omnis
1990 1322 2118 1375 pos-

536 1391 806 1445 sessionis
851 1391 971 1462 ejus
1016 1393 1272 1463 princeps
1311 1397 1684 1450 coustituitur.
1737 1395 1942 1450 Extulit
1971 1400 2116 1450 enim

533 1495 683 1543 eum,
717 1488 775 1534 ut
810 1484 1120 1552 complures
1162 1483 1419 1547 dixerint,
1456 1492 1514 1538 ut
1574 1486 1783 1540 fructus
1826 1486 1890 1539 ad
1948 1486 2122 1540 abun-

535 1570 778 1625 dantiam
807 1573 1112 1643 colligeret,
1152 1581 1206 1628 et
1238 1575 1305 1629 ad
1345 1582 1560 1644 tempus
1603 1574 1765 1630 famis
1803 1590 1900 1629 eos
1930 1588 2119 1631 custo-

537 1661 699 1717 diret.
738 1661 837 1716 llic
864 1672 1043 1717 autem
1085 1679 1266 1724 sermo
1299 1665 1476 1728 docet,
1510 1682 1620 1719 non
1666 1673 1774 1718 tam
1809 1668 1880 1719 ob
1905 1666 2120 1736 frugum

539 1752 848 1807 custodiam
899 1753 965 1806 ad
1001 1754 1364 1824 principatum
1414 1763 1661 1809 evectum
1711 1755 1902 1819 fuisse,
1954 1773 2118 1826 quam

541 1842 611 1895 ad
644 1843 936 1898 utilitatem
969 1845 1164 1898 animae
1195 1859 1383 1898 eorum
1419 1845 1512 1913 qui
1544 1860 1642 1914 per
1679 1845 1859 1916 ipsum
1889 1845 2121 1900 docendi

539 1941 595 1986 et
627 1933 950 1988 instituendi
972 1946 1148 1989 erant.
1191 1934 1358 1988 Erant
1381 1942 1560 1988 autem
1599 1935 1651 1988 hi
1682 1937 1955 2006 principes
1977 1936 2119 1992 Pha-

542 2027 731 2080 raonis
784 2036 838 2082 et
891 2029 1157 2084 seniores.
1214 2027 1426 2094 Quibus
1479 2027 1664 2081 utilem
1717 2028 2117 2083 institutionem

540 2117 774 2186 adeptis,
838 2119 1138 2173 verisimile
1184 2127 1304 2174 erat
1365 2135 1556 2174 omnes
1605 2136 1825 2188 quoque
1871 2121 2121 2177 subditos

540 2207 817 2275 profectus
849 2209 1164 2276 huiusmodi
1187 2219 1476 2265 consortes
1512 2211 1725 2266 futuros
1749 2227 1892 2267 esse.

2153 1967 2194 2022 B

538 2298 807 2353 δεύεσθαι.
842 2297 1020 2354 ἾΙσαν
1053 2303 1109 2354 δὲ
1138 2295 1282 2356 οὗτοι
1327 2305 1584 2376 ἄρχοντες
1619 2303 1818 2375 Φαραὼ
1857 2305 1952 2358 καὶ
1985 2305 2193 2375 πρεσδύ

545 2396 792 2460 ἅπαντας
838 2399 935 2469 τῆς
975 2399 1106 2469 παρ’
1154 2399 1337 2452 αὐτῶν
1385 2403 1676 2471 μετασχεῖν
1721 2399 2078 2471 βελτιώσεως.

614 2516 780 2574 Vens.
821 2517 914 2580 23,
959 2516 1049 2570 24.
1094 2517 1158 2570 Et
1197 2518 1414 2572 intravit
1448 2517 1621 2572 Israel
1643 2520 1696 2571 in
1731 2517 2042 2590 Egyptum,
2068 2529 2118 2575 et

541 2611 706 2667 Jacob
742 2609 923 2664 accola
949 2609 1049 2677 fuit
1091 2611 1141 2664 in
1185 2622 1325 2664 terra
1370 2609 1558 2663 Chum.
1590 2608 1659 2662 Et
1693 2612 1841 2663 auxit
1867 2611 2120 2679 populum

543 2721 696 2761 suum
732 2703 1074 2765 vehementer,
1126 2710 1176 2756 et
1233 2702 1464 2770 ﬁrmavit
1521 2717 1640 2755 eum
1685 2717 1841 2769 super
1879 2703 2121 2756 inimicos

543 2797 678 2864 ejus.
711 2794 846 2860 Quis
891 2793 1135 2856 intravit,
1163 2793 1270 2847 nisi
1300 2791 1510 2847 lsmel?
1558 2791 1622 2844 Et.
1653 2792 1776 2861 quis
1801 2793 1987 2846 accola
2023 2792 2125 2847 fuit

544 2891 599 2946 in
631 2899 773 2945 terra
799 2887 989 2953 Cham,
1035 2887 1140 2941 nisi
1177 2884 1386 2940 Jacob?
1464 2885 1560 2941 His
1615 2893 1796 2939 autem
1843 2901 1967 2940 cum
2009 2886 2128 2956 ipse

546 2987 701 3050 pater
751 2986 864 3032 tum
909 2977 1000 3030 lilii
1045 2976 1167 3045 ejus
1220 2975 1591 3032 declarantur.
1628 2975 1764 3030 Cum
1812 2976 1957 3031 enim
2016 2993 2127 3032 non

547 3072 699 3126 solus
725 3069 895 3124 Jacob
926 3068 1245 3132 intraverit,
1301 3069 1394 3122 sed
1427 3069 1590 3123 etiam
1625 3071 1969 3139 septuaginta
2009 3070 2128 3124 ani-

547 3176 651 3215 ma:
675 3175 798 3213 cum
829 3173 915 3221 eo,
958 3158 1258 3212 secundum
1309 3157 1465 3221 illud,
1524 3156 1588 3212 In
1637 3161 1972 3230 septuaginta
2010 3160 2128 3213 ani-

551 3251 737 3306 mabus
786 3249 1053 3304 descendit
1102 3249 1275 3304 Israel
1320 3250 1376 3303 in
1415 3248 1790 3320 zEgyplum";
1834 3251 2040 3305 idcirco
2073 3259 2128 3306 et

2212 661 2322 732 γὰρ
2371 660 2527 713 ἔλυσε
2573 660 2700 722 τοὺς
2743 660 2985 732 ὀνείρους
3030 657 3108 728 τῷ
3136 655 3354 728 Φαραὼ,
3403 655 3481 726 μὴ
3527 650 3615 708 τώ
3653 653 3767 708 Θεοῦ

2213 754 2586 825 παρασχόντος
2640 751 2702 805 τὺ
2759 751 3017 805 δύνασθαι
3074 750 3312 804 συνιέναι
3361 745 3579 808 αὐτούς.
3630 747 3768 799 Ἀπέ-

2214 847 2418 899 στειλε
2457 843 2757 910 ,βασιλεὺς
2791 843 2888 896 καὶ
2916 843 3144 896 ἔλυσεν
3174 839 3382 902 αὐτὸν,
3409 837 3610 906 ἅρχων
3637 838 3766 891 λαοῦ

2215 936 2313 990 καὶ
2337 935 2574 1005 ἀφῆκεν
2594 937 2801 990 αὐτόν.
2832 933 3218 1001 Κατέστησεν
3245 930 3437 986 αὑτὸν
3463 930 3662 996 κύριον
3679 929 3766 981 τοῦ

2215 1028 2388 1082 οἴκου
2437 1026 2648 1089 αὐτοῦ,
2688 1025 2792 1095 χαὶ
2827 1024 3093 1094 ἄρχοντα
3135 1021 3338 1088 πάσης
3376 1018 3492 1086 τῆς
3531 1017 3765 1084 κτήσεως

2216 1120 2425 1183 αὐτοῦ,
2470 1118 2578 1173 τοῦ
2625 1119 2948 1172 παιδεῦσαι
2993 1115 3134 1181 τοὺς
3166 1115 3470 1184 ἄρχοντας
3500 1111 3765 1175 αὑτοῦ,ὡς

2216 1213 2454 1277 ἑαυτὸν,
2493 1211 2592 1264 καὶ
2629 1214 2771 1276 τοὺς
2814 1209 3257 1278 πρεσϐυτέρους
3296 1204 3490 1259 αὐτοῦ
3526 1204 3760 1271 σοφίσαι.

2218 1305 2347 1357 Ὀτε
2381 1303 2670 1374 αὐτάρκως
2704 1299 2960 1372 ἐπυρώθη
2996 1298 3102 1351 ὑπὸ
3131 1297 3238 1350 τῶν
3269 1294 3596 1367 πειρασμῶν
3620 1296 3646 1347 6
3674 1294 3764 1346 Ἰω-

2220 1396 2350 1466 σὴφ,
2371 1395 2494 1447 τόντε
2517 1394 2652 1447 Θεοῦ
2683 1393 3043 1456 ὑποϐαλόντος
3185 1389 3409 1462 Φαραὼ,
3441 1389 3500 1441 ὃν
3524 1388 3613 1441 καὶ
3639 1386 3763 1456 βασι-

2218 1486 2316 1540 λέα
2355 1487 2448 1539 καὶ
2483 1485 2722 1557 ἄρχοντα
2755 1484 2852 1538 νῦν
2880 1486 2908 1537 6
2946 1483 3104 1551 λόγος
3133 1481 3304 1544 καλεῖ,
3347 1480 3538 1533 λύεται
3585 1477 3680 1531 τῶν
3700 1477 3762 1530 δε-

2223 1577 2396 1647 σμῶν,
2437 1578 2532 1630 καὶ
2565 1577 2748 1647 ἄρχων
2778 1573 2872 1628 τοῦ
2920 1576 3071 1628 οἴκου
3103 1573 3195 1626 τοῦ
3249 1571 3522 1643 βασιλέως
3565 1571 3648 1623 καὶ
3679 1567 3762 1620 πά-

2223 1685 2323 1738 σης
2357 1667 2456 1738 τῆς
2487 1667 2733 1736 κτήσεως
2766 1665 2932 1718 αὑτοῦ
2981 1664 3323 1717 καθίσταται.
3367 1659 3649 1731 Ἐξήνεγκε
3680 1655 3762 1726 γὰρ

2222 1760 2402 1823 αὐτὸν,
2437 1759 2513 1823 ὡς
2547 1759 2646 1830 μὲν
2677 1760 2819 1812 εῐποι
2869 1759 2936 1813 ἂν
2986 1760 3016 1812 6
3064 1757 3233 1820 πολὺς
3273 1754 3583 1826 ἄνθρωπος,
3617 1750 3691 1802 διὰ
3719 1748 3764 1799 τὸ

2225 1854 2550 1920 συναγαγεῖν
2577 1850 2648 1904 τὰ
2677 1851 2990 1921 γεννήματα
3013 1849 3115 1919 τῆς
3147 1847 3428 1918 εὐθηνίας,
3454 1846 3547 1898 καὶ
3575 1839 3761 1911 φυλάξαι

2223 1942 2364 1995 αὐτὰ
2393 1944 2472 2006 είς
2504 1942 2696 2012 καιρὸν
2720 1941 2814 1995 τοῦ
2848 1941 3030 2012 λιμοῦ.
3071 1941 3130 1994 '0
3159 1939 3218 1992 δὲ
3257 1937 3456 2009 παρὼν
3486 1936 3630 2004 λόγος
3658 1931 3763 1986 61.66-

2227 2053 2345 2088 σκει
2380 2037 2441 2088 οὐ
2461 2034 2713 2088 τοσοῦτον
2733 2034 2833 2105 τῆς
2863 2034 2972 2087 τῶν
3005 2031 3232 2102 καρπῶν
3261 2028 3515 2100 φυλακῆς
3539 2025 3681 2078 ἓνεκα
3702 2023 3760 2082 εἰς

2225 2127 2322 2198 τὴν
2361 2127 2536 2200 ἀρχὴν
2582 2125 2873 2197 προῆχθαι,
2921 2126 3045 2178 ὅσον
3090 2123 3190 2192 τῆς
3242 2120 3390 2174 κατά
3436 2119 3605 2187 ψυχὴν
3652 2115 3761 2181 ibes-

2225 2217 2374 2280 λείας
2403 2216 2510 2271 τῶν
2540 2217 2840 2288 μελλόντων
2873 2217 2965 2269 ὑπ’
3002 2213 3166 2268 αὐτοῦ
3205 2210 3526 2281 σοφίζεσθαι
3556 2209 3640 2260 καὶ
3667 2220 3758 2255 παι-

2199 2325 2345 2381 τερθι
2365 2327 2378 2341 ’
2415 2303 2490 2365 ὧν
2529 2309 2944 2381 ὠφελουμένων,
2977 2306 3123 2370 εἰκὸς
3150 2303 3217 2378 ἦν
3255 2304 3349 2356 καὶ
3378 2305 3508 2365 τοὺς
3539 2297 3759 2368 ὑπηκόους

2294 2521 2405 2574 Kal
2448 2518 2735 2586 εἰσ-ἦλθεν
2775 2516 3015 2586 Ἰσραὴλ
3059 2518 3146 2582 είς
3191 2515 3525 2585 Αἴγυπτον,
3571 2513 3654 2566 καὶ
3685 2511 3755 2566 Ἰα-

2224 2611 2349 2666 κὼϐ
2371 2613 2730 2680 παρῴκησεν
2753 2609 2824 2662 ἐν
2843 2607 2922 2678 τῇ
2950 2606 3097 2677 Χάμ.
3125 2607 3232 2660 Kal
3257 2606 3500 2674 ηὔξησε
3526 2606 3623 2658 τὸν
3643 2603 3756 2657 sua

2225 2702 2410 2758 αὑτοῦ
2445 2701 2700 2770 σφόδρα,
2727 2700 2824 2753 καὶ
2846 2699 3250 2766 ἐκραταίωσεν
3270 2696 3464 2752 αὐτὸν
3495 2695 3631 2763 ὑπὲρ
3654 2695 3754 2758 τοὺς

2226 2793 2478 2864 ἐχθροὺς
2521 2792 2728 2845 αὑτοῦ.
2775 2791 2871 2853 Τίς
2920 2790 2976 2852 δὲ
3019 2789 3285 2860 εἰσῆλθεν,
3332 2787 3455 2840 ἀλλ’
3489 2788 3520 2858 ἢ
3559 2785 3753 2857 Ἰσρσήὶ,

2229 2886 2340 2940 Καὶ
2385 2886 2468 2946 τίς
2497 2883 2825 2955 παρῴκησεν
2867 2883 2923 2935 ὲν
2951 2884 3022 2954 γῇ
3056 2880 3206 2951 Χὰμ,
3228 2879 3342 2935 ἀλλ’
3373 2880 3410 2951 ἢ
3450 2877 3657 2940 Ἰακώ6;
3683 2880 3756 2945 Δη-

2228 2977 2412 3031 λοῢται
2444 2976 2499 3028 δὲ
2542 2975 2629 3028 διὰ
2666 2974 2870 3027 τούτων
2909 2974 3070 3037 αὐτός
3102 2990 3161 3026 τε
3191 2975 3220 3026 6
3266 2973 3456 3042 πατὴρ
3490 2972 3578 3024 καὶ
3605 2971 3645 3022 οἱ
3670 2967 3756 3020 τοὺ-

2227 3087 2320 3123 του
2376 3068 2587 3131 παῖδες.
2635 3068 2787 3120 Ἐπεὶ
2825 3066 2934 3137 γὰρ
2983 3066 3045 3119 οὐ
3111 3066 3270 3136 μόνος
3319 3064 3541 3134 εἰσῆλθε
3592 3060 3753 3122 Ἰακὼὸ,

2229 3160 2365 3216 ἀλλὰ
2398 3161 2494 3214 καὶ
2540 3159 2912 3229 ἐϐδομήκοντα
2953 3158 3123 3229 ψυχαὶ
3167 3159 3262 3211 σὺν
3315 3155 3490 3228 αὐτῷ,
3533 3155 3655 3208 κατά
3689 3151 3752 3205 τό·

2242 3255 2344 3309 Ἐν
2371 3251 2778 3322 ἑϐδομήκοντα
2807 3251 3034 3318 ψυχαῖς
3064 3250 3280 3316 κατέϐη
3325 3247 3564 3317 Ἰσραὴλ
3596 3249 3668 3310 εἰς
3685 3244 3756 3298 Al-

551 3345 648 3400 ﬁlii
683 3353 738 3400 et
761 3351 918 3414 pater
943 3343 1220 3413 praedictis
1245 3342 1428 3397 verbis
1463 3344 1864 3414 significantur.
1886 3343 1956 3396 Et
1979 3344 2124 3398 auxit

2230 3359 2487 3416 γυπτον·
2518 3344 2608 3398 διὰ
2632 3343 2791 3398 τοῦτο
2813 3344 2907 3396 καὶ
2929 3345 2978 3396 οί
3013 3343 3201 3406 παῖδες
3230 3344 3324 3396 καὶ
3354 3343 3388 3394 6
3415 3343 3592 3413 πατὴρ
3611 3335 3755 3407 ἐδηλώ-

548 3437 801 3507 populum
848 3451 1004 3490 suunt
1038 3434 1381 3499 vehementer,
1427 3444 1476 3489 et
1512 3436 1744 3504 ﬁrmavit
1795 3452 1913 3490 eum
1973 3452 2130 3506 super

550 3529 794 3582 inimicos
822 3527 958 3596 ejus.
1011 3525 1124 3581 Nec
1164 3527 1311 3581 aucti
1341 3543 1441 3582 nec
1477 3527 1677 3580 ﬁrmati
1728 3527 1982 3592 fuissent,
2021 3527 2130 3582 nisi

550 3619 850 3690 Josephum
878 3627 1169 3689 patronum
1200 3618 1348 3674 nacti
1389 3625 1595 3688 essent,
1633 3626 1688 3674 et
1733 3619 1802 3674 ab
1856 3617 2131 3690 Egyptiis

554 3713 819 3770 honorem
852 3711 1216 3782 accepissent,
1255 3711 1350 3782 qui
1383 3710 1607 3783 Joseplii
1664 3711 1838 3782 gratia
1871 3712 2007 3781 ipsis
2033 3711 2129 3766 de-

555 3805 852 3861 ferebatur.

625 3981 789 4039 Vens.
829 3982 1015 4038 25-56.
1048 3982 1318 4038 Convertit
1362 3999 1454 4037 cor
1491 3999 1672 4038 eorum
1713 3993 1770 4037 ut
1803 3983 2010 4038 adirent
2040 4001 2134 4054 po-

554 4074 740 4144 pulum
773 4090 952 4136 suum,
987 4084 1036 4129 et
1067 4074 1248 4128 dolum
1297 4074 1524 4144 facerent
1557 4077 1614 4129 in
1646 4092 1821 4130 servos
1853 4093 1996 4130 suos.
2036 4077 2136 4130 Mi-

557 4170 630 4223 sit
662 4167 897 4236 Moysem
929 4184 1133 4221 servum
1171 4185 1348 4232 suum,
1393 4169 1576 4226 Aaron
1605 4185 1757 4238 quem
1807 4168 1960 4239 elegit
2009 4169 2132 4225 sibi.

560 4257 752 4313 Posuit
773 4260 826 4312 in
847 4261 920 4312 eis
953 4257 1107 4313 verba
1129 4262 1399 4330 signorum
1427 4279 1665 4327 suorum,
1701 4271 1750 4315 et
1775 4261 2137 4332 prodigiorum

559 4365 780 4404 suorum
816 4349 871 4404 in
895 4360 1038 4402 terra
1064 4347 1251 4404 Cham.
1286 4348 1436 4403 Misit
1471 4350 1710 4404 tenebras
1738 4360 1787 4405 et
1815 4349 2134 4419 obscuravit,

560 4441 687 4509 quia
716 4438 1161 4492 exacerbaverunt
1207 4456 1470 4494 sermones
1495 4441 1631 4504 eius.
1670 4439 1938 4496 Convertit
1971 4458 2138 4510 aquas

561 4552 743 4590 eorum
775 4537 831 4590 in
863 4536 1170 4605 sanguinem
1191 4544 1240 4590 et
1285 4535 1472 4589 occidit
1503 4538 1668 4601 pisces
1693 4554 1876 4591 eorum
1957 4536 2140 4592 Edidit

565 4641 708 4682 terra
756 4643 937 4681 eorum
987 4643 1149 4680 ranas
1196 4627 1253 4680 in
1284 4628 1638 4694 penetralibus
1670 4645 1850 4699 regum
1879 4629 2134 4697 ipsorum.

564 4719 718 4774 Dixit
748 4729 797 4771 et
826 4721 962 4773 venit
993 4735 1264 4788 caenomya
1291 4729 1341 4773 et
1377 4720 1606 4787 ciniphes
1659 4721 1714 4772 in
1741 4720 1981 4773 omnibus
2013 4722 2137 4790 ﬁni-

565 4810 660 4864 bus
694 4827 896 4865 eorum.
954 4808 1140 4864 Posuit
1169 4809 1371 4879 pluvias
1401 4827 1580 4864 eorum
1611 4810 1943 4881 grandinem,
1967 4814 2138 4882 ignem

563 4902 958 4957 comburentem
984 4903 1038 4956 in
1067 4912 1211 4956 terra
1274 4904 1530 4972 ipsorum.
1581 4902 1645 4956 Et
1674 4904 1931 4971 percussit
1960 4904 2139 4959 vineas

563 5011 745 5047 eorum
770 5003 818 5048 et
858 4995 1113 5063 ﬁculneas
1157 5010 1356 5059 eorum,
1380 5004 1430 5049 et
1472 4995 1718 5050 contrivit
1751 5012 1902 5050 omne
1941 4996 2140 5064 lignum

569 5087 752 5155 ﬁnium
789 5102 989 5140 eorum.
1027 5085 1201 5154 Dixit,
1233 5097 1285 5142 et
1335 5089 1470 5142 venit
1528 5088 1733 5142 locusta
1787 5099 1836 5144 et
1894 5090 2140 5154 bruchus,

564 5179 721 5247 cujus
777 5196 882 5233 non
933 5187 1048 5232 erat
1080 5196 1350 5243 numerus,
1407 5190 1457 5234 et
1491 5181 1714 5234 comedit
1759 5197 1908 5234 omne
1961 5182 2140 5251 fenum

567 5272 623 5325 in
661 5281 803 5326 terra
864 5288 1074 5336 eorum,
1137 5282 1188 5326 et
1221 5273 1443 5328 comedit
1483 5291 1685 5329 omnem
1725 5275 1952 5343 fructum
1985 5285 2142 5330 terra:

567 5381 768 5418 eorum.
813 5363 880 5416 Et
925 5365 1182 5433 percussit
1225 5381 1375 5420 omne
1439 5367 1843 5437 primogenitum
1894 5368 1950 5420 in
2001 5376 2143 5420 terra

569 5472 773 5520 eorum,
803 5456 1067 5525 primitias
1096 5457 1266 5511 omnis
1311 5456 1510 5512 laboris
1543 5475 1745 5515 eorum.
1778 5458 2143 5525 Quemadmo-

571 5545 700 5598 dum
725 5545 901 5613 primo
933 5543 1228 5615 Josepl‘mm
1256 5547 1505 5616 permisit
1535 5547 1591 5602 in
1641 5547 1960 5602 servitutem
1997 5549 2143 5602 redi-

572 5633 647 5704 gi,
701 5649 764 5687 ac
792 5635 1144 5703 compedibus
1167 5635 1420 5706 ferroque
1444 5637 1750 5706 humiliari;
1797 5637 1992 5694 deinde
2015 5655 2144 5694 vero

573 5733 701 5794 post
753 5725 938 5780 datum
988 5725 1206 5782 virtutis
1269 5728 1723 5799 experimentum,
1800 5729 1869 5785 ad
1919 5746 2146 5802 regnum

647 5882 691 5915 "
730 5879 860 5938 Gen.
901 5897 1022 5949 XLV,
1058 5881 1165 5952 27;
1206 5882 1322 5939 Act.
1357 5899 1464 5951 vn,
1503 5883 1588 5939 Η.

2168 4674 2215 4734 D

2231 3434 2402 3504 θησαν
2432 3433 2520 3487 διὰ
2553 3433 2659 3488 τῶν
2695 3432 3088 3505 προκειμένων.
3112 3432 3224 3486 Kal
3265 3433 3506 3500 ηὔξησε
3526 3433 3623 3485 τὸν
3644 3427 3754 3483 ,ιαόγ

2230 3525 2416 3580 αὐτοῦ
2437 3524 2692 3594 σφόδρα,
2719 3524 2815 3578 καὶ
2849 3523 3253 3591 ἑκραταίωσεν
3278 3523 3472 3576 αὐτὸν
3493 3521 3631 3588 ὑπὲρ
3652 3517 3754 3581 τοὺς

2230 3617 2483 3688 ἐχθροὺς
2524 3616 2732 3672 αὐτοῦ.
2769 3615 2884 3669 Οὐκ
2911 3613 2976 3670 ἂν
3006 3614 3323 3686 ηὐξήθησαν
3355 3615 3482 3668 οὐδὲ
3509 3607 3754 3685 ἐκρατααῦ-

2233 3709 2427 3780 θησαν,
2476 3711 2526 3762 εί
2577 3709 2652 3780 μὴ
2709 3707 2899 3777 ἔτυχον
2947 3707 3252 3779 προστάτου
3308 3708 3529 3778 Ἰωσὴφ,
3581 3701 3754 3770 καὶτῆς

2233 3801 2386 3872 παρὰ
2424 3803 2536 3864 τοῖς
2578 3798 2895 3868 Αἰγυπτίοις
2921 3797 3089 3868 τιμῆς
3125 3798 3215 3852 διὰ
3252 3797 3345 3851 τοῦ
3388 3797 3580 3866 Ἰωσὴφ
3620 3793 3754 3850 αὐτοῖς

2234 3891 2686 3962 παρασχεθείσης.

2245 4035 2247 4038 .
2304 3983 2684 4052 Μετέστρεψε
2723 3983 2839 4051 τὴν
2883 3981 3134 4050 καρδίαν
3170 3977 3369 4033 αὐτῶν
3412 3979 3518 4034 τοῦ
3553 3973 3757 4046 μισῆσαι

2233 4076 2343 4131 τὸν
2377 4079 2531 4131 λαὸν
2559 4074 2766 4140 αὑτοῦ,
2790 4073 2899 4128 τοῦ
2937 4073 3288 4128 δολιοῦσθαι
3313 4072 3382 4125 ἐν
3423 4071 3542 4136 τοῖς
3569 4068 3758 4126 δούλοις

2235 4169 2441 4224 αὐτοῦ.
2485 4166 2900 4233 Ἐξαπέστειλε
2929 4165 3200 4233 Μωῢσῆν
3225 4164 3335 4218 τὸν
3355 4164 3577 4218 δοῦλον
3597 4153 3756 4215 αὑτοῦ,

2250 4260 2463 4330 Ἀαρὼν
2505 4260 2578 4315 ὃν
2619 4260 2939 4326 ἐξελέξατο
2990 4257 3201 4323 ἐαυτῷ.
3245 4259 3457 4340 Ἐθξτο
3493 4256 3558 4308 ἐν
3601 4245 3758 4340 αὐτοίς

2238 4353 2381 4420 τοὺς
2416 4352 2637 4422 λόγους
2675 4351 2794 4405 τῶν
2832 4352 3097 4421 σημείων
3123 4336 3463 4414 αὐτοῦίκαὶ
3495 4345 3604 4400 τῶν
3632 4336 3757 4409 τερά-

2237 4462 2358 4498 των
2400 4444 2586 4498 αὑτοῦ
2612 4443 2682 4498 ἐν
2716 4442 2792 4513 τῇ
2821 4443 2970 4512 Χάμ.
3015 4441 3441 4506 Ἐξαπέστειλε
3465 4439 3662 4500 σκότος
3687 4429 3759 4484 καὶ

2239 4536 2558 4598 ἐσκότασε,
2598 4533 2688 4587 ὅτι
2719 4534 3168 4602 παρεπίκραναν
3190 4531 3332 4598 τοὺς
3357 4533 3572 4600 λόγους
3595 4518 3757 4578 αὐτοῦ.

2240 4627 2618 4694 Μετέστρεψε
2657 4625 2730 4678 τὰ
2763 4625 2954 4681 ὕδατα
2983 4624 3182 4678 αὐτῶν
3215 4627 3303 4689 εὶς
3349 4619 3511 4693 αἷμα,
3540 4619 3624 4674 καὶ
3653 4609 3760 4668 ἀπέ-

2241 4735 2436 4772 κτεινε
2478 4716 2621 4784 τοὺς
2661 4719 2870 4786 ἰχθύας
2913 4715 3131 4770 αὐτῶν.
3169 4715 3480 4786 Ἐξεῖρψεν
3519 4715 3554 4779 ἡ
3589 4707 3655 4778 τῆ
3684 4704 3762 4762 αὐ-

2240 4809 2359 4864 τῶν
2391 4807 2736 4878 βατράχους
2768 4809 2838 4862 ἐν
2885 4807 3010 4875 τοῖς
3054 4809 3312 4878 ταμείοις
3355 4807 3474 4861 τῶν
3507 4798 3763 4870 ,Βασιλέων

2241 4903 2460 4956 αὐτῶν.
2499 4897 2669 4967 Eine,
2697 4901 2797 4957 καὶ
2835 4896 2985 4971 ἦλθε
3016 4901 3312 4969 κυνάμυια
3337 4899 3437 4952 καὶ
3467 4893 3691 4954 σκνῖπες
3711 4885 3762 4937 ἐν

2244 4994 2394 5050 πᾶσι
2431 4994 2555 5060 τοῖς
2583 4994 2768 5062 ὁρίοις
2814 4991 3036 5049 αὐτῶν.
3071 4995 3278 5048 Ἐθετο
3315 4992 3423 5058 τὰς
3455 4984 3661 5057 ,ϐροχάς
3683 4980 3761 5033 αὖ·

2244 5087 2362 5141 τῶν
2399 5083 2685 5156 χάλαζαν,
2718 5087 2838 5153 πῦρ
2870 5083 3248 5154 καταφλέγον
3275 5084 3345 5136 ἐν
3385 5081 3460 5150 τῇ
3492 5078 3563 5149 τῇ
3588 5069 3759 5166 abuit“-

2243 5180 2352 5241 Kal
2386 5178 2645 5243 ἐπάταξε
2672 5177 2778 5244 τὰς
2807 5177 3115 5247 ἀμπέλους
3138 5174 3336 5230 αὐτῶν
3367 5174 3464 5228 καὶ
3492 5170 3590 5235 τὰς
3611 5176 3761 5223 συκας

2244 5270 2461 5337 αὐτῶν,
2508 5271 2606 5325 καὶ
2643 5269 2969 5338 συνέτριψε
3007 5267 3131 5323 πᾶν
3173 5266 3363 5332 ξύλον
3396 5266 3565 5336 ὁρίων
3588 5251 3758 5313 αὐτῶν.

2245 5360 2414 5428 Εἷπε,
2457 5365 2556 5417 καὶ
2603 5358 2790 5433 ἦλθεν
2829 5360 3002 5429 ἀκρίς
3043 5359 3143 5414 καὶ
3181 5358 3466 5428 βροῦχος,
3493 5349 3560 5410 οὗ
3589 5352 3679 5441 οὑξΕ

2247 5455 2512 5525 ἀριθμὸς,
2547 5453 2645 5507 καὶ
2686 5451 2982 5522 κατέφαγε
3021 5451 3220 5506 πάντα
3265 5452 3478 5520 χόρτον
3510 5447 3574 5500 ἐν
3600 5438 3673 5534 .τῇ

2247 5544 2463 5609 αὐτῶν,
2493 5544 2592 5598 καὶ
2623 5542 2916 5612 κατέφαγε
2943 5541 3140 5596 πάντα
3167 5541 3273 5596 τὸν
3305 5540 3530 5609 καρπὸν
3557 5532 3758 5620 chortis

2249 5636 2464 5690 αὐτῶν.
2501 5636 2607 5691 Kal
2651 5633 2910 5694 ἐπάταξε
2937 5633 3060 5690 πᾶν
3104 5635 3475 5702 πρωτότοκον
3510 5628 3573 5680 ἐν
3609 5619 3670 5688 τῇ
3704 5619 3757 5684 Tll

2253 5729 2470 5797 αὐτῶν,
2519 5732 2801 5799 ἀπαρχὴν
2845 5727 3070 5794 παντὸς
3110 5728 3298 5781 πόνου
3344 5721 3549 5780 αὐτῶν.
3595 5715 3756 5782 Ὥσπερ
