3992 6404
286 428 429 485 i509

1345 425 1850 485 COMMENTARIA
1887 426 1954 481 IN
1994 426 2334 484 PSALMOS.

3400 427 3537 484 1510

278 546 368 597 τὸν
414 542 611 614 Ἰωσὴφ
654 542 867 613 πρῶτον
899 544 1171 614 συγχωρεῖ
1197 542 1499 609 δουλεῦσαι,
1542 545 1637 597 καὶ
1670 544 1851 607 πέδαις

1962 544 2166 612 evexit;
2201 545 2282 599 sic
2307 544 2475 597 etiam
2505 558 2655 598 nunc
2682 556 2806 599 cum
2838 544 3002 599 vellet
3063 544 3321 614 populum
3353 545 3539 615 provi-

224 694 227 695 ν
278 639 373 690 καὶ
403 635 603 705 σιδήρῳ
643 636 1072 705 ταπεινωθῆναιο
1100 634 1217 689 εἶτα
1248 635 1387 706 μετὰ
1425 635 1596 689 ταῦτα
1627 636 1855 706 δοκιμὴν

275 728 543 781 δεδωκότα
569 728 669 796 τῆς
692 728 895 791 οἰκείας
920 729 1138 799 ἀρετῆς,
1172 727 1403 798 προάγει
1424 728 1515 780 ἐπὶ
1547 727 1849 797 βασιλείανο

274 818 418 871 οὕτω
446 818 667 884 καὶνῦν,
689 819 1010 890 βουλόμενος
1048 820 1148 890 τῆς
1177 818 1340 873 αὐτοῦ
1382 819 1686 887 ἐπισκοπῆς
1713 835 1851 871 κατ-

272 910 504 977 αξιῶσαι
541 912 631 963 τὸν
676 911 823 974 λαὸν,
877 912 1093 983 πρῶτον
1116 912 1277 964 αὐτὸν
1319 910 1692 981 πειρατηρὶοις
1720 910 1857 963 ἐκδί-

271 1003 456 1066 δωσιν,
512 1002 578 1054 ἵν’
627 1000 852 1073 ὕστερον
900 1001 1064 1073 λεχθῇ
1118 1001 1208 1054 τό·
1262 1002 1372 1054 Καὶ
1423 998 1758 1063 ὲστὲναξαν
1801 1002 1856 1053 οί

271 1093 391 1145 υἱοὶ
449 1091 720 1160 Ἰσραὴλ,
766 1093 865 1145 καὶ
915 1090 1246 1159 ἐκέκραξαν
1290 1090 1440 1158 πρὸς
1484 1090 1703 1157 Κύριον
1749 1088 1856 1142 τὸν

275 1180 425 1235 Θεὸν
456 1180 673 1245 αὐτῶν,
716 1183 814 1235 καὶ
860 1181 1041 1249 ἀνέϐη
1085 1184 1123 1250 ἡ
1152 1180 1275 1247 ,ϐοὴ
1324 1178 1523 1233 αὐτῶν
1563 1179 1713 1246 πρὸς
1748 1179 1856 1232 τὸν

276 1271 427 1324 Θεὸν
455 1272 573 1325 ἀπὸ
600 1272 719 1325 τῶν
748 1273 956 1340 ἔργων.
986 1272 1097 1324 Kal
1127 1269 1493 1336 εἰσήκουσεν
1513 1272 1545 1323 ὸ
1573 1268 1716 1332 Θεὸς
1747 1266 1857 1321 τὸν

273 1364 613 1433 στεναγμὸν
634 1363 859 1417 αὐτῶν·
906 1364 1004 1416 καὶ
1030 1362 1301 1432 ἐμνήσθη
1327 1365 1360 1415 ό
1401 1361 1548 1425 Θεὸς
1579 1359 1691 1428 τῆς
1725 1359 1853 1413 δια-

274 1454 467 1521 θήκης
511 1455 697 1509 αὑτοῦ
735 1454 846 1522 τῆς
891 1454 1041 1522 πρὸς
1077 1455 1323 1522 Ἀϐραὰμ
1371 1452 1471 1506 καὶ
1516 1452 1711 1506 Ἰσαὰκ
1754 1451 1851 1504 καὶ

287 1545 498 1601 Ἰακώϐ.
541 1546 651 1600 Kal
678 1546 915 1599 ἐπεῖδεν
946 1550 978 1599 ό
1017 1544 1161 1610 Θεὸς
1208 1544 1351 1610 τοὺς
1381 1542 1551 1609 υἱοὺς
1593 1541 1850 1609 Ἰσραὴλ,

272 1640 373 1693 καὶ
396 1639 666 1709 ἐγνώσθη
706 1638 929 1704 αὐτοῖς.
970 1637 1188 1708 Ἐπειδὴ
1221 1637 1277 1690 δὲ
1310 1637 1546 1709 εἴρηται,
1578 1635 1659 1688 ὅτι
1683 1633 1853 1704 μετέ-

273 1732 500 1797 στρεψε
544 1728 659 1797 τὴν
690 1728 941 1797 καρδίαν
986 1726 1202 1791 αὐτῶν,
1249 1727 1491 1798 δηλονότι
1541 1725 1647 1778 τῶν
1688 1727 1853 1794 Αἰγυο

272 1823 464 1886 πτίων,
504 1822 608 1875 τοῦ
626 1820 887 1889 μισῆσαι
919 1820 1027 1874 τὸν
1054 1822 1208 1874 λαὸν
1234 1818 1439 1883 αὑτοῦ,
1469 1820 1633 1889 ὲρεῖς,
1671 1819 1751 1870 ὅτι
1776 1817 1853 1869 δι·-

1963 635 2147 689 dentia
2172 651 2271 691 sua
2295 635 2535 705 dignari,
2569 637 2752 706 ipsum
2791 638 2968 707 primo
3000 638 3396 693 tentationibus
3429 647 3541 691 tra-

1964 726 2125 792 didit,
2154 735 2214 780 ut
2249 728 2599 797 postmodum
2635 727 2911 783 diceretur
2955 729 3088 783 illud
3126 745 3139 781 :
3173 728 3241 782 Et
3276 730 3538 800 ingemue-

1962 825 2087 870 runt
2125 817 2227 885 ﬁlii
2273 816 2467 883 Israel,
2528 827 2578 873 et
2629 819 3057 873 exclamaverunt
3116 818 3185 872 ad
3253 819 3537 873 Dominum

1962 907 2131 961 Deum
2162 924 2337 975 suum,
2370 917 2420 961 et
2452 908 2688 962 ascendit
2716 908 2920 961 clamor
2940 924 3121 962 eorum
3160 907 3230 961 ad
3276 908 3439 962 Deum
3470 908 3535 961 ab

1962 998 2203 1066 operibus
2243 1011 2332 1054 :et
2363 999 2633 1053 exaudivit
2681 998 2820 1053 Deus
2851 1002 3099 1070 gemitum
3127 1016 3327 1061 eorum,
3375 1008 3424 1052 et
3457 1016 3537 1053 re-

1962 1090 2212 1145 cordatus
2250 1102 2328 1145 est
2379 1092 2524 1146 Deus
2560 1094 2858 1146 testamenti
2914 1093 2999 1145 sui
3042 1091 3111 1143 ad
3167 1090 3438 1144 Abraham
3486 1102 3536 1145 et

1963 1179 2124 1235 Isaac
2165 1190 2216 1235 et
2258 1179 2449 1238 Iacob.
2484 1180 2556 1234 Et
2614 1182 2839 1248 respexit
2891 1180 3031 1234 Deus
3070 1178 3210 1246 ﬁlios
3263 1178 3458 1241 Israel,
3485 1188 3535 1231 et

1961 1270 2203 1339 cognitus
2232 1278 2309 1323 est
2334 1270 2444 1323 illis
2470 1270 2532 1323 ⁸⁸.
2556 1269 2694 1334 Quia
2734 1284 2867 1324 vero
2910 1270 3116 1323 dictum
3149 1277 3254 1335 est,
3283 1270 3535 1322 convertit

1960 1376 2054 1412 cor
2077 1374 2286 1423 eorum,
2335 1359 2546 1414 scilicet
2578 1359 2992 1431 IEgyptiorum;
3052 1374 3107 1413 ut
3141 1358 3343 1413 adirent
3372 1374 3534 1428 popu-

1962 1451 2071 1504 lum
2100 1451 2213 1520 ejus
2240 1467 2259 1515 ;
2289 1451 2441 1506 dicas
2472 1452 2641 1508 Deum
2677 1452 2783 1508 hoc
2806 1452 2931 1521 jure
2960 1452 3175 1507 fecisse.
3221 1450 3359 1517 Quia
3389 1452 3535 1506 enim

1960 1544 2018 1597 in
2054 1544 2226 1597 multa
2250 1544 2492 1610 licentia,
2543 1544 2796 1599 libertate
2838 1552 2891 1599 et
2931 1544 3139 1599 honore
3173 1544 3316 1615 apud
3368 1542 3537 1613 Atlgy-

1960 1637 2103 1706 ptios
2136 1635 2375 1700 fuerant,
2407 1636 2465 1690 in
2507 1637 2837 1692 oblivionem
2896 1634 2990 1691 Dei
3035 1635 3199 1706 patrii
3249 1635 3333 1690 sui
3373 1651 3536 1689 vene-

1960 1738 2111 1795 runt,
2131 1742 2195 1783 ac
2223 1744 2343 1784 sese
2374 1729 2547 1783 cultui
2583 1728 2966 1799 Egyptiorum
3017 1726 3285 1781 idolorum
3317 1726 3537 1781 dedide-

1959 1830 2108 1874 runt.
2138 1821 2501 1885 Quamobrem
2531 1821 2657 1890 jure
2683 1820 2969 1891 Egyptios
3002 1820 3266 1874 adversus
3299 1820 3421 1875 illos
3444 1835 3538 1873 ex-

272 1910 443 1973 καίως
476 1910 711 1981 ἔπραξεν
744 1911 772 1962 ὁ
809 1910 963 1973 Θεός.
1008 1910 1223 1982 Ἐπειδὴ
1256 1911 1385 1982 γὰρ,
1416 1912 1474 1964 ὲν
1503 1911 1671 1980 πολλῇ
1703 1928 1851 1979 γεγο-

1962 1911 2166 1974 citavit,
2194 1912 2323 1981 quia
2367 1912 2470 1967 sibi
2524 1912 2658 1982 ipsis
2688 1912 2917 1967 fidentes
2950 1912 3118 1965 Deum
3148 1912 3533 1982 neglexerant;

272 2002 421 2065 νότες
454 2002 635 2055 ἀνέσει
669 2001 762 2056 καὶ
810 2001 1094 2073 ἐλευθερίᾳ
1136 2002 1229 2055 καὶ
1262 2004 1393 2072 τιμῇ
1428 2000 1581 2072 παρὰ
1621 2003 1733 2065 τοῖς
1761 2004 1855 2055 Αἰ-

271 2092 539 2159 γυπτίοις,
576 2095 656 2156 εἰς
688 2092 856 2163 λήθην
882 2088 1045 2162 ἦλθον
1067 2092 1160 2145 τοῦ
1193 2092 1446 2164 πατρῴου
1472 2092 1630 2156 Θεοῦ,
1655 2093 1848 2159 ἐξέδω-

272 2200 371 2235 καν
402 2184 458 2236 δὲ
484 2186 710 2248 ἑαυτοὺς
736 2187 854 2247 ταῖς
881 2184 989 2236 τῶν
1021 2185 1332 2253 Αἰγυπτίων
1354 2183 1844 2256 εἰδωλολατρείαις·

269 2272 359 2325 διὰ
407 2273 564 2327 τοῦτο
614 2275 837 2339 δικαίως
892 2276 1078 2338 αὐτοῖς
1136 2274 1471 2345 ὲπανέστησε
1525 2277 1651 2338 τοὺς
1683 2278 1849 2344 Αἰγυ-

1958 2011 2019 2056 ut
2048 2003 2118 2057 ab
2166 2004 2234 2059 iis
2281 2004 2489 2068 aﬂlicti,
2535 2004 2877 2069 ediscerent,
2930 2020 3104 2073 neque
3161 2004 3318 2075 ipsis,
3364 2020 3539 2074 neque

1958 2095 2255 2149 multorum
2286 2095 2574 2149 numinum
2618 2096 2999 2166 superstitioni
3034 2096 3346 2151 haerendum
3375 2112 3531 2164 esse;

1955 2195 2119 2256 atque
2172 2188 2239 2241 ad
2297 2186 2468 2243 Deum
2531 2198 2747 2257 patrum
2808 2204 3034 2243 suorum
3081 2203 3203 2244 sesc
3254 2195 3538 2243 converto-

1952 2284 2075 2331 rent

271 2365 479 2430 πτίυυς,
542 2366 728 2437 ἐπειδὴ
778 2367 1097 2429 πεποιθότες
1145 2367 1357 2430 ἑαυτοῖς
1409 2366 1873 2437 κατωλιγώρησαν
1936 2368 2031 2421 τοῦ
2093 2368 2251 2433 Θεοῦ,
2300 2370 2447 2434 ὅπως
2498 2369 2769 2433 θλιϐέντες
2813 2371 2903 2423 ὑπ’
2952 2371 3131 2423 αὐτῶν
3180 2370 3390 2441 μάθωσι
3438 2371 3536 2441 μὲν

273 2458 347 2527 μὴ
383 2457 666 2528 προσέχειν
700 2458 948 2522 ἐκείνοις,
980 2457 1113 2529 μηδὲ
1151 2460 1217 2529 τῇ
1255 2456 1501 2528 πολυθέῳ
1568 2457 1745 2511 αὐτῶν
1782 2458 2191 2531 δεισιδαιμονίᾳ,
2231 2459 2601 2532 ἐπιστρέψωσι
2642 2459 2699 2513 δὲ
2742 2461 2837 2513 ἐπὶ
2894 2461 2985 2514 τὸν
3037 2461 3168 2514 Θεὸν
3224 2461 3331 2515 τῶν
3382 2462 3535 2515 πατέ-

273 2564 380 2619 ρων
409 2549 606 2604 αὐτῶν.

341 2668 448 2724 Καὶ
480 2667 774 2738 ἐξήγαγεν
800 2668 1022 2735 αὐτοὺς
1059 2669 1129 2722 ἐν
1165 2670 1427 2737 ἀργυρίῳ
1467 2668 1567 2723 καί
1590 2670 1844 2739 χρυσίῳ,

270 2759 369 2814 καὶ
396 2760 507 2812 οὐκ
535 2754 614 2829 ἦν
633 2758 703 2811 ἐν
730 2758 861 2823 ταῖς
892 2757 1113 2827 φυλαῖς
1132 2758 1329 2812 αὐτῶν
1357 2762 1391 2812 ὁ
1418 2757 1709 2813 ἀσθενῶν.
1734 2762 1852 2814 Εὐ-

2022 2668 2189 2725 VERS.
2225 2668 2313 2733 57,
2346 2668 2435 2725 58.
2460 2666 2527 2720 Ει
2550 2664 2766 2721 deduxit
2790 2683 2876 2721 eos
2898 2684 3016 2720 cum
3047 2678 3261 2737 argento
3292 2677 3339 2723 et
3366 2687 3465 2723 aur
3482 2688 3533 2737 ο,

1954 2771 2003 2816 et
2035 2778 2138 2814 non
2169 2770 2283 2815 erat
2335 2761 2390 2814 in
2440 2758 2680 2813 tribubus
2710 2775 2891 2813 eorum
2922 2759 3186 2828 inﬁrmus.
3222 2760 3431 2815 Laetata
3459 2773 3537 2817 est

273 2849 505 2921 φρὰνθη
532 2850 835 2918 Αἴγυπτος
866 2851 934 2904 ἐν
968 2850 1156 2917 ἐξόδῳ
1178 2850 1398 2917 αὐτῶν,
1441 2850 1529 2904 ὅτι
1554 2851 1851 2905 ἐπέπεσεν

1962 2853 2224 2924 ίΕςῃριιιε
2254 2854 2310 2905 in
2359 2853 2681 2922 profectione
2711 2869 2914 2917 eorum,
2943 2853 3068 2923 quia
3116 2853 3350 2907 incubuit
3379 2857 3538 2909 timor

271 2946 305 2997 ὸ
342 2941 527 3011 φόϐος
556 2940 751 2995 αὐτῶν
776 2941 866 2994 ἐπ’
895 2942 1135 3007 αὐτούς.
1177 2942 1233 2994 '0
1254 2942 1386 3005 Θεὸς
1423 2943 1749 3015 προστάττει
1780 2942 1851 3013 τῷ

1962 2961 2141 2999 eorum
2167 2960 2323 3013 super
2352 2961 2460 2999 eos.
2494 2943 2638 2998 Deus
2659 2958 2756 3013 per
2778 2942 3016 3014 Moysem
3037 2944 3236 3013 populo
3264 2946 3533 3016 prmcipit,

269 3033 383 3103 λαῷ
414 3033 503 3087 διὰ
526 3032 804 3096 Μωῦσέως
834 3032 1123 3085 σκυλεῦσαι
1149 3033 1272 3095 τοὺς
1288 3034 1612 3101 Αἰγυπτίους
1623 3034 1698 3096 ὡς
1720 3051 1851 3087 νενι-

1966 3045 2026 3091 υι
2059 3037 2629 3108 Ᾱίςγριίοεῑεηψιθω
2664 3037 2839 3090 victos
2873 3036 3127 3105 spolient,
3165 3052 3228 3091 ac
3262 3037 3537 3092 diuturna:

269 3124 560 3196 κημένους,
612 3123 708 3177 καὶ
738 3124 927 3193 μισθὸν
962 3124 1092 3195 παρ’
1121 3124 1301 3177 αὐτῶν
1324 3124 1719 3195 εἰσπράξασθαι
1756 3126 1851 3196 τῆς

1964 3128 2108 3198 apud
2141 3128 2264 3183 illos
2292 3127 2596 3190 servitutis,
2629 3142 2738 3197 qua
2787 3127 2913 3181 illos
2954 3134 3361 3197 Oppresserant,
3398 3144 3538 3199 prae-

277 3217 674 3287 μακροχρονίου
722 3214 985 3279 δουλείας,
1028 3211 1097 3287 ἦς
1138 3215 1334 3278 αὐτοὺς
1368 3216 1851 3272 κατεδουλώσαντο.

1962 3220 2129 3273 mium
2158 3226 2435 3289 expetant.
2468 3218 2536 3271 Et
2565 3235 2670 3273 non
2696 3229 2811 3273 erat
2844 3221 2898 3273 in
2963 3218 3199 3273 tribubus
3240 3236 3420 3273 eorum
3451 3223 3535 3275 in-

269 3309 383 3363 Kal
414 3311 526 3363 οὐκ
557 3304 637 3379 ἦν
683 3308 812 3374 ταῖς
855 3308 1076 3377 φυλαῖς
1122 3310 1322 3362 αὐτῶν
1366 3310 1398 3363 ὁ
1431 3308 1727 3365 ἀσθενῶν.
1783 3309 1851 3364 Tit

1962 3307 2168 3377 ﬁrmus.
2185 3305 2453 3376 Quodque
2471 3305 2643 3361 multo
2669 3306 2977 3361 mirabilius
3005 3314 3144 3372 erat,
3176 3319 3298 3376 post
3322 3314 3535 3361 tantum

269 3401 380 3473 γὰρ
420 3400 601 3472 πολλῷ
640 3401 1074 3471 παραδοξότερον
1124 3400 1283 3455 τοῦτο
1328 3395 1418 3472 ἦν,
1458 3403 1540 3455 ὅτι
1575 3401 1715 3472 μετὰ
1764 3404 1851 3456 τὸν

1962 3400 2227 3461 laborem,
2257 3406 2383 3469 post
2424 3399 2659 3454 laterum
2687 3398 3017 3461 coctionem,
3039 3405 3164 3466 post
3192 3403 3397 3451 tantam
3433 3400 3531 3453 mi-

270 3492 453 3556 πόνον,
495 3491 634 3563 μετὰ
652 3492 751 3563 τὴν
781 3490 1078 3555 πλινθείαν,
1112 3490 1249 3562 μετὰ
1265 3490 1362 3562 τὴν
1386 3491 1651 3563 τοσαύτην
1671 3493 1856 3547 ταλαι-

270 3582 480 3652 πωρίαν
503 3582 597 3635 καὶ
624 3583 724 3645 τὰς
751 3582 1039 3651 μάστιγας,
1070 3580 1189 3634 οὐδὲ
1214 3580 1297 3644 εἰς
1324 3577 1392 3653 ἦν
1420 3583 1449 3635 ό
1478 3582 1743 3646 ἀσθενῶν,
1762 3585 1854 3637 καὶ

270 3671 429 3725 τοῦτο
455 3672 723 3726 τοσούτων
756 3672 980 3744 πληγῶν
1025 3676 1083 3726 ὲν
1108 3673 1377 3743 Αἰγύπτῳ
1404 3674 1849 3745 κατενεχθεισῶν.

271 3764 443 3817 Τοῦτο
472 3765 568 3818 καὶ
596 3766 696 3836 τῆς
738 3765 953 3835 φύσεως
983 3767 1152 3838 αὐτῆς
1195 3767 1292 3838 τὴν
1341 3767 1660 3821 ἀκολουθίαν
1690 3769 1855 3839 ὑπερ-

271 3853 506 3909 ἔϐαινεν.

340 3944 661 4001 Διεπέτιισε
688 3945 953 4016 νεφέλην
971 3950 1058 4013 εις
1085 3947 1325 4018 σκεπὴν
1352 3950 1578 4017 αυτοῖς,
1610 3950 1708 4005 καὶ
1731 3950 1852 4020 πῦρ

269 4039 376 4091 τοῦ
408 4039 662 4107 φωτίσαι
686 4040 889 4106 αὐτοῖς
920 4040 1036 4109 τὴν
1054 4043 1267 4095 νύκτα.
1304 4043 1537 4099 Διελθὼν
1564 4045 1664 4108 τὰς
1713 4044 1853 4099 κατὰ

270 4130 374 4183 τῶν
403 4132 713 4198 Αἰγυπτίων
746 4132 1033 4201 μάστιγας,
1070 4134 1379 4198 ἀκολούθως
1408 4135 1725 4206 μεταϐαίνει
1759 4136 1853 4189 ἐπὶ

269 4221 370 4280 τὰς
399 4222 699 4291 γενομένας
730 4222 807 4292 τῷ
842 4224 1059 4295 Ἰσραὴλ
1090 4226 1437 4296 εὐεργεσίας⁹
1462 4227 1596 4298 ὸμοῦ
1627 4229 1725 4299 μὲν
1759 4229 1853 4282 καὶ

271 4313 416 4382 ἡμᾶς
454 4314 779 4384 προτρέπων
808 4315 1029 4383 φεύγειν
1057 4318 1148 4370 τὸν
1185 4317 1478 4381 Αίγύπτιον
1507 4321 1726 4385 τρόπον,
1777 4323 1852 4387 ὡς

270 4399 336 4452 ἂν
371 4400 445 4471 μὴ
466 4405 578 4465 τοῖς
609 4403 743 4466 ῐσοις
775 4406 1162 4476 περιπέσωμεν
1182 4424 1193 4438 ·
1228 4407 1480 4479 εὔχεσθαι
1508 4410 1565 4463 δὲ
1595 4407 1732 4465 εἶναι
1754 4413 1852 4483 τῆς

1956 3490 2156 3546 seriam
2189 3500 2244 3544 et
2296 3496 2376 3544 tot
2430 3489 2689 3552 verbera,
2733 3503 2803 3543 ne
2841 3503 2986 3542 unus
3019 3486 3239 3557 quidem
3283 3488 3535 3544 infirmus

1954 3587 2103 3646 erat,
2124 3578 2286 3648 idque
2316 3579 2483 3633 tantis
2509 3579 2683 3649 plagis
2714 3576 2952 3648 Egypto
2972 3577 3156 3633 illatis.
3198 3575 3313 3632 Hoc
3348 3580 3535 3648 utique

1954 3676 2165 3724 natura:
2196 3669 2443 3725 ordinem
2478 3666 2839 3723 transcendit.

2024 3949 2193 4005 Vens.
2229 3950 2318 4005 59.
2376 3946 2648 4017 Expendit
2679 3943 2868 3999 nubem
2914 3944 2970 3997 in
3018 3944 3394 4011 protectionem
3437 3960 3527 3997 eo-

1955 4059 2095 4107 rum,
2128 4051 2179 4096 et
2205 4043 2398 4112 ignem,
2429 4048 2489 4093 ut
2513 4039 2705 4092 luceret
2735 4037 2809 4091 eis
2840 4051 2932 4105 per
2959 4047 3186 4092 noctem.
3222 4033 3531 4091 Receusitis

1956 4132 2341 4203 Egyptiorum
2374 4131 2571 4201 plagis,
2604 4136 3005 4198 consequenter
3036 4129 3237 4183 transit
3264 4127 3329 4183 ad
3366 4129 3531 4185 bene-

1954 4223 2077 4277 ﬁcia
2108 4222 2293 4278 lsraeli
2323 4223 2521 4277 collata
2561 4240 2574 4275 :
2602 4221 2762 4276 simul
2799 4235 2902 4276 nos
2925 4219 3227 4276 admonens
3262 4231 3321 4274 ut
3348 4221 3531 4292 Egy-

1954 4315 2167 4385 ptiacos
2199 4328 2381 4368 mores
2415 4312 2711 4383 fugiamus,
2748 4328 2817 4367 ne
2870 4313 2926 4365 in
2973 4313 3125 4381 paria
3182 4312 3526 4379 incidamus;

1956 4418 2350 4474 precemurque
2404 4410 2465 4457 ut
2512 4402 2569 4456 in
2616 4402 2869 4472 portione
2898 4394 2999 4455 Dei
3047 4402 3410 4465 ascribamur,
3440 4404 3527 4458 cui

275 4492 490 4562 μερίδος
518 4492 609 4580 τοῦ
636 4494 792 4559 Θεοῦ,
871 4500 1098 4568 παρεῖχε
1124 4498 1221 4561 τὰς
1242 4499 1300 4563 ἐξ
1329 4500 1494 4554 αὐτοῦ
1514 4503 1850 4573 εὐεργεσίαςο

1962 4497 2219 4553 beneficia
2264 4510 2364 4551 sua
2414 4495 2719 4564 impertiit:
2772 4495 3010 4563 itemque
3068 4508 3528 4562 commemorans,

272 4580 408 4650 όμοῦ
440 4582 532 4634 καὶ
566 4576 639 4635 ὧν
664 4583 973 4656 ἠξιώθησαν
1004 4588 1322 4657 παραδόξων
1344 4590 1479 4643 Θεοῦ
1518 4594 1567 4644 οἰ
1600 4593 1665 4645 ἐκ
1690 4611 1847 4665 περι-

272 4672 445 4742 τομῆς
476 4674 849 4743 μνημονεύων,
874 4679 955 4739 εἰς
989 4677 1210 4749 ἔλεγχον
1247 4680 1344 4750 μὲν
1369 4679 1464 4733 τοῦ
1499 4683 1679 4737 αὐτῶν
1701 4685 1848 4738 ὲκεί-

273 4778 380 4814 νων
434 4762 655 4831 τρόπου,
710 4765 1003 4835 ἀπολογίαν
1032 4767 1090 4820 δὲ
1140 4769 1243 4839 τῆς
1290 4770 1429 4841 μετὰ
1464 4771 1638 4825 ταῦτα
1668 4772 1850 4828 αὐτῶν

274 4855 561 4927 ἀποϐολῆς.

352 4950 599 5019 "litigas,
622 4951 719 5003 καὶ
747 4946 1373 5022 ἦλθεν-ὀρτυγομήτρα,
1410 4955 1507 5009 καὶ
1533 4956 1727 5024 ἄρτων
1752 4959 1851 5011 οὺ-

265 5040 457 5108 ριινοῦ
481 5040 822 5108 ἐνέπλησεν
853 5044 1092 5109 αὐτούς.
1138 5043 1454 5113 Ἀνέρρηξε
1486 5046 1731 5114 πέτραν,
1753 5047 1851 5101 καὶ

274 5132 581 5200 ἐρρύησαν
628 5133 836 5197 ὕδατα,
867 5135 1286 5203 ἐπορεύθησαν
1320 5138 1389 5190 ἐν
1426 5138 1708 5207 ἀνύδροις
1744 5152 1852 5190 πο-

274 5223 447 5291 ταμοί
462 5240 475 5252 ’
514 5224 602 5276 ὅτι
629 5223 903 5293 ἐμνήσθη
944 5225 1051 5279 τοῦ
1075 5228 1263 5295 λόγου
1294 5227 1402 5281 τοῦ
1440 5229 1612 5296 ἁγίου
1642 5229 1851 5293 αὐτοῦ,

272 5312 380 5366 τοῦ
407 5314 555 5381 πρὸς
589 5315 833 5384 Ἀϐραὰμ
847 5316 952 5369 τὸν
966 5316 1406 5373 δοῦλοναῠτοῦ.
1441 5320 1551 5372 Καὶ
1571 5322 1599 5373 ὸ
1614 5320 1855 5391 Μωῦσῆς

274 5402 329 5455 δὲ
371 5405 428 5456 ὲν
472 5405 873 5475 Δευτερονομίῳ
918 5406 1055 5477 πρὸς
1086 5406 1284 5471 αὐτούς
1317 5425 1479 5479 φησιο
1519 5408 1618 5477 Μὴ
1653 5411 1848 5479 εἴπῃς

275 5494 378 5545 Διὰ
402 5494 510 5558 τὰς
550 5493 940 5561 δικαιοσύνας
981 5515 1103 5565 μου
1142 5498 1401 5568 ἐξήγαγέ
1424 5516 1500 5567 με
1536 5500 1752 5566 Κύριος
1783 5500 1852 5553 ἐκ

276 5580 388 5649 γῆς
408 5584 731 5650 Αἰγύπτου,
752 5585 912 5638 ἀλλὰ
940 5585 1036 5638 διὰ
1057 5586 1164 5641 τὸν
1195 5586 1376 5654 ὅρκον
1400 5588 1473 5641 ὃν
1503 5588 1699 5658 ὤμοσε
1735 5591 1851 5643 Κύ-

263 5690 399 5740 ριος
444 5674 569 5741 τοῖς
603 5675 902 5743 πατράσιν
946 5676 1129 5746 ὑμῶν.
1172 5680 1283 5736 Καὶ
1318 5678 1519 5757 γνώσῃ
1554 5681 1844 5751 σήμερον,

354 5830 399 5862 σε
437 5828 606 5887 Exod.
650 5846 721 5895 ιι,
756 5830 826 5885 23
846 5831 999 5903 -25,

1956 4589 2177 4661 quantis
2225 4586 2320 4642 Dei
2367 4586 2714 4642 mirabilibus
2770 4587 3024 4657 dignatus
3077 4586 3149 4640 sit
3199 4586 3433 4655 populus
3462 4602 3527 4641 ex

1956 4684 2407 4749 circumcisione;
2431 4690 2492 4736 ιιι
2513 4696 2706 4737 eorum
2755 4696 2936 4736 mores
2977 4685 3261 4749 coarguat,
3293 4679 3528 4748 justam-

1956 4793 2065 4849 que
2088 4775 2410 4847 abjectionis
2437 4788 2627 4829 eorum
2656 4786 2877 4827 causam
2916 4776 3333 4826 commonstret.

2021 4950 2186 5007 Vens.
2222 4948 2407 5004 40-45.
2442 4946 2628 5012 Petiit,
2659 4956 2708 5001 et
2752 4947 2889 5002 venit
2921 4946 3190 5013 coturnix,
3220 4954 3269 4998 et
3300 4944 3527 5013 panibus

1950 5044 2063 5098 cwli
2079 5042 2294 5112 replevit
2323 5056 2432 5094 eos.
2465 5039 2681 5107 Dirupit
2700 5049 2931 5107 petram,
2978 5047 3027 5092 et
3056 5038 3325 5106 ﬂuxerunt
3353 5053 3523 5107 aquaz,

1950 5143 2237 5190 manarunt
2257 5135 2315 5187 in
2345 5132 2616 5201 inaquosis
2640 5131 2885 5199 ﬂumina.
2914 5130 3177 5195 Quoniam
3210 5144 3406 5182 memor
3426 5128 3527 5197 fuit

1951 5225 2093 5281 verbi
2158 5224 2331 5279 sancti
2377 5224 2480 5286 sui,
2517 5221 2654 5292 quod
2686 5221 2869 5275 habuit
2911 5221 2980 5275 ad
3008 5219 3279 5273 Abraham
3320 5236 3524 5274 servum

1956 5333 2131 5371 suum.
2157 5316 2251 5371 Sic
2274 5315 2405 5369 item
2449 5311 2664 5384 Moyses
2704 5312 2827 5367 illos
2856 5311 2911 5365 in
2944 5310 3365 5366 Deuteronomio
3392 5311 3526 5366 allo-

1954 5409 2143 5478 quitur
2170 5426 2183 5461 :
2211 5404 2293 5459 Ne
2320 5403 2467 5457 dicas
2502 5420 2519 5457 :
2550 5403 2773 5473 Propter
2801 5404 3044 5473 justitias
3072 5420 3214 5457 meas
3242 5402 3425 5457 eduxit
3446 5420 3526 5458 me

1959 5498 2214 5551 Dominus
2261 5495 2323 5549 de
2353 5504 2496 5548 terra
2518 5492 2760 5564 ZEgypti,
2787 5493 2877 5549 sed
2897 5502 3102 5562 propter
3139 5491 3524 5562 jusjurandum

1950 5588 2088 5659 quod
2108 5588 2312 5657 juravit
2340 5586 2596 5640 Dominus
2626 5585 2867 5656 patribus
2912 5585 3116 5640 vestris.
3163 5583 3231 5636 Et
3250 5600 3522 5653 cognosces

1951 5680 2101 5737 hodie
2126 5681 2251 5751 quia
2290 5696 2392 5735 non
2420 5688 2630 5748 propter
2649 5678 2890 5747 justitias
2932 5688 3052 5733 tuas
3092 5676 3347 5732 Dominus
3382 5675 3521 5735 Deus
