3992 6404
454 448 588 505 15η

1190 454 1459 511 EUSEBII
1495 454 1973 511 CAESARIENSIS
2011 457 2163 517 OPP.
2206 460 2386 516 PARS
2425 461 2511 517 111.
2546 492 2620 503 -
2653 462 3065 522 EXEGETICA.

3575 470 3738 524 1512

453 576 573 620 tuus
622 567 714 621 dat
764 568 858 623 tibi
902 578 1098 625 terram
1136 572 1325 627 bonam
1354 574 1487 631 hanc
1525 575 1593 629 ad
1636 577 2029 644 possidendum,

2151 583 2225 635 ὅτι
2250 584 2384 651 οὐχὶ
2415 584 2511 637 διὰ
2540 584 2644 650 τὰς
2676 585 3069 653 δικαιοσύνας
3099 604 3235 652 σου,
3269 568 3483 657 Κύριος
3511 594 3545 643 ὀ
3571 593 3740 656 Θεός

450 661 575 729 quia
604 660 827 727 populus
859 661 1009 717 dura:
1034 666 1250 719 cervicis
1293 683 1347 721 es
1373 669 1439 723 ⁶⁹.
1474 668 1540 721 Ει
1570 669 1751 721 eduxit
1776 671 2028 738 populum

453 769 611 808 suum
644 754 701 807 in
733 755 1106 822 exsultatione,
1134 769 1184 812 et
1203 761 1393 813 electos
1432 778 1556 815 suos
1590 763 1644 816 in
1679 762 1885 816 lwtitia.
1906 762 2031 817 Sin-

449 844 575 915 gula
592 846 737 899 enim
762 861 883 912 qua:
908 850 1254 918 contigerunt
1277 851 1639 907 admiratione
1666 853 1831 924 digna
1849 862 2026 920 erant,

449 944 505 991 et
556 937 822 1009 prodigiis
870 940 1049 1010 plena,
1084 948 1144 995 ut
1173 942 1320 1012 quod
1355 943 1490 1014 ipsis
1532 946 1860 1015 pellentibus
1902 962 2031 1001 cum

452 1030 731 1099 voluptate
793 1030 1179 1097 liberarentur,
1215 1034 1361 1103 quod
1409 1050 1536 1089 cum
1579 1037 1917 1092 abundantia
1948 1054 2033 1094 re-

453 1135 597 1187 rum,
623 1122 770 1194 quod
818 1138 945 1179 cum
1003 1126 1244 1195 perfecta
1288 1129 1539 1183 sanitate.
1597 1129 1666 1182 Et
1732 1130 1875 1185 dedit
1920 1130 2030 1185 illis

451 1215 686 1285 regiones
718 1218 975 1286 gentium,
1003 1228 1053 1271 et
1078 1217 1285 1273 labores
1316 1222 1631 1288 populorum
1663 1222 2027 1291 possederunt.

452 1310 571 1365 Non
602 1312 748 1366 enim
801 1313 980 1367 solum
1017 1328 1049 1367 a
1102 1314 1354 1383 pristinis
1413 1317 1688 1382 liberavit,
1720 1317 1816 1373 sed
1867 1318 2030 1372 etiam

452 1403 631 1458 aliena
651 1402 787 1473 ipsis
816 1404 1063 1470 tradidit,
1094 1423 1273 1478 neque
1304 1410 1549 1480 permisit
1579 1418 1639 1464 ut
1672 1411 1847 1465 labori
1871 1425 2033 1464 vaca-

452 1502 596 1561 rent,
634 1506 691 1549 ut
718 1498 1025 1550 custodiant
1057 1498 1470 1569 justiﬁcationes
1495 1500 1697 1571 ejus,et
1729 1502 1889 1571 legem
1918 1501 2031 1570 ejus

451 1588 746 1658 requirant.
778 1587 905 1643 Haec
932 1591 1208 1657 promisit,
1246 1592 1374 1661 quia
1414 1591 1792 1645 custodierant
1829 1592 2035 1660 justiﬁ-

452 1679 700 1735 cationes
729 1680 870 1749 ejus.
903 1677 1054 1737 Talis
1082 1684 1283 1754 quippe
1313 1682 1458 1739 Deus
1488 1693 1592 1746 est,
1630 1692 1689 1737 ut
1720 1684 2035 1738 misericor-

453 1770 603 1824 diam
643 1785 802 1825 suam
839 1772 1195 1843 diligentibus
1251 1792 1311 1830 se
1362 1775 1418 1828 in
1460 1774 1706 1829 millibus
1756 1775 2028 1829 exhibeat.

455 1857 554 1914 llis
574 1868 755 1916 autem
782 1862 1001 1918 illorum
1029 1866 1321 1935 nepotibus
1346 1866 1476 1918 talia
1506 1866 1757 1935 praestitit
1782 1874 1837 1921 et
1868 1866 2033 1936 largi—

2135 692 2251 731 σου
2276 676 2490 731 δίδωσί
2518 693 2617 731 σοι
2638 678 2753 744 τὴν
2766 677 2882 747 γῆν
2912 679 3026 747 τὴν
3056 680 3291 749 ἀγαθὴν
3314 684 3540 747 ταύτην
3570 686 3742 749 κλη-

2128 768 2490 839 ρονομῆσαι,
2536 770 2625 824 ὅτι
2647 770 2799 836 λαὸς
2825 772 3367 841 σκληροτράχηλος
3390 770 3462 826 εἷ.
3482 775 3597 827 Καὶ
3622 775 3745 838 ἐξ-

2134 861 2321 932 ήγαγε
2370 863 2478 915 τὸν
2522 862 2677 917 λαὸν
2709 864 2896 918 αὐτοῦ
2919 865 3393 933 ὲνὰγαλλιάσει,
3427 872 3527 921 καὶ
3578 870 3743 934 τοὺς

2134 953 2457 1018 ἐκλεκτοὺς
2474 953 2661 1007 αὐτοῦ
2684 954 2754 1006 ἐν
2785 956 3154 1023 εὐφροσύνῃ.
3186 956 3455 1009 ’Ἐκαστον
3478 957 3593 1029 γάρ
3611 958 3743 1011 τῶν

2135 1045 2443 1116 γενομένων
2473 1048 2553 1109 είς
2586 1045 2771 1117 θαῦμα.
2812 1047 3068 1116 μέγιστον
3096 1045 3185 1119 ἦν,
3231 1051 3325 1103 καὶ
3357 1052 3563 1122 πολλὴν
3611 1048 3744 1123 εἶχε

2135 1137 2239 1207 τὴν
2263 1136 2737 1209 παραδοξοποιίαν,
2763 1138 2822 1189 τὸ
2851 1138 3228 1208 ἀπαλλαγῆναι
3253 1141 3369 1210 μεθ’
3391 1142 3593 1212 ἡδονῆς
3618 1143 3746 1195 τῶν

2136 1227 2420 1281 ὠθούντων
2442 1228 2686 1292 ἐκείνων,
2718 1230 2810 1281 καὶ
2834 1231 2951 1298 μετ’
2988 1231 3248 1301 εὐπορίας
3280 1233 3521 1301 ἁπάσης,
3560 1233 3628 1285 τὺ
3678 1236 3747 1286 ἐν

2143 1317 2303 1388 ὑγεία
2354 1316 2571 1388 καθαρᾷ
2621 1318 2758 1387 (sic).
2818 1318 2933 1373 Kal
2979 1319 3201 1373 ἔδωκεν
3265 1320 3472 1387 αὐτοῖς
3523 1322 3747 1390 χώρας

2136 1408 2347 1475 ἐθνῶν,
2388 1409 2487 1461 καὶ
2518 1411 2746 1475 πόνους
2784 1410 2950 1464 λαῶν
2986 1414 3629 1481 κατεκληρονόμησαν.
3655 1416 3744 1467 Oi:

2137 1500 2245 1571 γὰρ
2273 1500 2336 1572 δὴ
2358 1501 2516 1570 μόνον
2552 1500 2661 1554 τῶν
2690 1502 2967 1572 προτέρων
3006 1502 3338 1573 ἀπήλλαξεν,
3367 1504 3504 1557 ἀλλὰ
3531 1507 3635 1558 καὶ
3667 1506 3749 1558 τὰ.

2137 1591 2245 1646 τῶν
2262 1592 2462 1659 ἐτέρων
2486 1592 2685 1645 ἔδωκεν
2698 1593 2901 1657 αὐτοῖς,
2930 1594 3169 1664 οὐδαμοῦ
3197 1598 3377 1647 πονεῖν
3402 1597 3744 1667 συγχωρῶν,

2138 1682 2297 1748 ὅπως
2317 1684 2394 1737 ἂν
2425 1683 2740 1752 φυλάεωσι
2780 1684 2851 1737 τὰ
2883 1686 3243 1754 δικαιώματα
3272 1689 3602 1754 (ιὺτοῦ,καὶ
3630 1690 3746 1742 τὸν

2138 1776 2326 1844 νόμον
2372 1775 2561 1829 αὑτοῦ
2620 1775 3019 1844 ἐκζητήσωσι.
3075 1779 3259 1833 Ταῦτα
3312 1781 3743 1851 ἐπηγγείλατο,

2138 1866 2326 1936 ἐπειδὴ
2356 1866 2627 1935 ἐφύλαξαν
2650 1866 2719 1918 τὰ
2743 1868 3088 1938 δικαιώματα
3117 1871 3305 1924 αὐτοῦ.
3338 1871 3603 1933 Τοιοῦτος
3628 1872 3747 1941 γάρ

456 1959 546 2007 tus
573 1959 696 2007 est:
728 1954 1025 2011 cobortans
1055 1964 1111 2011 et
1157 1958 1445 2012 concitans
1480 1972 1577 2013 eos
1607 1959 1675 2013 ad
1721 1960 2038 2015 custodien-

2151 1960 2285 2011 ἐστιν
2322 1959 2350 2009 6
2375 1958 2530 2022 Θεὸς,
2566 1959 2739 2013 ποιῶν
2781 1960 2929 2022 ἕλεος
2963 1961 3041 2023 είς
3090 1960 3332 2031 χιλιάδας
3360 1964 3474 2025 τοῖς
3501 1963 3747 2029 (rrum?)—

457 2041 560 2097 das
583 2044 1015 2112 justiﬁcationes
1047 2047 1221 2116 ipsius
1258 2055 1313 2103 et
1334 2050 1504 2116 legem
1540 2050 1715 2119 ipsius
1746 2052 2039 2122 exquiren-

2151 2066 2230 2104 σιν
2255 2050 2439 2106 αὐτόν.
2481 2050 2703 2115 Τούτοις
2732 2052 2789 2107 δὲ
2823 2054 2937 2113 τοῖς
2962 2051 3185 2106 ἐκείνων
3224 2053 3519 2121 ἀπογόνοις
3544 2052 3628 2106 τὰ
3655 2071 3747 2106 το-

455 2132 601 2185 dam.
655 2133 761 2189 Sed
815 2139 946 2207 quia
1003 2146 1083 2194 tot
1132 2139 1341 2209 dignati
1392 2140 1573 2205 bonis,
1618 2142 1876 2211 praedicta
1928 2159 2039 2200 non

2151 2138 2325 2193 σαῦτα
2358 2142 2602 2213 παρέσχε
2652 2142 2746 2195 καὶ
2797 2140 3106 2210 ἐχαρίσατο,
3154 2143 3481 2213 προτρέπων
3531 2144 3745 2204 αὐτοὺς

457 2225 869 2292 custodierunt,
909 2238 1042 2284 tunc
1089 2230 1268 2285 ablata
1313 2231 1380 2285 ab
1415 2232 1553 2302 ipsis
1584 2234 1759 2303 gratia
1794 2242 1901 2299 est,
1937 2250 2039 2290 nec

2151 2232 2240 2286 καὶ
2266 2232 2568 2303 παρορμῶν
2602 2233 2683 2295 είς
2714 2232 2776 2285 τὸ
2805 2232 3095 2301 φυλάττειν
3128 2234 3197 2287 τὰ
3240 2233 3603 2302 δικαιώματα
3640 2239 3744 2288 ui»

457 2319 620 2373 modo
677 2325 879 2374 terram
935 2324 1260 2389 amiserunt,
1293 2325 1389 2380 sed
1436 2326 1601 2379 etiam
1650 2340 1679 2378 a
1737 2326 1846 2380 Deo
1899 2327 2039 2395 lapsi

458 2418 606 2477 sunt,
657 2428 723 2468 ac
768 2413 1011 2485 gentium
1062 2424 1116 2470 et
1164 2416 1516 2471 inimicorum
1564 2417 1710 2471 servi
1756 2426 1886 2473 sunt
1962 2418 2043 2473 ef—

458 2500 608 2559 fecti.

2143 2323 2267 2389 τοῦ,
2306 2325 2399 2376 καὶ
2441 2324 2532 2375 τὸν
2577 2323 2739 2392 νόμον
2780 2324 2945 2376 αὐτοῦ
2991 2326 3261 2394 ἐκζητεῖν.
3319 2324 3459 2376 Ἀλλ’
3492 2325 3582 2376 ὃτι
3634 2325 3747 2379 τῶν

2139 2416 2410 2470 τοσούτων
2437 2416 2731 2486 ἠξιωμένοι
2772 2417 2873 2468 οὐκ
2912 2414 3183 2484 ἐφύλαξαν
3220 2416 3289 2469 τὰ
3322 2418 3638 2487 εἰρημένα,
3682 2418 3749 2473 τὸ

2151 2508 2441 2579 τηνικαῦτα
2467 2508 2609 2578 ἤρθη
2639 2509 2734 2561 ἀπ’
2764 2509 2943 2562 αὐτῶν
2969 2512 3002 2579 ἡ
3034 2508 3214 2578 χάρις,
3239 2508 3334 2560 καὶ
3362 2510 3423 2561 ού
3448 2509 3624 2577 μόνον
3646 2509 3747 2578 τὴν

457 2593 562 2664 γῆν
591 2594 896 2663 ἀπώλεσαν,
918 2596 1055 2652 ἀλλὰ
1083 2598 1175 2651 καὶ
1204 2598 1297 2652 τοῦ
1319 2598 1455 2651 Θεοῦ
1481 2599 1888 2663 ἐκπεπτώκασι,
1913 2599 2090 2653 δοῦλοί
2127 2617 2188 2653 τε
2211 2599 2320 2654 τῶν
2354 2599 2523 2653 ἐθνῶν
2557 2602 2649 2652 καὶ
2683 2600 2957 2670 πολεμίων
2988 2600 3263 2668 γεγόνασι.

987 2801 1352 2857 ALLELUIA.
1383 2801 1495 2858 CV.

531 2892 697 2949 Vens.
752 2895 865 2949 l-S.
911 2894 1252 2964 Conﬁtemini
1278 2895 1529 2959 Domino,
1561 2896 1813 2966 quoniam
1852 2894 2041 2959 bonus,

459 2990 710 3057 quoniam
730 2989 785 3041 in
805 2990 1059 3043 secutum
1081 2989 1449 3042 misericordia
1482 2988 1618 3057 ejus.
1646 2988 1777 3054 Quis
1801 2990 2044 3058 loquetur

460 3079 722 3148 potentias
757 3077 993 3141 Domini,
1027 3077 1240 3130 auditas
1267 3077 1425 3145 faciet
1452 3095 1631 3132 omnes
1666 3078 1851 3132 laudes
1880 3078 1994 3147 ejus
2016 3080 2043 3134 ?

462 3170 616 3225 Beati
634 3172 723 3240 qui
746 3171 1048 3224 custodiunt
1073 3169 1360 3239 judicium,
1392 3178 1443 3225 et
1468 3170 1673 3239 faciunt
1687 3171 1963 3240 justitiam
1984 3171 2041 3225 in

462 3264 606 3317 omni
638 3272 882 3329 tempore.
917 3261 1178 3316 Memento
1214 3263 1407 3325 nostri,
1439 3262 1685 3327 Domine,
1717 3263 1771 3315 in
1798 3262 2041 3330 benepla-

2641 2802 3077 2863 ’AAAHAOYIA.
3102 2802 3225 2859 PE'.

2225 2896 2709 2967 Ἐξομολογεῖσθε
2728 2895 2809 2962 τῷ
2837 2896 3052 2963 Κυρίῳ,
3074 2894 3166 2948 ὅτι
3199 2907 3492 2963 χρηστος,
3528 2894 3629 2949 ὅτι
3655 2896 3748 2963 εις

2141 2989 2251 3043 τὸν
2278 2988 2465 3043 αἰῶνα
2494 2989 2559 3041 τὸ
2594 2987 2769 3053 ἔλεος
2812 2985 3021 3039 αὐτοῦ.
3068 2986 3162 3050 Τίς
3202 2982 3462 3049 λαλήσει
3495 2984 3605 3049 τὰς
3636 2983 3746 3035 δυ-

2145 3082 2431 3147 ναστείας
2462 3079 2571 3135 τοῦ
2619 3082 2863 3147 Κυρίου,
2917 3075 3226 3142 ἀκουστὰς
3249 3075 3493 3143 ποιήσει
3531 3074 3747 3139 πάσας

2144 3173 2253 3238 τὰς
2297 3172 2561 3237 αἰνέσεις
2596 3170 2822 3232 αὐτοῦς
2872 3167 3166 3235 Μακάριοι
3211 3168 3265 3220 οἱ
3298 3163 3747 3233 φυλάσσοντες

2146 3264 2369 3331 κρίσιν,
2411 3261 2724 3327 ποιοῦντες
2770 3260 3167 3324 δικαιοσύνην
3194 3257 3266 3309 ἑν
3299 3256 3482 3311 παντὶ
3530 3253 3743 3323 καιρῷ.

462 3354 566 3408 cito
585 3354 763 3423 pepuli
803 3354 903 3417 tui,
926 3354 1084 3407 visita
1114 3370 1207 3408 nos
1238 3355 1295 3407 in
1328 3354 1565 3408 salutari
1596 3364 1710 3410 tuo.
1734 3353 1817 3408 Ad
1851 3352 2037 3408 viden-

2151 3330 2457 3425 Μνήσθητι
2485 3354 2672 3423 ἡμῶν,
2702 3354 2900 3418 Κύριε,
2945 3351 3016 3404 ὲν
3046 3348 3121 3417 τῇ
3151 3348 3400 3414 εὐδοκία
3431 3347 3541 3400 τοῦ
3583 3345 3748 3401 ,λαοῦ

462 3443 589 3497 dum
623 3445 677 3497 in
713 3444 944 3497 bonitate
969 3443 1279 3508 electorum,
1323 3444 1391 3496 ad
1441 3444 1733 3499 artandum
1772 3446 1825 3498 in
1856 3445 2043 3499 latitia

462 3537 630 3607 gentis
679 3545 802 3600 tute,
852 3544 909 3589 ut
970 3535 1203 3590 lauderis
1256 3552 1376 3589 cum
1423 3536 1738 3592 hwreditate
1796 3547 1908 3591 tua.
1942 3535 2046 3590 Hic

463 3643 682 3698 quoque
713 3630 959 3697 psalmus
992 3630 1207 3688 laudem
1233 3631 1608 3702 bymnumque
1635 3630 1691 3684 in
1718 3629 1889 3685 Deum
1914 3645 2048 3683 con-

463 3719 624 3782 tinet,
660 3735 830 3789 quare
862 3722 1159 3790 inscriptus
1200 3730 1306 3786 est,
1341 3722 1596 3785 Alleluia,
1626 3721 1775 3791 quod
1813 3721 2050 3790 explica-

465 3817 577 3875 tur,
605 3809 848 3864 Laudate
877 3810 1184 3867 Dominum.
1241 3810 1436 3865 Statim
1473 3817 1657 3865 autem
1691 3825 1721 3862 a
1779 3809 2049 3878 principio

466 3904 714 3974 praecipit
738 3904 804 3959 iis
834 3905 979 3974 quia
1001 3906 1244 3975 peccatis
1269 3901 1689 3976 aguntur,utad
1720 3899 1815 3955 Dei
1848 3899 2047 3955 Filium

469 4006 731 4065 tanquam
755 3997 823 4049 ad
857 3997 1128 4051 medicum
1144 4004 1198 4052 et
1219 4005 1557 4052 servatorem
1584 3994 2052 4063 accedant,atque

471 4091 691 4160 pr0pria
736 4088 1063 4145 conﬁtentes
1124 4097 1373 4160 peccata,
1431 4088 1629 4143 animae
1671 4088 1900 4143 vulnera
1946 4085 2052 4156 ipsi

470 4180 746 4250 detegant.
774 4178 881 4244 Qui
925 4194 1057 4234 vero
1111 4178 1168 4233 id
1214 4180 1433 4233 sincere
1483 4185 1707 4249 praestat
1760 4192 1824 4231 ac
1853 4176 2054 4231 delicta

472 4271 707 4342 pristina
741 4268 921 4338 deﬂet,
956 4271 1011 4324 id
1035 4278 1096 4325 ut
1117 4286 1228 4326 non
1266 4271 1451 4325 verbis
1476 4277 1713 4334 tantum,
1745 4268 1843 4324 sed
1870 4269 2054 4322 animo

471 4378 690 4434 quoque
707 4373 761 4417 et
780 4363 1041 4433 Operibus
1066 4372 1310 4435 peragat,
1343 4378 1374 4417 a
1400 4362 1693 4419 Psalmista
1724 4362 2052 4417 instituitur.

474 4454 737 4509 Hortatur
792 4470 955 4524 porro
994 4455 1063 4509 ad
1106 4456 1367 4509 alacriter
1416 4454 1811 4519 conﬁtendum,
1848 4468 2059 4507 annun-

472 4547 683 4611 tiando,
722 4547 988 4613 Quoniam
1041 4546 1205 4602 bonus
1254 4557 1339 4603 est
1389 4546 1675 4612 Dominus,
1724 4549 1971 4617 quoniam
2002 4548 2057 4599 in

471 4641 728 4696 sarculum
749 4640 1118 4695 misericordia
1142 4642 1278 4711 ejus.
1309 4640 1519 4696 Idcirco
1548 4641 1625 4693 ait
1655 4645 1909 4711 prompto
1931 4638 2055 4692 ani-

473 4746 566 4786 mo
590 4732 952 4797 conﬁtemini,
977 4732 1108 4802 quia
1136 4739 1191 4787 et
1221 4734 1338 4802 ipse
1360 4732 1429 4787 ad
1455 4731 1800 4788 clementiam
1830 4738 2053 4801 paratus

473 4830 578 4888 est,
598 4838 801 4894 gnarus
834 4839 922 4880 res
946 4824 1234 4894 praesentis
1262 4824 1448 4878 saeculi
1474 4822 1855 4878 misericordia
1870 4837 2052 4894 egere,

476 4922 665 4985 utpote
685 4932 807 4986 quae
835 4916 1092 4971 mortales
1126 4926 1181 4972 et
1210 4915 1371 4971 ﬂuxae
1401 4918 1533 4972 sint.

2142 3462 2278 3515 σου,
2309 3448 2631 3515 ἐπίσκεψαι
2652 3446 2890 3516 ἡμᾶς-ἐν
2905 3445 2984 3511 τῷ
3005 3443 3274 3511 σωτηρίῳ
3295 3459 3431 3506 σου,
3460 3439 3573 3494 τοῦ
3597 3440 3749 3494 ἰδεῖν·

2143 3542 2213 3595 ἐν
2232 3539 2309 3610 τῇ
2334 3540 2700 3609 χρηστότητι
2727 3556 2843 3592 σου
2859 3537 2977 3591 τῶν
2991 3533 3312 3598 ἐκλεκτῶν,
3346 3532 3454 3586 τοῦ
3479 3534 3747 3601 εηὺεςρανσ

2146 3634 2322 3704 θῆναι
2357 3634 2426 3686 ἐν
2450 3632 2799 3702 εὐφροσύνῃ
2828 3630 2935 3683 τοῦ
2966 3628 3121 3683 λαοῦ
3157 3642 3298 3692 σου,
3334 3625 3443 3678 τοῦ
3475 3623 3744 3677 ἐπαινεῖ-

2146 3730 2286 3780 σθαι
2308 3725 2459 3795 μετὰ
2488 3723 2597 3792 τῆς
2626 3722 3034 3791 κληρονομίας
3077 3736 3218 3773 σου.
3250 3714 3408 3771 Αἶνον
3440 3716 3538 3769 καὶ
3570 3715 3746 3785 ὖμνον

2148 3816 2285 3887 πρὸς
2311 3815 2404 3868 τὸν
2446 3814 2580 3867 Θεὸν
2631 3813 2725 3866 καὶ
2759 3813 2788 3864 6
2831 3809 3022 3881 παρὼν
3063 3807 3278 3878 ψαλμὸς
3326 3805 3617 3876 περιέχει·
3664 3804 3748 3856 διὸ

2151 3906 2594 3977 ἐπιγέγραπται,
2657 3903 3015 3970 Ἀλληλούω
3046 3918 3059 3931 ·
3117 3901 3255 3968 ὅπερ
3316 3896 3697 3969 ἑρμηνεύεται
3730 3934 3747 3959 ,

2151 3999 2379 4054 Αἰνεῖτε
2402 3999 2509 4053 τὸν
2541 3999 2783 4065 Κύριον.
2812 3993 3148 4066 Προστάττει
3172 3992 3229 4047 δὲ
3250 3990 3411 4053 εὐθὺς
3436 3989 3750 4059 ἀρχόμενος

2150 4092 2263 4154 τοῖς
2318 4090 2730 4160 ἁμαρτημάτων
2778 4085 3124 4157 ὁρμωμένοις
3170 4082 3360 4153 ὥσπερ
3421 4078 3598 4151 ίατρῷ
3653 4081 3755 4132 καὶ

2157 4182 2365 4254 σωτῆρι
2397 4180 2682 4253 προσιέναι
2725 4178 2805 4250 τῷ
2842 4174 3225 4248 θεραπευτικῷ
3279 4172 3374 4227 τοῦ
3417 4172 3555 4225 Θεοῦ
3608 4170 3752 4241 Υἱῴ,

2154 4275 2247 4328 καὶ
2274 4275 2342 4328 τὰ
2365 4273 2657 4345 τραύματα
2674 4271 2776 4340 τῆς
2806 4270 2983 4340 ψυχῆς
3004 4264 3349 4351 ἀπογυμνοῆν
3369 4263 3539 4335 αὐτῷ,
3571 4263 3667 4317 διὰ
3690 4263 3757 4316 τὸ

2155 4364 2592 4437 ἐξομολογεῖσθαι
2625 4363 2723 4426 τὰς
2768 4362 2974 4425 οἰκείας
3022 4359 3318 4430 ἁμαρτίας.
3366 4356 3425 4411 Ὀ
3477 4356 3535 4408 δὲ
3591 4354 3761 4408 τοῦτο

2156 4458 2413 4530 πράττων
2440 4454 2699 4527 γνησίως,
2719 4454 2815 4507 xui.
2848 4452 3279 4521 ἀποκλαιόμενος
3304 4447 3389 4516 ἐφ’
3413 4441 3497 4509 οἷς
3524 4446 3759 4516 ἥμαρτε

2159 4550 2441 4621 πρότερον,
2479 4549 2562 4601 ὅτι
2598 4547 2672 4617 μὴ
2702 4545 2881 4612 λόγοις
2911 4544 3093 4614 μόνοις
3141 4541 3303 4595 τοῦτο
3350 4538 3581 4609 πράξαι,
3614 4535 3763 4589 άλλὰ

2157 4643 2226 4712 τῇ
2255 4639 2492 4697 διαθέσει
2547 4637 2643 4693 καὶ
2691 4638 2875 4698 αὐτοῖς
2925 4638 3039 4698 τοῖς
3074 4634 3385 4704 πράγμασι,
3444 4630 3605 4700 παρὰ
3658 4630 3760 4684 τοῦ

2086 4697 2131 4750 D
2158 4697 2465 4803 ‘li'atkpapboﬁ
2504 4728 2786 4799 κομίζεται
2836 4725 2936 4795 τὴν
2980 4697 3286 4794 εἰσήγησιν.
3322 4697 3644 4791 Προτρέπει
3702 4719 3764 4771 δέ

2161 4822 2459 4895 προθύμως
2498 4821 2593 4874 ἐπὶ
2623 4820 2722 4891 τὴν
2752 4816 3165 4888 ἐξομολόγησιν,
3206 4814 3295 4867 διὰ
3325 4812 3422 4868 τοῦ
3470 4810 3767 4878 ἐπαγγέλ-

2160 4913 2368 4979 λεσθαι,
2405 4914 2529 4966 Ὅτι
2558 4908 2826 4981 χρηστὸς
2854 4910 2883 4961 6
2924 4909 3127 4979 Κύριος
3151 4945 3165 4971 ,
3199 4905 3289 4959 ὅτι
3319 4907 3406 4969 εις
3430 4903 3540 4957 τὸν
3565 4901 3768 4957 αἰῶνα

474 5007 545 5062 τὸ
586 5008 759 5074 ἕλεος
781 5007 990 5063 αὑτοῦο
1041 5009 1141 5063 Διά
1188 5010 1360 5063 ταῦτα
1411 5010 1541 5080 γὰρ,
1575 5011 1729 5081 φησὶ,
1760 5011 2059 5082 προθύμως
2122 5006 2557 5080 ἐξομολογεῖσθε,
2598 5007 2680 5059 ὅτι
2736 5003 2832 5056 καὶ
2864 5001 3027 5065 αὐτὸς
3061 5000 3280 5070 ἕτοιμός
3319 4999 3471 5052 ἐστιν
3518 4998 3605 5060 εἰς
3636 4997 3768 5066 φιλ-

478 5103 816 5175 ανθρωπίαν,
844 5101 1003 5167 είδὼς
1025 5104 1108 5157 ὃτι
1135 5103 1285 5181 ἐλέου
1307 5103 1477 5158 δεῖται
1504 5104 1574 5159 τὰ
1592 5105 1684 5157 τοῦ
1717 5104 2009 5168 ἐνεστῶτος
2038 5101 2234 5165 αἰῶνος
2264 5100 2561 5173 πράγματα
2587 5096 2758 5167 θνητὰ
2782 5096 2913 5148 ὄντα
2940 5094 3035 5147 καὶ
3070 5092 3333 5163 ἐπίκηρα.

551 5192 720 5248 Vens.
739 5193 795 5248 6.
828 5193 1171 5247 Peccavimus
1199 5209 1314 5247 cum
1339 5193 1580 5263 patribus
1614 5196 1834 5260 nostris,
1863 5197 2061 5265 injuste

480 5284 704 5355 egimus,
735 5286 1068 5354 iniquitatem
1117 5285 1359 5355 fecimus.
1403 5283 1525 5340 Non
1560 5286 1683 5352 soli,
1707 5288 1902 5357 inquit,
1934 5301 2035 5357 pec

482 5377 764 5445 cavimus;
795 5380 891 5433 sed
918 5379 964 5435 si
996 5380 1121 5450 quis
1138 5380 1251 5449 jam
1274 5377 1400 5434 inde
1436 5392 1466 5431 a
1488 5378 1687 5447 priscis
1723 5380 2061 5449 temporibus

483 5469 750 5538 exploret,
771 5487 945 5541 genus
968 5479 1221 5526 nostrum
1276 5472 1517 5540 peccatis
1559 5486 1775 5540 semper
1815 5470 2060 5525 deditum

486 5558 659 5615 fuisse
681 5561 1069 5631 deprehendet.
1086 5562 1224 5617 Cum
1246 5563 1393 5618 enim
1423 5576 1453 5616 a
1474 5562 1659 5634 Moyse
1682 5570 1762 5617 tot
1795 5563 2063 5617 miracula

487 5650 800 5717 ederentur,
821 5670 934 5708 non
964 5655 1385 5720 intellexerunt;
1416 5655 1513 5710 sed
1548 5655 1782 5710 salutem
1818 5656 1988 5717 nacti,
2009 5663 2063 5708 et

490 5740 561 5797 ab
574 5740 951 5813 A‘ngptiorum
979 5747 1239 5803 servitute
1270 5746 1505 5814 liberati,
1531 5764 1641 5803 non
1665 5754 2061 5819 cognoverunt,

561 5919 607 5953 °°
643 5916 802 5977 Deut.
836 5934 910 5988 ix,
946 5920 1062 5977 4-6.

2243 5189 2618 5260 Ὴμάρτομεν,
2650 5186 2804 5257 μετὰ
2829 5184 2950 5241 τῶν
2979 5182 3249 5252 πατέρων
3276 5180 3466 5251 ἡμῶν,
3522 5180 3766 5249 ἠνομή-

2162 5301 2378 5354 σαμεν,
2400 5281 2799 5351 ἠδικήσαμεν.
2840 5278 2916 5331 Οὐ
2963 5277 3134 5348 μόνοι,
3171 5274 3355 5345 φησὶν,
3391 5271 3727 5343 ἡμάρτομεν
3749 5287 3762 5300 ·

2165 5376 2280 5431 ἀλλ’
2314 5374 2371 5428 εἴ
2397 5391 2483 5436 τις
2505 5372 2811 5439 ἐξετάσειεν
2836 5369 3043 5423 ἄνωθεν
3086 5367 3194 5421 ἀπὺ
3212 5364 3324 5417 τῶν
3358 5363 3597 5435 πρώτων
3633 5365 3768 5433 χρό-

2168 5485 2294 5531 νων,
2330 5466 2483 5537 εὖροι
2514 5464 2580 5518 ἂν
2625 5465 2712 5517 ἀεὶ
2762 5461 2857 5515 καὶ
2888 5462 2955 5514 ἐκ
3002 5459 3097 5512 τοῦ
3128 5457 3329 5518 παντὸς
3369 5454 3769 5525 ἁμαρτητικὸν

2166 5559 2431 5628 τυγχάνον
2456 5558 2518 5609 τὸ
2549 5554 2817 5626 ἡμέτερον
2849 5552 3024 5621 γένος.
3076 5547 3357 5603 Τοσούτων
3400 5545 3514 5615 γὰρ
3544 5546 3769 5615 θαυμας

2172 5652 2301 5704 σίων
2334 5650 2421 5703 διὰ
2454 5646 2732 5708 Μωύσέως
2760 5641 3215 5712 ἐπιτελουμένων,
3236 5640 3298 5692 οὐ
3330 5638 3600 5707 συνῆκαν,
3625 5636 3772 5694 ἀλλὰ

2170 5744 2264 5799 καὶ
2294 5741 2566 5815 σωτηρίας
2588 5738 2863 5811 τυχόντες,
2901 5733 2994 5789 καλ⁹
3024 5733 3123 5804 τῆς
3150 5733 3242 5787 ὑπ’
3268 5730 3598 5800 Αἰγυπτίοις
3638 5729 3791 5801 δισυη
