3992 6404
289 335 429 391 1513

1413 342 1924 408 COMMENTARIA
1968 353 2035 409 ΙΝ
2074 346 2419 413 PSALMOS.

3420 356 3565 418 1514

284 448 433 513 λείας
465 448 947 525 ἐλευθερωθέντες,
990 458 1090 512 οὐκ
1125 460 1389 529 ἔγνωσαν,
1424 466 1506 518 ὅτι
1556 469 1617 520 ού
1657 468 1747 523 διὰ
1773 469 1853 523 τὰς

1976 473 2122 543 quod
2159 490 2269 529 non
2290 474 2520 544 iustitia:
2542 486 2655 530 sua:
2685 489 2877 543 causa,
2909 492 3088 547 neque
3117 477 3263 549 Quod
3316 478 3423 548 ipsi
3466 478 3564 536 Dei

284 542 462 596 αὐτῶν
491 543 861 612 δικαιοσύνας,
882 548 1005 603 οὔτε
1033 551 1194 606 διὰτὸ
1224 552 1363 608 εἶναι
1399 560 1709 631 ἐπισκοπῆς
1733 560 1868 614 Θεοῦ

282 633 484 701 ἀξίους,
534 637 621 690 διά
667 638 723 692 δὲ
764 641 825 693 τὸ
854 642 1059 712 πλῆθος
1091 645 1183 697 τοῦ
1218 647 1401 712 ἐλέους
1451 651 1620 704 αὑτοῦ
1664 652 1869 708 τούτων

279 728 634 798 τετυχήκασι.

353 821 419 872 Οἱ
459 821 709 889 πατέρες
749 825 917 893 ἡμῶν
952 826 1021 878 ἐν
1052 828 1328 896 Αἰγύπτῳ
1370 832 1440 884 οὐ
1488 831 1767 899 συνῆκαν
1796 833 1871 888 τὰ

279 906 582 975 θαυμάσια
605 927 742 977 σου,
769 916 878 967 οὐκ
906 914 1305 984 ἐμνήσθησαν
1330 919 1436 973 τοῦ
1460 922 1734 990 πλήθους
1763 923 1869 977 τοῦ

276 998 490 1066 ἐλέους
520 1016 656 1055 σου.
696 1006 805 1058 Kal
852 1007 1306 1075 παρεπίκραναν
1345 1004 1776 1080 ἀναϐαίνοντες
1799 1014 1869 1068 ὲν

275 1090 353 1159 τῇ
399 1093 645 1163 Ἐρυθρᾷ
700 1098 1005 1169 θαλάσσῃ.
1069 1098 1255 1154 Ταῦτα
1309 1104 1409 1173 μὲν
1456 1105 1485 1156 ό
1531 1106 1637 1177 πρὸ
1674 1106 1865 1160 τούτου

275 1183 519 1256 διείληφε
554 1188 789 1259 ψαλμὸς,
831 1192 1162 1263 ἐπετέμνετο
1198 1194 1253 1247 δὲ
1289 1194 1451 1260 αὐτὸς
1488 1199 1581 1251 καὶ
1629 1199 1728 1263 τὰς
1774 1201 1866 1252 ἐπὶ

275 1278 376 1348 τῆς
410 1281 615 1351 ἐρήμου
643 1283 1118 1354 παραδοξοποιίας,
1157 1287 1321 1357 μηδὲν
1352 1291 1738 1361 κατηγορήσας
1770 1291 1864 1346 τοῦ

275 1370 426 1423 λαοῦ.
473 1373 529 1424 '0
575 1372 632 1425 δὲ
685 1374 877 1445 παρὼν
937 1377 1383 1448 ἐπαναλαμϐάνει
1442 1380 1539 1449 τὴν
1589 1382 1863 1454 διήγησιν,

274 1464 370 1517 καλ⁵
430 1465 610 1529 πάσας
674 1465 766 1519 τοῦ
834 1468 965 1520 λαοῦ
1034 1470 1135 1534 τὰς
1206 1472 1525 1537 δυσσεϐείας
1592 1475 1862 1539 διέξεισιν.

278 1556 434 1610 ’Ἐστι
461 1557 517 1609 δὲ
552 1559 646 1611 καὶ
682 1560 709 1612 ό
755 1561 864 1623 πᾶς
897 1560 1053 1629 λόγος
1078 1561 1173 1615 τοῦ
1229 1564 1497 1619 Ἰουδαίων
1530 1566 1661 1620 λαοῦ
1694 1586 1864 1640 κατη-

272 1648 513 1719 γορικός.
573 1650 679 1704 Καὶ
724 1654 1178 1721 παρεπίκραναν
1210 1656 1639 1725 ἀναϐαίνοντες
1681 1660 1751 1713 ἐν
1786 1657 1863 1729 τῇ

286 1740 529 1808 Ἐρυθρᾷ
551 1742 850 1814 θαλάσσῃ.
871 1746 1270 1816 Προσελθόντες
1301 1752 1509 1822 Μωῡσῇ
1536 1753 1629 1804 καὶ
1660 1754 1864 1823 φήσαν-

1978 566 2319 635 providentia
2365 567 2516 637 digni
2571 576 2798 633 essent,
2857 569 2953 624 sed
3003 571 3074 625 ob
3131 570 3563 642 magnitudinem

1976 657 2370 712 misericordiae
2402 656 2598 727 ipsius,
2640 658 2754 713 haec
2783 659 3068 715 consecuti
3095 660 3225 716 sint.

2045 831 2213 887 Vens.
2245 831 2297 895 7,
2322 832 2376 887 8.
2407 830 2598 887 Patres
2631 833 2801 887 nostri
2829 835 2885 887 in
2914 833 3147 905 digypto
3171 852 3275 891 non
3296 832 3563 892 intellexe-

1975 935 2100 977 runt
2130 924 2402 978 mirabilia
2441 934 2553 991 tua,
2600 941 2704 979 non
2745 925 2960 995 fuerunt
3014 944 3268 982 memores
3316 928 3563 982 multitu-

1973 1012 2115 1067 dinis
2148 1015 2529 1069 misericordia:
2570 1025 2695 1070 tuor.
2736 1015 2801 1070 Et
2835 1018 3179 1073 irritaverant
3223 1020 3561 1075 ascendentes

1973 1102 2029 1155 in
2056 1119 2202 1155 mare
2227 1102 2480 1159 Rubrum.
2518 1103 2641 1159 Haec
2664 1105 2883 1175 quidem
2936 1107 3256 1177 praecedens
3312 1110 3562 1179 psalmus

1972 1196 2273 1259 enarravit,
2307 1196 2581 1251 mirabilia
2615 1212 2747 1252 vero
2780 1198 2835 1251 in
2886 1198 3105 1255 deserto
3150 1209 3366 1270 patrata
3405 1217 3561 1257 com-

1974 1287 2173 1356 pendio
2200 1289 2409 1352 retulit,
2446 1289 2765 1359 nullamque
2817 1290 2872 1344 in
2928 1292 3189 1362 populum
3250 1296 3558 1348 accusatio-

1972 1394 2097 1432 nem
2143 1379 2402 1434 instituit.
2442 1377 2541 1434 llic
2589 1397 2720 1435 vero
2748 1382 2994 1451 psalmus
3027 1386 3254 1438 resumit
3284 1387 3559 1441 narratio-
3612 1400 3617 1403 ‘

1969 1487 2118 1535 nem,
2178 1485 2480 1542 omnesque
2540 1474 2726 1542 populi
2776 1474 3082 1541 impietates
3136 1486 3553 1532 commemorat.

1971 1558 2254 1631 Totusque
2294 1575 2477 1615 sermo
2496 1560 2739 1617 Judaicaa
2762 1564 2943 1633 gentis
2989 1564 3272 1619 accusatio
3324 1574 3429 1622 est.
3485 1566 3557 1622 Et

1968 1653 2312 1706 irritaverant
2338 1652 2675 1707 ascendentes
2701 1654 2755 1707 in
2783 1671 2932 1709 mare
2958 1653 3193 1710 Rubrum
3216 1659 3294 1723 "°;
3330 1672 3455 1713 cum
3486 1660 3555 1713 ad

1969 1741 2216 1813 Moysem
2257 1743 2585 1799 accedentes
2617 1744 2866 1806 dicerent
2896 1762 2908 1797 :
2944 1745 3161 1801 Utinam
3190 1751 3390 1803 mortui
3415 1767 3556 1807 esse-

269 1847 381 1895 τες,
405 1834 662 1901 Ὄφελον
675 1836 792 1904 μὲν
807 1836 1186 1907 ἀπεθάνομεν
1200 1841 1269 1893 ἐν
1290 1839 1367 1909 γῇ
1386 1844 1682 1912 Αἰγύπτῳ,
1697 1844 1734 1913 ἢ
1751 1844 1853 1898 ἐπὶ

1962 1848 2078 1886 mus
2115 1832 2173 1886 in
2204 1831 2459 1904 ngypto,
2486 1843 2579 1887 aut
2610 1836 2665 1888 in
2696 1838 2794 1889 hac
2824 1838 3147 1893 solitudine!
3171 1848 3226 1895 et
3260 1860 3272 1895 :
3307 1842 3390 1895 An
3426 1844 3554 1913 quia

270 1922 381 1992 τῆς
400 1923 623 1995 ἐρήμου
636 1928 877 1996 ταύτης·
903 1931 1017 1993 καὶ,
1039 1931 1205 1999 Παρὰ
1228 1934 1292 1985 τὸ
1310 1933 1396 2002 μὴ
1412 1935 1562 1987 εἶναι
1583 1936 1866 2006 μνήματα

268 2015 341 2068 ἐν
366 2018 665 2087 Αἰγύπτῳ,
715 2019 1009 2090 ἐξήγαγες
1062 2022 1241 2091 ἡμᾶς,
1291 2025 1627 2079 θανατῶσαι
1670 2028 1740 2080 ἐν
1788 2027 1866 2097 τῇ

269 2106 468 2176 ἐρήμῳ
486 2125 505 2172 ;
541 2110 601 2162 Τί
629 2108 806 2164 τοῦτο
838 2112 1134 2181 ἐποίησας
1166 2114 1310 2184 ἡμῖν
1336 2116 1643 2187 ἐξαγαγὼν
1672 2118 1741 2183 ἐξ
1765 2122 1865 2173 Al-

270 2201 535 2269 γύπτου;
566 2203 648 2257 Οὐ
673 2204 850 2258 τοῦτο
873 2202 951 2276 ἦν
974 2207 1041 2261 τὸ
1056 2207 1221 2277 ῥῆμα
1248 2208 1279 2262 ὃ
1303 2210 1692 2281 ἐλαλήσαμεν
1712 2213 1863 2281 πρὸς

269 2293 341 2345 σὲ
367 2292 436 2346 ὲν
457 2295 735 2363 Αἰγύπτῳ
770 2295 1075 2366 λέγοντες’
1106 2299 1301 2368 Πάρες
1332 2298 1509 2371 ἡμᾶς,
1540 2301 1699 2369 ὅπως
1730 2304 1862 2359 δου-

267 2382 582 2453 λεύσωμεν
630 2386 756 2452 τοῖς
802 2389 1183 2457 Αίγυπτίοις;
1212 2391 1515 2459 Κρεῖσσον
1550 2392 1661 2462 γὰρ
1701 2394 1861 2464 ἡμᾶς

266 2473 582 2529 δουλεύειν
631 2477 756 2544 τοῖς
807 2482 1170 2550 Αἰγυπτίοις,
1214 2482 1252 2549 ἢ
1295 2484 1620 2538 ἀποθανεῖν
1666 2486 1735 2539 ὲν
1784 2486 1861 2557 τῇ

267 2566 464 2637 ἐρήμῳ
501 2571 708 2638 ταύτῃ.
745 2573 853 2624 Καὶ
882 2574 1005 2625 ὅσον
1045 2574 1144 2644 μὲν
1184 2577 1269 2628 ἐπ’
1309 2577 1496 2638 αὐτοῖς
1536 2578 1733 2649 πικρὸν
1762 2581 1860 2633 αύ-

266 2663 380 2718 τοῖς
403 2662 523 2713 ἀντὶ
547 2662 788 2734 χρηστοῦ
817 2665 906 2716 τὸν
932 2666 1063 2718 Θεὸν
1092 2670 1514 2738 κατεστήσαντο.
1564 2670 1621 2722 '0
1646 2670 1702 2724 δὲ
1730 2672 1860 2739 ἀγα-

267 2754 357 2815 θὸς
413 2754 545 2817 Θεὸς
605 2755 849 2808 πλουτῶν
898 2756 1033 2829 ἐλέῳ
1089 2761 1183 2812 καὶ
1233 2760 1633 2833 φιλανθρωπίᾳ,
1695 2762 1857 2817 πάλιν

265 2843 485 2903 ἔσωζεν
516 2845 741 2911 αὐτοὺς
773 2846 983 2900 ἕνεκεν
1020 2849 1125 2903 τοῦ
1175 2850 1466 2920 ὀνόματος
1502 2852 1708 2918 αὐτοῦ,
1746 2853 1856 2908 τοῦ

265 2936 551 3003 γνωρίσαι
581 2935 696 3005 τὴν
728 2936 1100 2993 δυναστείαν
1132 2941 1343 2995 αὐτοῦ’
1387 2943 1539 3006 ὅπως
1570 2943 1645 3015 μὴ
1679 2943 1853 2999 εἴπω-

268 3043 352 3079 σιν
391 3030 439 3080 οἱ
473 3029 712 3093 ἀσεϐεῖς,
748 3030 870 3083 Ποῦ
893 3032 1066 3084 ἐστιν
1092 3032 1121 3083 ὁ
1154 3033 1299 3099 Θεὸς
1328 3034 1557 3098 auctor;
1582 3036 1670 3089 διὰ
1697 3035 1856 3090 τοῦτο

266 3122 526 3191 παρεῖχεν
553 3122 737 3186 αὐτοῖς
766 3123 861 3176 καὶ
890 3123 1010 3176 τότε
1044 3124 1144 3195 τὴν
1176 3127 1471 3198 σωτηρίαν,
1514 3129 1855 3200 πανταχόθεν

1967 1921 2213 1991 sepulcra
2248 1940 2352 1978 non
2384 1933 2538 1979 erant
2571 1926 2625 1979 in
2652 1925 2885 1997 Egypto
2931 1930 3163 1985 eduxisti
3200 1949 3315 1999 nos,
3362 1945 3423 1989 ut
3470 1937 3554 1990 ia-

1968 2014 2230 2083 ter/iceres
2264 2015 2320 2068 in
2358 2016 2691 2073 solitudine?
2724 2018 2867 2084 Quid
2911 2021 3006 2075 hoc
3038 2022 3212 2092 fecisti
3243 2025 3393 2080 nobis
3422 2026 3553 2081 edu-

1966 2122 2085 2160 cens
2118 2122 2183 2161 ea:
2220 2106 2497 2177 Egyplo?
2526 2108 2717 2164 Nonne
2749 2110 2832 2164 hic
2878 2121 2996 2166 erat
3039 2131 3230 2181 sermo,
3262 2134 3413 2188 quem
3467 2120 3549 2174 lo-

1964 2199 2075 2251 cuti
2116 2214 2298 2253 sumus
2337 2200 2408 2253 ad
2451 2209 2496 2254 te
2529 2200 2585 2255 in
2628 2200 2863 2273 Egypto
2888 2203 3118 2260 dicentes
3148 2223 3168 2261 :
3202 2206 3425 2264 Dimitte
3453 2227 3549 2265 nos

1962 2297 2022 2342 ut
2056 2290 2346 2344 serviamus
2381 2291 2693 2363 AZ‘gyptiis?
2726 2295 2919 2351 Melius
2946 2308 3026 2352 est
3074 2300 3213 2353 enim
3237 2318 3331 2355 nos
3355 2304 3550 2360 servire

1962 2380 2254 2453 IEgyptiis,
2287 2400 2446 2455 quam
2480 2387 2616 2440 mori
2638 2388 2694 2442 in
2741 2389 3028 2445 solitudine
3052 2392 3229 2449 hac".
3259 2392 3345 2458 Et,
3371 2410 3545 2465 quan-

1961 2483 2075 2528 tum
2102 2476 2154 2529 in
2182 2476 2315 2547 ipsis
2344 2478 2561 2548 quidem
2600 2480 2767 2535 situm
2801 2490 2941 2547 erat,
2978 2482 3149 2539 Deum
3194 2485 3299 2541 sibi
3331 2502 3398 2542 ex
3429 2490 3544 2543 ele-

1961 2576 2143 2623 mente
2179 2570 2438 2626 acerbum
2475 2571 2805 2627 elliciebant.
2838 2574 2908 2627 At
2952 2576 3131 2631 bonus
3160 2574 3327 2645 Deus,
3378 2579 3546 2634 misc-

1959 2660 2197 2714 ricordia
2246 2668 2302 2716 et
2342 2663 2768 2719 mansuetudine
2816 2663 3012 2731 dives,
3070 2682 3267 2723 rursus
3320 2669 3546 2725 saluauit

1958 2770 2046 2807 eos
2089 2762 2302 2822 propter
2344 2771 2535 2808 nomen
2570 2772 2760 2821 suum,
2802 2764 2860 2811 ut
2903 2766 3087 2812 notam
3127 2758 3323 2829 faceret
3359 2772 3544 2831 potens--

1959 2845 2090 2898 tiam
2142 2861 2331 2909 suam;
2371 2860 2439 2899 ne
2486 2846 2643 2916 impii
2692 2846 2984 2903 dicerent:
3021 2847 3123 2903 Ubi
3169 2860 3250 2905 est
3285 2850 3428 2907 Deus
3453 2870 3544 2908 eo-

1956 2938 2169 2990 rum"?
2197 2936 2325 2992 Ideo
2367 2937 2504 3008 ipsis
2543 2940 2774 2995 salutem
2836 2948 2970 2997 tunc
3032 2942 3297 3014 impertiit
3331 2963 3344 2999 :
3378 2947 3543 3001 undi-

1958 3043 2065 3098 que
2088 3028 2212 3083 illos
2244 3028 2312 3084 ad
2340 3031 2570 3085 salutem
2606 3031 2962 3100 compellens.
2995 3033 3075 3087 Illi
3102 3042 3283 3090 autem
3316 3035 3443 3091 victi
3472 3036 3541 3090 ad

1957 3121 2237 3176 modicum
2292 3130 2507 3192 tempus
2550 3123 2734 3179 verbis
2791 3124 2912 3194 ejus
2962 3125 3339 3196 crediderunt,
3388 3140 3542 3199 post-

264 3213 462 3275 αὺτοὺς
510 3213 848 3267 συνελαύνων
894 3216 985 3268 ἐπὶ
1037 3216 1125 3287 τὴν
1160 3219 1438 3289 σωτηρίαν
1470 3220 1669 3275 αὐτῶν.
1707 3223 1767 3274 Ol
1795 3221 1852 3275 δὲ

1962 3228 2119 3284 quam
2153 3228 2303 3268 mare
2323 3212 2568 3268 Rubrum
2596 3214 2949 3270 transierant.

263 3304 578 3375 νικηθέντες
616 3306 753 3378 πρὸς
802 3308 901 3376 μὲν
940 3306 1119 3376 ὀλίγον
1154 3310 1483 3364 ἐπίστευσαν
1524 3315 1635 3377 τοῖς
1672 3313 1854 3381 λόγοις
1886 3305 2073 3369 αὑτοῦ,
2101 3305 2401 3369 διελθόντες
2419 3306 2521 3377 τὴν
2565 3306 2832 3379 Ἐρυθρὰν
2864 3307 3161 3363 θάλασσαν.

333 3398 442 3450 Kal
489 3398 814 3467 ἐπετίμησε
859 3397 929 3467 τῇ
973 3399 1216 3469 Ἐρυθρᾷ
1265 3402 1582 3473 θαλάσσῃ,
1628 3405 1726 3459 καὶ
1761 3404 1853 3469 ἐξ·

262 3489 517 3557 ηράνθη,
558 3490 657 3542 καὶ
702 3488 1022 3560 ὡδήγησεν
1053 3494 1276 3560 αὐτοὺς
1305 3495 1373 3548 ὲν
1394 3497 1644 3564 ἀϐύσσῳ
1675 3498 1755 3563 ὡς
1782 3498 1852 3551 ὲν

260 3581 477 3649 ἐρήμῳ.
535 3581 593 3633 Ὀ
641 3582 972 3653 ἐπιτιμήσας
1021 3586 1087 3655 τῇ
1148 3585 1386 3657 Ἐρυθρᾷ
1426 3586 1673 3661 θαλάσσῃ
1713 3590 1848 3642 πᾶσι

257 3674 392 3736 Θεὸς
424 3675 860 3745 ἀνωμολόγηται.
901 3678 965 3730 El
1000 3674 1094 3730 οὖν
1129 3680 1225 3731 καὶ
1272 3680 1479 3749 Ἰησοῦς
1512 3681 1701 3735 κλονου
1712 3682 1848 3755 μένῃ

258 3766 541 3821 ἐπιτάσσει
576 3771 644 3839 τῇ
677 3769 943 3840 θαλάσσῃ,
970 3771 1105 3824 πᾶσι
1129 3770 1261 3834 Θεὸς
1289 3771 1729 3844 ἀνωμολόγηται,
1760 3774 1847 3827 ἵνα

258 3861 322 3912 ὲκ
362 3861 658 3931 τρικυμίας
698 3861 731 3931 ἢ
770 3861 1039 3926 κλύδωνος
1067 3862 1275 3933 γαλήνη
1320 3864 1565 3934 γένηται.
1607 3867 1740 3930 Θεὸς
1772 3865 1847 3921 ὢν

258 3953 418 4016 αὐτὸς
461 3955 490 4006 ό
518 3956 855 4026 ἐπιτιμήσας
892 3957 956 4026 τῇ
1001 3956 1239 4028 Ἐρυθρᾷ
1264 3957 1508 4031 θαλάσσῃ
1537 3959 1630 4012 καὶ
1660 3958 1850 4032 ξηραί-

256 4062 361 4098 νων
392 4045 581 4117 αὐτὴν,
613 4046 687 4110 ὡς
720 4047 1059 4116 διοδεύσιμον
1092 4050 1263 4120 αὐτὴν
1292 4051 1564 4117 γενέσθαι,
1605 4052 1703 4123 τὴν
1742 4052 1848 4105 πά-

256 4136 343 4189 λαι
370 4135 643 4191 θάλασσαν
673 4139 766 4191 καὶ
794 4139 1032 4194 ἄϐυσσον
1055 4139 1144 4193 διὰ
1172 4141 1233 4193 τὸ
1258 4140 1371 4194 τῶν
1399 4142 1604 4195 ὑδάτων
1640 4144 1845 4215 πλῆθος

256 4227 399 4282 οὕτω
424 4228 785 4303 καλουμένην.

326 4322 436 4375 Kal
472 4322 668 4377 ἔσωσε
712 4323 935 4390 αὐτοὺς
986 4324 1055 4377 ἐκ
1104 4325 1302 4394 χειρός
1340 4324 1689 4394 μισοῦντος,
1744 4324 1844 4379 καὶ

255 4413 635 4482 ὲλυτρώσατο
656 4416 878 4483 αὐτοὺς
906 4417 975 4471 ἐκ
1000 4419 1199 4487 χειρὸς
1227 4413 1463 4485 ἐχθροῦ.
1507 4417 1843 4487 Ἐκάλυψεν

254 4503 412 4573 ὕδωρ
445 4505 588 4571 τοὺς
633 4508 949 4573 θλίϐοντας
992 4507 1234 4573 αὐτοὺς,
1281 4502 1369 4573 εἷς
1399 4508 1468 4571 ἐξ
1495 4504 1695 4561 αὐτῶν
1726 4511 1841 4579 οὐχ

253 4598 605 4667 ὑπελείφθη.
647 4600 867 4672 Ζητήσῃ
900 4617 984 4663 τις
1029 4599 1095 4653 ἂν
1126 4601 1251 4672 περὶ
1278 4600 1387 4653 τῶν
1414 4600 1717 4672 ὲπιμίκτων
1745 4602 1841 4655 Αί-

2028 3396 2195 3453 Vsns.
2216 3397 2268 3451 9.
2290 3396 2360 3450 Et
2384 3398 2643 3467 increpuit
2666 3415 2815 3453 mare
2842 3399 3101 3467 Rubrum,
3133 3413 3185 3457 et
3211 3406 3538 3464 exsiccatum

1950 3501 2052 3559 est,
2084 3500 2132 3546 et
2158 3490 2378 3545 deduxit
2403 3508 2491 3545 eos
2510 3495 2565 3545 in
2618 3492 2809 3563 abysso
2866 3500 3006 3549 sicut
3058 3496 3114 3550 in
3166 3497 3392 3557 deserto.
3429 3502 3537 3569 Qui

1951 3583 2226 3652 increpuit
2254 3597 2403 3635 mare
2438 3581 2710 3648 Rubrum,
2750 3585 2817 3639 ab
2852 3585 3109 3643 omnibus
3141 3586 3287 3644 Deus
3314 3590 3534 3650 habitus

1950 3683 2004 3729 et
2028 3675 2336 3731 declaratus
2389 3684 2495 3731 est.
2534 3674 2672 3730 Cum
2731 3692 2863 3748 ergo
2910 3677 3072 3735 Jesus
3132 3681 3338 3752 agitato
3393 3686 3533 3741 mari

1950 3765 2206 3835 imperat,
2250 3766 2391 3837 apud
2415 3782 2605 3822 omnes
2632 3767 2688 3821 in
2741 3766 2995 3824 confesso
3026 3769 3129 3825 fuit
3173 3772 3353 3843 ipsum
3407 3792 3533 3834 esse

1948 3855 2143 3922 Deum,
2178 3864 2239 3911 ut
2289 3874 2355 3913 ex
2394 3865 2721 3928 tempestate
2754 3868 2808 3913 et
2864 3862 3127 3931 procella,
3157 3866 3532 3935 tranquillitas

1948 3950 2263 4005 exsisteret.
2323 3949 2475 4005 ldem
2513 3950 2718 4021 quippe
2766 3950 2912 4007 Deus
2955 3961 3040 4009 est
3098 3956 3190 4026 qui
3226 3958 3532 4029 increpavit

1946 4056 2100 4097 mare
2132 4041 2382 4097 Rubrum
2405 4051 2459 4098 et
2483 4044 2783 4100 exsiccavit
2809 4046 2965 4111 illud,
3002 4046 3078 4101 ita
3104 4057 3165 4102 ut
3203 4053 3529 4119 pertransiri

1945 4145 2135 4205 posset
2167 4135 2242 4199 id,
2305 4137 2451 4205 quod
2498 4136 2629 4191 olim
2675 4137 2748 4193 ob
2792 4138 3197 4196 multitudinem
3262 4157 3528 4214 aquarum

1945 4240 2097 4281 mare
2125 4235 2179 4280 et
2201 4226 2435 4297 abyssus
2456 4227 2777 4284 vocabatur.

2020 4317 2181 4374 Vens.
2220 4319 2309 4383 10,
2337 4319 2424 4375 11.
2459 4318 2532 4372 Et
2552 4322 2778 4375 salvavit
2806 4338 2895 4377 eos
2915 4321 2980 4377 de
3002 4339 3167 4379 manu
3201 4325 3448 4391 odientis,
3476 4339 3527 4384 et

1942 4414 2164 4468 redemit
2183 4430 2270 4467 eos
2297 4413 2361 4467 de
2388 4429 2549 4466 manu
2584 4414 2805 4470 inimici.
2836 4415 3057 4485 Operuit
3091 4436 3233 4491 aqua
3261 4421 3527 4476 tribulem-

1944 4513 2018 4560 tes
2046 4523 2156 4571 eos,
2184 4522 2319 4560 unus
2350 4519 2416 4559 ea:
2449 4506 2524 4560 eis
2555 4522 2660 4560 non
2689 4510 2962 4563 remansit.
2988 4509 3206 4576 Quaerat
3226 4514 3523 4584 quispiam,

1941 4596 2011 4653 de
2034 4598 2365 4668 promiscuis
2417 4596 2695 4672 Egyptiis
2723 4599 2818 4670 qui
2866 4616 3019 4656 mare
3074 4603 3433 4670 transierunt,
3468 4612 3523 4659 et

254 4688 521 4756 γυπτίων,
549 4688 656 4741 τῶν
682 4689 999 4743 διελθόντων
1029 4691 1126 4763 τὴν
1158 4690 1453 4754 θάλασσαν,
1503 4692 1594 4744 καὶ
1629 4694 1707 4756 είς
1738 4692 1838 4765 τὴν

1962 4706 2052 4745 ma
2083 4706 2207 4746 cum
2238 4693 2441 4763 populo
2480 4694 2535 4746 in
2582 4692 2802 4749 deserto
2857 4694 3240 4750 versabantur.
3280 4695 3381 4751 Cui
3430 4712 3520 4753 re-

255 4778 460 4848 ερημον
483 4779 597 4848 ἅμα
619 4779 698 4849 τῷ
724 4779 837 4849 λαῷ
862 4781 1190 4851 γενομένων.
1222 4780 1363 4851 Πρὸς
1388 4781 1445 4833 ὃν
1470 4783 1722 4854 ἐροῦμεν,
1752 4785 1835 4837 ὅτι

257 4868 332 4939 μὴ
360 4867 468 4921 τῶν
502 4868 790 4922 θλιϐόντων
825 4864 965 4939 ἦσαν
1012 4870 1103 4922 τὸν
1151 4871 1384 4942 Ἰσραήλ.
1444 4872 1578 4943 Περὶ
1626 4873 1683 4926 δὲ
1728 4874 1836 4928 τῶν

254 4959 540 5013 θλιϐόντων
567 4961 752 5033 εἴρητο
775 4962 855 5025 τὸ,
888 4956 992 5026 Eii;
1018 4961 1086 5027 ἐξ
1112 4961 1313 5016 αὐτῶν
1341 4967 1453 5034 οὐχ
1478 4966 1833 5035 ὑπελείφθη.

265 5055 323 5109 Ὀ
342 5057 399 5110 δὲ
429 5057 718 5128 ὲπίμικτος
748 5057 876 5121 λαὸς
903 5058 1200 5127 Αἰγύπτιος
1232 5060 1330 5130 μὲν
1355 5055 1446 5131 ἦν,
1479 5061 1751 5115 πιστεύων
1776 5062 1836 5115 δὲ

251 5152 371 5214 ταῖς
397 5152 675 5215 Μωῡσέως
714 5154 937 5221 φωναῖς,
969 5152 1239 5222 σωτηρίας
1270 5152 1477 5223 ἔτυχεν.

323 5243 432 5296 Kal
460 5242 836 5297 ἐπίστευσαν
860 5243 940 5309 τῷ
968 5246 1128 5313 λόγῳ
1159 5244 1368 5305 αὐτοῦ,
1400 5246 1497 5298 καὶ
1526 5240 1689 5317 ᾖσαν
1720 5245 1837 5316 τὴν

250 5332 487 5387 αἴγεσιν
527 5334 735 5390 αὑτοῦ.
797 5335 1145 5405 Ἐτάχυναν,
1180 5336 1564 5391 ’ἐπελάθοντο
1594 5338 1711 5392 τῶν
1738 5339 1840 5407 ἕρδ

252 5445 366 5495 γων
408 5427 615 5492 αὑτοῦ,
661 5429 775 5498 οὐχ
824 5428 1153 5498 ὑπέμειναν
1188 5430 1305 5498 τὴν
1340 5429 1587 5497 βουλὴν
1620 5431 1829 5485 αὑτοῦ.

252 5520 355 5571 Σὺν
378 5520 454 5591 τῷ
479 5522 687 5592 Μωῦσῇ
713 5521 807 5574 καὶ
841 5520 1050 5593 Ἀαρὼν
1078 5521 1174 5593 τὴν
1194 5521 1338 5593 ᾠδὴν
1365 5522 1463 5594 τὴν
1488 5523 1546 5575 ὲν
1570 5524 1638 5593 τῇ
1665 5522 1829 5593 ἐξόδῳ

252 5612 564 5681 παραυτίκα
580 5613 675 5665 καὶ
687 5613 1029 5685 παραχρῆμα
1054 5613 1515 5685 μεταϐαλλόμενοι
1538 5615 1825 5685 ὲτάχυναν,

226 5704 573 5757 λὲπελάθοντο
603 5704 709 5759 τῶν
731 5706 907 5778 ἔργων
934 5705 1119 5759 αὑτοῦ.
1536 5708 1541 5711 ’

1944 4784 2362 4853 spondebimus,
2393 4800 2490 4840 eos
2532 4798 2643 4839 non
2703 4800 2768 4840 ex
2811 4800 3045 4841 numero
3095 4789 3521 4858 Opprimentium

1944 4875 2200 4930 lsraelem
2254 4875 2443 4933 fuisse.
2480 4876 2555 4933 De
2608 4878 2997 4935 tribulantibus
3071 4887 3253 4935 autem
3311 4881 3520 4936 dictum

1944 4976 2029 5023 est
2059 4984 2071 5019 :
2111 4966 2258 5022 Unus
2285 4985 2351 5023 ea:
2377 4970 2453 5024 eis
2487 4986 2592 5024 non
2643 4974 2918 5027 remansit.
2985 4971 3342 5029 Promiscuus
3389 4991 3521 5029 vero

1943 5057 2200 5127 populus,
2225 5056 2517 5130 Egyptius
2544 5058 2789 5136 quidem
2819 5069 2958 5128 erat,
2989 5060 3086 5116 sed
3136 5076 3263 5116 cum
3314 5060 3520 5132 Moysi!

1938 5149 2168 5205 vocibus
2192 5151 2462 5213 crederet,
2499 5152 2730 5206 salutem
2767 5159 2853 5207 est
2876 5158 3230 5208 consecutus.

2008 5239 2177 5297 Vens.
2222 5241 2311 5306 η,
2341 5242 2428 5297 1³5.
2456 5240 2524 5295 Et
2556 5242 2890 5297 crediderunt
2920 5243 3073 5297 verba
3093 5243 3230 5312 ejus,
3255 5252 3305 5297 et
3331 5252 3518 5298 canta-

1934 5343 2117 5388 verunt
2169 5333 2380 5388 laudem
2425 5333 2562 5404 ejus.
2586 5331 2705 5388 Cito
2753 5334 3009 5402 fecerunt,
3042 5335 3195 5388 obliti
3233 5344 3356 5388 sunt
3396 5352 3515 5405 ope-

1933 5443 2053 5480 rum
2084 5427 2221 5496 ejus,
2280 5443 2385 5480 non
2429 5428 2797 5482 sustinuerunt
2854 5426 3134 5482 consilium
3191 5429 3330 5497 ejus.
3374 5426 3513 5483 Cum

1936 5518 2123 5590 Moyse
2168 5526 2222 5573 et
2250 5518 2429 5575 Aaron
2455 5520 2509 5573 in
2531 5520 2678 5576 exitu
2706 5521 2984 5574 canticum
3035 5519 3388 5585 cecinerunt;
3416 5520 3513 5575 sed

1935 5612 2344 5682 quamprimum
2369 5620 2424 5670 et
2472 5614 2657 5671 statim
2684 5614 2974 5682 immutati,
3015 5614 3171 5670 obliti
3216 5620 3346 5671 sunt
3382 5627 3517 5685 ope-

1933 5719 2054 5759 rum
2086 5720 2229 5774 ejus.

321 5822 366 5854 τ’
404 5820 565 5878 Num.
599 5839 708 5890 xlv,
742 5824 793 5877 τ’).
871 5825 913 5855 ⁷¹
957 5823 1126 5879 Exod.
1167 5840 1276 5890 xiv,
1314 5824 1400 5889 ll,
1438 5824 1526 5881 12.
1603 5824 1649 5857 ⁷³
1688 5823 1835 5879 Psal.
1874 5835 2047 5892 cxlu,
2083 5824 2171 5877 10.
