  <div class='ocr_page' id='page_1' title='image "/cluster/home/n/w/nwhite01/storage/ocr_20150623/23/nnc1.0046978313/684.png"; bbox 0 0 3992 6404; ppageno 0'>
   <div class='ocr_carea' id='block_1_1' title="bbox 301 354 438 414">
    <p class='ocr_par' dir='ltr' id='par_1_1' title="bbox 301 354 438 414">
     <span class='ocr_line' id='line_1_1' title="bbox 301 354 438 414; baseline -0.007 -2"><span class='ocrx_word' id='word_1_1' title='bbox 301 354 438 414; x_wconf 71' lang='grc'><strong><em>1517</em></strong></span> 
     </span>
    </p>
   </div>
   <div class='ocr_carea' id='block_1_2' title="bbox 1392 369 2372 445">
    <p class='ocr_par' dir='ltr' id='par_1_2' title="bbox 1392 369 2372 445">
     <span class='ocr_line' id='line_1_2' title="bbox 1392 369 2372 445; baseline 0.013 -13"><span class='ocrx_word' id='word_1_2' title='bbox 1392 371 1891 437; x_wconf 76' lang='lat' dir='ltr'><strong><em>COMMENTAmA</em></strong></span> <span class='ocrx_word' id='word_1_3' title='bbox 1933 369 2000 440; x_wconf 82' lang='lat' dir='ltr'><strong><em>IN</em></strong></span> <span class='ocrx_word' id='word_1_4' title='bbox 2036 372 2372 445; x_wconf 80' lang='lat' dir='ltr'><strong><em>PSALMOS.</em></strong></span> 
     </span>
    </p>
   </div>
   <div class='ocr_carea' id='block_1_3' title="bbox 3411 404 3548 464">
    <p class='ocr_par' dir='ltr' id='par_1_3' title="bbox 3411 404 3548 464">
     <span class='ocr_line' id='line_1_3' title="bbox 3411 404 3548 464; baseline 0.007 0"><span class='ocrx_word' id='word_1_5' title='bbox 3411 404 3548 464; x_wconf 78' lang='lat' dir='ltr'><strong><em>l3l8</em></strong></span> 
     </span>
    </p>
   </div>
   <div class='ocr_carea' id='block_1_4' title="bbox 368 475 1838 585">
    <p class='ocr_par' dir='ltr' id='par_1_4' title="bbox 368 475 1838 562">
     <span class='ocr_line' id='line_1_4' title="bbox 368 475 1838 562; baseline 0.014 -35"><span class='ocrx_word' id='word_1_6' title='bbox 368 475 478 529; x_wconf 83' lang='lat' dir='ltr'><strong><em>Kal</em></strong></span> <span class='ocrx_word' id='word_1_7' title='bbox 507 478 888 551; x_wconf 75' lang='grc' dir='ltr'><em>παρώργισαν</em></span> <span class='ocrx_word' id='word_1_8' title='bbox 911 481 1096 558; x_wconf 75' lang='grc' dir='ltr'><em>αὐτὸν</em></span> <span class='ocrx_word' id='word_1_9' title='bbox 1125 486 1222 540; x_wconf 77' lang='grc' dir='ltr'><em>ἐπὶ</em></span> <span class='ocrx_word' id='word_1_10' title='bbox 1257 487 1471 557; x_wconf 77' lang='grc' dir='ltr'><em>ὕδατος</em></span> <span class='ocrx_word' id='word_1_11' title='bbox 1504 493 1838 562; x_wconf 69' lang='grc' dir='ltr'><strong><em>ἀντιλογίας</em></strong></span> 
     </span>
    </p>
   </div>
   <div class='ocr_carea' id='block_1_5' title="bbox 1941 475 3542 585">
    <p class='ocr_par' dir='ltr' id='par_1_5' title="bbox 1941 476 3542 585">
     <span class='ocr_line' id='line_1_5' title="bbox 1941 476 3542 585; baseline 0.015 -36"><span class='ocrx_word' id='word_1_12' title='bbox 1941 553 1946 561; x_wconf 56' lang='grc'><strong><em>,</em></strong></span> <span class='ocrx_word' id='word_1_13' title='bbox 2042 497 2209 556; x_wconf 75' lang='lat' dir='ltr'><strong><em>Vens.</em></strong></span> <span class='ocrx_word' id='word_1_14' title='bbox 2246 476 2439 559; x_wconf 69' lang='lat'><strong><em>32-40.</em></strong></span> <span class='ocrx_word' id='word_1_15' title='bbox 2469 502 2538 557; x_wconf 83' lang='lat' dir='ltr'><strong><em>Et</em></strong></span> <span class='ocrx_word' id='word_1_16' title='bbox 2573 505 2917 562; x_wconf 63' lang='lat' dir='ltr'><strong><em>irritaverant</em></strong></span> <span class='ocrx_word' id='word_1_17' title='bbox 2949 525 3068 565; x_wconf 84' lang='lat' dir='ltr'><strong><em>eum</em></strong></span> <span class='ocrx_word' id='word_1_18' title='bbox 3099 513 3167 566; x_wconf 83' lang='lat' dir='ltr'><strong><em>ad</em></strong></span> <span class='ocrx_word' id='word_1_19' title='bbox 3206 530 3397 585; x_wconf 84' lang='lat' dir='ltr'><strong><em>aquam</em></strong></span> <span class='ocrx_word' id='word_1_20' title='bbox 3421 536 3542 573; x_wconf 86' lang='lat' dir='ltr'><strong><em>con-</em></strong></span> 
     </span>
    </p>
   </div>
   <div class='ocr_carea' id='block_1_6' title="bbox 295 566 1868 653">
    <p class='ocr_par' dir='ltr' id='par_1_6' title="bbox 295 566 1868 653">
     <span class='ocr_line' id='line_1_6' title="bbox 295 566 1868 653; baseline 0.013 -35"><span class='ocrx_word' id='word_1_21' title='bbox 295 566 397 619; x_wconf 78' lang='lat' dir='ltr'><strong><em>xal</em></strong></span> <span class='ocrx_word' id='word_1_22' title='bbox 425 567 691 638; x_wconf 82' lang='grc' dir='ltr'><strong><em>ἐκακώθη</em></strong></span> <span class='ocrx_word' id='word_1_23' title='bbox 723 575 985 643; x_wconf 83' lang='grc' dir='ltr'><em>Μωϋσῆς</em></span> <span class='ocrx_word' id='word_1_24' title='bbox 1011 576 1086 630; x_wconf 81' lang='grc' dir='ltr'><em>δι’</em></span> <span class='ocrx_word' id='word_1_25' title='bbox 1115 579 1356 644; x_wconf 86' lang='grc' dir='ltr'><em>αὐτοὺς,</em></span> <span class='ocrx_word' id='word_1_26' title='bbox 1389 580 1478 634; x_wconf 82' lang='grc' dir='ltr'><em>ὅτι</em></span> <span class='ocrx_word' id='word_1_27' title='bbox 1510 587 1868 653; x_wconf 66' lang='grc' dir='ltr'><em>παρεπίκραν-</em></span> 
     </span>
    </p>
   </div>
   <div class='ocr_carea' id='block_1_7' title="bbox 295 657 1868 742">
    <p class='ocr_par' dir='ltr' id='par_1_7' title="bbox 295 657 1868 742">
     <span class='ocr_line' id='line_1_7' title="bbox 295 657 1868 742; baseline 0.013 -35"><span class='ocrx_word' id='word_1_28' title='bbox 295 672 412 709; x_wconf 87' lang='grc' dir='ltr'><strong><em>ναν</em></strong></span> <span class='ocrx_word' id='word_1_29' title='bbox 447 657 514 710; x_wconf 87' lang='grc' dir='ltr'><em>τὸ</em></span> <span class='ocrx_word' id='word_1_30' title='bbox 562 662 798 730; x_wconf 84' lang='grc' dir='ltr'><em>πνεῦμα</em></span> <span class='ocrx_word' id='word_1_31' title='bbox 843 659 1049 719; x_wconf 82' lang='grc' dir='ltr'><em>αὐτοῦ.</em></span> <span class='ocrx_word' id='word_1_32' title='bbox 1100 667 1213 720; x_wconf 91' lang='lat' dir='ltr'><strong><em>Kal</em></strong></span> <span class='ocrx_word' id='word_1_33' title='bbox 1253 669 1588 726; x_wconf 86' lang='grc' dir='ltr'><em>διέστειλεν</em></span> <span class='ocrx_word' id='word_1_34' title='bbox 1631 675 1701 728; x_wconf 90' lang='grc' dir='ltr'><strong><em>ἐν</em></strong></span> <span class='ocrx_word' id='word_1_35' title='bbox 1743 677 1868 742; x_wconf 85' lang='grc' dir='ltr'><em>τοῖς</em></span> 
     </span>
    </p>
   </div>
   <div class='ocr_carea' id='block_1_8' title="bbox 294 749 1867 835">
    <p class='ocr_par' dir='ltr' id='par_1_8' title="bbox 294 749 1867 835">
     <span class='ocr_line' id='line_1_8' title="bbox 294 749 1867 835; baseline 0.013 -34"><span class='ocrx_word' id='word_1_36' title='bbox 294 749 568 817; x_wconf 83' lang='grc' dir='ltr'><em>χείλεσιν</em></span> <span class='ocrx_word' id='word_1_37' title='bbox 612 755 818 818; x_wconf 82' lang='grc' dir='ltr'><em>αὐτοῦ,</em></span> <span class='ocrx_word' id='word_1_38' title='bbox 869 759 981 811; x_wconf 86' lang='grc' dir='ltr'><em>οὐκ</em></span> <span class='ocrx_word' id='word_1_39' title='bbox 1025 758 1484 829; x_wconf 81' lang='grc' dir='ltr'><em>ἐξωλόθρευσαν</em></span> <span class='ocrx_word' id='word_1_40' title='bbox 1526 767 1597 819; x_wconf 82' lang='grc' dir='ltr'><strong><em>τὰ</em></strong></span> <span class='ocrx_word' id='word_1_41' title='bbox 1647 766 1789 835; x_wconf 79' lang='grc' dir='ltr'><em>ἔθνη</em></span> <span class='ocrx_word' id='word_1_42' title='bbox 1826 770 1867 822; x_wconf 79' lang='grc' dir='ltr'><em>ἂ</em></span> 
     </span>
    </p>
   </div>
   <div class='ocr_carea' id='block_1_9' title="bbox 292 837 1860 926">
    <p class='ocr_par' dir='ltr' id='par_1_9' title="bbox 292 837 1860 926">
     <span class='ocr_line' id='line_1_9' title="bbox 292 837 1860 926; baseline 0.014 -34"><span class='ocrx_word' id='word_1_43' title='bbox 292 837 421 894; x_wconf 78' lang='grc' dir='ltr'><em>εἶπε</em></span> <span class='ocrx_word' id='word_1_44' title='bbox 447 843 659 910; x_wconf 84' lang='grc' dir='ltr'><em>Κύριος</em></span> <span class='ocrx_word' id='word_1_45' title='bbox 683 845 903 913; x_wconf 78' lang='grc' dir='ltr'><em>αὐτοῖς.</em></span> <span class='ocrx_word' id='word_1_46' title='bbox 936 849 1044 902; x_wconf 81' lang='grc' dir='ltr'><strong><em>Καὶ</em></strong></span> <span class='ocrx_word' id='word_1_47' title='bbox 1076 850 1369 920; x_wconf 75' lang='grc' dir='ltr'><em>ἐμίγησαν</em></span> <span class='ocrx_word' id='word_1_48' title='bbox 1390 855 1459 907; x_wconf 85' lang='grc' dir='ltr'><strong><em>ἐν</em></strong></span> <span class='ocrx_word' id='word_1_49' title='bbox 1486 856 1612 923; x_wconf 85' lang='grc' dir='ltr'><em>τοῖς</em></span> <span class='ocrx_word' id='word_1_50' title='bbox 1638 859 1860 926; x_wconf 74' lang='grc' dir='ltr'><em>ἔθνεσι,</em></span> 
     </span>
    </p>
   </div>
   <div class='ocr_carea' id='block_1_10' title="bbox 292 933 1864 1016">
    <p class='ocr_par' dir='ltr' id='par_1_10' title="bbox 292 933 1864 1016">
     <span class='ocr_line' id='line_1_10' title="bbox 292 933 1864 1016; baseline 0.012 -32"><span class='ocrx_word' id='word_1_51' title='bbox 292 933 388 985; x_wconf 78' lang='grc' dir='ltr'><em>καὶ</em></span> <span class='ocrx_word' id='word_1_52' title='bbox 409 933 631 1003; x_wconf 76' lang='grc' dir='ltr'><em>ἔμαθον</em></span> <span class='ocrx_word' id='word_1_53' title='bbox 657 938 729 992; x_wconf 88' lang='grc' dir='ltr'><em>τὰ</em></span> <span class='ocrx_word' id='word_1_54' title='bbox 747 938 890 1008; x_wconf 78' lang='grc' dir='ltr'><em>ἔργα</em></span> <span class='ocrx_word' id='word_1_55' title='bbox 912 941 1130 1006; x_wconf 85' lang='grc' dir='ltr'><em>αὐτῶν,</em></span> <span class='ocrx_word' id='word_1_56' title='bbox 1156 943 1254 997; x_wconf 80' lang='grc' dir='ltr'><em>καὶ</em></span> <span class='ocrx_word' id='word_1_57' title='bbox 1277 945 1719 1002; x_wconf 82' lang='grc' dir='ltr'><em>ἐδουλεύσαντο</em></span> <span class='ocrx_word' id='word_1_58' title='bbox 1740 951 1864 1016; x_wconf 82' lang='grc' dir='ltr'><em>τοῖς</em></span> 
     </span>
    </p>
   </div>
   <div class='ocr_carea' id='block_1_11' title="bbox 291 1027 1863 1105">
    <p class='ocr_par' dir='ltr' id='par_1_11' title="bbox 291 1027 1863 1105">
     <span class='ocr_line' id='line_1_11' title="bbox 291 1027 1863 1105; baseline 0.011 -28"><span class='ocrx_word' id='word_1_59' title='bbox 291 1027 576 1093; x_wconf 74' lang='grc' dir='ltr'><strong><em>γλυπτοῖς</em></strong></span> <span class='ocrx_word' id='word_1_60' title='bbox 604 1028 820 1095; x_wconf 86' lang='grc' dir='ltr'><em>αὐτῶν,</em></span> <span class='ocrx_word' id='word_1_61' title='bbox 856 1032 953 1085; x_wconf 82' lang='grc' dir='ltr'><em>καὶ</em></span> <span class='ocrx_word' id='word_1_62' title='bbox 978 1033 1230 1103; x_wconf 77' lang='grc' dir='ltr'><em>ἐγενήθη</em></span> <span class='ocrx_word' id='word_1_63' title='bbox 1256 1036 1460 1103; x_wconf 84' lang='grc' dir='ltr'><em>αὐτοῖς</em></span> <span class='ocrx_word' id='word_1_64' title='bbox 1486 1042 1572 1105; x_wconf 80' lang='grc' dir='ltr'><strong><em>είς</em></strong></span> <span class='ocrx_word' id='word_1_65' title='bbox 1598 1041 1863 1094; x_wconf 84' lang='grc' dir='ltr'><em>σκάνδα-</em></span> 
     </span>
    </p>
   </div>
   <div class='ocr_carea' id='block_1_12' title="bbox 286 1117 1860 1204">
    <p class='ocr_par' dir='ltr' id='par_1_12' title="bbox 286 1117 1860 1204">
     <span class='ocr_line' id='line_1_12' title="bbox 286 1117 1860 1204; baseline 0.012 -36"><span class='ocrx_word' id='word_1_66' title='bbox 286 1118 418 1171; x_wconf 80' lang='grc' dir='ltr'><em>λον.</em></span> <span class='ocrx_word' id='word_1_67' title='bbox 453 1117 564 1171; x_wconf 91' lang='lat' dir='ltr'><strong><em>Kal</em></strong></span> <span class='ocrx_word' id='word_1_68' title='bbox 586 1119 816 1174; x_wconf 82' lang='grc' dir='ltr'><em>ἔθυσαν</em></span> <span class='ocrx_word' id='word_1_69' title='bbox 841 1123 982 1190; x_wconf 87' lang='grc' dir='ltr'><em>τοὺς</em></span> <span class='ocrx_word' id='word_1_70' title='bbox 1011 1127 1181 1193; x_wconf 82' lang='grc' dir='ltr'><em>υἱοὺς</em></span> <span class='ocrx_word' id='word_1_71' title='bbox 1208 1129 1406 1182; x_wconf 86' lang='grc' dir='ltr'><em>αὐτῶν</em></span> <span class='ocrx_word' id='word_1_72' title='bbox 1432 1131 1528 1183; x_wconf 80' lang='grc' dir='ltr'><strong><em>καὶ</em></strong></span> <span class='ocrx_word' id='word_1_73' title='bbox 1559 1133 1664 1198; x_wconf 81' lang='grc' dir='ltr'><strong><em>τὰς</em></strong></span> <span class='ocrx_word' id='word_1_74' title='bbox 1692 1137 1860 1204; x_wconf 73' lang='grc' dir='ltr'><em>θυγα-</em></span> 
     </span>
    </p>
   </div>
   <div class='ocr_carea' id='block_1_13' title="bbox 286 1206 1860 1294">
    <p class='ocr_par' dir='ltr' id='par_1_13' title="bbox 286 1206 1860 1294">
     <span class='ocr_line' id='line_1_13' title="bbox 286 1206 1860 1294; baseline 0.013 -36"><span class='ocrx_word' id='word_1_75' title='bbox 286 1206 461 1274; x_wconf 88' lang='grc' dir='ltr'><em>τέρας</em></span> <span class='ocrx_word' id='word_1_76' title='bbox 497 1209 696 1264; x_wconf 87' lang='grc' dir='ltr'><em>αὐτῶν</em></span> <span class='ocrx_word' id='word_1_77' title='bbox 733 1213 858 1280; x_wconf 84' lang='grc' dir='ltr'><em>τοῖς</em></span> <span class='ocrx_word' id='word_1_78' title='bbox 895 1213 1238 1284; x_wconf 80' lang='grc' dir='ltr'><strong><em>δαιμονίοις.</em></strong></span> <span class='ocrx_word' id='word_1_79' title='bbox 1290 1221 1394 1274; x_wconf 81' lang='grc' dir='ltr'><strong><em>Καὶ</em></strong></span> <span class='ocrx_word' id='word_1_80' title='bbox 1428 1221 1678 1291; x_wconf 80' lang='grc' dir='ltr'><strong><em>ἐξέχεαν</em></strong></span> <span class='ocrx_word' id='word_1_81' title='bbox 1717 1221 1860 1294; x_wconf 66' lang='grc' dir='ltr'><em>αἷμα</em></span> 
     </span>
    </p>
   </div>
   <div class='ocr_carea' id='block_1_14' title="bbox 285 1295 1853 1381">
    <p class='ocr_par' dir='ltr' id='par_1_14' title="bbox 285 1295 1853 1381">
     <span class='ocr_line' id='line_1_14' title="bbox 285 1295 1853 1381; baseline 0.014 -33"><span class='ocrx_word' id='word_1_82' title='bbox 285 1296 498 1361; x_wconf 79' lang='grc' dir='ltr'><em>ἀθῶον,</em></span> <span class='ocrx_word' id='word_1_83' title='bbox 524 1295 666 1368; x_wconf 79' lang='grc' dir='ltr'><em>αἷμα</em></span> <span class='ocrx_word' id='word_1_84' title='bbox 691 1303 837 1356; x_wconf 84' lang='grc' dir='ltr'>υἱῶν</span> <span class='ocrx_word' id='word_1_85' title='bbox 864 1306 1063 1360; x_wconf 81' lang='grc' dir='ltr'><em>αὐτῶν</em></span> <span class='ocrx_word' id='word_1_86' title='bbox 1094 1309 1194 1362; x_wconf 80' lang='grc' dir='ltr'><em>καὶ</em></span> <span class='ocrx_word' id='word_1_87' title='bbox 1229 1311 1583 1381; x_wconf 75' lang='grc' dir='ltr'><strong><em>θυγατέρων,</em></strong></span> <span class='ocrx_word' id='word_1_88' title='bbox 1610 1307 1697 1367; x_wconf 83' lang='grc' dir='ltr'><em>ὧν</em></span> <span class='ocrx_word' id='word_1_89' title='bbox 1719 1317 1853 1371; x_wconf 77' lang='grc' dir='ltr'><em>ἐθυ-</em></span> 
     </span>
    </p>
   </div>
   <div class='ocr_carea' id='block_1_15' title="bbox 284 1389 1855 1477">
    <p class='ocr_par' dir='ltr' id='par_1_15' title="bbox 284 1389 1855 1477">
     <span class='ocr_line' id='line_1_15' title="bbox 284 1389 1855 1477; baseline 0.013 -38"><span class='ocrx_word' id='word_1_90' title='bbox 284 1403 404 1440; x_wconf 88' lang='grc' dir='ltr'><strong><em>σαν</em></strong></span> <span class='ocrx_word' id='word_1_91' title='bbox 441 1389 562 1456; x_wconf 81' lang='grc' dir='ltr'><em>τοῖς</em></span> <span class='ocrx_word' id='word_1_92' title='bbox 589 1394 876 1460; x_wconf 77' lang='grc' dir='ltr'><em>γλυπτοῖς</em></span> <span class='ocrx_word' id='word_1_93' title='bbox 909 1391 1168 1454; x_wconf 83' lang='grc' dir='ltr'><em>Χαναάν.</em></span> <span class='ocrx_word' id='word_1_94' title='bbox 1201 1401 1310 1453; x_wconf 84' lang='lat' dir='ltr'><strong><em>Kal</em></strong></span> <span class='ocrx_word' id='word_1_95' title='bbox 1339 1401 1786 1476; x_wconf 64' lang='grc' dir='ltr'><em>ἐφονοκτοντήθη</em></span> <span class='ocrx_word' id='word_1_96' title='bbox 1815 1401 1855 1477; x_wconf 73' lang='grc' dir='ltr'><strong><em>ἦ</em></strong></span> 
     </span>
    </p>
   </div>
   <div class='ocr_carea' id='block_1_16' title="bbox 283 1468 1857 1567">
    <p class='ocr_par' dir='ltr' id='par_1_16' title="bbox 283 1468 1857 1567">
     <span class='ocr_line' id='line_1_16' title="bbox 283 1468 1857 1567; baseline 0.013 -37"><span class='ocrx_word' id='word_1_97' title='bbox 283 1468 358 1546; x_wconf 75' lang='grc' dir='ltr'><em>τῆ</em></span> <span class='ocrx_word' id='word_1_98' title='bbox 403 1479 471 1532; x_wconf 85' lang='grc' dir='ltr'><strong><em>ἐν</em></strong></span> <span class='ocrx_word' id='word_1_99' title='bbox 501 1481 626 1548; x_wconf 84' lang='grc' dir='ltr'><em>τοῖς</em></span> <span class='ocrx_word' id='word_1_100' title='bbox 657 1484 886 1552; x_wconf 82' lang='grc' dir='ltr'><em>αιμασι,</em></span> <span class='ocrx_word' id='word_1_101' title='bbox 939 1488 1038 1541; x_wconf 79' lang='grc' dir='ltr'><strong><em>και</em></strong></span> <span class='ocrx_word' id='word_1_102' title='bbox 1083 1489 1329 1559; x_wconf 80' lang='grc' dir='ltr'><em>ἐμιάνθη</em></span> <span class='ocrx_word' id='word_1_103' title='bbox 1374 1468 1452 1545; x_wconf 39' lang='grc' dir='ltr'><strong><em>-ἑν</em></strong></span> <span class='ocrx_word' id='word_1_104' title='bbox 1497 1495 1621 1561; x_wconf 82' lang='grc' dir='ltr'><em>τοῖς</em></span> <span class='ocrx_word' id='word_1_105' title='bbox 1660 1468 1857 1567; x_wconf 50' lang='lat' dir='ltr'><strong><em>sm;</em></strong></span> 
     </span>
    </p>
   </div>
   <div class='ocr_carea' id='block_1_17' title="bbox 281 1568 1857 1656">
    <p class='ocr_par' dir='ltr' id='par_1_17' title="bbox 281 1568 1857 1656">
     <span class='ocr_line' id='line_1_17' title="bbox 281 1568 1857 1656; baseline 0.015 -37"><span class='ocrx_word' id='word_1_106' title='bbox 281 1568 498 1632; x_wconf 80' lang='grc' dir='ltr'><em>αὐτῶν,</em></span> <span class='ocrx_word' id='word_1_107' title='bbox 529 1571 626 1624; x_wconf 79' lang='grc' dir='ltr'><em>καὶ</em></span> <span class='ocrx_word' id='word_1_108' title='bbox 671 1573 1048 1641; x_wconf 84' lang='grc' dir='ltr'><em>ἐπόρνευσαν</em></span> <span class='ocrx_word' id='word_1_109' title='bbox 1083 1579 1182 1632; x_wconf 79' lang='grc' dir='ltr'><em>ἐπὶ</em></span> <span class='ocrx_word' id='word_1_110' title='bbox 1224 1581 1348 1647; x_wconf 86' lang='grc' dir='ltr'><em>τοῖς</em></span> <span class='ocrx_word' id='word_1_111' title='bbox 1389 1583 1857 1656; x_wconf 80' lang='grc' dir='ltr'><strong><em>ἐπιτηδεύμασιν</em></strong></span> 
     </span>
    </p>
   </div>
   <div class='ocr_carea' id='block_1_18' title="bbox 280 1659 1856 1741">
    <p class='ocr_par' dir='ltr' id='par_1_18' title="bbox 280 1659 1856 1741">
     <span class='ocr_line' id='line_1_18' title="bbox 280 1659 1856 1741; baseline 0.015 -30"><span class='ocrx_word' id='word_1_112' title='bbox 280 1659 499 1715; x_wconf 83' lang='grc' dir='ltr'><em>αὐτῶν.</em></span> <span class='ocrx_word' id='word_1_113' title='bbox 541 1663 650 1716; x_wconf 92' lang='lat' dir='ltr'><strong><em>Kal</em></strong></span> <span class='ocrx_word' id='word_1_114' title='bbox 678 1664 938 1735; x_wconf 74' lang='grc' dir='ltr'><em>ὠργίσθη</em></span> <span class='ocrx_word' id='word_1_115' title='bbox 967 1668 1130 1738; x_wconf 81' lang='grc' dir='ltr'><em>θυμῷ</em></span> <span class='ocrx_word' id='word_1_116' title='bbox 1162 1673 1378 1741; x_wconf 86' lang='grc' dir='ltr'><em>Κύριος</em></span> <span class='ocrx_word' id='word_1_117' title='bbox 1415 1675 1514 1730; x_wconf 78' lang='grc' dir='ltr'><em>ἐπὶ</em></span> <span class='ocrx_word' id='word_1_118' title='bbox 1553 1677 1660 1731; x_wconf 88' lang='grc' dir='ltr'><strong><em>τὸν</em></strong></span> <span class='ocrx_word' id='word_1_119' title='bbox 1699 1679 1856 1734; x_wconf 85' lang='grc' dir='ltr'><em>λαὸν</em></span> 
     </span>
    </p>
   </div>
   <div class='ocr_carea' id='block_1_19' title="bbox 278 1840 1844 1927">
    <p class='ocr_par' dir='ltr' id='par_1_19' title="bbox 278 1840 1844 1927">
     <span class='ocr_line' id='line_1_19' title="bbox 278 1840 1844 1927; baseline 0.013 -34"><span class='ocrx_word' id='word_1_120' title='bbox 278 1840 367 1894; x_wconf 82' lang='grc' dir='ltr'><em>διὰ</em></span> <span class='ocrx_word' id='word_1_121' title='bbox 385 1843 556 1896; x_wconf 86' lang='grc' dir='ltr'><em>ταῦτα</em></span> <span class='ocrx_word' id='word_1_122' title='bbox 587 1845 764 1899; x_wconf 86' lang='grc' dir='ltr'><em>πάντα</em></span> <span class='ocrx_word' id='word_1_123' title='bbox 798 1846 1112 1914; x_wconf 75' lang='grc' dir='ltr'><em>ἐϐδελύξατο</em></span> <span class='ocrx_word' id='word_1_124' title='bbox 1136 1851 1232 1924; x_wconf 82' lang='grc' dir='ltr'><em>τὴν</em></span> <span class='ocrx_word' id='word_1_125' title='bbox 1266 1854 1624 1927; x_wconf 80' lang='grc' dir='ltr'><strong><em>κληρονομίαν</em></strong></span> <span class='ocrx_word' id='word_1_126' title='bbox 1656 1859 1844 1924; x_wconf 80' lang='grc' dir='ltr'><em>αὐτοῦ,</em></span> 
     </span>
    </p>
   </div>
   <div class='ocr_carea' id='block_1_20' title="bbox 277 1933 1848 2021">
    <p class='ocr_par' dir='ltr' id='par_1_20' title="bbox 277 1933 1848 2021">
     <span class='ocr_line' id='line_1_20' title="bbox 277 1933 1848 2021; baseline 0.014 -36"><span class='ocrx_word' id='word_1_127' title='bbox 277 1933 397 1997; x_wconf 82' lang='grc' dir='ltr'><strong><em>πῶς</em></strong></span> <span class='ocrx_word' id='word_1_128' title='bbox 428 1935 684 2008; x_wconf 79' lang='grc' dir='ltr'><strong><em>ἀνωτέρω</em></strong></span> <span class='ocrx_word' id='word_1_129' title='bbox 709 1938 942 2010; x_wconf 78' lang='grc' dir='ltr'><em>εἴρηται·</em></span> <span class='ocrx_word' id='word_1_130' title='bbox 978 1943 1087 1996; x_wconf 85' lang='grc' dir='ltr'><strong><em>Τοῦ</em></strong></span> <span class='ocrx_word' id='word_1_131' title='bbox 1113 1944 1262 1999; x_wconf 74' lang='grc' dir='ltr'><strong><em>ἰδεῖν</em></strong></span> <span class='ocrx_word' id='word_1_132' title='bbox 1290 1947 1359 2001; x_wconf 86' lang='grc' dir='ltr'><strong><em>ἐν</em></strong></span> <span class='ocrx_word' id='word_1_133' title='bbox 1387 1948 1460 2016; x_wconf 77' lang='grc' dir='ltr'><em>τῇ</em></span> <span class='ocrx_word' id='word_1_134' title='bbox 1485 1955 1848 2021; x_wconf 82' lang='grc' dir='ltr'><strong><em>χρηστότητι</em></strong></span> 
     </span>
    </p>
   </div>
   <div class='ocr_carea' id='block_1_21' title="bbox 276 2024 1850 2114">
    <p class='ocr_par' dir='ltr' id='par_1_21' title="bbox 276 2024 1850 2114">
     <span class='ocr_line' id='line_1_21' title="bbox 276 2024 1850 2114; baseline 0.014 -36"><span class='ocrx_word' id='word_1_135' title='bbox 276 2024 396 2079; x_wconf 80' lang='grc' dir='ltr'><strong><em>τῶν</em></strong></span> <span class='ocrx_word' id='word_1_136' title='bbox 436 2028 734 2084; x_wconf 79' lang='grc' dir='ltr'><strong><em>ἐκλεκτῶν</em></strong></span> <span class='ocrx_word' id='word_1_137' title='bbox 775 2048 914 2101; x_wconf 90' lang='grc' dir='ltr'><em>σου,</em></span> <span class='ocrx_word' id='word_1_138' title='bbox 962 2037 1071 2090; x_wconf 73' lang='grc' dir='ltr'><em>τοῦ</em></span> <span class='ocrx_word' id='word_1_139' title='bbox 1114 2040 1518 2110; x_wconf 68' lang='grc' dir='ltr'><em>εὐφρανθῆναι</em></span> <span class='ocrx_word' id='word_1_140' title='bbox 1554 2043 1623 2097; x_wconf 84' lang='grc' dir='ltr'><strong><em>ἐν</em></strong></span> <span class='ocrx_word' id='word_1_141' title='bbox 1652 2045 1726 2114; x_wconf 81' lang='grc' dir='ltr'><em>τῇ</em></span> <span class='ocrx_word' id='word_1_142' title='bbox 1753 2049 1850 2100; x_wconf 81' lang='grc' dir='ltr'><strong><em>εὐ·-</em></strong></span> 
     </span>
    </p>
   </div>
   <div class='ocr_carea' id='block_1_22' title="bbox 276 2120 1850 2207">
    <p class='ocr_par' dir='ltr' id='par_1_22' title="bbox 276 2120 1850 2207">
     <span class='ocr_line' id='line_1_22' title="bbox 276 2120 1850 2207; baseline 0.015 -37"><span class='ocrx_word' id='word_1_143' title='bbox 276 2120 552 2190; x_wconf 69' lang='grc' dir='ltr'><em>φροσύνῃ</em></span> <span class='ocrx_word' id='word_1_144' title='bbox 590 2123 696 2178; x_wconf 89' lang='grc' dir='ltr'><em>τοῦ</em></span> <span class='ocrx_word' id='word_1_145' title='bbox 737 2125 953 2194; x_wconf 78' lang='grc' dir='ltr'><em>ἔθνους</em></span> <span class='ocrx_word' id='word_1_146' title='bbox 985 2144 1121 2194; x_wconf 89' lang='grc' dir='ltr'><em>σου,</em></span> <span class='ocrx_word' id='word_1_147' title='bbox 1161 2131 1268 2185; x_wconf 86' lang='grc' dir='ltr'><em>τοῦ</em></span> <span class='ocrx_word' id='word_1_148' title='bbox 1305 2133 1670 2191; x_wconf 81' lang='grc' dir='ltr'><em>ἐπαινεῖσθαι</em></span> <span class='ocrx_word' id='word_1_149' title='bbox 1697 2139 1850 2207; x_wconf 84' lang='grc' dir='ltr'><em>μετὰ</em></span> 
     </span>
    </p>
   </div>
   <div class='ocr_carea' id='block_1_23' title="bbox 276 2211 1847 2299">
    <p class='ocr_par' dir='ltr' id='par_1_23' title="bbox 276 2211 1847 2299">
     <span class='ocr_line' id='line_1_23' title="bbox 276 2211 1847 2299; baseline 0.015 -37"><span class='ocrx_word' id='word_1_150' title='bbox 276 2211 386 2278; x_wconf 81' lang='grc' dir='ltr'><strong><em>τῆς</em></strong></span> <span class='ocrx_word' id='word_1_151' title='bbox 418 2216 820 2285; x_wconf 81' lang='grc' dir='ltr'><em>κληρονομίας</em></span> <span class='ocrx_word' id='word_1_152' title='bbox 848 2236 964 2274; x_wconf 90' lang='grc' dir='ltr'><strong><em>σου</em></strong></span> <span class='ocrx_word' id='word_1_153' title='bbox 987 2237 1005 2283; x_wconf 88' lang='grc'><strong><em>;</em></strong></span> <span class='ocrx_word' id='word_1_154' title='bbox 1041 2223 1202 2276; x_wconf 84' lang='grc' dir='ltr'><em>Ἀλλὰ</em></span> <span class='ocrx_word' id='word_1_155' title='bbox 1229 2225 1332 2296; x_wconf 82' lang='grc' dir='ltr'><em>ὅρα</em></span> <span class='ocrx_word' id='word_1_156' title='bbox 1359 2229 1406 2280; x_wconf 77' lang='grc' dir='ltr'><em>εἰ</em></span> <span class='ocrx_word' id='word_1_157' title='bbox 1435 2226 1508 2299; x_wconf 83' lang='grc' dir='ltr'><strong>μὴ</strong></span> <span class='ocrx_word' id='word_1_158' title='bbox 1539 2230 1726 2298; x_wconf 85' lang='grc' dir='ltr'>σαφῶς</span> <span class='ocrx_word' id='word_1_159' title='bbox 1753 2232 1847 2286; x_wconf 74' lang='grc' dir='ltr'><em>καὶ</em></span> 
     </span>
    </p>
   </div>
   <div class='ocr_carea' id='block_1_24' title="bbox 273 2302 1844 2391">
    <p class='ocr_par' dir='ltr' id='par_1_24' title="bbox 273 2302 1844 2391">
     <span class='ocr_line' id='line_1_24' title="bbox 273 2302 1844 2391; baseline 0.016 -39"><span class='ocrx_word' id='word_1_160' title='bbox 273 2302 374 2371; x_wconf 75' lang='grc' dir='ltr'><strong><em>ὶτὴν</em></strong></span> <span class='ocrx_word' id='word_1_161' title='bbox 420 2302 797 2376; x_wconf 85' lang='grc' dir='ltr'><em>βδελυχθεῖσαν</em></span> <span class='ocrx_word' id='word_1_162' title='bbox 848 2310 1208 2384; x_wconf 83' lang='grc' dir='ltr'><strong><em>κληρονομίαν</em></strong></span> <span class='ocrx_word' id='word_1_163' title='bbox 1254 2316 1348 2369; x_wconf 82' lang='grc' dir='ltr'><em>τοῦ</em></span> <span class='ocrx_word' id='word_1_164' title='bbox 1404 2319 1665 2391; x_wconf 82' lang='grc' dir='ltr'><em>προτέρου</em></span> <span class='ocrx_word' id='word_1_165' title='bbox 1716 2322 1844 2377; x_wconf 79' lang='grc' dir='ltr'><em>λαοῦ</em></span> 
     </span>
    </p>
   </div>
   <div class='ocr_carea' id='block_1_25' title="bbox 275 2393 1845 2484">
    <p class='ocr_par' dir='ltr' id='par_1_25' title="bbox 275 2393 1845 2484">
     <span class='ocr_line' id='line_1_25' title="bbox 275 2393 1845 2484; baseline 0.012 -35"><span class='ocrx_word' id='word_1_166' title='bbox 275 2393 617 2465; x_wconf 76' lang='grc' dir='ltr'><strong><em>παρέστησεν</em></strong></span> <span class='ocrx_word' id='word_1_167' title='bbox 662 2401 690 2452; x_wconf 86' lang='grc' dir='ltr'>ὁ</span> <span class='ocrx_word' id='word_1_168' title='bbox 730 2400 904 2470; x_wconf 81' lang='grc' dir='ltr'><em>λόγος,</em></span> <span class='ocrx_word' id='word_1_169' title='bbox 946 2405 1042 2456; x_wconf 76' lang='grc' dir='ltr'><em>καὶ</em></span> <span class='ocrx_word' id='word_1_170' title='bbox 1080 2407 1209 2476; x_wconf 74' lang='grc' dir='ltr'><em>περὶ</em></span> <span class='ocrx_word' id='word_1_171' title='bbox 1250 2408 1442 2479; x_wconf 81' lang='grc' dir='ltr'><em>ἑτέρας</em></span> <span class='ocrx_word' id='word_1_172' title='bbox 1484 2410 1845 2484; x_wconf 78' lang='grc' dir='ltr'><em>κληρονομίας</em></span> 
     </span>
    </p>
   </div>
   <div class='ocr_carea' id='block_1_26' title="bbox 275 2483 1844 2578">
    <p class='ocr_par' dir='ltr' id='par_1_26' title="bbox 275 2483 1844 2578">
     <span class='ocr_line' id='line_1_26' title="bbox 275 2483 1844 2578; baseline 0.017 -43"><span class='ocrx_word' id='word_1_173' title='bbox 275 2483 540 2551; x_wconf 79' lang='grc' dir='ltr'><strong><em>θεσπίζει,</em></strong></span> <span class='ocrx_word' id='word_1_174' title='bbox 570 2488 646 2553; x_wconf 88' lang='grc' dir='ltr'><em>ὡς</em></span> <span class='ocrx_word' id='word_1_175' title='bbox 675 2493 770 2545; x_wconf 77' lang='grc' dir='ltr'><em>καὶ</em></span> <span class='ocrx_word' id='word_1_176' title='bbox 798 2497 926 2566; x_wconf 77' lang='grc' dir='ltr'><em>περὶ</em></span> <span class='ocrx_word' id='word_1_177' title='bbox 956 2497 1142 2569; x_wconf 79' lang='grc' dir='ltr'><em>ἑτέρου</em></span> <span class='ocrx_word' id='word_1_178' title='bbox 1176 2500 1304 2555; x_wconf 82' lang='grc' dir='ltr'><em>λαοῦ</em></span> <span class='ocrx_word' id='word_1_179' title='bbox 1338 2503 1454 2573; x_wconf 86' lang='grc' dir='ltr'><em>μεθ’</em></span> <span class='ocrx_word' id='word_1_180' title='bbox 1485 2498 1559 2559; x_wconf 85' lang='grc' dir='ltr'><em>ὧν</em></span> <span class='ocrx_word' id='word_1_181' title='bbox 1592 2483 1844 2578; x_wconf 74' lang='grc' dir='ltr'><em>εὔχεσθαι</em></span> 
     </span>
    </p>
   </div>
   <div class='ocr_carea' id='block_1_27' title="bbox 273 2578 1021 2654">
    <p class='ocr_par' dir='ltr' id='par_1_27' title="bbox 273 2578 1021 2654">
     <span class='ocr_line' id='line_1_27' title="bbox 273 2578 1021 2654; baseline 0.016 -24"><span class='ocrx_word' id='word_1_182' title='bbox 273 2578 743 2654; x_wconf 76' lang='grc' dir='ltr'><strong><em>καταριθμηθῆναι</em></strong></span> <span class='ocrx_word' id='word_1_183' title='bbox 765 2585 1021 2641; x_wconf 82' lang='grc' dir='ltr'><em>διδάσκει.</em></span> 
     </span>
    </p>
   </div>
   <div class='ocr_carea' id='block_1_28' title="bbox 342 2673 1840 2757">
    <p class='ocr_par' dir='ltr' id='par_1_28' title="bbox 342 2673 1840 2757">
     <span class='ocr_line' id='line_1_28' title="bbox 342 2673 1840 2757; baseline 0.014 -33"><span class='ocrx_word' id='word_1_184' title='bbox 342 2673 452 2725; x_wconf 89' lang='lat' dir='ltr'><strong><em>Kal</em></strong></span> <span class='ocrx_word' id='word_1_185' title='bbox 485 2674 825 2742; x_wconf 84' lang='grc' dir='ltr'><em>παρέδωκεν</em></span> <span class='ocrx_word' id='word_1_186' title='bbox 853 2681 1073 2746; x_wconf 82' lang='grc' dir='ltr'><em>αὐτοὺς</em></span> <span class='ocrx_word' id='word_1_187' title='bbox 1102 2685 1188 2749; x_wconf 79' lang='grc' dir='ltr'><em>εἰς</em></span> <span class='ocrx_word' id='word_1_188' title='bbox 1224 2683 1427 2753; x_wconf 79' lang='grc' dir='ltr'><em>χεῖρας</em></span> <span class='ocrx_word' id='word_1_189' title='bbox 1461 2687 1706 2757; x_wconf 78' lang='grc' dir='ltr'><em>ἐχθρῶν,</em></span> <span class='ocrx_word' id='word_1_190' title='bbox 1742 2691 1840 2744; x_wconf 79' lang='grc' dir='ltr'><em>καὶ</em></span> 
     </span>
    </p>
   </div>
   <div class='ocr_carea' id='block_1_29' title="bbox 273 2760 1840 2845">
    <p class='ocr_par' dir='ltr' id='par_1_29' title="bbox 273 2760 1840 2845">
     <span class='ocr_line' id='line_1_29' title="bbox 273 2760 1840 2845; baseline 0.015 -32"><span class='ocrx_word' id='word_1_191' title='bbox 273 2760 631 2830; x_wconf 80' lang='grc' dir='ltr'><em>ἐκυρίευσαν</em></span> <span class='ocrx_word' id='word_1_192' title='bbox 660 2767 858 2821; x_wconf 85' lang='grc' dir='ltr'><em>αὐτῶν</em></span> <span class='ocrx_word' id='word_1_193' title='bbox 886 2773 940 2823; x_wconf 91' lang='grc' dir='ltr'><em>οἱ</em></span> <span class='ocrx_word' id='word_1_194' title='bbox 963 2772 1286 2840; x_wconf 84' lang='grc' dir='ltr'><em>μισοῦντες</em></span> <span class='ocrx_word' id='word_1_195' title='bbox 1322 2780 1560 2845; x_wconf 80' lang='grc' dir='ltr'><em>αὐτούς.</em></span> <span class='ocrx_word' id='word_1_196' title='bbox 1611 2781 1683 2833; x_wconf 89' lang='grc' dir='ltr'><strong><em>Οὑ</em></strong></span> <span class='ocrx_word' id='word_1_197' title='bbox 1731 2799 1840 2836; x_wconf 85' lang='grc' dir='ltr'><em>πα-</em></span> 
     </span>
    </p>
   </div>
   <div class='ocr_carea' id='block_1_30' title="bbox 273 2848 1840 2946">
    <p class='ocr_par' dir='ltr' id='par_1_30' title="bbox 273 2848 1840 2946">
     <span class='ocr_line' id='line_1_30' title="bbox 273 2848 1840 2946; baseline 0.014 -42"><span class='ocrx_word' id='word_1_198' title='bbox 273 2854 526 2923; x_wconf 80' lang='grc' dir='ltr'><em>ραδίδωσι</em></span> <span class='ocrx_word' id='word_1_199' title='bbox 553 2848 610 2909; x_wconf 71' lang='grc' dir='ltr'><em>δὲ</em></span> <span class='ocrx_word' id='word_1_200' title='bbox 637 2857 840 2930; x_wconf 86' lang='grc' dir='ltr'><em>Κύριος</em></span> <span class='ocrx_word' id='word_1_201' title='bbox 862 2856 952 2914; x_wconf 71' lang='grc' dir='ltr'><em>τὸν</em></span> <span class='ocrx_word' id='word_1_202' title='bbox 980 2862 1104 2916; x_wconf 80' lang='grc' dir='ltr'><em>λαὸν</em></span> <span class='ocrx_word' id='word_1_203' title='bbox 1135 2860 1320 2931; x_wconf 79' lang='grc' dir='ltr'><em>αὐτοῦ,</em></span> <span class='ocrx_word' id='word_1_204' title='bbox 1345 2870 1440 2922; x_wconf 80' lang='grc' dir='ltr'><em>ἐὰν</em></span> <span class='ocrx_word' id='word_1_205' title='bbox 1474 2869 1548 2942; x_wconf 69' lang='grc' dir='ltr'><strong>μὴ</strong></span> <span class='ocrx_word' id='word_1_206' title='bbox 1578 2872 1840 2946; x_wconf 79' lang='grc' dir='ltr'><em>πρότερον</em></span> 
     </span>
    </p>
   </div>
   <div class='ocr_carea' id='block_1_31' title="bbox 271 2943 1841 3035">
    <p class='ocr_par' dir='ltr' id='par_1_31' title="bbox 271 2943 1841 3035">
     <span class='ocr_line' id='line_1_31' title="bbox 271 2943 1841 3035; baseline 0.015 -40"><span class='ocrx_word' id='word_1_207' title='bbox 271 2943 586 3015; x_wconf 52' lang='grc' dir='ltr'><em>βδεὶιύῇται</em></span> <span class='ocrx_word' id='word_1_208' title='bbox 615 2946 792 3002; x_wconf 84' lang='grc' dir='ltr'><em>αὐτόν·</em></span> <span class='ocrx_word' id='word_1_209' title='bbox 831 2947 1174 3021; x_wconf 86' lang='grc' dir='ltr'><em>βδελύσσεται</em></span> <span class='ocrx_word' id='word_1_210' title='bbox 1201 2954 1257 3010; x_wconf 83' lang='grc' dir='ltr'><em>δὲ</em></span> <span class='ocrx_word' id='word_1_211' title='bbox 1283 2959 1442 3013; x_wconf 84' lang='grc' dir='ltr'><em>αὐτὸν</em></span> <span class='ocrx_word' id='word_1_212' title='bbox 1471 2961 1558 3014; x_wconf 88' lang='grc' dir='ltr'><em>διὰ</em></span> <span class='ocrx_word' id='word_1_213' title='bbox 1589 2963 1686 3026; x_wconf 82' lang='grc' dir='ltr'><em>τὰς</em></span> <span class='ocrx_word' id='word_1_214' title='bbox 1709 2943 1841 3035; x_wconf 83' lang='grc' dir='ltr'><em>προ-</em></span> 
     </span>
    </p>
   </div>
   <div class='ocr_carea' id='block_1_32' title="bbox 269 3035 1834 3128">
    <p class='ocr_par' dir='ltr' id='par_1_32' title="bbox 269 3035 1834 3128">
     <span class='ocr_line' id='line_1_32' title="bbox 269 3035 1834 3128; baseline 0.015 -41"><span class='ocrx_word' id='word_1_215' title='bbox 269 3035 595 3108; x_wconf 80' lang='grc' dir='ltr'><em>λελεγμένας</em></span> <span class='ocrx_word' id='word_1_216' title='bbox 624 3036 868 3112; x_wconf 80' lang='grc' dir='ltr'><em>πράξεις.</em></span> <span class='ocrx_word' id='word_1_217' title='bbox 918 3045 1164 3100; x_wconf 79' lang='grc' dir='ltr'><em>Ἐπειδὰν</em></span> <span class='ocrx_word' id='word_1_218' title='bbox 1204 3049 1260 3102; x_wconf 80' lang='grc' dir='ltr'><em>δὲ</em></span> <span class='ocrx_word' id='word_1_219' title='bbox 1298 3053 1325 3104; x_wconf 86' lang='grc' dir='ltr'>ὁ</span> <span class='ocrx_word' id='word_1_220' title='bbox 1359 3051 1560 3124; x_wconf 86' lang='grc' dir='ltr'><em>Κύριος</em></span> <span class='ocrx_word' id='word_1_221' title='bbox 1589 3056 1834 3128; x_wconf 84' lang='grc' dir='ltr'><em>παραδῷ,</em></span> 
     </span>
    </p>
   </div>
   <div class='ocr_carea' id='block_1_33' title="bbox 267 3126 1838 3215">
    <p class='ocr_par' dir='ltr' id='par_1_33' title="bbox 267 3126 1838 3215">
     <span class='ocr_line' id='line_1_33' title="bbox 267 3126 1838 3215; baseline 0.015 -38"><span class='ocrx_word' id='word_1_222' title='bbox 267 3126 352 3189; x_wconf 84' lang='grc' dir='ltr'><strong><em>τίς</em></strong></span> <span class='ocrx_word' id='word_1_223' title='bbox 385 3127 445 3180; x_wconf 84' lang='grc' dir='ltr'><em>οὐ</em></span> <span class='ocrx_word' id='word_1_224' title='bbox 475 3126 693 3183; x_wconf 81' lang='grc' dir='ltr'><em>δύναται</em></span> <span class='ocrx_word' id='word_1_225' title='bbox 725 3129 834 3184; x_wconf 87' lang='grc' dir='ltr'><strong><em>τῶν</em></strong></span> <span class='ocrx_word' id='word_1_226' title='bbox 871 3134 1033 3187; x_wconf 80' lang='grc' dir='ltr'><em>αὐτοῦ</em></span> <span class='ocrx_word' id='word_1_227' title='bbox 1069 3138 1407 3206; x_wconf 83' lang='grc' dir='ltr'><em>κυριεύσειν;</em></span> <span class='ocrx_word' id='word_1_228' title='bbox 1440 3141 1552 3196; x_wconf 80' lang='grc' dir='ltr'><strong><em>Καὶ</em></strong></span> <span class='ocrx_word' id='word_1_229' title='bbox 1579 3144 1838 3215; x_wconf 70' lang='grc' dir='ltr'><em>ἐθλιψαν</em></span> 
     </span>
    </p>
   </div>
   <div class='ocr_carea' id='block_1_34' title="bbox 266 3221 1906 3305">
    <p class='ocr_par' dir='ltr' id='par_1_34' title="bbox 266 3221 1906 3305">
     <span class='ocr_line' id='line_1_34' title="bbox 266 3221 1906 3305; baseline 0.013 -32"><span class='ocrx_word' id='word_1_230' title='bbox 266 3221 489 3288; x_wconf 85' lang='grc' dir='ltr'><em>αὐτοὺς</em></span> <span class='ocrx_word' id='word_1_231' title='bbox 512 3225 566 3277; x_wconf 89' lang='lat' dir='ltr'><strong><em>ol</em></strong></span> <span class='ocrx_word' id='word_1_232' title='bbox 594 3224 790 3294; x_wconf 83' lang='grc' dir='ltr'><em>ἐχθροὶ</em></span> <span class='ocrx_word' id='word_1_233' title='bbox 820 3225 1035 3293; x_wconf 88' lang='grc' dir='ltr'><em>αὐτῶν,</em></span> <span class='ocrx_word' id='word_1_234' title='bbox 1077 3230 1173 3285; x_wconf 79' lang='grc' dir='ltr'><strong><em>καὶ</em></strong></span> <span class='ocrx_word' id='word_1_235' title='bbox 1203 3231 1688 3305; x_wconf 81' lang='grc' dir='ltr'><em>ἐταπεινώθησαν</em></span> <span class='ocrx_word' id='word_1_236' title='bbox 1717 3240 1835 3293; x_wconf 82' lang='grc' dir='ltr'><strong><em>ὑπὸ</em></strong></span> <span class='ocrx_word' id='word_1_237' title='bbox 1863 3222 1906 3282; x_wconf 77' lang='lat' dir='ltr'><strong>C</strong></span> 
     </span>
    </p>
   </div>
   <div class='ocr_carea' id='block_1_35' title="bbox 267 3313 1832 3396">
    <p class='ocr_par' dir='ltr' id='par_1_35' title="bbox 267 3313 1832 3396">
     <span class='ocr_line' id='line_1_35' title="bbox 267 3313 1832 3396; baseline 0.014 -32"><span class='ocrx_word' id='word_1_238' title='bbox 267 3313 374 3379; x_wconf 82' lang='grc' dir='ltr'><em>τὰς</em></span> <span class='ocrx_word' id='word_1_239' title='bbox 403 3313 607 3382; x_wconf 87' lang='grc' dir='ltr'><em>χεῖρας</em></span> <span class='ocrx_word' id='word_1_240' title='bbox 641 3317 854 3370; x_wconf 68' lang='grc' dir='ltr'><em>αὐτῶνθ</em></span> <span class='ocrx_word' id='word_1_241' title='bbox 897 3319 1222 3387; x_wconf 78' lang='grc' dir='ltr'><em>πλεονάκις</em></span> <span class='ocrx_word' id='word_1_242' title='bbox 1261 3323 1550 3392; x_wconf 77' lang='grc' dir='ltr'><em>ἐρρύσατο</em></span> <span class='ocrx_word' id='word_1_243' title='bbox 1593 3330 1832 3396; x_wconf 85' lang='grc' dir='ltr'><em>αὐτούς.</em></span> 
     </span>
    </p>
   </div>
   <div class='ocr_carea' id='block_1_36' title="bbox 265 3405 1834 3488">
    <p class='ocr_par' dir='ltr' id='par_1_36' title="bbox 265 3405 1834 3488">
     <span class='ocr_line' id='line_1_36' title="bbox 265 3405 1834 3488; baseline 0.013 -33"><span class='ocrx_word' id='word_1_244' title='bbox 265 3405 443 3457; x_wconf 76' lang='grc' dir='ltr'><em>Αὐτοὶ</em></span> <span class='ocrx_word' id='word_1_245' title='bbox 473 3405 542 3458; x_wconf 86' lang='grc' dir='ltr'><em>δὲ</em></span> <span class='ocrx_word' id='word_1_246' title='bbox 582 3408 1029 3477; x_wconf 81' lang='grc' dir='ltr'><em>παρεπίκραναν</em></span> <span class='ocrx_word' id='word_1_247' title='bbox 1064 3413 1250 3466; x_wconf 76' lang='grc' dir='ltr'><em>αὑτὸν</em></span> <span class='ocrx_word' id='word_1_248' title='bbox 1289 3415 1356 3468; x_wconf 85' lang='grc' dir='ltr'><strong><em>ἐν</em></strong></span> <span class='ocrx_word' id='word_1_249' title='bbox 1384 3415 1459 3485; x_wconf 78' lang='grc' dir='ltr'><em>τῇ</em></span> <span class='ocrx_word' id='word_1_250' title='bbox 1493 3419 1698 3488; x_wconf 77' lang='grc' dir='ltr'><em>βουλῇ</em></span> <span class='ocrx_word' id='word_1_251' title='bbox 1727 3422 1834 3474; x_wconf 87' lang='grc' dir='ltr'><strong><em>αὺ-</em></strong></span> 
     </span>
    </p>
   </div>
   <div class='ocr_carea' id='block_1_37' title="bbox 265 3494 1831 3577">
    <p class='ocr_par' dir='ltr' id='par_1_37' title="bbox 265 3494 1831 3577">
     <span class='ocr_line' id='line_1_37' title="bbox 265 3494 1831 3577; baseline 0.013 -30"><span class='ocrx_word' id='word_1_252' title='bbox 265 3494 404 3562; x_wconf 81' lang='grc' dir='ltr'><em>τῶν,</em></span> <span class='ocrx_word' id='word_1_253' title='bbox 440 3497 538 3550; x_wconf 75' lang='grc' dir='ltr'><em>καὶ</em></span> <span class='ocrx_word' id='word_1_254' title='bbox 567 3499 1050 3568; x_wconf 85' lang='grc' dir='ltr'><em>ἐταπεινώθησαν</em></span> <span class='ocrx_word' id='word_1_255' title='bbox 1081 3503 1149 3557; x_wconf 82' lang='grc' dir='ltr'><em>ἑν</em></span> <span class='ocrx_word' id='word_1_256' title='bbox 1169 3505 1298 3571; x_wconf 81' lang='grc' dir='ltr'><em>ταῖς</em></span> <span class='ocrx_word' id='word_1_257' title='bbox 1320 3507 1592 3577; x_wconf 86' lang='grc' dir='ltr'><em>ἀνομίαις</em></span> <span class='ocrx_word' id='word_1_258' title='bbox 1614 3511 1831 3567; x_wconf 73' lang='grc' dir='ltr'><em>αὐτῶν.</em></span> 
     </span>
    </p>
   </div>
   <div class='ocr_carea' id='block_1_38' title="bbox 265 3583 1834 3668">
    <p class='ocr_par' dir='ltr' id='par_1_38' title="bbox 265 3583 1834 3668">
     <span class='ocr_line' id='line_1_38' title="bbox 265 3583 1834 3668; baseline 0.011 -27"><span class='ocrx_word' id='word_1_259' title='bbox 265 3583 434 3653; x_wconf 68' lang='grc' dir='ltr'><em>Αὐτὸς</em></span> <span class='ocrx_word' id='word_1_260' title='bbox 477 3591 593 3660; x_wconf 87' lang='grc' dir='ltr'><em>μὲν,</em></span> <span class='ocrx_word' id='word_1_261' title='bbox 628 3593 811 3662; x_wconf 75' lang='grc' dir='ltr'><em>φησὶν,</em></span> <span class='ocrx_word' id='word_1_262' title='bbox 849 3593 1094 3665; x_wconf 75' lang='grc' dir='ltr'><em>ἐρρύετο,</em></span> <span class='ocrx_word' id='word_1_263' title='bbox 1135 3597 1368 3668; x_wconf 82' lang='grc' dir='ltr'><em>χρηστὸς</em></span> <span class='ocrx_word' id='word_1_264' title='bbox 1410 3599 1484 3653; x_wconf 78' lang='grc' dir='ltr'><em>ὢν</em></span> <span class='ocrx_word' id='word_1_265' title='bbox 1521 3599 1702 3666; x_wconf 82' lang='grc' dir='ltr'><em>αὐτοῖς</em></span> <span class='ocrx_word' id='word_1_266' title='bbox 1740 3606 1834 3659; x_wconf 78' lang='grc' dir='ltr'><em>καὶ</em></span> 
     </span>
    </p>
   </div>
   <div class='ocr_carea' id='block_1_39' title="bbox 261 3677 1834 3766">
    <p class='ocr_par' dir='ltr' id='par_1_39' title="bbox 261 3677 1834 3766">
     <span class='ocr_line' id='line_1_39' title="bbox 261 3677 1834 3766; baseline 0.011 -34"><span class='ocrx_word' id='word_1_267' title='bbox 261 3677 467 3747; x_wconf 77' lang='grc' dir='ltr'><em>γλυκὺς</em></span> <span class='ocrx_word' id='word_1_268' title='bbox 503 3682 809 3753; x_wconf 79' lang='grc' dir='ltr'><em>γενόμενος’</em></span> <span class='ocrx_word' id='word_1_269' title='bbox 841 3685 889 3738; x_wconf 78' lang='grc' dir='ltr'><em>οἱ</em></span> <span class='ocrx_word' id='word_1_270' title='bbox 921 3685 978 3739; x_wconf 85' lang='grc' dir='ltr'><em>δὲ</em></span> <span class='ocrx_word' id='word_1_271' title='bbox 1011 3689 1444 3760; x_wconf 83' lang='grc' dir='ltr'><em>παρεπίκραναν,</em></span> <span class='ocrx_word' id='word_1_272' title='bbox 1481 3695 1674 3766; x_wconf 85' lang='grc' dir='ltr'><em>πικρὸν</em></span> <span class='ocrx_word' id='word_1_273' title='bbox 1707 3697 1834 3750; x_wconf 80' lang='grc' dir='ltr'><em>ἑαυ-</em></span> 
     </span>
    </p>
   </div>
   <div class='ocr_carea' id='block_1_40' title="bbox 261 3774 1834 3850">
    <p class='ocr_par' dir='ltr' id='par_1_40' title="bbox 261 3774 1834 3850">
     <span class='ocr_line' id='line_1_40' title="bbox 261 3774 1834 3850; baseline 0.012 -27"><span class='ocrx_word' id='word_1_274' title='bbox 261 3774 375 3835; x_wconf 81' lang='grc' dir='ltr'><em>τοῖς</em></span> <span class='ocrx_word' id='word_1_275' title='bbox 416 3774 691 3838; x_wconf 81' lang='grc' dir='ltr'><em>ποιοῦντες</em></span> <span class='ocrx_word' id='word_1_276' title='bbox 737 3777 918 3829; x_wconf 83' lang='grc' dir='ltr'><em>αὐτόν·</em></span> <span class='ocrx_word' id='word_1_277' title='bbox 963 3780 1053 3831; x_wconf 75' lang='grc' dir='ltr'><em>καὶ</em></span> <span class='ocrx_word' id='word_1_278' title='bbox 1096 3781 1256 3834; x_wconf 86' lang='grc' dir='ltr'><em>πάλιν</em></span> <span class='ocrx_word' id='word_1_279' title='bbox 1299 3783 1459 3847; x_wconf 79' lang='grc' dir='ltr'><em>αὐτὸς</em></span> <span class='ocrx_word' id='word_1_280' title='bbox 1505 3784 1705 3850; x_wconf 80' lang='grc' dir='ltr'><em>ἔσωζεν</em></span> <span class='ocrx_word' id='word_1_281' title='bbox 1745 3783 1834 3842; x_wconf 74' lang='grc' dir='ltr'><em>οἷα</em></span> 
     </span>
    </p>
   </div>
   <div class='ocr_carea' id='block_1_41' title="bbox 265 3860 1834 3947">
    <p class='ocr_par' dir='ltr' id='par_1_41' title="bbox 265 3860 1834 3947">
     <span class='ocr_line' id='line_1_41' title="bbox 265 3860 1834 3947; baseline 0.015 -33"><span class='ocrx_word' id='word_1_282' title='bbox 265 3866 468 3935; x_wconf 81' lang='grc' dir='ltr'><em>σωτήρ·</em></span> <span class='ocrx_word' id='word_1_283' title='bbox 504 3860 552 3920; x_wconf 79' lang='grc' dir='ltr'><em>οἱ</em></span> <span class='ocrx_word' id='word_1_284' title='bbox 588 3866 644 3919; x_wconf 83' lang='grc' dir='ltr'><em>δὲ</em></span> <span class='ocrx_word' id='word_1_285' title='bbox 687 3866 1020 3935; x_wconf 86' lang='grc' dir='ltr'><em>ἀπώλλυντο,</em></span> <span class='ocrx_word' id='word_1_286' title='bbox 1066 3872 1248 3942; x_wconf 78' lang='grc' dir='ltr'><em>ἔργοις</em></span> <span class='ocrx_word' id='word_1_287' title='bbox 1291 3877 1564 3942; x_wconf 83' lang='grc' dir='ltr'><em>ἀπωλείας</em></span> <span class='ocrx_word' id='word_1_288' title='bbox 1607 3882 1834 3947; x_wconf 81' lang='grc' dir='ltr'><em>ἑαυτοὺς</em></span> 
     </span>
    </p>
   </div>
   <div class='ocr_carea' id='block_1_42' title="bbox 264 3955 1830 4038">
    <p class='ocr_par' dir='ltr' id='par_1_42' title="bbox 264 3955 1830 4038">
     <span class='ocr_line' id='line_1_42' title="bbox 264 3955 1830 4038; baseline 0.016 -33"><span class='ocrx_word' id='word_1_289' title='bbox 264 3955 688 4026; x_wconf 78' lang='grc' dir='ltr'><strong><em>περιπείροντες⁸</em></strong></span> <span class='ocrx_word' id='word_1_290' title='bbox 721 3959 816 4012; x_wconf 71' lang='grc' dir='ltr'><em>καὶ</em></span> <span class='ocrx_word' id='word_1_291' title='bbox 855 3961 1010 4014; x_wconf 76' lang='grc' dir='ltr'><em>τοῦτο</em></span> <span class='ocrx_word' id='word_1_292' title='bbox 1055 3963 1340 4030; x_wconf 87' lang='grc' dir='ltr'><em>πλεονάκις</em></span> <span class='ocrx_word' id='word_1_293' title='bbox 1372 3970 1598 4038; x_wconf 77' lang='grc' dir='ltr'><em>ἐγίνετο,</em></span> <span class='ocrx_word' id='word_1_294' title='bbox 1633 3973 1738 4038; x_wconf 79' lang='grc' dir='ltr'><em>ἕως</em></span> <span class='ocrx_word' id='word_1_295' title='bbox 1770 3967 1830 4031; x_wconf 73' lang='grc' dir='ltr'><em>οὗ</em></span> 
     </span>
    </p>
   </div>
   <div class='ocr_carea' id='block_1_43' title="bbox 261 4041 1788 4137">
    <p class='ocr_par' dir='ltr' id='par_1_43' title="bbox 261 4041 1788 4137">
     <span class='ocr_line' id='line_1_43' title="bbox 261 4041 1788 4137; baseline 0.016 -40"><span class='ocrx_word' id='word_1_296' title='bbox 261 4048 414 4100; x_wconf 73' lang='grc' dir='ltr'><em>αὐτοὶ</em></span> <span class='ocrx_word' id='word_1_297' title='bbox 437 4047 659 4113; x_wconf 79' lang='grc' dir='ltr'><em>ἑαυτοὺς</em></span> <span class='ocrx_word' id='word_1_298' title='bbox 687 4041 1057 4108; x_wconf 78' lang='grc' dir='ltr'><em>ἐταπείνωσαν</em></span> <span class='ocrx_word' id='word_1_299' title='bbox 1086 4059 1142 4111; x_wconf 82' lang='grc' dir='ltr'><em>ὲν</em></span> <span class='ocrx_word' id='word_1_300' title='bbox 1169 4055 1286 4122; x_wconf 80' lang='grc' dir='ltr'><em>ταῖς</em></span> <span class='ocrx_word' id='word_1_301' title='bbox 1316 4062 1495 4116; x_wconf 85' lang='grc' dir='ltr'><em>αὑτῶν</em></span> <span class='ocrx_word' id='word_1_302' title='bbox 1521 4067 1788 4137; x_wconf 82' lang='grc' dir='ltr'><em>ἁνομίαις.</em></span> 
     </span>
    </p>
   </div>
   <div class='ocr_carea' id='block_1_44' title="bbox 329 4135 1830 4226">
    <p class='ocr_par' dir='ltr' id='par_1_44' title="bbox 329 4135 1830 4226">
     <span class='ocr_line' id='line_1_44' title="bbox 329 4135 1830 4226; baseline 0.016 -36"><span class='ocrx_word' id='word_1_303' title='bbox 329 4139 437 4192; x_wconf 87' lang='lat' dir='ltr'><strong><em>Kal</em></strong></span> <span class='ocrx_word' id='word_1_304' title='bbox 475 4135 597 4193; x_wconf 74' lang='grc' dir='ltr'><em>εἶδε</em></span> <span class='ocrx_word' id='word_1_305' title='bbox 621 4144 836 4210; x_wconf 86' lang='grc' dir='ltr'><em>Κύριος</em></span> <span class='ocrx_word' id='word_1_306' title='bbox 862 4145 930 4197; x_wconf 82' lang='grc' dir='ltr'><strong><em>ἐν</em></strong></span> <span class='ocrx_word' id='word_1_307' title='bbox 955 4146 1032 4212; x_wconf 84' lang='grc' dir='ltr'><em>τῷ</em></span> <span class='ocrx_word' id='word_1_308' title='bbox 1062 4151 1368 4205; x_wconf 81' lang='grc' dir='ltr'><em>θλίϐεσθαι</em></span> <span class='ocrx_word' id='word_1_309' title='bbox 1388 4135 1631 4222; x_wconf 79' lang='grc' dir='ltr'><em>αὐτοὺς,</em></span> <span class='ocrx_word' id='word_1_310' title='bbox 1655 4159 1722 4212; x_wconf 83' lang='grc' dir='ltr'><strong><em>ἐν</em></strong></span> <span class='ocrx_word' id='word_1_311' title='bbox 1750 4161 1830 4226; x_wconf 85' lang='grc' dir='ltr'><em>τῷ</em></span> 
     </span>
    </p>
   </div>
   <div class='ocr_carea' id='block_1_45' title="bbox 260 4229 1826 4319">
    <p class='ocr_par' dir='ltr' id='par_1_45' title="bbox 260 4229 1826 4319">
     <span class='ocr_line' id='line_1_45' title="bbox 260 4229 1826 4319; baseline 0.015 -38"><span class='ocrx_word' id='word_1_312' title='bbox 260 4229 445 4283; x_wconf 83' lang='grc' dir='ltr'><em>αὐτὸν</em></span> <span class='ocrx_word' id='word_1_313' title='bbox 465 4233 818 4288; x_wconf 77' lang='grc' dir='ltr'><em>εἰσακοῦσαι</em></span> <span class='ocrx_word' id='word_1_314' title='bbox 848 4235 958 4304; x_wconf 81' lang='grc' dir='ltr'><em>τῆς</em></span> <span class='ocrx_word' id='word_1_315' title='bbox 981 4238 1242 4308; x_wconf 81' lang='grc' dir='ltr'><em>δεήσεως</em></span> <span class='ocrx_word' id='word_1_316' title='bbox 1271 4245 1486 4300; x_wconf 79' lang='grc' dir='ltr'><em>αὐτῶν.</em></span> <span class='ocrx_word' id='word_1_317' title='bbox 1518 4249 1626 4302; x_wconf 89' lang='lat' dir='ltr'><strong><em>Kal</em></strong></span> <span class='ocrx_word' id='word_1_318' title='bbox 1647 4251 1826 4319; x_wconf 84' lang='grc' dir='ltr'><em>ἐμνή-</em></span> 
     </span>
    </p>
   </div>
   <div class='ocr_carea' id='block_1_46' title="bbox 259 4321 1826 4407">
    <p class='ocr_par' dir='ltr' id='par_1_46' title="bbox 259 4321 1826 4407">
     <span class='ocr_line' id='line_1_46' title="bbox 259 4321 1826 4407; baseline 0.015 -34"><span class='ocrx_word' id='word_1_319' title='bbox 259 4325 376 4390; x_wconf 85' lang='grc' dir='ltr'><strong><em>σθη</em></strong></span> <span class='ocrx_word' id='word_1_320' title='bbox 404 4321 513 4391; x_wconf 85' lang='grc' dir='ltr'><em>τῆς</em></span> <span class='ocrx_word' id='word_1_321' title='bbox 541 4323 826 4394; x_wconf 81' lang='grc' dir='ltr'><em>διαθήκης</em></span> <span class='ocrx_word' id='word_1_322' title='bbox 853 4329 1060 4394; x_wconf 84' lang='grc' dir='ltr'><em>αὑτοῦ,</em></span> <span class='ocrx_word' id='word_1_323' title='bbox 1096 4334 1191 4386; x_wconf 81' lang='grc' dir='ltr'><em>καὶ</em></span> <span class='ocrx_word' id='word_1_324' title='bbox 1222 4339 1555 4407; x_wconf 83' lang='grc' dir='ltr'><em>μετεϐλήθη</em></span> <span class='ocrx_word' id='word_1_325' title='bbox 1581 4343 1729 4395; x_wconf 82' lang='grc' dir='ltr'><em>κατὰ</em></span> <span class='ocrx_word' id='word_1_326' title='bbox 1759 4343 1826 4396; x_wconf 87' lang='grc' dir='ltr'><em>τὸ</em></span> 
     </span>
    </p>
   </div>
   <div class='ocr_carea' id='block_1_47' title="bbox 259 4413 1827 4501">
    <p class='ocr_par' dir='ltr' id='par_1_47' title="bbox 259 4413 1827 4501">
     <span class='ocr_line' id='line_1_47' title="bbox 259 4413 1827 4501; baseline 0.015 -36"><span class='ocrx_word' id='word_1_327' title='bbox 259 4413 493 4482; x_wconf 81' lang='grc' dir='ltr'><em>πλῆθος</em></span> <span class='ocrx_word' id='word_1_328' title='bbox 515 4417 621 4470; x_wconf 90' lang='grc' dir='ltr'><em>τοῦ</em></span> <span class='ocrx_word' id='word_1_329' title='bbox 647 4417 858 4484; x_wconf 85' lang='grc' dir='ltr'><em>ἐλέους</em></span> <span class='ocrx_word' id='word_1_330' title='bbox 884 4421 1090 4477; x_wconf 84' lang='grc' dir='ltr'><em>αὐτοῦ.</em></span> <span class='ocrx_word' id='word_1_331' title='bbox 1120 4426 1228 4478; x_wconf 85' lang='lat' dir='ltr'><strong><em>Kal</em></strong></span> <span class='ocrx_word' id='word_1_332' title='bbox 1259 4426 1480 4482; x_wconf 80' lang='grc' dir='ltr'><em>ἔδωκεν</em></span> <span class='ocrx_word' id='word_1_333' title='bbox 1499 4433 1720 4498; x_wconf 76' lang='grc' dir='ltr'><em>αὐτοὺς</em></span> <span class='ocrx_word' id='word_1_334' title='bbox 1739 4437 1827 4501; x_wconf 79' lang='grc' dir='ltr'><em>εἰς</em></span> 
     </span>
    </p>
   </div>
   <div class='ocr_carea' id='block_1_48' title="bbox 260 4506 1826 4591">
    <p class='ocr_par' dir='ltr' id='par_1_48' title="bbox 260 4506 1826 4591">
     <span class='ocr_line' id='line_1_48' title="bbox 260 4506 1826 4591; baseline 0.015 -35"><span class='ocrx_word' id='word_1_335' title='bbox 260 4506 594 4574; x_wconf 80' lang='grc' dir='ltr'><em>οἱκτιρμοὺς</em></span> <span class='ocrx_word' id='word_1_336' title='bbox 642 4508 921 4564; x_wconf 85' lang='grc' dir='ltr'><em>ἐναντίον</em></span> <span class='ocrx_word' id='word_1_337' title='bbox 971 4512 1209 4568; x_wconf 85' lang='grc' dir='ltr'><em>πάντων</em></span> <span class='ocrx_word' id='word_1_338' title='bbox 1261 4516 1379 4572; x_wconf 88' lang='grc' dir='ltr'><strong><em>τῶν</em></strong></span> <span class='ocrx_word' id='word_1_339' title='bbox 1426 4523 1826 4591; x_wconf 74' lang='grc' dir='ltr'><em>αἰχμαλωτευ-</em></span> 
     </span>
    </p>
   </div>
   <div class='ocr_carea' id='block_1_49' title="bbox 257 4591 1824 4677">
    <p class='ocr_par' dir='ltr' id='par_1_49' title="bbox 257 4591 1824 4677">
     <span class='ocr_line' id='line_1_49' title="bbox 257 4591 1824 4677; baseline 0.015 -33"><span class='ocrx_word' id='word_1_340' title='bbox 257 4591 495 4646; x_wconf 83' lang='grc' dir='ltr'><em>σὰντων</em></span> <span class='ocrx_word' id='word_1_341' title='bbox 521 4598 760 4664; x_wconf 80' lang='grc' dir='ltr'><em>αὐτούς.</em></span> <span class='ocrx_word' id='word_1_342' title='bbox 801 4601 910 4654; x_wconf 76' lang='grc' dir='ltr'><strong><em>Καὶ</em></strong></span> <span class='ocrx_word' id='word_1_343' title='bbox 937 4602 1095 4656; x_wconf 76' lang='grc' dir='ltr'><em>τοῦτο</em></span> <span class='ocrx_word' id='word_1_344' title='bbox 1118 4605 1436 4677; x_wconf 76' lang='grc' dir='ltr'><em>ἐπληροῦτο,</em></span> <span class='ocrx_word' id='word_1_345' title='bbox 1461 4609 1548 4663; x_wconf 86' lang='grc' dir='ltr'><em>ὂτε</em></span> <span class='ocrx_word' id='word_1_346' title='bbox 1576 4614 1824 4668; x_wconf 76' lang='grc' dir='ltr'><em>ἐνέϐαλεν</em></span> 
     </span>
    </p>
   </div>
   <div class='ocr_carea' id='block_1_50' title="bbox 257 4684 1825 4776">
    <p class='ocr_par' dir='ltr' id='par_1_50' title="bbox 257 4684 1825 4776">
     <span class='ocr_line' id='line_1_50' title="bbox 257 4684 1825 4776; baseline 0.017 -41"><span class='ocrx_word' id='word_1_347' title='bbox 257 4686 285 4734; x_wconf 85' lang='grc' dir='ltr'>ὁ</span> <span class='ocrx_word' id='word_1_348' title='bbox 307 4684 436 4750; x_wconf 86' lang='grc' dir='ltr'><em>Θεὸς</em></span> <span class='ocrx_word' id='word_1_349' title='bbox 459 4686 538 4751; x_wconf 80' lang='grc' dir='ltr'><em>εἰς</em></span> <span class='ocrx_word' id='word_1_350' title='bbox 558 4689 655 4759; x_wconf 86' lang='grc' dir='ltr'><em>τὴν</em></span> <span class='ocrx_word' id='word_1_351' title='bbox 678 4692 905 4762; x_wconf 88' lang='grc' dir='ltr'><em>καρδίαν</em></span> <span class='ocrx_word' id='word_1_352' title='bbox 927 4694 1110 4766; x_wconf 85' lang='grc' dir='ltr'><em>Κύρου</em></span> <span class='ocrx_word' id='word_1_353' title='bbox 1138 4697 1229 4750; x_wconf 81' lang='grc' dir='ltr'><em>τοῦ</em></span> <span class='ocrx_word' id='word_1_354' title='bbox 1255 4700 1536 4769; x_wconf 81' lang='grc' dir='ltr'><em>βασιλέως,</em></span> <span class='ocrx_word' id='word_1_355' title='bbox 1564 4706 1658 4759; x_wconf 70' lang='grc' dir='ltr'><em>καὶ</em></span> <span class='ocrx_word' id='word_1_356' title='bbox 1689 4707 1825 4776; x_wconf 78' lang='grc' dir='ltr'><em>μετὰ</em></span> 
     </span>
    </p>
   </div>
   <div class='ocr_carea' id='block_1_51' title="bbox 257 4775 1822 4868">
    <p class='ocr_par' dir='ltr' id='par_1_51' title="bbox 257 4775 1822 4868">
     <span class='ocr_line' id='line_1_51' title="bbox 257 4775 1822 4868; baseline 0.022 -42"><span class='ocrx_word' id='word_1_357' title='bbox 257 4775 426 4828; x_wconf 81' lang='grc' dir='ltr'><em>ταῦτα</em></span> <span class='ocrx_word' id='word_1_358' title='bbox 467 4779 692 4849; x_wconf 88' lang='grc' dir='ltr'><em>Δαρείου</em></span> <span class='ocrx_word' id='word_1_359' title='bbox 735 4785 828 4835; x_wconf 80' lang='grc' dir='ltr'><em>καὶ</em></span> <span class='ocrx_word' id='word_1_360' title='bbox 871 4784 1222 4858; x_wconf 80' lang='grc' dir='ltr'><em>Ἀρταξέρξου</em></span> <span class='ocrx_word' id='word_1_361' title='bbox 1253 4791 1644 4864; x_wconf 84' lang='grc' dir='ltr'><em>φιλανθρώπως</em></span> <span class='ocrx_word' id='word_1_362' title='bbox 1685 4775 1822 4868; x_wconf 54' lang='grc' dir='ltr'><strong><em>χρήο</em></strong></span> 
     </span>
    </p>
   </div>
   <div class='ocr_carea' id='block_1_52' title="bbox 257 4867 1820 4958">
    <p class='ocr_par' dir='ltr' id='par_1_52' title="bbox 257 4867 1820 4958">
     <span class='ocr_line' id='line_1_52' title="bbox 257 4867 1820 4958; baseline 0.015 -40"><span class='ocrx_word' id='word_1_363' title='bbox 257 4867 451 4920; x_wconf 89' lang='grc' dir='ltr'><em>σασθαι</em></span> <span class='ocrx_word' id='word_1_364' title='bbox 476 4869 555 4940; x_wconf 81' lang='grc' dir='ltr'><em>τῷ</em></span> <span class='ocrx_word' id='word_1_365' title='bbox 598 4871 863 4926; x_wconf 87' lang='grc' dir='ltr'><em>Ἰουδαίων</em></span> <span class='ocrx_word' id='word_1_366' title='bbox 889 4874 1050 4939; x_wconf 74' lang='grc' dir='ltr'><em>ἔθνει,</em></span> <span class='ocrx_word' id='word_1_367' title='bbox 1074 4879 1212 4932; x_wconf 76' lang='grc' dir='ltr'><em>κατὰ</em></span> <span class='ocrx_word' id='word_1_368' title='bbox 1237 4881 1304 4934; x_wconf 80' lang='grc' dir='ltr'><em>τὰ</em></span> <span class='ocrx_word' id='word_1_369' title='bbox 1330 4884 1387 4936; x_wconf 76' lang='grc' dir='ltr'><em>ἐν</em></span> <span class='ocrx_word' id='word_1_370' title='bbox 1415 4888 1480 4955; x_wconf 83' lang='grc' dir='ltr'><em>τῇ</em></span> <span class='ocrx_word' id='word_1_371' title='bbox 1514 4886 1698 4958; x_wconf 81' lang='grc' dir='ltr'><em>Γραφῇ</em></span> <span class='ocrx_word' id='word_1_372' title='bbox 1726 4867 1820 4942; x_wconf 83' lang='grc' dir='ltr'><em>τοῦ</em></span> 
     </span>
    </p>
   </div>
   <div class='ocr_carea' id='block_1_53' title="bbox 259 4957 1821 5050">
    <p class='ocr_par' dir='ltr' id='par_1_53' title="bbox 259 4957 1821 5050">
     <span class='ocr_line' id='line_1_53' title="bbox 259 4957 1821 5050; baseline 0.017 -43"><span class='ocrx_word' id='word_1_373' title='bbox 259 4957 461 5029; x_wconf 83' lang='grc' dir='ltr'><em>Ἔσδρα</em></span> <span class='ocrx_word' id='word_1_374' title='bbox 492 4961 785 5032; x_wconf 83' lang='grc' dir='ltr'><em>φερόμενα.</em></span> <span class='ocrx_word' id='word_1_375' title='bbox 829 4966 987 5020; x_wconf 86' lang='grc' dir='ltr'><strong><em>Ἀλλὰ</em></strong></span> <span class='ocrx_word' id='word_1_376' title='bbox 1012 4971 1103 5022; x_wconf 75' lang='grc' dir='ltr'><em>καὶ</em></span> <span class='ocrx_word' id='word_1_377' title='bbox 1129 4972 1299 5025; x_wconf 79' lang='grc' dir='ltr'><em>εἰσέτι</em></span> <span class='ocrx_word' id='word_1_378' title='bbox 1325 4973 1419 5027; x_wconf 86' lang='grc' dir='ltr'><em>νῦν</em></span> <span class='ocrx_word' id='word_1_379' title='bbox 1449 4976 1514 5047; x_wconf 82' lang='grc' dir='ltr'><em>τῇ</em></span> <span class='ocrx_word' id='word_1_380' title='bbox 1541 4957 1695 5050; x_wconf 74' lang='grc' dir='ltr'><strong><em>ἀρχῇ</em></strong></span> <span class='ocrx_word' id='word_1_381' title='bbox 1713 4981 1821 5034; x_wconf 89' lang='grc' dir='ltr'><strong><em>τῶν</em></strong></span> 
     </span>
    </p>
   </div>
   <div class='ocr_carea' id='block_1_54' title="bbox 267 5047 1818 5136">
    <p class='ocr_par' dir='ltr' id='par_1_54' title="bbox 267 5047 1818 5136">
     <span class='ocr_line' id='line_1_54' title="bbox 267 5047 1818 5136; baseline 0.016 -37"><span class='ocrx_word' id='word_1_382' title='bbox 267 5047 548 5120; x_wconf 87' lang='grc' dir='ltr'><em>Ῥωμαίων</em></span> <span class='ocrx_word' id='word_1_383' title='bbox 581 5052 920 5120; x_wconf 86' lang='grc' dir='ltr'><em>δουλεύοντες</em></span> <span class='ocrx_word' id='word_1_384' title='bbox 948 5061 1006 5112; x_wconf 84' lang='grc' dir='ltr'><em>ὲν</em></span> <span class='ocrx_word' id='word_1_385' title='bbox 1031 5063 1331 5133; x_wconf 82' lang='grc' dir='ltr'><em>οἰκτιρμοῖς</em></span> <span class='ocrx_word' id='word_1_386' title='bbox 1357 5047 1699 5136; x_wconf 70' lang='grc' dir='ltr'><em>τυγχάνουσι,</em></span> <span class='ocrx_word' id='word_1_387' title='bbox 1725 5070 1818 5124; x_wconf 80' lang='grc' dir='ltr'><em>τοῦ</em></span> 
     </span>
    </p>
   </div>
   <div class='ocr_carea' id='block_1_55' title="bbox 252 5138 1816 5232">
    <p class='ocr_par' dir='ltr' id='par_1_55' title="bbox 252 5138 1816 5232">
     <span class='ocr_line' id='line_1_55' title="bbox 252 5138 1816 5232; baseline 0.019 -42"><span class='ocrx_word' id='word_1_388' title='bbox 252 5138 386 5193; x_wconf 82' lang='grc' dir='ltr'><em>Θεοῦ</em></span> <span class='ocrx_word' id='word_1_389' title='bbox 410 5141 567 5197; x_wconf 78' lang='grc' dir='ltr'><em>τοῦτο</em></span> <span class='ocrx_word' id='word_1_390' title='bbox 600 5145 784 5212; x_wconf 80' lang='grc' dir='ltr'><em>αὐτοῖς</em></span> <span class='ocrx_word' id='word_1_391' title='bbox 820 5148 1210 5223; x_wconf 85' lang='grc' dir='ltr'><em>δεδωρημένου·</em></span> <span class='ocrx_word' id='word_1_392' title='bbox 1252 5157 1349 5227; x_wconf 80' lang='grc' dir='ltr'><strong><em>οὐχ</em></strong></span> <span class='ocrx_word' id='word_1_393' title='bbox 1383 5159 1463 5212; x_wconf 84' lang='grc' dir='ltr'><em>ὅτι</em></span> <span class='ocrx_word' id='word_1_394' title='bbox 1488 5156 1627 5232; x_wconf 77' lang='grc' dir='ltr'><em>ἦσαν</em></span> <span class='ocrx_word' id='word_1_395' title='bbox 1656 5163 1816 5230; x_wconf 79' lang='grc' dir='ltr'><em>ἄξιοι,</em></span> 
     </span>
    </p>
   </div>
   <div class='ocr_carea' id='block_1_56' title="bbox 252 5231 1818 5327">
    <p class='ocr_par' dir='ltr' id='par_1_56' title="bbox 252 5231 1818 5327">
     <span class='ocr_line' id='line_1_56' title="bbox 252 5231 1818 5327; baseline 0.019 -43"><span class='ocrx_word' id='word_1_396' title='bbox 252 5231 386 5286; x_wconf 82' lang='grc' dir='ltr'><em>ἀλλὰ</em></span> <span class='ocrx_word' id='word_1_397' title='bbox 412 5236 572 5289; x_wconf 88' lang='grc' dir='ltr'><em>πάλιν</em></span> <span class='ocrx_word' id='word_1_398' title='bbox 599 5238 685 5294; x_wconf 87' lang='grc' dir='ltr'><em>διὰ</em></span> <span class='ocrx_word' id='word_1_399' title='bbox 708 5241 768 5294; x_wconf 87' lang='grc' dir='ltr'><em>τὸ</em></span> <span class='ocrx_word' id='word_1_400' title='bbox 796 5242 996 5315; x_wconf 87' lang='grc' dir='ltr'><em>πλῆθος</em></span> <span class='ocrx_word' id='word_1_401' title='bbox 1019 5246 1114 5299; x_wconf 77' lang='grc' dir='ltr'><em>τοῦ</em></span> <span class='ocrx_word' id='word_1_402' title='bbox 1141 5247 1340 5314; x_wconf 78' lang='grc' dir='ltr'><em>ἐλέους.</em></span> <span class='ocrx_word' id='word_1_403' title='bbox 1363 5254 1470 5306; x_wconf 89' lang='lat' dir='ltr'><strong><em>Kal</em></strong></span> <span class='ocrx_word' id='word_1_404' title='bbox 1484 5256 1818 5327; x_wconf 78' lang='grc' dir='ltr'><em>μετεϐλήθη</em></span> 
     </span>
    </p>
   </div>
   <div class='ocr_carea' id='block_1_57' title="bbox 251 5323 1818 5418">
    <p class='ocr_par' dir='ltr' id='par_1_57' title="bbox 251 5323 1818 5418">
     <span class='ocr_line' id='line_1_57' title="bbox 251 5323 1818 5418; baseline 0.017 -43"><span class='ocrx_word' id='word_1_405' title='bbox 251 5323 400 5377; x_wconf 80' lang='grc' dir='ltr'><em>κατὰ</em></span> <span class='ocrx_word' id='word_1_406' title='bbox 439 5327 504 5380; x_wconf 79' lang='grc' dir='ltr'><em>τὸ</em></span> <span class='ocrx_word' id='word_1_407' title='bbox 543 5329 778 5399; x_wconf 85' lang='grc' dir='ltr'><em>πλῆθος</em></span> <span class='ocrx_word' id='word_1_408' title='bbox 807 5335 914 5389; x_wconf 87' lang='grc' dir='ltr'><em>τοῦ</em></span> <span class='ocrx_word' id='word_1_409' title='bbox 949 5337 1160 5405; x_wconf 82' lang='grc' dir='ltr'><em>ἐλέους</em></span> <span class='ocrx_word' id='word_1_410' title='bbox 1205 5343 1408 5397; x_wconf 73' lang='grc' dir='ltr'><em>αὐτοῦ.</em></span> <span class='ocrx_word' id='word_1_411' title='bbox 1445 5323 1818 5418; x_wconf 83' lang='grc' dir='ltr'><em>Μεταμέλειαν</em></span> 
     </span>
    </p>
   </div>
   <div class='ocr_carea' id='block_1_58' title="bbox 250 5411 1817 5510">
    <p class='ocr_par' dir='ltr' id='par_1_58' title="bbox 250 5411 1817 5510">
     <span class='ocr_line' id='line_1_58' title="bbox 250 5411 1817 5510; baseline 0.02 -47"><span class='ocrx_word' id='word_1_412' title='bbox 250 5411 308 5464; x_wconf 87' lang='grc' dir='ltr'><em>δὲ</em></span> <span class='ocrx_word' id='word_1_413' title='bbox 339 5414 493 5468; x_wconf 89' lang='grc' dir='ltr'><em>καλεί</em></span> <span class='ocrx_word' id='word_1_414' title='bbox 523 5417 624 5488; x_wconf 83' lang='grc' dir='ltr'><em>τῆς</em></span> <span class='ocrx_word' id='word_1_415' title='bbox 654 5423 903 5489; x_wconf 87' lang='grc' dir='ltr'><em>παιδείας</em></span> <span class='ocrx_word' id='word_1_416' title='bbox 932 5428 1029 5497; x_wconf 85' lang='grc' dir='ltr'><em>τὴν</em></span> <span class='ocrx_word' id='word_1_417' title='bbox 1058 5429 1285 5485; x_wconf 82' lang='grc' dir='ltr'><em>παῦλαν.</em></span> <span class='ocrx_word' id='word_1_418' title='bbox 1327 5433 1384 5486; x_wconf 84' lang='grc' dir='ltr'><strong>Ὀ</strong></span> <span class='ocrx_word' id='word_1_419' title='bbox 1416 5435 1523 5506; x_wconf 78' lang='grc' dir='ltr'><strong><em>γὰρ</em></strong></span> <span class='ocrx_word' id='word_1_420' title='bbox 1559 5411 1688 5502; x_wconf 76' lang='grc' dir='ltr'><em>Θεὸς</em></span> <span class='ocrx_word' id='word_1_421' title='bbox 1719 5440 1817 5510; x_wconf 85' lang='grc' dir='ltr'><em>τῆς</em></span> 
     </span>
    </p>
   </div>
   <div class='ocr_carea' id='block_1_59' title="bbox 254 5507 1815 5596">
    <p class='ocr_par' dir='ltr' id='par_1_59' title="bbox 254 5507 1815 5596">
     <span class='ocr_line' id='line_1_59' title="bbox 254 5507 1815 5596; baseline 0.021 -44"><span class='ocrx_word' id='word_1_422' title='bbox 254 5507 614 5575; x_wconf 84' lang='grc' dir='ltr'><em>μεταμελείας</em></span> <span class='ocrx_word' id='word_1_423' title='bbox 641 5513 740 5566; x_wconf 87' lang='grc' dir='ltr'><em>οὐκ</em></span> <span class='ocrx_word' id='word_1_424' title='bbox 760 5513 872 5585; x_wconf 76' lang='grc' dir='ltr'><em>ἔχει</em></span> <span class='ocrx_word' id='word_1_425' title='bbox 901 5518 962 5570; x_wconf 80' lang='grc' dir='ltr'><em>τὸ</em></span> <span class='ocrx_word' id='word_1_426' title='bbox 981 5519 1169 5583; x_wconf 83' lang='grc' dir='ltr'><em>πάθος,</em></span> <span class='ocrx_word' id='word_1_427' title='bbox 1193 5523 1313 5576; x_wconf 80' lang='grc' dir='ltr'><em>οὐδὲ</em></span> <span class='ocrx_word' id='word_1_428' title='bbox 1341 5524 1434 5579; x_wconf 80' lang='grc' dir='ltr'><em>νῦν</em></span> <span class='ocrx_word' id='word_1_429' title='bbox 1462 5527 1560 5596; x_wconf 86' lang='grc' dir='ltr'><strong><em>μὲν</em></strong></span> <span class='ocrx_word' id='word_1_430' title='bbox 1586 5507 1815 5596; x_wconf 76' lang='grc' dir='ltr'><em>τούτοις,</em></span> 
     </span>
    </p>
   </div>
   <div class='ocr_carea' id='block_1_60' title="bbox 250 5592 1818 5695">
    <p class='ocr_par' dir='ltr' id='par_1_60' title="bbox 250 5592 1818 5695">
     <span class='ocr_line' id='line_1_60' title="bbox 250 5592 1818 5695; baseline 0.021 -50"><span class='ocrx_word' id='word_1_431' title='bbox 250 5592 344 5646; x_wconf 79' lang='grc' dir='ltr'><em>νῦν</em></span> <span class='ocrx_word' id='word_1_432' title='bbox 376 5597 433 5650; x_wconf 87' lang='grc' dir='ltr'><em>δὲ</em></span> <span class='ocrx_word' id='word_1_433' title='bbox 461 5601 691 5667; x_wconf 73' lang='grc' dir='ltr'><em>ἐκείνοις</em></span> <span class='ocrx_word' id='word_1_434' title='bbox 717 5606 1030 5679; x_wconf 83' lang='grc' dir='ltr'><em>ἀρέσκεται,</em></span> <span class='ocrx_word' id='word_1_435' title='bbox 1064 5613 1196 5666; x_wconf 83' lang='grc' dir='ltr'><em>ἀλλὰ</em></span> <span class='ocrx_word' id='word_1_436' title='bbox 1227 5617 1404 5685; x_wconf 62' lang='grc' dir='ltr'><em>σοφῶς</em></span> <span class='ocrx_word' id='word_1_437' title='bbox 1435 5592 1648 5675; x_wconf 56' lang='grc' dir='ltr'><em>ἅπαντα</em></span> <span class='ocrx_word' id='word_1_438' title='bbox 1683 5592 1818 5695; x_wconf 41' lang='grc' dir='ltr'><strong><em>πρυζ</em></strong></span> 
     </span>
    </p>
   </div>
   <div class='ocr_carea' id='block_1_61' title="bbox 247 5685 1815 5826">
    <p class='ocr_par' dir='ltr' id='par_1_61' title="bbox 247 5685 1815 5826">
     <span class='ocr_line' id='line_1_61' title="bbox 247 5685 1815 5826; baseline 0.023 -91"><span class='ocrx_word' id='word_1_439' title='bbox 247 5685 526 5826; x_wconf 59' lang='grc' dir='ltr'><em>Ξαέεύων,</em></span> <span class='ocrx_word' id='word_1_440' title='bbox 578 5696 672 5748; x_wconf 83' lang='grc' dir='ltr'><em>καὶ</em></span> <span class='ocrx_word' id='word_1_441' title='bbox 720 5700 966 5766; x_wconf 87' lang='grc' dir='ltr'><em>παιδείας</em></span> <span class='ocrx_word' id='word_1_442' title='bbox 1016 5703 1208 5774; x_wconf 74' lang='grc' dir='ltr'><em>ἐπάγει</em></span> <span class='ocrx_word' id='word_1_443' title='bbox 1261 5709 1354 5762; x_wconf 75' lang='grc' dir='ltr'><em>καὶ</em></span> <span class='ocrx_word' id='word_1_444' title='bbox 1411 5685 1815 5785; x_wconf 74' lang='grc' dir='ltr'><em>φιλανθρωπίας</em></span> 
     </span>
     <span class='ocr_line' id='line_1_62' title="bbox 285 5789 451 5826; baseline 0 0"><span class='ocrx_word' id='word_1_445' title='bbox 285 5789 313 5826; x_wconf 85' lang='grc' dir='ltr'><strong><em>ο</em></strong></span> <span class='ocrx_word' id='word_1_446' title='bbox 347 5791 451 5826; x_wconf 85' lang='grc' dir='ltr'><em>γει.</em></span> 
     </span>
    </p>
   </div>
   <div class='ocr_carea' id='block_1_62' title="bbox 282 5789 451 5844">
    <p class='ocr_par' dir='ltr' id='par_1_62' title="bbox 282 5789 451 5844">
     <span class='ocr_line' id='line_1_63' title="bbox 282 5789 451 5844; baseline 0.024 -19"><span class='ocrx_word' id='word_1_447' title='bbox 282 5789 451 5844; x_wconf 80' lang='grc' dir='ltr'><em>ρεγει.</em></span> 
     </span>
    </p>
   </div>
   <div class='ocr_carea' id='block_1_63' title="bbox 1971 597 3549 680">
    <p class='ocr_par' dir='ltr' id='par_1_63' title="bbox 1971 597 3549 680">
     <span class='ocr_line' id='line_1_64' title="bbox 1971 597 3549 680; baseline 0.011 -33"><span class='ocrx_word' id='word_1_448' title='bbox 1971 597 2328 662; x_wconf 87' lang='lat' dir='ltr'><strong><em>tradictionis,</em></strong></span> <span class='ocrx_word' id='word_1_449' title='bbox 2364 606 2414 650; x_wconf 89' lang='lat' dir='ltr'><strong><em>et</em></strong></span> <span class='ocrx_word' id='word_1_450' title='bbox 2455 610 2674 653; x_wconf 78' lang='lat' dir='ltr'><strong><em>vexatus</em></strong></span> <span class='ocrx_word' id='word_1_451' title='bbox 2708 613 2785 654; x_wconf 85' lang='lat' dir='ltr'><strong><em>est</em></strong></span> <span class='ocrx_word' id='word_1_452' title='bbox 2822 602 3032 673; x_wconf 75' lang='lat' dir='ltr'><strong><em>Moyses</em></strong></span> <span class='ocrx_word' id='word_1_453' title='bbox 3054 617 3264 676; x_wconf 75' lang='lat' dir='ltr'><strong><em>propter</em></strong></span> <span class='ocrx_word' id='word_1_454' title='bbox 3281 625 3388 674; x_wconf 88' lang='lat' dir='ltr'><strong><em>eos,</em></strong></span> <span class='ocrx_word' id='word_1_455' title='bbox 3421 614 3549 680; x_wconf 78' lang='lat' dir='ltr'><strong><em>quia</em></strong></span> 
     </span>
    </p>
   </div>
   <div class='ocr_carea' id='block_1_64' title="bbox 1966 688 3545 768">
    <p class='ocr_par' dir='ltr' id='par_1_64' title="bbox 1966 688 3545 768">
     <span class='ocr_line' id='line_1_65' title="bbox 1966 688 3545 768; baseline 0.011 -27"><span class='ocrx_word' id='word_1_456' title='bbox 1966 688 2409 745; x_wconf 75' lang='lat' dir='ltr'><strong><em>exacerbaverunt</em></strong></span> <span class='ocrx_word' id='word_1_457' title='bbox 2451 693 2701 761; x_wconf 75' lang='lat' dir='ltr'><strong><em>spiritum</em></strong></span> <span class='ocrx_word' id='word_1_458' title='bbox 2734 695 2870 763; x_wconf 88' lang='lat' dir='ltr'><strong><em>ejus.</em></strong></span> <span class='ocrx_word' id='word_1_459' title='bbox 2893 695 2976 768; x_wconf 76' lang='lat' dir='ltr'><strong><em>[Et</em></strong></span> <span class='ocrx_word' id='word_1_460' title='bbox 3022 699 3270 754; x_wconf 71' lang='lat' dir='ltr'><strong><em>distinxit</em></strong></span> <span class='ocrx_word' id='word_1_461' title='bbox 3307 703 3361 755; x_wconf 88' lang='lat' dir='ltr'><strong><em>in</em></strong></span> <span class='ocrx_word' id='word_1_462' title='bbox 3390 703 3545 758; x_wconf 81' lang='lat' dir='ltr'><strong><em>labiis</em></strong></span> 
     </span>
    </p>
   </div>
   <div class='ocr_carea' id='block_1_65' title="bbox 1966 783 3545 859">
    <p class='ocr_par' dir='ltr' id='par_1_65' title="bbox 1966 783 3545 859">
     <span class='ocr_line' id='line_1_66' title="bbox 1966 783 3545 859; baseline 0.009 -25"><span class='ocrx_word' id='word_1_463' title='bbox 1966 783 2102 846; x_wconf 89' lang='lat' dir='ltr'><strong><em>suis,</em></strong></span> <span class='ocrx_word' id='word_1_464' title='bbox 2126 799 2230 836; x_wconf 88' lang='lat' dir='ltr'><strong><em>non</em></strong></span> <span class='ocrx_word' id='word_1_465' title='bbox 2251 783 2680 852; x_wconf 67' lang='lat' dir='ltr'><strong><em>disperdiderunt</em></strong></span> <span class='ocrx_word' id='word_1_466' title='bbox 2711 797 2911 858; x_wconf 86' lang='lat' dir='ltr'><strong><em>gentes,</em></strong></span> <span class='ocrx_word' id='word_1_467' title='bbox 2939 805 3072 859; x_wconf 87' lang='lat' dir='ltr'><strong><em>quas</em></strong></span> <span class='ocrx_word' id='word_1_468' title='bbox 3108 791 3247 845; x_wconf 76' lang='lat' dir='ltr'><strong><em>dixit</em></strong></span> <span class='ocrx_word' id='word_1_469' title='bbox 3283 793 3545 850; x_wconf 75' lang='lat' dir='ltr'><strong><em>Dominus</em></strong></span> 
     </span>
    </p>
   </div>
   <div class='ocr_carea' id='block_1_66' title="bbox 1963 872 3544 952">
    <p class='ocr_par' dir='ltr' id='par_1_66' title="bbox 1963 872 3544 952">
     <span class='ocr_line' id='line_1_67' title="bbox 1963 872 3544 952; baseline 0.011 -28"><span class='ocrx_word' id='word_1_470' title='bbox 1963 873 2098 930; x_wconf 81' lang='lat' dir='ltr'><strong><em>illis.</em></strong></span> <span class='ocrx_word' id='word_1_471' title='bbox 2149 872 2218 927; x_wconf 89' lang='lat' dir='ltr'><strong><em>Et</em></strong></span> <span class='ocrx_word' id='word_1_472' title='bbox 2251 879 2515 930; x_wconf 79' lang='lat' dir='ltr'><strong><em>commisti</em></strong></span> <span class='ocrx_word' id='word_1_473' title='bbox 2561 888 2684 932; x_wconf 88' lang='lat' dir='ltr'><strong><em>sunt</em></strong></span> <span class='ocrx_word' id='word_1_474' title='bbox 2730 881 2870 935; x_wconf 87' lang='lat' dir='ltr'><strong><em>inter</em></strong></span> <span class='ocrx_word' id='word_1_475' title='bbox 2899 893 3097 952; x_wconf 84' lang='lat' dir='ltr'><strong><em>gentes,</em></strong></span> <span class='ocrx_word' id='word_1_476' title='bbox 3146 894 3196 938; x_wconf 89' lang='lat' dir='ltr'><strong><em>et</em></strong></span> <span class='ocrx_word' id='word_1_477' title='bbox 3246 886 3544 942; x_wconf 84' lang='lat' dir='ltr'><strong><em>didicerunt</em></strong></span> 
     </span>
    </p>
   </div>
   <div class='ocr_carea' id='block_1_67' title="bbox 1965 971 3543 1047">
    <p class='ocr_par' dir='ltr' id='par_1_67' title="bbox 1965 971 3543 1047">
     <span class='ocr_line' id='line_1_68' title="bbox 1965 971 3543 1047; baseline 0.011 -31"><span class='ocrx_word' id='word_1_478' title='bbox 1965 979 2121 1031; x_wconf 87' lang='lat' dir='ltr'><strong><em>opera</em></strong></span> <span class='ocrx_word' id='word_1_479' title='bbox 2143 981 2346 1032; x_wconf 88' lang='lat' dir='ltr'><strong><em>eorum,</em></strong></span> <span class='ocrx_word' id='word_1_480' title='bbox 2381 978 2430 1020; x_wconf 87' lang='lat' dir='ltr'><strong><em>et</em></strong></span> <span class='ocrx_word' id='word_1_481' title='bbox 2467 971 2757 1024; x_wconf 76' lang='lat' dir='ltr'><strong><em>servierunt</em></strong></span> <span class='ocrx_word' id='word_1_482' title='bbox 2788 973 3120 1042; x_wconf 87' lang='lat' dir='ltr'><strong><em>sculptilibus</em></strong></span> <span class='ocrx_word' id='word_1_483' title='bbox 3155 987 3356 1042; x_wconf 83' lang='lat' dir='ltr'><strong><em>eorum,</em></strong></span> <span class='ocrx_word' id='word_1_484' title='bbox 3385 988 3433 1032; x_wconf 89' lang='lat' dir='ltr'><strong><em>et</em></strong></span> <span class='ocrx_word' id='word_1_485' title='bbox 3455 980 3543 1047; x_wconf 79' lang='lat' dir='ltr'><strong><em>fa-</em></strong></span> 
     </span>
    </p>
   </div>
   <div class='ocr_carea' id='block_1_68' title="bbox 1963 1059 3540 1142">
    <p class='ocr_par' dir='ltr' id='par_1_68' title="bbox 1963 1059 3540 1142">
     <span class='ocr_line' id='line_1_69' title="bbox 1963 1059 3540 1142; baseline 0.013 -34"><span class='ocrx_word' id='word_1_486' title='bbox 1963 1067 2104 1109; x_wconf 84' lang='lat' dir='ltr'><strong><em>ctum</em></strong></span> <span class='ocrx_word' id='word_1_487' title='bbox 2132 1069 2208 1111; x_wconf 90' lang='lat' dir='ltr'><strong><em>est</em></strong></span> <span class='ocrx_word' id='word_1_488' title='bbox 2236 1059 2346 1113; x_wconf 82' lang='lat' dir='ltr'><strong><em>illis</em></strong></span> <span class='ocrx_word' id='word_1_489' title='bbox 2385 1061 2441 1114; x_wconf 94' lang='lat' dir='ltr'><strong><em>in</em></strong></span> <span class='ocrx_word' id='word_1_490' title='bbox 2470 1064 2806 1119; x_wconf 82' lang='lat' dir='ltr'><strong><em>scandalum.</em></strong></span> <span class='ocrx_word' id='word_1_491' title='bbox 2843 1065 2908 1118; x_wconf 89' lang='lat' dir='ltr'><strong><em>Et</em></strong></span> <span class='ocrx_word' id='word_1_492' title='bbox 2956 1069 3358 1125; x_wconf 81' lang='lat' dir='ltr'><strong><em>immolaverunt</em></strong></span> <span class='ocrx_word' id='word_1_493' title='bbox 3397 1074 3540 1142; x_wconf 76' lang='lat' dir='ltr'><strong><em>ﬁlios</em></strong></span> 
     </span>
    </p>
   </div>
   <div class='ocr_carea' id='block_1_69' title="bbox 1962 1151 3542 1234">
    <p class='ocr_par' dir='ltr' id='par_1_69' title="bbox 1962 1151 3542 1234">
     <span class='ocr_line' id='line_1_70' title="bbox 1962 1151 3542 1234; baseline 0.011 -32"><span class='ocrx_word' id='word_1_494' title='bbox 1962 1165 2085 1203; x_wconf 88' lang='lat' dir='ltr'><strong><em>suos</em></strong></span> <span class='ocrx_word' id='word_1_495' title='bbox 2128 1160 2177 1204; x_wconf 90' lang='lat' dir='ltr'><strong><em>et</em></strong></span> <span class='ocrx_word' id='word_1_496' title='bbox 2207 1151 2350 1220; x_wconf 82' lang='lat' dir='ltr'><strong><em>ﬁlias</em></strong></span> <span class='ocrx_word' id='word_1_497' title='bbox 2383 1169 2509 1207; x_wconf 90' lang='lat' dir='ltr'><strong><em>suas</em></strong></span> <span class='ocrx_word' id='word_1_498' title='bbox 2550 1155 2852 1212; x_wconf 64' lang='lat' dir='ltr'><strong><em>daemoniis.</em></strong></span> <span class='ocrx_word' id='word_1_499' title='bbox 2892 1157 2961 1210; x_wconf 90' lang='lat' dir='ltr'><strong><em>Et</em></strong></span> <span class='ocrx_word' id='word_1_500' title='bbox 3000 1160 3297 1228; x_wconf 78' lang='lat' dir='ltr'><strong><em>e/fuderunt</em></strong></span> <span class='ocrx_word' id='word_1_501' title='bbox 3325 1167 3542 1234; x_wconf 86' lang='lat' dir='ltr'><strong><em>sangui-</em></strong></span> 
     </span>
    </p>
   </div>
   <div class='ocr_carea' id='block_1_70' title="bbox 1960 1242 3538 1323">
    <p class='ocr_par' dir='ltr' id='par_1_70' title="bbox 1960 1242 3538 1323">
     <span class='ocr_line' id='line_1_71' title="bbox 1960 1242 3538 1323; baseline 0.01 -30"><span class='ocrx_word' id='word_1_502' title='bbox 1960 1257 2076 1295; x_wconf 89' lang='lat' dir='ltr'><strong><em>nem</em></strong></span> <span class='ocrx_word' id='word_1_503' title='bbox 2105 1242 2451 1308; x_wconf 76' lang='lat' dir='ltr'><strong><em>innocentem,</em></strong></span> <span class='ocrx_word' id='word_1_504' title='bbox 2483 1247 2793 1315; x_wconf 85' lang='lat' dir='ltr'><strong><em>sanguinem</em></strong></span> <span class='ocrx_word' id='word_1_505' title='bbox 2810 1249 3045 1317; x_wconf 81' lang='lat' dir='ltr'><strong><em>ﬁliorum</em></strong></span> <span class='ocrx_word' id='word_1_506' title='bbox 3077 1258 3292 1306; x_wconf 86' lang='lat' dir='ltr'><strong><em>suorum</em></strong></span> <span class='ocrx_word' id='word_1_507' title='bbox 3321 1267 3370 1307; x_wconf 88' lang='lat' dir='ltr'><strong><em>et</em></strong></span> <span class='ocrx_word' id='word_1_508' title='bbox 3393 1256 3538 1323; x_wconf 84' lang='lat' dir='ltr'><strong><em>ﬁlia-</em></strong></span> 
     </span>
    </p>
   </div>
   <div class='ocr_carea' id='block_1_71' title="bbox 1960 1337 3538 1412">
    <p class='ocr_par' dir='ltr' id='par_1_71' title="bbox 1960 1337 3538 1412">
     <span class='ocr_line' id='line_1_72' title="bbox 1960 1337 3538 1412; baseline 0.009 -28"><span class='ocrx_word' id='word_1_509' title='bbox 1960 1349 2077 1384; x_wconf 81' lang='lat' dir='ltr'><strong><em>rum</em></strong></span> <span class='ocrx_word' id='word_1_510' title='bbox 2115 1348 2357 1396; x_wconf 89' lang='lat' dir='ltr'><strong><em>suarum,</em></strong></span> <span class='ocrx_word' id='word_1_511' title='bbox 2401 1345 2534 1404; x_wconf 87' lang='lat' dir='ltr'><strong><em>quas</em></strong></span> <span class='ocrx_word' id='word_1_512' title='bbox 2575 1337 3012 1407; x_wconf 81' lang='lat' dir='ltr'><strong><em>&#39;sacriﬁcaverunt</em></strong></span> <span class='ocrx_word' id='word_1_513' title='bbox 3043 1341 3374 1412; x_wconf 86' lang='lat' dir='ltr'><strong><em>sculptilibus</em></strong></span> <span class='ocrx_word' id='word_1_514' title='bbox 3397 1343 3538 1398; x_wconf 82' lang='lat' dir='ltr'><strong><em>Cha-</em></strong></span> 
     </span>
    </p>
   </div>
   <div class='ocr_carea' id='block_1_72' title="bbox 1959 1424 3596 1503">
    <p class='ocr_par' dir='ltr' id='par_1_72' title="bbox 1959 1424 3596 1503">
     <span class='ocr_line' id='line_1_73' title="bbox 1959 1424 3596 1503; baseline 0.008 -25"><span class='ocrx_word' id='word_1_515' title='bbox 1959 1441 2119 1480; x_wconf 81' lang='lat' dir='ltr'><strong><em>naan.</em></strong></span> <span class='ocrx_word' id='word_1_516' title='bbox 2151 1424 2220 1478; x_wconf 84' lang='lat' dir='ltr'><strong><em>Et</em></strong></span> <span class='ocrx_word' id='word_1_517' title='bbox 2259 1427 2456 1496; x_wconf 84' lang='lat' dir='ltr'><strong><em>infecta</em></strong></span> <span class='ocrx_word' id='word_1_518' title='bbox 2485 1438 2561 1482; x_wconf 79' lang='lat' dir='ltr'><strong><em>est</em></strong></span> <span class='ocrx_word' id='word_1_519' title='bbox 2595 1439 2737 1483; x_wconf 83' lang='lat' dir='ltr'><strong><em>terra</em></strong></span> <span class='ocrx_word' id='word_1_520' title='bbox 2767 1431 2822 1484; x_wconf 89' lang='lat' dir='ltr'><strong><em>in</em></strong></span> <span class='ocrx_word' id='word_1_521' title='bbox 2864 1435 3230 1503; x_wconf 81' lang='lat' dir='ltr'><strong><em>sanguinib&#39;us,</em></strong></span> <span class='ocrx_word' id='word_1_522' title='bbox 3274 1445 3322 1489; x_wconf 90' lang='lat' dir='ltr'><strong><em>et</em></strong></span> <span class='ocrx_word' id='word_1_523' title='bbox 3357 1449 3539 1490; x_wconf 84' lang='lat' dir='ltr'><strong><em>conta—</em></strong></span> <span class='ocrx_word' id='word_1_524' title='bbox 3584 1433 3596 1454; x_wconf 71' lang='lat'><strong>‘</strong></span> 
     </span>
    </p>
   </div>
   <div class='ocr_carea' id='block_1_73' title="bbox 1956 1517 3532 1595">
    <p class='ocr_par' dir='ltr' id='par_1_73' title="bbox 1956 1517 3532 1595">
     <span class='ocr_line' id='line_1_74' title="bbox 1956 1517 3532 1595; baseline 0.011 -27"><span class='ocrx_word' id='word_1_525' title='bbox 1956 1517 2161 1570; x_wconf 88' lang='lat' dir='ltr'><strong><em>minata</em></strong></span> <span class='ocrx_word' id='word_1_526' title='bbox 2205 1522 2364 1580; x_wconf 72' lang='lat' dir='ltr'><strong><em>est.in</em></strong></span> <span class='ocrx_word' id='word_1_527' title='bbox 2413 1521 2654 1589; x_wconf 79' lang='lat' dir='ltr'><strong><em>operibus</em></strong></span> <span class='ocrx_word' id='word_1_528' title='bbox 2700 1539 2906 1590; x_wconf 89' lang='lat' dir='ltr'><strong><em>eorum,</em></strong></span> <span class='ocrx_word' id='word_1_529' title='bbox 2951 1533 3001 1578; x_wconf 88' lang='lat' dir='ltr'><strong><em>et</em></strong></span> <span class='ocrx_word' id='word_1_530' title='bbox 3047 1527 3299 1595; x_wconf 76' lang='lat' dir='ltr'><strong><em>fornicati</em></strong></span> <span class='ocrx_word' id='word_1_531' title='bbox 3327 1539 3447 1583; x_wconf 89' lang='lat' dir='ltr'><strong><em>sunt</em></strong></span> <span class='ocrx_word' id='word_1_532' title='bbox 3479 1533 3532 1586; x_wconf 88' lang='lat' dir='ltr'><strong><em>in</em></strong></span> 
     </span>
    </p>
   </div>
   <div class='ocr_carea' id='block_1_74' title="bbox 1956 1605 3531 1688">
    <p class='ocr_par' dir='ltr' id='par_1_74' title="bbox 1956 1605 3531 1688">
     <span class='ocr_line' id='line_1_75' title="bbox 1956 1605 3531 1688; baseline 0.011 -29"><span class='ocrx_word' id='word_1_533' title='bbox 1956 1605 2414 1666; x_wconf 78' lang='lat' dir='ltr'><strong><em>adinventionibus</em></strong></span> <span class='ocrx_word' id='word_1_534' title='bbox 2452 1615 2584 1668; x_wconf 89' lang='lat' dir='ltr'><strong><em>suis.</em></strong></span> <span class='ocrx_word' id='word_1_535' title='bbox 2615 1613 2685 1666; x_wconf 88' lang='lat' dir='ltr'><strong><em>Et</em></strong></span> <span class='ocrx_word' id='word_1_536' title='bbox 2722 1617 2893 1670; x_wconf 88' lang='lat' dir='ltr'><strong><em>iratus</em></strong></span> <span class='ocrx_word' id='word_1_537' title='bbox 2927 1625 3004 1671; x_wconf 87' lang='lat' dir='ltr'><strong><em>est</em></strong></span> <span class='ocrx_word' id='word_1_538' title='bbox 3047 1619 3225 1688; x_wconf 81' lang='lat' dir='ltr'><strong><em>furore</em></strong></span> <span class='ocrx_word' id='word_1_539' title='bbox 3270 1619 3531 1677; x_wconf 83' lang='lat' dir='ltr'><strong><em>Dominus</em></strong></span> 
     </span>
    </p>
   </div>
   <div class='ocr_carea' id='block_1_75' title="bbox 1953 1699 3529 1770">
    <p class='ocr_par' dir='ltr' id='par_1_75' title="bbox 1953 1699 3529 1770">
     <span class='ocr_line' id='line_1_76' title="bbox 1953 1699 3529 1770; baseline 0.011 -19"><span class='ocrx_word' id='word_1_540' title='bbox 1953 1699 2009 1752; x_wconf 87' lang='lat' dir='ltr'><strong><em>in</em></strong></span> <span class='ocrx_word' id='word_1_541' title='bbox 2059 1704 2307 1770; x_wconf 80' lang='lat' dir='ltr'><strong><em>populum</em></strong></span> <span class='ocrx_word' id='word_1_542' title='bbox 2358 1721 2532 1769; x_wconf 84' lang='lat' dir='ltr'><strong><em>suum,</em></strong></span> <span class='ocrx_word' id='word_1_543' title='bbox 2583 1719 2630 1759; x_wconf 81' lang='lat' dir='ltr'><strong><em>et</em></strong></span> <span class='ocrx_word' id='word_1_544' title='bbox 2675 1705 3016 1763; x_wconf 84' lang='lat' dir='ltr'><strong><em>abominatus</em></strong></span> <span class='ocrx_word' id='word_1_545' title='bbox 3061 1721 3140 1764; x_wconf 90' lang='lat' dir='ltr'><strong><em>est</em></strong></span> <span class='ocrx_word' id='word_1_546' title='bbox 3171 1711 3529 1768; x_wconf 72' lang='lat' dir='ltr'><strong><em>ha&#39;reditalcm</em></strong></span> 
     </span>
    </p>
   </div>
   <div class='ocr_carea' id='block_1_76' title="bbox 1953 1793 3530 1866">
    <p class='ocr_par' dir='ltr' id='par_1_76' title="bbox 1953 1793 3530 1866">
     <span class='ocr_line' id='line_1_77' title="bbox 1953 1793 3530 1866; baseline 0.011 -21"><span class='ocrx_word' id='word_1_547' title='bbox 1953 1808 2127 1848; x_wconf 86' lang='lat' dir='ltr'><strong><em>suam.</em></strong></span> <span class='ocrx_word' id='word_1_548' title='bbox 2165 1793 2222 1849; x_wconf 88' lang='lat' dir='ltr'><strong><em>Si</em></strong></span> <span class='ocrx_word' id='word_1_549' title='bbox 2254 1804 2474 1866; x_wconf 84' lang='lat' dir='ltr'><strong><em>propter</em></strong></span> <span class='ocrx_word' id='word_1_550' title='bbox 2503 1798 2616 1853; x_wconf 68' lang='lat' dir='ltr'><strong><em>hmo</em></strong></span> <span class='ocrx_word' id='word_1_551' title='bbox 2652 1801 2834 1855; x_wconf 87' lang='lat' dir='ltr'><strong><em>omnia</em></strong></span> <span class='ocrx_word' id='word_1_552' title='bbox 2869 1803 3217 1859; x_wconf 87' lang='lat' dir='ltr'><strong><em>abominatus</em></strong></span> <span class='ocrx_word' id='word_1_553' title='bbox 3247 1815 3329 1861; x_wconf 88' lang='lat' dir='ltr'><strong><em>est</em></strong></span> <span class='ocrx_word' id='word_1_554' title='bbox 3358 1807 3530 1862; x_wconf 61' lang='lat' dir='ltr'><strong><em>haere-</em></strong></span> 
     </span>
    </p>
   </div>
   <div class='ocr_carea' id='block_1_77' title="bbox 1876 1881 3526 1962">
    <p class='ocr_par' dir='ltr' id='par_1_77' title="bbox 1876 1881 3526 1962">
     <span class='ocr_line' id='line_1_78' title="bbox 1876 1881 3526 1962; baseline 0.012 -27"><span class='ocrx_word' id='word_1_555' title='bbox 1876 1881 1919 1935; x_wconf 94' lang='lat' dir='ltr'><strong>B</strong></span> <span class='ocrx_word' id='word_1_556' title='bbox 1947 1883 2170 1938; x_wconf 78' lang='lat' dir='ltr'><strong><em>ditatem</em></strong></span> <span class='ocrx_word' id='word_1_557' title='bbox 2203 1903 2378 1953; x_wconf 87' lang='lat' dir='ltr'><strong><em>suam,</em></strong></span> <span class='ocrx_word' id='word_1_558' title='bbox 2415 1907 2514 1943; x_wconf 92' lang='lat' dir='ltr'><strong><em>cur</em></strong></span> <span class='ocrx_word' id='word_1_559' title='bbox 2546 1907 2710 1961; x_wconf 86' lang='lat' dir='ltr'><strong><em>supra</em></strong></span> <span class='ocrx_word' id='word_1_560' title='bbox 2755 1894 2960 1948; x_wconf 90' lang='lat' dir='ltr'><strong><em>dictum</em></strong></span> <span class='ocrx_word' id='word_1_561' title='bbox 2993 1903 3099 1962; x_wconf 90' lang='lat' dir='ltr'><strong><em>est,</em></strong></span> <span class='ocrx_word' id='word_1_562' title='bbox 3126 1897 3208 1949; x_wconf 85' lang='lat' dir='ltr'><strong><em>Ad</em></strong></span> <span class='ocrx_word' id='word_1_563' title='bbox 3249 1898 3526 1954; x_wconf 86' lang='lat' dir='ltr'><strong><em>videndum</em></strong></span> 
     </span>
    </p>
   </div>
   <div class='ocr_carea' id='block_1_78' title="bbox 1949 1974 3526 2049">
    <p class='ocr_par' dir='ltr' id='par_1_78' title="bbox 1949 1974 3526 2049">
     <span class='ocr_line' id='line_1_79' title="bbox 1949 1974 3526 2049; baseline 0.011 -22"><span class='ocrx_word' id='word_1_564' title='bbox 1949 1974 2004 2028; x_wconf 88' lang='lat' dir='ltr'><strong><em>in</em></strong></span> <span class='ocrx_word' id='word_1_565' title='bbox 2028 1975 2261 2032; x_wconf 82' lang='lat' dir='ltr'><strong><em>bonitate</em></strong></span> <span class='ocrx_word' id='word_1_566' title='bbox 2279 1980 2562 2035; x_wconf 81' lang='lat' dir='ltr'><strong><em>elect0rum</em></strong></span> <span class='ocrx_word' id='word_1_567' title='bbox 2593 1993 2825 2049; x_wconf 86' lang='lat' dir='ltr'><strong><em>tuorum,</em></strong></span> <span class='ocrx_word' id='word_1_568' title='bbox 2859 1986 2927 2038; x_wconf 91' lang='lat' dir='ltr'><strong><em>ad</em></strong></span> <span class='ocrx_word' id='word_1_569' title='bbox 2951 1986 3237 2041; x_wconf 66' lang='lat' dir='ltr'><strong><em>lactandum</em></strong></span> <span class='ocrx_word' id='word_1_570' title='bbox 3265 1991 3318 2043; x_wconf 91' lang='lat' dir='ltr'><strong><em>in</em></strong></span> <span class='ocrx_word' id='word_1_571' title='bbox 3338 1991 3526 2046; x_wconf 63' lang='lat' dir='ltr'><strong><em>laetitia</em></strong></span> 
     </span>
    </p>
   </div>
   <div class='ocr_carea' id='block_1_79' title="bbox 1947 2070 3524 2153">
    <p class='ocr_par' dir='ltr' id='par_1_79' title="bbox 1947 2070 3524 2153">
     <span class='ocr_line' id='line_1_80' title="bbox 1947 2070 3524 2153; baseline 0.012 -34"><span class='ocrx_word' id='word_1_572' title='bbox 1947 2070 2116 2136; x_wconf 89' lang='lat' dir='ltr'><strong><em>gentis</em></strong></span> <span class='ocrx_word' id='word_1_573' title='bbox 2150 2079 2275 2134; x_wconf 68' lang='lat' dir='ltr'><strong><em>tum,</em></strong></span> <span class='ocrx_word' id='word_1_574' title='bbox 2294 2079 2350 2124; x_wconf 91' lang='lat' dir='ltr'><strong><em>ut</em></strong></span> <span class='ocrx_word' id='word_1_575' title='bbox 2384 2073 2616 2128; x_wconf 86' lang='lat' dir='ltr'><strong><em>lauderis</em></strong></span> <span class='ocrx_word' id='word_1_576' title='bbox 2647 2092 2765 2129; x_wconf 90' lang='lat' dir='ltr'><strong><em>cum</em></strong></span> <span class='ocrx_word' id='word_1_577' title='bbox 2794 2077 3104 2132; x_wconf 64' lang='lat' dir='ltr'><strong><em>haereditate</em></strong></span> <span class='ocrx_word' id='word_1_578' title='bbox 3133 2084 3265 2137; x_wconf 81' lang='lat' dir='ltr'><strong><em>tua?</em></strong></span> <span class='ocrx_word' id='word_1_579' title='bbox 3291 2082 3360 2136; x_wconf 86' lang='lat' dir='ltr'><strong><em>At</em></strong></span> <span class='ocrx_word' id='word_1_580' title='bbox 3398 2099 3524 2153; x_wconf 89' lang='lat' dir='ltr'><strong><em>per-</em></strong></span> 
     </span>
    </p>
   </div>
   <div class='ocr_carea' id='block_1_80' title="bbox 1948 2163 3522 2246">
    <p class='ocr_par' dir='ltr' id='par_1_80' title="bbox 1948 2163 3522 2246">
     <span class='ocr_line' id='line_1_81' title="bbox 1948 2163 3522 2246; baseline 0.01 -30"><span class='ocrx_word' id='word_1_581' title='bbox 1948 2163 2124 2230; x_wconf 86' lang='lat' dir='ltr'><strong><em>pende</em></strong></span> <span class='ocrx_word' id='word_1_582' title='bbox 2167 2179 2296 2217; x_wconf 92' lang='lat' dir='ltr'><strong><em>num</em></strong></span> <span class='ocrx_word' id='word_1_583' title='bbox 2335 2174 2520 2235; x_wconf 88' lang='lat' dir='ltr'><strong><em>aperte</em></strong></span> <span class='ocrx_word' id='word_1_584' title='bbox 2567 2183 2747 2224; x_wconf 81' lang='lat' dir='ltr'><strong><em>sermo</em></strong></span> <span class='ocrx_word' id='word_1_585' title='bbox 2790 2171 3158 2226; x_wconf 86' lang='lat' dir='ltr'><strong><em>abominatam</em></strong></span> <span class='ocrx_word' id='word_1_586' title='bbox 3200 2175 3396 2244; x_wconf 85' lang='lat' dir='ltr'><strong><em>prioris</em></strong></span> <span class='ocrx_word' id='word_1_587' title='bbox 3423 2191 3522 2246; x_wconf 90' lang='lat' dir='ltr'><strong><em>po-</em></strong></span> 
     </span>
    </p>
   </div>
   <div class='ocr_carea' id='block_1_81' title="bbox 1947 2255 3521 2325">
    <p class='ocr_par' dir='ltr' id='par_1_81' title="bbox 1947 2255 3521 2325">
     <span class='ocr_line' id='line_1_82' title="bbox 1947 2255 3521 2325; baseline 0.013 -20"><span class='ocrx_word' id='word_1_588' title='bbox 1947 2255 2062 2323; x_wconf 89' lang='lat' dir='ltr'><strong><em>puli</em></strong></span> <span class='ocrx_word' id='word_1_589' title='bbox 2110 2255 2482 2312; x_wconf 79' lang='lat' dir='ltr'><strong><em>haereditatem</em></strong></span> <span class='ocrx_word' id='word_1_590' title='bbox 2523 2259 2780 2323; x_wconf 86' lang='lat' dir='ltr'><strong><em>declaret.</em></strong></span> <span class='ocrx_word' id='word_1_591' title='bbox 2832 2278 2894 2316; x_wconf 90' lang='lat' dir='ltr'><strong><em>ac</em></strong></span> <span class='ocrx_word' id='word_1_592' title='bbox 2928 2264 2995 2320; x_wconf 92' lang='lat' dir='ltr'><strong><em>de</em></strong></span> <span class='ocrx_word' id='word_1_593' title='bbox 3050 2267 3157 2320; x_wconf 90' lang='lat' dir='ltr'><strong><em>alia</em></strong></span> <span class='ocrx_word' id='word_1_594' title='bbox 3203 2267 3521 2325; x_wconf 63' lang='lat' dir='ltr'><strong><em>hmreditate</em></strong></span> 
     </span>
    </p>
   </div>
   <div class='ocr_carea' id='block_1_82' title="bbox 1947 2346 3518 2429">
    <p class='ocr_par' dir='ltr' id='par_1_82' title="bbox 1947 2346 3518 2429">
     <span class='ocr_line' id='line_1_83' title="bbox 1947 2346 3518 2429; baseline 0.013 -31"><span class='ocrx_word' id='word_1_595' title='bbox 1947 2346 2304 2416; x_wconf 80' lang='lat' dir='ltr'><strong><em>vaticinetur;</em></strong></span> <span class='ocrx_word' id='word_1_596' title='bbox 2336 2359 2397 2405; x_wconf 85' lang='lat' dir='ltr'><strong><em>ut</em></strong></span> <span class='ocrx_word' id='word_1_597' title='bbox 2429 2359 2484 2406; x_wconf 88' lang='lat' dir='ltr'><strong><em>et</em></strong></span> <span class='ocrx_word' id='word_1_598' title='bbox 2521 2352 2588 2407; x_wconf 90' lang='lat' dir='ltr'><strong><em>de</em></strong></span> <span class='ocrx_word' id='word_1_599' title='bbox 2626 2354 2734 2409; x_wconf 90' lang='lat' dir='ltr'><strong><em>alio</em></strong></span> <span class='ocrx_word' id='word_1_600' title='bbox 2768 2357 2969 2426; x_wconf 90' lang='lat' dir='ltr'><strong><em>populo</em></strong></span> <span class='ocrx_word' id='word_1_601' title='bbox 2998 2360 3224 2429; x_wconf 86' lang='lat' dir='ltr'><strong><em>quicum</em></strong></span> <span class='ocrx_word' id='word_1_602' title='bbox 3253 2375 3518 2418; x_wconf 85' lang='lat' dir='ltr'><strong><em>annume-</em></strong></span> 
     </span>
    </p>
   </div>
   <div class='ocr_carea' id='block_1_83' title="bbox 1945 2437 2738 2510">
    <p class='ocr_par' dir='ltr' id='par_1_83' title="bbox 1945 2437 2738 2510">
     <span class='ocr_line' id='line_1_84' title="bbox 1945 2437 2738 2510; baseline 0.011 -21"><span class='ocrx_word' id='word_1_603' title='bbox 1945 2437 2057 2491; x_wconf 86' lang='lat' dir='ltr'><strong><em>rari</em></strong></span> <span class='ocrx_word' id='word_1_604' title='bbox 2086 2441 2385 2510; x_wconf 88' lang='lat' dir='ltr'><strong><em>optandum</em></strong></span> <span class='ocrx_word' id='word_1_605' title='bbox 2413 2457 2536 2500; x_wconf 87' lang='lat' dir='ltr'><strong><em>esse</em></strong></span> <span class='ocrx_word' id='word_1_606' title='bbox 2560 2445 2738 2501; x_wconf 80' lang='lat' dir='ltr'><strong><em>docet.</em></strong></span> 
     </span>
    </p>
   </div>
   <div class='ocr_carea' id='block_1_84' title="bbox 2015 2697 3575 2792">
    <p class='ocr_par' dir='ltr' id='par_1_84' title="bbox 2015 2697 3575 2792">
     <span class='ocr_line' id='line_1_85' title="bbox 2015 2697 3575 2792; baseline 0.017 -38"><span class='ocrx_word' id='word_1_607' title='bbox 2015 2700 2179 2757; x_wconf 75' lang='lat' dir='ltr'><strong><em>Vens.</em></strong></span> <span class='ocrx_word' id='word_1_608' title='bbox 2205 2697 2392 2759; x_wconf 58' lang='lat'><strong><em>41-43.</em></strong></span> <span class='ocrx_word' id='word_1_609' title='bbox 2422 2705 2488 2760; x_wconf 88' lang='lat' dir='ltr'><strong><em>Et</em></strong></span> <span class='ocrx_word' id='word_1_610' title='bbox 2518 2709 2739 2766; x_wconf 84' lang='lat' dir='ltr'><strong><em>tradidit</em></strong></span> <span class='ocrx_word' id='word_1_611' title='bbox 2759 2729 2848 2769; x_wconf 82' lang='lat' dir='ltr'><strong><em>eos</em></strong></span> <span class='ocrx_word' id='word_1_612' title='bbox 2869 2715 2922 2769; x_wconf 88' lang='lat' dir='ltr'><strong><em>in</em></strong></span> <span class='ocrx_word' id='word_1_613' title='bbox 2946 2728 3133 2774; x_wconf 85' lang='lat' dir='ltr'><strong><em>manus</em></strong></span> <span class='ocrx_word' id='word_1_614' title='bbox 3155 2721 3508 2790; x_wconf 86' lang='lat' dir='ltr'><strong><em>inimicorum,</em></strong></span> <span class='ocrx_word' id='word_1_615' title='bbox 3568 2783 3575 2792; x_wconf 56' lang='grc'><strong><em>,</em></strong></span> 
     </span>
    </p>
   </div>
   <div class='ocr_carea' id='block_1_85' title="bbox 1942 2792 3513 2873">
    <p class='ocr_par' dir='ltr' id='par_1_85' title="bbox 1942 2792 3513 2873">
     <span class='ocr_line' id='line_1_86' title="bbox 1942 2792 3513 2873; baseline 0.016 -26"><span class='ocrx_word' id='word_1_616' title='bbox 1942 2802 1994 2847; x_wconf 87' lang='lat' dir='ltr'><strong><em>et</em></strong></span> <span class='ocrx_word' id='word_1_617' title='bbox 2021 2792 2281 2848; x_wconf 87' lang='lat' dir='ltr'><strong><em>dominuti</em></strong></span> <span class='ocrx_word' id='word_1_618' title='bbox 2303 2807 2425 2850; x_wconf 86' lang='lat' dir='ltr'><strong><em>sunt</em></strong></span> <span class='ocrx_word' id='word_1_619' title='bbox 2454 2815 2635 2854; x_wconf 87' lang='lat' dir='ltr'><strong><em>eorum</em></strong></span> <span class='ocrx_word' id='word_1_620' title='bbox 2679 2805 2768 2873; x_wconf 88' lang='lat' dir='ltr'><strong><em>qui</em></strong></span> <span class='ocrx_word' id='word_1_621' title='bbox 2797 2806 3016 2861; x_wconf 83' lang='lat' dir='ltr'><strong><em>oderunt</em></strong></span> <span class='ocrx_word' id='word_1_622' title='bbox 3043 2827 3153 2865; x_wconf 89' lang='lat' dir='ltr'><strong><em>eos.</em></strong></span> <span class='ocrx_word' id='word_1_623' title='bbox 3195 2805 3314 2868; x_wconf 86' lang='lat' dir='ltr'><strong><em>Non</em></strong></span> <span class='ocrx_word' id='word_1_624' title='bbox 3347 2818 3513 2872; x_wconf 80' lang='lat' dir='ltr'><strong><em>tradit</em></strong></span> 
     </span>
    </p>
   </div>
   <div class='ocr_carea' id='block_1_86' title="bbox 1941 2876 3511 2970">
    <p class='ocr_par' dir='ltr' id='par_1_86' title="bbox 1941 2876 3511 2970">
     <span class='ocr_line' id='line_1_87' title="bbox 1941 2876 3511 2970; baseline 0.016 -32"><span class='ocrx_word' id='word_1_625' title='bbox 1941 2876 2207 2942; x_wconf 83' lang='lat' dir='ltr'><strong><em>Dominus</em></strong></span> <span class='ocrx_word' id='word_1_626' title='bbox 2257 2890 2519 2958; x_wconf 84' lang='lat' dir='ltr'><strong><em>pepulum</em></strong></span> <span class='ocrx_word' id='word_1_627' title='bbox 2569 2907 2752 2959; x_wconf 91' lang='lat' dir='ltr'><strong><em>suum,</em></strong></span> <span class='ocrx_word' id='word_1_628' title='bbox 2802 2898 2906 2953; x_wconf 89' lang='lat' dir='ltr'><strong><em>nisi</em></strong></span> <span class='ocrx_word' id='word_1_629' title='bbox 2965 2903 3118 2970; x_wconf 86' lang='lat' dir='ltr'><strong><em>prius</em></strong></span> <span class='ocrx_word' id='word_1_630' title='bbox 3171 2904 3511 2962; x_wconf 81' lang='lat' dir='ltr'><strong><em>abominetur</em></strong></span> 
     </span>
    </p>
   </div>
   <div class='ocr_carea' id='block_1_87' title="bbox 1940 2977 3508 3056">
    <p class='ocr_par' dir='ltr' id='par_1_87' title="bbox 1940 2977 3508 3056">
     <span class='ocr_line' id='line_1_88' title="bbox 1940 2977 3508 3056; baseline 0.016 -25"><span class='ocrx_word' id='word_1_631' title='bbox 1940 2977 2122 3047; x_wconf 87' lang='lat' dir='ltr'><strong><em>ipsum</em></strong></span> <span class='ocrx_word' id='word_1_632' title='bbox 2172 2998 2184 3033; x_wconf 93' lang='lat'>:</span> <span class='ocrx_word' id='word_1_633' title='bbox 2234 2980 2412 3049; x_wconf 89' lang='lat' dir='ltr'><strong><em>ipsum</em></strong></span> <span class='ocrx_word' id='word_1_634' title='bbox 2465 2993 2645 3038; x_wconf 86' lang='lat' dir='ltr'><strong><em>autem</em></strong></span> <span class='ocrx_word' id='word_1_635' title='bbox 2700 2988 3046 3048; x_wconf 88' lang='lat' dir='ltr'><strong><em>abominatur</em></strong></span> <span class='ocrx_word' id='word_1_636' title='bbox 3099 2991 3169 3050; x_wconf 91' lang='lat' dir='ltr'><strong><em>ob</em></strong></span> <span class='ocrx_word' id='word_1_637' title='bbox 3211 3009 3508 3056; x_wconf 87' lang='lat' dir='ltr'><strong><em>memorata</em></strong></span> 
     </span>
    </p>
   </div>
   <div class='ocr_carea' id='block_1_88' title="bbox 1940 3066 3508 3160">
    <p class='ocr_par' dir='ltr' id='par_1_88' title="bbox 1940 3066 3508 3160">
     <span class='ocr_line' id='line_1_89' title="bbox 1940 3066 3508 3160; baseline 0.019 -44"><span class='ocrx_word' id='word_1_638' title='bbox 1940 3079 2125 3135; x_wconf 88' lang='lat' dir='ltr'><strong><em>opera.</em></strong></span> <span class='ocrx_word' id='word_1_639' title='bbox 2157 3066 2294 3122; x_wconf 89' lang='lat' dir='ltr'><strong><em>Cum</em></strong></span> <span class='ocrx_word' id='word_1_640' title='bbox 2341 3077 2520 3124; x_wconf 89' lang='lat' dir='ltr'><strong><em>autem</em></strong></span> <span class='ocrx_word' id='word_1_641' title='bbox 2569 3074 2684 3137; x_wconf 90' lang='lat' dir='ltr'><strong><em>ipse</em></strong></span> <span class='ocrx_word' id='word_1_642' title='bbox 2725 3074 2987 3136; x_wconf 90' lang='lat' dir='ltr'><strong><em>Dominus</em></strong></span> <span class='ocrx_word' id='word_1_643' title='bbox 3033 3083 3338 3154; x_wconf 85' lang='lat' dir='ltr'><strong><em>tradiderit,</em></strong></span> <span class='ocrx_word' id='word_1_644' title='bbox 3383 3092 3508 3160; x_wconf 84' lang='lat' dir='ltr'><strong><em>quis</em></strong></span> 
     </span>
    </p>
   </div>
   <div class='ocr_carea' id='block_1_89' title="bbox 1939 3161 3506 3242">
    <p class='ocr_par' dir='ltr' id='par_1_89' title="bbox 1939 3161 3506 3242">
     <span class='ocr_line' id='line_1_90' title="bbox 1939 3161 3506 3242; baseline 0.019 -32"><span class='ocrx_word' id='word_1_645' title='bbox 1939 3173 2049 3211; x_wconf 88' lang='lat' dir='ltr'><strong><em>non</em></strong></span> <span class='ocrx_word' id='word_1_646' title='bbox 2107 3161 2284 3228; x_wconf 86' lang='lat' dir='ltr'><strong><em>possit</em></strong></span> <span class='ocrx_word' id='word_1_647' title='bbox 2318 3164 2532 3231; x_wconf 89' lang='lat' dir='ltr'><strong><em>populis</em></strong></span> <span class='ocrx_word' id='word_1_648' title='bbox 2565 3167 2630 3218; x_wconf 91' lang='lat' dir='ltr'><strong><em>ad</em></strong></span> <span class='ocrx_word' id='word_1_649' title='bbox 2673 3167 2850 3236; x_wconf 88' lang='lat' dir='ltr'><strong><em>ipsum</em></strong></span> <span class='ocrx_word' id='word_1_650' title='bbox 2898 3174 3298 3242; x_wconf 83' lang='lat' dir='ltr'><strong><em>pertinentibus</em></strong></span> <span class='ocrx_word' id='word_1_651' title='bbox 3333 3181 3506 3238; x_wconf 87' lang='lat' dir='ltr'><strong><em>domi-</em></strong></span> 
     </span>
    </p>
   </div>
   <div class='ocr_carea' id='block_1_90' title="bbox 1938 3252 3509 3337">
    <p class='ocr_par' dir='ltr' id='par_1_90' title="bbox 1938 3252 3509 3337">
     <span class='ocr_line' id='line_1_91' title="bbox 1938 3252 3509 3337; baseline 0.02 -35"><span class='ocrx_word' id='word_1_652' title='bbox 1938 3253 2100 3306; x_wconf 83' lang='lat' dir='ltr'><strong><em>nari?</em></strong></span> <span class='ocrx_word' id='word_1_653' title='bbox 2133 3253 2202 3305; x_wconf 85' lang='lat' dir='ltr'><strong><em>Et</em></strong></span> <span class='ocrx_word' id='word_1_654' title='bbox 2237 3255 2620 3312; x_wconf 85' lang='lat' dir='ltr'><strong><em>tribulaverunt</em></strong></span> <span class='ocrx_word' id='word_1_655' title='bbox 2665 3252 2749 3316; x_wconf 83' lang='lat' dir='ltr'><strong><em>eos</em></strong></span> <span class='ocrx_word' id='word_1_656' title='bbox 2782 3263 2983 3320; x_wconf 87' lang='lat' dir='ltr'><strong><em>inimici</em></strong></span> <span class='ocrx_word' id='word_1_657' title='bbox 3022 3286 3224 3337; x_wconf 86' lang='lat' dir='ltr'><strong><em>eorum,</em></strong></span> <span class='ocrx_word' id='word_1_658' title='bbox 3254 3283 3302 3329; x_wconf 87' lang='lat' dir='ltr'><strong><em>et</em></strong></span> <span class='ocrx_word' id='word_1_659' title='bbox 3333 3276 3509 3332; x_wconf 87' lang='lat' dir='ltr'><strong><em>Immi-</em></strong></span> 
     </span>
    </p>
   </div>
   <div class='ocr_carea' id='block_1_91' title="bbox 1940 3343 3504 3431">
    <p class='ocr_par' dir='ltr' id='par_1_91' title="bbox 1940 3343 3504 3431">
     <span class='ocr_line' id='line_1_92' title="bbox 1940 3343 3504 3431; baseline 0.02 -36"><span class='ocrx_word' id='word_1_660' title='bbox 1940 3343 2060 3396; x_wconf 88' lang='lat' dir='ltr'><strong><em>liati</em></strong></span> <span class='ocrx_word' id='word_1_661' title='bbox 2091 3355 2213 3398; x_wconf 90' lang='lat' dir='ltr'><strong><em>sunt</em></strong></span> <span class='ocrx_word' id='word_1_662' title='bbox 2263 3347 2358 3400; x_wconf 83' lang='lat' dir='ltr'><strong><em>sub</em></strong></span> <span class='ocrx_word' id='word_1_663' title='bbox 2403 3351 2645 3405; x_wconf 81' lang='lat' dir='ltr'><strong><em>manibus</em></strong></span> <span class='ocrx_word' id='word_1_664' title='bbox 2695 3370 3079 3431; x_wconf 79' lang='lat' dir='ltr'><strong><em>eorum:stepe</em></strong></span> <span class='ocrx_word' id='word_1_665' title='bbox 3129 3361 3368 3422; x_wconf 79' lang='lat' dir='ltr'><strong><em>liberavit</em></strong></span> <span class='ocrx_word' id='word_1_666' title='bbox 3395 3387 3504 3427; x_wconf 85' lang='lat' dir='ltr'><strong><em>eos.</em></strong></span> 
     </span>
    </p>
   </div>
   <div class='ocr_carea' id='block_1_92' title="bbox 1938 3434 3508 3518">
    <p class='ocr_par' dir='ltr' id='par_1_92' title="bbox 1938 3434 3508 3518">
     <span class='ocr_line' id='line_1_93' title="bbox 1938 3434 3508 3518; baseline 0.018 -30"><span class='ocrx_word' id='word_1_667' title='bbox 1938 3434 2053 3504; x_wconf 86' lang='lat' dir='ltr'><strong><em>Ipsi</em></strong></span> <span class='ocrx_word' id='word_1_668' title='bbox 2082 3448 2255 3493; x_wconf 88' lang='lat' dir='ltr'><strong><em>autem</em></strong></span> <span class='ocrx_word' id='word_1_669' title='bbox 2286 3444 2727 3498; x_wconf 77' lang='lat' dir='ltr'><strong><em>exacerbaverunt</em></strong></span> <span class='ocrx_word' id='word_1_670' title='bbox 2760 3464 2876 3502; x_wconf 90' lang='lat' dir='ltr'><strong><em>eum</em></strong></span> <span class='ocrx_word' id='word_1_671' title='bbox 2908 3452 2962 3504; x_wconf 88' lang='lat' dir='ltr'><strong><em>in</em></strong></span> <span class='ocrx_word' id='word_1_672' title='bbox 3014 3453 3236 3511; x_wconf 88' lang='lat' dir='ltr'><strong><em>consilio</em></strong></span> <span class='ocrx_word' id='word_1_673' title='bbox 3277 3476 3371 3513; x_wconf 87' lang='lat' dir='ltr'><strong><em>suo</em></strong></span> <span class='ocrx_word' id='word_1_674' title='bbox 3401 3479 3420 3516; x_wconf 89' lang='lat'><em>:</em></span> <span class='ocrx_word' id='word_1_675' title='bbox 3456 3471 3508 3518; x_wconf 90' lang='lat' dir='ltr'><strong><em>et</em></strong></span> 
     </span>
    </p>
   </div>
   <div class='ocr_carea' id='block_1_93' title="bbox 1934 3520 3502 3618">
    <p class='ocr_par' dir='ltr' id='par_1_93' title="bbox 1934 3520 3502 3618">
     <span class='ocr_line' id='line_1_94' title="bbox 1934 3520 3502 3618; baseline 0.018 -40"><span class='ocrx_word' id='word_1_676' title='bbox 1934 3520 2200 3582; x_wconf 80' lang='lat' dir='ltr'><strong><em>humiliati</em></strong></span> <span class='ocrx_word' id='word_1_677' title='bbox 2228 3543 2349 3586; x_wconf 85' lang='lat' dir='ltr'><strong><em>sunt</em></strong></span> <span class='ocrx_word' id='word_1_678' title='bbox 2380 3533 2434 3586; x_wconf 90' lang='lat' dir='ltr'><strong><em>in</em></strong></span> <span class='ocrx_word' id='word_1_679' title='bbox 2458 3535 2826 3605; x_wconf 79' lang='lat' dir='ltr'><strong><em>iniquitatibus</em></strong></span> <span class='ocrx_word' id='word_1_680' title='bbox 2854 3539 2995 3596; x_wconf 63' lang='lat' dir='ltr'><strong><em>suis?</em></strong></span> <span class='ocrx_word' id='word_1_681' title='bbox 3016 3541 3134 3614; x_wconf 81' lang='lat' dir='ltr'><strong><em>Ipse</em></strong></span> <span class='ocrx_word' id='word_1_682' title='bbox 3164 3549 3381 3617; x_wconf 88' lang='lat' dir='ltr'><strong><em>quidem</em></strong></span> <span class='ocrx_word' id='word_1_683' title='bbox 3404 3554 3502 3618; x_wconf 86' lang='lat' dir='ltr'><strong><em>ait,</em></strong></span> 
     </span>
    </p>
   </div>
   <div class='ocr_carea' id='block_1_94' title="bbox 1934 3618 3504 3709">
    <p class='ocr_par' dir='ltr' id='par_1_94' title="bbox 1934 3618 3504 3709">
     <span class='ocr_line' id='line_1_95' title="bbox 1934 3618 3504 3709; baseline 0.017 -37"><span class='ocrx_word' id='word_1_684' title='bbox 1934 3618 2112 3676; x_wconf 89' lang='lat' dir='ltr'><strong><em>bonus</em></strong></span> <span class='ocrx_word' id='word_1_685' title='bbox 2138 3636 2261 3675; x_wconf 89' lang='lat' dir='ltr'><strong><em>cum</em></strong></span> <span class='ocrx_word' id='word_1_686' title='bbox 2302 3630 2446 3679; x_wconf 90' lang='lat' dir='ltr'><strong><em>esset</em></strong></span> <span class='ocrx_word' id='word_1_687' title='bbox 2483 3640 2546 3680; x_wconf 85' lang='lat' dir='ltr'><strong><em>ac</em></strong></span> <span class='ocrx_word' id='word_1_688' title='bbox 2575 3629 2940 3698; x_wconf 78' lang='lat' dir='ltr'><strong><em>mitigaretur,</em></strong></span> <span class='ocrx_word' id='word_1_689' title='bbox 2975 3634 3238 3692; x_wconf 85' lang='lat' dir='ltr'><strong><em>liberabat</em></strong></span> <span class='ocrx_word' id='word_1_690' title='bbox 3271 3656 3395 3709; x_wconf 87' lang='lat' dir='ltr'><strong><em>eos;</em></strong></span> <span class='ocrx_word' id='word_1_691' title='bbox 3426 3644 3504 3698; x_wconf 86' lang='lat' dir='ltr'><strong><em>illi</em></strong></span> 
     </span>
    </p>
   </div>
   <div class='ocr_carea' id='block_1_95' title="bbox 1933 3715 3506 3792">
    <p class='ocr_par' dir='ltr' id='par_1_95' title="bbox 1933 3715 3506 3792">
     <span class='ocr_line' id='line_1_96' title="bbox 1933 3715 3506 3792; baseline 0.018 -28"><span class='ocrx_word' id='word_1_692' title='bbox 1933 3726 2063 3766; x_wconf 86' lang='lat' dir='ltr'><strong><em>vero</em></strong></span> <span class='ocrx_word' id='word_1_693' title='bbox 2088 3715 2553 3771; x_wconf 81' lang='lat' dir='ltr'><strong><em>exacerbaverunt</em></strong></span> <span class='ocrx_word' id='word_1_694' title='bbox 2579 3734 2724 3786; x_wconf 90' lang='lat' dir='ltr'><strong><em>eum,</em></strong></span> <span class='ocrx_word' id='word_1_695' title='bbox 2750 3724 3006 3779; x_wconf 90' lang='lat' dir='ltr'><strong><em>acerbum</em></strong></span> <span class='ocrx_word' id='word_1_696' title='bbox 3043 3729 3146 3783; x_wconf 88' lang='lat' dir='ltr'><strong><em>sibi</em></strong></span> <span class='ocrx_word' id='word_1_697' title='bbox 3172 3735 3506 3792; x_wconf 88' lang='lat' dir='ltr'><strong><em>constituen-</em></strong></span> 
     </span>
    </p>
   </div>
   <div class='ocr_carea' id='block_1_96' title="bbox 1934 3809 3500 3900">
    <p class='ocr_par' dir='ltr' id='par_1_96' title="bbox 1934 3809 3500 3900">
     <span class='ocr_line' id='line_1_97' title="bbox 1934 3809 3500 3900; baseline 0.02 -45"><span class='ocrx_word' id='word_1_698' title='bbox 1934 3809 2016 3857; x_wconf 89' lang='lat' dir='ltr'><strong><em>tes</em></strong></span> <span class='ocrx_word' id='word_1_699' title='bbox 2048 3822 2060 3857; x_wconf 91' lang='lat'>:</span> <span class='ocrx_word' id='word_1_700' title='bbox 2093 3820 2157 3858; x_wconf 88' lang='lat' dir='ltr'><strong><em>ac</em></strong></span> <span class='ocrx_word' id='word_1_701' title='bbox 2197 3821 2391 3862; x_wconf 88' lang='lat' dir='ltr'><strong><em>rursus</em></strong></span> <span class='ocrx_word' id='word_1_702' title='bbox 2419 3809 2528 3873; x_wconf 89' lang='lat' dir='ltr'><strong><em>ille,</em></strong></span> <span class='ocrx_word' id='word_1_703' title='bbox 2563 3819 2751 3880; x_wconf 87' lang='lat' dir='ltr'><strong><em>utpote</em></strong></span> <span class='ocrx_word' id='word_1_704' title='bbox 2793 3825 3060 3887; x_wconf 86' lang='lat' dir='ltr'><strong><em>servator,</em></strong></span> <span class='ocrx_word' id='word_1_705' title='bbox 3106 3825 3330 3881; x_wconf 82' lang='lat' dir='ltr'><strong><em>eruebat</em></strong></span> <span class='ocrx_word' id='word_1_706' title='bbox 3371 3844 3500 3900; x_wconf 89' lang='lat' dir='ltr'><strong><em>eos,</em></strong></span> 
     </span>
    </p>
   </div>
   <div class='ocr_carea' id='block_1_97' title="bbox 1933 3888 3497 3978">
    <p class='ocr_par' dir='ltr' id='par_1_97' title="bbox 1933 3888 3497 3978">
     <span class='ocr_line' id='line_1_98' title="bbox 1933 3888 3497 3978; baseline 0.021 -35"><span class='ocrx_word' id='word_1_707' title='bbox 1933 3888 2009 3944; x_wconf 91' lang='lat' dir='ltr'><strong><em>illi</em></strong></span> <span class='ocrx_word' id='word_1_708' title='bbox 2033 3907 2162 3945; x_wconf 85' lang='lat' dir='ltr'><strong><em>vero</em></strong></span> <span class='ocrx_word' id='word_1_709' title='bbox 2193 3894 2462 3962; x_wconf 82' lang='lat' dir='ltr'><strong><em>peribant,</em></strong></span> <span class='ocrx_word' id='word_1_710' title='bbox 2489 3898 2634 3952; x_wconf 80' lang='lat' dir='ltr'><strong><em>exitii</em></strong></span> <span class='ocrx_word' id='word_1_711' title='bbox 2665 3902 2923 3970; x_wconf 87' lang='lat' dir='ltr'><strong><em>operibus</em></strong></span> <span class='ocrx_word' id='word_1_712' title='bbox 2941 3922 3062 3964; x_wconf 85' lang='lat' dir='ltr'><strong><em>sese</em></strong></span> <span class='ocrx_word' id='word_1_713' title='bbox 3085 3888 3497 3978; x_wconf 55' lang='lat' dir='ltr'><strong><em>confodientes;</em></strong></span> 
     </span>
    </p>
   </div>
   <div class='ocr_carea' id='block_1_98' title="bbox 1933 3981 3500 4070">
    <p class='ocr_par' dir='ltr' id='par_1_98' title="bbox 1933 3981 3500 4070">
     <span class='ocr_line' id='line_1_99' title="bbox 1933 3981 3500 4070; baseline 0.021 -35"><span class='ocrx_word' id='word_1_714' title='bbox 1933 3981 2096 4051; x_wconf 85' lang='lat' dir='ltr'><strong><em>idque</em></strong></span> <span class='ocrx_word' id='word_1_715' title='bbox 2136 4000 2273 4052; x_wconf 69' lang='lat' dir='ltr'><strong><em>saepe</em></strong></span> <span class='ocrx_word' id='word_1_716' title='bbox 2301 3985 2502 4041; x_wconf 74' lang='lat' dir='ltr'><strong><em>factum</em></strong></span> <span class='ocrx_word' id='word_1_717' title='bbox 2532 4001 2634 4058; x_wconf 88' lang='lat' dir='ltr'><strong><em>est,</em></strong></span> <span class='ocrx_word' id='word_1_718' title='bbox 2660 3993 2834 4050; x_wconf 88' lang='lat' dir='ltr'><strong><em>donec</em></strong></span> <span class='ocrx_word' id='word_1_719' title='bbox 2868 4013 2927 4053; x_wconf 91' lang='lat' dir='ltr'><strong><em>se</em></strong></span> <span class='ocrx_word' id='word_1_720' title='bbox 2949 4000 3049 4070; x_wconf 88' lang='lat' dir='ltr'><strong><em>ipsi</em></strong></span> <span class='ocrx_word' id='word_1_721' title='bbox 3074 4002 3500 4068; x_wconf 88' lang='lat' dir='ltr'><strong><em>humiliaverunt</em></strong></span> 
     </span>
    </p>
   </div>
   <div class='ocr_carea' id='block_1_99' title="bbox 1931 4073 2572 4144">
    <p class='ocr_par' dir='ltr' id='par_1_99' title="bbox 1931 4073 2572 4144">
     <span class='ocr_line' id='line_1_100' title="bbox 1931 4073 2572 4144; baseline 0.012 -16"><span class='ocrx_word' id='word_1_722' title='bbox 1931 4073 1987 4128; x_wconf 87' lang='lat' dir='ltr'><strong><em>in</em></strong></span> <span class='ocrx_word' id='word_1_723' title='bbox 2027 4075 2407 4144; x_wconf 90' lang='lat' dir='ltr'><strong><em>iniquitatibus</em></strong></span> <span class='ocrx_word' id='word_1_724' title='bbox 2437 4082 2572 4136; x_wconf 92' lang='lat' dir='ltr'><strong><em>suis.</em></strong></span> 
     </span>
    </p>
   </div>
   <div class='ocr_carea' id='block_1_100' title="bbox 2002 4163 3502 4250">
    <p class='ocr_par' dir='ltr' id='par_1_100' title="bbox 2002 4163 3502 4250">
     <span class='ocr_line' id='line_1_101' title="bbox 2002 4163 3502 4250; baseline 0.023 -33"><span class='ocrx_word' id='word_1_725' title='bbox 2002 4163 2168 4220; x_wconf 70' lang='lat' dir='ltr'><strong><em>Vens.</em></strong></span> <span class='ocrx_word' id='word_1_726' title='bbox 2203 4168 2390 4222; x_wconf 61' lang='lat'><strong><em>44-46.</em></strong></span> <span class='ocrx_word' id='word_1_727' title='bbox 2435 4171 2505 4225; x_wconf 88' lang='lat' dir='ltr'><strong><em>Et</em></strong></span> <span class='ocrx_word' id='word_1_728' title='bbox 2544 4176 2675 4230; x_wconf 81' lang='lat' dir='ltr'><strong><em>vidit</em></strong></span> <span class='ocrx_word' id='word_1_729' title='bbox 2719 4177 2976 4237; x_wconf 78' lang='lat' dir='ltr'><strong><em>Dominus</em></strong></span> <span class='ocrx_word' id='word_1_730' title='bbox 3013 4203 3132 4241; x_wconf 90' lang='lat' dir='ltr'><strong><em>cum</em></strong></span> <span class='ocrx_word' id='word_1_731' title='bbox 3184 4191 3502 4250; x_wconf 86' lang='lat' dir='ltr'><strong><em>tribularen-</em></strong></span> 
     </span>
    </p>
   </div>
   <div class='ocr_carea' id='block_1_101' title="bbox 1933 4259 3501 4342">
    <p class='ocr_par' dir='ltr' id='par_1_101' title="bbox 1933 4259 3501 4342">
     <span class='ocr_line' id='line_1_102' title="bbox 1933 4259 3501 4342; baseline 0.023 -36"><span class='ocrx_word' id='word_1_732' title='bbox 1933 4261 2038 4319; x_wconf 89' lang='lat' dir='ltr'><strong><em>tur,</em></strong></span> <span class='ocrx_word' id='word_1_733' title='bbox 2084 4272 2201 4308; x_wconf 89' lang='lat' dir='ltr'><strong><em>cum</em></strong></span> <span class='ocrx_word' id='word_1_734' title='bbox 2245 4259 2450 4314; x_wconf 86' lang='lat' dir='ltr'><strong><em>audiret</em></strong></span> <span class='ocrx_word' id='word_1_735' title='bbox 2491 4264 2908 4333; x_wconf 82' lang='lat' dir='ltr'><strong><em>deprecationem</em></strong></span> <span class='ocrx_word' id='word_1_736' title='bbox 2952 4292 3154 4334; x_wconf 89' lang='lat' dir='ltr'><strong><em>eorum.</em></strong></span> <span class='ocrx_word' id='word_1_737' title='bbox 3192 4280 3263 4335; x_wconf 89' lang='lat' dir='ltr'><strong><em>Et</em></strong></span> <span class='ocrx_word' id='word_1_738' title='bbox 3302 4302 3501 4342; x_wconf 86' lang='lat' dir='ltr'><strong><em>memor</em></strong></span> 
     </span>
    </p>
   </div>
   <div class='ocr_carea' id='block_1_102' title="bbox 1930 4345 3498 4434">
    <p class='ocr_par' dir='ltr' id='par_1_102' title="bbox 1930 4345 3498 4434">
     <span class='ocr_line' id='line_1_103' title="bbox 1930 4345 3498 4434; baseline 0.026 -39"><span class='ocrx_word' id='word_1_739' title='bbox 1930 4345 2031 4414; x_wconf 72' lang='lat' dir='ltr'><strong><em>fuit</em></strong></span> <span class='ocrx_word' id='word_1_740' title='bbox 2063 4355 2358 4403; x_wconf 87' lang='lat' dir='ltr'><strong><em>testamenti</em></strong></span> <span class='ocrx_word' id='word_1_741' title='bbox 2394 4355 2498 4418; x_wconf 88' lang='lat' dir='ltr'><strong><em>sui,</em></strong></span> <span class='ocrx_word' id='word_1_742' title='bbox 2529 4367 2578 4409; x_wconf 91' lang='lat' dir='ltr'><strong><em>et</em></strong></span> <span class='ocrx_word' id='word_1_743' title='bbox 2611 4363 2854 4426; x_wconf 62' lang='lat' dir='ltr'><strong><em>paenituit</em></strong></span> <span class='ocrx_word' id='word_1_744' title='bbox 2886 4381 3002 4419; x_wconf 88' lang='lat' dir='ltr'><strong><em>eum</em></strong></span> <span class='ocrx_word' id='word_1_745' title='bbox 3037 4373 3320 4428; x_wconf 87' lang='lat' dir='ltr'><strong><em>secundum</em></strong></span> <span class='ocrx_word' id='word_1_746' title='bbox 3361 4382 3498 4434; x_wconf 78' lang='lat' dir='ltr'><strong><em>mul-</em></strong></span> 
     </span>
    </p>
   </div>
   <div class='ocr_carea' id='block_1_103' title="bbox 1931 4438 3498 4524">
    <p class='ocr_par' dir='ltr' id='par_1_103' title="bbox 1931 4438 3498 4524">
     <span class='ocr_line' id='line_1_104' title="bbox 1931 4438 3498 4524; baseline 0.024 -36"><span class='ocrx_word' id='word_1_747' title='bbox 1931 4438 2209 4493; x_wconf 88' lang='lat' dir='ltr'><strong><em>titudinem</em></strong></span> <span class='ocrx_word' id='word_1_748' title='bbox 2240 4444 2615 4502; x_wconf 71' lang='lat' dir='ltr'><strong><em>misericordia:</em></strong></span> <span class='ocrx_word' id='word_1_749' title='bbox 2653 4467 2782 4507; x_wconf 76' lang='lat' dir='ltr'><strong><em>sum.</em></strong></span> <span class='ocrx_word' id='word_1_750' title='bbox 2817 4453 2883 4508; x_wconf 89' lang='lat' dir='ltr'><strong><em>El</em></strong></span> <span class='ocrx_word' id='word_1_751' title='bbox 2923 4457 3062 4512; x_wconf 87' lang='lat' dir='ltr'><strong><em>dedit</em></strong></span> <span class='ocrx_word' id='word_1_752' title='bbox 3090 4477 3176 4517; x_wconf 85' lang='lat' dir='ltr'><strong><em>eos</em></strong></span> <span class='ocrx_word' id='word_1_753' title='bbox 3216 4467 3268 4519; x_wconf 88' lang='lat' dir='ltr'><strong><em>in</em></strong></span> <span class='ocrx_word' id='word_1_754' title='bbox 3298 4471 3498 4524; x_wconf 83' lang='lat' dir='ltr'><strong><em>miseri-</em></strong></span> 
     </span>
    </p>
   </div>
   <div class='ocr_carea' id='block_1_104' title="bbox 1858 4529 3497 4620">
    <p class='ocr_par' dir='ltr' id='par_1_104' title="bbox 1858 4529 3497 4620">
     <span class='ocr_line' id='line_1_105' title="bbox 1858 4529 3497 4620; baseline 0.026 -45"><span class='ocrx_word' id='word_1_755' title='bbox 1858 4552 1902 4608; x_wconf 74' lang='grc' dir='ltr'><strong><em>ι)</em></strong></span> <span class='ocrx_word' id='word_1_756' title='bbox 1928 4529 2138 4582; x_wconf 87' lang='lat' dir='ltr'><strong><em>cordias</em></strong></span> <span class='ocrx_word' id='word_1_757' title='bbox 2185 4532 2237 4584; x_wconf 90' lang='lat' dir='ltr'><strong><em>in</em></strong></span> <span class='ocrx_word' id='word_1_758' title='bbox 2272 4547 2546 4603; x_wconf 86' lang='lat' dir='ltr'><strong><em>conspectu</em></strong></span> <span class='ocrx_word' id='word_1_759' title='bbox 2590 4544 2824 4597; x_wconf 90' lang='lat' dir='ltr'><strong><em>omnium</em></strong></span> <span class='ocrx_word' id='word_1_760' title='bbox 2855 4549 2945 4616; x_wconf 86' lang='lat' dir='ltr'><strong><em>qui</em></strong></span> <span class='ocrx_word' id='word_1_761' title='bbox 2975 4566 3215 4620; x_wconf 74' lang='lat' dir='ltr'><strong><em>ceperant</em></strong></span> <span class='ocrx_word' id='word_1_762' title='bbox 3241 4574 3349 4615; x_wconf 85' lang='lat' dir='ltr'><strong><em>eos.</em></strong></span> <span class='ocrx_word' id='word_1_763' title='bbox 3381 4560 3497 4617; x_wconf 83' lang='lat' dir='ltr'><strong><em>Hoc</em></strong></span> 
     </span>
    </p>
   </div>
   <div class='ocr_carea' id='block_1_105' title="bbox 1929 4618 3496 4720">
    <p class='ocr_par' dir='ltr' id='par_1_105' title="bbox 1929 4618 3496 4720">
     <span class='ocr_line' id='line_1_106' title="bbox 1929 4618 3496 4720; baseline 0.024 -49"><span class='ocrx_word' id='word_1_764' title='bbox 1929 4618 2276 4689; x_wconf 87' lang='lat' dir='ltr'><strong><em>implebatur,</em></strong></span> <span class='ocrx_word' id='word_1_765' title='bbox 2308 4628 2525 4696; x_wconf 87' lang='lat' dir='ltr'><strong><em>quando</em></strong></span> <span class='ocrx_word' id='word_1_766' title='bbox 2573 4631 2798 4688; x_wconf 87' lang='lat' dir='ltr'><strong><em>immisit</em></strong></span> <span class='ocrx_word' id='word_1_767' title='bbox 2847 4638 2996 4695; x_wconf 88' lang='lat' dir='ltr'><strong><em>Dens</em></strong></span> <span class='ocrx_word' id='word_1_768' title='bbox 3026 4618 3080 4696; x_wconf 84' lang='lat' dir='ltr'><strong><em>in</em></strong></span> <span class='ocrx_word' id='word_1_769' title='bbox 3128 4659 3224 4700; x_wconf 88' lang='lat' dir='ltr'><strong><em>cor</em></strong></span> <span class='ocrx_word' id='word_1_770' title='bbox 3250 4647 3376 4720; x_wconf 89' lang='lat' dir='ltr'><strong><em>Cyri</em></strong></span> <span class='ocrx_word' id='word_1_771' title='bbox 3409 4669 3496 4709; x_wconf 91' lang='lat' dir='ltr'><strong><em>re-</em></strong></span> 
     </span>
    </p>
   </div>
   <div class='ocr_carea' id='block_1_106' title="bbox 1927 4710 3492 4798">
    <p class='ocr_par' dir='ltr' id='par_1_106' title="bbox 1927 4710 3492 4798">
     <span class='ocr_line' id='line_1_107' title="bbox 1927 4710 3492 4798; baseline 0.024 -37"><span class='ocrx_word' id='word_1_772' title='bbox 1927 4710 2034 4778; x_wconf 89' lang='lat' dir='ltr'><strong><em>gis,</em></strong></span> <span class='ocrx_word' id='word_1_773' title='bbox 2065 4720 2118 4765; x_wconf 90' lang='lat' dir='ltr'><strong><em>et</em></strong></span> <span class='ocrx_word' id='word_1_774' title='bbox 2152 4722 2338 4783; x_wconf 89' lang='lat' dir='ltr'><strong><em>postea</em></strong></span> <span class='ocrx_word' id='word_1_775' title='bbox 2370 4715 2516 4772; x_wconf 90' lang='lat' dir='ltr'><strong><em>Darii</em></strong></span> <span class='ocrx_word' id='word_1_776' title='bbox 2548 4727 2602 4775; x_wconf 89' lang='lat' dir='ltr'><strong><em>et</em></strong></span> <span class='ocrx_word' id='word_1_777' title='bbox 2639 4723 2981 4795; x_wconf 81' lang='lat' dir='ltr'><strong><em>Artaxerxis,</em></strong></span> <span class='ocrx_word' id='word_1_778' title='bbox 3027 4739 3084 4785; x_wconf 87' lang='lat' dir='ltr'><strong><em>ut</em></strong></span> <span class='ocrx_word' id='word_1_779' title='bbox 3112 4748 3235 4789; x_wconf 89' lang='lat' dir='ltr'><strong><em>cum</em></strong></span> <span class='ocrx_word' id='word_1_780' title='bbox 3265 4710 3492 4798; x_wconf 70' lang='lat' dir='ltr'><strong><em>Judaica</em></strong></span> 
     </span>
    </p>
   </div>
   <div class='ocr_carea' id='block_1_107' title="bbox 1926 4803 3495 4893">
    <p class='ocr_par' dir='ltr' id='par_1_107' title="bbox 1926 4803 3495 4893">
     <span class='ocr_line' id='line_1_108' title="bbox 1926 4803 3495 4893; baseline 0.022 -40"><span class='ocrx_word' id='word_1_781' title='bbox 1926 4810 2087 4870; x_wconf 83' lang='lat' dir='ltr'><strong><em>gente</em></strong></span> <span class='ocrx_word' id='word_1_782' title='bbox 2114 4803 2343 4874; x_wconf 82' lang='lat' dir='ltr'><strong><em>benigne</em></strong></span> <span class='ocrx_word' id='word_1_783' title='bbox 2368 4820 2608 4877; x_wconf 84' lang='lat' dir='ltr'><strong><em>agerent,</em></strong></span> <span class='ocrx_word' id='word_1_784' title='bbox 2638 4817 2940 4872; x_wconf 89' lang='lat' dir='ltr'><strong><em>secundum</em></strong></span> <span class='ocrx_word' id='word_1_785' title='bbox 2977 4837 3041 4876; x_wconf 88' lang='lat' dir='ltr'><strong><em>ea</em></strong></span> <span class='ocrx_word' id='word_1_786' title='bbox 3069 4840 3189 4893; x_wconf 70' lang='lat' dir='ltr'><strong><em>qua:</em></strong></span> <span class='ocrx_word' id='word_1_787' title='bbox 3222 4828 3276 4882; x_wconf 89' lang='lat' dir='ltr'><strong><em>in</em></strong></span> <span class='ocrx_word' id='word_1_788' title='bbox 3307 4829 3495 4888; x_wconf 72' lang='lat' dir='ltr'><strong><em>Esdrae</em></strong></span> 
     </span>
    </p>
   </div>
   <div class='ocr_carea' id='block_1_108' title="bbox 1927 4890 3494 4977">
    <p class='ocr_par' dir='ltr' id='par_1_108' title="bbox 1927 4890 3494 4977">
     <span class='ocr_line' id='line_1_109' title="bbox 1927 4890 3494 4977; baseline 0.022 -33"><span class='ocrx_word' id='word_1_789' title='bbox 1927 4890 2209 4962; x_wconf 79' lang='lat' dir='ltr'><strong><em>Scriptura</em></strong></span> <span class='ocrx_word' id='word_1_790' title='bbox 2237 4897 2506 4954; x_wconf 81' lang='lat' dir='ltr'><strong><em>feruntur.</em></strong></span> <span class='ocrx_word' id='word_1_791' title='bbox 2533 4902 2672 4968; x_wconf 76' lang='lat' dir='ltr'><strong><em>Quin</em></strong></span> <span class='ocrx_word' id='word_1_792' title='bbox 2701 4908 2863 4963; x_wconf 89' lang='lat' dir='ltr'><strong><em>etiam</em></strong></span> <span class='ocrx_word' id='word_1_793' title='bbox 2907 4928 3052 4969; x_wconf 89' lang='lat' dir='ltr'><strong><em>nunc</em></strong></span> <span class='ocrx_word' id='word_1_794' title='bbox 3101 4915 3350 4976; x_wconf 83' lang='lat' dir='ltr'><strong><em>Romano</em></strong></span> <span class='ocrx_word' id='word_1_795' title='bbox 3396 4923 3494 4977; x_wconf 88' lang='lat' dir='ltr'><strong><em>im-</em></strong></span> 
     </span>
    </p>
   </div>
   <div class='ocr_carea' id='block_1_109' title="bbox 1923 4987 3492 5079">
    <p class='ocr_par' dir='ltr' id='par_1_109' title="bbox 1923 4987 3492 5079">
     <span class='ocr_line' id='line_1_110' title="bbox 1923 4987 3492 5079; baseline 0.024 -43"><span class='ocrx_word' id='word_1_796' title='bbox 1923 4987 2077 5055; x_wconf 79' lang='lat' dir='ltr'><strong><em>perio</em></strong></span> <span class='ocrx_word' id='word_1_797' title='bbox 2121 4998 2376 5057; x_wconf 87' lang='lat' dir='ltr'><strong><em>parentes</em></strong></span> <span class='ocrx_word' id='word_1_798' title='bbox 2417 4995 2887 5066; x_wconf 87' lang='lat' dir='ltr'><strong><em>miserationibus,</em></strong></span> <span class='ocrx_word' id='word_1_799' title='bbox 2936 5004 3048 5061; x_wconf 92' lang='lat' dir='ltr'><strong><em>Deo</em></strong></span> <span class='ocrx_word' id='word_1_800' title='bbox 3086 5019 3342 5079; x_wconf 86' lang='lat' dir='ltr'><strong><em>auctore,</em></strong></span> <span class='ocrx_word' id='word_1_801' title='bbox 3393 5017 3492 5071; x_wconf 88' lang='lat' dir='ltr'><strong><em>do-</em></strong></span> 
     </span>
    </p>
   </div>
   <div class='ocr_carea' id='block_1_110' title="bbox 1924 5085 3490 5161">
    <p class='ocr_par' dir='ltr' id='par_1_110' title="bbox 1924 5085 3490 5161">
     <span class='ocr_line' id='line_1_111' title="bbox 1924 5085 3490 5161; baseline 0.02 -32"><span class='ocrx_word' id='word_1_802' title='bbox 1924 5086 2125 5130; x_wconf 72' lang='lat' dir='ltr'><strong><em>nuntur</em></strong></span> <span class='ocrx_word' id='word_1_803' title='bbox 2155 5095 2168 5130; x_wconf 88' lang='lat'><strong>:</strong></span> <span class='ocrx_word' id='word_1_804' title='bbox 2205 5095 2313 5134; x_wconf 90' lang='lat' dir='ltr'><strong><em>non</em></strong></span> <span class='ocrx_word' id='word_1_805' title='bbox 2349 5085 2490 5152; x_wconf 92' lang='lat' dir='ltr'><strong><em>quod</em></strong></span> <span class='ocrx_word' id='word_1_806' title='bbox 2515 5087 2662 5158; x_wconf 85' lang='lat' dir='ltr'><strong><em>digni</em></strong></span> <span class='ocrx_word' id='word_1_807' title='bbox 2703 5090 2848 5158; x_wconf 90' lang='lat' dir='ltr'><strong><em>sint;</em></strong></span> <span class='ocrx_word' id='word_1_808' title='bbox 2881 5094 2974 5148; x_wconf 90' lang='lat' dir='ltr'><strong><em>sed</em></strong></span> <span class='ocrx_word' id='word_1_809' title='bbox 3005 5097 3076 5150; x_wconf 91' lang='lat' dir='ltr'><strong><em>ob</em></strong></span> <span class='ocrx_word' id='word_1_810' title='bbox 3103 5100 3490 5161; x_wconf 65' lang='lat' dir='ltr'><strong><em>misericordia:</em></strong></span> 
     </span>
    </p>
   </div>
   <div class='ocr_carea' id='block_1_111' title="bbox 1921 5167 3489 5254">
    <p class='ocr_par' dir='ltr' id='par_1_111' title="bbox 1921 5167 3489 5254">
     <span class='ocr_line' id='line_1_112' title="bbox 1921 5167 3489 5254; baseline 0.019 -32"><span class='ocrx_word' id='word_1_811' title='bbox 1921 5167 2042 5233; x_wconf 76' lang='lat' dir='ltr'><strong><em>ejus</em></strong></span> <span class='ocrx_word' id='word_1_812' title='bbox 2073 5174 2521 5240; x_wconf 81' lang='lat' dir='ltr'><strong><em>magnitudinem.</em></strong></span> <span class='ocrx_word' id='word_1_813' title='bbox 2543 5179 2610 5232; x_wconf 86' lang='lat' dir='ltr'><strong><em>Et</em></strong></span> <span class='ocrx_word' id='word_1_814' title='bbox 2625 5185 2864 5250; x_wconf 80' lang='lat' dir='ltr'><strong><em>pamituit</em></strong></span> <span class='ocrx_word' id='word_1_815' title='bbox 2888 5203 3006 5240; x_wconf 90' lang='lat' dir='ltr'><strong><em>eum</em></strong></span> <span class='ocrx_word' id='word_1_816' title='bbox 3041 5192 3324 5248; x_wconf 87' lang='lat' dir='ltr'><strong><em>secundum</em></strong></span> <span class='ocrx_word' id='word_1_817' title='bbox 3351 5203 3489 5254; x_wconf 75' lang='lat' dir='ltr'><strong><em>mu:-</em></strong></span> 
     </span>
    </p>
   </div>
   <div class='ocr_carea' id='block_1_112' title="bbox 1924 5261 3487 5348">
    <p class='ocr_par' dir='ltr' id='par_1_112' title="bbox 1924 5261 3487 5348">
     <span class='ocr_line' id='line_1_113' title="bbox 1924 5261 3487 5348; baseline 0.023 -37"><span class='ocrx_word' id='word_1_818' title='bbox 1924 5261 2203 5317; x_wconf 82' lang='lat' dir='ltr'><strong><em>titudinem</em></strong></span> <span class='ocrx_word' id='word_1_819' title='bbox 2266 5268 2641 5326; x_wconf 76' lang='lat' dir='ltr'><strong><em>misericordia:</em></strong></span> <span class='ocrx_word' id='word_1_820' title='bbox 2693 5292 2822 5331; x_wconf 64' lang='lat' dir='ltr'><strong><em>suae.</em></strong></span> <span class='ocrx_word' id='word_1_821' title='bbox 2877 5278 3258 5340; x_wconf 71' lang='lat' dir='ltr'><strong><em>Pwnitentiam</em></strong></span> <span class='ocrx_word' id='word_1_822' title='bbox 3306 5299 3487 5348; x_wconf 87' lang='lat' dir='ltr'><strong><em>autem</em></strong></span> 
     </span>
    </p>
   </div>
   <div class='ocr_carea' id='block_1_113' title="bbox 1921 5356 3486 5453">
    <p class='ocr_par' dir='ltr' id='par_1_113' title="bbox 1921 5356 3486 5453">
     <span class='ocr_line' id='line_1_114' title="bbox 1921 5356 3486 5453; baseline 0.025 -50"><span class='ocrx_word' id='word_1_823' title='bbox 1921 5361 2080 5406; x_wconf 87' lang='lat' dir='ltr'><strong><em>vocat</em></strong></span> <span class='ocrx_word' id='word_1_824' title='bbox 2117 5356 2490 5428; x_wconf 86' lang='lat' dir='ltr'><strong><em>castigationis</em></strong></span> <span class='ocrx_word' id='word_1_825' title='bbox 2532 5369 2916 5426; x_wconf 85' lang='lat' dir='ltr'><strong><em>cessationem.</em></strong></span> <span class='ocrx_word' id='word_1_826' title='bbox 2949 5373 3091 5430; x_wconf 85' lang='lat' dir='ltr'><strong><em>Deus</em></strong></span> <span class='ocrx_word' id='word_1_827' title='bbox 3138 5380 3338 5452; x_wconf 90' lang='lat' dir='ltr'><strong><em>quippe</em></strong></span> <span class='ocrx_word' id='word_1_828' title='bbox 3365 5400 3486 5453; x_wconf 66' lang='lat' dir='ltr'><strong><em>pa:-</em></strong></span> 
     </span>
    </p>
   </div>
   <div class='ocr_carea' id='block_1_114' title="bbox 1920 5445 3483 5545">
    <p class='ocr_par' dir='ltr' id='par_1_114' title="bbox 1920 5445 3483 5545">
     <span class='ocr_line' id='line_1_115' title="bbox 1920 5445 3483 5545; baseline 0.023 -49"><span class='ocrx_word' id='word_1_829' title='bbox 1920 5445 2163 5501; x_wconf 70' lang='lat' dir='ltr'><strong><em>nitentiae</em></strong></span> <span class='ocrx_word' id='word_1_830' title='bbox 2192 5448 2444 5506; x_wconf 59' lang='lat' dir='ltr'><strong><em>allectum</em></strong></span> <span class='ocrx_word' id='word_1_831' title='bbox 2481 5453 2681 5513; x_wconf 85' lang='lat' dir='ltr'><strong><em>habere</em></strong></span> <span class='ocrx_word' id='word_1_832' title='bbox 2707 5463 2896 5531; x_wconf 87' lang='lat' dir='ltr'><strong><em>nequit</em></strong></span> <span class='ocrx_word' id='word_1_833' title='bbox 2929 5483 2942 5518; x_wconf 91' lang='lat'><strong>:</strong></span> <span class='ocrx_word' id='word_1_834' title='bbox 2976 5445 3346 5538; x_wconf 71' lang='lat' dir='ltr'><strong><em>nequemde</em></strong></span> <span class='ocrx_word' id='word_1_835' title='bbox 3365 5445 3483 5545; x_wconf 73' lang='lat' dir='ltr'><strong><em>bis,</em></strong></span> 
     </span>
    </p>
   </div>
   <div class='ocr_carea' id='block_1_115' title="bbox 1918 5539 3482 5625">
    <p class='ocr_par' dir='ltr' id='par_1_115' title="bbox 1918 5539 3482 5625">
     <span class='ocr_line' id='line_1_116' title="bbox 1918 5539 3482 5625; baseline 0.024 -37"><span class='ocrx_word' id='word_1_836' title='bbox 1918 5539 2442 5615; x_wconf 44' lang='lat' dir='ltr'><strong><em>modoillis.placita</em></strong></span> <span class='ocrx_word' id='word_1_837' title='bbox 2475 5547 2620 5617; x_wconf 89' lang='lat' dir='ltr'><strong><em>edit;</em></strong></span> <span class='ocrx_word' id='word_1_838' title='bbox 2656 5552 2750 5606; x_wconf 88' lang='lat' dir='ltr'><strong><em>sed</em></strong></span> <span class='ocrx_word' id='word_1_839' title='bbox 2773 5556 3047 5625; x_wconf 75' lang='lat' dir='ltr'><strong><em>sapienter</em></strong></span> <span class='ocrx_word' id='word_1_840' title='bbox 3083 5564 3264 5617; x_wconf 87' lang='lat' dir='ltr'><strong><em>omnia</em></strong></span> <span class='ocrx_word' id='word_1_841' title='bbox 3295 5539 3482 5624; x_wconf 48' lang='lat' dir='ltr'><strong><em>mode;</em></strong></span> 
     </span>
    </p>
   </div>
   <div class='ocr_carea' id='block_1_116' title="bbox 1919 5635 3485 5718">
    <p class='ocr_par' dir='ltr' id='par_1_116' title="bbox 1919 5635 3485 5718">
     <span class='ocr_line' id='line_1_117' title="bbox 1919 5635 3485 5718; baseline 0.026 -39"><span class='ocrx_word' id='word_1_842' title='bbox 1919 5642 2066 5691; x_wconf 88' lang='lat' dir='ltr'><strong><em>rans,</em></strong></span> <span class='ocrx_word' id='word_1_843' title='bbox 2109 5640 2162 5687; x_wconf 89' lang='lat' dir='ltr'><strong><em>et</em></strong></span> <span class='ocrx_word' id='word_1_844' title='bbox 2193 5635 2578 5706; x_wconf 81' lang='lat' dir='ltr'><strong><em>castigationes</em></strong></span> <span class='ocrx_word' id='word_1_845' title='bbox 2625 5644 2854 5714; x_wconf 86' lang='lat' dir='ltr'><strong><em>inducit,</em></strong></span> <span class='ocrx_word' id='word_1_846' title='bbox 2906 5658 2959 5704; x_wconf 88' lang='lat' dir='ltr'><strong><em>et</em></strong></span> <span class='ocrx_word' id='word_1_847' title='bbox 3003 5653 3345 5714; x_wconf 80' lang='lat' dir='ltr'><strong><em>clementiam</em></strong></span> <span class='ocrx_word' id='word_1_848' title='bbox 3394 5676 3485 5718; x_wconf 77' lang='lat' dir='ltr'><strong><em>ex-</em></strong></span> 
     </span>
    </p>
   </div>
   <div class='ocr_carea' id='block_1_117' title="bbox 1918 5721 2084 5776">
    <p class='ocr_par' dir='ltr' id='par_1_117' title="bbox 1918 5721 2084 5776">
     <span class='ocr_line' id='line_1_118' title="bbox 1918 5721 2084 5776; baseline 0.006 -2"><span class='ocrx_word' id='word_1_849' title='bbox 1918 5721 2084 5776; x_wconf 78' lang='lat' dir='ltr'><strong><em>hibet.</em></strong></span> 
     </span>
    </p>
   </div>
  </div>
