3992 6404
256 466 388 524 {Sili
1385 461 1892 520 COMMENTARIA
1920 462 1996 519 ἸΝ
2034 459 2376 522 PSALMOS.
3375 468 3514 525 1522

254 582 581 653 συνάγεσθαι
620 584 677 637 δέ
719 584 812 637 ἐπὶ
842 582 940 655 τὴν
982 582 1241 637 Ἰουδαίαν
1288 581 1413 652 γῆν.
1455 579 1693 635 Τοιαῦτα
1732 581 1805 651 γὰ

1906 622 1916 645 ι
1944 580 2261 651 captivitate
2293 580 2626 653 Babylonica
2655 583 2815 640 annis
2845 598 3016 655 prope
3045 583 3215 650 mille,
3245 583 3384 639 nihil
3421 584 3518 639 hu-

254 676 417 730 είσέτι
456 676 550 729 καὶ
590 675 685 728 νῦν
726 676 915 739 παῖδες
955 673 1221 729 Ἰουδαίων
1260 672 1644 741 φαντάζονται.
1692 673 1805 725 ’Ἀλλ

1934 675 2179 745 jusmodi
2211 675 2265 729 in
2295 675 2512 730 illorum
2536 676 2764 748 gratiam
2798 687 3080 748 peractum
3111 678 3215 746 sit;
3252 684 3426 734 restat
3456 688 3517 733 ut

253 768 372 823 ἐπεὶ
410 766 484 839 μὴ
512 767 685 821 ταῦτα
710 768 839 839 περὶ
868 766 1064 830 αὐτοὺς
1094 768 1207 829 τοῖς
1246 766 1429 838 ἔργοις
1454 766 1805 837 ὁρᾶταιχεγε

1926 783 2123 824 rerum
2166 768 2387 824 eventui
2436 767 2554 824 haec
2582 771 2749 825 verba
2795 770 3310 835 accommodemus,
3353 777 3410 825 et
3446 770 3516 827 ad

254 860 478 931 νημένα,
638 877 737 913 που
776 859 965 930 χιλίοις
995 859 1162 929 ἐγγὺς
1192 858 1336 912 ἔτεσι
1363 859 1462 929 τῆς
1489 858 1599 912 ἀπὸ
1627 859 1727 930 τῆς
1751 861 1805 912 είι

1928 859 2179 930 gentium
2213 860 2556 916 vocationem
2581 861 2922 932 prophetiam
2959 860 3302 916 reducamus.

252 956 540 1011 Βαϐυλῶνα
566 957 939 1029 αἰχμαλωσίας
966 955 1143 1009 αὐτῶν
1173 955 1396 1027 μηδενὸς
1421 954 1659 1009 τοιούτου
1689 956 1817 1026 περὶ
1842 954 2037 1018 αὐτοὺς
2063 954 2413 1027 πραχθέντοςο
2456 955 2574 1026 ῶρα
2604 958 2671 1028 τῇ
2732 955 2841 1010 τῶν
2897 955 3235 1025 πραγμάτων
3296 953 3514 1008 ἐκϐάσει

250 1051 373 1114 τοὺς
418 1050 610 1119 λόγους
651 1050 1030 1121 ἐφαρμόττειν,
1075 1049 1168 1102 καὶ
1214 1048 1307 1101 ἐπὶ
1351 1047 1449 1120 τὴν
1492 1047 1602 1102 τῶν
1646 1046 1816 1102 ἐθνῶν
1853 1046 2041 1118 κλῆσιν
2079 1048 2300 1117 ἀνάγ-ειν
2335 1048 2433 1119 τὴν
2467 1048 2817 1121 προφητείαν.

330 1169 792 1241 Ἐπλανήθησαν
820 1170 891 1225 ὲν
920 1170 998 1239 τῇ
1029 1170 1226 1240 ἐρήμῳ
1261 1170 1361 1224 καὶ
1397 1169 1652 1237 ἀνύδρῳ,
1684 1167 1805 1223 όδόι

2003 1167 2170 1224 Vens.
2207 1169 2259 1224 5.
2302 1168 2626 1223 Erraverunt
2657 1170 2712 1222 in
2743 1166 3031 1222 solitudine
3067 1177 3117 1222 et
3146 1168 3200 1221 in
3229 1168 3507 1238 inaquoso,

248 1267 480 1332 πόλεως
512 1266 966 1334 κατοικητηρίου
996 1266 1110 1334 οὐχ
1142 1260 1346 1333 εὖρον’
1383 1262 1707 1329 ,πεινῶντες
1728 1279 1803 1315 κα

1932 1261 2068 1314 viam
2104 1262 2332 1315 civitatis
2370 1259 2663 1315 habitaculi
2708 1275 2814 1313 non
2855 1259 3509 1314 invenerunt:esurientcs

246 1357 562 1428 διψῶντες,
607 1359 646 1427 ἡ
698 1357 870 1427 ψυχὴ
908 1356 1110 1411 αὐτῶν
1150 1356 1221 1410 ἐν
1269 1355 1474 1421 αὐτοῖς
1519 1354 1800 1419 ἐξέλιπεν

1929 1361 1981 1406 et
2014 1353 2273 1417 sitientes,
2310 1354 2491 1406 anima
2519 1369 2702 1407 eorum
2727 1354 2784 1407 in
2813 1353 2944 1422 ipsis
2978 1351 3188 1421 defecit.
3213 1348 3326 1406 Nos
3355 1350 3507 1407 scili.

255 1449 445 1521 Ἡμεῖς
468 1449 567 1520 μὲν
591 1450 641 1502 οἱ
664 1449 770 1521 πρὸ
807 1450 905 1520 τῆς
926 1448 1022 1502 τοῦ
1057 1449 1306 1520 Σωτῆρος
1332 1446 1489 1519 ἡμῶν
1514 1445 1805 1507 θεοσεϐείας

1930 1453 2016 1500 cet
2053 1446 2144 1516 qui
2180 1451 2306 1499 ante
2331 1444 2574 1499 divinum
2622 1442 2930 1499 Servatoris
2959 1443 3135 1498 nostri
3178 1442 3407 1507 cultum,
3451 1441 3505 1494 in

246 1545 338 1597 καὶ
362 1546 420 1597 ἐν
440 1542 694 1613 ἀκάρπῳ,
720 1541 934 1613 ἀνύδρῳ
961 1558 1021 1593 τε
1042 1541 1136 1595 καὶ
1157 1540 1336 1611 ἀγόνῳ
1362 1540 1475 1610 ζωῇ
1502 1538 1671 1592 πάλαι
1701 1538 1805 1609 πρό

1924 1537 2035 1592 vita
2080 1535 2428 1607 inlrugilera,
2467 1536 2737 1606 inaquosa
2779 1535 3063 1607 sterilique
3108 1535 3239 1590 olim
3282 1534 3502 1590 erraba-

245 1652 399 1706 τερον
430 1633 861 1705 πεπλανημένοι,
900 1634 990 1685 ὅτε
1021 1627 1162 1702 ἦμεν
1195 1631 1320 1703 ἔθνη
1361 1629 1550 1698 ἄλογα,
1588 1628 1725 1699 πρὸς
1758 1627 1805 1680 τέ

1923 1645 2069 1695 mus,
2102 1644 2226 1683 cum
2258 1636 2449 1702 gentes
2480 1629 2891 1686 irrationabiles
2934 1644 3205 1697 essemus,
3234 1636 3398 1697 atque
3436 1625 3502 1679 ad

242 1727 436 1782 εἴδωλα
470 1727 541 1781 τὰ
574 1727 763 1797 ἄφωνα
802 1725 1162 1796 ἀπαγόμενοι,
1194 1728 1242 1778 oi
1274 1723 1544 1796 μηδέποτε
1577 1722 1693 1775 ὁδὸν
1724 1722 1805 1775 πό·

1923 1727 2073 1774 muta
2102 1719 2247 1774 idola
2277 1720 2676 1776 abduceremur
2702 1742 2715 1776 :
2742 1722 2834 1793 qui
2864 1735 3150 1791 nunquam
3187 1718 3335 1773 viam
3369 1716 3507 1771 civi-

243 1816 380 1880 λεως
404 1815 824 1887 κατοικητηρίου
847 1814 1119 1885 εὑρόντες·
1146 1814 1232 1866 ὅτε
1257 1809 1399 1884 ἦμεν
1430 1810 1701 1883 ἀλλότριοι
1728 1810 1805 1881 τῆς

1922 1814 2053 1867 tatis
2085 1813 2385 1867 habitaculi
2428 1812 2832 1880 inveneramus,
2869 1830 2993 1869 cum
3020 1812 3181 1868 alieni
3204 1824 3451 1867 essemus
3472 1822 3504 1863 a

244 1904 635 1972 πολιτείαςποῦ
684 1908 920 1979 Ἰσραὴλ,
954 1906 1145 1960 ἐλπίδα
1172 1906 1247 1978 μὴ
1279 1905 1516 1976 ἔχοντες,
1550 1904 1646 1957 καὶ
1673 1901 1801 1957 ἇθεο

1924 1903 2145 1958 civitate
2186 1902 2427 1969 lsraelis,
2465 1919 2591 1959 cum
2632 1905 2840 1959 nullam
2883 1920 3035 1977 spem
3079 1904 3408 1959 haberemus
3448 1908 3505 1955 et

242 2002 301 2053 ἐν
330 2000 409 2072 τῷ
439 2000 648 2070 κόσμῳο
699 2000 749 2051 οἱ
801 1998 1167 2070 μεμισημένοι
1212 1997 1401 2061 πάλαι,
1442 1997 1498 2049 ἐν
1545 1995 1689 2068 λιμῷ
1728 1998 1805 2049 κα·

1923 1992 2068 2047 athei
2091 1993 2149 2046 in
2180 1992 2388 2047 mundo
2411 2007 2660 2049 essemus
2686 2012 2699 2048 :
2726 1994 2822 2065 qui
2856 1995 2986 2050 olim
3010 1993 3137 2049 odio
3168 2006 3414 2057 eramus,
3443 1991 3502 2046 in

240 2092 381 2163 δίψει
406 2092 512 2172 τὴν.
528 2091 704 2165 ψυχὴν
730 2092 1096 2155 ἐκλείποντες,
1121 2088 1210 2143 διὰ
1239 2090 1300 2143 τὸ
1326 2087 1656 2160 ἐστερῆσθαι
1684 2087 1823 2157 λογι·

239 2185 344 2255 κῆς
384 2185 478 2238 καὶ
516 2182 838 2255 ἐπουρανίου
882 2180 1087 2254 τροφῆς
1122 2180 1286 2236 ποτοῦ
1324 2198 1385 2234 τε
1423 2182 1819 2253 πνευματικοῦ,

1922 2080 2064 2136 fame
2097 2088 2152 2135 et
2186 2081 2275 2137 siti
2304 2082 2487 2137 animo
2516 2081 2855 2149 deficientes,
2893 2084 3039 2155 quod
3086 2082 3400 2138 rationabili
3447 2091 3503 2138 et

1919 2172 2131 2228 caelesti
2156 2173 2281 2229 cibo
2309 2176 2692 2247 spiritualique
2725 2184 2856 2247 potu
2882 2177 3082 2249 privati
3108 2191 3378 2243 essemus,
3408 2189 3502 2231 se-

239 2273 381 2329 κατὰ
412 2275 493 2328 τό·
536 2273 948 2340 Ἑξαποστελῶ
984 2277 1058 2329 οὐ
1089 2273 1268 2344 λιμὸν
1294 2273 1499 2343 ἄρτου,
1544 2273 1687 2329 οὐδὲ
1732 2273 1805 2327 δίε

1924 2266 2163 2322 cundum
2191 2266 2323 2322 illud
2354 2285 2367 2321 :
2397 2265 2653 2322 Emittam
2687 2286 2791 2325 non
2819 2268 3013 2339 famem
3040 2268 3217 2338 panis,
3246 2283 3407 2339 neque
3428 2266 3503 2321 si-

237 2370 365 2437 ψαν
395 2366 634 2433 ὕδατος,
665 2367 827 2421 ἀλλὰ
855 2365 1035 2436 λιμὸν
1066 2367 1173 2420 τοῦ
1204 2366 1462 2421 ἀκοῦσαι
1491 2367 1679 2436 λόγον
1700 2368 1818 2420 Κυο

236 2459 387 2525 ρίου.
416 2457 531 2512 Kal
562 2456 1050 2524 σαλευθήσονται
1088 2456 1277 2510 ὕδατα
1311 2456 1427 2511 ἀπὸ
1459 2456 1569 2524 τῆς
1594 2456 1819 2511 θαλάσ-

236 2566 356 2619 σης
382 2550 494 2618 ἕως
525 2550 636 2620 τῆς
667 2550 1005 2619 θαλάσσης,
1035 2551 1135 2604 καὶ
1170 2550 1289 2605 ἀπὸ
1313 2546 1507 2618 ,βορρᾶ
1528 2548 1638 2616 ἕως
1672 2550 1817 2603 ἀνα-

235 2641 450 2707 τολῶν,
477 2641 973 2712 περιδραμοῦνται
1003 2640 1315 2710 ζητοῦντες
1343 2640 1451 2694 τὸν
1482 2642 1668 2710 λόγον
1695 2644 1814 2694 Kv-

233 2734 387 2803 ρίου,
438 2735 535 2788 καὶ
569 2736 640 2789 οὐ
666 2734 753 2804 μὴ
802 2734 1051 2803 εὕρωσιο
1105 2734 1185 2787 διὸ
1230 2733 1326 2787 καὶ⁴
1372 2735 1430 2786 ἐν
1473 2732 1666 2804 ἐρήμῳ
1707 2732 1815 2786 τῶν

236 2823 444 2896 ἀρετῶν
478 2823 630 2889 ὄντες
657 2823 1038 2896 ἐπλανώμεθα,
1072 2824 1308 2896 ποδηγὸν
1334 2824 1426 2876 καὶ
1457 2822 1702 2894 ἡγεμόνα
1737 2822 1813 2894 μὴ

1920 2359 2013 2412 tim
2044 2376 2227 2430 aqua;
2270 2359 2361 2415 sed
2403 2360 2599 2431 famem
2634 2362 2883 2418 audiendi
2916 2361 3123 2418 verbum
3157 2360 3394 2416 Domini.
3429 2360 3501 2415 Et

1917 2455 2379 2509 commovebuntur
2420 2471 2632 2527 aquw,a
2664 2458 2803 2511 mari
2849 2473 3010 2529 usque
3042 2455 3111 2511 ad
3139 2472 3305 2522 mare,
3348 2463 3400 2510 et
3432 2456 3498 2508 ab

1917 2547 2161 2616 aquilone
2198 2565 2359 2618 usque
2397 2548 2467 2602 ad
2508 2549 2758 2604 orientem
2799 2565 2816 2603 :
2863 2550 3159 2605 circuibunt
3207 2558 3497 2622 quazrentes

1916 2637 2127 2693 verbum
2189 2639 2447 2706 Domini,
2499 2649 2551 2694 et
2600 2656 2705 2695 non
2766 2640 3025 2695 invenient
3049 2640 3380 2711 7";:idcirco
3439 2640 3496 2695 in

1915 2728 2133 2786 deserto
2155 2732 2417 2788 virtutum
2454 2732 2788 2789 exsistentes
2826 2733 3170 2799 errabamus,
3203 2733 3397 2789 ducem
3431 2747 3497 2789 ac

1914 2825 2219 2896 principem
2258 2841 2370 2881 non
2414 2826 2585 2891 nacti,
2617 2841 2779 2897 quem
2812 2835 3105 2898 sequentes
3136 2826 3370 2883 decursa
3407 2827 3493 2881 via

233 2913 469 2986 ἔχοντες,
491 2908 535 2984 ᾧ
556 2914 806 2987 ἑπόμενοι
837 2917 1014 2988 εὑρεῖν
1036 2910 1212 2969 οἷοίτε
1240 2912 1380 2986 ἦμεν
1407 2914 1543 2986 μετά
1575 2914 1673 2986 τὴν
1696 2915 1805 2968 όδὸν

1911 2917 2154 2988 reperire
2175 2933 2460 2988 possemus
2485 2918 2758 2974 civitatem
2786 2934 2942 2975 sacra
2959 2919 3075 2990 lege
3094 2920 3199 2975 rite
3219 2920 3494 2976 constitu-

234 3001 388 3058 πόλιν
420 2999 479 3058 εὖ
512 3003 936 3076 διατεταγμένην
980 3005 1108 3077 ἱερῷ
1151 3006 1322 3076 νόμῳ,
1369 3006 1427 3059 ἐν
1538 3008 1805 3060 κατοικεῖν

1910 3014 2042 3072 tam,
2067 3008 2121 3061 in
2139 3022 2244 3078 qua
2263 3008 2506 3064 habitare
2528 3023 2833 3079 possemus,
2854 3026 3135 3082 nunquam
3157 3010 3282 3067 inde
3310 3026 3491 3068 reces-

234 3096 543 3169 ῆδυνάμεθα
590 3098 665 3170 μὴ
716 3098 1156 3170 ἀναχωροῦντες·
1195 3098 1330 3170 αὕτη
1359 3098 1419 3152 δέ
1460 3101 1606 3154 ἐστιν
1642 3098 1805 3172 ἀρετὴ

1912 3102 2055 3158 suri:
2076 3102 2190 3157 haec
2212 3109 2392 3157 autem
2412 3110 2495 3158 est
2511 3103 2684 3159 virtus
2698 3111 2750 3158 et
2765 3102 2856 3158 Dei
2876 3101 3408 3174 sapientia—Vsus.
3434 3103 3489 3160 6.

233 3191 329 3245 καὶ
358 3189 492 3245 Θεοῦ
520 3190 700 3261 σοφία.
735 3193 843 3246 Kal
872 3190 1205 3259 ἐκέκραξαν
1230 3190 1378 3259 πρὸς
1403 3192 1625 3260 Κύριον
1645 3190 1811 3257 ἐντῷ
1837 3232 1879 3292 C

233 3282 536 3335 θλίϐεσθαι
559 3281 798 3348 αὐτοὺς,
829 3283 928 3336 καὶ
951 3282 1019 3335 ἐκ
1048 3280 1166 3334 τῶν
1190 3278 1471 3351 ἀναγκῶν
1493 3281 1692 3337 αὐτῶν
1718 3282 1812 3350 ἐρ-

229 3373 456 3439 ῥύσατο
489 3373 729 3439 αὐτούς.
767 3372 887 3426 Τῶν
933 3371 1103 3425 ἐθνῶν
1148 3371 1403 3425 ἁπάντων
1442 3371 1808 3443 πλανωμένων

232 3464 291 3516 ἐν
311 3466 381 3535 γῇ
407 3466 600 3537 ἐρήμῳ
622 3465 716 3518 καὶ
744 3464 979 3538 ἀνύδρῳ,
1008 3465 1222 3537 καὶτῆς
1241 3464 1420 3536 ψυχῆς
1442 3464 1621 3518 αὐτῶν
1643 3464 1810 3518 ἐκλει-

230 3556 439 3627 πούσης
460 3555 520 3620 ἐξ
545 3557 807 3629 ἁτροφίας
833 3556 1116 3629 σωτηρίων
1144 3556 1336 3625 λόγων,
1362 3557 1530 3611 ἐϐόων
1558 3556 1695 3628 πρὸς
1717 3558 1806 3611 τὸν

229 3649 361 3702 Θεὸν
391 3647 742 3713 ἱκετεύοντες,
775 3648 952 3703 κοινὸν
997 3649 1170 3702 ἅπασι
1199 3648 1660 3721 καταπεμφθῆναι
1695 3651 1807 3703 Σω-

228 3742 389 3812 τῆρα.
414 3740 524 3794 Kal
547 3741 878 3810 ἐκέκραξαν
905 3741 1055 3809 πρὸς
1078 3742 1298 3810 Κύριον
1311 3741 1381 3794 ἐν
1401 3740 1482 3807 τῷ
1501 3742 1807 3797 θλίϐεσθαι

229 3833 469 3897 αὐτούς.
495 3832 641 3895 Τοὺς
666 3834 1174 3905 ἐγκεχειρισμένους
1203 3834 1401 3898 αὐτοὺς
1427 3834 1806 3906 ὑπερπὰσχον-

227 3939 319 3985 τες
344 3924 440 3975 καὶ
469 3922 903 3996 ὑπεραλγοῦντες
930 3924 1112 3979 αὐτῶν
1140 3926 1234 3979 καὶ
1258 3926 1536 3996 διψώντων
1579 3928 1672 3980 καὶ
1703 3927 1803 3997 τὴν

227 4012 403 4085 ψυχὴν
424 4015 523 4087 ήδη
545 4015 612 4069 δι’
635 4016 900 4086 ἀτροφίαν
927 4018 1308 4087 ἐκλειπόντων,
1337 4019 1505 4072 ἐϐόων
1528 4019 1680 4072 αὐτοὶ
1708 4020 1803 4072 καὶ

230 4105 457 4177 ἔκραζον
508 4107 644 4179 πρὸς
688 4107 913 4179 Κύριον,
961 4109 1104 4181 ὑπὲρ
1147 4109 1256 4163 τῶν
1306 4111 1521 4164 οίκείων
1572 4111 1802 4175 ἕκαστος

228 4200 639 4272 πρεσϐεύοντες.

298 4295 403 4350 Kal
426 4296 741 4367 ὡδήγησεν
760 4297 981 4363 αὐτοὺς
1008 4300 1094 4364 εἰς
1122 4298 1267 4353 ὁδὸν
1289 4298 1545 4366 εὐθεῖαν,
1574 4298 1681 4353 τοῦ
1704 4312 1802 4352 πο-

220 4383 508 4458 ρευθῆναι
546 4391 651 4455 είς.
674 4391 857 4443 πόλιν
893 4391 1369 4459 κατοικητηρίου.
1415 4390 1799 4459 Ἐξομολογ-η-

222 4480 556 4535 σάσθωοναν
588 4480 669 4546 τῷ
705 4483 900 4550 Κυρίῳ
926 4482 999 4536 τὰ
1026 4481 1167 4549 ὲλέη
1197 4482 1404 4545 αὑτοῦ,
1440 4483 1537 4535 καὶ
1564 4482 1633 4536 τὰ
1658 4485 1799 4537 θαυ-

220 4573 407 4643 μάσια
434 4573 619 4628 αὐτοῦ
644 4574 767 4640 τοῖς
791 4574 944 4641 υἱοῖς
966 4574 1084 4627 τῶν
1105 4572 1445 4641 ἀνθρώπων.
1479 4575 1542 4627 Oi
1574 4575 1669 4644 μὲν
1687 4576 1795 4645 γὰρ

220 4664 598 4737 ἐπλανήθησαν
624 4667 682 4718 ἐν
702 4668 772 4737 γῇ
798 4665 990 4736 ἐρήμῳ
1018 4665 1112 4717 καὶ
1140 4664 1370 4736 ἀνύδρῳ,
1395 4663 1553 4718 τοῦτο
1575 4663 1791 4735 πρῶτον

219 4756 435 4827 νόσημα
462 4758 810 4828 νενοσηκότες
838 4756 899 4808 τὸ
922 4756 1021 4827 τῆς
1048 4755 1277 4827 πλάνης·
1314 4757 1407 4810 καὶ
1431 4756 1668 4827 δευτέρῳ
1692 4773 1792 4808 κα-

221 4848 303 4919 κῷ
335 4850 724 4919 περιπεσόντες
762 4846 879 4902 ὁδὸν
915 4848 1121 4912 πόλεως
1163 4848 1584 4919 κατοικητηρίου
1617 4846 1794 4900 αὐτῶν

220 4942 317 5011 οὐχ
363 4934 541 5013 εὗρονο
595 4944 689 4996 καὶ
739 4942 921 5014 τρίτον
969 4941 1028 4994 δέ
1061 4941 1256 5004 αὐτοὺς
1293 4941 1551 5012 περιέσχε
1602 4940 1791 5004 κακὸν,

221 5034 451 5106 ἐπείπερ
476 5031 616 5107 ἦσαν
642 5036 933 5098 πεινῶντες
957 5036 1050 5089 καὶ
1081 5035 1360 5106 διψῶντες,
1390 5036 1465 5100 ὡς
1492 5036 1593 5107 τὴν
1618 5036 1794 5108 ψυχὴν

219 5124 398 5179 αὐτῶν
434 5126 707 5181 ἐκλείπειν
742 5130 799 5179 ἐν
840 5128 1041 5190 αὐτοῖς.
1082 5127 1140 5179 Ὀ
1164 5127 1219 5180 δέ
1254 5127 1634 5198 φιλάνθρωπος
1660 5128 1794 5193 Θεὸς

219 5220 310 5270 καὶ
343 5219 547 5288 ἀγαθὸς
575 5221 764 5291 Σωτὴρ
800 5219 1015 5291 πρῶτον
1048 5220 1144 5291 μὲν
1168 5219 1449 5293 ὡδήγησεν
1478 5223 1672 5286 αὐτοὺς
1713 5225 1792 5285 είς

220 5310 334 5365 ὁδὸν
357 5312 590 5367 εὐθεῖαν·
623 5313 813 5366 ἔπειτα
845 5313 1045 5381 ἔδειξεν
1071 5317 1252 5378 αὐτοῖς
1278 5314 1396 5379 πῶς
1418 5316 1524 5387 χρὴ
1558 5316 1791 5386 βαδίζειν

220 5404 317 5475 τὴν
347 5405 617 5478 φέρουσαν
655 5409 735 5471 είς
762 5406 858 5478 τὴν
890 5407 1043 5461 πόλιν
1083 5407 1175 5461 τοῦ
1208 5410 1646 5482 κατοικητηρίου.
1684 5411 1791 5463 Καὶ

222 5496 302 5560 τίς
323 5497 388 5552 ἂν
412 5498 496 5572 εἴη
530 5502 564 5573 ή
599 5500 780 5554 εὐθεῖα
809 5500 925 5564 ὁδὸς
953 5501 987 5572 ἢ
1016 5502 1044 5553 ὁ
1078 5502 1340 5573 σωτήριος
1384 5500 1541 5571 λόγος
1570 5504 1598 5556 ό
1627 5503 1792 5570 εὐαγ-

223 5585 450 5655 γελικδς,
484 5593 513 5645 ό
549 5592 706 5663 μόνος
743 5592 891 5663 ἡμᾶς
920 5592 1067 5661 ἄγων
1098 5592 1179 5655 είς
1210 5592 1309 5663 τὴν
1351 5593 1672 5664 ἐπουράνιον
1704 5594 1793 5646 πό-

224 5684 319 5734 λιν·
352 5683 408 5735 ἐν
500 5685 777 5757 γενόμενοι
812 5685 874 5738 τὸ
908 5686 1327 5757 κατοικητήριον
1365 5684 1520 5757 ἡμῶν
1565 5687 1791 5759 εὑρήσο-

224 5790 350 5843 μεν;
402 5775 1092 5847 Ἐξομολογησάσθωσαγ
1152 5776 1231 5843 τῷ
1284 5778 1476 5845 Κυρίῳ
1533 5777 1604 5830 τὰ
1647 5777 1798 5831 ὲλέπ

290 5956 333 5989 ’⁵
377 5955 542 6012 Amos
575 5973 706 6021 vm,
747 5960 803 6012 il
832 5998 848 6021 ,
890 5960 975 6012 12.

509 6054 780 6117 ΡΑΤιιοι..
820 6056 937 6119 Gn.
979 6055 1213 6117 XXIII.

1916 3190 1986 3245 Et
2013 3192 2379 3246 clamauerunt
2417 3191 2486 3245 ad
2518 3192 2803 3246 Dominum
2839 3208 2959 3245 cum
2990 3190 3397 3261 tribularentur,
3441 3204 3491 3249 et

1902 3285 2313 3353 necessitatibus
2347 3300 2531 3338 eorum
2559 3286 2750 3354 eripuit
2775 3301 2882 3339 eos.
2912 3284 3113 3341 Gentes
3146 3300 3338 3343 omnes
3366 3301 3489 3341 cum

1911 3375 1969 3430 in
2007 3376 2225 3433 deserto
2253 3386 2308 3431 et
2356 3377 2625 3446 inaquoso
2670 3385 2941 3442 errarent,
2976 3385 3138 3450 atque
3174 3378 3355 3433 anima
3399 3393 3488 3435 ea-

1910 3483 2032 3523 rum
2089 3485 2156 3524 ex
2203 3470 2433 3540 penuria
2481 3470 2805 3526 salutarium
2852 3471 3144 3527 verborum
3208 3471 3487 3537 deﬁceret,

1909 3558 2219 3613 clamabant
2262 3560 2329 3615 ad
2379 3558 2550 3615 Deum
2605 3562 3011 3632 supplicantes,
3062 3574 3122 3617 ut
3178 3563 3486 3619 communis

1908 3651 2166 3707 omnibus
2211 3651 2471 3707 Servator
2512 3654 2825 3709 mitteretur
2855 3674 2867 3709 :
2899 3654 2969 3708 Et
3022 3654 3380 3709 clamauerunt
3415 3656 3485 3711 ad

1912 3741 2192 3798 Dominum
2220 3761 2336 3799 cum
2373 3745 2777 3801 tribularentur.
2821 3746 3064 3818 Captivis
3102 3748 3481 3814 condolentes,

1905 3850 1970 3891 ac
2000 3851 2128 3907 erga
2169 3837 2421 3893 sitientes
2452 3846 2506 3892 et
2551 3852 2661 3909 prae
2693 3837 2800 3892 cibi
2856 3839 3086 3908 penuria
3136 3838 3321 3894 animo
3348 3840 3480 3896 deli-

1906 3926 2115 3981 cientes
2142 3927 2521 3983 misericordia
2546 3928 2701 3995 moti,
2734 3927 3046 3982 clamabant
3077 3930 3179 3999 ipsi
3208 3938 3264 3985 et
3284 3930 3479 3985 vocife-

1903 4018 2169 4073 rabantur
2189 4018 2256 4073 ad
2278 4017 2589 4083 Dominum,
2614 4034 2714 4089 pro
2738 4020 2854 4075 suis
2876 4019 3077 4090 singuli
3100 4020 3477 4092 deprecantes.

1974 4278 2140 4334 Vens.
2171 4279 2222 4341 7,
2256 4279 2308 4332 8.
2354 4277 2422 4331 Et
2441 4278 2659 4333 deduxit
2678 4296 2764 4334 eos
2789 4282 2842 4334 in
2862 4282 3000 4336 viam
3021 4294 3237 4354 rectam,
3260 4298 3318 4342 ut
3340 4289 3476 4345 irent

1900 4367 1953 4420 in
1982 4370 2243 4422 civitatem
2277 4369 2642 4424 habitationis.
2669 4368 3037 4440 Conﬁteantur
3066 4375 3291 4432 Domino
3320 4381 3476 4434 mise-

1901 4461 2147 4515 ricordia:
2187 4462 2323 4531 ejus,
2355 4470 2403 4515 et
2433 4461 2704 4515 mirabilia
2740 4462 2855 4532 ejus
2897 4464 3027 4533 ﬁliis
3071 4467 3361 4524 hominum.
3395 4469 3474 4525 Illi

1901 4554 2169 4624 siquidem
2203 4564 2528 4609 erraverunt
2562 4555 2619 4608 in
2662 4562 2810 4610 terra
2842 4555 3059 4611 deserta
3095 4569 3148 4614 et
3185 4561 3473 4632 inaquosa,

1900 4648 2002 4701 hac
2034 4649 2207 4718 prima
2236 4648 2586 4718 aegritudine,
2618 4651 2828 4705 erroris
2863 4653 3093 4713 scilicet,
3138 4653 3472 4713 laborantes.

1897 4739 2037 4794 Hine
2061 4741 2116 4793 in
2147 4740 2446 4795 secundum
2478 4742 2679 4796 malum
2704 4741 2932 4812 delapsi,
2958 4745 3099 4798 viain
3132 4748 3391 4812 civitatis,
3418 4750 3471 4803 in

1896 4848 2001 4903 qua
2035 4834 2368 4897 habitarent,
2401 4848 2511 4887 non
2558 4835 2887 4890 invenerunt
2921 4854 2934 4890 :
2964 4851 3029 4891 ac
3059 4839 3280 4892 tertium
3324 4842 3471 4912 ipsos

1896 4926 2101 4979 malum
2136 4926 2358 4989 invasit,
2394 4926 2523 4995 quia
2557 4926 2874 4981 csuriebant
2902 4933 2957 4982 et
2990 4928 3269 4995 sitiebant,
3314 4932 3389 4987 ita
3415 4944 3469 4989 ut

1896 5018 2075 5070 anima
2126 5033 2314 5072 eorum
2362 5017 2418 5070 in
2464 5017 2601 5087 ipsis
2649 5017 2925 5075 deﬁceret.
2968 5018 3244 5093 Benignus
3292 5036 3468 5083 autem

1897 5102 2047 5165 Deus
2074 5125 2139 5163 ac
2181 5111 2359 5165 bonus
2392 5109 2664 5175 Salvator,
2691 5111 2868 5180 primo
2891 5112 3108 5183 quidem
3133 5116 3357 5171 deduxit
3376 5135 3467 5177 eos

1896 5201 1949 5255 in
1991 5203 2133 5256 viam
2180 5210 2423 5270 rectam;
2474 5202 2671 5258 deinde
2713 5203 2901 5259 docuit
2947 5220 3044 5260 eos
3072 5221 3182 5277 quo
3214 5218 3377 5278 pacto
3415 5213 3466 5267 in

1894 5300 1980 5353 via
2020 5297 2087 5351 ad
2118 5297 2396 5352 civitatem
2448 5297 2746 5353 habitaculi
2790 5296 3047 5365 ducente,
3087 5301 3463 5371 graderentur.

1893 5390 2079 5461 Ecqua
2122 5404 2254 5445 vero
2290 5390 2381 5444 illa
2434 5398 2586 5445 recta
2628 5389 2718 5444 via
2776 5389 2980 5454 fuerit,
3039 5390 3146 5446 nisi
3210 5393 3461 5452 salutaris

1893 5499 2075 5542 sermo
2105 5483 2477 5554 evangelicus,
2510 5482 2605 5553 qui
2636 5482 2788 5538 solus
2830 5497 2932 5538 nos
2961 5482 3030 5537 ad
3059 5486 3337 5541 caelestem
3374 5489 3460 5544 du-

1894 5578 1970 5634 cit
1995 5578 2309 5645 civitatem;
2361 5576 2415 5630 in
2445 5590 2554 5647 qua
2589 5576 2897 5642 constituti,
2940 5576 3311 5633 habitaculum
3363 5597 3457 5637 no.

1893 5679 2066 5727 strum
2094 5669 2476 5741 reperiemus?
2508 5668 2877 5739 Conﬁteantur
2905 5668 3133 5725 Domino
3169 5672 3457 5728 misericor-

1893 5765 1996 5820 dia:
2025 5766 2160 5836 ejus,
2204 5771 2255 5819 et
2295 5761 2567 5817 mirabilia
2599 5762 2713 5834 ejus
2753 5764 2883 5834 [iliis
2928 5762 3198 5819 hominum
3224 5782 3242 5819 :
3272 5767 3455 5837 praedia

3074 6047 3150 6108 (si
