3992 6404
283 458 308 510 1
319 456 423 510 59.5

1385 449 1891 507 COMMENTARIA
1930 449 1997 504 IN
2037 448 2376 507 PSALMOS.

3411 448 3549 509 i596

279 565 467 636 ψυχῶν
499 564 767 635 σωτήριον
812 562 1039 636 τροφὴν,
1082 562 1309 626 εἰκότως
1342 563 1671 628 ἀποσταλεὶς
1699 566 1728 618 ὁ
1764 564 1857 617 τοῦ

1965 564 2263 621 salutarem
2285 578 2469 620 escam
2504 566 2920 631 aversabantur,
2963 564 3161 622 merito
3188 566 3394 625 missus
3427 571 3551 624 uni-

279 656 416 710 Θεοῦ
444 657 740 727 μονογενὴς
770 657 898 719 Υἱὸς
929 656 1090 728 μέχρι
1120 654 1229 708 τῶν
1271 655 1367 708 τοῦ
1408 655 1638 710 θανάτου
1680 657 1864 710 πυλῶν

282 749 507 820 ἔφθασε,
539 748 846 821 σαρκωθεὶς
875 750 969 802 καὶ
997 748 1445 820 ὲνανθρωπήσας,
1493 752 1653 821 χεῖρα
1695 768 1865 821 σωτη-

283 842 405 913 ρίας
428 839 623 913 ὀρέξας
657 841 753 894 καὶ
784 843 897 903 τοῖς
918 840 1098 912 μέχρι
1142 839 1329 893 τούτου
1378 841 1861 906 καταπεπτωκόσι,

279 935 377 989 καὶ
414 933 553 1006 πρὸς
593 932 756 987 αὐτὸν
788 931 1146 1003 ἀναϐοήσασι.
1198 931 1310 983 Καὶ
1350 930 1684 1000 ὲκέκραξαν
1712 932 1865 1001 πρὸς

279 1030 501 1097 Κύριον
523 1028 594 1081 ἐν
614 1026 694 1092 τῷ
719 1027 1029 1081 θλίϐεσθαι
1052 1024 1294 1091 αὐτοὺς,
1334 1024 1433 1079 καὶ
1456 1025 1524 1078 ἐκ
1553 1025 1671 1078 τῶν
1693 1027 1865 1095 ἀναγ-

278 1118 404 1174 κῶν
431 1116 631 1171 αὐτῶν
653 1116 891 1171 ἔσωσεν
916 1118 1160 1183 αὐτούς.
1199 1115 1532 1170 Ἀπέστειλε
1556 1117 1662 1169 τὸν
1680 1118 1866 1188 λόγον

279 1211 488 1275 αὐτοῦ,
516 1210 614 1263 καὶ
650 1208 859 1263 ἰάσατο
883 1209 1136 1275 αὐτοὺς,
1188 1208 1287 1261 καὶ
1313 1209 1607 1277 ἐρρύσατο
1642 1209 1867 1276 αὐτοὺς

279 1309 350 1362 ἐκ
373 1306 494 1361 τῶν
529 1305 865 1376 διαφθορῶν
883 1305 1103 1361 αὐτῶν.
1162 1302 1867 1375 Ἐξομολογησάσθωσαν

279 1400 360 1467 ’τῷ
386 1400 579 1468 Κυρίῳ
608 1398 681 1453 τὰ
710 1398 852 1466 ἐλέη
877 1398 1084 1462 αὑτοῦ,
1119 1398 1219 1452 καὶ
1250 1399 1323 1453 τὰ
1348 1397 1650 1466 θαυμάσια
1678 1394 1865 1449 αὐτοῦ

279 1492 406 1559 τοῖς
430 1491 583 1557 υἱοῖς
620 1491 739 1545 τῶν
776 1489 1124 1559 ἀνθρώπων.
1168 1490 1279 1545 Kal
1312 1490 1675 1546 θυσάτωσαν
1702 1488 1865 1554 αὐτῷ

282 1582 505 1637 θυσίαν
538 1581 863 1648 αἰνέσεως,
911 1582 1008 1635 καὶ
1045 1581 1569 1652 ἐξαγγειλάτωσαν
1604 1582 1679 1637 τὰ
1722 1580 1866 1649 ἔργα

278 1673 467 1728 αὑτοῦ
496 1673 568 1727 ἐν
596 1674 976 1743 ἀγαλλιάσει,
1026 1677 1081 1728 οὶ
1126 1675 1589 1740 καταϐαίνοντες
1633 1676 1720 1741 είς
1766 1672 1865 1727 θά-

278 1768 528 1822 λασσαν
553 1766 624 1821 ἐν
647 1767 912 1833 πλοίοις,
939 1766 1258 1833 ποιοῦντες
1287 1767 1577 1837 ἐργασίαν
1588 1766 1658 1819 ἐν
1683 1764 1865 1820 ὕδασι

280 1857 557 1925 πολλοῖς.
610 1858 1011 1929 Μνημονεύσας
1048 1860 1077 1911 ό
1128 1857 1286 1927 λόγος
1333 1857 1433 1927 τῆς
1480 1856 1717 1926 ἀφίξεως
1768 1855 1863 1910 τοῦ

278 1946 571 2019 Λυτρωτοῦ
629 1948 724 2001 καὶ
779 1946 1064 2017 Σωτῆρος,
1122 1947 1191 2001 δι’
1244 1939 1305 2001 οὗ
1361 1948 1431 2001 τὰ
1485 1947 1864 2018 προλεγόμενα

282 2038 461 2092 πάντα
499 2037 878 2110 κατώρθωται,
935 2039 1063 2110 ἑξῆς
1115 2040 1377 2093 συνάπτει
1432 2039 1531 2110 τὴν
1577 2040 1705 2111 περὶ
1755 2038 1862 2093 τῶν

280 2128 594 2184 ἀποστόλων
645 2129 810 2184 αὐτοῦ
855 2130 1214 2200 προφητείαν.
1277 2130 1444 2183 Αὐτοὶ
1483 2131 1593 2202 γὰρ
1634 2126 1776 2202 ἦσαν
1810 2132 1861 2184 οἱ

279 2222 697 2287 καταϐαίνοντες
729 2225 809 2287 είς
838 2223 1114 2277 θάλασσαν
1162 2225 1219 2276 ὲν
1268 2223 1493 2288 πλοίοις,
1540 2222 1723 2294 ῥητῶς
1768 2225 1861 2278 καὶ

278 2314 422 2369 κατὰ
454 2314 598 2381 λέξιν
619 2332 632 2346 °
670 2315 861 2387 ὥσπερ
888 2305 982 2370 οὖν
1013 2317 1046 2387 ὴ
1098 2315 1218 2369 θεία
1245 2316 1437 2388 Γραφὴ
1477 2315 1584 2370 τῶν
1614 2316 1861 2385 Εὐαγγε-

280 2408 412 2461 λίων
447 2410 733 2480 μαρτυρεῖ.
777 2406 1083 2477 Τοιγαροῦν
1114 2406 1223 2460 τῶν
1266 2407 1581 2461 ἀποστόλων
1626 2406 1858 2461 καὶτῶν

280 2501 399 2573 ἅμα
419 2500 602 2564 αὐτοῖς
628 2501 663 2571 ἡ
691 2497 943 2571 παροῦσα
966 2499 1273 2575 προφητεία
1288 2500 1389 2569 τὴν
1414 2500 1634 2571 μνήμην
1655 2498 1860 2571 σφόδρα

278 2593 589 2659 ἀκολούθως
624 2592 829 2664 συνῆψε
868 2595 933 2664 τῇ
964 2592 1071 2661 ζτοῦ
1117 2591 1253 2645 Θεοῦ
1303 2591 1478 2673 Λόγου
1518 2593 1598 2656 είς
1644 2589 1857 2662 ἀνθρώ-

1966 659 2183 728 genitus
2207 656 2302 713 Dei
2324 656 2520 723 Filius,
2540 673 2707 714 carne
2722 666 2777 714 et
2794 660 3031 714 humana
3052 667 3247 715 natura
3275 670 3548 733 suscepta,

1965 744 2034 800 ad
2064 752 2253 816 portas
2295 762 2469 816 usque
2489 748 2684 803 mortis
2715 748 3019 818 profectus,
3052 749 3141 813 iis,
3187 749 3281 821 qui
3308 765 3553 822 eousque

1966 836 2283 893 deciderant
2302 846 2355 892 et
2381 839 2445 892 ad
2478 840 2653 909 ipsum
2678 841 3072 907 clamaverant,
3101 842 3297 898 salutis
3326 858 3554 898 manum

1966 931 2229 1000 porrexit.
2266 931 2333 984 Et
2375 932 2734 987 clamaverunt
2780 934 2850 988 ad
2888 934 3174 990 Dominum
3214 954 3333 992 cum
3386 937 3553 991 tribu-

1968 1021 2243 1088 larentur,
2279 1032 2327 1077 et
2372 1023 2436 1079 de
2476 1026 2874 1081 necessitatibus
2918 1043 3101 1082 eorum
3152 1028 3392 1084 liberavit
3439 1046 3549 1086 eos.

1967 1114 2121 1169 Misit
2163 1115 2384 1170 Verbum
2420 1133 2575 1172 suum
2609 1126 2658 1173 et
2686 1120 2897 1173 sanavit
2926 1136 3035 1185 eos,
3067 1128 3117 1174 et
3152 1121 3341 1189 eripuit
3372 1138 3459 1177 eos
3488 1121 3553 1176 de

1966 1207 2360 1263 interitionibus
2399 1226 2602 1266 eorum.
2638 1209 3025 1280 .Conﬁteantur
3066 1212 3295 1268 Domino
3344 1215 3553 1269 miseri-

1966 1300 2165 1355 cordite
2186 1300 2326 1370 ejus,
2356 1310 2405 1355 et
2440 1302 2711 1357 mirabilia
2732 1303 2845 1373 ejus
2871 1304 3000 1373 ﬁliis
3038 1304 3330 1362 hominum.
3367 1305 3438 1361 Et
3461 1324 3553 1362 sa-

1968 1395 2206 1463 criﬁcent
2240 1396 2289 1449 ei
2332 1396 2658 1466 sacri/icium
2690 1396 2889 1462 laudis,
2937 1407 2987 1452 et
3034 1400 3348 1454 annuntient
3393 1416 3553 1470 opera

1966 1485 2082 1555 ejus
2118 1486 2175 1539 in
2197 1486 2574 1551 exsultatione,
2594 1488 2683 1558 qui
2712 1486 3033 1542 descendunt
3057 1504 3203 1542 mare
3224 1490 3279 1542 in
3308 1490 3548 1556 navibus,

1968 1577 2225 1646 facientes
2265 1580 2621 1646 operationem
2647 1579 2703 1633 in
2736 1581 2888 1649 aquis
2913 1580 3116 1634 multis.
3150 1580 3287 1636 Cum
3318 1580 3552 1638 Redem-

1966 1667 2144 1737 ptoris
2176 1674 2231 1723 et
2263 1666 2573 1723 Servatoris
2595 1667 2890 1724 adventum
2919 1681 3424 1736 commemorasset,
3454 1688 3551 1743 per

1967 1774 2132 1830 quem
2159 1758 2421 1830 praedicta
2452 1761 2636 1815 omnia
2668 1760 2815 1816 edita
2834 1760 3054 1817 fuerant
3085 1782 3099 1818 :
3133 1762 3332 1820 deinde
3361 1765 3554 1835 adjicit

1970 1852 2038 1907 de
2073 1852 2338 1922 apostolis
2392 1852 2568 1923 ipsius
2606 1853 2947 1910 vaticinium.
2983 1856 3091 1927 Ipsi
3114 1873 3350 1929 namque
3394 1870 3554 1914 erant

1969 1945 2062 2015 qui
2095 1944 2505 2002 descendebant
2540 1961 2692 2003 mare
2720 1947 2777 2001 in
2802 1948 3056 2025 navibus,
3080 1950 3244 2022 idque
3259 1968 3385 2008 vere
3403 1962 3458 2009 et
3483 1955 3552 2008 ad

1969 2037 2234 2102 litteram,
2260 2039 2718 2108 quemadmodum
2748 2040 2932 2096 divina
2957 2040 3377 2115 Evangeliorum
3398 2044 3551 2100 Scri-

1968 2140 2130 2204 ptura
2158 2124 2510 2189 testificatur.
2553 2120 2944 2207 Apostolorum
2972 2138 3155 2210 itaque
3192 2140 3551 2213 ipsorumque

1967 2224 2231 2279 comitum
2274 2227 2609 2303 mentionem
2668 2227 2963 2285 admodum
3024 2244 3393 2304 congruenter
3432 2235 3550 2291 hazc

1967 2313 2252 2388 Scriptura
2281 2317 2378 2375 Dei
2402 2317 2565 2375 Verbi
2589 2319 2658 2375 ad
2678 2320 2929 2400 homines
2950 2324 3207 2380 adventui
3241 2327 3546 2398 subiunxit.

1964 2408 2036 2464 At
2075 2410 2220 2465 enim
2255 2411 2365 2468 illis
2399 2411 2535 2483 ipsis
2575 2428 2715 2469 nova
2751 2413 2887 2471 Novi
2929 2415 3267 2474 Testamenti
3290 2421 3549 2491 mysteria

1964 2518 2228 2577 peragere
2258 2505 2517 2576 praecepit
2542 2506 2735 2563 dicens
2761 2526 2775 2563 :
2803 2508 2874 2563 Et
2896 2511 3198 2581 sacriﬁcent
3221 2513 3549 2582 sacri/icium

1966 2595 2235 2665 laudis,et
2258 2600 2571 2653 annuntient
2600 2615 2759 2670 opera
2792 2601 2909 2670 ejus
2939 2604 2994 2657 in
3026 2603 3404 2661 exsultatione.

279 2699 415 2748 πους
447 2685 741 2756 παρουσίᾳ.
792 2685 987 2749 Αὑτοῖς
1039 2684 1329 2757 τοιγαροῦν
1368 2685 1579 2749 τούτοις
1609 2685 1705 2738 καὶ
1736 2682 1807 2736 τὰ
1833 2683 1928 2739 νέα
1983 2690 2259 2762 μυστήρια
2313 2690 2414 2761 τῆς
2442 2691 2648 2763 Καινῆς
2691 2692 2967 2764 Διαθήκης
3005 2694 3265 2765 πράττειν
3313 2711 3550 2765 παρεκεο

278 2776 485 2843 λεύετο,
522 2779 722 2849 λέγων’
771 2778 881 2833 Kal
938 2778 1303 2834 θυσάτωσαν
1324 2779 1545 2835 θυσίαν
1565 2776 1870 2845 αἰνέσεως,
1897 2780 1998 2835 καὶ
2041 2782 2563 2854 ἐξαγγειλάτωσαν
2594 2786 2666 2843 τὰ
2699 2787 2842 2856 ἔργα
2896 2787 3082 2842 αὑτοῦ
3133 2788 3205 2842 ἐν
3254 2785 3544 2843 ἀγαλλιά-

278 2886 397 2928 σει.

345 2982 516 3050 Eine,
549 2986 646 3041 καὶ
672 2986 823 3056 ἔστη
851 2986 1087 3057 πνεῦμα
1114 2984 1475 3057 καταιγίδος,
1511 2984 1609 3039 καὶ
1646 2983 1856 3054 ὑψώθη

280 3077 353 3132 τὰ
388 3079 622 3148 κύματα
659 3078 871 3147 αὐτῆς.
916 3079 1366 3133 Ἆναϐαίνουσιν
1402 3078 1513 3144 ἕως
1544 3076 1663 3132 τῶν
1687 3079 1863 3148 οὐρα-

279 3168 403 3224 νῶν
423 3170 524 3225 καὶ
544 3173 1013 3227 καταϐαίνουσιν
1025 3171 1135 3237 ἕως
1158 3169 1279 3225 τῶν
1297 3171 1603 3237 ἀϐύσσων,
1632 3172 1671 3240 ή
1687 3169 1859 3240 ψυχὴ
1887 3202 1930 3261 C

280 3262 481 3319 αὐτῶν
519 3265 592 3319 ἐν
635 3265 842 3332 κακοῖς
872 3264 1140 3333 ἐτήκετο.
1195 3264 1668 3335 Ἐταράχυησαν,
1718 3266 1860 3320 ἐσα-

280 3357 593 3424 λεύθησαν
615 3357 695 3423 ὡς
721 3360 754 3411 ὀ
780 3358 1038 3427 μεθύων,
1066 3356 1163 3411 καὶ
1197 3356 1367 3413 πᾶσα
1393 3358 1431 3425 ἡ
1455 3357 1641 3425 σοφία
1662 3355 1862 3410 αὐτῶν

280 3452 603 3522 κατεπόθη.
658 3453 770 3507 Καὶ
820 3453 1156 3523 ἐκέκραξαν
1206 3453 1357 3522 πρὸς
1400 3454 1622 3521 Κύριον
1662 3453 1734 3507 ἐν
1778 3453 1862 3519 τῷ

281 3544 591 3597 θλίϐεσθαι
607 3544 848 3611 αὐτοὺς,
867 3546 967 3599 καὶ
990 3543 1057 3598 ἐκ
1081 3544 1199 3598 τῶν
1213 3545 1492 3614 ἀναγκῶν
1524 3544 1725 3599 αὐτῶν
1764 3544 1863 3609 ἐξ·

283 3632 511 3704 ήγαγεν
550 3636 792 3701 αὐτούς.
825 3636 937 3689 Kal
976 3636 1237 3701 ἐπάταξε
1287 3634 1361 3705 τῇ
1393 3636 1708 3706 καταιγίδι,
1762 3636 1861 3690 καὶ

281 3722 431 3792 ἔστη
465 3726 551 3791 εὶς
576 3724 791 3801 αὔραν,
829 3725 929 3779 καὶ
955 3726 1257 3795 ἐσίγησαν
1282 3727 1355 3780 τὰ
1387 3726 1621 3795 κύματα
1648 3724 1858 3794 αὐτῆς.

284 3815 471 3870 Ταῦτα
527 3817 883 3890 προφητικῶς
933 3818 1297 3891 θεσπιζόμενα
1334 3818 1636 3890 ἐπληροῦτο
1685 3817 1863 3888 ῥητῶς

285 3911 379 3964 καὶ
416 3910 553 3980 πρὸς
607 3909 751 3974 λέξιν
788 3928 801 3941 °
853 3910 962 3965 τῶν
1008 3911 1116 3984 γὰρ
1170 3910 1427 3983 μαθητῶν
1469 3910 1562 3964 τοῦ
1612 3911 1863 3981 Σωτῆρος

282 4002 441 4074 ἡμῶν
485 3990 830 4075 ἐμπλεόντων
868 4006 963 4058 σὺν
999 4002 1167 4075 αὐτῷ,
1208 4002 1479 4072 σεισμὸς,
1514 4003 1699 4074 φησὶν,
1740 4002 1866 4073 ἐγέ-

280 4098 416 4148 νετο
445 4094 637 4165 μέγας
658 4096 728 4150 ἐν
755 4095 830 4164 τῇ
851 4096 1156 4165 θαλάσσῃ,
1202 4095 1359 4150 ὥστε
1394 4096 1458 4149 τὸ
1493 4094 1711 4149 πλοῖον
1758 4110 1863 4147 κα-

278 4176 616 4243 λύπτεσθαι
640 4182 759 4244 ὑπὸ
794 4188 914 4241 τῶν
939 4187 1240 4258 κυμάτων.
1279 4188 1340 4241 Οἱ
1368 4187 1425 4240 δὲ
1461 4186 1863 4259 προσπεσόντες

279 4274 429 4333 εἷπον
462 4278 609 4350 αὐτῷ
629 4297 641 4310 ·
677 4281 881 4348 Κύριε,
916 4277 1125 4333 σῶσον
1146 4277 1323 4348 ἡμᾶς,
1365 4277 1774 4347 ἀπολλύμεθα.
1804 4277 1863 4330 Ὀ

278 4368 335 4423 δὲ
366 4368 504 4443 πρὸς
535 4371 733 4435 αὐτοὺς
794 4374 1011 4443 φήσαςο
1068 4372 1128 4426 Τί
1165 4370 1353 4425 δειλοί
1399 4372 1560 4437 ἐστε,
1606 4373 1864 4440 ὀλιγόπι-

278 4477 446 4526 στοι;
495 4463 823 4532 ἐπετίμησε
866 4462 991 4528 τοῖς
1016 4460 1255 4532 ἀνέμοις
1289 4462 1385 4515 καὶ
1435 4460 1513 4531 τῇ
1551 4461 1860 4531 θαλάσσῃ,

2040 2984 2212 3043 Vens.
2272 2987 2462 3044 25-40.
2533 2990 2690 3045 Dixit
2745 3000 2796 3045 et
2834 2991 2978 3045 stetit
3018 2991 3235 3059 spiritus
3277 2994 3544 3061 procellae,

1966 3087 2016 3133 et
2047 3078 2274 3134 exaltati
2322 3090 2447 3135 sunt
2496 3082 2689 3151 ﬂuctus
2718 3084 2853 3152 ejus.
2910 3082 3211 3137 Ascendunt
3263 3100 3425 3155 usque
3478 3086 3548 3139 ad

1967 3169 2125 3224 ccelos
2165 3179 2216 3225 et
2243 3170 2563 3226 descendunt
2591 3190 2755 3243 usque
2785 3172 2855 3227 ad
2884 3171 3123 3244 abyssos,
3159 3174 3339 3228 anima
3366 3191 3549 3230 eorum

1963 3264 2019 3316 in
2046 3262 2203 3317 malis
2234 3263 2551 3320 tabescebat.
2582 3264 2806 3339 Turbati
2831 3275 2975 3334 sunt,
2999 3267 3248 3321 commoti
3265 3276 3388 3322 sunt
3412 3268 3552 3323 sicut

1960 3354 2159 3421 ebrius,
2190 3365 2239 3410 et
2270 3357 2441 3411 omnis
2490 3358 2756 3427 sapientia
2804 3374 2988 3413 eorum
3029 3359 3281 3414 devorata
3324 3373 3423 3415 est.
3482 3358 3549 3412 Et

1962 3447 2325 3502 clamaverunt
2373 3449 2442 3502 ad
2482 3448 2782 3504 Dominum
2801 3466 2921 3504 cum
2960 3450 3369 3518 tribularentur,
3398 3460 3451 3506 et
3484 3451 3550 3506 de

1962 3541 2364 3595 necessitatibus
2407 3558 2588 3596 eorum
2640 3541 2829 3597 eduxit
2876 3559 2983 3597 eos.
3022 3540 3092 3597 Et
3138 3540 3550 3614 percussit'pro-

1964 3632 2174 3696 cellam,
2200 3644 2249 3687 et
2283 3634 2429 3688 stetit
2459 3635 2515 3688 in
2543 3650 2754 3699 auram,
2785 3643 2836 3689 et
2874 3635 3138 3689 siluerunt
3181 3635 3373 3704 ﬂuctus
3407 3635 3544 3705 ejus.

1966 3723 2095 3779 Haec
2129 3725 2447 3795 prophetice
2491 3725 2855 3795 praenuntiata
2885 3727 3068 3796 reipsa
3122 3733 3177 3781 et
3209 3726 3274 3781 ad
3309 3725 3546 3781 litteram

1964 3816 2186 3887 impleta
2212 3826 2358 3873 sunt.
2392 3817 2526 3872 Nam
2568 3832 2692 3873 cum
2732 3818 2987 3889 discipuli
3039 3817 3339 3874 Salvatoris
3371 3819 3544 3872 nostri

1965 3924 2090 3964 cum
2122 3910 2244 3980 ipso
2274 3911 2618 3981 navigarent,
2653 3919 2850 3975 motus,
2880 3910 3078 3981 inquit,
3119 3928 3340 3981 magnus
3369 3910 3545 3980 factus

1964 4010 2043 4055 est
2062 4002 2118 4055 in
2141 4003 2298 4069 mari,
2320 4004 2397 4056 ita
2427 4013 2488 4056 ut
2508 4002 2752 4056 navicula
2780 4004 3069 4071 operiretur
3085 4003 3337 4072 ﬂuctibus
3359 4003 3425 4060 ⁷⁸.
3464 4001 3547 4056 Illi

1963 4108 2095 4147 vero
2124 4094 2547 4163 procumbentes
2576 4093 2830 4148 dicebant
2852 4093 2902 4147 ei
2943 4107 2959 4148 :
2992 4093 3234 4157 Domine,
3260 4092 3409 4147 salva
3425 4109 3543 4153 nos.

1964 4168 2219 4254 perimus.
2252 4185 2346 4240 llle
2369 4200 2501 4240 vero
2532 4200 2657 4240 cum
2692 4183 2924 4240 dixisset
2967 4204 2979 4238 :
3023 4184 3165 4252 Quid
3195 4185 3369 4238 timidi
3390 4185 3543 4245 estis,

1966 4278 2188 4332 modicae
2224 4277 2694 4347 ﬁdei?increpavit
2728 4286 2904 4333 ventos
2934 4286 2984 4331 et
3005 4293 3171 4340 mare,
3206 4286 3256 4330 et
3288 4276 3434 4346 facta
3464 4286 3545 4331 est

1968 4366 2331 4437 tranquillitas
2361 4384 2555 4437 magna
2573 4368 2639 4423 ⁷⁷.
2664 4366 2733 4421 Et
2755 4367 2999 4422 (celentur
3030 4369 3155 4438 quia
3183 4367 3463 4427 siluerunt.
3495 4376 3547 4421 et

1965 4459 2186 4516 deduxit
2216 4476 2304 4513 eos
2337 4459 2392 4513 in
2415 4471 2625 4529 portum
2669 4460 2955 4515 voluntatis
3001 4476 3132 4516 sua}.
3176 4460 3546 4529 Conﬁteantur

279 4555 376 4609 καὶ
405 4544 641 4624 ἐγένετο
660 4554 896 4625 γαλήνη
917 4552 1171 4624 μεγάλη.
1199 4553 1311 4609 Kal
1326 4546 1856 4623 ebgparﬂrjcwo'ar,

1970 4555 2192 4608 Domino
2240 4553 2623 4609 misericordia:
2668 4554 2818 4624 ejus,
2863 4564 2912 4608 et
2951 4554 3223 4609 mirabilia
3255 4555 3368 4624 ejus
3410 4556 3544 4625 ﬁliis

278 4646 368 4699 ὅτι
403 4649 752 4716 ἡσύχασαν,
793 4645 895 4701 καὶ
929 4645 1245 4715 ὡδήγησεν
1285 4646 1507 4711 αὐτοὺς
1534 4648 1622 4714 είς
1642 4647 1860 4717 λιμένα

277 4739 610 4809 θελήματος
635 4739 842 4794 αὐτοῦ.
892 4738 1588 4811 Ἐξομολογησάσθωσαν
1614 4739 1696 4806 τῷ
1742 4744 1859 4794 Κυ-

274 4830 383 4896 ρίῳ
405 4830 477 4885 τὰ
504 4824 648 4899 ὲλέη
670 4831 882 4895 αὐτοῦ,
916 4830 1016 4884 καὶ
1052 4830 1127 4885 τὰ
1165 4830 1469 4900 θαυμάσια
1513 4832 1700 4901 αὐτοῦ
1732 4831 1857 4897 τοῖς

276 4923 428 4989 υίοῒς
474 4921 594 4977 τῶν
638 4923 981 4991 ἀνθρώπων.
1047 4923 1497 4993 Ὑψωσάτωσαν
1551 4926 1739 4980 αὑτὸν
1786 4925 1856 4980 ἐν

276 5017 578 5085 ἐκκλησίᾳ
612 5016 786 5081 λαοῦ,
838 5016 937 5070 καὶ
1008 5016 1079 5069 ἐν
1124 5016 1381 5084 καθέδρᾳ
1425 5017 1856 5086 ιπρεσϐυτέρων

276 5108 694 5163 αἱνεσάτωσαν
712 5109 917 5163 αὐτόν-ε
961 5107 1350 5181 Ὁδηγηθέντες
1370 5110 1463 5162 ἐπὶ
1482 5109 1678 5181 λιμένα
1706 5109 1857 5181 θελή-

281 5216 450 5271 ματος
474 5200 639 5254 αὑτοῦ
661 5220 674 5232 ·
710 5203 795 5271 ἐφ’
824 5198 905 5265 οἷς
930 5202 958 5254 ό
983 5202 1141 5271 λόγος
1185 5203 1499 5272 ἀναγκαίως
1528 5203 1855 5275 προστάττει

274 5291 532 5364 τέταρτον
562 5292 703 5347 οὕτω
738 5293 801 5346 τὸ
830 5293 1267 5365 ἐξομολογεῖσθαι
1293 5293 1371 5366 τῷ
1404 5296 1617 5367 Κυρίῳ,
1650 5296 1743 5349 καὶ
1786 5294 1856 5349 τὰ

276 5380 402 5452 ἐλέη
435 5379 598 5435 αὐτοῦ
638 5381 728 5436 διὰ
754 5383 1020 5454 στόματος
1047 5384 1233 5455 φέρειν
1258 5401 1271 5414 ’
1307 5386 1593 5457 παρεγγυᾷ
1632 5386 1764 5440 πᾶσί
1794 5403 1854 5439 τε

275 5476 386 5539 τοῖς
412 5475 549 5538 υἱοῖς
577 5473 685 5528 τῶν
725 5474 1029 5546 ἀνθρώπων
1072 5476 1435 5546 ἀπαγγέλλειν
1464 5477 1535 5531 τὰ
1575 5478 1854 5550 θαυμάσια

276 5565 463 5620 αὐτοῦ.
495 5568 698 5621 Ἕθετο
736 5568 1041 5637 ποταμοὺς
1075 5570 1163 5634 εὶς
1211 5568 1536 5640 ἐρήμωσιν,
1583 5571 1683 5625 καὶ
1720 5571 1853 5637 ἐξό-

275 5656 423 5725 δους
476 5658 711 5713 ὑδάτων
761 5662 848 5726 είς
892 5659 1111 5729 δίψαν,
1170 5659 1288 5731 γῆν
1333 5666 1717 5733 καρποφόρον
1763 5668 1851 5731 εὶς

276 5749 475 5821 ἅλμην
503 5752 623 5807 ἀπὸ
666 5753 879 5819 κακίας
923 5752 1042 5807 τῶν
1085 5754 1528 5809 κατοικούντων
1555 5756 1627 5811 ἐν
1668 5755 1845 5825 αὐτῇ.

345 5908 390 5941 ’⁸
432 5908 621 5965 Matth.
656 5925 785 5975 vm,
821 5908 909 5967 24.
986 5911 1030 5943 ⁷⁷
1071 5909 1203 5967 ibid.
1242 5909 1345 5975 25,
1380 5910 1472 5966 26.

1963 4646 2253 4703 hominum.
2307 4644 2561 4700 Exaltent
2614 4662 2734 4700 eum
2779 4649 2833 4701 in
2884 4646 3105 4701 ecclesia
3149 4646 3350 4716 plebis,
3386 4656 3436 4701 et
3485 4648 3543 4701 in

1961 4737 2215 4793 cathedra
2266 4737 2531 4792 seniorum
2573 4737 2788 4792 laudent
2839 4754 2979 4792 eum.
3030 4737 3263 4792 Deducti
3304 4746 3437 4793 sunt
3484 4740 3542 4793 in

1960 4838 2180 4903 portum
2212 4831 2510 4885 voluntatis
2538 4829 2658 4900 ejus
2688 4850 2699 4884 :
2735 4844 2841 4901 qua
2886 4830 2954 4885 de
3001 4844 3170 4885 causa
3225 4829 3313 4886 hic
3343 4840 3543 4901 quarto

1956 4923 2218 4996 jubentur
2246 4921 2478 4978 Domino
2511 4924 2761 4978 conﬁteri
2807 4932 2861 4979 et
2896 4922 3308 4979 misericordias
3338 4923 3458 4994 ejus
3486 4926 3542 4979 in

1957 5034 2052 5075 ore
2106 5017 2270 5074 ferre.
2320 5018 2575 5089 Prmeipit
2615 5019 2747 5073 item
2788 5017 3043 5072 omnibus
3103 5017 3422 5071 hominibus
3477 5024 3539 5071 ut

1957 5107 2286 5163 annuntient
2322 5108 2596 5163 mirabilia
2625 5107 2765 5177 ejus.
2797 5106 2985 5161 Posuit
3010 5106 3237 5176 ﬂumina
3265 5106 3320 5160 in
3357 5105 3538 5161 deser-

1956 5211 2087 5261 tum.
2116 5210 2165 5255 et
2188 5202 2359 5256 exitus
2383 5215 2643 5272 aquarum
2667 5202 2723 5255 in
2767 5200 2934 5263 sitim,
2969 5208 3167 5253 terram
3204 5198 3537 5267 fructiferam

1954 5296 2009 5348 in
2038 5294 2358 5365 salsuginem
2391 5312 2423 5347 a
2453 5294 2665 5347 malitia
2694 5293 3111 5346 inhabitantium
3137 5292 3190 5345 in
3234 5308 3317 5347 ea.
3345 5289 3536 5345 Posuit

1953 5386 2217 5442 desertum
2241 5389 2296 5441 in
2326 5397 2515 5458 stagna
2541 5403 2820 5457 aquarum,
2850 5395 2900 5440 et
2939 5394 3137 5440 terram
3163 5386 3275 5439 sine
3305 5399 3446 5453 aqua
3478 5384 3534 5436 in

1960 5480 2134 5533 exitus
2180 5495 2463 5548 aquarum.
2503 5477 2573 5532 Et
2622 5477 2864 5532 habitare
2908 5477 3029 5546 fecit
3067 5475 3180 5529 illic
3225 5475 3533 5536 esurientes,

1958 5582 2009 5627 et
2048 5573 2431 5627 constituerunt
2458 5572 2698 5626 civitates
2741 5569 3111 5624 habitationis.
3136 5566 3204 5621 Et
3248 5567 3537 5621 seminave-

1958 5674 2083 5719 runt
2116 5680 2272 5736 agros
2302 5674 2353 5719 et
2381 5663 2756 5733 plantaverunt
2801 5664 2999 5727 vineas,
3041 5670 3091 5715 et
3134 5659 3369 5730 fecerunt
3422 5657 3539 5723 fru-

1956 5768 2097 5813 ctum
2144 5757 2530 5828 productionis.
2565 5755 2632 5811 Et
2679 5754 2943 5812 benedixit
2981 5754 3056 5809 eis
3102 5762 3152 5808 et
3194 5744 3541 5821 multiplicati
