3992 6404
462 439 596 495 15⁸2³7

1047 510 1065 520 -
1130 436 1399 495 EUSEBII
1436 434 1918 492 ClESARlENSlS
1958 432 2109 491 OPP.
2153 432 2335 488 PARS
2368 432 2457 488 Ill.
2498 463 2564 472 —
2602 426 3017 485 EXEGETICA.

3587 418 3606 471 I
3620 414 3739 469 3‘28

459 566 583 613 sunt
623 554 804 622 nimis,
854 561 903 609 et
952 552 1198 620 jumenta
1246 567 1427 605 eorum
1481 567 1584 604 non
1624 547 1930 604 minoravit.
1976 548 2044 600 Et

2154 548 2354 601 Ἕθετο
2377 544 2601 614 ἔρημον
2639 545 2727 608 εὶς
2758 542 2977 610 λίμνας
3016 537 3273 601 ὑδάτων,
3310 531 3426 605 γῆν
3454 529 3738 597 ἄνυδρον

459 654 618 719 pauci
652 648 785 717 facti
814 655 961 709 sunt,
994 654 1045 700 et
1073 646 1251 699 vexati
1282 652 1402 698 sunt
1446 661 1477 696 a
1510 644 1847 697 tribulatione
1876 644 2044 696 malo-

462 757 581 796 rum
604 749 655 793 et
683 738 886 793 dolore.
921 734 1113 804 Effusa
1141 744 1219 789 est
1252 736 1565 803 contemptio
1595 751 1753 805 super
1783 736 2042 804 principes

461 848 666 895 eorum,
699 841 749 885 et
797 845 982 885 errare
1012 829 1135 898 fecit
1174 844 1261 881 eos
1291 829 1345 880 in
1384 828 1560 892 invio,
1602 836 1651 881 et
1701 844 1804 882 non
1835 828 1889 881 in
1938 828 2043 880 via.

464 921 678 978 Etenim
718 920 959 975 Judaicaa
983 919 1161 991 gentis
1194 918 1485 973 multitudo
1516 920 1570 971 in
1613 927 1823 972 tantam
1867 919 2041 972 bono-

465 1028 589 1068 rum
632 1012 918 1082 penuriam
972 1010 1191 1065 redacta
1237 1018 1342 1075 est,
1405 1019 1463 1065 ut
1494 1012 1653 1080 pauci
1696 1025 1864 1080 penes
1897 1009 2047 1080 ipsos

467 1104 812 1173 reperiantur
854 1102 949 1173 qui
985 1100 1288 1157 secundum
1325 1099 1495 1156 Deum
1529 1102 1775 1172 prazclari
1803 1101 1931 1157 sint.
1970 1100 2048 1154 Ac

467 1203 582 1250 tota
616 1185 835 1267 quidem
871 1210 1059 1251 eorum
1093 1209 1226 1267 gens
1251 1210 1372 1265 quae
1406 1195 1461 1249 in
1490 1196 1594 1249 hoc
1624 1196 1883 1250 vaticinia
1912 1208 2048 1264 prte—

470 1287 794 1341 nuntiantur
841 1287 1127 1342 sustinuit.
1162 1285 1448 1357 Principes
1499 1294 1680 1341 autem
1726 1301 1955 1349 eorum,
1994 1293 2049 1339 et

468 1379 800 1449 patriarchae
817 1378 1065 1449 quidam,
1090 1378 1427 1441 sacerdotes,
1469 1378 1883 1450 legisdoctores,
1909 1375 2047 1432 Sad—

470 1469 700 1537 ducczei,
738 1468 945 1525 Scriba:
977 1476 1031 1525 et
1060 1467 1323 1525 Pharistei
1354 1470 1561 1540 pudore
1585 1469 1779 1524 suﬂ'usi
1810 1476 1959 1535 sunt,
1992 1468 2047 1522 in

469 1568 957 1631 contemptumque
1007 1559 1227 1626 traditi;
1290 1568 1481 1628 utpote
1532 1562 1662 1631 qui,
1700 1560 1882 1615 vocati
1919 1572 2045 1612 cum

471 1658 657 1705 essent
682 1649 749 1703 ad
780 1651 920 1703 viam
952 1657 1177 1712 rectam,
1202 1649 1350 1702 illam
1374 1650 1707 1719 respuerint.

2152 640 2241 704 εις
2280 635 2586 703 διεξόδους
2618 634 2874 689 ὑδάτων.
2922 631 3034 686 Kal
3078 628 3412 694 κατῴκισεν
3440 623 3565 678 ἐκεῖ
3604 638 3741 674 πει-

2143 729 2395 796 νῶντας,
2426 728 2526 781 καὶ
2566 726 3031 795 συνεστήσαντο
3064 723 3273 787 πόλεις
3314 715 3734 779 κατοικεσὰις.

2146 822 2254 877 Kal
2281 820 2572 887 ἔσπειραν
2601 817 2820 888 ἀγροὺς
2842 815 2939 869 καὶ
2974 815 3317 883 ἐφύτευσαν
3338 805 3736 879 ἀμπελῶνας,

2146 913 2243 967 καὶ
2291 911 2590 977 ἐποίησαν
2625 906 2860 976 καρπὸν
2901 904 3290 976 γεννήματος.
3342 899 3451 955 Kal
3481 899 3740 965 sexum-

2147 1018 2259 1057 σεν
2294 1000 2517 1065 αὐτοὺς
2562 998 2660 1052 καὶ
2711 997 3181 1065 ἐπληθύνθησαν
3219 990 3477 1060 σφόδρα,
3526 987 3629 1039 καὶ
3662 984 3738 1037 τὰ

2150 1093 2342 1159 κτήνη
2376 1090 2573 1145 αὐτῶν
2612 1091 2723 1143 οὐκ
2748 1089 3131 1159 ἐσμίκρυνεν.
3184 1084 3294 1140 Kal
3337 1080 3739 1151 ἀλλιγώθησαν

2150 1185 2249 1239 καὶ
2267 1181 2659 1249 ἐκακώθησαν
2679 1180 2797 1235 ἀπὸ
2822 1181 3083 1248 θλίψεως
3120 1174 3325 1230 κακῶν
3351 1173 3448 1226 καὶ
3480 1172 3734 1237 ὀδύνης.

2163 1276 2445 1345 Ἐξεχύθη
2477 1272 2877 1338 ἐξουδένωσις
2913 1272 3007 1324 ἐπ’
3035 1270 3334 1339 ἄρχοντας
3371 1263 3596 1330 αὐτῶν,
3632 1262 3735 1315 καὶ

2150 1367 2501 1436 ἐπλάνησεν
2538 1366 2760 1430 αὐτοὺς
2800 1365 2871 1417 ἐν
2912 1363 3143 1430 ἀϐάτῳ,
3179 1361 3278 1415 καὶ
3310 1362 3422 1428 οὐχ
3459 1355 3602 1421 όδῷ.
3660 1348 3737 1406 Th

2157 1457 2254 1529 μὲν
2282 1456 2392 1529 γὰρ
2438 1456 2641 1527 πλῆθος
2673 1454 2767 1507 τοῦ
2808 1453 3074 1507 Ἰουδαίων
3118 1452 3305 1514 ἔθνους
3338 1453 3417 1513 εἰς
3458 1446 3736 1515 τοσαύτην

2153 1551 2356 1621 ἤλασεν
2404 1549 2625 1618 ἀγαθῶν
2669 1547 2884 1612 σπάνιν,
2941 1547 3016 1611 ὼς
3042 1546 3255 1614 ὀλίγους
3290 1541 3647 1616 εὑρίσκεσθαι
3679 1542 3736 1592 ὲκ

2154 1643 2338 1705 αὐτοῖς
2378 1642 2503 1705 τοὺς
2550 1639 2689 1695 κατὰ
2720 1639 2855 1694 Θεὸν
2884 1638 3319 1709 εὐδοκιμοῦντας.
3370 1636 3481 1689 Καὶ
3519 1635 3582 1687 τὸ
3636 1632 3735 1702 μὲν

472 1744 583 1796 πᾶν
607 1741 755 1805 ἔθνος
795 1741 998 1813 ταύτην
1039 1740 1296 1812 ὑπέμεινε
1326 1741 1424 1812 τὴν
1452 1742 1795 1813 πρόρρησιν·
1825 1740 1876 1793 οἱ
1902 1739 1950 1792 δ’
1983 1740 2041 1791 ὲν
2075 1736 2257 1798 αὐτοῖς
2288 1733 2569 1805 ἄρχοντες,
2602 1732 2937 1804 πατριάρχαι
2992 1731 3137 1793 τινὲς
3187 1729 3283 1782 καὶ
3324 1728 3602 1798 ἀρχιερεῖς
3640 1724 3733 1777 καὶ

472 1834 935 1906 νομοδιδάσκαλοι,
976 1834 1318 1888 Σαδδουκαῖοξ
1354 1853 1413 1889 τε
1450 1836 1543 1888 καὶ
1572 1835 1926 1906 Γραμματεῖς
1982 1832 2075 1885 καὶ
2103 1831 2385 1901 Φαρισαῖοι
2448 1825 2712 1897 αἰσχύνην
2766 1824 3118 1895 κατεχέαντο,
3175 1822 3519 1890 ὲξουδενὼσει
3558 1836 3733 1888 παρα-

474 1926 715 1989 δοθέντες
742 1941 755 1956 ⁶
805 1926 902 1980 ἆτε
944 1925 1008 1995 δὴ
1050 1925 1342 1997 κληθέντες
1376 1928 1472 1980 ἐπὶ
1515 1928 1615 1998 τὴν
1662 1926 1878 1979 εὐθεῖαν
1924 1925 2042 1978 ὁδὸν
2079 1923 2172 1976 καὶ
2203 1920 2673 1992 παραιτησάμενοι
2704 1918 2896 1988 αὐτήν.

550 2037 719 2096 Vens.
744 2041 834 2095 41.
865 2039 932 2093 Ει
954 2040 1158 2111 adjuvit
1188 2058 1467 2112 pauperem
1487 2043 1551 2097 de
1572 2043 1769 2112 inopia.
1795 2042 1895 2096 Hic
1921 2057 2050 2096 con-

2225 2037 2335 2093 Καὶ
2362 2035 2658 2104 ἐϐοήθησε
2689 2035 2915 2103 πένητα
2944 2034 3013 2087 ἐκ
3046 2035 3360 2101 πτωχείας.
3392 2030 3504 2082 Καὶ
3536 2030 3597 2080 ὲν
3619 2026 3731 2078 τού-

476 2140 633 2189 ‘sueto
654 2144 808 2185 more
833 2127 1196 2201 Symmachus
1225 2130 1417 2197 edidit,
1450 2130 1517 2185 Et
1547 2132 1744 2185 muniet
1772 2146 2050 2201 pauperem

477 2225 543 2277 ab
574 2218 872 2292 afﬂictione.
899 2219 1014 2276 Illis
1040 2221 1285 2291 quidem,
1326 2224 1424 2288 ait,
1468 2237 1589 2293 qua:
1632 2223 1893 2293 praedicta
1924 2229 2051 2277 sunt

478 2314 731 2370 evenient
757 2331 771 2367 :
800 2327 1094 2383 pauperem
1138 2329 1272 2370 vero
1312 2315 1572 2385 populum
1603 2315 1831 2382 muniet,
1856 2313 2050 2370 videli-

482 2413 570 2459 cet
601 2403 754 2458 iilutn
783 2404 879 2473 qui
912 2418 979 2457 ex
1014 2404 1270 2474 gentibus
1306 2406 1725 2461 constituendus
1748 2415 1852 2471 est,
1888 2421 2049 2477 quem

476 2496 697 2551 beatum
752 2494 1062 2565 praedicans
1112 2495 1364 2552 Salvator
1420 2514 1485 2553 ac
1542 2498 1807 2554 Dominus
1866 2506 2053 2555 noster

477 2585 639 2643 Jesus
666 2585 924 2643 Christus
944 2587 1161 2643 dicebat
1189 2608 1201 2643 :
1235 2590 1387 2645 Beati
1409 2604 1661 2660 pauperes
1692 2592 1902 2660 spiritu,
1932 2608 2056 2661 quo-

483 2678 623 2732 niam
651 2677 885 2746 ipsorum
904 2686 978 2731 est
1012 2693 1228 2747 regnum
1258 2678 1506 2733 caelorum
1534 2680 1600 2733 ⁷⁸.
1632 2679 1701 2733 Et
1743 2682 1918 2749 posuit
1948 2681 2055 2733 sic-

478 2777 537 2821 ut
584 2783 699 2823 oves
750 2767 1008 2837 familias.
1071 2768 1265 2837 Aquila
1305 2784 1433 2824 vero
1497 2771 1594 2835 ait,
1622 2770 1691 2824 Et
1734 2780 1888 2840 ponet
1919 2773 2056 2826 sicut

483 2861 617 2915 ovile
649 2861 1017 2931 cognationes;
1063 2857 1425 2930 Symmachus
1472 2873 1677 2927 autem,
1716 2862 1785 2916 Et
1834 2873 2050 2927 statuet,

482 2952 692 3023 inquit,
740 2951 873 3003 sicut
906 2965 1110 3021 gregem
1150 2952 1482 3020 cognationes
1512 2968 1530 3007 :
1556 2953 1610 3007 id
1664 2961 1749 3009 est
1780 2953 2055 3011 Ecclesias

484 3058 605 3111 qua:
625 3056 721 3112 per
741 3040 991 3095 civitates
1015 3048 1068 3094 ct
1098 3042 1348 3114 regiones
1376 3057 1443 3097 ex
1466 3043 1701 3100 diversis
1718 3045 2056 3117 cognationi-

485 3131 587 3188 bus
600 3131 917 3187 constituta:
948 3137 1097 3186 sunt.

554 3224 721 3279 Vens.
743 3221 934 3288 42,43.
970 3220 1227 3278 Videbunt
1246 3226 1372 3279 recti
1388 3234 1436 3278 et
1460 3226 1800 3292 tutabantur.
1824 3236 1873 3283 et
1886 3230 2058 3284 omnis

479 3313 735 3383 iniquitas
780 3312 1035 3384 oppilablt
1082 3331 1143 3369 os
1201 3332 1376 3372 suum.
1410 3317 1554 3384 Quid
1585 3334 1750 3389 porro
1775 3320 2053 3389 videbunt,

2157 2146 2268 2193 τοις
2314 2126 2558 2198 συνήθως
2608 2128 2638 2179 ὁ
2689 2124 2989 2196 Σύμμαχος
3041 2122 3305 2187 ἐξέδωκεν
3357 2118 3565 2173 εἰπών’
3625 2116 3730 2171 Kal

2158 2221 2447 2291 όχιιρώσει
2492 2219 2736 2286 πένηταο
2766 2217 2881 2271 ἀπὸ
2929 2215 3264 2281 κακώσεως.
3328 2211 3592 2274 Ἐκείνοις
3631 2211 3730 2280 μὲν

2157 2312 2268 2381 γὰρ
2301 2311 2455 2363 ἔσται
2492 2309 2562 2361 τὰ
2595 2308 3039 2380 προδηλωθέντα,
3082 2307 3220 2376 φησι
3245 2322 3259 2335 ο
3290 2305 3381 2357 τὸν
3430 2302 3489 2355 δὲ
3526 2302 3732 2370 πένητα

2159 2404 2288 2457 λαὸν
2321 2400 2589 2473 ὸχυρώσει
2610 2419 2623 2432 ·
2658 2401 2749 2454 τὸν
2784 2400 2844 2467 ἐξ
2876 2399 3043 2453 ἐθνῶν
3066 2398 3274 2469 δηλαδὴ
3309 2395 3731 2467 συστησάμενον·

2158 2495 2218 2550 δν
2244 2496 2337 2547 καὶ
2362 2493 2681 2565 μακαρίζων
2710 2494 2738 2545 ὁ
2767 2491 2957 2563 Σωτὴρ
2986 2491 3080 2544 καὶ
3107 2490 3310 2561 Κύριος
3333 2492 3365 2561 ἡ
3375 2488 3491 2559 μῶν
3524 2483 3743 2557 Ἰησοῦς

2159 2588 2392 2660 Χριστὸς
2420 2586 2572 2655 ἔλεγε
2595 2602 2608 2614 ·
2641 2582 2931 2651 Μακάριοι
2974 2586 3027 2637 οἱ
3058 2581 3281 2650 πτωχοὶ
3310 2579 3387 2646 τῷ
3414 2581 3729 2649 πνεύματι,

2161 2682 2251 2734 ὅτι
2282 2678 2483 2733 αὐτῶν
2513 2678 2685 2730 ἐστιν
2718 2678 2757 2744 η
2799 2675 3087 2740 βασιλεία
3122 2671 3241 2727 τῶν
3275 2671 3567 2741 οὐρανῶν.
3627 2671 3730 2724 Kal

2161 2772 2326 2825 ἔθετο
2363 2770 2443 2835 ὼς
2495 2768 2755 2836 πρόϐατα
2795 2765 3046 2835 πατριάς
3076 2782 3089 2795 ·
3148 2767 3178 2819 ὁ
3216 2765 3272 2818 δὲ
3312 2764 3571 2827 Ἀκύλας,
3628 2765 3729 2815 Καὶ

2162 2863 2353 2929 θήσει,
2387 2861 2571 2930 φησὶν,
2600 2859 2681 2924 ὠς
2704 2860 2980 2928 ποίμνιον
3034 2857 3408 2927 συτυγενείας⁶
3439 2858 3466 2908 ὁ
3495 2856 3552 2909 δὲ
3591 2855 3729 2925 26p.-

2166 2972 2354 3026 μαχος,
2386 2952 2497 3007 Καὶ
2521 2950 2705 3017 τάξει,
2735 2953 2919 3022 φησὶν,
2957 2952 3039 3018 ὡς
3072 2951 3333 3019 ποίμνην
3356 2948 3729 3017 συγγενείας,

2161 3046 2258 3109 τὰς
2276 3043 2417 3100 κατὰ
2430 3044 2583 3097 πόλιν
2611 3044 2867 3097 καὶκατὰ
2895 3042 3078 3114 χώραν
3114 3041 3437 3112 Ἐκκλησίας
3465 3042 3530 3093 ἐκ
3556 3040 3735 3108 διαφά

2165 3154 2274 3210 ρων
2313 3136 2641 3206 συγγενειῶν
2669 3133 3035 3197 συνεστώσας.

2236 3229 2523 3296 Ὄψονται
2551 3226 2743 3292 εὐθεῐς
2764 3226 2859 3279 καὶ
2886 3223 3421 3293 εὐφρανθήσονται,
3442 3224 3546 3277 καὶ
3568 3222 3732 3278 πᾶσα

2161 3319 2378 3387 ἀνομιά
2405 3316 2688 3387 ἐμφράξει
2722 3316 2789 3370 τὸ
2820 3318 3015 3385 στόμα
3053 3315 3261 3383 αὐτῆς.
3315 3316 3381 3369 Τί
3416 3316 3472 3368 δὲ
3516 3316 3733 3385 ὄψονται

483 3402 589 3456 nisi
643 3417 828 3459 rerum
880 3419 954 3460 ex
984 3405 1347 3461 deterioribus
1379 3407 1447 3461 ad
1503 3408 1727 3463 meliora
1758 3422 2050 3466 commuta-

2161 3408 2273 3462 ἀλλ’
2298 3409 2334 3479 ἢ
2376 3410 2475 3481 τὴν
2508 3409 2616 3462 ἀπὸ
2645 3407 2754 3461 τῶν
2782 3408 3036 3481 χειρόνων
3074 3408 3168 3461 ἐπὶ
3197 3408 3264 3462 τὰ
3304 3407 3537 3477 κρείττω
3570 3424 3727 3476 μεταο

480 3491 729 3548 tionem?
751 3491 1115 3561 Quamobrem
1148 3494 1214 3549 iis
1239 3495 1329 3565 qui
1363 3494 1679 3565 prophetias
1705 3496 1769 3551 ad
1805 3498 2054 3554 ellectum

479 3594 533 3641 et
557 3586 717 3642 tinem
759 3585 1024 3642 deductas
1056 3596 1455 3657 conspexerunt
1484 3589 1701 3644 dicebat
1743 3588 2002 3647 Servatur
2038 3611 2050 3646 :

492 3676 665 3732 Vestri
686 3686 861 3733 autem
892 3679 1028 3733 beati
1057 3679 1218 3744 oculi,
1238 3678 1362 3749 quia
1384 3680 1595 3743 vident;
1625 3687 1679 3734 et
1705 3697 1719 3734 :
1756 3681 1915 3737 Multi
1942 3698 2056 3752 pro-

480 3769 646 3837 phetat
674 3769 946 3823 voluerunt
983 3769 1153 3825 videre
1198 3787 1316 3840 qute
1344 3788 1431 3824 vos
1455 3771 1662 3836 videtis,
1691 3784 1740 3827 et
1774 3790 1877 3827 non
1915 3776 2055 3829 vide-

482 3867 609 3914 runt
630 3861 696 3912 '9.
724 3858 792 3913 Et
812 3860 981 3914 omnis
1013 3861 1262 3930 iniquitas
1294 3861 1545 3930 oppilabit
1576 3881 1632 3918 os
1662 3880 1839 3919 suum.
1872 3866 1931 3919 ln
1962 3882 2053 3920 ra-

483 3953 628 4007 biem
660 3959 779 4007 acta
799 3958 854 4006 et
870 3951 946 4005 ob
974 3951 1230 4006 invidiam
1253 3952 1439 4009 dolore
1464 3954 1654 4023 fracta,
1678 3971 1852 4026 neque
1874 3964 2055 4012 tamen

483 4039 691 4108 aliquid
716 4054 877 4111 agere
905 4042 1114 4105 valens,
1144 4042 1269 4112 quia
1300 4043 1441 4100 Deus
1464 4045 1536 4098 ita
1568 4047 1759 4102 voluit.
1785 4047 1842 4100 ld
1873 4058 2053 4104 autem

480 4127 769 4183 manifeste
796 4129 978 4185 videre
1004 4130 1150 4198 licet,
1171 4146 1298 4186 cum
1330 4132 1629 4188 inﬁdelium
1658 4146 1712 4189 et
1741 4137 2055 4191 idololatra-

481 4231 605 4270 rum
637 4216 920 4287 iniquitas,
952 4226 1144 4272 contra
1174 4218 1474 4275 Ecclesiam
1513 4221 1718 4276 Christi
1766 4221 1951 4276 furens
2000 4231 2055 4277 et

480 4321 624 4377 stepe
657 4306 960 4375 insaniens,
989 4308 1136 4377 quod
1183 4306 1403 4363 demum
1452 4308 1590 4363 nihil
1630 4325 1791 4381 agere
1826 4312 2050 4377 valeret,

482 4412 546 4453 os
581 4412 739 4453 suum
782 4398 1081 4461 obturavit,
1128 4412 1160 4451 a
1195 4398 1381 4454 divino
1424 4400 1593 4454 verbo
1624 4399 1835 4455 frenata
1867 4420 1879 4454 :
1907 4403 2053 4472 quod

478 4487 643 4542 etiam
667 4486 775 4542 illis
791 4494 1035 4557 tempore
1058 4488 1495 4557 persecutionum
1524 4490 1639 4544 haec
1656 4491 1820 4546 edicit
1851 4513 1863 4547 ;
1895 4494 2050 4557 Tace,

478 4578 775 4632 obmutesce
800 4579 867 4633 ⁸ο.
901 4578 1243 4649 lniquitatem
1272 4596 1402 4635 vero
1448 4581 1719 4654 intelligas
1750 4585 2048 4651 diabolum,

479 4678 533 4724 et
554 4685 770 4725 omnem
801 4670 985 4740 iniqua
1011 4678 1282 4742 agentem,
1315 4674 1615 4728 secundum
1637 4676 1798 4732 illud:
1822 4676 2052 4733 Obstru-

2158 3498 2350 3569 6ολήν;
2380 3499 2470 3551 Διὸ
2496 3500 2610 3561 τοῖς
2641 3498 2711 3551 τὰ
2735 3497 2863 3569 τέλη
2890 3496 2997 3551 τῶν
3019 3496 3364 3568 προφητειῶν
3386 3495 3730 3567 τεθεαμένοις

2157 3590 2342 3658 ἔλεγεν
2374 3592 2402 3643 ὁ
2424 3590 2639 3661 Σωτήρ·
2692 3588 2885 3658 Ὑμῶν
2912 3589 2980 3641 δὲ
3010 3588 3287 3659 μακάριοι
3329 3590 3383 3641 οἱ
3418 3588 3730 3657 ὀφθαλμοὶ,

2157 3681 2246 3735 ὅτι
2281 3681 2622 3745 βλέπουσι·
2669 3681 2784 3745 καὶ,
2829 3682 3054 3734 Πολλοὶ
3096 3679 3393 3750 προφῆται
3439 3680 3730 3747 ἐπεθύμη-

2157 3787 2277 3824 σαν
2307 3762 2453 3824 ὶδεῖν
2499 3770 2539 3824 ά
2581 3770 2751 3840 ὑμεῖς
2782 3769 3063 3834 βλέπετε,
3113 3769 3211 3822 καὶ
3245 3770 3355 3822 οὐκ
3393 3767 3576 3822 εἶδον.
3624 3768 3729 3820 Kal

2157 3862 2326 3919 πᾶσα
2356 3863 2559 3918 ἀδικία
2602 3862 2885 3932 ὲμρράξει
2912 3860 2977 3914 τὸ
3003 3860 3199 3930 στόμα
3230 3857 3447 3928 αὺτῆςο
3483 3859 3728 3911 λυττῶσα

2158 3955 2262 4009 ὑπὸ
2290 3955 2483 4024 φθόνου
2533 3953 2993 4025 διαρῤηγνυμένη,
3043 3952 3208 4023 μηδὲν
3256 3951 3311 4005 δὲ
3358 3952 3618 4023 πράττειν
3648 3953 3730 4005 διὰ

2153 4049 2244 4101 τὸν
2271 4048 2443 4100 ταῦτα
2467 4045 2789 4118 βουληθέντα
2819 4044 2950 4097 Θεὸν
2970 4044 3262 4114 δυναμένη.
3299 4043 3470 4097 Τοῦτο
3496 4043 3553 4096 δὲ
3588 4044 3731 4115 πάρ-

2154 4156 2301 4191 εστιν
2374 4137 2617 4209 ἐναργῶς
2659 4137 2812 4207 ὁρᾷν,
2857 4135 2931 4198 ὡς
2964 4137 3103 4189 κατὰ
3134 4135 3231 4205 τῆς
3272 4134 3594 4205 Ἐκκλησίας
3637 4134 3731 4187 τοῦ

2153 4229 2388 4300 Χριστοῦ
2423 4231 2460 4300 ἡ
2489 4228 2596 4281 τῶν
2643 4227 2886 4281 ἀπίστων
2935 4227 3028 4279 καὶ
3074 4226 3470 4297 εἰδωλολατρῶν
3518 4226 3731 4298 ἀνδρῶν

2151 4321 2352 4391 ἀνομία
2381 4320 2626 4373 λυττῶσα
2657 4319 2752 4373 καὶ
2796 4318 3054 4383 πολλάκις
3085 4320 3422 4390 ὲπιμὴνασα,
3449 4318 3604 4383 τέλος
3644 4318 3734 4372 διὰ

2152 4409 2214 4462 τὸ
2260 4410 2422 4482 μηδὲν
2464 4408 2750 4473 δύνασθαι,
2794 4408 2854 4462 τὸ
2899 4410 3073 4480 στόμα
3120 4408 3319 4479 ἑαυτῆς
3363 4408 3596 4479 ἔφραξεν
3628 4411 3731 4462 ὑπὸ

2152 4499 2245 4553 τοῦ
2277 4499 2419 4553 θείου
2457 4498 2613 4568 λόγου
2644 4499 2976 4571 φιμουμένη,
3005 4500 3097 4552 τοῦ
3130 4499 3223 4553 καὶ
3253 4500 3389 4570 αὐτῇ
3423 4500 3566 4553 κατὰ
3604 4503 3731 4564 τοὺς

2151 4594 2257 4647 τῶν
2294 4593 2549 4664 διωγμῶν
2582 4593 2810 4664 καιροὺς
2842 4594 3174 4662 φάσκοντος·
3211 4594 3429 4657 Σιώπα,
3469 4593 3733 4662 περιφω-

2150 4701 2244 4740 σο.
2283 4686 2535 4758 Ἀνομίαν
2563 4686 2621 4738 δὲ
2652 4687 2866 4757 νοήσεις
2895 4684 2985 4737 τὸν
3013 4684 3277 4747 διάϐολον,
3309 4686 3400 4738 καὶ
3432 4685 3610 4738 πάντα
3641 4685 3730 4737 τὸν

479 4770 623 4813 ctum
648 4768 727 4813 est
769 4776 828 4813 os
854 4760 1175 4829 loquentium
1218 4759 1400 4829 iniqua
1448 4760 1513 4815 ⁸³.
1565 4762 1698 4828 Quis
1736 4766 1965 4831 sapiens,
1996 4776 2044 4819 et

2154 4779 2271 4830 κατ’
2302 4777 2469 4848 αὐτὴν
2516 4777 2905 4849 πεποιημένον,
2952 4777 3093 4831 κατὰ
3141 4778 3229 4831 τό·
3291 4777 3613 4848 Ἐνεέρράγη
3665 4778 3729 4832 τὸ

480 4848 740 4903 custodiet
785 4850 894 4903 hwc
945 4864 963 4903 :

481 4941 613 4994 mini
638 4941 747 4993 “‘1'

585 5054 641 5107 1.
668 5051 1025 5109 CANTICUM
1060 5054 1313 5113 PSALMI
1350 5057 1478 5113 IPSI
1517 5057 1744 5114 DAVID.
1779 5057 1937 5113 CVII.

556 5147 721 5203 Vens.
760 5149 891 5204 2-5.
924 5149 1187 5205 Paratum
1228 5168 1320 5207 eor
1363 5170 1556 5219 meum,
1590 5153 1752 5219 Deus,
1798 5164 2047 5223 paratum

479 5257 570 5296 cor
607 5257 799 5307 meum,
834 5242 1057 5299 cantabo
1090 5254 1141 5298 et
1171 5245 1399 5313 psallam
1442 5248 1496 5300 in
1537 5246 1710 5317 gloria
1757 5263 1892 5301 mea.
1934 5246 2045 5300 Ea:-

479 5347 652 5401 surge,
682 5330 856 5400 gloria
904 5348 1041 5399 mea,
1069 5349 1307 5407 exsurge,
1359 5339 1669 5407 psalterium
1716 5346 1765 5393 et
1814 5338 2043 5406 cithara,

478 5439 760 5493 exsurgam
787 5425 1042 5481 diluculo.
1074 5426 1370 5497 Conﬁtebor
1415 5432 1511 5486 tibi
1553 5434 1609 5486 in
1660 5434 1886 5502 populis,
1936 5432 2045 5485 Do-

1021 4859 1070 4903 et
1124 4848 1413 4921 intelligent
1481 4854 1873 4909 misericordias
1940 4853 2048 4910 Do-

2150 4869 2345 4937 στόμα
2366 4870 2717 4923 λαλούντων
2741 4868 2935 4922 ἄδικα.
2961 4872 3054 4934 T.'c
3088 4868 3301 4938 σοφὸς,
3333 4870 3431 4923 καὶ
3470 4871 3728 4938 φυλάξει

2148 4958 2353 5024 ταῦτα,
2383 4959 2482 5012 καὶ
2515 4959 2861 5029 συνήσουσι
2904 4961 2975 5015 τὰ
3007 4959 3148 5028 ἐλέη
3190 4961 3297 5015 τοῦ
3328 4962 3585 5031 Κυρίου;

2438 5072 2575 5143 asa
2604 5073 2904 5128 ΨΑΛΜΟΥ
2932 5074 3020 5146 Ta
3042 5074 3261 5128 ΔΑΥΙΔ.
3291 5074 3410 5128 PZ'.

2229 5162 2465 5232 Ἑτοίμη
2493 5165 2533 5233 η
2560 5165 2773 5233 καρδία
2785 5183 2927 5234 μου,
2956 5170 2989 5220 ό
3018 5163 3185 5232 Θεὸς,
3209 5166 3414 5236 ἑτοίμη
3443 5167 3482 5235 ἠ
3510 5165 3725 5234 καρδιά

2143 5271 2283 5323 μου,
2312 5253 2532 5324 ᾄσομαι
2565 5256 2664 5309 καὶ
2696 5256 2872 5324 ψαλῶ
2902 5257 2973 5310 ἐν
3002 5256 3076 5326 τῇ
3104 5257 3255 5325 δόξῃ
3278 5276 3418 5327 μου.
3456 5257 3721 5327 Ἐξεγέρ-

2149 5351 2300 5414 θητι,
2359 5347 2397 5413 ἠ
2443 5347 2594 5411 δόξα
2656 5367 2797 5418 μου,
2828 5348 3186 5418 ἐξεγέρθητι,
3234 5351 3573 5419 ψαλτήριον
3622 5350 3718 5403 καὶ

2150 5435 2379 5504 κιθάρα,
2405 5438 2863 5510 ἐξεγερθήσομαι
2904 5442 3135 5510 ὄρθρου.
3172 5442 3716 5510 Ἐξομολογήσομαι

481 5512 638 5579 mine,
681 5514 910 5582 psallam
941 5517 1035 5570 tibi
1075 5518 1129 5572 in
1176 5522 1498 5577 nationibus.
1549 5523 1813 5589 Quoniam
1853 5541 2045 5595 magna

2154 5544 2248 5580 σοι
2277 5529 2346 5582 ἐν
2386 5530 2575 5597 λαοῖς,
2603 5534 2796 5602 Κύριε,
2840 5533 3017 5602 ’ψαλῶ
3047 5549 3147 5587 σοι
3185 5534 3254 5587 ἐν
3299 5534 3556 5587 ἔθνεσιν.
3591 5535 3714 5586 Ὅτι

480 5614 558 5659 est
590 5621 744 5675 super
769 5608 924 5662 caelos
952 5611 1321 5667 misericordia
1347 5625 1459 5679 tua,
1502 5624 1553 5669 et
1588 5632 1750 5686 usque
1782 5617 1850 5670 ad
1883 5617 2042 5672 nubes

2154 5618 2297 5689 μέγα
2320 5620 2519 5676 ἐπάνω
2550 5622 2669 5676 τῶν
2697 5624 2970 5693 οὐρανῶν
3007 5626 3072 5680 τὸ
3107 5624 3281 5691 ἔλεός
3314 5640 3453 5690 σου,
3484 5625 3581 5679 καὶ
3609 5625 3707 5687 ἕως

481 5698 672 5751 ueritas
701 5706 812 5754 tua.
843 5698 946 5765 Qui
975 5702 1203 5758 salutari
1249 5705 1341 5759 illa
1375 5706 1710 5763 beatitudine
1738 5709 1935 5781 dignus
1962 5709 2045 5764 ef-

2149 5709 2268 5766 τῶν
2316 5715 2586 5784 νεφελῶν
2632 5718 2669 5786 η
2716 5717 2970 5784 ἀλήθειά
3014 5733 3154 5773 σου.
3202 5719 3260 5771 'U
3307 5718 3400 5771 τοῦ
3450 5717 3706 5789 σωτηρία.

551 5854 599 5885 ’⁸
633 5852 818 5909 Matth.
854 5872 912 5923 ν,
942 5856 1000 5914 3.
1072 5857 1121 5892 τ’
1158 5857 1347 5915 Matth.
1384 5877 1514 5928 xm,
1556 5862 1737 5929 16,”.
1822 5863 1869 5898 ⁸ο
1908 5863 2050 5918 Marc

2154 5880 2191 5931 ι,
2222 5863 2313 5925 39.
2388 5866 2435 5901 “
2476 5866 2619 5925 Psal.
2656 5886 2804 5937 Lxu,
2843 5872 2927 5926 l2.
2993 5874 3059 5904 ⁸¹·
3096 5872 3239 5930 Psnl.
3279 5889 3390 5938 ert,
3420 5873 3509 5929 45.
