3992 6404
272 392 412 450 I529

1359 398 1868 456 COMMENTARIA
1910 402 1976 457 IN
2017 402 2354 462 PSALMUS.

3395 411 3532 466 1530

273 519 627 591 μακαρισμοῦ
656 521 943 593 γενόμενος
984 520 1150 589 ἄξιος,
1184 522 1249 576 δι’
1275 519 1336 578 οὗ
1372 524 1617 596 εἴρηται·
1648 527 1830 581 Μακὰ-

1950 526 2123 583 fectus
2155 538 2260 592 est,
2288 544 2394 598 qua
2424 528 2627 582 dicitur
2653 550 2664 583 ε
2689 528 2844 585 Beati
2868 526 3061 586 mundo
3082 530 3258 598 corde,
3282 532 3531 602 quoniam

267 628 385 678 ριοι
414 613 466 664 οἱ
494 611 739 679 καθαροὶ
783 609 859 680 τῇ
914 612 1147 681 καρδίᾳ,
1200 613 1289 667 ὅτι
1329 614 1499 668 αὐτοὶ
1552 614 1658 670 τὸν
1703 617 1850 671 Θεὸν

271 701 545 769 ὄψονται,
575 704 716 756 εἴποι
747 703 811 756 ἂν
850 702 1068 775 θαρρῶν
1088 721 1102 733 ·
1142 704 1378 775 Ἑτοίμη
1409 708 1447 774 ἠ
1472 707 1684 777 καρδία
1705 727 1846 778 μου,

1956 622 2057 690 ipsi
2091 620 2259 675 Deum
2301 620 2543 674 videbunt
2571 623 2639 686 3’,
2672 624 3010 679 conﬁdenter
3044 624 3191 679 dicat
3223 641 3235 675 :
3269 623 3530 678 Paratum

1954 730 2047 767 cor
2093 731 2285 777 meum,
2338 714 2496 767 Deus.
2555 712 2826 785 Propheta
2876 717 3039 787 igitur
3083 733 3205 771 cum
3252 734 3347 787 per
3386 718 3527 772 bona

269 794 303 843 ό
337 793 503 858 Θεός.
553 793 611 846 '0
648 794 941 866 Προφήτης
974 789 1090 857 οὖν,
1122 793 1190 848 τά
1226 794 1354 863 φίλα
1389 797 1482 849 καί⁹
1506 799 1742 870 συγγενῆ
1771 801 1830 871 τᾷ

1954 820 2118 874 opera
2149 821 2261 859 rem
2297 803 2523 875 Spiritui
2566 814 2759 861 sancto
2782 814 2989 879 gratam
3020 818 3074 863 et
3105 817 3382 878 acceptam
3405 824 3528 878 per-

271 882 412 953 ἀγίῳ
455 883 733 956 Πνεύματι
763 885 828 938 δι’
867 885 1137 956 ἐναρέτων
1168 884 1345 957 ἔργων
1390 889 1726 955 ἐπιτελέσας,
1770 892 1848 962 τῷ

268 976 526 1033 τοιούτων
585 978 769 1049 δοτῆρι
806 976 924 1047 Θεῷ
970 977 1070 1049 τὴν
1110 979 1477 1051 προκειμένην
1516 982 1682 1053 εὐχὴν
1718 984 1847 1037 ἀνα-

270 1069 499 1139 πέμπει.
530 1070 783 1139 ’ᾼσομαι
818 1069 917 1122 καὶ
958 1069 1132 1138 ψαλῶ
1157 1069 1227 1124 ἐν
1255 1070 1328 1139 τῇ
1353 1071 1501 1142 δόξῃ
1524 1089 1645 1142 μου
1667 1091 1681 1105 ⁸
1712 1076 1848 1131 ἀπο-

267 1161 448 1217 λαϐὼν
479 1161 577 1232 τὴν
614 1161 852 1231 ἐμαυτοῦ
886 1161 1063 1228 δόξαν,
1092 1163 1341 1216 τουτέστι
1374 1164 1471 1235 τὴν
1502 1166 1845 1238 προφητικὴν

162 1258 169 1265 '
266 1252 448 1325 χάριν.
490 1252 877 1322 Ἔξεγέρθητι,
905 1255 942 1322 ἡ
963 1253 1113 1319 δόξα
1137 1274 1277 1325 μου,
1301 1255 1660 1328 ἑξεγέρθητι,
1690 1260 1844 1327 ψαλ-

265 1345 471 1414 τήριον
488 1344 586 1398 καὶ
614 1345 845 1415 κιθάρα,
867 1344 1332 1416 ἐξεγερθήσομαι
1357 1347 1589 1418 ὄρθρου.
1617 1350 1844 1421 Μήποτε

265 1440 364 1504 τάς
408 1440 668 1511 δυνάμεις
717 1442 816 1511 τῆς
858 1440 1050 1494 ἐαυτοῦ
1093 1441 1271 1512 ψυχῆς
1314 1443 1409 1497 καὶ
1448 1442 1547 1496 τοῦ
1591 1443 1843 1515 σώματος

262 1532 519 1604 διεγείρει
558 1531 646 1591 διὰ
682 1532 780 1604 τὴν
816 1532 1118 1603 μέλλουσαν
1160 1534 1239 1597 εἰς
1272 1533 1433 1587 αὐτὸν
1466 1534 1716 1603 γενέσθαι
1746 1534 1841 1588 τοῦ

264 1623 410 1677 θείου
451 1623 766 1695 Πνεύματος
816 1624 1104 1678 ἐπίπνοιαν
1125 1642 1138 1654 ·
1179 1625 1274 1679 καὶ
1307 1624 1450 1679 κατά
1480 1624 1716 1681 διάνοιαν
1744 1627 1840 1697 μὲν

263 1717 711 1787 ἐκλαμϐανὸντων
745 1716 901 1788 ἡμῶν
946 1717 1012 1771 τὰ
1056 1717 1196 1788 μέλη
1238 1718 1330 1771 τοῦ
1362 1716 1610 1789 σώματος
1650 1719 1748 1773 καὶ
1771 1721 1841 1773 τά

259 1808 609 1879 αἰσθητήρια,
643 1810 709 1863 δι’
738 1803 813 1864 ὧν
844 1810 1021 1876 ὁννοῦς
1054 1814 1416 1884 ἀνακρούεται
1443 1816 1530 1868 ὅτε
1553 1815 1597 1869 δ’
1626 1814 1692 1868 ἂν
1718 1814 1840 1885 βούσ-

1955 894 2195 960 l‘ecisset,
2221 896 2408 950 talium
2443 896 2686 967 largitori
2719 897 2826 952 Deo
2868 905 3190 967 praesentem
3220 899 3527 954 orationem

1951 990 2169 1045 emittit.
2200 987 2437 1045 Cantabo
2473 1002 2522 1045 et
2554 991 2785 1060 psallam
2827 992 2883 1045 in
2929 990 3104 1061 gloria
3147 1008 3263 1046 mea
3295 1006 3314 1045 :
3347 991 3399 1046 id
3420 999 3523 1056 est,

1950 1086 2231 1149 assumpta
2274 1080 2449 1153 gloria
2496 1096 2639 1146 mea,
2673 1097 2770 1138 seu
2798 1081 3156 1151 prophetandi
3186 1082 3379 1153 gratia.
3414 1080 3527 1135 Ea:-

1951 1187 2122 1242 surge,
2141 1170 2312 1241 gloria
2344 1189 2481 1236 mea,
2499 1187 2741 1242 exsurge,
2772 1173 3082 1243 psalterium
3101 1183 3150 1228 et
3179 1173 3409 1239 cithara,
3431 1187 3524 1228 ea:-

1951 1279 2165 1333 surgam
2194 1262 2451 1318 diluculo.
2484 1262 2624 1321 Num
2651 1264 2790 1319 forte
2829 1265 3025 1319 anima:
3053 1266 3408 1336 corporisque
3436 1265 3523 1320 sui

1950 1354 2095 1410 vires
2138 1354 2341 1411 excitat
2384 1356 2454 1411 ob
2508 1356 2865 1415 adventuram
2906 1357 3011 1426 ipsi
3052 1354 3291 1429 Spiritus
3347 1358 3523 1413 sancti

1950 1445 2407 1516 inspirationem;
2442 1448 2515 1501 ita
2548 1457 2609 1502 ut
2647 1462 2747 1503 nos
2785 1446 3059 1518 spirituali
3101 1464 3253 1505 more
3281 1450 3524 1505 membra

1949 1537 2196 1607 corporis
2226 1544 2278 1592 et
2312 1553 2508 1593 sensus
2540 1537 2902 1609 excipiamus,
2931 1539 3132 1610 quibus
3161 1555 3319 1597 mens
3343 1554 3521 1609 quau-

1948 1630 2236 1700 docunque
2268 1630 2501 1684 voluerit
2528 1631 2818 1699 pulsatur;
2853 1631 3167 1701 psalterium
3193 1647 3323 1687 vero
3346 1631 3521 1700 expli-

1948 1737 2135 1778 cemus
2168 1722 2522 1792 incorporeas
2550 1730 2603 1777 et
2635 1723 2993 1780 rationabiles
3033 1723 3229 1777 animae
3269 1724 3519 1787 virtutes,

1947 1831 2084 1887 quas
2116 1817 2181 1869 ad
2208 1812 2446 1885 Spiritus
2475 1816 2876 1885 susceptionem
2916 1830 3228 1888 praeparans
3257 1815 3331 1870 ait
3359 1834 3373 1871 :
3408 1813 3521 1867 Ea:-

260 1899 446 1969 ληταιο
481 1900 776 1973 ψαλτήριον
807 1902 865 1955 δέ
892 1903 990 1967 τὰς
1017 1904 1342 1975 ἀσωμάτους
1368 1906 1462 1960 καὶ
1493 1904 1717 1975 λογικὰς
1742 1906 1830 1976 τῆς

1942 1921 2114 1976 surge,
2144 1905 2459 1974 psalterium
2483 1915 2535 1960 et
2566 1905 2796 1959 cithara.

258 1990 437 2061 ψυχῆς
480 1991 758 2062 δυνάμεις,
796 1992 862 2057 ἀς
902 1994 966 2065 δὴ
1009 1994 1439 2067 παρασκευάζων
1478 1998 1558 2062 είς
1605 1997 1704 2068 τὴν
1748 1997 1842 2051 τοῦ
1895 1996 2211 2069 Πνεύματος
2249 1998 2516 2069 ὑποδοχήν
2558 2015 2751 2069 φησιν’
2819 1996 3213 2067 Ἑξεγέρθητι,
3282 1994 3519 2066 ψαλτή-

254 2102 390 2153 ριον
416 2084 517 2139 καὶ
544 2084 776 2153 κιθάρα.

338 2181 634 2250 Ὑψώθητι
678 2182 776 2236 ἐπὶ
815 2182 957 2249 τοὺς
995 2184 1311 2252 οὐρανοὺς,
1341 2187 1374 2240 ό
1414 2186 1577 2253 Θεὸς,
1608 2186 1705 2241 καὶ
1734 2185 1835 2239 ἐπὶ

254 2272 464 2328 πᾶσαν
488 2272 603 2342 τὴν
628 2272 746 2343 γῆν
770 2275 809 2342 1)
833 2275 982 2340 δόξα
1008 2291 1145 2343 σου,
1172 2276 1331 2342 ὅπως
1354 2276 1431 2331 ἂν
1446 2273 1760 2345 ῥυσθῶσιν
1780 2281 1834 2332 οὶ

254 2366 550 2435 ἀγαπητοί
580 2381 718 2420 σου.
746 2366 957 2420 Σῶσον
984 2366 1057 2437 τῇ
1085 2366 1255 2435 δεξιᾷ
1285 2382 1424 2430 σου,
1450 2369 1550 2424 καὶ
1579 2368 1835 2423 ἐπάκου-

256 2458 372 2510 σόν
401 2474 540 2526 μου.
586 2458 639 2509 Ὁ
687 2456 833 2523 Θεὸς
873 2456 1183 2525 ἐλάλησεν
1222 2458 1292 2511 ἐν
1320 2457 1400 2524 τῷ
1429 2459 1576 2528 ἁγίῳ
1604 2458 1792 2514 αὐτοῦ
1814 2476 1828 2491 ·

266 2548 693 2617 ’Υψωθήσομαι
733 2548 831 2602 καὶ
860 2548 1135 2618 διαμεριῶ
1165 2550 1399 2619 Σίκιμα,
1433 2550 1533 2604 καὶ
1561 2550 1676 2619 τὴν
1705 2568 1833 2605 κοι-

253 2640 411 2695 λάδα
441 2640 559 2694 τῶν
598 2641 845 2707 σκηνῶν
885 2641 1274 2710 διαμετρήσω.
1314 2642 1563 2696 ’ἱκετεύω
1597 2644 1689 2697 καὶ
1718 2643 1834 2697 δέο-

258 2751 355 2804 μαι
396 2734 561 2804 τάχος
593 2734 874 2805 ἐπιστῆναι
904 2735 1004 2805 τὴν
1036 2735 1213 2806 χάριν,
1255 2736 1349 2788 καὶ
1389 2735 1448 2789 σὲ
1489 2736 1580 2790 τὸν
1608 2736 1831 2807 ὕψιστον

252 2826 384 2879 Θεὸν
404 2827 495 2881 τὸν
520 2828 579 2881 ὲν
614 2830 726 2890 τοῖς
751 2828 997 2899 οὐρανοῖς
1022 2827 1359 2900 ὑμνούμενον
1383 2828 1712 2900 γνωσθῆναι,
1739 2830 1832 2883 καὶ

251 2920 349 2990 τὴν
392 2918 592 2973 σαυτοῦ
629 2918 786 2984 δόξαν
829 2918 1070 2991 φανερὰν
1117 2921 1339 2991 ποιῆσαι
1387 2922 1480 2974 ἐπὶ
1520 2922 1700 2975 πᾶσαν
1731 2921 1831 2993 τὴν

250 3011 372 3081 γῆν.
405 3011 607 3065 Τούτου
637 3012 745 3084 γὰρ
781 3013 1095 3083 γενομένου,
1140 3012 1499 3085 ρυσθήσονται
1531 3014 1581 3067 οἱ
1614 3016 1831 3086 ἀγαπη-

250 3105 331 3157 τοί
362 3122 456 3158 σου
484 3106 591 3158 ἀπὸ
616 3105 714 3176 τῆς
740 3107 943 3177 πικρᾶς
971 3106 1216 3170 δουλείας
1244 3106 1338 3159 καὶ
1364 3107 1738 3177 αἰχμαλωσίας
1763 3109 1829 3179 ἣν

251 3193 581 3247 πεπόνθασιν
626 3196 931 3268 ὑποχείριοι
973 3197 1276 3267 γενόμενοι.
1318 3196 1529 3250 Σῶσον
1555 3195 1630 3265 τῇ
1662 3195 1830 3264 δεξιᾷ

248 3302 386 3350 σου,
418 3286 516 3342 καί
545 3288 1042 3357 ἐπάκουσόνμου.
1084 3290 1144 3342 Ὁ
1163 3289 1307 3355 Θεὸς
1327 3289 1635 3357 ἐλάλησεν
1658 3289 1728 3342 ἐν
1750 3288 1830 3354 τῷ

249 3377 392 3446 ἁγίῳ
440 3379 646 3433 αὑτοῦ.
679 3378 774 3441 Τίς
800 3373 867 3449 ἦν
914 3381 941 3432 6
981 3378 1135 3447 ἅγιος
1182 3378 1416 3450 αύτοῦἢ
1461 3380 1489 3432 ὁ
1534 3377 1828 3451 μονογενὴς

2012 2181 2178 2238 Vens.
2215 2182 2248 2235 6
2272 2210 2290 2222 -
2312 2182 2366 2237 8.
2398 2180 2656 2236 Exaltare
2686 2197 2841 2250 super
2872 2180 3047 2243 caelos,
3083 2179 3244 2243 Deus,
3283 2191 3333 2234 et
3363 2197 3520 2252 super

1940 2292 2143 2330 omnem
2182 2284 2378 2329 terram
2405 2274 2582 2345 gloria
2625 2282 2737 2338 tua,
2770 2284 2827 2327 ut
2869 2272 3154 2327 liberentur
3185 2272 3367 2327 dilecti
3414 2277 3514 2331 tui.

1941 2368 2156 2425 Salvum
2185 2368 2271 2438 [ac
2297 2368 2514 2422 dextera
2542 2379 2654 2431 tua,
2685 2375 2735 2421 et
2771 2367 2965 2421 exaudi
2994 2383 3092 2421 me.
3138 2366 3278 2422 Deus
3308 2368 3516 2423 locutus

1938 2473 2014 2518 est
2044 2464 2098 2517 in
2127 2471 2309 2517 sancto
2339 2478 2435 2516 suo
2460 2476 2478 2514 :
2515 2460 2805 2514 Exaltabor
2838 2468 2888 2513 et
2917 2458 3150 2513 dividant
3182 2458 3438 2524 Sichima,
3464 2470 3518 2517 et

1938 2556 2225 2612 convallem
2250 2553 2712 2609 tabernaculorum
2736 2553 3005 2609 dimetiar.
3030 2551 3272 2607 Obsecro
3302 2566 3518 2623 precare

1938 2664 2064 2719 que,
2096 2648 2205 2701 cito
2234 2645 2427 2700 adesse
2457 2644 2709 2715 gratiam,
2742 2658 2849 2713 qua
2872 2650 2926 2697 te
2974 2641 3301 2697 altissimum
3344 2640 3514 2697 Deum

1938 2736 1995 2791 in
2040 2734 2197 2791 ccelis
2243 2734 2575 2789 celebratum
2610 2746 2924 2795 noscamus,
2959 2739 3014 2786 et
3059 2730 3230 2801 gloria
3278 2739 3373 2786 tua
3417 2746 3516 2802 per

1936 2841 2151 2881 omnem
2183 2833 2382 2880 terram
2424 2822 2715 2878 manifesta
2741 2822 3020 2877 reddatur.
3058 2820 3171 2877 Hoc
3195 2820 3340 2877 enim
3375 2836 3515 2891 per-

1937 2926 2083 2987 acto,
2108 2917 2293 2973 dilecti
2325 2916 2405 2971 tui
2438 2930 2470 2969 a
2500 2914 2637 2969 dura
2675 2914 2937 2971 servitute
2968 2920 3231 2969 eruentur
3270 2922 3325 2968 ct
3355 2928 3387 2970 a
3420 2927 3515 2968 ca-

1936 3010 2180 3081 ptivitate
2199 3025 2305 3080 qua
2323 3008 2532 3064 subacti
2551 3013 2604 3063 et
2623 3007 2803 3065 amicti
2828 3012 2975 3064 sunt.
2996 3004 3212 3060 Salvum
3231 3004 3318 3074 [ac
3337 3004 3515 3061 dexte-

1936 3120 2000 3157 ra
2040 3113 2153 3165 tua,
2177 3110 2227 3156 et
2253 3098 2447 3155 exaudi
2479 3116 2578 3153 me.
2611 3098 2747 3157 Deus
2778 3098 2981 3153 locutus
3011 3106 3087 3152 est
3108 3099 3163 3151 in
3183 3106 3366 3151 sancto
3391 3111 3511 3155 suo.

1935 3194 2072 3261 Quis
2117 3200 2236 3248 erat
2277 3200 2503 3248 sanctus
2548 3190 2642 3245 Dei
2685 3189 2791 3245 nisi
2836 3188 3008 3247 Filius
3049 3189 3385 3258 unigenitus,
3415 3188 3513 3258 qui

1934 3302 2061 3343 vere
2089 3292 2315 3341 sanctus
2344 3290 2398 3339 et
2431 3282 2665 3338 dilectus
2702 3288 2788 3338 est
2824 3300 2835 3334 :
2870 3296 2965 3351 per
2997 3296 3159 3350 quem
3188 3278 3332 3336 Deus
3376 3278 3512 3349 ipsis

1936 3377 2003 3431 ad
2034 3374 2405 3446 supradictam
2435 3372 2758 3437 orationem,
2788 3386 2908 3439 qua:
2932 3369 3011 3425 sic
3036 3370 3197 3427 habet
3220 3387 3233 3423 :
3255 3367 3513 3425 Exaltare

249 3470 404 3534 Παῖς,
439 3472 466 3523 6
507 3468 583 3523 ὢν
630 3469 844 3542 ἀληθῶς
884 3470 1038 3539 ἅγιος
1075 3471 1168 3523 καὶ
1198 3471 1500 3541 ἀγαπητὸς,
1530 3471 1599 3525 δι’
1638 3464 1698 3525 οὗ
1723 3471 1822 3543 τὴν

1939 3484 2079 3537 super
2109 3467 2285 3532 cmlos,
2322 3464 2486 3529 Deus,
2527 3464 2838 3534 respondet,
2882 3462 3217 3527 Exaltabor;
3263 3461 3332 3516 ad
3375 3461 3512 3519 illud

247 3562 537 3633 ἀπόκρισιν
566 3564 860 3633 ἐποιήσατο
882 3562 1019 3635 πρὸς
1045 3563 1143 3635 τὴν
1163 3563 1519 3619 ἀποδοθεῖσαν
1544 3565 1708 3637 εὐχὴν
1731 3566 1829 3619 αύ-

245 3656 358 3717 τοῖς
387 3657 415 3708 6
444 3654 606 3719 Θεὸς·
640 3656 777 3726 πρὸς
808 3657 905 3728 μὲν
941 3653 1035 3709 οὖν
1077 3656 1175 3727 τὴν
1217 3657 1382 3727 εὐχὴν
1419 3657 1516 3729 τὴν
1543 3660 1823 3728 φήσασαν’

259 3745 553 3815 ’Υψώθητι
579 3748 678 3801 ἐπὶ
698 3748 840 3816 τοὺς
873 3747 1190 3816 οὐρανοὺς,
1223 3750 1257 3801 ό
1286 3746 1452 3813 Θεὸς,
1475 3748 1828 3819 ἀποκρίνεται

247 3838 438 3906 λέγων,
478 3837 921 3908 ⁸Υψωθήσομαι,
956 3838 1091 3909 πρὸς
1118 3837 1176 3890 δὲ
1219 3837 1310 3890 τό·
1347 3839 1454 3893 Καὶ
1490 3839 1585 3891 ἐπὶ
1623 3838 1829 3895 πᾶσαν

246 3929 362 3999 τὴν
399 3928 517 4000 γῆν
559 3932 598 3999 ἡ
642 3930 792 3996 δόξα
826 3946 963 3994 σου,
998 3928 1156 3984 πάλιν
1196 3929 1547 4000 ἀποκρίνεται
1587 3928 1657 3984 τά
1697 3931 1827 3984 ἀκό-

246 4019 409 4073 λουθα
435 4019 543 4073 ἀπὸ
584 4018 699 4083 τοῦ,
740 4017 1154 4087 Ὑψωθὴσομαι
1178 4017 1277 4069 καὶ
1301 4016 1575 4086 διαμεριῶ
1594 4018 1826 4086 Σίκιμα,

247 4113 342 4167 καί
368 4111 482 4180 τὴν
509 4111 759 4166 κοιλάδα
778 4109 897 4165 τῶν
920 4108 1167 4178 σκηνῶν
1191 4108 1585 4179 διαμετρήσω.
1612 4110 1827 4179 Ταύτην

246 4203 443 4267 τοίνυν,
478 4202 632 4273 φησὶ,
668 4202 765 4271 τὴν
808 4200 1051 4265 κοιλάδα,
1080 4198 1327 4253 τουτέστι
1355 4200 1535 4253 πᾶσαν
1580 4199 1677 4270 τὴν
1717 4199 1824 4253 τῶν

245 4293 544 4367 ἀνθρώπων
564 4294 906 4364 οἰκουμένην,
924 4294 1003 4356 εἰς
1028 4291 1231 4377 σκηνάς
1253 4291 1618 4362 διαμετρήσω,
1638 4292 1826 4364 ὥσπερ

1929 3579 2057 3619 vero
2092 3582 2104 3618 :
2140 3561 2205 3614 Et
2251 3576 2405 3630 super
2446 3575 2650 3613 omnem
2703 3568 2899 3612 terram
2945 3558 3119 3628 gloria
3156 3565 3270 3620 tua,
3316 3570 3519 3612 rursus

1930 3662 2297 3725 congruenter
2336 3652 2553 3723 reponit
2595 3651 2664 3707 ab
2712 3650 2799 3709 his
2830 3650 3013 3705 verbis
3067 3668 3081 3704 :
3127 3648 3424 3703 Exaltabor
3460 3656 3511 3703 et

1930 3747 2162 3801 dividam
2193 3744 2448 3807 Sichima,
2473 3752 2523 3798 et
2544 3742 2829 3796 convallem
2858 3740 3315 3796 tabernaculorum
3345 3739 3510 3794 diom-

1931 3841 2058 3894 tiar.
2098 3837 2270 3899 Hane.
2304 3838 2502 3908 inquit,
2531 3835 2857 3900 convallem,
2883 3835 2939 3913 id
2961 3841 3046 3890 est
3075 3833 3388 3890 universum
3419 3849 3509 3888 or-

1934 3931 2078 3995 bem,
2113 3930 2168 3983 in
2202 3930 2560 3984 tabernacula
2615 3927 2889 3992 dimetiar,
2944 3927 3101 3996 quasi
3154 3926 3271 3981 loca
3318 3939 3510 3981 eorum

1934 4023 2165 4077 metiens
2188 4030 2243 4077 et
2270 4022 2622 4085 describens;
2653 4018 2890 4074 dividam
2942 4017 2999 4072 in
3025 4018 3375 4073 tabernacula
3412 4031 3508 4088 per

1934 4115 2179 4185 singulas
2206 4114 2477 4179 civitates,
2506 4121 2561 4168 et
2600 4112 2856 4183 regiones
2880 4119 2932 4167 et
2956 4110 3106 4165 vicos
3135 4129 3148 4165 :
3172 4124 3236 4163 ac
3264 4125 3506 4174 rursum,

1932 4205 2284 4259 tabernacula
2330 4204 2463 4259 mihi
2509 4204 2826 4271 dimetiens,
2873 4217 2938 4259 ac
2994 4217 3093 4274 per
3144 4202 3264 4256 loca
3315 4200 3506 4257 distri-

1930 4296 2138 4364 buens;
2174 4297 2228 4351 id
2254 4304 2339 4354 est
2368 4297 2652 4351 universas
2682 4311 2780 4366 per
2818 4294 3006 4352 orbem
3038 4293 3331 4350 Eeclesias.

244 4384 605 4458 χωρομετρῶν
656 4386 749 4438 καὶ
792 4384 1161 4457 καταγράφων
1212 4382 1438 4447 αὐτούς·
1479 4384 1825 4457 διαμετρήσω
1858 4388 1937 4452 εἰς
1968 4388 2171 4460 σκηνὰς
2200 4390 2343 4442 κατά
2374 4390 2551 4443 πᾶσαν
2574 4387 2748 4451 πόλιν,
2775 4389 2868 4443 καὶ
2917 4386 3098 4458 χώραν
3144 4387 3238 4440 καὶ
3279 4383 3503 4457 κώμην·

244 4482 337 4535 καὶ
373 4482 556 4546 πάλιν,
605 4480 808 4551 σκηνὰς
844 4480 1066 4551 ἐμαυτῷ
1103 4480 1410 4550 διαμετρῶν
1453 4482 1544 4534 καὶ
1576 4484 1960 4555 χωρομετρῶν,
1986 4485 2232 4539 τουτέστι
2260 4484 2360 4549 τὰς
2386 4483 2697 4554 ἁπανταχοῦ
2732 4482 3078 4553 Ἐκκλησίας.

329 4601 503 4668 Ἔμός
532 4601 663 4653 ἐστι
684 4598 952 4663 Γαλαὰδ,
984 4600 1081 4653 καὶ
1111 4600 1253 4669 ἐμός
1289 4600 1421 4655 ἐστι
1452 4603 1823 4671 Μανασσῆς.

2007 4605 2173 4661 Vens.
2219 4607 2274 4670 9,
2314 4606 2404 4660 10.
2438 4604 2588 4660 Meus
2618 4613 2695 4658 est
2731 4601 2960 4667 Galaad,
2995 4610 3043 4655 et
3091 4616 3235 4655 meus
3268 4609 3346 4655 est
3384 4597 3504 4653 Ha-

242 4690 341 4744 καὶ
386 4691 629 4760 Ἐφραὶμ
669 4691 997 4759 ἀντίληψις
1036 4689 1145 4758 τῆς
1190 4692 1462 4761 κεφαλῆς
1501 4712 1643 4763 μου.
1686 4698 1821 4751 Ἰού-

240 4783 351 4847 δας
405 4784 708 4850 βασιλεύς
763 4801 914 4853 μου,
966 4784 1148 4838 Μωὰϐ
1194 4785 1375 4853 λέϐης
1424 4784 1532 4853 τῆς
1576 4789 1824 4857 ἐλπίδος

237 4891 375 4943 μου.
422 4875 636 4944 Ἐπειδὴ
678 4874 915 4946 Ἐφραῒμ
946 4877 1042 4929 καὶ
1070 4878 1366 4949 Μανασσῆς
1401 4879 1507 4931 υἱοὶ
1537 4880 1823 4949 γεγόνασιν

254 4966 469 5037 Ἰωσὴφ,
509 4967 771 5037 κατέσχον
813 4967 871 5021 δὲ
910 4969 961 5020 οἱ
1010 4969 1074 5021 ἐκ
1114 4968 1318 5022 τούτων
1349 4969 1449 5040 τὴν
1481 4972 1820 5045 καλουμένην

240 5058 423 5130 χώραν
454 5060 686 5124 Γαλαὰδ,
740 5060 833 5113 καὶ
875 5060 974 5132 τὴν
1009 5063 1191 5134 Συχὲμ
1223 5064 1315 5117 καὶ
1347 5065 1449 5135 τὴν
1481 5066 1818 5138 Σαμάρειαν,

208 5220 215 5225 1
240 5150 368 5204 ἔνθα
385 5153 446 5204 τὸ
472 5151 740 5221 βασίλειον
762 5155 1101 5225 συνειστήκει
1128 5154 1222 5207 τοῦ
1269 5156 1484 5229 Ἰσραήλ
1505 5174 1518 5188 ο
1552 5159 1640 5212 διὰ
1661 5158 1822 5214 τοῦτο

240 5243 432 5297 ἑαυτοῦ
461 5261 624 5315 φησιν
659 5241 797 5299 εἶναι
831 5246 923 5299 καὶ
947 5246 1187 5313 τούτους,
1226 5248 1316 5304 τὸν
1343 5250 1401 5303 δὲ
1430 5249 1670 5323 Ἐφραῖμ
1700 5254 1819 5306 κατ’

240 5336 516 5407 ἐξαίρετον
538 5338 627 5392 διὰ
652 5337 751 5410 τὴν
773 5339 831 5405 ἐξ
864 5338 1028 5393 αὐτοῦ
1057 5343 1332 5395 συστᾶσαν
1360 5342 1658 5412 βασιλείαν,
1692 5363 1821 5414 κρα-

239 5425 459 5479 ταίωσιν
492 5429 746 5500 ὀνομάζει
773 5431 872 5502 τῆς
911 5432 1150 5503 κεφαλῆς
1181 5434 1396 5489 ἑαυτοῦ.
1452 5434 1682 5503 Ἰούδας
1702 5438 1820 5501 ,βα-

236 5518 450 5583 σιλεύς
478 5537 620 5588 μου,
658 5523 828 5575 Μοὰϐ
859 5522 1042 5590 λέϐης
1090 5522 1202 5592 τῆς
1243 5525 1491 5592 ἐλπίδος
1524 5546 1663 5596 μου.
1714 5529 1819 5582 Τὸν

248 5606 449 5661 Ἰούδαν
492 5610 714 5680 βασιλέα
744 5613 935 5667 ἐαυτοῦ
975 5611 1132 5679 εἶναι,
1166 5616 1333 5685 λέγει.
1366 5618 1635 5689 Πρόδηλον
1660 5620 1716 5673 δὲ
1739 5621 1819 5673 ὅτι

239 5699 379 5752 κατὰ
404 5702 495 5755 τὸν
535 5704 856 5762 Ἀπόστολον
889 5709 948 5777 ἐξ
993 5710 1160 5765 Ἰούδα
1187 5711 1548 5767 ἀνατέταλκεν
1572 5715 1600 5767 6
1626 5712 1817 5785 Σωτὴρ

312 5858 357 5889 ⁸³
399 5858 587 5915 Matth.
628 5880 677 5928 v,
714 5863 766 5919 8.

1930 4716 2111 4754 nosses
2138 4715 2155 4752 :
2181 4707 2232 4752 et
2255 4696 2513 4766 Ephraim
2538 4696 2798 4766 susceptio
2824 4695 3016 4763 capitis
3056 4693 3177 4747 mei.
3218 4691 3248 4745 J
3258 4692 3367 4746 uda
3413 4708 3505 4746 rea:

1931 4806 2098 4854 meus,
2139 4788 2298 4844 Moab
2351 4788 2487 4843 lebes
2532 4787 2641 4856 spei
2683 4801 2828 4841 meas.
2858 4784 3128 4850 Quoniam
3166 4781 3423 4852 Ephraim
3451 4790 3506 4837 et

1932 4882 2212 4939 Manasses
2242 4882 2337 4936 lilii
2386 4881 2594 4951 Joseph
2644 4879 2919 4943 feruntur,
2965 4890 3269 4945 eorumque
3300 4874 3504 4945 posteri

1928 4976 2228 5047 regionem,
2274 4990 2397 5043 qua:
2438 4973 2643 5028 Galaad
2692 4971 3011 5030 vocabatur,
3056 4977 3417 5038 occuparunt,
3452 4974 3506 5022 et

1929 5066 2162 5138 Sycbem
2196 5074 2250 5122 et
2276 5066 2603 5130 Samariam,
2633 5064 2722 5119 ubi
2767 5062 2913 5135 regia
2945 5056 3161 5119 lsraelis
3204 5068 3353 5125 erat;
3383 5057 3506 5113 ideo

1926 5159 2049 5214 illos
2087 5174 2218 5214 suos
2259 5175 2383 5214 esse
2410 5157 2565 5222 dicit,
2595 5170 2660 5210 ac
2700 5154 2958 5223 prraim
2993 5152 3122 5222 quia
3155 5165 3219 5213 ex
3264 5149 3388 5220 ipso
3420 5164 3507 5204 re-

1925 5266 2091 5322 gnum
2115 5250 2426 5314 eonstabat,
2458 5247 2833 5303 fortitudinem
2858 5245 3054 5315 capitis
3077 5244 3163 5300 sui
3198 5258 3296 5314 per
3322 5240 3503 5298 excel-

1926 5343 2147 5397 lentiam
2176 5348 2354 5395 vocat.
2380 5338 2528 5394 Iuda
2553 5354 2645 5394 rea:
2669 5355 2835 5405 meus,
2865 5336 3024 5393 Moab
3049 5336 3186 5395 labes
3213 5336 3324 5405 spei
3351 5350 3500 5390 meat.

1923 5432 2119 5488 Judam
2160 5448 2340 5503 regem
2372 5446 2494 5488 esse
2521 5446 2680 5489 suum
2712 5430 2866 5486 dicit.
2930 5429 3276 5485 Manifestum
3318 5434 3500 5483 autem

1923 5535 2008 5583 est
2038 5526 2336 5581 secundum
2370 5524 2713 5594 Apostolum,
2760 5523 3099 5578 Salvatorem
3126 5530 3181 5576 et
3209 5518 3498 5576 Dominum

1925 5627 2173 5674 nostrum
2212 5616 2397 5673 .Iesum
2427 5616 2707 5673 Christum
2742 5621 2995 5673 exortum
3025 5628 3151 5671 esse
3181 5609 3436 5679 exJuda,
3468 5628 3497 5665 a

1926 5728 2034 5783 quo
2084 5711 2293 5783 regium
2342 5725 2516 5784 genus
2572 5710 2934 5767 constitutum
2966 5713 3071 5766 est.
3121 5710 3183 5765 In
3226 5706 3315 5765 his
3367 5705 3498 5762 item
