3992 6404
465 368 596 445 1331

1084 396 1357 469 EUSEBII
1397 395 1879 454 CAESARIBNSIS
1916 394 2066 451 OPP.
2111 392 2290 448 PARS
2331 391 2416 449 ΙΙΙ.
2447 424 2515 434 -
2558 390 2970 449 EXEGETICA.

3607 389 3760 445 1532

463 524 646 563 sermo
675 508 930 582 Ephraim
957 524 1010 569 et
1033 511 1231 571 Judam
1262 527 1540 585 recenset;
1580 517 1839 589 quoniam
1872 524 2036 575 totum

2149 516 2242 568 καὶ
2273 513 2475 586 Κύριος
2509 513 2666 586 ἡμῶν
2710 513 2919 586 Ἰησοῦς
2944 515 3198 585 Χριστὸς,
3231 514 3289 580 ἐξ
3319 506 3381 569 οὗ
3416 512 3659 583 συνέστη
3692 510 3757 565 τὸ

463 599 774 655 Iudaeorum
809 618 979 674 genus
1021 606 1155 660 olim
1210 608 1266 662 in
1292 608 1401 663 duo
1456 624 1621 685 regna
1672 609 2048 677 dividebatur;

464 694 771 751 vaticinans
816 711 926 750 non
970 697 1113 752 ultra
1172 697 1411 754 futuram
1461 700 1777 771 hnjusmodi
1826 699 2052 754 divisio-

463 799 589 839 nem
636 800 780 851 esse,
823 787 918 843 sed
969 790 1139 847 totius
1194 792 1372 863 gentis
1426 794 1890 862 coniunctionem.
1925 792 2052 848 Haec

464 892 630 946 porro
660 880 932 950 completa
963 892 1093 938 sunt
1128 883 1183 937 in
1218 882 1455 939 adventu
1498 884 1713 941 Domini
1756 895 1810 940 et
1856 884 2051 941 Serva-

464 971 602 1027 toris
628 974 804 1029 nostri
841 973 972 1031 Jesu
1016 975 1245 1033 Christi.
1294 978 1371 1033 Eo
1407 981 1608 1051 quippe
1652 988 1895 1050 tempore
1928 981 2051 1034 uni-

463 1080 621 1121 versa
669 1082 805 1138 gens
857 1065 1173 1125 Judaaorum
1226 1072 1283 1126 in
1328 1071 1521 1127 unum
1558 1073 1814 1138 redacta,
1872 1088 2050 1142 neque

465 1157 607 1211 ultra
662 1159 718 1213 in
781 1176 947 1231 regna
1003 1162 1113 1218 duo
1153 1163 1329 1219 divisa
1375 1164 1496 1219 fuit.
1548 1166 1891 1236 Quapropter
1930 1163 2049 1235 pari

464 1246 677 1302 ratione
724 1246 981 1329 Servator
1012 1250 1364 1325 Evangelium
1414 1257 1566 1326 regni
1622 1255 1949 1327 praedicabat
1995 1262 2048 1310 et

463 1340 517 1392 in
564 1344 754 1397 Omnes
784 1343 967 1400 tribus
1019 1344 1207 1400 eorum
1261 1348 1558 1418 discipulos
1602 1350 1850 1405 mittebat
1892 1365 2045 1406 suos.

460 1428 607 1485 Juda
637 1449 729 1487 rex
766 1451 931 1499 meus,
962 1434 1121 1490 Moab
1144 1438 1279 1494 lebes
1315 1443 1424 1508 spei
1452 1458 1598 1497 meae.
1635 1441 1772 1497 Cum
1796 1442 1861 1496 bi:
1875 1456 2047 1513 porro

2158 606 2427 678 βασίλειον
2462 606 2637 674 γένος.
2686 605 2917 675 Συνάγει
2949 606 3005 659 δέ
3042 608 3100 659 ἐν
3134 607 3345 669 τούτοις
3385 607 3413 659 6
3443 605 3609 672 λόγος
3656 604 3755 657 τὸν

2166 698 2401 771 Ἐφραίμ
2419 699 2511 753 καὶ
2528 699 2619 751 τὸν
2647 697 2867 762 Ἰούδαν,
2883 697 3071 770 ἐπειδὴ
3085 697 3147 750 τὸ
3162 697 3388 752 παλαιὸν
3416 696 3665 770 διῃρείτο
3689 698 3753 750 τὸ

2153 792 2261 845 πᾶν
2302 790 2571 844 Ἰουδαίων
2604 789 2758 854 ἔθνος
2799 792 2879 853 είς
2910 789 3001 843 δύο
3050 789 3346 860 βασιλείας,
3378 789 3752 861 προφητεύων

2156 883 2352 955 μηκέτι
2403 882 2620 936 ἔσεσθαι
2660 881 2756 953 τὴν
2800 880 3079 935 διάστασιν
3110 879 3335 950 ταύτην,
3380 879 3494 933 ἀλλ’
3544 879 3749 932 ἕνωσιν

2150 973 2245 1027 τοῦ
2277 975 2477 1037 παντὸς
2513 972 2717 1037 ἔθνους.
2764 971 3099 1043 Ἐπληροῦτο
3146 972 3203 1025 δὲ
3240 971 3335 1024 καὶ
3379 970 3552 1025 ταῦτα
3598 970 3746 1023 κατὰ

2150 1065 2248 1137 τὴν
2278 1065 2599 1133 ἐπιφάνειαν
2625 1063 2719 1117 τοῦ
2744 1064 2951 1135 Κυρίου
2978 1064 3069 1117 κοιλ⁵
3089 1064 3340 1134 Σωτῆρος
3370 1062 3527 1134 ἡμῶν
3562 1061 3746 1133 Ἰησοῦ

2150 1156 2407 1229 Χριστοῦ.
2449 1158 2661 1211 Ἥνωτο
2683 1156 2812 1226 γοῦν
2834 1158 2952 1210 κατ’
2977 1156 3216 1219 ἐκείνους
3250 1156 3376 1219 τοὺς
3411 1155 3645 1227 χρόνους
3684 1156 3747 1209 τὸ

2150 1252 2259 1304 πᾶν
2299 1250 2451 1315 ἔθνος
2500 1250 2607 1303 τῶν
2651 1250 2942 1311 Ἰουδαίων,
2988 1248 3169 1302 οὐκέτι
3216 1250 3282 1302 ἐκ
3323 1248 3416 1301 δύο
3448 1247 3747 1318 βασιλειιῖιν

2146 1342 2511 1415 διῃρημένων.
2548 1342 2641 1395 Διὸ
2687 1342 2782 1395 καὶ
2809 1342 3011 1412 ὁμοίως
3037 1342 3333 1413 ἐκήρυττεν
3372 1342 3401 1394 6
3444 1341 3643 1413 Σωτὴρ
3682 1341 3747 1395 τὸ

2148 1433 2480 1503 Εὐαγγέλιον
2512 1434 2610 1504 τῆς
2641 1433 2937 1504 βασιλείας,
2978 1432 3073 1485 καὶ
3101 1433 3181 1495 εἰς
3215 1432 3393 1495 πάσας
3417 1431 3523 1496 τὰς
3564 1430 3745 1501 φυλὰς

462 1524 660 1594 inquit,
693 1526 747 1580 in
781 1512 981 1597 primis~
1001 1537 1053 1584 et
1079 1531 1133 1585 in
1162 1533 1430 1603 principio
1460 1518 1760 1590 vocationis
1805 1535 2036 1606 suscepti

2148 1526 2329 1581 αὐτῶν
2357 1528 2483 1591 τοὺς
2519 1526 2718 1579 ἑαυτοῦ
2755 1524 3003 1597 μαθητὰς
3042 1524 3442 1589 ἐξαπέστειλεν.
3504 1524 3745 1591 Ἰούδας

464 1614 705 1681 fuerint;
757 1632 867 1671 non
926 1627 1109 1673 tamen
1166 1616 1481 1692 alienigenae
1528 1624 1604 1677 illi
1636 1625 1851 1694 pejores
1893 1640 1924 1678 a
1958 1642 2036 1681 me

2140 1620 2443 1685 ,βασιλεύς
2485 1638 2634 1689 μου,
2682 1619 2865 1673 Μωὰϐ
2910 1618 3094 1685 λέϐης
3158 1615 3271 1686 τῆς
3310 1615 3563 1682 ἐλπίδος
3591 1635 3739 1686 μου.

466 1709 629 1785 alieni
658 1719 854 1779 erunt;
888 1713 982 1767 sed
1017 1716 1182 1768 etiam
1208 1715 1383 1784 ipsum
1416 1715 1592 1783 Moab,
1623 1714 1712 1772 eui
1744 1719 1873 1773 olim
1903 1721 2036 1775 veti-

2147 1712 2365 1767 Τούτων
2394 1714 2470 1779 δὲ,
2498 1714 2684 1785 φησὶν,
2713 1714 2771 1766 ἐν
2798 1710 3035 1783 πρώτοις
3070 1711 3165 1764 καὶ
3194 1712 3253 1765 ἐν
3297 1711 3438 1781 ἀρχῇ
3470 1710 3574 1781 τῆς
3601 1709 3743 1782 κλή-

464 1806 582 1854 tum
635 1800 703 1855 ad
752 1800 1053 1858 Ecclesiam
1099 1804 1315 1859 Domini
1356 1806 1640 1871 accedere,
1678 1796 1960 1863 admittam
1984 1794 2036 1865 el

2148 1822 2287 1869 σεως
2341 1805 2952 1878 παραλαμϐανομένων,
3000 1805 3120 1858 οὐδὲ
3159 1805 3209 1857 οί
3255 1802 3363 1856 τῶν
3415 1803 3745 1872 ἀλλοφύλων

458 1891 762 1962 excipiam:
820 1894 873 1949 id
934 1895 1079 1970 enim
1130 1912 1313 1967 spero.
1341 1896 1497 1951 Moab
1546 1898 1678 1975 lebes
1740 1901 1849 1969 spei
1896 1918 2036 1974 mete,

2151 1900 2366 1971 χείρους
2391 1899 2659 1971 ἀλλότριοι
2686 1917 2788 1971 μου
2818 1900 3263 1970 καταστήσονται,
3289 1896 3423 1951 ἀλλὰ
3449 1896 3549 1951 καὶ
3576 1896 3745 1951 αὐτὸν

458 1981 679 2038 Clarius
732 1991 915 2040 autem
968 1995 1022 2041 et
1071 1986 1314 2057 apertius
1367 1988 1485 2043 haec
1533 1974 1873 2061 interpretati
1923 2004 2036 2047 sunt

2152 1993 2355 2046 ἐκεῖνον
2388 1991 2478 2046 τὸν
2515 1991 2711 2056 Μωὰϐ,
2740 1990 2833 2045 τόν
2880 1991 3322 2063 ἀπηγορευμένον
3363 1990 3747 2061 παραϐάλλειυ

455 2073 653 2153 Aquila
686 2084 740 2131 et
768 2077 959 2147 quinta
985 2077 1175 2145 editio,
1203 2080 1289 2135 bis
1313 2082 1509 2146 verbis,
1536 2080 1695 2138 Moab
1732 2085 1864 2140 lebes
1903 2086 2049 2141 lava-

457 2171 535 2222 cri
587 2172 727 2234 mei;
780 2168 832 2225 id
871 2180 976 2235 est,
1019 2174 1408 2242 receptaculum
1450 2176 1649 2231 lavacri
1703 2179 1839 2242 mei;
1889 2178 2049 2250 Sym-

456 2260 689 2337 machus
746 2277 896 2331 vero,
929 2260 1077 2328 Erit,
1118 2264 1317 2334 inquit,
1351 2265 1511 2320 Moab
1562 2267 1697 2323 lebes
1743 2270 2045 2325 securitatis

455 2366 605 2404 meae.
644 2348 846 2405 Verum
898 2352 1121 2408 memini
1159 2354 1437 2412 audivisse
1463 2372 1550 2412 me
1578 2373 1607 2412 a
1649 2357 1886 2428 quodam
1933 2358 2043 2415 He-

454 2442 626 2521 braeo,
660 2444 763 2499 sub
792 2455 1006 2500 secreto
1038 2445 1095 2523 in
1117 2445 1231 2525 haec
1260 2446 1377 2502 loca
1406 2449 1732 2504 sententiam
1755 2438 2037 2507 tradente:

455 2536 548 2606 qui
571 2536 658 2607 his
689 2538 917 2617 mystice
942 2526 1210 2595 declarari
1234 2540 1455 2597 dicebat
1488 2540 1692 2598 Christi
1728 2545 2039 2613 generatio-

454 2643 579 2682 nem
631 2629 933 2684 secnndum
978 2645 1225 2697 carnem,
1247 2648 1415 2703 quam
1448 2620 1487 2688 ia
1517 2650 1715 2705 genere
1749 2633 1907 2709 Moab
1942 2618 2041 2706 per

453 2719 605 2803 Ruth
624 2720 973 2804 Moabitidem
995 2718 1314 2803 assumpsit,
1336 2741 1402 2781 ex
1418 2714 1811 2796 qua'oriundus
1834 2706 1917 2781 est
1943 2728 2036 2781 rex

452 2811 646 2880 David,
703 2815 864 2884 cujus
920 2831 988 2870 ex
1037 2817 1245 2872 semine
1286 2816 1541 2873 Christus
1577 2816 1674 2874 Dei
1732 2817 2034 2875 secundum

452 2889 676 2960 carnem
703 2906 924 2979 genitus
954 2914 1058 2969 est,
1094 2907 1189 2977 qui
1220 2906 1384 2961 etiam
1414 2908 1481 2963 ad
1508 2906 1736 2964 Joannis
1762 2908 2033 2978 baptisma

452 3004 507 3053 et
556 2997 625 3052 ad
667 2987 949 3053 lavacrum
981 2997 1238 3056 Jordanis
1271 2980 1527 3057 accessit.
1562 2999 1723 3055 Moab
1754 3000 1887 3055 lebes
1923 3002 2034 3071 spei

451 3075 599 3157 mete.
634 3083 731 3141 His
776 3102 1013 3158 quoque.
1062 3097 1120 3143 ut
1151 3076 1367 3144 videtur
1392 3089 1546 3155 mihi,
1583 3078 1759 3162 gratia
1791 3090 2034 3146 vocatio-

450 3177 540 3247 nis
583 3165 740 3233 MOab
777 3194 808 3233 a
842 3178 954 3235 De'o
1013 3180 1370 3263 promittitur,
1405 3165 1514 3253 non
1549 3178 1659 3237 alio
1682 3182 1847 3237 modo
1872 3170 2030 3253 pera-

2149 2087 2231 2149 είς
2267 2085 2591 2156 Ἐκκλησίαν
2614 2085 2820 2157 Κυρίου
2851 2085 3231 2157 προσλήψομαι
3262 2083 3356 2137 καὶ
3379 2082 3739 2153 ὑποδέξομαι.

2149 2176 2319 2231 Τοῦτο
2361 2177 2467 2249 γάρ
2503 2175 2727 2241 ἐλπίζω.
2755 2176 2943 2231 Μωὰϐ’
2962 2176 3145 2243 λέϐης
3172 2174 3285 2243 τῆς
3308 2173 3563 2239 ἐλπίδος
3592 2190 3739 2243 μου.

2147 2268 2480 2339 Λευκότερον
2504 2266 2562 2320 δὲ
2594 2266 2687 2321 καὶ
2715 2266 3042 2339 σαφέστερον
3065 2266 3163 2337 τὴν
3191 2266 3428 2319 διάνοιαν
3453 2265 3743 2335 ἡρμήνευ-

2148 2376 2238 2413 σεν
2265 2362 2293 2414 6
2329 2358 2561 2422 Ἀκύλας
2609 2360 2705 2412 καὶ
2744 2360 2778 2429 ἡ
2821 2359 3045 2430 πέμπτη
3084 2358 3322 2421 ἔκδοσις·
3368 2357 3501 2427 παρ’
3535 2350 3623 2418 οἷς
3662 2356 3742 2409 εί-

2144 2471 2329 2525 ρηται,
2357 2452 2540 2506 Μωὰϐ
2558 2450 2741 2520 λέϐης
2755 2451 2863 2505 τοῦ
2881 2449 3138 2520 λουτροῦ
3153 2468 3295 2519 μου,
3322 2448 3607 2511 τουτέστι,
3640 2447 3742 2501 δο-

2141 2545 2309 2614 χεῖον
2354 2546 2462 2601 τοῦ
2504 2543 2763 2612 λουτροῦ
2791 2560 2939 2613 μου·
2970 2544 2997 2595 6
3030 2543 3087 2595 δέ
3134 2540 3450 2625 Σύμμαχος,
3488 2541 3738 2601 Ἔσται,

2142 2640 2327 2709 φησὶν,
2376 2642 2410 2693 ό
2459 2639 2641 2692 Μωὰϐ
2687 2636 2874 2705 λέϐης
2931 2636 3282 2706 ἀμεριμνίας
3315 2651 3453 2703 μου.
3504 2629 3652 2687 Οἶδα
3682 2632 3740 2685 δὲ

2138 2730 2250 2799 ἐγὼ
2290 2716 2530 2794 ἀκούσας
2558 2729 2716 2799 λόγον
2746 2730 2804 2782 ἐν
2828 2729 3125 2801 ἀπορῤήτῳ
3154 2724 3600 2799 παραδεδομένον
3630 2723 3741 2777 ὑπό

2135 2810 2281 2886 τινος
2309 2821 2559 2895 Ἑϐραίου
2582 2824 2663 2887 είς
2682 2822 2810 2885 τοὺς
2828 2821 3026 2885 τόπους
3047 2838 3061 2852 ο
3088 2818 3362 2892 μυστικῶς
3382 2817 3493 2887 γὰρ
3523 2815 3739 2885 ἔφασκε

2134 2914 2423 2987 δηλοῦσθαι
2456 2916 2546 2970 διὰ
2582 2903 2693 2971 τῶν
2726 2914 3102 2988 προκειμένων
3127 2912 3227 2985 τὴν
3250 2910 3390 2965 κατὰ
3422 2910 3613 2982 σάρκα
3640 2908 3737 2962 τοῦ

2133 3009 2370 3080 Χριστοῦ
2412 3009 2665 3081 γέννησιν
2690 3009 2798 3065 ἀπὸ
2845 3007 2941 3062 τοῦ
2986 3007 3176 3076 γένους
3198 3003 3293 3058 τοῦ
3336 3001 3517 3058 Μωὰϐ
3554 3017 3740 3070 παρα-

2132 3098 2431 3173 ληφθεῖσαν
2469 3100 2558 3155 διὰ
2596 3100 2696 3171 τὴν
2740 3100 3023 3154 Μωαϐῖτιν
3064 3096 3242 3162 Ῥοὺθ,
3285 3097 3379 3165 ἀφ’
3404 3090 3475 3167 ἧς
3514 3095 3738 3163 γίνεται

2132 3174 2231 3246 καὶ
2252 3192 2414 3247 Δαυῖδ
2431 3196 2459 3247 6
2485 3192 2757 3263 βασιλεὺς,
2786 3187 2847 3247 οὗ
2869 3195 2934 3247 ἐκ
2955 3192 3267 3264 σπέρματος
3289 3190 3352 3242 τὸ
3375 3187 3526 3242 κατὰ
3550 3188 3737 3261 σάρκα

450 3268 648 3351 gend‘a,
671 3270 775 3324 nisi
798 3285 892 3351 per
908 3271 1180 3326 lavacrum
1199 3272 1649 3342 regenerationis.
1670 3272 1807 3328 Cum
1838 3273 2030 3331 Moabo

2140 3287 2162 3339 ὁ
2189 3285 2422 3356 Χριστὸς
2451 3262 2547 3338 τοῦ
2568 3284 2702 3339 Θεοῦ
2740 3262 3080 3356 γεγέννηται,
3114 3285 3143 3338 6
3170 3282 3264 3336 καὶ
3294 3282 3386 3335 ἐπὶ
3408 3279 3506 3334 τοῦ
3547 3282 3739 3336 Ἰωάν-

450 3361 583 3415 talia
623 3362 893 3433 promissa
931 3363 1060 3427 sint,
1089 3364 1247 3439 paria.
1271 3364 1340 3419 de
1378 3364 1607 3434 reliquis
1656 3365 1908 3435 gentibus
1934 3380 2029 3421 co-

450 3454 669 3525 gitanda
714 3455 874 3512 nobis
911 3455 1191 3526 relinquit.
1227 3454 1361 3510 Nam
1392 3471 1517 3512 cum
1548 3458 1836 3528 prophetia
1880 3458 2029 3513 Moa-

449 3534 593 3604 bitas
635 3547 907 3620 admittat,
959 3548 1052 3619 qui
1098 3548 1230 3603 olim
1291 3549 1584 3619 proscripti
1634 3560 1822 3616 erant;
1855 3553 2030 3606 mani-

450 3641 647 3713 festum
677 3649 763 3698 est
796 3657 894 3713 per
928 3643 1051 3697 illos
1075 3642 1291 3697 caeteris
1321 3642 1449 3698 item
1483 3643 1737 3714 gentibus
1767 3659 1892 3699 eum
1928 3645 2028 3701 bo-

448 3720 574 3787 nam
604 3748 754 3802 spem
781 3733 1077 3789 ascribere.

2134 3394 2225 3430 νου
2267 3376 2550 3448 βάπτισμα
2590 3378 2684 3431 καὶ
2710 3378 2772 3431 τὸ
2809 3377 3030 3450 λουτρὸν
3062 3376 3122 3429 τὸ
3153 3377 3211 3427 ἐν
3241 3373 3318 3445 τῷ
3354 3372 3607 3445 Ἰορδάνῃ
3632 3390 3742 3427 πα·-

2134 3468 2461 3540 ρεληλυθώς.
2510 3470 2693 3524 Μωὰϐ
2719 3469 2904 3537 λέϐης
2955 3467 3065 3536 τῆς
3096 3466 3346 3532 ἐλπίδος
3373 3481 3525 3534 μου.
3574 3466 3742 3517 Δοκεῖ

2136 3579 2225 3631 μοι
2249 3564 2277 3616 6
2305 3562 2437 3626 Θεὸς
2469 3562 2557 3616 διὰ
2594 3563 2797 3617 τούτων
2843 3562 2938 3616 καὶ
2973 3560 3051 3632 τῷ
3077 3558 3250 3614 Μωὰϐ
3288 3555 3737 3625 ἐπαγγέλλεσθαι

2131 3652 2231 3724 τὴν
2259 3654 2417 3726 χάριν
2437 3655 2535 3725 τῆς
2568 3653 2832 3726 κλήσεως,
2863 3654 2963 3706 ούκ
2986 3652 3158 3714 ἄλλως
3180 3649 3212 3720 ἢ
3238 3647 3325 3702 διὰ
3350 3646 3452 3716 τῆς
3472 3646 3578 3699 τοῦ
3613 3645 3739 3698 λου-

2131 3746 2264 3816 τροῦ
2298 3746 2738 3822 παλιγγενεσίαςτ
2779 3742 3030 3798 Ἐπειδὰν
3061 3742 3118 3793 δὲ
3158 3740 3237 3810 τῷ
3279 3738 3455 3794 Μωὰϐ
3503 3736 3737 3791 τοιαῦτα

448 3826 868 3909 ἐπαγγέλληται,
895 3829 1027 3898 ἡμῖν
1048 3827 1450 3909 καταλιμπάνει
1475 3830 1614 3882 νοεῖν
1643 3829 1737 3882 καὶ
1762 3830 1891 3899 περὶ
1921 3831 2029 3885 τῶν
2058 3833 2256 3891 λοιπῶν
2282 3838 2450 3892 ἐθνῶν
2479 3838 2547 3893 τὰ
2583 3839 2765 3909 ὃμοια.
2828 3837 2958 3889 Ὅτε
3012 3835 3122 3907 γὰρ
3160 3835 3194 3905 ἡ
3238 3830 3551 3903 προφητεία
3604 3830 3737 3891 τοὺς

446 3904 744 3999 Μωαϐίτας
782 3920 1086 4002 προσίεται,
1136 3904 1263 3988 τοῦς
1310 3906 1478 3975 πάλαι
1526 3923 2029 3996 ἀπηγορευμένους,
2060 3929 2237 4002 δῆλον,
2270 3934 2351 3987 ὅτι
2394 3935 2461 3988 δι’
2512 3904 2734 4005 ἐκείνων
2774 3933 2871 3987 καὶ
2916 3933 3029 3994 τοῖς
3069 3904 3271 3992 λοιποῖς
3321 3926 3536 3979 ἔθνεσιν
3587 3925 3735 3993 ἀγα-

448 4010 546 4075 θάς
574 4012 792 4077 ἐλπίδας
819 4004 1145 4085 ὑπογράφει.

517 4100 684 4185 Vens.
712 4105 891 4159 H-M.
917 4104 982 4159 In
1003 4104 1301 4163 Iduma’am
1317 4110 1603 4165 extendam
1625 4113 2036 4170 calceamentum

2220 4115 2345 4166 Ἐπὶ
2378 4113 2492 4180 τὴν
2529 4111 2860 4178 Ἰδουμαίαν
2880 4106 3141 4163 ἐπιϐαλῶ
3166 4107 3232 4162 τὸ
3269 4106 3561 4177 ὑπόδημά
3584 4126 3741 4185 μου,

446 4180 641 4262 meum,
673 4196 801 4251 mihi
837 4198 1142 4269 alienigena:
1162 4200 1363 4255 subditi
1380 4213 1524 4259 sunt.
1544 4203 1676 4270 Quis
1704 4206 1924 4261 deducet
1955 4224 2035 4262 me

2140 4202 2265 4272 ἐμοὶ
2294 4203 2632 4271 ἀλλόφυλοι
2678 4199 3089 4270 ὑπετάγησαν.
3136 4199 3232 4263 Τίς
3273 4197 3491 4262 ἀπάξει
3528 4216 3606 4267 με
3642 4183 3741 4265 εἰς

446 4290 504 4369 in
549 4290 812 4369 ciuitatem
852 4272 1195 4359 munitionis;
1222 4304 1315 4347 aut
1349 4295 1464 4365 quis
1498 4295 1717 4351 deducet
1745 4315 1826 4354 me
1869 4316 2033 4371 usque

2140 4290 2319 4371 πόλιν
2342 4291 2647 4363 περιοχῆς,
2671 4292 2710 4361 ἢ
2739 4293 2833 4357 τίς
2850 4291 3136 4361 ὁδηγήσει
3161 4306 3238 4360 με
3257 4289 3369 4355 ἕως
3396 4288 3512 4358 τῆς
3553 4284 3742 4346 Ἰδουὲ

444 4382 503 4436 in
543 4380 881 4440 Idumazam?
914 4383 1115 4439 .Nonne
1151 4372 1229 4450 tu,
1274 4388 1363 4457 qui
1403 4390 1642 4457 repulisti
1676 4408 1805 4456 nos,
1844 4402 1893 4447 et
1928 4410 2032 4447 non

2140 4386 2315 4455 μαίας
2336 4402 2353 4449 ;
2376 4384 2523 4454 Οὐχὶ
2553 4387 2585 4438 ό
2612 4382 3005 4452 ἀπωσάμενος
3030 4378 3206 4451 ἡμᾶς,
3222 4379 3319 4433 καί
3343 4382 3455 4434 οὐκ
3478 4380 3741 4445 ἐξελεύ-

446 4476 750 4545 egredieris,
814 4476 977 4541 Deus,
1024 4478 1083 4531 in
1138 4478 1417 4533 virtutibus
1460 4483 1701 4538 nostris?
1750 4482 1837 4537 Da
1881 4485 2029 4539 nobis

2140 4494 2241 4548 σῃ,
2276 4482 2309 4532 ὁ
2338 4478 2501 4543 Θεὸς,
2531 4478 2601 4530 ἐν
2648 4475 2777 4542 ταῖς
2803 4473 3134 4543 δυνάμεσιν
3174 4471 3380 4542 ημῶν;
3426 4471 3543 4537 Δὸς
3582 4473 3743 4542 ἡμῖν

448 4569 708 4623 auxilium
746 4570 811 4624 de
846 4570 1207 4637 tribulatione,
1237 4582 1286 4627 et
1316 4591 1451 4628 vana
1477 4576 1625 4629 salus
1659 4576 1907 4633 hominis.
1962 4577 2029 4633 In

2140 4571 2421 4638 βοήθειαν
2446 4571 2515 4625 ἐκ
2542 4571 2819 4638 θλίψεως,
2848 4567 2944 4622 καὶ
2965 4566 3185 4637 ματαία
3206 4566 3469 4633 σωτηρία
3498 4565 3740 4639 cii-09d)-

448 4660 557 4715 Deo
591 4662 847 4731 faciemus
890 4664 1157 4730 virtutem,
1192 4674 1242 4717 et
1280 4666 1389 4733 ipse
1428 4666 1503 4719 ad»
1535 4667 1761 4722 nihilum
1811 4668 2030 4724 deducet

448 4753 763 4809 tribulantes
790 4772 906 4811 nos.
939 4754 998 4810 Id
1027 4764 1133 4819 est,
1157 4757 1465 4812 Ascendam
1495 4768 1549 4812 et
1575 4759 1867 4815 ambulabo
1889 4762 2030 4817 inter

447 4855 659 4916 gentes.
690 4844 911 4901 Idumaei
945 4863 1182 4918 namque
1214 4849 1282 4904 ab
1318 4848 1463 4905 Esau
1494 4850 1589 4903 illo
1610 4866 1780 4906 exoso
1810 4853 2027 4907 oriundi

448 4946 626 5002 erant,
651 4938 720 4993 de
744 4953 856 5010 quo
885 4939 1091 4995 dictum
1121 4948 1207 4997 est
1249 4962 1262 4995 :
1311 4941 1502 4997 Nonne
1529 4943 1698 5012 frater
1726 4955 1841 4999 erat
1882 4944 2029 5000 Esau

446 5028 1050 5093 Iacob,dicitDominus
1068 5036 1113 5067 ⁸³
1129 5037 1157 5090 ἳ-
1200 5046 1254 5090 et
1278 5035 1444 5090 Iacob
1470 5037 1658 5103 dilexi,
1683 5036 1829 5092 Esau
1852 5048 2026 5094 autem

446 5123 565 5178 odio
583 5124 823 5180 habui“.
849 5125 1147 5183 Extendam
1167 5128 1349 5200 igitur,
1369 5131 1565 5201 inquit,
1597 5132 2029 5187 calceamentum

447 5230 651 5279 meum,
676 5231 786 5270 non
810 5218 1046 5288 amplius
1095 5220 1153 5274 in
1182 5220 1368 5285 Israel,
1399 5238 1509 5277 non
1551 5224 1605 5277 in
1646 5222 1887 5278 Iudaeam
1918 5232 2031 5279 ter-

448 5322 584 5372 ram,
614 5323 725 5362 non
754 5308 808 5362 in
838 5307 1176 5383 Jerosolyma
1207 5321 1439 5378 tantum,
1478 5315 1573 5371 sed
1601 5317 1654 5369 in
1679 5316 1825 5370 illam
1850 5300 2023 5387 ipsam

448 5399 694 5454 odiosam
724 5402 1021 5472 regionem.
1053 5404 1357 5460 Ascendam
1398 5407 1581 5477 itaque
1627 5408 1695 5462 ad
1745 5409 1871 5463 illos
1900 5410 2028 5463 olim

448 5490 720 5553 Inimicos,
760 5501 921 5563 atque
964 5510 1059 5550 eos
1095 5498 1396 5551 amicorum
1455 5499 1574 5553 loco
1608 5498 1840 5555 habebo.
1886 5499 2023 5554 Mihi

447 5580 751 5651 alienigena:
780 5584 974 5639 subditi
999 5596 1141 5642 sunt.
1177 5586 1285 5643 Pro
1313 5604 1423 5660 quo
1448 5589 1639 5659 Aquila
1673 5591 1892 5661 quidem
1923 5592 2017 5656 ait,

448 5670 580 5733 Cum
635 5673 963 5731 Philistlueis
1020 5681 1311 5734 amicitiam
1363 5681 1539 5746 inibo;
1593 5683 1785 5754 quinta
1839 5691 2023 5751 autem

518 5830 563 5889 Η
597 5829 824 5893 Malach.
862 5850 912 5889 ι.
947 5834 1000 5889 2.
1076 5836 1122 5868 ⁸⁸
1160 5836 1291 5894 ibid.
1329 5837 1380 5891 5.

2132 4678 2272 4717 που.
2312 4664 2409 4716 Ἐν
2433 4662 2513 4727 τῷ
2545 4660 2666 4726 Θεῷ
2708 4660 3045 4730 ποιήσομεν
3082 4658 3360 4727 δύναμιν,
3402 4657 3501 4709 καὶ
3536 4658 3741 4725 αὐτὸς

2131 4753 2525 4826 ὲξουδενώσει
2594 4753 2735 4818 τοὺς
2787 4753 3101 4815 θλίϐοντας
3166 4747 3345 4819 ημᾶς.
3406 4749 3739 4816 Τουτέστιν,

2146 4845 2511 4916 Ἐπιϐήσομαι
2533 4844 2628 4899 καὶ
2669 4844 3104 4915 ὲμπεριπατήσω
3144 4844 3257 4905 τοῖς
3289 4841 3528 4896 ἔθνεσιν.
3566 4842 3743 4896 Ἰδου-

2137 4942 2285 5010 μαῖοι
2314 4938 2422 5010 γὰρ
2450 4934 2591 5010 ἦσαν
2615 4938 2662 4989 οἱ
2696 4936 2804 4990 ἀπὸ
2834 4935 2925 4989 τοῦ
2954 4934 3329 5007 μεμισημένου
3360 4933 3567 4997 Ἠσαῦ,
3598 4940 3745 5008 περὶ

2132 5027 2191 5086 οὗ
2226 5032 2473 5085 λέλεκται
2496 5048 2510 5061 ⁸
2551 5031 2671 5084 Οὐκ
2722 5028 2983 5099 ἀδελφὸς
3006 5024 3086 5099 ἦν
3125 5028 3307 5083 Ἠσαῦ
3347 5027 3455 5082 τοῦ
3484 5028 3745 5091 Ἱακώ6;

2132 5122 2293 5193 λέγει
2322 5124 2569 5190 Κύριος·
2610 5122 2726 5185 καὶ,
2763 5121 2872 5176 Τὸν
2908 5119 3106 5174 Ἰακὼϐ
3130 5118 3444 5189 ἠγάπησα,
3480 5120 3599 5173 τὸν
3670 5120 3744 5174 δὲ

2143 5216 2325 5275 Ἡσαῦ
2381 5217 2668 5285 ἐμίσησα.
2721 5214 2995 5269 Ἐπιϐαλῶ
3034 5210 3147 5280 οὖν,
3188 5212 3342 5284 φησι,
3374 5212 3435 5271 τὸ
3464 5213 3744 5286 ᾐπόδημά

2133 5329 2257 5382 μου,
2291 5310 2472 5364 ούκέτι
2501 5310 2591 5362 ἐπὶ
2626 5325 2715 5362 τον
2762 5307 2993 5379 Ἰσραὴλ,
3034 5307 3151 5359 οὐδὲ
3191 5308 3285 5358 ἐπὶ
3321 5306 3419 5377 τὴν
3458 5307 3743 5373 Ἰουδαίας

2136 5406 2261 5476 γῆν,
2291 5404 2410 5457 οὐδέ
2431 5403 2523 5455 ἐπὶ
2558 5402 2694 5473 μόνα
2738 5402 2807 5454 τὰ
2845 5398 3213 5471 Ἰεροσόλυμα,
3249 5397 3364 5451 ἀλλ’
3418 5397 3509 5451 ἐπ’
3555 5400 3743 5470 αὐτὴν

2131 5496 2345 5566 ἐκείνην
2395 5495 2493 5566 τὴν
2536 5493 2630 5546 τοῦ
2674 5490 3048 5563 μεμισημένου
3090 5488 3293 5562 χώραν.
3348 5488 3742 5562 Ἐπιϐἡσομειι

2130 5584 2222 5642 οὖν
2252 5591 2363 5650 τοῖς
2390 5586 2556 5641 πάλαι
2587 5585 2820 5657 ἐχθροῖς,
2854 5585 2912 5636 ἐν
2952 5581 3105 5653 χώρᾳ
3164 5580 3332 5649 φίλων
3359 5584 3743 5637 κατατάσσων

2129 5680 2344 5754 αὐτούς.
2402 5679 2556 5750 Ἐμοὶ
2597 5678 2934 5747 ἀλλόφυλοι
2968 5672 3382 5754 ὑπετάγησαν.
3432 5674 3590 5729 Ἀνθ’
3621 5671 3689 5731 οὗ
3718 5680 3742 5729 ἑ
