4014 6410
256 374 396 430 1555

1350 372 1852 428 COMMENTARIA
1886 372 1952 426 IN
1990 373 2328 431 PSALMOS.

3357 373 3507 438 1538

257 490 356 560 μὲν
395 488 624 552 Ἀκύλας
655 488 839 557 φησὶν,
887 488 1017 543 Ἐπὶ
1060 487 1462 554 Φυλισταίους
1491 503 1822 555 συνεταιρι-

1936 489 2125 554 editio,
2177 491 2318 560 apud
2369 493 2662 564 allophylos
2712 493 3042 557 honorabor;
3111 495 3499 568 quinquagesi-

254 577 557 648 σθήσομαι
574 595 587 608 ο
629 579 661 648 ἡ
685 577 743 629 δὲ
768 577 990 649 πέμπτη
1006 576 1236 640 ἔκδοσις,
1271 575 1550 643 Ἐπὶτοὺς
1564 577 1825 646 ἀλλοφύ-

253 670 402 733 λους
428 666 898 737 ἐντιμωθήσομαι
916 684 929 697 ο
963 669 990 720 6
1018 666 1074 720 δὲ
1105 666 1178 721 νθ¹
1202 666 1432 738 ψαλμὸς,
1475 667 1628 736 Ἐμοὶ
1647 667 1828 720 ἀλλό-

254 763 435 826 φυλοι
472 758 878 828 ὑπετάγησαν.
935 757 1193 822 Γνὼσεως
1235 757 1293 810 δὲ
1335 756 1469 812 Θεοῦ⁹
1523 759 1616 811 καὶ
1647 758 1825 828 φιλίας

255 853 350 905 καὶ
390 852 661 922 ἑταιρείας
704 852 797 904 καὶ
850 851 1072 920 ἀγάπης
1119 854 1342 921 σημεῖον
1388 850 1447 902 τὺ
1491 851 1826 921 ὑποταγῆναι

256 943 403 1014 αὑτῷ
430 943 554 1007 τοὺς
595 942 761 996 πάλαι
803 941 1228 1005 ἀνυποτάκτους,
1254 939 1350 994 καί.
1388 939 1696 1010 ἀλλοτρίους
1733 940 1828 1010 μὲν

257 1036 350 1089 τοῦ
392 1034 550 1100 Θεοῦ,
585 1033 925 1106 ὑποχειρίους
956 1033 1012 1086 δὲ
1034 1032 1249 1104 δαίμοσι
1276 1035 1548 1106 πονηροῖς.

381 1148 505 1222 *ΕΙΣ
524 1148 611 1200 ΤΟ
643 1145 1184 1214 ΤΕΛΟΣ,ΨΑΛΜΟΣ
1210 1146 1296 1215 Τῼ
1308 1145 1524 1201 ΔΑΥΙΔ.
1559 1143 1686 1198 PH’.

333 1217 388 1290 Ὁ
423 1239 586 1304 Θεὸς,
627 1237 743 1304 τὴν
788 1205 1026 1291 αἴνεσίν
1049 1254 1170 1306 μου
1209 1205 1296 1306 μη
1327 1234 1824 1305 παρασιωπήσῃςο
1862 1205 1870 1216 1

255 1330 346 1384 ὅτι
385 1335 579 1402 στόμα
623 1328 973 1400 ἀμαρτωλοῦ
1002 1329 1101 1382 καὶ
1137 1329 1331 1398 στόμα
1371 1327 1579 1382 δολίου
1609 1327 1700 1380 ἐπ’
1724 1325 1830 1397 ἐμὲ

248 1421 528 1491 ἠνοίχθη.
583 1418 926 1487 Ἐλάλησαν
974 1417 1098 1471 κατ’
1159 1416 1304 1487 ἐμοῦ
1333 1415 1580 1486 γλώσσῃ
1633 1414 1826 1483 δολίῃ,

255 1511 353 1565 καὶ
375 1513 577 1581 λόγοις
585 1511 809 1580 μίσους
823 1509 1184 1562 ἐκύκλωσάν
1203 1524 1302 1576 με,
1321 1506 1418 1560 καὶ
1442 1504 1830 1576 ἐπολέμησάν

254 1622 326 1674 με
372 1601 617 1673 δωρεάν.
676 1601 929 1672 Συνήθως
951 1601 1046 1653 καὶ
1071 1600 1128 1652 ὲν
1148 1598 1321 1670 τούτῳ
1345 1599 1464 1652 ἀντὶ
1487 1597 1604 1662 τοῦ,
1646 1601 1732 1663 είς
1762 1605 1828 1650 το

254 1695 448 1760 τέλος,
504 1696 532 1747 ὁ
587 1694 682 1765 μὲν
724 1692 974 1759 Ἀκύλας,
1020 1690 1102 1756 τῷ
1140 1688 1443 1756 νικοποιῷ,
1495 1689 1788 1746 ἐκδέδωκεν
1811 1705 1824 1718 ·

254 1790 283 1840 6
334 1788 391 1840 δὲ
435 1786 730 1857 Σύμμαχος
779 1785 1076 1838 ἐπινίκιον
1134 1781 1354 1854 εἴρηκε·
1416 1782 1698 1852 μονονουχὶ
1753 1780 1830 1834 δι-

254 1856 542 1942 δάσκοντος
562 1856 607 1949 δὴ
617 1879 722 1948 μᾶς
746 1876 840 1932 τοῦ
863 1877 1020 1944 ἀγίου
1043 1873 1182 1927 Πνεύ
1191 1891 1377 1946 ματος,
1407 1875 1487 1927 ὅτι
1516 1873 1579 1943 δὴ
1600 1873 1691 1927 ἐπὶ
1718 1875 1833 1935 τοῖς
1863 1856 1904 1910 Β

255 1972 541 2033 ἐπινικίοις
565 1970 658 2023 τοῦ
694 1968 943 2038 Σωτῆρος
980 1967 1155 2038 ἡμῶν,
1190 1965 1283 2017 καὶ
1320 1967 1432 2028 τοῖς
1457 1966 1599 2017 κατὰ
1619 1962 1713 2016 τοῦ
1739 1962 1834 2014 θα-

255 2065 412 2118 νάτου
465 2063 771 2135 τροπαίοις,
813 2061 904 2114 καὶ
937 2060 1037 2123 τὰς
1068 2058 1346 2128 παρούσας
1378 2057 1558 2127 φωνὰς
1596 2057 1832 2124 ἐγκατα-

253 2155 431 2223 λέγειν
462 2153 751 2224 προσήκει,
779 2153 835 2203 ὲν
869 2143 1351 2220 αἷςὸἀνθρώπινος
1366 2145 1531 2200 αὑτοῦ
1561 2144 1831 2215 παρίστα-

253 2261 342 2297 ται
369 2243 502 2314 βίος,
536 2243 630 2296 καὶ
663 2244 696 2311 ή
739 2239 984 2311 ὑπομονὴ
1020 2239 1127 2292 τῶν
1168 2237 1525 2308 παθημάτων.
1581 2236 1634 2288 Ὁ
1666 2235 1829 2300 Θεὸς,

254 2337 369 2405 τὴν
395 2336 636 2389 αἵνεσίν
667 2352 786 2404 μου
819 2333 906 2402 μὴ
947 2329 1460 2401 παρασιωπήσῃς’
1507 2329 1597 2383 ὅτι
1639 2330 1834 2400 στόμα

251 2427 602 2499 ἁμαρτωλοῦ
654 2425 754 2480 καὶ
804 2425 1000 2494 στόμα
1031 2424 1239 2477 δολίου
1285 2422 1377 2475 ἐπ’
1409 2420 1514 2490 ἐμὲ
1556 2420 1828 2489 ἠνοίχθη.

267 2520 608 2588 Ἐλάλησαν
659 2522 785 2573 κατ’
814 2517 960 2588 ἐμοῦ
987 2515 1234 2588 γλώσσῃ
1262 2514 1456 2582 δολίᾳ,
1492 2513 1590 2568 καὶ
1628 2514 1834 2583 λόγοις

253 2611 468 2677 μίσους
506 2608 864 2664 ἐκύκλωσάν
895 2626 986 2678 με,
1035 2607 1132 2662 καὶ
1176 2605 1565 2676 ἐπολέμησάν
1607 2622 1682 2675 με
1724 2606 1834 2658 δω-

251 2700 418 2770 ρεάν.
473 2702 530 2755 Ὁ
592 2701 784 2772 παρὼν
841 2701 1052 2773 ψαλμὸς
1101 2699 1428 2771 ἀναφέρεται
1477 2700 1558 2762 είς
1619 2697 1832 2770 πρόσωο

253 2810 355 2846 πον
402 2792 496 2846 τοῦ
553 2791 813 2863 Χριστοῦ,
842 2790 1096 2861 tam:qu
1150 2788 1418 2861 περιέχων
1469 2788 1834 2858 αὑτοῢ.Μαρ-

254 2887 409 2956 τυρεί
453 2884 510 2938 δὲ
545 2884 625 2955 τῷ
651 2883 794 2954 λόγῳ
825 2884 858 2954 ἡ
885 2881 1077 2955 Γραφὴ
1106 2881 1215 2934 τῶν
1249 2880 1508 2951 Πράξεων
1561 2879 1668 2933 τῶν
1700 2880 1835 2932 ἀπο-

257 2976 479 3038 στόλων,
534 2973 659 3027 ἔνθα
708 2976 737 3027 ὁ
779 2973 1002 3042 Πέτρος,
1044 2972 1142 3042 τῆς
1182 2968 1277 3024 τοῦ
1334 2969 1592 3042 προδότου
1664 2968 1835 3023 Ἰούδα

254 3064 582 3127 ἐκπτώσεως
637 3062 1013 3134 μνημονεύσας
1049 3101 1063 3125 ,
1137 3060 1230 3113 καὶ
1273 3059 1606 3131 παραινέσας
1649 3059 1836 3131 ἕτερον

253 3158 366 3211 δεῖν
410 3155 822 3228 παραληφθῆναι
857 3155 937 3218 είς
993 3153 1086 3206 τὸν
1113 3151 1223 3207 τῶν
1263 3151 1327 3222 ιβ’
1370 3151 1680 3206 ἀποστόλων
1724 3152 1836 3224 ἀρι-
1862 3195 1905 3253 c

258 3249 414 3320 θμὸν,
468 3248 741 3321 μαρτυρίᾳ
794 3247 1058 3319 κέχρηται
1117 3247 1430 3320 προφητικῇὶ
1474 3243 1632 3315 ἐντῷ
1697 3261 1835 3317 προ-

255 3341 496 3412 κειμένῳ
536 3339 737 3411 ψαλμῷ
787 3337 1072 3409 φασκούσῃ
1095 3354 1110 3368 ·
1138 3335 1458 3404 Γενηθήτω
1494 3337 1534 3405 ἡ
1584 3335 1840 3402 ἔπαυλις

255 3434 442 3488 αὑτοῦ
475 3433 713 3503 ἕρημος,
756 3432 857 3486 καὶ
879 3430 965 3502 μὴ
994 3432 1150 3486 ἔστω
1181 3433 1213 3484 ὁ
1251 3429 1540 3490 κατοικῶν
1561 3429 1632 3484 ἐν
1661 3429 1836 3499 αὐτῇ,

256 3525 357 3580 καὶ
405 3523 519 3594 τὴν
562 3523 905 3593 ἐπισκοπὴν
967 3522 1151 3577 αὐτοῦ
1201 3521 1371 3576 λάϐοι
1417 3521 1645 3590 ἓτερος’
1698 3521 1838 3575 ὥστε

257 3617 401 3672 κατά
430 3617 528 3688 τὴν
586 3617 794 3689 Πέτρου
846 3612 1195 3669 διδασκαλίαν
1238 3614 1368 3683 περὶ
1408 3612 1504 3666 τοῦ
1544 3613 1714 3668 Ἰούδα
1743 3615 1839 3666 αὑ-

257 3709 356 3782 τὴν
413 3707 616 3781 ταύτην
670 3707 919 3781 εἰρῆσθαι
941 3706 1042 3778 τὴν.
1068 3705 1273 3776 φωνὴν,
1304 3706 1400 3760 καὶ
1433 3705 1532 3769 τὰς
1558 3704 1751 3770 λοιπὰς
1780 3706 1838 3758 ἐν

258 3800 337 3876 τῷ
360 3798 558 3872 ψαλμῷ
585 3799 912 3872 φερομένας.
956 3798 1023 3855 ’0.
1040 3799 1221 3852 τοίνυν
1246 3796 1436 3869 Σωτὴρ
1466 3796 1554 3851 διὰ
1574 3796 1682 3852 τῶν
1706 3814 1839 3870 προ-

260 3892 527 3964 κειμένων
555 3891 856 3965 ἀρχόμενος
885 3890 1262 3963 ἀνθρωπίνως,
1309 3888 1386 3953 ὡς
1424 3887 1711 3960 γενόμενος
1747 3888 1840 3943 ἀν-

261 3985 504 4058 θρωπος,
552 3984 740 4057 μείνας
768 3984 824 4038 δὲ
858 3983 1011 4047 Θεὸς,
1052 3981 1188 4053 ὅπερ
1217 3976 1306 4053 ἦν,
1337 3979 1568 4035 ἱκετεύει
1592 3980 1684 4034 τὸν
1721 3981 1841 4034 ἑαυ-

263 4077 357 4137 τοῦ
390 4077 609 4149 Πατέρα
637 4076 712 4147 μὴ
751 4074 1090 4148 κατορθῶσαι
1119 4073 1246 4139 τοὺς
1285 4073 1731 4137 ἐπιϐουλεύοντας
1769 4076 1838 4145 τῇ

263 4168 460 4231 ἑαυτοῦ
515 4169 740 4240 σπουδῇ.
794 4166 1004 4238 Σπουδὴ
1042 4166 1100 4220 δὲ
1146 4164 1310 4220 αὑτοῦ
1360 4167 1508 4220 πᾶσα
1549 4160 1618 4237 ἦν
1648 4164 1838 4218 σϐέσαι

265 4256 365 4327 μὲν
395 4256 454 4321 ἐξ
493 4255 794 4329 ἀνθρώπων
833 4257 1013 4309 πᾶσαν
1053 4254 1515 4326 είδωλολατρείαν,
1546 4255 1750 4309 αίνεσιν
1783 4256 1839 4309 δὲ

262 4346 337 4418 τῷ
372 4349 548 4419 [Ia-cpt
581 4346 1023 4419 καταστήσασθαι
1057 4347 1150 4399 ἐπὶ
1194 4345 1294 4416 τῆς
1323 4348 1424 4417 γῆς
1444 4363 1458 4376 ⁶
1487 4345 1516 4398 ὃ
1552 4346 1616 4418 δὴ
1643 4347 1699 4400 ἐν
1726 4346 1840 4399 ἑτέ-

267 4457 378 4517 ροις
424 4439 664 4492 διδάσκει
731 4437 934 4506 λέγων’
990 4436 1318 4508 Ἀπαγγελῶ
1369 4439 1434 4491 τὸ
1487 4438 1673 4509 ὄνομά
1722 4455 1838 4494 σου

1931 595 2054 634 mus
2104 597 2234 636 vero
2280 599 2462 638 nonus
2510 585 2754 654 psalmus
2789 585 2968 648 habet,
3031 582 3167 650 Mihi
3196 585 3500 658 alienigenae

1931 672 2129 726 subditi
2161 683 2304 730 sunt.
2338 675 2553 732 Notitia:
2581 693 2712 733 vero
2736 676 2826 732 Dei
2873 685 2928 732 et
2957 677 3212 733 amicitiae
3243 685 3297 734 et
3329 680 3502 735 socie-

1932 768 2059 820 tatis
2087 775 2141 821 et
2171 766 2481 824 dilectionis
2517 770 2729 840 signum
2759 776 2862 833 est,
2889 769 2991 839 ipsi
3023 769 3221 838 subjici
3261 784 3379 834 eos,
3405 771 3499 840 qui

1933 859 2059 912 olim
2118 858 2541 930 inobsequentes
2575 871 2628 916 et
2673 861 2782 917 Deo
2813 862 2976 916 alieni
3002 869 3178 927 erant,
3209 861 3501 932 pravisque

1906 1000 1909 1001 ν
1932 949 2271 1006 daemonibus
2297 950 2522 1007 subditi.

2025 1149 2074 1202 i.
2108 1147 2176 1203 IN
2204 1147 2768 1213 FINEM,PSALMUS
2797 1146 2924 1202 IPSI
2958 1145 3182 1202 DAVID.
3215 1145 3396 1202 CVIII.

2003 1237 2172 1294 Vens.
2202 1239 2256 1306 2,
2289 1241 2342 1294 5.
2376 1239 2539 1304 Deus,
2566 1238 2778 1295 laudem
2805 1257 2975 1294 meam
3009 1257 3070 1293 ne
3102 1238 3352 1302 tacueris,
3376 1237 3500 1307 quia

1934 1346 1991 1382 os
2018 1331 2306 1396 peccatoris
2338 1338 2387 1384 et
2424 1346 2482 1385 os
2513 1329 2687 1385 dolosi
2719 1346 2879 1398 super
2900 1346 2979 1383 me
3012 1339 3247 1398 apertum
3271 1337 3366 1382 est.
3397 1326 3504 1380 Lo-

1934 1423 2041 1474 cuti
2067 1430 2188 1474 sunt
2221 1421 2498 1476 adversum
2529 1438 2612 1476 me
2646 1421 2826 1496 lingua
2861 1421 3068 1485 dolosa,
3096 1429 3145 1474 et
3177 1417 3501 1474 sermonibus

1935 1511 2045 1564 odii
2079 1511 2530 1567 circumdederunt
2559 1530 2660 1579 me,
2683 1523 2731 1567 et
2756 1519 3176 1583 oppugnaverunt
3203 1528 3284 1564 me
3312 1511 3497 1580 gratis.

1934 1602 1992 1657 In
2031 1604 2134 1658 hoc
2161 1604 2287 1658 item
2313 1604 2380 1659 de
2406 1619 2561 1659 more
2585 1619 2684 1675 pro
2716 1605 2828 1670 illo,
2860 1605 2914 1658 in
2950 1604 3128 1673 ﬁnem,
3161 1601 3359 1674 Aquila
3381 1643 3396 1669 ,
3424 1603 3501 1654 vi-

1935 1699 2116 1752 ctoria:
2157 1698 2381 1762 auctori,
2419 1695 2780 1768 Symmachus
2806 1711 2958 1762 vero,
2995 1695 3327 1767 triumphale,
3380 1692 3500 1749 edi-

1936 1789 2035 1842 dit.
2064 1789 2269 1860 Spiritu
2328 1800 2516 1844 sancto
2570 1796 2784 1844 tantum
2841 1804 2951 1846 non
3010 1789 3243 1844 docente
3281 1802 3404 1852 nos,
3446 1786 3501 1840 in

1935 1878 2353 1949 triumphalibus
2380 1877 2680 1934 Salvatoris
2713 1878 2889 1934 nostri
2910 1885 2966 1934 et
2981 1878 3199 1948 tropaeis
3237 1876 3305 1932 de
3332 1882 3504 1932 morte

1934 1971 2125 2043 partis,
2174 1972 2274 2026 has
2322 1986 2484 2026 voces
2537 1969 2782 2041 proferre
2821 1971 3039 2036 debere,
3071 1971 3128 2026 in
3169 1970 3371 2041 quibus
3405 1969 3504 2022 hu-

1933 2081 2094 2120 mana
2124 2065 2244 2134 ejus
2266 2064 2376 2119 vita
2400 2073 2454 2120 et
2484 2065 2776 2120 tolerantia
2799 2065 3142 2120 cruciatuum
3169 2063 3502 2118 declaratur.

1933 2153 2096 2220 Deus,
2122 2151 2334 2206 laudem
2379 2168 2550 2206 meam
2579 2168 2641 2206 ne
2688 2154 2914 2206 tacueris
2939 2196 2952 2216 ,
2987 2153 3112 2221 quia
3136 2166 3191 2203 os
3216 2146 3502 2218 peccatoris

1932 2253 1982 2299 et
2011 2261 2068 2298 os
2102 2243 2274 2298 dolosi
2298 2259 2455 2310 super
2487 2260 2566 2298 me
2599 2253 2836 2314 apertum
2883 2253 2980 2298 est.
3032 2242 3220 2296 Locuti
3265 2251 3386 2294 sunt
3410 2238 3502 2292 ad-

1933 2351 2136 2390 uersum
2159 2351 2239 2389 me
2272 2335 2452 2406 lingua
2479 2335 2687 2401 dolosa,
2716 2345 2765 2390 et
2789 2335 3116 2390 sermonibus
3136 2333 3245 2387 odii
3277 2333 3504 2386 circum-

1932 2428 2189 2484 dederunt
2232 2445 2331 2494 me,
2365 2439 2414 2482 et
2465 2436 2886 2498 oppugnaverunt
2921 2443 3000 2480 me
3028 2425 3215 2496 gratis.
3257 2421 3514 2476 Praesens.

1933 2523 2133 2594 quippe
2163 2522 2408 2592 psalmus
2428 2519 2663 2575 refertur
2685 2517 2751 2572 ad
2773 2532 3061 2588 personam
3081 2513 3305 2578 Christi,
3319 2519 3504 2582 utpote

1933 2615 2026 2686 qui
2083 2613 2368 2684 passiones
2415 2611 2538 2680 ejus
2596 2610 3010 2680 complectatur,
3067 2614 3127 2661 ut
3183 2602 3504 2660 testiﬁcatur

1931 2706 2164 2762 Actuum
2185 2705 2557 2776 apostolorum
2575 2702 2877 2771 Scriptura,
2898 2700 2991 2755 ubi
3016 2701 3206 2754 Petrus
3233 2711 3355 2751 cum
3383 2710 3503 2766 pro-

1933 2798 2126 2853 ditoris
2139 2796 2166 2852 J
2174 2798 2290 2852 uda:
2306 2799 2459 2869 lapsu
2468 2813 2518 2850 m
2540 2800 2917 2857 memorasset,
2946 2806 3010 2846 ac
3025 2790 3324 2845 monuisset
3340 2786 3505 2840 alium

1935 2890 2004 2945 ad
2049 2888 2334 2945 duodecim
2391 2889 2761 2961 apostolorum
2809 2899 3095 2962 numerum
3127 2877 3504 2953 complendum

1935 2984 2214 3056 aggregari
2236 2990 2511 3054 oportere,
2545 2982 2858 3040 testimonio
2888 2995 3024 3035 usus
3055 2983 3138 3033 est
3165 2975 3504 3048 prophetico,

1937 3084 1997 3130 ut
2036 3077 2092 3130 in
2127 3077 2382 3146 praesenti
2421 3075 2634 3146 psalmo
2658 3075 2926 3128 habetur:
2960 3071 3087 3126 Fiat
3113 3068 3370 3122 habitatio
3391 3065 3504 3136 ejus

1937 3170 2167 3234 deserta,
2205 3178 2255 3224 et
2286 3186 2389 3223 non
2416 3169 2486 3222 sit
2523 3168 2615 3238 qui
2655 3165 2910 3221 inhabitet
2951 3164 3119 3228 inea,
3160 3170 3207 3217 et
3242 3160 3503 3229 episcopa-

1940 3272 2051 3315 tum
2093 3261 2206 3328 eius
2263 3262 2488 3330 accipiat
2535 3258 2764 3326 alter";
2797 3257 2872 3311 ita
2917 3264 2976 3310 ut
3019 3253 3318 3310 secundum
3362 3247 3504 3304 Petri

1937 3353 2241 3410 doctrinam
2273 3352 2390 3407 haec
2420 3366 2524 3407 vox
2553 3350 2622 3406 de
2649 3347 2787 3403 Iuda
2813 3346 3020 3417 prolata
3046 3345 3138 3408 sit,
3167 3353 3227 3398 ut
3256 3350 3309 3399 et
3348 3347 3510 3397 caete-

1937 3463 2013 3502 ra:
2034 3446 2089 3500 in
2116 3447 2222 3501 hoc
2249 3446 2458 3516 psalmo
2489 3457 2781 3514 expressae.
2808 3439 3058 3495 Salvator
3083 3438 3246 3508 igitur
3279 3433 3347 3488 ab
3376 3432 3505 3486 alla-

1937 3539 2012 3595 tis
2031 3537 2260 3593 vocibus
2276 3536 2519 3590 humano
2541 3548 2694 3588 more
2715 3547 2898 3594 orsus,
2918 3537 3106 3599 utpote
3124 3528 3287 3582 homo
3308 3522 3506 3586 factus,

1937 3645 2167 3686 manens
2217 3636 2399 3683 tamen
2434 3626 2579 3681 Deus
2612 3632 2672 3680 ut
2715 3631 2854 3688 erat,
2892 3620 3106 3677 Patrem
3135 3619 3386 3673 obsecrat
3439 3629 3505 3668 ne

1938 3723 2292 3779 insidiatores
2323 3718 2557 3775 consilio
2585 3733 2687 3773 suo
2714 3715 2984 3781 ofﬁciant;
3012 3709 3304 3768 consilium
3325 3717 3505 3761 autem

1938 3814 2059 3884 ejus
2114 3819 2288 3868 totum
2338 3819 2483 3876 erat,
2534 3817 2594 3865 ut
2649 3825 2719 3864 ex
2776 3806 3094 3864 hominibus
3140 3800 3505 3858 idololatriam

1939 3920 2155 3960 omnem
2204 3903 2596 3974 exstingueret,
2619 3899 2772 3956 Patri
2822 3915 2954 3955 vero
3006 3896 3220 3956 laudem
3262 3895 3319 3949 in
3361 3900 3506 3948 terra

1940 3995 2296 4052 constitueret
2339 4014 2353 4049 :
2389 3994 2538 4066 quod
2592 3995 2720 4050 item
2773 3994 2899 4049 alibi
2951 3991 3110 4046 docet
3155 3988 3243 4043 his
3277 3984 3456 4041 verbis
3490 3999 3506 4037 :

1941 4085 2194 4142 Narrabo
2227 4103 2415 4142 nomen
2461 4097 2612 4142 tuum
2641 4085 2899 4158 fratribus
2944 4084 3095 4148 meis,
3122 4083 3175 4136 in
3206 4078 3376 4134 medio
3406 4075 3507 4130 Ee-

1940 4181 2112 4236 clesiw
2156 4179 2386 4236 laudabo
2433 4181 2561 4236 te“.
2597 4180 2701 4248 Qui
2730 4187 2910 4235 autem
2946 4177 3068 4233 vitae
3117 4175 3238 4245 ejus
3279 4168 3517 4228 insidias

1940 4272 2226 4342 parabant,
2283 4286 2498 4326 summo
2547 4269 2730 4325 studio
2781 4269 3102 4340 satagebant
3147 4272 3208 4321 ut
3250 4264 3365 4317 haec
3391 4261 3515 4332 ipsa

1940 4365 2061 4418 laus
2090 4363 2310 4418 silentio
2346 4378 2575 4435 prorsus
2605 4365 2930 4419 mitteretur.
2966 4359 3165 4416 Verum
3197 4365 3277 4421 tu,
3310 4354 3508 4425 inquit,

1941 4456 2122 4520 Pater,
2150 4472 2218 4511 ne
2247 4456 2396 4512 sinas
2434 4456 2646 4512 laudem
2693 4456 2863 4511 taceri
2896 4469 3093 4517 meam,
3117 4465 3238 4522 quae
3266 4451 3321 4503 in
3349 4448 3508 4502 hono-

264 4530 388 4594 τοῖς
419 4529 701 4599 ἀδελφοῖς
728 4547 863 4598 μου,
895 4529 965 4582 ἐν
989 4527 1157 4598 μέσῳ
1196 4530 1556 4598 Ἐκκλησίας
1586 4531 1837 4600 ὑμνήσω

1940 4563 2052 4602 rem
2089 4557 2143 4602 et
2177 4547 2403 4618 gloriam
2448 4549 2999 4604 tuam-concinnatur.
3028 4543 3166 4609 Quia
3197 4559 3252 4596 os
3276 4547 3510 4609 peccato-

264 4636 359 4678 σε.
387 4623 448 4675 Οἱ
471 4621 526 4674 δὲ
557 4623 635 4685 εἰς
655 4621 879 4676 θάνατον
906 4619 1055 4690 αὑτῷ
1080 4620 1520 4685 ἐπιϐουλεύοντες
1546 4625 1841 4694 κατασιγά-

265 4731 359 4772 σαι
383 4714 586 4785 ταύτην
608 4714 777 4785 αὑτὴν
794 4713 893 4785 τὴν
914 4714 1117 4767 αίνεσιν
1133 4714 1227 4767 καὶ
1241 4714 1660 4784 κατασιωπῆσαι
1684 4732 1843 4769 σπου-

265 4807 362 4881 δὴν
389 4807 690 4863 ἐποιοῦντο.
733 4805 894 4859 Ἀλλά
945 4807 1032 4870 σὺ,
1058 4806 1243 4876 φησὶν,
1289 4801 1334 4858 ὦ
1370 4805 1572 4880 Πάτερ,
1603 4806 1677 4878 μὴ
1709 4825 1839 4876 συγ-

266 4903 520 4974 χωρήσῃς
543 4897 992 4968 ἀποσιωπηθῆναι
1008 4898 1106 4966 τὴν
1133 4895 1337 4950 αἵνεσίν
1364 4913 1487 4970 μου,
1512 4895 1609 4967 τὴν
1642 4899 1721 4960 είς
1740 4899 1839 4969 τὴν

266 4990 364 5062 σὴν
416 4989 580 5060 τιμὴν
632 4989 726 5042 καὶ
771 4987 924 5052 δόξαν
970 4986 1426 5058 σπουδαζομένην.
1479 4989 1606 5041 Ὅτι
1646 4990 1840 5058 στόμα

266 5077 617 5148 ἀμαρτωλοῦ
678 5076 775 5130 καὶ
817 5078 1011 5145 στόμα
1048 5077 1254 5132 δολίου
1285 5076 1378 5130 ἐπ’
1411 5076 1516 5146 ἐμὲ
1561 5077 1832 5147 ἠνοίχθη.

1942 4638 2017 4696 ris
2055 4647 2105 4691 et
2151 4655 2208 4692 os
2257 4638 2430 4692 dolosi
2483 4654 2639 4706 super
2660 4653 2741 4696 me
2767 4646 3006 4706 apertum
3054 4642 3149 4687 est.
3202 4630 3276 4684 Os
3333 4637 3512 4682 autem

1940 4730 2243 4798 peccatoris
2288 4739 2342 4784 et
2395 4745 2458 4785 os
2488 4730 2664 4784 dolosi
2703 4729 3049 4799 potissimum
3085 4731 3202 4779 erat
3239 4737 3302 4777 os
3328 4718 3517 4774 Phari-
3553 4765 3560 4772 .

1940 4835 2170 4874 sanorum
2211 4829 2265 4875 et
2313 4819 2652 4884 Scribarum,
2689 4820 2781 4890 qui
2825 4833 2949 4872 cum
3005 4813 3283 4887 hypocrisi
3336 4812 3513 4880 ipsum

1946 4903 2261 4974 Magistrum
2309 4915 2362 4961 et
2414 4905 2588 4960 Rabbi
2642 4904 2943 4970 vocabant;
2992 4898 3295 4973 praesertim
3332 4903 3512 4949 autem

1943 4994 2116 5062 Judae,
2149 4997 2241 5066 qui
2299 4995 2638 5052 Salvatorem
2695 5005 2749 5050 et
2789 4994 3077 5050 Dominum
3130 5004 3290 5045 suum
3325 4985 3516 5042 osculo

1944 5085 2206 5153 prodidit.

268 5171 449 5242 Στόμα
496 5171 554 5224 δὲ
595 5171 919 5242 ἀμαρτωλοῦ
948 5172 1042 5226 καὶ
1069 5184 1242 5245 στόμα
1274 5171 1448 5226 δολίου
1481 5173 1713 5242 μάλιστα
1741 5175 1839 5245 μὲν
1871 5180 1963 5237 καὶ
1985 5182 2092 5234 πᾶν
2119 5183 2179 5235 τὸ
2201 5183 2306 5236 τῶν
2327 5183 2630 5254 Φαρισαίων
2669 5182 2762 5235 καὶ
2799 5175 3178 5251 Γραμματέων
3229 5170 3513 5239 ἐτύγχανε,

269 5267 376 5319 τῶν
417 5265 535 5337 μεθ’
583 5267 922 5338 ὑποκρίσεως
994 5268 1155 5322 αὑτὸν
1199 5267 1523 5322 Διδάσκαλον
1567 5271 1662 5322 καὶ
1708 5271 1898 5328 Ῥαϐϐὶ
1951 5277 2393 5342 ἀποκαλούντων,
2451 5277 2738 5349 ἐξαιρέτως
2793 5274 2849 5327 δὲ
2895 5272 2990 5329 τοῦ
3053 5267 3258 5336 Ἰούδα,
3315 5264 3372 5334 ὃς
3425 5263 3517 5321 τὸν

270 5361 465 5416 ἑαυτοῦ
489 5361 718 5432 Σωτῆρα
743 5363 837 5417 καὶ⁵
865 5363 1069 5436 Κύριον
1106 5365 1373 5436 φιλήματι
1401 5363 1701 5434 προεδίδου.

357 5483 701 5554 Ἐλὰλησαν
733 5485 859 5539 κατ’
886 5485 1033 5554 ἐμοῦ
1059 5483 1309 5554 γλώσσῃ
1351 5485 1548 5572 δολία,
1603 5486 1704 5540 καί
1752 5489 1847 5542 λό-

272 5591 396 5642 γοις
421 5576 645 5644 μίσους
671 5575 1026 5631 ἐκύκλωσάν
1068 5594 1164 5646 με,
1212 5577 1310 5631 καὶ
1350 5577 1740 5648 ἐπολέμησάν
1769 5599 1846 5649 με

271 5666 514 5736 δωρεάν.
562 5668 710 5723 Ἀντί
740 5669 846 5724 τοῦ
893 5668 1132 5739 ἀγαπᾷν
1175 5688 1252 5740 με
1296 5670 1686 5727 ἐνδιέϐαλλόν
1737 5691 1811 5743 με
1830 5691 1850 5708 ι-

347 5823 391 5854 ⁹⁵
431 5823 553 5878 Act.
591 5840 628 5891 l,
665 5825 754 5880 20.
831 5826 876 5857 ⁸⁸
915 5825 1055 5883 Psal.
1099 5844 1226 5890 χχι.
1259 5829 1348 5886 ‘23.

2023 5488 2185 5544 Vens.
2222 5490 2275 5543 4.
2312 5488 2499 5543 Locuti
2529 5496 2649 5542 sunt
2677 5485 2952 5570 adversum
2988 5497 3065 5536 me
3100 5480 3279 5548 lingua
3308 5477 3514 5544 dolosa,

1951 5590 2000 5634 et
2031 5581 2355 5634 sermonibus
2397 5579 2506 5634 odii
2553 5575 3001 5632 circumdederunt
3038 5588 3136 5634 me,
3168 5578 3216 5623 et
3248 5583 3519 5639 oppugna-
3555 5597 3559 5600 -

1953 5682 2135 5729 verunt
2164 5689 2243 5728 me
2276 5675 2464 5745 gratis.
2497 5671 2607 5726 Pro
2637 5688 2694 5726 eo
2725 5679 2780 5722 ut
2812 5684 2892 5722 me
2936 5665 3234 5734 diligerent,
3276 5657 3516 5715 detrahe-
