4014 6410
523 333 654 389 1555
1177 336 1442 393 EUSEBII
1483 339 1962 401 CIESARIENSIS
1998 345 2147 402 OPP.

2193 348 2372 404 PARS
2408 350 2474 406 ill
2498 393 2510 406 .
2551 379 2620 390 ——-
2658 349 3066 408 EXEGETICA.
3646 352 3823 411 1336

517 447 634 502 bant
672 447 803 502 mihi
825 465 843 502 :
875 465 967 520 ego
993 460 1164 505 autem
1187 452 1427 507 orabam.
1464 453 1599 507 Cum
1628 454 1774 509 enim
1801 454 1976 521 illum,
2002 466 2066 511 ut-

2190 460 2305 529 ὲτπὼ
2367 460 2438 514 δὲ
2485 463 2942 531 προσηυχόμην.
2974 463 3103 515 Δέον
3138 468 3246 536 γὰρ
3267 466 3483 536 αγαπᾷν
3509 466 3584 530 ὡς
3626 467 3823 536 εὐερη

513 548 634 611 pote
662 538 986 606 beneﬁcum,
1021 557 1084 597 ac
1112 558 1222 598 non
1249 559 1539 615 corporum
1580 548 1761 613 modo,
1797 549 1890 604 sed
1920 551 2082 606 etiam

511 631 818 688 animarum
846 632 1119 689 medicum
1156 634 1381 706 diligere
1409 636 1751 706 debuissent,
1779 640 1860 704 illi
1891 651 2084 698 contra

510 721 816 778 calumnias
842 724 1107 779 adversus
1138 740 1262 780 eum
1292 726 1624 782 conﬂabant.

576 809 741 868 Vens.
776 813 829 869 5.
864 812 970 869 Pro
991 832 1049 869 eo
1075 825 1133 870 ut
1154 832 1234 871 me
1252 816 1891 888 diligerent,detrahebant
1915 822 2042 876 mihi
2064 838 2082 874 :

506 918 595 973 ego
625 914 801 959 autem
830 907 1068 962 orabam.
1105 906 1173 961 Et
1200 919 1486 976 posuerunt
1508 912 1784 966 adversum
1823 931 1904 969 me
1939 916 2085 970 mala

504 1011 600 1063 pro
630 995 801 1062 bonis,
840 1008 889 1052 et
925 999 1105 1053 odium
1138 1017 1233 1069 pro
1277 1001 1555 1056 dilectione
1586 1020 1699 1057 mea
1733 1021 1751 1058 :
1783 1004 2083 1077 discipulos

505 1100 657 1143 meos
686 1095 897 1145 tantum
922 1106 1031 1146 non
1056 1107 1220 1162 opere
1239 1092 1442 1149 docens
1464 1096 1655 1166 quales
1680 1112 1803 1155 esse
1826 1097 2081 1163 debeant,

504 1178 551 1235 si
585 1182 805 1251 quando
848 1183 905 1237 in
954 1186 1104 1255 paria
1153 1184 1417 1241 incidant.
1451 1185 1588 1253 Quia
1638 1204 1767 1243 vero
1795 1190 1851 1244 in
1900 1191 2082 1247 medio

504 1270 724 1338 dicitur,
757 1273 870 1345 Ego
910 1286 1083 1329 autem
1132 1277 1371 1342 orabam,
1403 1278 1497 1335 sed
1542 1295 1790 1349 quaenam
1844 1296 1944 1351 pro
1973 1283 2081 1339 illis

504 1373 825 1432 precaretur
856 1368 1064 1436 scripto
1098 1382 1206 1421 non
1238 1368 1508 1423 traditur:
1542 1370 1815 1440 quispiam
1852 1388 1962 1428 non
1991 1373 2078 1428 in—

502 1454 785 1511 commode
826 1456 1044 1521 dixerit,
1081 1459 1257 1528 ipsum
1305 1460 1418 1517 haec
1451 1478 1571 1533 qum
1610 1463 1794 1531 jacent
1839 1480 1939 1535 pro
1973 1466 2080 1521 illis

499 1542 665 1598 etiam
722 1554 1003 1615 precatum
1036 1564 1180 1615 csse,
1227 1567 1347 1621 quae
1387 1552 1650 1608 doctrinm
1686 1553 1855 1624 ipsius
1901 1555 2079 1611 allinia

497 1640 657 1687 erant
686 1634 918 1691 dicentis
946 1636 1141 1693 :Orate
1176 1655 1270 1709 pro
1300 1640 1609 1697 (cedentibus
1643 1653 1692 1697 et
1727 1648 2079 1713 persequenti-

501 1721 597 1776 bus
629 1740 717 1778 vos
740 1724 807 1780 ⁸⁷.
859 1724 928 1780 Et
969 1740 1263 1797 posuerunt
1295 1732 1572 1787 adversum
1597 1751 1678 1788 me
1696 1734 1839 1789 mala
1858 1752 1952 1805 pro
1982 1737 2075 1792 bo-

2186 554 2371 625 γέτην,
2422 555 2516 608 καὶ
2564 554 2637 625 μὴ
2672 554 2831 624 μόνον
2872 555 2982 608 τῶν
3027 557 3315 627 σωμάτων,
3362 558 3499 611 ἀλλὰ
3530 560 3631 614 καὶ
3680 560 3821 612 τῶν

2184 645 2371 715 ψυχῶν
2407 646 2588 717 ἰατρόν
2608 662 2622 675 ·
2654 646 2703 699 οί
2726 645 2799 719 ⁴δὲ
2838 645 3088 712 διαϐολὰς
3120 647 3391 720 ἔρραπτον
3426 651 3547 705 κατ’
3574 651 3820 708 αὐτοῦ.

2268 798 2415 851 Ἀντὶ
2443 798 2548 852 τοῦ
2576 799 2816 868 ἀγαπᾷν
2858 818 2935 870 με
2974 800 3361 856 ἐνδιέϐαλλόν
3384 820 3458 872 με
3481 821 3495 834 ·
3539 804 3674 875 ἐγὼ
3730 802 3822 857 ea

2184 892 2636 960 προσηυχόμην.
2687 892 2797 947 Καὶ
2836 892 3041 948 ἔθεντο
3084 893 3210 947 κατ’
3241 894 3389 963 ἐμοῦ
3436 895 3587 949 κακὰ
3639 894 3819 951 ἀντὶ

2183 980 2438 1050 ἀγαθῶν,
2491 982 2587 1036 καὶ
2607 982 2788 1052 μῖσος
2820 984 2952 1038 ἀντὶ
2982 983 3092 1053 τῆς
3119 985 3475 1054 ἀγαπήσεώς
3498 1004 3650 1057 μου·
3696 1006 3818 1058 μο-

2183 1073 2393 1145 νονουχὶ
2420 1075 2513 1129 καὶ
2534 1076 2659 1139 τοὺς
2692 1074 2816 1146 ἐμοὶ¹
2836 1075 3304 1148 μαθητευομένους
3332 1078 3477 1151 ἔργῳ
3499 1079 3817 1134 διδάσκων

2182 1166 2397 1230 ὁποίους
2413 1166 2505 1220 καὶ¹
2527 1166 2723 1231 αὐτοὺς
2746 1162 2882 1220 εἶναι
2900 1170 3183 1239 προσήκει,
3208 1171 3259 1223 εί
3282 1187 3411 1224 ποτε
3430 1173 3541 1236 τοῖς
3560 1173 3817 1244 ὁμοίοις

2182 1258 2581 1329 περιπίπτοιεν.
2634 1258 2785 1313 Ἐπεὶ
2816 1258 2872 1312 δὲ
2909 1261 3090 1332 μέσως
3138 1263 3350 1334 εἴρηται
3394 1263 3485 1317 τό·
3530 1264 3689 1335 Ἐγὼ
3729 1265 3817 1319 δὲ

2182 1351 2619 1420 προσηυχόμην
2640 1367 2653 1381 ο
2685 1350 2806 1404 τίνα
2832 1351 2891 1405 δὲ
2929 1347 2998 1424 ἦν
3046 1352 3083 1407 ἃ
3118 1354 3457 1425 προσηύχετο
3501 1357 3594 1410 καὶ
3634 1358 3815 1429 ὑπὲρ

2181 1441 2422 1507 ἐκείνων,
2451 1442 2551 1495 οὐκ
2588 1444 2919 1517 ἐμφέρεται’
2957 1444 3101 1500 εἴποι
3118 1446 3162 1499 δ’
3196 1447 3260 1501 ἄν
3294 1465 3379 1510 τις
3407 1449 3669 1515 εἰκότως,
3708 1450 3815 1504 ὅτι

2181 1534 2352 1588 ταῦτα
2375 1536 2716 1607 προσηύχετο
2748 1537 2842 1591 καὶ
2886 1538 3025 1609 ὑπὲρ
3056 1539 3299 1604 ἐκείνων,
3333 1539 3369 1595 ἃ
3409 1539 3471 1613 δὴ
3499 1541 3813 1611 σύμφωνα

2178 1622 2247 1696 ἦν
2271 1628 2389 1691 ταῖς
2425 1627 2590 1682 αὐτοῦ
2617 1628 3008 1695 διδασκαλίαις,
3035 1631 3104 1683 δι’
3126 1623 3200 1685 ὧν
3233 1631 3439 1701 ἔφασκε
3463 1652 3475 1664 ·
3511 1635 3810 1701 Προσεύ-

2182 1722 2363 1788 χεσθε
2416 1718 2569 1788 ὑπὲρ
2614 1718 2735 1774 τῶν
2786 1720 3234 1791 ἐπηρεαζόντων
3284 1723 3385 1778 καὶ
3431 1724 3807 1779 διωκόντων

500 1813 603 1877 nis,
634 1823 684 1869 et
726 1815 906 1870 odium
943 1834 1038 1887 pro
1065 1819 1347 1881 dilectione
1372 1841 1505 1878 mea.
1550 1823 1664 1881 Hac
1695 1825 1763 1882 de
1808 1842 1866 1883 re
1890 1828 2066 1884 dicen-

2180 1807 2354 1878 ὑμᾶς.
2378 1840 2447 1849 -
2467 1811 2577 1865 Καὶ
2603 1811 2809 1868 ἔθεντο
2833 1816 2962 1867 κατ’
2991 1814 3137 1884 ἐμοῦ
3168 1816 3321 1870 κακὰ
3345 1816 3477 1870 ἀντὶ
3505 1815 3801 1887 ἀγαθῶν,

498 1902 628 1963 dum
660 1906 833 1973 nihil,
876 1924 999 1964 cum
1046 1911 1278 1968 historia
1323 1918 1634 1987 evangelica
1666 1918 2078 1976 multitudinem

497 1993 913 2065 beneﬁciorum,
937 2017 1058 2071 qua:
1094 2003 1412 2063 incarnatus
1440 2006 1759 2067 hominibus
1790 2011 2076 2083 impertiit,

497 2087 909 2158 complectatur,
959 2108 1084 2148 cum
1117 2096 1330 2153 scilicet
1378 2108 1595 2167 curaret
1628 2117 1846 2161 omnem
1886 2118 2073 2159 eorum

496 2175 811 2249 languorem
835 2188 890 2236 et
917 2181 1310 2241 inﬁrmitatem.

561 2332 728 2391 Vsus.
756 2337 913 2394 6-10.
964 2337 1238 2413 constitue
1288 2361 1444 2414 super
1470 2363 1587 2400 eum
1635 2362 1978 2419 peccatorem,
2024 2362 2074 2407 et

492 2424 746 2488 diabolus.
768 2437 867 2497 stet
899 2446 931 2483 a
961 2430 1163 2515 destris
1202 2435 1337 2501 eius.
1364 2433 1468 2506 Qui
1508 2439 1674 2494 etiam
1708 2441 1885 2512 ipsum
1916 2460 2075 2499 ener-

492 2518 658 2583 vavit,
688 2532 751 2574 ac
784 2522 1055 2588 omnibus,
1087 2540 1207 2595 quae
1237 2527 1390 2597 prius
1422 2529 1477 2583 in
1509 2529 1700 2585 dextra
1737 2535 1933 2589 animae
1960 2551 2073 2591 sua}

490 2618 645 2677 parte
693 2610 974 2680 possidere
1021 2617 1335 2687 videbatur,
1382 2622 1561 2694 ipsum
1610 2627 1883 2697 spoliavit.
1934 2629 2069 2685 Cum

486 2698 780 2768 iudicatur,
817 2714 969 2759 exeat
1000 2709 1399 2782 condemnatus,
1433 2725 1483 2771 et
1525 2720 1695 2773 oratio
1730 2721 1842 2790 ejus
1878 2723 1975 2793 ﬁat
2013 2726 2069 2779 in

487 2803 777 2860 peccatum.
813 2796 978 2853 Fiant
1002 2800 1111 2856 dies
1140 2803 1253 2873 ejus
1283 2808 1461 2874 pauci,
1491 2818 1541 2863 et
1576 2812 1931 2883 episcopatum
1954 2816 2068 2886 ejus

487 2888 713 2955 accipiat
746 2889 880 2945 alter
918 2908 937 2945 :
987 2893 1121 2961 ﬁant
1150 2896 1251 2965 ﬁlii
1299 2898 1411 2967 ejus
1436 2900 1678 2970 orphani,
1712 2914 1762 2959 et
1797 2922 1931 2960 uxor
1952 2908 2068 2977 ejus

485 2977 663 3033 vidua.
684 2979 946 3038 Nutantes
977 2986 1368 3055 transferantur
1396 2991 1498 3059 ﬁlii
1524 2995 1658 3064 ejus,
1678 3007 1727 3051 et
1752 2999 2065 3068 mendicent,

484 3069 768 3141 ejicia‘ntur
796 3073 861 3129 de
884 3074 1299 3135 habitationibus
1327 3083 1459 3138 suis.
1496 3084 1805 3145 Verisimile
1833 3101 1917 3146 est
1953 3091 2068 3149 haec

484 3160 664 3231 reipsa
696 3177 758 3217 ac
784 3167 1083 3222 secundum
1107 3170 1310 3226 nudam
1342 3174 1577 3230 litteram
1609 3187 1797 3239 contra
1820 3184 2063 3253 prodito~
2092 3158 2134 3215 c

485 3264 601 3305 rem
633 3259 757 3323 post
794 3258 1213 3327 suspensionem
1255 3262 1377 3333 ejus
1430 3268 1698 3338 completa
1752 3270 1949 3343 fuisse;
1986 3275 2060 3330 ita

485 3348 547 3395 ut
571 3341 667 3397 lilii
693 3345 916 3413 quidem
941 3347 1061 3420 ejus
1093 3353 1324 3423 orphani
1354 3367 1561 3425 essent,
1586 3369 1641 3415 et
1670 3377 1807 3425 uxor
1837 3341 1956 3434 ejus
1980 3367 2061 3420 vi-

483 3434 613 3499 dua,
642 3446 946 3511 caeteraque
969 3444 1152 3501 omnia
1177 3461 1299 3516 quas
1330 3459 1691 3507 recensentur
1721 3454 1787 3509 ad
1821 3455 2057 3514 litteram

484 3524 648 3583 linem
705 3532 1056 3600 sortirentur,
1098 3543 1152 3592 et
1202 3540 1483 3608 praadictio
1526 3542 1830 3603 Salvatoris
1860 3550 2057 3616 nostri,

480 3617 576 3687 qui
607 3618 722 3674 haec
755 3618 939 3677 futura
985 3624 1042 3679 in
1088 3628 1299 3697 psalmo
1348 3634 1773 3704 pratnuntiabat,
1816 3653 1943 3692 vera
1966 3638 2059 3694 de-

479 3708 929 3778 prehenderetur.
961 3713 1086 3772 ﬂaac
1124 3718 1256 3774 item
1280 3719 1554 3793 intelligas
1589 3729 1790 3797 populo
1828 3728 2058 3785 Judaico

482 3806 607 3869 post
651 3801 880 3861 insidias
914 3806 970 3861 in
1003 3807 1285 3875 Christum
1324 3821 1564 3871 structas
1602 3820 1887 3875 accidisse.
1920 3820 2056 3877 Nam

477 3893 669 3963 paucis
708 3895 911 3968 elapsis
948 3907 1071 3969 post
1103 3915 1324 3957 crucem
1369 3907 1549 3971 annis,
1601 3916 1714 3963 tota
1747 3926 1879 3981 gens
1910 3913 2056 3968 sedi-

475 3983 580 4038 bus
619 3985 774 4053 pulsa
812 3996 897 4044 est
930 4009 941 4044 :
996 3999 1158 4062 atque
1192 3994 1271 4048 illi
1321 3996 1538 4066 quidem
1586 3999 1857 4057 interfecti
1902 4013 2048 4072 sunt,

475 4075 740 4147 mulieres.
790 4094 921 4135 vero
985 4096 1110 4137 cum
1166 4085 1352 4142 liberis
1423 4088 1478 4142 in
1540 4091 1857 4149 servitutem
1917 4106 2051 4153 acta:

475 4172 625 4221 sunt.

2180 1901 2277 1954 καὶ
2314 1900 2497 1970 μῖσος
2522 1902 2654 1957 ἀντὶ
2687 1902 2797 1972 τῆς
2838 1904 3198 1975 ἀγαπήσεώς
3231 1924 3369 1976 μου.
3400 1909 3536 1979 Περὶ
3561 1907 3801 1962 τούτων

2178 1992 2328 2045 οὐδὲν
2384 1993 2466 2047 δεῖ
2514 1993 2711 2063 λέγειν,
2755 1996 2854 2067 τῆς
2894 1998 2952 2050 ἐν
2989 1999 3101 2061 τοῖς
3148 1999 3497 2068 Εύαγγελίοις
3526 2001 3801 2072 ἱστορίας

2179 2083 2539 2155 περιεχούσης
2560 2084 2621 2139 τὸ
2649 2086 2849 2157 πλῆθος
2877 2087 2985 2141 τῶν
3018 2090 3347 2160 εὐεργεσιῶν
3390 2085 3465 2145 ὧν
3492 2092 3793 2165 ἐνανθρω-

2177 2177 2252 2246 πή
2262 2192 2360 2239 σας
2390 2177 2574 2242 αὐτοῖς
2592 2180 2842 2250 παρεῖχε,
2861 2178 3179 2251 θεραπεύων
3208 2182 3384 2237 αὐτῶν
3407 2184 3590 2237 πᾶσαν
3612 2185 3793 2239 νόσον

2179 2269 2271 2321 καὶ
2302 2270 2483 2322 πᾶσαν
2514 2270 2805 2341 μαλακίαν.

2245 2360 2649 2429 Κατάστησον
2664 2363 2757 2415 ἐπ’
2791 2363 2979 2418 αὐτόν
3020 2364 3393 2434 ἁμαρτωλὸν,
3424 2366 3519 2419 καὶ
3567 2365 3789 2422 διάϐο-

2172 2455 2281 2519 λος
2314 2453 2512 2521 στήτω
2533 2455 2602 2508 ἐκ
2651 2454 2868 2520 δεξιῶν
2894 2457 3107 2512 αὐτοῦ.
3164 2459 3221 2511 '0
3248 2459 3341 2513 καὶ
3387 2458 3649 2523 σκελίσας
3675 2460 3786 2513 αύ-

2173 2545 2284 2609 τὸν,
2330 2546 2508 2601 πάντα
2550 2547 2585 2601 ἃ
2639 2548 2900 2620 πρότερον
2946 2548 3119 2603 ἐδόκει
3160 2550 3455 2621 κεκτῆσθαι
3486 2550 3648 2622 δεξιᾷ
3677 2553 3785 2623 τῆς

2173 2638 2337 2692 αὐτοῦ
2375 2638 2555 2710 ψυχῆς
2573 2640 2940 2712 ἁποσυλήσας.
2972 2642 3067 2696 ‘Er
3088 2641 3168 2709 τῷ
3188 2644 3494 2712 κρίνεσθαι
3525 2644 3783 2705 ἐξέλθοι

2174 2728 2773 2801 καταδεδικασμένος,
2796 2732 2893 2785 καὶ
2910 2732 2948 2799 ἡ
2963 2732 3274 2802 προσευχὴ
3287 2733 3472 2787 αὑτοῦ
3490 2734 3780 2801 γενέσθαι

2169 2824 2257 2889 εὶς
2314 2823 2624 2893 ἁμαρτίαν.
2682 2823 3127 2892 Γενηθήτωσαν
3170 2827 3230 2878 αἱ
3282 2826 3491 2895 ἡμέραι
3573 2826 3779 2879 αὐτοῦ

2171 2913 2387 2983 ὀλίγαι,
2420 2913 2519 2967 καὶ
2559 2913 2674 2981 τὴν
2706 2914 3051 2982 ἐπισκοπὴν
3097 2915 3285 2969 αὑτοῦ
3334 2914 3505 2970 λάϐοι
3533 2916 3776 2986 ἕτερος.

2169 3003 2610 3072 Γενηθήτωσαν
2636 3007 2687 3057 οἱ
2718 3005 2833 3058 vlol
2858 3005 3044 3059 αὑτοῦ
3088 3006 3356 3075 ὀρφανοὶ,
3402 3006 3501 3059 καὶ
3533 3007 3572 3073 ὴ
3604 3010 3777 3077 πυτ-ἡ

2167 3094 2353 3148 αὐτοῦ
2392 3093 2581 3164 χήρα·
2641 3097 3036 3165 σαλευόμενοι
3085 3097 3649 3166 μεταναστήτωσαν
3720 3105 3777 3154 οι

2168 3184 2285 3239 υἱοὶ
2321 3184 2528 3250 αὐτοῦ,
2576 3184 2672 3240 καὶ
2716 3184 3250 3254 ἐπαιτησάτωσανο
3285 3187 3771 3256 ἐκϐληθήτωσατ·

2166 3275 2235 3327 ἐκ
2266 3273 2385 3328 τῶν
2427 3274 2755 3329 οἰκοπέδων
2803 3276 3021 3330 αὐτῶν.
3056 3277 3217 3340 Εἰκὸς
3268 3278 3363 3331 καὶ
3404 3278 3589 3349 ῥητῶς
3616 3280 3775 3334 κατὰ

2165 3364 2326 3437 ψιλὴν
2352 3366 2450 3438 τὴν
2475 3366 2618 3433 λέξιν
2641 3366 2816 3421 ταῦτα
2857 3368 3036 3422 πάντα
3068 3368 3461 3440 πεπληρῶσθαι
3483 3369 3635 3423 κατὰ
3667 3370 3771 3424 τοῦ

2166 3456 2425 3529 προδότου
2458 3456 2597 3527 μετὰ
2613 3456 2710 3529 τὴν
2732 3458 3030 3528 ἀνάρτησιν
3064 3457 3255 3523 αὐτοῦ,
3292 3458 3407 3528 ἅμα
3438 3457 3542 3529 μὲν
3586 3460 3766 3531 ops-«:-

2162 3548 2268 3603 νῶν
2300 3550 2603 3620 γενομένων
2626 3548 2804 3621 ,αὐτοῦ
2847 3549 2956 3603 τῶν
2982 3550 3207 3615 παίδων,
3254 3549 3370 3620 ἅμα
3410 3549 3467 3603 δέ
3504 3551 3605 3603 καὶ
3660 3555 3767 3622 τῆς

2160 3640 2419 3711 γυναικὸς
2440 3642 2497 3695 ἐν
2529 3642 2728 3714 χηρείᾳ
2762 3642 3128 3715 καταστάσης,
3154 3642 3249 3696 καὶ
3296 3641 3404 3694 τῶν
3427 3640 3563 3711 ἑξῆς
3592 3659 3756 3696 κατα

2160 3732 2460 3803 λεχθέντων
2484 3733 2736 3787 ἁπάντων
2766 3734 2900 3806 πρὸς
2928 3733 3071 3799 λέξιν
3103 3734 3256 3796 τέλος
3304 3732 3629 3803 εἰληφότων,
3682 3734 3764 3798 ὡς

2158 3817 2455 3889 ἀληθεῦσαι
2486 3820 2584 3892 τὴν
2611 3820 2914 3892 πρόρρησιν
2948 3823 3039 3875 τοῦ
3070 3822 3328 3894 Σωτῆρος
3362 3821 3523 3893 ἡμῶν
3540 3823 3633 3877 διὰ
3655 3824 3763 3878 τοῦ

2158 3910 2372 3983 ψαλμοῦ
2400 3911 2573 3965 ταῦτα
2592 3911 2827 3967 ἔσεσθαι.
2858 3913 3092 3984 Νοήσεις
3120 3914 3177 3967 δὲ
3210 3914 3385 3969 ταῦτα
3414 3915 3509 3969 καὶ
3531 3916 3627 3968 ἐπὶ
3656 3915 3762 3969 τοῦ

2158 4002 2287 4057 λαοῦ
2320 4002 2415 4056 τοῦ
2452 4001 2715 4059 Ἰουδαίων
2744 4004 2928 4069 ἔθνους
2965 4004 3107 4059 κατὰ
3146 4005 3289 4070 λέξιν
3338 4006 3762 4078 πεπληρωμένα

2161 4094 2298 4164 μετὰ
2339 4094 2437 4165 τὴν
2479 4095 2560 4158 είς
2606 4095 2696 4147 τὸν
2729 4096 2969 4167 Χριστὸν
3012 4096 3339 4169 ἐπιϐουλήν
3385 4095 3618 4166 Ὀλίγων
3639 4098 3762 4168 γὰρ

2157 4187 2298 4257 μετὰ
2333 4187 2425 4241 τὸν
2455 4188 2687 4259 σταυρὸν
2714 4188 3029 4242 διελθόντων
3053 4189 3209 4255 ἐτῶν,
3242 4189 3472 4243 ἄστατον
3505 4189 3661 4245 ἅπαν
3693 4196 3764 4251 τὸ

473 4255 621 4320 ἔθνος
642 4257 884 4326 ἐγένετο·
919 4264 1011 4316 καὶ
1038 4266 1085 4316 οἱ
1132 4265 1228 4337 μὲν
1260 4266 1625 4343 ἀνῃρέθησαν,
1662 4275 1717 4327 al
1751 4275 1808 4328 δὲ
1847 4276 2053 4339 τούτων
2081 4255 2337 4347 γυναῖκες
2375 4277 2514 4350 μετὰ
2540 4255 2648 4333 τῶν
2670 4278 2876 4333 παίδων
2901 4278 3491 4352 ἐξηνδραποδίσθησαν.

536 4350 703 4412 Vens.
738 4353 922 4410 11-15.
960 4354 1235 4414 Scrutetur
1285 4364 1551 4433 fenerator
1573 4383 1775 4423 omnem
1805 4373 2051 4426 substan-
2083 4381 2127 4435 1)

475 4444 605 4497 tiam
627 4445 762 4514 ejus,
790 4456 840 4501 et
864 4446 1116 4518 diripiant
1145 4453 1305 4509 alieni
1346 4458 1557 4515 divitias
1596 4477 1796 4517 eorum.
1825 4461 1948 4517 Non
1975 4465 2046 4518 sit

470 4534 553 4587 illi
593 4547 883 4605 susceptor,
914 4556 1006 4595 nec
1042 4542 1112 4596 sit
1139 4545 1417 4603 miserator
1447 4552 1662 4620 pupillis
1713 4553 1846 4621 ejus.
1878 4552 2044 4609 Fiant

468 4627 584 4680 nati
627 4627 740 4695 ejus
783 4630 841 4684 in
883 4631 1175 4701 interitum,
1210 4637 1264 4691 in
1307 4644 1639 4710 generatione
1670 4661 1777 4698 una
1808 4644 2046 4702 deleatur

467 4732 652 4772 nomen
674 4720 809 4790 ejus.
860 4718 1221 4794 Symmachus
1252 4746 1381 4786 vero
1415 4733 1495 4789 sic
1517 4778 1531 4798 ,
1572 4734 1801 4807 Colligat
1828 4748 2045 4793 exactor

465 4812 643 4864 omnia
670 4828 787 4881 qua:
817 4823 939 4868 sunt
969 4815 1091 4885 ipsi.
1131 4817 1429 4880 Exactores
1457 4834 1638 4882 autem
1671 4829 2039 4886 Romanorum

466 4903 825 4972 imperatores
851 4915 1001 4973 sunt,
1026 4908 1340 4982 impositum
1368 4918 1599 4990 vectigal
1640 4920 1938 4991 exigentes.
1973 4923 2039 4979 Hi

464 5006 629 5062 porro
653 4994 836 5049 omnia
863 4994 1174 5056 Iudaeorum
1208 5002 1350 5059 bona
1381 5006 1745 5078 diripuerunt,
1784 5022 2037 5070 accurate

463 5084 648 5138 omnia
678 5095 1011 5156 scrutantes,
1041 5092 1116 5146 ita
1164 5105 1220 5148 ut
1264 5099 1479 5154 occulta
1504 5102 1677 5165 etiam
1725 5105 2034 5162 invenirent

462 5176 675 5247 sibique
704 5179 1061 5240 vindicarent.
1097 5184 1193 5243 His
1224 5204 1349 5245 vero
1382 5194 1569 5263 gestis,
1602 5205 1889 5268 postquam
1924 5200 2027 5254 ini-

463 5268 585 5322 mici
620 5268 763 5325 bona
791 5272 1032 5343 ipsorum
1062 5277 1205 5333 inter
1225 5296 1284 5339 se
1314 5281 1622 5351 diviserint,
1656 5303 1815 5343 nemo
1839 5290 1906 5346 iis
1934 5290 2030 5344 ad-

462 5355 605 5423 iutor
628 5360 756 5424 erit,
781 5376 882 5418 nec
902 5379 1088 5421 eorum
1113 5369 1239 5425 ﬁliis
1266 5384 1537 5442 parcetur.
1563 5374 1768 5435 Deinde
1795 5380 2029 5450 quadra-

462 5446 605 5516 ginta
632 5452 873 5508 nondum
901 5457 1102 5528 elapsis
1130 5465 1311 5535 anuis,
1341 5464 1650 5526 Iudaeorum
1688 5446 1920 5544 populus
1944 5474 2028 5530 in-

463 5544 770 5600 ternecione
801 5545 1011 5605 deletus
1036 5558 1122 5608 est

528 5800 569 5841 "
608 5798 795 5863 Matth.
836 5821 894 5871 γ,
928 5807 1016 5869 44.

2238 4374 2721 4444 Ἐξερευνησὰτω
2758 4373 3085 4442 δανειστὴς
3114 4374 3311 4429 πάντα
3334 4375 3453 4428 ὅσα
3481 4375 3761 4447 ὑπάρχει

2151 4463 2310 4530 αὐτῷ
2329 4482 2342 4495 ·
2366 4464 2464 4519 καὶ
2486 4463 2990 4534 διαρπασάτωσαν
3006 4466 3311 4534 ἀλλότριοι
3342 4465 3449 4519 τὸν
3467 4468 3760 4525 πλοῦτον

2150 4557 2369 4612 αὐτῶν.
2428 4555 2524 4625 Μὴ
2578 4555 2900 4625 ὐπαρξὰτω
2960 4556 3121 4622 αὐτῷ
3158 4557 3559 4626 ἀντιλήπτωρ,
3580 4562 3751 4629 μηδέ

2148 4648 2450 4720 γενηθήτω
2481 4650 2797 4719 οἰκτίρμων
2835 4648 2959 4716 τοῖς
2991 4648 3275 4718 ὀρφανοῖς
3298 4649 3502 4704 αὐτοῦ.
3541 4653 3746 4720 Γενη-

2146 4737 2305 4801 θήτω
2328 4741 2403 4790 τὰ
2436 4736 2616 4791 τέκνα
2638 4738 2824 4792 αὑτοῦ
2871 4742 2957 4803 εις
2977 4738 3426 4807 ἑξολόθρευσιν,
3460 4741 3534 4793 ἐν
3555 4742 3745 4813 γενεᾷ

2139 4826 2246 4898 μιᾷ
2264 4827 2642 4899 ἐξαλειφθείη
2690 4829 2759 4883 τὸ
2790 4829 2977 4899 ὄνομα
3009 4830 3216 4885 αὐτοῦ.
3273 4830 3331 4883 '0
3351 4829 3405 4883 δὲ
3432 4831 3741 4904 Σύμμαχος

2142 4916 2304 4982 οὕτω,
2332 4917 2709 4986 Συγκρούσαι
2734 4917 3010 4986 πράκτωρ
3042 4920 3239 4973 πάντα
3264 4919 3337 4973 τὰ
3352 4922 3740 4991 ,ὑπάρχοντα

2142 5009 2320 5075 αὐτῷ.
2378 5009 2695 5081 Πράκτορες
2723 5010 2779 5063 δὲ
2810 5012 2904 5065 καὶ
2927 5013 2976 5064 οἱ
3026 5012 3308 5084 Ῥωμαίων
3354 5014 3597 5083 βασιλεῖς
3633 5017 3738 5070 τὸν

2140 5100 2483 5171 ἐπικείμενον
2516 5100 2964 5173 εἰσπραττόμενοι
2999 5102 3182 5172 φόρον.
3212 5097 3371 5157 Οὗτοι
3399 5103 3456 5157 δὲ
3486 5104 3558 5158 τὰ
3596 5106 3737 5159 Ἰου-

2137 5190 2301 5245 δαίων
2328 5192 2657 5264 διήρπασαν,
2688 5193 2900 5248 ἅπαντα
2927 5196 3170 5266 ἁκριὸῶς
3201 5198 3613 5271 ἐρευνήσαντες,
3646 5200 3733 5265 ὡς

2136 5282 2232 5334 καὶ
2250 5281 2317 5334 τὰ
2333 5283 2690 5355 κεκρυμμένα
2703 5285 2883 5355 εὑρεῖν
2899 5302 2958 5339 τε
2974 5287 3066 5340 καὶ
3086 5289 3649 5361 σφετερίσαι.Τούτων
3664 5290 3729 5346 δὲ

2134 5374 2461 5444 γενομένων,
2502 5375 2595 5428 καὶ
2623 5374 2732 5430 τῶν
2772 5377 3045 5449 πολεμίων
3059 5380 3127 5433 τὰ
3141 5380 3351 5444 τούτοις
3368 5382 3725 5453 προσήκοντα

2132 5464 2557 5535 διανεμομένων,
2575 5468 2748 5533 οὐδεὶς
2760 5469 2941 5535 αὐτοῖς
2962 5471 3252 5543 ἐπίκουρος
3273 5472 3577 5537 ἔσται,οω
3590 5491 3719 5543 φει-
3785 5504 3795 5543 ,

2132 5554 2254 5620 δοῦς
2279 5557 2519 5627 αύτῶνξοί
2547 5561 2734 5625 παῖδες
2759 5561 3316 5634 ἀξιωθήσονταιηΕἷτα
3331 5573 3384 5637 μ’
3398 5569 3458 5620 οὗ
3475 5567 3715 5625 διελθόν-

2131 5665 2237 5704 των
2251 5649 2412 5719 ἐτῶν,
2425 5652 2655 5709 πανολεθ
2662 5653 2782 5726 ρίαν
2800 5655 3089 5727 ὑπέμεινεν
3104 5661 3132 5713 ὁ
3165 5657 3431 5715 Ἰουδαίων
3454 5659 3601 5726 λαός.
