3992 6404
281 346 294 402 l
305 347 408 404 357

1365 352 1872 412 COMMENTARIA
1910 356 1976 412 IN
2018 357 2357 415 PSALMOS.

3391 355 3628 420 1338'

354 464 780 537 Ἀναμνησθείη
827 468 869 538 ἡ
900 468 1120 541 ἀνομία
1173 471 1293 527 τῶν
1347 475 1619 546 πατέρων
1659 477 1846 533 αὐτοῦ
1874 500 1889 540 λ

2020 478 2186 535 Vens.
2219 480 2406 536 Liv-l6.
2469 479 2537 535 In
2568 483 2876 536 memoriam
2925 482 3105 538 redeat
3149 481 3402 552 iniquitas
3434 499 3535 552 pa-

278 560 477 615 ἕναντι
507 561 754 630 Κυρίου,
781 562 879 617 καὶ
908 565 951 633 ἡ
990 565 1247 635 ἁμαρτία
1276 568 1389 639 τῆς
1411 571 1638 641 μητρὸς
1668 573 1856 629 αὐτοῦ

275 652 356 723 μὴ
379 653 780 724 ἐξαλειφθείη.
814 657 1132 726 Γενηθήτω
1158 660 1437 717 ἐναντίον
1468 667 1690 735 Κυρίου
1740 666 1861 721 δια-

277 748 523 814 παντὸς,
542 750 637 803 καὶ
654 750 1110 824 ἐξολοθρευθείη
1144 755 1215 810 ἐκ
1236 755 1351 825 γῆς
1370 757 1437 810 τὸ
1456 762 1861 830 μνημόσυνον

276 838 494 904 αὐτῶν,
523 840 652 895 ἀνθ’
689 835 776 896 ὧν
799 843 909 896 οὐκ
933 842 1206 914 ἐμνήσθη
1238 846 1491 917 ποιῆσαι
1520 849 1715 918 ἕλεος.
1742 854 1859 906 Πα-

278 928 451 1000 τέρων
491 929 659 1002 ἀρετὴ
701 930 960 996 πολλάκις
1007 933 1101 987 κα)⁴
1141 934 1641 1010 πλημμελήσαντας
1683 940 1862 1013 ὤνησε

281 1022 498 1089 παῖδας,
529 1023 606 1087 ὡς
660 1025 788 1088 τοὺς
841 1024 1128 1090 Ἰουδαίους
1165 1027 1255 1081 τοῦ
1313 1030 1563 1103 Ἀϐραὰμ
1593 1034 1627 1104 ἡ
1659 1033 1863 1100 πίστις,

281 1115 357 1179 ὡς
388 1116 479 1170 τὸν
507 1116 825 1189 Σολομῶντα
865 1118 960 1173 τοῦ
997 1120 1215 1193 Δαυῒδὴ
1248 1122 1499 1178 εὐσέϐεια
1519 1144 1531 1156 ·
1558 1127 1790 1200 πονηρία
1808 1129 1866 1184 δὲ

282 1207 532 1278 πατέρων
559 1211 672 1273 τοῖς
717 1210 925 1280 ὁμοίοις
953 1212 1141 1265 παισὶν
1171 1213 1395 1280 ἐπαύξει
1433 1216 1532 1287 τὴν
1562 1219 1861 1292 τιμωρίαν·

282 1298 509 1369 οὐδεμία
546 1300 654 1370 γὰρ
684 1299 981 1372 οὐδαμόθεν
1016 1301 1329 1373 εὑρίσκεται
1370 1304 1585 1375 φειδοῦς
1623 1307 1867 1379 ἀφορμή.

296 1393 724 1461 Ἀναμνησθείη
742 1394 778 1462 ἡ
798 1394 1017 1463 ἀνομία
1032 1393 1152 1447 τῶν
1165 1397 1437 1467 πατέρων
1460 1398 1646 1451 αὐτοῦ
1663 1398 1869 1453 ἔναντι

1958 579 2099 624 trum
2120 571 2235 640 ejus
2266 571 2324 625 in
2370 582 2649 641 conspectu
2682 573 2918 639 Domini,
2955 583 3007 629 et
3044 582 3313 643 peccatum
3342 576 3532 631 matris

1957 663 2071 733 ejus
2098 680 2202 718 non
2222 664 2481 719 deleatur.
2510 664 2641 720 Fiat
2684 676 2873 722 contra
2916 666 3203 723 Dominum
3228 684 3450 738 semper,
3484 681 3535 723 et

1960 757 2223 825 dispereat
2264 758 2328 813 de
2382 766 2526 814 terra
2568 761 2873 816 memoriale
2919 778 3122 826 eorum,
3169 777 3266 829 pro
3302 778 3363 816 eo
3395 759 3536 833 quod

1961 866 2066 904 non
2084 860 2164 905 est
2191 850 2497 907 recordatus
2523 853 2695 922 facere
2721 855 3159 912 misericordiam.
3184 855 3405 909 Patrum
3430 854 3538 907 vir-

1961 950 2052 998 tus
2081 959 2454 1014 saepenumero
2482 947 2646 1000 etiam
2676 945 2800 1002 ﬁliis
2828 947 3188 1016 peccantibus
3213 946 3441 1017 profuit,
3477 954 3538 1000 ut

1965 1033 2099 1089 ﬁdes
2122 1034 2351 1089 Abrahte
2375 1033 2600 1098 Judaais,
2625 1033 2847 1090 Davidis
2878 1035 3053 1105 pietas
3085 1033 3360 1088 Salomoni
3396 1051 3411 1089 :
3442 1031 3538 1087 sed

1966 1127 2207 1195 pravitas
2241 1134 2533 1196 parentum
2562 1126 2690 1182 [iliis
2715 1126 2987 1182 similibus
3018 1140 3237 1197 pmnam
3270 1124 3537 1195 adauget;

1966 1235 2034 1275 ex
2064 1220 2216 1274 nullo
2244 1221 2445 1291 quippe
2486 1220 2608 1274 loco
2653 1220 2837 1289 aliqua
2880 1218 3173 1274 miserendi
3203 1215 3423 1273 occasio
3453 1230 3541 1270 re—

1968 1311 2199 1382 peritur.
2233 1309 2301 1364 In
2340 1311 2652 1364 memoriam
2686 1309 2866 1363 redeat
2903 1309 3156 1377 iniquitas
3186 1317 3399 1377 patrum
3427 1304 3541 1374 ejus

1968 1402 2025 1453 in
2079 1412 2359 1471 conspectu
2399 1402 2633 1455 Domini.
2683 1399 2877 1455 Patres
2926 1409 3103 1453 autem
3147 1412 3337 1453 eorum
3385 1406 3546 1451 vocat

283 1486 527 1553 Κυρίου.
580 1486 830 1559 Πατέρας
870 1486 925 1541 δὲ
969 1487 1154 1544 αὐτῶν
1188 1490 1346 1543 καλεῖ
1360 1491 1485 1555 τοὺς
1510 1492 1568 1544 ἐν
1588 1494 1655 1562 τῇ
1680 1492 1870 1566 ἐρήμῳ

1989 1492 2120 1555 llos,
2166 1493 2260 1562 qui
2294 1493 2349 1547 in
2382 1492 2602 1548 deserto
2647 1492 2811 1562 impie
2842 1505 2903 1545 se
2940 1497 3249 1561 gesserunt,
3286 1488 3380 1558 qui
3408 1494 3548 1541 tem-

286 1578 352 1648 τῇ
408 1576 694 1650 δυσσεϐείᾳ
736 1580 1134 1651 χρησαμένους,
1184 1582 1310 1646 τοὺς
1352 1582 1445 1635 ἐπὶ
1494 1582 1603 1636 τῶν
1642 1583 1864 1656 κριτῶν,

1989 1596 2100 1637 tore
2128 1582 2373 1651 iudicum
2422 1589 2478 1636 et
2517 1596 2729 1654 regum,
2771 1580 2975 1650 quique
3014 1587 3137 1649 post
3190 1577 3425 1633 reditum
3480 1593 3548 1633 ex

286 1671 411 1732 τοὺς
431 1670 643 1723 ἐπὶτῶν
660 1671 965 1742 βασιλειῶν,
988 1675 1115 1738 τοὺς
1134 1674 1271 1746 μετὰ
1298 1673 1397 1745 τὴν
1422 1675 1530 1728 ἀπὸ
1551 1676 1870 1739 Βαϐυλῶνος

1989 1675 2272 1746 Babylonia
2300 1675 2485 1745 inique
2513 1676 2789 1729 vixerunt.
2822 1672 2891 1727 Et
2915 1683 3187 1744 peccatum
3218 1672 3408 1725 matris
3434 1670 3550 1741 ejus

287 1758 543 1813 ἐπάνοδον
557 1761 871 1833 παρανομίᾳ
895 1763 1267 1839 συζήσανταςη
1285 1765 1394 1818 Καὶ
1419 1766 1458 1833 ἡ
1484 1765 1740 1834 ἁμαρτία
1760 1764 1873 1834 τῆς

281 1851 507 1921 μητρὸς
552 1853 737 1907 αὑτοῦ
784 1852 870 1922 μὴ
929 1854 1329 1923 ἐξαλειφθείη.
1392 1854 1625 1927 Μητέρα
1673 1855 1727 1908 δὲ
1777 1853 1876 1926 τὴν

296 1942 669 2016 Ἰερουσαλὴμ,
718 1945 777 1998 ἐν
807 1940 965 2019 τῆς
1004 1945 1146 1999 κατά
1188 1945 1282 1999 τοῦ
1324 1947 1595 2001 Δεσπότου
1637 1945 1875 2019 Χριστοῦ

294 2036 603 2108 μιαιφονίας
630 2037 899 2110 ἐτολμήθη
926 2038 988 2092 τὸ
1008 2037 1197 2110 μῦσος.
1234 2039 1558 2108 Γενηθήτω
1597 2040 1878 2094 ἐναντίον

291 2126 511 2194 Κυρίου
542 2127 888 2196 διαπαντὸς,
916 2129 1013 2183 καὶ
1055 2130 1506 2199 ἑξολοθρευθείη
1548 2127 1629 2184 ἐπί
1663 2130 1778 2202 τῆς
1808 2130 1877 2184 τὸ

287 2221 689 2289 μνημόσυνον
741 2221 961 2287 αὐτῶν,
996 2224 1126 2278 ἀνθ’
1160 2215 1247 2277 ὧν
1268 2225 1381 2277 οὐκ
1408 2224 1680 2293 ἐμνήσθη
1713 2222 1880 2293 ποιῆ-

296 2328 399 2367 σαι
426 2313 619 2381 ἕλεος.
654 2316 858 2379 Πάντα,
909 2318 1065 2388 φησὶ,
1096 2316 1165 2370 τά
1205 2317 1297 2370 ὐπ’
1330 2316 1509 2371 αὐτῶν
1540 2316 1881 2389 τολμηθέντα

297 2405 588 2476 παράνομα
644 2407 733 2460 ἀεὶ
780 2406 1050 2478 θεώμενος
1101 2409 1130 2461 ὁ
1163 2408 1330 2472 Θεὸς,
1380 2409 1638 2481 οὐδεμιᾶς
1684 2410 1884 2473 αὐτοὺς

296 2497 517 2566 ἀξιώσει
560 2497 797 2567 φειδοῦς,
834 2499 968 2553 ἀλλὰ
1015 2498 1343 2570 πανολεθρίᾳ
1395 2499 1723 2572 παραδώσει.
1772 2502 1883 2555 Καὶ

298 2592 545 2646 ἐντεῦθεν
574 2593 754 2663 μέντοι
786 2592 962 2663 δῆλον,
988 2592 1064 2656 ώς
1088 2593 1147 2646 οὐ
1180 2594 1307 2665 περὶ
1357 2593 1519 2665 μόνου
1556 2592 1652 2646 τοῦ
1686 2593 1877 2658 Ἰούδα,

301 2686 437 2740 ἀλλὰ
470 2688 596 2758 περὶ
628 2687 845 2742 πάντων
869 2686 978 2739 τῶν
1006 2686 1387 2758 ήπιστηκότων
1404 2684 1669 2739 Ἰουδαίων
1698 2684 1846 2756 λέγει
1864 2703 1879 2718 ·

1978 1782 2081 1821 non
2117 1763 2377 1820 deleatur.
2412 1764 2639 1820 Matrem
2669 1780 2800 1819 vero
2850 1772 3011 1819 vocat
3046 1762 3463 1834 Jerosolymam,
3494 1763 3553 1817 in

1975 1871 2082 1926 qua
2111 1864 2401 1911 cruentum
2451 1862 2645 1911 contra
2681 1855 2970 1911 Dominum
3014 1855 3299 1911 Christum
3340 1853 3555 1910 facinus

1980 1957 2295 2022 perpetrare
2323 1949 2444 2005 ausi
2464 1957 2611 2005 sunt.
2640 1948 2771 2003 Fiat
2798 1959 2983 2003 contra
3012 1949 3299 2003 Dominum
3331 1962 3554 2016 semper,

1981 2051 2030 2096 et
2053 2042 2318 2112 dispereat
2349 2043 2413 2098 de
2455 2052 2597 2097 terra
2632 2042 2940 2098 memoriale
2963 2058 3166 2106 eorum,
3206 2057 3302 2110 pro
3330 2058 3389 2095 eo
3418 2043 3558 2112 quod

1981 2153 2087 2191 non
2114 2144 2192 2191 est
2222 2135 2532 2190 recordatus
2574 2136 2749 2206 facere
2795 2135 3237 2191 misericordiam.
3271 2133 3410 2189 Cum
3441 2148 3562 2189 om-

1981 2229 2095 2293 nia,
2125 2228 2326 2299 inquit,
2354 2228 2423 2283 ab
2448 2228 2529 2284 eis
2555 2228 2796 2285 admissa
2820 2228 3027 2283 scelera
3049 2227 3194 2283 Deus
3234 2240 3451 2295 semper
3476 2225 3563 2279 in~

1980 2330 2224 2387 tueatur,
2247 2322 2409 2393 [nulla
2452 2323 2602 2393 ipsos
2632 2322 2793 2377 venia
2831 2321 3165 2393 dignabitur,
3198 2320 3292 2375 sed
3320 2319 3565 2374 interne-

1980 2413 2128 2468 cioni
2176 2413 2378 2468 tradet.
2425 2413 2605 2484 Atque
2638 2414 2769 2469 hinc
2813 2414 2992 2484 palam
3036 2422 3141 2476 est,
3195 2427 3307 2467 non
3345 2410 3415 2466 de
3446 2410 3566 2465 solo

1979 2503 2142 2570 Juda,
2182 2505 2280 2561 sed
2311 2505 2379 2561 de
2410 2506 2665 2561 omnibus
2696 2505 2996 2561 incredulis
3024 2504 3227 2561 Iudaeis
3256 2505 3372 2559 haec
3399 2502 3511 2558 dici
3545 2519 3564 2557 :

1979 2614 2108 2652 nam
2138 2612 2168 2652 a
2187 2598 2699 2670 singularipersona
2725 2597 2791 2652 ad
2824 2598 3028 2653 multos
3049 2611 3357 2653 sermonem
3382 2602 3570 2650 trans-

1982 2691 2136 2759 tulit;
2165 2706 2275 2747 non
2302 2691 2447 2747 enim
2472 2691 2586 2760 jam
2616 2690 2770 2758 dicit,
2799 2690 2937 2760 ejus,
2994 2688 3113 2754 sed,
3139 2705 3341 2744 eorum.

301 2782 411 2834 ἀπὸ
457 2782 565 2853 γὰρ
610 2780 791 2835 ἑνικοῦ
838 2779 1132 2852 προσώπου
1172 2781 1263 2833 ἐπὶ
1313 2780 1375 2833 τὸ
1430 2779 1790 2850 πληθυντικὸν
1841 2782 1931 2838 τὸν
1981 2783 2139 2854 λόγον
2188 2787 2548 2858 μετήνεγκεν·
2582 2785 2766 2840 οὐκέτι
2809 2784 2920 2857 γὰρ
2970 2780 3142 2845 εἶπεν,
3190 2780 3399 2849 αὐτοῦ,
3430 2777 3574 2860 ἀλλ’,

302 2872 524 2929 αὐτῶν.

374 2986 485 3041 Καὶ
524 2986 881 3051 κατεδίωξεν
906 2985 1220 3054 ἄνθρωπον
1242 2988 1472 3055 πένητα
1498 2986 1599 3041 καὶ
1625 2987 1884 3058 πτωχὸν,

2059 2987 2228 3055 Vens,
2270 2988 2456 3045 47-20.
2499 2987 2570 3043 Et
2597 2997 2899 3059 persecutus
2940 2996 3018 3043 est
3068 2989 3330 3043 hominem
3368 2989 3575 3060 inopem

306 3081 405 3136 καὶ
443 3078 966 3149 κατανενυγμένον
1004 3077 1080 3147 τῇ
1104 3079 1321 3147 καρδίᾳ
1357 3079 1465 3134 τοῦ
1506 3080 1847 3135 θανατῶσαι
1872 3097 1885 3111 ·

307 3173 551 3229 τουτέστι
575 3171 959 3243 πεπληγμένον
990 3171 1055 3224 δι’
1086 3171 1153 3234 ἃς
1179 3170 1326 3244 ἐώρα
1360 3172 1418 3225 ἐν
1446 3172 1630 3235 αὐτοῖς
1656 3189 1894 3244 παρανο-

312 3268 460 3340 μίας.
495 3266 655 3321 Ὅθεν
678 3267 771 3320 ml.
798 3266 937 3337 πρὸς
963 3265 1062 3337 τὴν
1120 3263 1477 3336 Ἰερουσαλὴμ
1508 3263 1659 3333 ἔλεγε
1691 3265 1895 3319 κλαίων

310 3365 508 3435 αὑτήν·
528 3364 601 3417 Et
633 3360 825 3430 ἔγνως
854 3357 1051 3413 καὶσὺ
1080 3357 1150 3411 τὰ
1171 3355 1596 3425 πρὸς“ειρήνην
1626 3370 1754 3410 σοι⁸
1778 3356 1898 3411 νῦν

310 3456 379 3509 δὲ
394 3454 628 3523 ιέκρύόη
674 3450 795 3506 ἀπὸ
829 3449 948 3505 τῶν
996 3446 1319 3519 ὀφθαλμῶν
1366 3462 1504 3502 σου.
1561 3447 1897 3502 Ἐθανάτωσε

311 3549 368 3603 δὲ
418 3547 599 3610 αὐτὸν,
645 3544 818 3608 αἴτιος
843 3543 1135 3614 γενόμενος
1165 3538 1259 3594 τοῦ
1295 3542 1375 3605 είς
1407 3540 1634 3595 θάνατον
1665 3540 1900 3612 παραδο-

315 3642 495 3713 θῆναι.
530 3639 641 3694 Καὶ
657 3637 941 3708 ἠγάπησε
968 3633 1255 3703 κατάραν,
1292 3633 1391 3687 καὶ
1423 3633 1555 3701 ἥξει
1577 3632 1739 3700 αὐτῷ
1757 3650 1771 3663 '
1800 3633 1898 3687 καὶ

316 3736 427 3788 οὐκ
451 3730 755 3800 ἠθέλησεν
774 3729 1077 3799 εὐλογίαν,
1136 3727 1235 3782 καὶ
1278 3726 1769 3796 μακρυνθήσεται
1798 3726 1900 3781 ἀπ’

316 3824 523 3879 αὑτοῦ.
552 3822 665 3879 Καὶ
706 3822 1035 3877 ἐνεδύσατο
1062 3818 1328 3888 κατάραν
1366 3819 1448 3885 ὡς
1496 3817 1755 3888 ἱμάτιον,
1801 3817 1902 3872 καὶ

318 3915 607 3985 εἰσῆλθεν
631 3916 712 3981 ὡς
726 3912 885 3983 ὕδωρ
909 3916 999 3979 εὶς
1018 3912 1094 3967 τὰ
1138 3911 1361 3982 ἔγκατα
1385 3910 1594 3974 αὐτοῦ,
1625 3909 1726 3965 καὶ
1758 3910 1903 3965 ὡσεὶ

318 4007 527 4063 ἔλαιον
552 4007 623 4061 ἐν
651 4006 779 4073 τοῖς
810 4005 1048 4071 ὀστέοις
1070 4005 1279 4059 αὑτοῦ.
1311 4001 1629 4069 Γενηθήτω
1645 3999 1806 4066 αὐτῷ
1826 4001 1906 4066 ὡς

320 4099 552 4171 ἱμάτιον
582 4099 614 4153 ὃ
659 4098 1095 4168 περιϐάλλεται,
1150 4098 1250 4151 καὶ
1305 4096 1449 4150 ὡσεὶ
1474 4094 1624 4162 ζώνη
1668 4093 1749 4162 ἣν
1780 4093 1907 4148 δια-

1991 3090 2041 3134 ct
2074 3081 2392 3144 mendicum,
2426 3093 2476 3135 et
2527 3090 2895 3151 compunctum
2928 3079 3084 3135 corde
3139 3081 3481 3151 mortiﬁcare,
3518 3082 3576 3137 id

1994 3181 2098 3238 est,
2131 3189 2454 3244 percussum
2494 3174 2565 3228 ob
2593 3174 2911 3244 iniquitates
2934 3188 3072 3245 quas
3097 3174 3151 3227 in
3179 3172 3313 3243 ipsis
3334 3172 3573 3228 videbat.

1997 3266 2177 3332 Quare
2220 3265 2616 3337 Jerosolymam
2660 3266 2865 3322 deﬂens
2903 3266 3139 3321 dixitei:
3169 3264 3230 3321 Si
3249 3266 3577 3336 cognouisses

1996 3369 2045 3414 et
2075 3370 2131 3412 tu
2183 3376 2300 3429 qua:
2350 3359 2421 3412 ad
2461 3375 2645 3429 pacem
2696 3358 2829 3413 tibi:
2868 3376 3004 3413 nunc
3040 3362 3217 3413 au‘tem
3268 3358 3580 3415 abscondita

1998 3460 2120 3505 sunt
2159 3450 2223 3503 ab
2268 3451 2437 3503 oculis
2492 3450 2596 3504 tuis
2624 3449 2691 3505 ⁸⁸.
2751 3448 3098 3504 Mortiﬁcavit
3152 3456 3334 3504 autem
3373 3449 3578 3519 ipsum,

1999 3543 2126 3613 quia
2159 3541 2217 3596 in
2272 3557 2440 3596 causa
2490 3540 2591 3595 fuit
2629 3556 2730 3596 cur
2762 3542 2829 3595 ad
2864 3549 3098 3595 mortem
3142 3539 3470 3595 traderetur.
3509 3538 3582 3592 Et

2000 3635 2187 3689 dilexit
2230 3633 2675 3698 maledictioncm,
2709 3641 2761 3686 et
2805 3632 2971 3685 veniet
3017 3633 3101 3694 ei;
3133 3640 3183 3685 et
3224 3630 3394 3684 noluit
3430 3631 3582 3686 bette-

2001 3728 2304 3793 dictionem,
2354 3734 2403 3781 et
2434 3725 2774 3796 elongabitur
2806 3723 2871 3778 ab
2904 3740 2985 3779 eo.
3040 3722 3107 3777 Et
3154 3722 3324 3777 induit
3360 3722 3582 3777 maledi-

2003 3819 2227 3873 ctionem
2253 3816 2391 3871 sicut
2435 3816 2820 3877 vestimentum,
2856 3820 2905 3867 et
2936 3810 3153 3865 intravit
3176 3810 3313 3863 sicut
3361 3824 3500 3879 aqua
3526 3808 3585 3864 in

2002 3910 2259 3965 interiora
2285 3907 2423 3976 ejus,
2457 3916 2508 3960 et
2537 3907 2674 3961 sicut
2703 3904 2874 3959 oleum
2913 3905 2968 3957 in
2994 3901 3198 3957 ossibus
3219 3901 3353 3971 ejus.
3382 3899 3509 3955 Fiat
3536 3900 3588 3956 ei

2004 4003 2140 4055 sicut
2191 4001 2559 4055 uestimentum
2598 4014 2699 4069 quo
2733 3996 2985 4065 operitur,
3023 4003 3071 4047 et
3117 3994 3253 4047 sicut
3297 4010 3454 4056 zona,
3481 4009 3588 4063 qua

2007 4108 2208 4162 semper
2249 4092 2611 4162 praecingitur.
2640 4088 2755 4143 [Ioc
2796 4104 2923 4158 opus
2957 4103 3138 4141 eorum
3175 4086 3265 4156 qui
3306 4085 3589 4140 detrahunt

321 4192 547 4258 παντὸς
597 4189 1036 4260 περιζώννυται.
1086 4189 1268 4244 Τοῦτο
1314 4188 1382 4241 τὸ
1416 4187 1595 4256 ἔργον
1636 4185 1756 4239 τῶν
1785 4184 1889 4239 δια

2010 4186 2136 4240 mihi
2162 4202 2195 4240 a
2225 4185 2473 4246 Domino,
2505 4194 2553 4238 et
2584 4183 2671 4253 qui
2703 4184 2987 4253 loquuntur
3022 4178 3167 4232 mala
3202 4177 3450 4230 adversus
3472 4175 3591 4228 ani-

325 4285 671 4338 ϐαλλόντων
698 4300 776 4352 με
820 4280 979 4351 παρὰ
1005 4281 1250 4349 Κυρίου,
1276 4279 1377 4333 καὶ
1413 4278 1533 4332 τῶν
1555 4278 1909 4333 λαλούντων

2010 4294 2151 4331 mam
2180 4292 2371 4330 meam.
2407 4274 2543 4329 Cum
2590 4272 2878 4345 prophetia
2916 4271 2985 4325 de
3022 4283 3256 4340 persona
3293 4266 3599 4322 Salvatoris

324 4375 562 4443 πονηρά
604 4375 756 4429 κατὰ
808 4373 919 4443 τῆς
969 4372 1178 4442 ψυχῆς
1222 4390 1364 4442 μου.
1404 4371 1518 4441 Τῆς
1572 4370 1889 4443 προφητείας

2010 4369 2157 4424 dicat
2182 4368 2320 4435 τρυε
2367 4365 2726 4422 ὺεηεάὶπετὶηι
2750 4374 2798 4419 te
2825 4361 3078 4418 benedicti
3105 4370 3266 4423 sunt;
3292 4369 3341 4413 et
3367 4360 3457 4429 qui
3483 4375 3597 4412 ma-

325 4465 590 4537 λεγούσης
628 4467 708 4527 είς
728 4463 1020 4535 πρόσωπον
1044 4462 1137 4515 τοῦ
1161 4462 1413 4533 Σωτῆρος
1439 4475 1453 4490 ⁸
1493 4463 1557 4514 Oi
1579 4458 1909 4529 εὐλογοῦν-

327 4559 426 4625 τές
446 4573 521 4611 σε
554 4557 935 4626 εὐλόγηνται,
972 4555 1072 4609 καὶ
1104 4557 1159 4608 οὶ
1186 4551 1590 4623 καταρώμενοί
1623 4568 1698 4606 σε
1736 4567 1911 4605 κεκα-

2012 4461 2291 4516 tedixerint
2334 4468 2381 4515 te
2412 4457 2680 4513 maledicti
2718 4466 2840 4512 sunt
2865 4456 2947 4524 3’;
3002 4453 3278 4525 quomodo
3308 4450 3527 4521 quidem
3555 4450 3597 4506 ii

2014 4551 2107 4621 qui
2136 4551 2193 4605 in
2223 4556 2339 4605 toto
2371 4548 2504 4604 orbe
2550 4547 2717 4602 Deum
2760 4561 2855 4616 per
2884 4546 3062 4615 ipsum
3104 4546 3499 4612 cognoverunt,
3531 4552 3598 4592 ac

328 4647 634 4717 τήρανται,
667 4647 816 4708 ὅπως
843 4645 941 4716 μὲν
971 4645 1021 4697 οἱ
1044 4643 1164 4697 καθ’
1194 4642 1323 4714 ὅλης
1337 4641 1438 4711 τῆς
1463 4641 1789 4711 οἰκουμένης
1823 4638 1889 4692 τὸ¹

2016 4644 2072 4698 in
2111 4643 2290 4711 ipsum
2318 4640 2695 4703 crediderunt,
2739 4636 2834 4693 Dei
2865 4634 3243 4693 benedictione
3271 4630 3601 4701 dignentur;

329 4742 460 4796 Θεὸν
487 4740 555 4793 δι’
576 4738 742 4792 αὐτοῦ
777 4735 1115 4804 ἐπιγνόντες,
1152 4734 1248 4789 καὶ
1285 4732 1673 4793 πιστεύσαντες
1707 4731 1788 4793 εἰς
1816 4728 1914 4783 αὐ-

329 4834 441 4897 τὸν,
472 4832 571 4901 τῆς
622 4831 687 4883 ἐκ
754 4828 889 4884 Θεοῦ
937 4824 1320 4893 καταξιοῦνται
1354 4821 1625 4891 εὐλογίας,
1666 4820 1740 4883 ώς
1779 4819 1915 4890 πλη-

331 4921 509 4975 θύνειν
539 4921 632 4973 καὶ
654 4918 860 4984 αὔξειν,
879 4920 972 4973 καὶ
988 4917 1059 4972 τὰ
1083 4916 1377 4987 σύμπαντα
1404 4912 1643 4985 πληροῦν
1665 4912 1765 4981 τὴν
1784 4912 1919 4983 Χρι-

2014 4737 2089 4791 ita
2103 4743 2163 4791 ut
2185 4733 2616 4803 multiplicemur
2636 4737 2691 4785 et
2710 4735 3032 4800 augeantur,
3058 4732 3113 4780 et
3131 4723 3376 4778 Ecclesia
3392 4718 3601 4776 Christi

2012 4830 2195 4886 omnia
2231 4828 2476 4899 impleat,
2536 4823 2818 4895 propalam
2851 4818 3107 4874 omnibus
3152 4822 3281 4870 est:
3325 4808 3602 4883 quomodo

2015 4930 2197 4976 autem
2226 4917 2420 4982 Judaei,
2471 4918 2566 4988 qui
2618 4916 2673 4970 in
2724 4915 2903 4984 ipsum
2948 4908 3192 4981 quotidie
3221 4904 3509 4960 maledica:
3546 4908 3603 4955 et

333 5014 458 5067 στοῦ
492 5013 841 5084 Ἐκκλησίαν,
864 5015 979 5075 τοῖς
1000 5013 1134 5067 πᾶσι
1162 5010 1421 5081 τυγχάνει
1446 5005 1715 5079 πρόδηλον
1738 5020 1751 5035 ⁶
1771 5004 1889 5058 ὅπω

2016 5013 2337 5085 blasphema
2365 5010 2534 5067 verba
2558 5006 2868 5079 proferunt,
2901 5003 2997 5059 Dei
3027 4997 3466 5056 maledictionem
3495 4991 3606 5047 sibi

330 5109 387 5163 δέ
422 5109 688 5174 Ἰουδαῖοι,
715 5105 986 5179 ἀρώμενοι
1028 5105 1192 5159 αὐτὸν
1215 5105 1310 5157 καὶ
1350 5096 1796 5172 βλασφημοῦντες
1828 5097 1914 5164 ἐφ’

333 5200 571 5272 ἑκάστης
597 5200 830 5272 ἡμέρας,
862 5198 963 5268 τὴν
1004 5199 1070 5255 ἐκ
1092 5194 1229 5249 Θεοῦ
1275 5194 1522 5264 κατάραν
1569 5192 1651 5254 εἰς
1689 5188 1917 5249 ἐαυτοὺς

333 5293 697 5356 ἐπισπῶνται,
728 5290 825 5346 καὶ
861 5291 1017 5344 τοῦτο
1046 5288 1203 5359 δῆλον
1234 5286 1344 5341 ἀπὸ
1365 5284 1459 5339 τοῦ
1485 5283 1559 5355 μὴ
1585 5279 1717 5354 ἆραι
1745 5297 1918 5348 κεφα-

334 5390 455 5461 λὴν,
493 5388 628 5460 μηδὲ
689 5386 982 5442 ἀνανεῦσαι
1030 5386 1229 5448 αὐτοὺς
1274 5383 1382 5437 ἀπὸ
1432 5380 1541 5434 τῶν
1583 5379 1790 5450 χρόνων
1818 5377 1919 5447 τῆς

336 5479 480 5534 κατὰ
509 5480 603 5533 τοῦ
626 5480 878 5549 Σωτῆρος
907 5476 1063 5549 ἡμῶν
1094 5473 1408 5544 ἐπιϐουλῆς.

409 5572 517 5626 Καὶ
542 5570 645 5635 σὺ,
694 5569 893 5638 Κύριε,
922 5568 1183 5634 ποίησον
1210 5567 1338 5634 μετ’
1390 5560 1536 5633 ἐμοῦ
1574 5561 1784 5615 ἕνεκεν
1816 5556 1923 5612 τοῦ

2020 5108 2158 5178 ipsis
2210 5103 2513 5167 attraham,
2546 5102 2709 5156 etiam
2760 5098 2864 5151 hoc
2913 5091 3264 5149 manifestum
3312 5093 3399 5143 est
3434 5100 3500 5139 ex
3536 5096 3607 5137 eo

2024 5197 2171 5269 quod
2201 5204 2365 5268 caput
2388 5211 2497 5250 non
2538 5193 2811 5254 attollant,
2844 5201 3023 5257 neque
3059 5186 3361 5251 emergant,
3391 5193 3459 5233 ex
3492 5188 3607 5246 quo

2026 5300 2272 5361 tempore
2303 5286 2572 5343 Salvatori
2606 5294 2798 5340 nostro
2823 5278 3054 5335 insidias
3087 5276 3423 5331 struxerunt.

2027 5563 2033 5575 ‘
2105 5550 2272 5606 Vens.
2301 5547 2496 5602 21-24.
2530 5544 2599 5599 Et
2635 5555 2711 5609 tu,
2748 5541 2986 5607 Domine,
3026 5538 3111 5608 [ac
3156 5550 3356 5590 mecum
3394 5541 3607 5603 propter

345 5622 799 5734 (Iov:
940 5622 1303 5731 χρηστὸν-τὸ
1329 5622 1502 5721 ἔλεός
1528 5669 1665 5710 σου.
1715 5651 1889 5708 Ῥῦσο

2038 5662 2221 5704 nomen
2256 5654 2423 5710 tuum,
2453 5642 2577 5712 quia
2624 5636 2802 5694 suavis
2846 5643 2924 5693 est
2971 5627 3336 5688 misericordia
3367 5635 3479 5681 tua.
3512 5622 3613 5682 [αξ-ς

421 5818 465 5849 ⁸⁸
503 5819 636 5874 Luc.
675 5834 759 5873 xu
788 5856 803 5885 ,
841 5816 929 5871 42.
1008 5816 1049 5852 ⁸³
1090 5812 1224 5871 Gcn.
1263 5828 1442 5882 xxv”,
1482 5810 1579 5869 “2.9.
