4014 6410
408 313 553 375 1359

1127 312 1397 370 EUSEBII
1432 310 1913 370 CIESARIENSIS
1952 310 2101 365 OPP.
2141 308 2323 364 PARS
2360 306 2446 362 Ill.
2479 340 2544 347 —
2571 301 2986 359 EXEGETICA.

3534 298 3679 356 15ἱο

399 428 523 481 bera
555 445 656 493 me,
681 428 808 499 quia
830 443 1020 498 egenus
1048 435 1096 480 et
1117 440 1315 494 pauper
1341 442 1433 496 ego
1456 440 1595 488 sum,
1625 433 1675 477 et
1698 439 1788 477 cor
1817 439 1984 475 meum

2095 437 2179 487 με,
2216 420 2304 473 ὅτι
2337 419 2572 488 πτωχὸς
2600 419 2694 472 καὶ
2721 417 2911 485 πένης
2933 412 3049 485 εἰμί
3078 413 3212 482 ἐγὼ,
3239 412 3335 466 καὶ
3374 412 3414 479 ὴ
3458 413 3681 479 καρδία

399 519 776 573 conturbatum
798 528 876 572 est
909 519 1055 573 intra
1078 532 1179 570 me.
1216 516 1368 571 Sicut
1394 514 1585 569 umbra
1606 531 1725 569 cum
1749 513 1981 568 declinat

401 610 611 664 ablatus
640 627 780 674 sum,
803 626 1055 664 excussus
1075 626 1193 664 sum
1225 610 1361 662 sicut
1391 608 1631 663 locusta.
1658 605 1841 662 Genua
1868 623 1984 661 mea

400 704 675 772 inﬁrmata
716 713 839 759 sunt
871 722 903 757 ιι
917 704 1148 773 jejunio.
1194 714 1243 758 et
1280 719 1407 757 caro
1444 718 1561 756 mea
1592 702 1878 755 immutata
1906 710 1984 755 est

402 804 611 863 propter
653 794 848 851 oleum.
890 794 1026 851 Cum
1077 796 1147 850 de
1175 795 1483 850 animarum
1530 803 1639 848 tam
1686 793 1984 865 proditoris

401 902 564 955 quam
614 887 999 943 insidiatorum
1034 888 1299 958 pernicie,
1346 901 1557 942 necnon
1588 886 1656 941 de
1691 886 1863 941 totius
1888 883 1985 940 Ju-

400 977 572 1032 daicae
612 978 791 1048 gentis
831 977 1213 1048 repudiatione
1256 978 1550 1033 admodum
1587 978 1857 1034 sollicitus
1890 978 1982 1044 sit,

401 1077 589 1139 utpote
636 1068 920 1123 hominum
968 1085 1189 1134 amans;
1232 1084 1292 1125 se
1332 1085 1524 1125 eorum
1568 1085 1735 1126 causa
1774 1071 1981 1125 turbari

399 1160 727 1229 proﬁtetur:
777 1176 950 1231 quare
994 1161 1091 1229 ait,
1142 1159 1212 1215 Et
1259 1178 1353 1215 cor
1391 1178 1562 1217 meum
1610 1162 1985 1217 conturbatum

398 1264 477 1308 est
508 1256 652 1308 intra
681 1270 780 1310 me.

470 1432 637 1489 Vens.
668 1434 857 1489 25-29.
894 1432 961 1487 Et
994 1450 1086 1505 ego
1110 1435 1286 1504 factus
1314 1451 1433 1489 sum
1464 1434 1811 1505 opprobrium
1835 1435 1944 1489 illis
1965 1450 1984 1489 :

402 1523 645 1579 uiderunt
686 1543 787 1588 me,
836 1536 883 1580 et
930 1536 1199 1581 moverunt
1247 1528 1424 1597 capita
1462 1545 1581 1583 sua.
1632 1528 1839 1597 Adjuva
1876 1544 1981 1592 me,

404 1618 627 1672 Domine
658 1618 797 1673 Deus
828 1636 995 1685 meus,
1023 1630 1072 1674 et
1102 1622 1309 1675 salvum
1335 1638 1417 1675 me
1438 1620 1523 1689 fac
1552 1620 1840 1674 secundum
1883 1621 1984 1672 mi-

402 1712 747 1765 sericordiam
775 1722 944 1768 tuam.
984 1713 1051 1766 Et
1083 1716 1254 1767 sciant
1278 1715 1402 1784 quia
1428 1730 1617 1767 manus
1649 1723 1741 1767 tua
1781 1713 1911 1779 lucc,
1936 1723 1985 1767 et

2084 532 2204 585 μου
2259 512 2603 583 τετάρακται
2630 512 2803 577 ἐντός
2821 528 2961 580 μου.
3007 507 3164 564 Ὠσεὶ
3196 509 3337 561 σκιὰ
3370 507 3440 560 ἐν
3472 506 3549 572 τῷ
3571 509 3679 561 ἐκ·

2089 613 2290 668 κλῖναι
2339 608 2534 677 αὐτὴν
2578 605 3021 674 ἁντανῃρέθην,
3083 600 3475 670 ἐξετινάχθην
3525 601 3675 655 ὡσεὶ

2090 704 2348 774 ἀκρίδες.
2383 701 2461 757 Τὰ
2488 698 2709 771 γόνατά
2723 716 2841 768 μου
2857 693 3343 765 ὴσθένησανλὰπὸ
3360 694 3674 761 νηστείας,

2090 799 2188 853 καὶ
2222 798 2261 866 ἠ
2299 796 2456 865 σάρξ
2498 812 2619 865 μου
2649 792 2948 861 ἠλλοιώθη
2996 789 3070 844 δι’
3103 790 3329 844 ἔλαιον.
3364 785 3679 858 Φροντίζων

2091 885 2219 955 περὶ
2279 884 2379 954 τῆς
2434 882 2708 945 ἀπωλείας
2752 881 2861 934 τῶν
2920 880 3107 950 ψυχῶν
3152 878 3352 937 αὐτῶν,
3400 875 3561 929 αὑτοῦ
3602 892 3676 928 τε

2091 976 2298 1031 ἐκείνου
2331 975 2426 1029 τοῦ
2464 974 2724 1047 προδότου
2765 974 2860 1028 καὶ
2892 972 3001 1026 τῶν
3048 972 3146 1043 τὴν
3192 970 3482 1040 ἐπιϐουλὴν
3518 968 3675 1040 αύτῷ

2093 1067 2631 1138 συνεσκευασμένων,
2656 1064 2783 1137 περί
2804 1082 2862 1118 τε
2883 1064 2982 1135 τῆς
3000 1062 3271 1131 ἀποὸολῆς
3304 1062 3395 1116 καὶ
3415 1060 3676 1115 ἀποπτῶ-

2092 1178 2230 1224 σεως
2260 1160 2355 1214 τοῦ
2394 1160 2595 1223 παντὸς
2640 1156 2929 1212 Ἰουδαϊκοῦ
2959 1156 3165 1220 ἔθνους,
3202 1155 3559 1228 ταράττεσθαι
3588 1154 3677 1219 ὡς

2091 1253 2471 1325 φιλάνθρωπος
2498 1252 2636 1323 ὑπὲρ
2668 1251 2852 1305 αὐτῶν
2893 1250 3161 1321 ὁμολογεῖ·
3195 1249 3286 1302 Διό
3314 1266 3463 1319 φησι·
3491 1250 3597 1304 Kal
3624 1249 3675 1319 ἠ

2092 1346 2304 1415 καρδία
2327 1364 2444 1415 μου
2471 1343 2821 1413 τετάρακται
2841 1343 3013 1409 ἐντός
3027 1362 3167 1413 μου.

2164 1437 2334 1505 Κάγὼ
2361 1434 2654 1506 ἐγενήθην
2679 1434 2909 1499 ὄνειδος
2933 1433 3157 1499 αὐτοῖς·
3180 1433 3533 1502 εἶδοσάνμε,
3569 1433 3676 1488 καὶ

2092 1528 2441 1583 ἐσάλευσαν
2479 1524 2748 1595 κεφαλὰς
2781 1524 3000 1579 αὐτῶν.
3034 1524 3353 1592 Βοήθησόν
3391 1542 3515 1594 μοι,
3558 1525 3681 1578 Κύ-

2084 1640 2179 1692 ριε
2208 1624 2399 1687 όΘεός
2426 1639 2565 1691 μου,
2598 1620 2694 1674 καί
2714 1618 2924 1673 σῶσόν
2946 1635 3023 1688 με
3042 1618 3194 1671 κατὰ
3224 1617 3290 1670 τὸ
3323 1618 3493 1683 ἔλεός
3531 1633 3677 1673 σου.

2093 1715 2203 1769 Καὶ
2226 1712 2568 1783 γνώτωσαν,
2600 1710 2691 1766 ὅτι
2719 1713 2757 1779 ἡ
2787 1711 2915 1781 χείρ
2942 1725 3057 1764 σου
3085 1710 3259 1777 αὕτη,
3287 1710 3384 1763 καὶ
3416 1709 3517 1775 σὺ,
3552 1709 3678 1762 Κύ-

401 1811 484 1866 tu,
521 1800 759 1865 Domine,
793 1803 963 1871 fecisti
989 1819 1127 1857 eam.
1156 1802 1213 1856 ln
1245 1802 1649 1857 resurrectione
1678 1816 1707 1853 a
1731 1800 1984 1863 mortuis,

2095 1824 2197 1874 ριε,
2236 1807 2530 1873 ἐποίησας
2551 1804 2763 1873 αὐτήν.
2815 1804 2901 1858 Ἐν
2939 1806 3005 1874 τῇ
3049 1803 3114 1856 ἐκ
3139 1802 3347 1873 νεκρῶν
3381 1802 3681 1857 ἀναστάσει

402 1906 601 1948 manus
634 1892 751 1958 Dei,
782 1894 836 1947 id
864 1901 952 1948 est
1004 1893 1351 1964 unigenitum
1385 1894 1505 1963 ejus
1540 1891 1799 1957 Verbum,
1830 1892 1989 1945 inno-

402 1984 530 2052 tuit,
572 1994 627 2039 et
666 1985 713 2040 is
757 1986 851 2055 qui
903 1985 1173 2043 hactenus
1224 1986 1478 2057 plurimis
1521 1985 1779 2048 latuerat,
1822 1998 1989 2053 appa-

405 2077 547 2141 ruit;
590 2076 812 2146 quando
841 2092 1037 2147 nempe
1073 2078 1190 2147 ipse
1227 2078 1418 2133 volens
1447 2078 1705 2131 sustinuit
1750 2093 1984 2142 crucem,

402 2170 713 2237 confusione
746 2180 1046 2240 contempta
1084 2173 1152 2235 ’°,
1186 2178 1350 2241 atque
1398 2170 1539 2225 idem
1580 2185 1783 2241 corpus
1825 2185 1985 2225 suum

406 2264 717 2328 suscitavit,
748 2278 872 2318 cum
902 2263 975 2318 sit
1007 2264 1232 2319 dextera
1274 2271 1327 2319 et
1356 2264 1534 2318 virtus
1563 2262 1766 2319 Patris.
1802 2262 1989 2318 Sciant

403 2354 591 2425 igitur,
624 2356 720 2419 ait,
757 2357 881 2424 quia
926 2372 1117 2409 manus
1160 2364 1249 2407 tua
1294 2354 1426 2416 haec,
1464 2371 1630 2425 quam
1674 2355 1988 2425 opprobriis

404 2455 459 2501 et
480 2448 765 2503 cachinnis
801 2448 1119 2511 traducunt,
1149 2457 1197 2500 et
1224 2458 1299 2513 tu,
1344 2446 1587 2510 Domine,
1620 2447 1795 2515 fecisti
1829 2463 1944 2501 eam
1968 2461 1987 2499 :

401 2537 551 2606 quod
598 2538 695 2591 tibi
741 2539 1009 2608 placuerit
1042 2545 1105 2592 ut
1148 2552 1214 2592 ea
1245 2552 1447 2608 corpus
1477 2546 1805 2594 assumeret.
1847 2536 1985 2591 Nam

405 2644 602 2684 manus
646 2628 740 2684 Dei
777 2637 861 2686 est
902 2630 1023 2699 ejus
1068 2630 1247 2685 virtus
1283 2630 1529 2685 omnium
1560 2628 1829 2692 effectrix,
1864 2643 1988 2699 quae

404 2736 515 2774 non
546 2721 650 2774 alia
683 2728 768 2777 est
813 2736 844 2775 a
893 2720 987 2776 Dei
1038 2720 1241 2787 Verbo,
1276 2737 1374 2793 per
1416 2720 1565 2793 quod
1608 2725 1793 2775 omnia
1839 2720 1986 2775 facta

404 2821 557 2868 sunt.
592 2812 915 2873 Maledicent
953 2813 1058 2880 illi,
1088 2824 1137 2869 et
1166 2823 1218 2868 tu
1246 2814 1538 2870 benedices.
1568 2814 1674 2883 Qui
1704 2816 1987 2884 insurgunt

401 2907 573 2962 inme
617 2907 1014 2976 confundantur
1041 2926 1059 2963 :
1104 2926 1281 2963 servus
1323 2919 1499 2963 autem
1539 2918 1661 2962 tuus
1695 2907 1985 2963 laetabitur.

406 2998 489 3057 Ad
540 3000 685 3055 hanc
714 3016 890 3071 usque
936 3000 1081 3056 diem
1133 3008 1488 3072 perseverant
1519 2999 1693 3054 Judaei
1730 2997 1987 3055 Servato-

407 3106 522 3145 rem
559 3092 896 3161 blasphemis
925 3092 1090 3148 dictis
1119 3093 1415 3163 impetere:
1448 3100 1503 3148 at
1528 3093 1639 3148 illis
1668 3091 1986 3161 blasphema

2090 1900 2306 1969 γνωστὴ
2328 1900 2549 1968 γέγονεν
2570 1900 2602 1968 ἡ
2626 1899 2711 1968 χε).
2720 1914 2751 1968 ρ
2774 1896 2868 1949 τοῦ
2901 1896 3058 1959 Θεοῦ,
3090 1894 3366 1949 τουτέστιν
3394 1898 3423 1949 ὁ
3446 1913 3679 1966 μονογε-

2089 1992 2185 2063 νὴς
2216 1992 2381 2067 αὐτοῦ
2406 1992 2599 2059 Λόγος,
2631 1991 2723 2043 καὶ
2748 1992 2775 2043 ὁ
2803 1989 2941 2052 τέως
2971 1989 3096 2052 τοὺς
3120 1988 3347 2050 πολλοὺς
3376 1988 3680 2053 λανθάνων,

2089 2083 2432 2155 ἐφανερώθη,
2471 2084 2548 2146 ὡς
2576 2082 2736 2145 αὐτὸς
2768 2081 2909 2135 ἐκὼν
2942 2080 3223 2150 ὑπέμεινε
3260 2082 3545 2149 σταυρὸν,
3586 2084 3680 2135 αἱ-

2090 2176 2327 2244 σχύνης
2371 2171 2853 2242 καταφρονήσας,
2902 2172 2995 2225 καὶ
3023 2172 3183 2235 αὐτὸς
3211 2171 3274 2225 τὸ
3323 2172 3513 2225 ἑαυτοῦ
3552 2172 3680 2225 ἀνέ-

2062 2252 2255 2340 ’στησε
2316 2267 2495 2338 σῶμα,
2539 2265 2689 2330 δεξιά
2736 2265 2830 2318 καὶ
2882 2264 3115 2334 δύναμις
3166 2263 3241 2317 ὢν
3296 2264 3389 2317 τοῦ
3437 2266 3678 2337 Πατρός.

2089 2361 2429 2416 Γνὼτωσαν
2463 2359 2663 2423 τοίνυν,
2696 2358 2881 2429 φησὶν,
2917 2358 3003 2410 ὅτι
3030 2359 3066 2426 ή
3098 2359 3226 2426 χείρ
3256 2374 3373 2412 σου
3397 2358 3570 2424 αὕτη,
3610 2358 3685 2431 ἣν

2088 2452 2407 2516 ὀνειδίζουσι
2434 2452 2526 2504 καὶ
2554 2451 2893 2521 χλευάζουσι,
2918 2450 3013 2503 καὶ
3042 2450 3145 2513 σὺ,
3172 2451 3367 2517 Κύριε,
3384 2450 3684 2516 ἐποίησας

2091 2542 2301 2611 αὐτὴν,
2342 2541 2420 2612 τῷ
2459 2542 2747 2612 εὐδοκῆσαι
2784 2542 2945 2612 σῶμα
2978 2542 3148 2612 αὐτὴν
3185 2541 3490 2594 ἀναλαϐεῖν.
3539 2540 3685 2613 Χεὶρ

2089 2633 2199 2705 γάρ
2228 2632 2323 2685 τοῦ
2347 2632 2533 2704 Θεοῦὴ
2569 2632 2826 2703 ποιητικὴ
2861 2632 3115 2688 ἁπάντων
3135 2633 3363 2703 δύναμις
3382 2632 3564 2695 αὑτοῦ,
3581 2634 3689 2708 οὐχ

2090 2724 2251 2795 ἑτέρα
2274 2718 2407 2778 οὖσα
2419 2722 2512 2776 τοῦ
2539 2723 2605 2775 δι’
2634 2717 2695 2776 οῦ
2716 2722 2907 2791 γέγονε
2934 2723 3003 2775 τὰ
3021 2724 3197 2777 πάντα
3213 2723 3304 2776 τοῦ
3322 2723 3453 2775 Θεοῦ
3475 2723 3681 2791 Λόγου.

2090 2816 2543 2885 Καταράσονται
2566 2816 2757 2881 αὐτοὶ,
2794 2816 2890 2869 καὶ
2922 2816 3004 2869 σὺ
3043 2816 3417 2887 εὑλογήσεις.
3458 2818 3520 2869 Ol
3568 2816 3684 2869 ἐπ-

2090 2907 2479 2977 ανιστάμενοι
2494 2925 2594 2977 μοι
2612 2906 3136 2977 αἱσχυνθήτωσαν·
3165 2911 3198 2961 ό
3222 2907 3291 2960 δὲ
3310 2907 3529 2973 δοῦλός
3560 2924 3684 2960 σου

2090 3000 2585 3070 εὐφρανθήσεται.
2646 3001 2823 3073 Μέχρι
2856 3002 2949 3055 καὶ
3010 3003 3249 3073 σήμερον
3302 3000 3578 3072 διέμειναν
3624 3001 3681 3051 oi

2106 3092 2346 3147 Ἰουδαῖοι
2390 3096 2510 3157 ταῖς
2551 3092 2693 3147 κατὰ
2724 3092 2820 3146 τοῦ
2849 3094 3102 3164 Σωτῆρος
3136 3090 3408 3165 χρώμενοι
3436 3092 3685 3162 βλασφη-

408 3182 836 3254 prot'erentibus,
874 3184 1213 3254 splendidior
1246 3183 1491 3255 quotidie
1519 3182 1840 3255 praedicatio
1862 3198 1990 3239 eva—

2099 3185 2267 3258 μίαις·
2302 3186 2417 3239 ἀλλ’
2444 3186 2667 3239 ἐκείνων
2694 3185 3179 3257 βλασφημούντων,
3218 3185 3695 3256 περιφανέστερον.

406 3276 507 3331 dit.
556 3273 862 3329 Induantur
894 3277 985 3347 qui
1030 3276 1315 3337 detrahunt
1349 3277 1479 3330 mihi
1513 3277 1733 3347 pudore,
1782 3289 1833 3337 et
1873 3295 1993 3351 ope-

408 3368 622 3421 riantur
644 3367 779 3420 sicut
809 3366 1043 3437 diploide
1067 3369 1377 3439 confusione
1406 3385 1526 3425 sua.
1556 3368 1729 3427 Judaei
1756 3388 1995 3445 namque

408 3467 533 3530 post
574 3458 805 3517 insidias
850 3460 1115 3518 adversus
1155 3462 1461 3528 Christum,
1513 3462 1609 3519 Dei
1657 3464 1995 3534 providentia

408 3550 680 3616 destituti,
717 3550 926 3623 pudore
954 3552 1282 3610 circumfusi
1311 3563 1439 3610 sunt
1469 3570 1483 3607 :
1528 3554 1780 3611 Salvator
1810 3564 1992 3613 autem

409 3652 465 3699 et
497 3642 759 3700 Dominus
787 3654 975 3701 noster
1003 3644 1193 3704 laetitia
1223 3644 1292 3702 ad
1323 3646 1429 3702 hoc
1458 3662 1634 3719 usque
1656 3654 1870 3718 tempus
1901 3649 1999 3703 im-

414 3738 617 3808 pletur,
664 3735 908 3793 Ecclesia
947 3752 1043 3811 per
1073 3745 1248 3792 totum
1295 3738 1487 3794 orbem
1519 3740 1575 3793 in
1613 3739 1835 3795 nomine
1873 3740 1994 3810 ejus

411 3830 733 3885 constituta.
760 3830 952 3885 Servus
982 3840 1159 3885 autem
1188 3841 1307 3886 tuus
1342 3832 1633 3887 (celabitur.
1670 3831 1858 3903 Neque
1888 3834 1996 3890 alio

413 3922 577 3976 modo
616 3928 671 3976 et
711 3923 981 3977 sententia
1022 3924 1166 3979 servi
1216 3940 1417 3981 nomen
1464 3924 1552 3979 hic
1602 3924 1855 3995 accipere
1900 3941 1997 3980 nc-

409 4030 567 4069 ccsse
588 4020 706 4069 est:
733 4015 977 4069 divinum
1005 4018 1206 4086 quippe
1225 4015 1457 4071 Paulum
1482 4016 1736 4071 audimus
1767 4016 1881 4071 haec
1914 4016 1997 4070 di-

409 4115 623 4163 centem
656 4105 1041 4176 :Semetipsum
1077 4110 1365 4164 exinanivit
1399 4110 1630 4179 formam
1678 4110 1812 4163 servi
1856 4111 1996 4163 acci-

410 4203 558 4267 piens
587 4202 671 4269 ⁹¹;
724 4203 949 4273 ipseque
976 4219 1072 4272 per
1102 4203 1297 4258 Isaiam
1330 4204 1569 4258 clamat:
1601 4203 1690 4257 Sic
1724 4202 1852 4255 dicit
1886 4202 1997 4256 Do-

412 4294 588 4346 minus
624 4290 865 4359 formans
895 4309 976 4347 me
1004 4308 1069 4347 ea:
1098 4302 1246 4346 utero
1277 4309 1482 4347 servum
1517 4292 1619 4347 sibi
1651 4293 1717 4347 ".
1758 4291 1996 4346 Induan-

414 4380 627 4455 tur'qui
662 4384 943 4439 detrahunt
976 4386 1104 4439 mihi
1150 4385 1368 4454 pudore,
1416 4395 1467 4440 et
1515 4386 1821 4455 aperiantur
1859 4387 1995 4439 sicut

414 4476 645 4545 diptoide
675 4478 981 4546 confusione
1001 4494 1119 4531 sua.
1151 4476 1266 4532 Hoc
1300 4486 1481 4534 autem
1513 4479 1749 4544 ediscas,
1779 4478 1824 4534 si
1857 4493 1992 4532 con-

2095 3278 2365 3349 ὁσημέραι
2426 3278 2488 3331 τὸ
2553 3279 2818 3350 κήρυγμα
2876 3279 3105 3347 γίνεται.
3168 3275 3689 3332 Ἐνδυσάσθωσαν

2095 3370 2150 3421 οὶ
2172 3367 2672 3433 ἑνδιαόἀλλοντές
2694 3367 3108 3437 μεὲντροπὴν,
3131 3366 3229 3421 καὶ
3252 3363 3694 3433 περιϐαλέσθαι)-

2096 3477 2219 3516 σαν
2238 3460 2383 3515 ὡσεὶ
2416 3459 2696 3515 διπλοΐδα
2734 3459 2848 3527 τὴν
2884 3461 3191 3528 αισχύνην
3229 3454 3447 3512 αὐτῶν.
3477 3455 3553 3511 Ol.
3571 3456 3690 3529 γὰρ

2110 3552 2353 3607 Ἰουδαῖοι
2389 3551 2529 3623 μετά
2560 3551 2662 3623 τὴν
2699 3551 2841 3605 κατὰ
2874 3549 3111 3623 Χριστοῦ
3144 3549 3456 3621 ἐπιϐουλὴν,
3482 3548 3686 3621 ἔρημοι

2095 3646 2198 3716 τῆς
2215 3645 2310 3700 τοῦ
2344 3644 2480 3699 Θεοῦ
2518 3644 2827 3713 ἐπισκοπῆς
2880 3645 3183 3714 γενόμενοι,
3225 3644 3486 3713 αἰσχύνην
3526 3658 3689 3711 περι-

2098 3738 2370 3793 εϐάλοντο·
2418 3739 2447 3792 ὁ
2492 3738 2549 3792 δὲ
2581 3738 2773 3809 Σωτὴρ
2803 3738 2896 3791 καὶ
2930 3738 3131 3808 Κύριος
3162 3736 3319 3807 ἡμῶν
3345 3733 3691 3806 εὐφροσύνης

2097 3832 2264 3884 εἰσέτι
2298 3832 2393 3885 καὶ
2421 3830 2514 3885 νῦν
2562 3830 2887 3903 πληροῦται,
2939 3830 3027 3884 διὰ
3076 3829 3175 3889 τοῦ,
3206 3828 3468 3901 ὀνόματος
3513 3826 3690 3882 αὑτοῦ

2098 3925 2218 3978 καθ’
2248 3924 2375 3995 ὅλης
2421 3925 2522 3995 τῆς
2576 3924 2901 3996 οἰκουμένης
2933 3924 3285 3996 καθεστώσης
3336 3922 3685 3992 Ἐκκλησὲας.

2110 4018 2256 4071 ὀδὲ
2287 4018 2507 4084 δοῦλός
2524 4033 2638 4071 σου
2662 4016 3157 4086 εὐφρανθήσεται.
3186 4017 3319 4069 Οὐδὲ
3350 4014 3506 4068 τοῦτο
3532 4016 3688 4085 ἡμᾶς

2098 4109 2159 4162 τὸ
2212 4109 2363 4180 ρἦα
2420 4109 2604 4162 λαϐεῖν
2665 4110 2745 4171 είς
2808 4110 3000 4179 ἑτέραν
3054 4108 3310 4161 ὑπόθεσιν
3362 4109 3684 4177 ἀναγκάσει·

2099 4200 2371 4271 ἀκούομεν
2418 4199 2525 4271 γὰρ
2557 4199 2650 4252 καὶ
2696 4199 2789 4252 τοῦ
2820 4200 3105 4252 θεσπεσίου
3150 4199 3360 4252 Παύλου
3408 4200 3687 4267 λέγοντος,

2096 4295 2179 4348 ὅτι
2218 4292 2469 4347 Ἑαυτὸν
2490 4292 2769 4358 ἐκένωσε,
2807 4292 3049 4362 μορφὴν
3090 4292 3315 4346 δούλου
3340 4290 3555 4345 λαϐὼν·
3587 4292 3693 4345 καὶ

2098 4386 2259 4449 αὐτὸς
2314 4386 2370 4439 δὲ
2415 4385 2504 4439 διὰ
2560 4385 2782 4439 Ἡσαΐου
2846 4385 2963 4455 βοᾷο
3032 4384 3195 4437 Οὕτω
3254 4383 3418 4453 λέγει
3467 4385 3695 4451 Κύριος

2100 4482 2133 4532 ό
2164 4478 2407 4544 πλάσας
2429 4496 2503 4547 με
2535 4479 2603 4531 ἐκ
2630 4477 2864 4543 κοιλίας
2892 4476 3116 4530 δοῦλον
3142 4475 3351 4540 ἐαυτῷ.
3400 4475 3697 4530 Ἐνδυσά-

415 4568 624 4624 sideres
646 4584 752 4639 qua
778 4578 959 4625 tuente
995 4571 1105 4625 sint
1132 4569 1327 4636 Judzni,
1372 4572 1622 4628 videntes
1650 4572 1869 4642 quidem
1901 4587 1992 4625 ve-

2103 4574 2349 4625 σθωσαν
2382 4574 2432 4623 οἱ
2465 4568 2966 4635 ἐνδιαϐιὶλλοντές
2997 4586 3072 4638 με
3103 4567 3421 4636 ἐντροπὴν,
3448 4570 3545 4621 καὶ
3580 4586 3697 4623 πε-

415 4662 660 4715 neranda
695 4672 747 4717 et
777 4673 967 4718 sancta
998 4679 1096 4719 sua
1128 4664 1376 4721 funditus
1406 4666 1615 4733 deleta;
1663 4665 1811 4721 illius
1842 4681 1992 4727 vero,

415 4756 508 4824 qui
538 4756 608 4810 ab
646 4756 782 4826 ipsis
826 4758 1128 4827 ignominia
1179 4758 1431 4827 allectus,
1465 4775 1531 4813 ac
1575 4760 1632 4813 in
1675 4774 1896 4814 crucem
1944 4767 1997 4813 et

415 4856 647 4904 mortem
693 4850 927 4906 traditus
960 4860 1066 4919 est,
1103 4854 1414 4923 sepulcrum
1446 4852 1633 4907 studio
1672 4860 1727 4908 et
1766 4852 1995 4907 honori~

414 4942 519 4997 bus
553 4942 849 5009 celebrari;
883 4943 1159 5001 Ecclesias
1194 4962 1325 5001 vero
1355 4962 1477 5017 quae
1513 4946 1633 5016 ejus
1657 4948 1860 5006 virtute
1897 4964 1995 5018 per

416 5039 589 5085 totum
639 5033 826 5087 orbem
855 5032 1097 5091 fundatae
1141 5045 1271 5091 sunt
1310 5037 1366 5090 in
1413 5037 1530 5093 dies
1572 5054 1886 5094 accrescere
1930 5055 1994 5094 ac

418 5121 793 5191 multiplicari,
831 5139 895 5179 ac
926 5141 1051 5179 cum
1079 5126 1253 5197 gloria
1284 5128 1614 5198 promoveri.
1643 5126 1768 5183 llaec
1796 5129 1997 5200 quippe

414 5215 550 5282 ipsis
579 5216 754 5271 oculis
780 5226 1069 5275 cernentes
1095 5218 1291 5284 Judzei,
1316 5221 1408 5291 qui
1446 5236 1557 5275 non
1587 5222 1914 5276 confusione
1941 5230 1995 5276 et

421 5305 625 5377 pudore
654 5307 850 5362 merito
884 5308 1219 5365 induantur?

2094 4662 2555 4731 ριὸαλέσθωσαν
2578 4663 2658 4728 ὼς
2683 4662 2963 4715 διπλοΐδα
2994 4661 3107 4730 τὴν
3137 4660 3691 4730 αἰσχύνητιαὺτῶν.

2102 4756 2213 4808 Καὶ
2240 4754 2398 4808 τοῦτο
2429 4754 2622 4826 μάθοις
2653 4754 2719 4808 ἂν
2748 4757 3047 4825 ἐπιστήσας
3082 4754 3235 4817 ποίας
3271 4754 3379 4826 ἄρα
3415 4753 3696 4807 Ἰουδαίων

2102 4848 2290 4912 παῖδες
2334 4850 2627 4919 κέκτηνται
2665 4848 2899 4911 διανοίας
2946 4847 3181 4918 ὁρῶντες
3227 4846 3298 4899 τὰ
3348 4847 3445 4917 μὲν
3474 4847 3697 4899 ἑαυτῶν

2102 4940 2277 5011 σεμνά
2306 4942 2398 4993 καὶ
2426 4940 2557 5009 ἅγια
2591 4943 2655 4993 ἐκ
2685 4940 2901 5011 βάθρων
2925 4940 3292 5010 ὴφανισμένα,
3327 4938 3417 4993 τοῦ
3451 4939 3506 4991 δὲ
3546 4941 3697 5011 πρὸς

2102 5036 2282 5088 αὐτῶν
2312 5036 2505 5107 ἀτιμία
2535 5036 2971 5106 περιδληθέντος,
3010 5035 3226 5106 σταυρῷ
3260 5053 3318 5088 τε
3348 5037 3441 5088 καὶ
3465 5036 3696 5108 Θανάτῳ

2103 5126 2522 5198 παραδοθέντος,
2577 5128 2638 5180 τὸ
2692 5130 2790 5198 μὲν
2816 5126 2910 5180 τοῦ
2940 5126 3171 5179 θανάτου
3203 5126 3391 5197 μνῆμα
3425 5126 3696 5190 σπουδαῖς

2100 5237 2160 5272 τε
2194 5220 2289 5272 καὶ
2331 5219 2665 5290 φιλοτιμίαις
2693 5217 3076 5290 τετιμημένον,
3111 5217 3209 5281 τὰς
3247 5217 3305 5270 δὲ
3345 5216 3432 5269 διὰ
3459 5220 3555 5289 τῆς
3586 5218 3697 5269 αὑ-

2098 5312 2193 5365 τοῦ
2225 5312 2506 5382 δυνάμεως
2553 5311 2672 5365 καθ’
2706 5312 2833 5382 ὅλης
2863 5311 2962 5382 τῆς
3002 5312 3327 5383 οἰκουμένης
3376 5311 3707 5383 ἱδρυθεὲσαςν

430 5398 751 5469 Ἐκκλησίας
780 5402 1047 5466 αύξούσας
1068 5404 1358 5475 ὁσημέραι,
1391 5405 1486 5459 καὶ
1520 5404 1914 5475 πληθυνούσας,
1944 5407 2038 5459 καὶ
2063 5406 2141 5459 ἔτι
2174 5404 2312 5477 μετά
2355 5405 2512 5475 δόξης
2541 5402 2856 5475 προῖούσας.
2908 5402 3093 5456 Ταῦτα
3132 5403 3240 5474 γὰρ
3286 5403 3516 5473 ὁρῶντες
3582 5403 3696 5473 ὀφ-

422 5488 641 5559 θαλμοῖς
682 5494 949 5549 Ἰουδαίων
979 5497 1184 5563 παῖδες,
1216 5498 1334 5561 πῶς
1365 5499 1465 5551 οὐκ
1500 5499 1767 5569 ἐντροπὴν
1792 5500 1882 5552 καὶ
1909 5498 2170 5571 αἰσχύνην
2204 5499 2428 5562 εἰκότως
2459 5497 2906 5571 περιϐάλλονται;

494 5581 660 5639 Vsus.
695 5585 883 5641 30-51.
916 5587 1216 5659 Conﬁtebor
1235 5591 1457 5645 Domino
1481 5593 1637 5646 nimis
1665 5594 1717 5645 in
1734 5609 1823 5647 ore
1850 5610 1983 5658 meo,

421 5683 467 5725 et
516 5674 567 5725 in
616 5675 786 5731 medio
815 5679 1103 5734 multorum
1150 5682 1380 5735 laudabo
1418 5698 1557 5745 eum,
1586 5683 1709 5753 quia
1757 5685 1927 5738 astitit
1958 5702 1990 5737 a

2184 5592 2734 5664 Ἐξομολογήσομαι
2758 5589 2837 5655 τῷ
2862 5590 3053 5657 Κυρίῳ
3081 5589 3317 5659 σφόδρα
3347 5590 3416 5643 ἐν
3448 5590 3524 5655 τῷ
3541 5595 3666 5645 στό

2094 5686 2236 5755 ματί
2255 5704 2394 5756 μου,
2422 5685 2518 5739 καὶ
2546 5686 2615 5739 ὲν
2638 5684 2807 5755 μέσῳ
2830 5681 3075 5737 πολλῶν
3104 5681 3324 5737 αἰνέσω
3354 5683 3558 5737 αὐτόν·
3593 5684 3694 5741 ὅτι

490 5790 535 5822 ⁸⁸
580 5788 743 5845 llebr.
781 5809 888 5849 xu.
922 5793 976 5849 2.
1053 5796 1097 5829 “
1144 5794 1375 5864 Philipp.
1413 5813 1487 5859 tt,
1526 5799 1576 5853 7.
1656 5801 1700 5832 ⁹²
1743 5799 1824 5857 lsa
1886 5818 2043 5868 xux,
2084 5804 2133 5858 5.
