  <div class='ocr_page' id='page_1' title='image "/cluster/home/n/w/nwhite01/storage/ocr_20150623/23/nnc1.0046978313/696.png"; bbox 0 0 4014 6410; ppageno 0'>
   <div class='ocr_carea' id='block_1_1' title="bbox 324 320 449 369">
    <p class='ocr_par' dir='ltr' id='par_1_1' title="bbox 324 320 449 369">
     <span class='ocr_line' id='line_1_1' title="bbox 324 320 449 369; baseline 0.008 -1"><span class='ocrx_word' id='word_1_1' title='bbox 324 320 449 369; x_wconf 68' lang='grc'><strong>1541</strong></span> 
     </span>
    </p>
   </div>
   <div class='ocr_carea' id='block_1_2' title="bbox 1405 310 2389 369">
    <p class='ocr_par' dir='ltr' id='par_1_2' title="bbox 1405 310 2389 369">
     <span class='ocr_line' id='line_1_2' title="bbox 1405 310 2389 369; baseline -0.005 0"><span class='ocrx_word' id='word_1_2' title='bbox 1405 310 1913 369; x_wconf 82' lang='lat' dir='ltr'><strong>COMMENTARIA</strong></span> <span class='ocrx_word' id='word_1_3' title='bbox 1952 310 2020 365; x_wconf 90' lang='lat' dir='ltr'><strong>IN</strong></span> <span class='ocrx_word' id='word_1_4' title='bbox 2053 310 2389 367; x_wconf 79' lang='lat' dir='ltr'><strong>PSALMOS.</strong></span> 
     </span>
    </p>
   </div>
   <div class='ocr_carea' id='block_1_3' title="bbox 3438 308 3572 364">
    <p class='ocr_par' dir='ltr' id='par_1_3' title="bbox 3438 308 3572 364">
     <span class='ocr_line' id='line_1_3' title="bbox 3438 308 3572 364; baseline -0.015 0"><span class='ocrx_word' id='word_1_5' title='bbox 3438 311 3460 364; x_wconf 78' lang='grc'><strong>1</strong></span> <span class='ocrx_word' id='word_1_6' title='bbox 3470 308 3572 363; x_wconf 64' lang='grc'><strong>542</strong></span> 
     </span>
    </p>
   </div>
   <div class='ocr_carea' id='block_1_4' title="bbox 321 424 1889 498">
    <p class='ocr_par' dir='ltr' id='par_1_4' title="bbox 321 424 1889 496">
     <span class='ocr_line' id='line_1_4' title="bbox 321 424 1889 496; baseline 0.001 -16"><span class='ocrx_word' id='word_1_7' title='bbox 321 425 581 496; x_wconf 70' lang='grc' dir='ltr'>παρέστη</span> <span class='ocrx_word' id='word_1_8' title='bbox 599 426 667 480; x_wconf 78' lang='grc' dir='ltr'>ἐκ</span> <span class='ocrx_word' id='word_1_9' title='bbox 702 424 917 491; x_wconf 79' lang='grc' dir='ltr'><strong>δεξιῶν</strong></span> <span class='ocrx_word' id='word_1_10' title='bbox 948 427 1224 496; x_wconf 76' lang='grc' dir='ltr'><strong>πένητος,</strong></span> <span class='ocrx_word' id='word_1_11' title='bbox 1267 427 1373 481; x_wconf 84' lang='grc' dir='ltr'><strong>τοῦ</strong></span> <span class='ocrx_word' id='word_1_12' title='bbox 1413 427 1608 482; x_wconf 83' lang='grc' dir='ltr'>σῶσαι</span> <span class='ocrx_word' id='word_1_13' title='bbox 1654 428 1721 481; x_wconf 85' lang='grc' dir='ltr'>ἐκ</span> <span class='ocrx_word' id='word_1_14' title='bbox 1778 431 1889 481; x_wconf 77' lang='grc' dir='ltr'><strong>τῶν</strong></span> 
     </span>
    </p>
   </div>
   <div class='ocr_carea' id='block_1_5' title="bbox 1992 424 3571 498">
    <p class='ocr_par' dir='ltr' id='par_1_5' title="bbox 1999 425 3571 498">
     <span class='ocr_line' id='line_1_5' title="bbox 1999 425 3571 498; baseline -0.001 -17"><span class='ocrx_word' id='word_1_15' title='bbox 1999 428 2195 483; x_wconf 72' lang='lat' dir='ltr'><strong>dextris</strong></span> <span class='ocrx_word' id='word_1_16' title='bbox 2230 426 2496 498; x_wconf 75' lang='lat' dir='ltr'><strong>pauperis,</strong></span> <span class='ocrx_word' id='word_1_17' title='bbox 2524 435 2583 480; x_wconf 86' lang='lat' dir='ltr'><strong>ut</strong></span> <span class='ocrx_word' id='word_1_18' title='bbox 2617 426 2823 480; x_wconf 77' lang='lat' dir='ltr'><strong>salvam</strong></span> <span class='ocrx_word' id='word_1_19' title='bbox 2851 425 3047 495; x_wconf 81' lang='lat' dir='ltr'><strong>faceret</strong></span> <span class='ocrx_word' id='word_1_20' title='bbox 3074 425 3118 478; x_wconf 82' lang='grc' dir='ltr'><strong>ἰι</strong></span> <span class='ocrx_word' id='word_1_21' title='bbox 3149 425 3571 495; x_wconf 73' lang='lat' dir='ltr'><strong>persequentibus</strong></span> 
     </span>
    </p>
   </div>
   <div class='ocr_carea' id='block_1_6' title="bbox 320 517 1895 590">
    <p class='ocr_par' dir='ltr' id='par_1_6' title="bbox 320 517 1895 590">
     <span class='ocr_line' id='line_1_6' title="bbox 320 517 1895 590; baseline 0.002 -20"><span class='ocrx_word' id='word_1_22' title='bbox 320 517 797 571; x_wconf 74' lang='grc' dir='ltr'>καταδιωκόντων</span> <span class='ocrx_word' id='word_1_23' title='bbox 833 518 947 587; x_wconf 80' lang='grc' dir='ltr'>τὴν</span> <span class='ocrx_word' id='word_1_24' title='bbox 967 519 1177 588; x_wconf 68' lang='grc' dir='ltr'>ψυχήν</span> <span class='ocrx_word' id='word_1_25' title='bbox 1190 536 1331 587; x_wconf 87' lang='grc' dir='ltr'><strong>μου.</strong></span> <span class='ocrx_word' id='word_1_26' title='bbox 1369 518 1640 572; x_wconf 76' lang='grc' dir='ltr'>Πολλῶν·</span> <span class='ocrx_word' id='word_1_27' title='bbox 1674 519 1835 573; x_wconf 86' lang='grc' dir='ltr'>τίνων</span> <span class='ocrx_word' id='word_1_28' title='bbox 1862 519 1895 590; x_wconf 86' lang='grc' dir='ltr'>ἦ</span> 
     </span>
    </p>
   </div>
   <div class='ocr_carea' id='block_1_7' title="bbox 320 609 1897 676">
    <p class='ocr_par' dir='ltr' id='par_1_7' title="bbox 320 609 1897 676">
     <span class='ocr_line' id='line_1_7' title="bbox 320 609 1897 676; baseline 0.001 -14"><span class='ocrx_word' id='word_1_29' title='bbox 320 609 532 663; x_wconf 86' lang='grc' dir='ltr'>πάντων</span> <span class='ocrx_word' id='word_1_30' title='bbox 554 610 661 663; x_wconf 87' lang='grc' dir='ltr'><strong>τῶν</strong></span> <span class='ocrx_word' id='word_1_31' title='bbox 686 611 766 675; x_wconf 88' lang='grc' dir='ltr'><strong>εἰς</strong></span> <span class='ocrx_word' id='word_1_32' title='bbox 797 612 958 666; x_wconf 82' lang='grc' dir='ltr'>αὐτὸν</span> <span class='ocrx_word' id='word_1_33' title='bbox 991 612 1433 665; x_wconf 83' lang='grc' dir='ltr'>πεπιστευκότων</span> <span class='ocrx_word' id='word_1_34' title='bbox 1459 611 1647 676; x_wconf 80' lang='grc' dir='ltr'>ἐθνῶν,</span> <span class='ocrx_word' id='word_1_35' title='bbox 1674 613 1765 665; x_wconf 74' lang='grc' dir='ltr'><strong>καὶ</strong></span> <span class='ocrx_word' id='word_1_36' title='bbox 1790 611 1897 665; x_wconf 88' lang='grc' dir='ltr'><strong>τῶν</strong></span> 
     </span>
    </p>
   </div>
   <div class='ocr_carea' id='block_1_8' title="bbox 318 700 1897 774">
    <p class='ocr_par' dir='ltr' id='par_1_8' title="bbox 318 700 1897 774">
     <span class='ocr_line' id='line_1_8' title="bbox 318 700 1897 774; baseline 0.002 -19"><span class='ocrx_word' id='word_1_37' title='bbox 318 700 437 755; x_wconf 78' lang='grc' dir='ltr'>καθ’</span> <span class='ocrx_word' id='word_1_38' title='bbox 489 701 618 772; x_wconf 82' lang='grc' dir='ltr'>ὅλης</span> <span class='ocrx_word' id='word_1_39' title='bbox 647 701 749 773; x_wconf 87' lang='grc' dir='ltr'><strong>τῆς</strong></span> <span class='ocrx_word' id='word_1_40' title='bbox 784 701 1109 773; x_wconf 79' lang='grc' dir='ltr'><strong>οἰκουμένης</strong></span> <span class='ocrx_word' id='word_1_41' title='bbox 1134 702 1510 773; x_wconf 82' lang='grc' dir='ltr'>Ἐκκλησιῶν;</span> <span class='ocrx_word' id='word_1_42' title='bbox 1564 703 1735 767; x_wconf 79' lang='grc' dir='ltr'>Αὐτὸς</span> <span class='ocrx_word' id='word_1_43' title='bbox 1788 703 1897 774; x_wconf 86' lang='grc' dir='ltr'><strong>γάρ</strong></span> 
     </span>
    </p>
   </div>
   <div class='ocr_carea' id='block_1_9' title="bbox 318 793 1897 865">
    <p class='ocr_par' dir='ltr' id='par_1_9' title="bbox 318 793 1897 865">
     <span class='ocr_line' id='line_1_9' title="bbox 318 793 1897 865; baseline 0.001 -18"><span class='ocrx_word' id='word_1_44' title='bbox 318 796 464 847; x_wconf 71' lang='grc' dir='ltr'>ἐστιν</span> <span class='ocrx_word' id='word_1_45' title='bbox 487 793 515 846; x_wconf 98' lang='lat'><strong>6</strong></span> <span class='ocrx_word' id='word_1_46' title='bbox 540 793 728 849; x_wconf 76' lang='grc' dir='ltr'>εἰπών’</span> <span class='ocrx_word' id='word_1_47' title='bbox 754 796 937 848; x_wconf 84' lang='grc' dir='ltr'><strong>Ὅπου</strong></span> <span class='ocrx_word' id='word_1_48' title='bbox 966 794 1073 848; x_wconf 84' lang='grc' dir='ltr'><strong>δύο</strong></span> <span class='ocrx_word' id='word_1_49' title='bbox 1090 794 1127 863; x_wconf 77' lang='grc' dir='ltr'>ἢ</span> <span class='ocrx_word' id='word_1_50' title='bbox 1145 794 1302 863; x_wconf 83' lang='grc' dir='ltr'><strong>τρεῖς</strong></span> <span class='ocrx_word' id='word_1_51' title='bbox 1321 796 1689 865; x_wconf 71' lang='grc' dir='ltr'><strong>συνηγμένοι</strong></span> <span class='ocrx_word' id='word_1_52' title='bbox 1717 796 1787 849; x_wconf 85' lang='grc' dir='ltr'>ἐν</span> <span class='ocrx_word' id='word_1_53' title='bbox 1815 795 1897 861; x_wconf 84' lang='grc' dir='ltr'>τῷ</span> 
     </span>
    </p>
   </div>
   <div class='ocr_carea' id='block_1_10' title="bbox 317 885 1894 955">
    <p class='ocr_par' dir='ltr' id='par_1_10' title="bbox 317 885 1894 955">
     <span class='ocr_line' id='line_1_10' title="bbox 317 885 1894 955; baseline 0.003 -19"><span class='ocrx_word' id='word_1_54' title='bbox 317 886 561 955; x_wconf 75' lang='grc' dir='ltr'>ὀνόματί</span> <span class='ocrx_word' id='word_1_55' title='bbox 590 903 727 955; x_wconf 86' lang='grc' dir='ltr'>μου,</span> <span class='ocrx_word' id='word_1_56' title='bbox 783 886 914 940; x_wconf 78' lang='grc' dir='ltr'>ἐκεῖ</span> <span class='ocrx_word' id='word_1_57' title='bbox 963 888 1080 955; x_wconf 84' lang='grc' dir='ltr'>εἰμι</span> <span class='ocrx_word' id='word_1_58' title='bbox 1110 886 1179 939; x_wconf 86' lang='grc' dir='ltr'>ἐν</span> <span class='ocrx_word' id='word_1_59' title='bbox 1213 885 1382 955; x_wconf 85' lang='grc' dir='ltr'><strong>μέσῳ</strong></span> <span class='ocrx_word' id='word_1_60' title='bbox 1410 886 1627 941; x_wconf 85' lang='grc' dir='ltr'>αὐτῶν.</span> <span class='ocrx_word' id='word_1_61' title='bbox 1654 888 1744 941; x_wconf 86' lang='grc' dir='ltr'>Διὸ</span> <span class='ocrx_word' id='word_1_62' title='bbox 1772 887 1894 941; x_wconf 86' lang='grc' dir='ltr'>καθ’</span> 
     </span>
    </p>
   </div>
   <div class='ocr_carea' id='block_1_11' title="bbox 318 975 1896 1050">
    <p class='ocr_par' dir='ltr' id='par_1_11' title="bbox 318 975 1896 1050">
     <span class='ocr_line' id='line_1_11' title="bbox 318 975 1896 1050; baseline -0.001 -17"><span class='ocrx_word' id='word_1_63' title='bbox 318 975 442 1047; x_wconf 65' lang='grc' dir='ltr'>ὅλης</span> <span class='ocrx_word' id='word_1_64' title='bbox 486 976 584 1046; x_wconf 89' lang='grc' dir='ltr'><strong>τῆς</strong></span> <span class='ocrx_word' id='word_1_65' title='bbox 608 976 931 1047; x_wconf 75' lang='grc' dir='ltr'><strong>οἰκουμένης</strong></span> <span class='ocrx_word' id='word_1_66' title='bbox 964 979 1021 1029; x_wconf 85' lang='grc' dir='ltr'>ὲν</span> <span class='ocrx_word' id='word_1_67' title='bbox 1062 976 1209 1047; x_wconf 84' lang='grc' dir='ltr'><strong>μέσῳ</strong></span> <span class='ocrx_word' id='word_1_68' title='bbox 1237 975 1344 1030; x_wconf 88' lang='grc' dir='ltr'><strong>τῶν</strong></span> <span class='ocrx_word' id='word_1_69' title='bbox 1375 977 1712 1049; x_wconf 87' lang='grc' dir='ltr'>Ἐκκλησιῶν</span> <span class='ocrx_word' id='word_1_70' title='bbox 1745 978 1896 1050; x_wconf 87' lang='grc' dir='ltr'><strong>παρά</strong></span> 
     </span>
    </p>
   </div>
   <div class='ocr_carea' id='block_1_12' title="bbox 318 1065 1893 1140">
    <p class='ocr_par' dir='ltr' id='par_1_12' title="bbox 318 1065 1893 1140">
     <span class='ocr_line' id='line_1_12' title="bbox 318 1065 1893 1140; baseline 0.004 -22"><span class='ocrx_word' id='word_1_71' title='bbox 318 1065 407 1132; x_wconf 80' lang='grc' dir='ltr'>τοῦ</span> <span class='ocrx_word' id='word_1_72' title='bbox 440 1067 644 1137; x_wconf 83' lang='grc' dir='ltr'>Κυρίου</span> <span class='ocrx_word' id='word_1_73' title='bbox 669 1067 745 1137; x_wconf 84' lang='grc' dir='ltr'>τῷ</span> <span class='ocrx_word' id='word_1_74' title='bbox 774 1067 949 1137; x_wconf 80' lang='grc' dir='ltr'>Πατρὶ</span> <span class='ocrx_word' id='word_1_75' title='bbox 981 1068 1209 1137; x_wconf 76' lang='grc' dir='ltr'><strong>μεγίστη</strong></span> <span class='ocrx_word' id='word_1_76' title='bbox 1265 1067 1511 1140; x_wconf 80' lang='grc' dir='ltr'>πρόεισιν</span> <span class='ocrx_word' id='word_1_77' title='bbox 1549 1070 1893 1140; x_wconf 84' lang='grc' dir='ltr'>εὐχαριστία.</span> 
     </span>
    </p>
   </div>
   <div class='ocr_carea' id='block_1_13' title="bbox 705 1164 1509 1233">
    <p class='ocr_par' dir='ltr' id='par_1_13' title="bbox 705 1164 1509 1233">
     <span class='ocr_line' id='line_1_13' title="bbox 705 1164 1509 1233; baseline 0.006 -18"><span class='ocrx_word' id='word_1_78' title='bbox 705 1164 996 1216; x_wconf 79' lang='grc' dir='ltr'><strong>ΨΑΔΜΟΣ</strong></span> <span class='ocrx_word' id='word_1_79' title='bbox 1025 1164 1112 1233; x_wconf 87' lang='grc' dir='ltr'><strong>Τῼ</strong></span> <span class='ocrx_word' id='word_1_80' title='bbox 1145 1165 1362 1217; x_wconf 83' lang='grc' dir='ltr'><strong>ΔΑΥΙΔ.</strong></span> <span class='ocrx_word' id='word_1_81' title='bbox 1387 1164 1509 1220; x_wconf 86' lang='grc' dir='ltr'><strong>ΡΘ’.</strong></span> 
     </span>
    </p>
   </div>
   <div class='ocr_carea' id='block_1_14' title="bbox 385 1248 1895 1325">
    <p class='ocr_par' dir='ltr' id='par_1_14' title="bbox 385 1248 1895 1325">
     <span class='ocr_line' id='line_1_14' title="bbox 385 1248 1895 1325; baseline 0.003 -20"><span class='ocrx_word' id='word_1_82' title='bbox 385 1248 573 1321; x_wconf 81' lang='grc' dir='ltr'>Εἶπεν</span> <span class='ocrx_word' id='word_1_83' title='bbox 602 1255 634 1305; x_wconf 92' lang='grc' dir='ltr'><strong>ό</strong></span> <span class='ocrx_word' id='word_1_84' title='bbox 658 1255 873 1321; x_wconf 78' lang='grc' dir='ltr'>Κύριος</span> <span class='ocrx_word' id='word_1_85' title='bbox 892 1252 971 1318; x_wconf 85' lang='grc' dir='ltr'>τῷ</span> <span class='ocrx_word' id='word_1_86' title='bbox 995 1255 1189 1321; x_wconf 75' lang='lat' dir='ltr'><strong>Kvplcp</strong></span> <span class='ocrx_word' id='word_1_87' title='bbox 1210 1272 1349 1325; x_wconf 90' lang='grc' dir='ltr'><strong>μου·</strong></span> <span class='ocrx_word' id='word_1_88' title='bbox 1368 1253 1568 1310; x_wconf 85' lang='grc' dir='ltr'><strong>Κάθου</strong></span> <span class='ocrx_word' id='word_1_89' title='bbox 1595 1256 1663 1309; x_wconf 86' lang='grc' dir='ltr'>ἐκ</span> <span class='ocrx_word' id='word_1_90' title='bbox 1679 1256 1895 1321; x_wconf 82' lang='grc' dir='ltr'>δεξιῶν</span> 
     </span>
    </p>
   </div>
   <div class='ocr_carea' id='block_1_15' title="bbox 317 1341 1937 1419">
    <p class='ocr_par' dir='ltr' id='par_1_15' title="bbox 317 1341 1937 1419">
     <span class='ocr_line' id='line_1_15' title="bbox 317 1341 1937 1419; baseline 0.004 -27"><span class='ocrx_word' id='word_1_91' title='bbox 317 1359 449 1409; x_wconf 83' lang='grc' dir='ltr'>μου,</span> <span class='ocrx_word' id='word_1_92' title='bbox 486 1341 596 1407; x_wconf 85' lang='grc' dir='ltr'>ἕως</span> <span class='ocrx_word' id='word_1_93' title='bbox 622 1342 699 1394; x_wconf 82' lang='grc' dir='ltr'><strong>ἂν</strong></span> <span class='ocrx_word' id='word_1_94' title='bbox 724 1342 805 1397; x_wconf 87' lang='grc' dir='ltr'><strong>θῶ</strong></span> <span class='ocrx_word' id='word_1_95' title='bbox 826 1342 968 1409; x_wconf 84' lang='grc' dir='ltr'>τοὺς</span> <span class='ocrx_word' id='word_1_96' title='bbox 993 1343 1245 1412; x_wconf 83' lang='grc' dir='ltr'>ἐχθρούς</span> <span class='ocrx_word' id='word_1_97' title='bbox 1270 1360 1386 1399; x_wconf 89' lang='grc' dir='ltr'><strong>σου</strong></span> <span class='ocrx_word' id='word_1_98' title='bbox 1417 1346 1751 1399; x_wconf 81' lang='grc' dir='ltr'>ὑποπόδιον</span> <span class='ocrx_word' id='word_1_99' title='bbox 1776 1344 1895 1399; x_wconf 84' lang='grc' dir='ltr'><strong>τῶν</strong></span> <span class='ocrx_word' id='word_1_100' title='bbox 1934 1414 1937 1419; x_wconf 86' lang='lat'><strong><em>_</em></strong></span> 
     </span>
    </p>
   </div>
   <div class='ocr_carea' id='block_1_16' title="bbox 316 1429 1893 1509">
    <p class='ocr_par' dir='ltr' id='par_1_16' title="bbox 316 1429 1893 1509">
     <span class='ocr_line' id='line_1_16' title="bbox 316 1429 1893 1509; baseline 0.004 -26"><span class='ocrx_word' id='word_1_101' title='bbox 316 1429 515 1499; x_wconf 63' lang='grc' dir='ltr'>ποδῶν</span> <span class='ocrx_word' id='word_1_102' title='bbox 538 1446 673 1486; x_wconf 91' lang='grc' dir='ltr'><strong>σου.</strong></span> <span class='ocrx_word' id='word_1_103' title='bbox 711 1433 921 1504; x_wconf 81' lang='grc' dir='ltr'><strong>Σφόδρα</strong></span> <span class='ocrx_word' id='word_1_104' title='bbox 947 1434 1148 1506; x_wconf 75' lang='grc' dir='ltr'>ἀκριϐῆ</span> <span class='ocrx_word' id='word_1_105' title='bbox 1186 1434 1278 1488; x_wconf 80' lang='grc' dir='ltr'>καί.</span> <span class='ocrx_word' id='word_1_106' title='bbox 1309 1435 1484 1507; x_wconf 82' lang='grc' dir='ltr'><strong>ἀληθῆ</strong></span> <span class='ocrx_word' id='word_1_107' title='bbox 1518 1436 1673 1505; x_wconf 90' lang='grc' dir='ltr'>λόγον</span> <span class='ocrx_word' id='word_1_108' title='bbox 1693 1438 1893 1509; x_wconf 83' lang='grc' dir='ltr'>ἐπεση-</span> 
     </span>
    </p>
   </div>
   <div class='ocr_carea' id='block_1_17' title="bbox 318 1522 1895 1597">
    <p class='ocr_par' dir='ltr' id='par_1_17' title="bbox 318 1522 1895 1597">
     <span class='ocr_line' id='line_1_17' title="bbox 318 1522 1895 1597; baseline 0.004 -21"><span class='ocrx_word' id='word_1_109' title='bbox 318 1522 523 1593; x_wconf 86' lang='grc' dir='ltr'>μήνατο</span> <span class='ocrx_word' id='word_1_110' title='bbox 548 1526 576 1576; x_wconf 93' lang='lat'><strong>6</strong></span> <span class='ocrx_word' id='word_1_111' title='bbox 622 1524 811 1595; x_wconf 80' lang='grc' dir='ltr'>Σωτὴρ</span> <span class='ocrx_word' id='word_1_112' title='bbox 844 1525 1002 1595; x_wconf 86' lang='grc' dir='ltr'>ἡμῶν</span> <span class='ocrx_word' id='word_1_113' title='bbox 1044 1526 1298 1597; x_wconf 64' lang='grc' dir='ltr'>εἰρηκώς</span> <span class='ocrx_word' id='word_1_114' title='bbox 1354 1529 1425 1580; x_wconf 79' lang='lat' dir='ltr'><strong>El</strong></span> <span class='ocrx_word' id='word_1_115' title='bbox 1457 1524 1570 1582; x_wconf 84' lang='grc' dir='ltr'><strong>οὖν</strong></span> <span class='ocrx_word' id='word_1_116' title='bbox 1617 1529 1799 1582; x_wconf 80' lang='grc' dir='ltr'>Δαυῒδ</span> <span class='ocrx_word' id='word_1_117' title='bbox 1824 1529 1895 1582; x_wconf 85' lang='grc' dir='ltr'>ἐν</span> 
     </span>
    </p>
   </div>
   <div class='ocr_carea' id='block_1_18' title="bbox 316 1615 1891 1685">
    <p class='ocr_par' dir='ltr' id='par_1_18' title="bbox 316 1615 1891 1685">
     <span class='ocr_line' id='line_1_18' title="bbox 316 1615 1891 1685; baseline 0.004 -18"><span class='ocrx_word' id='word_1_118' title='bbox 316 1615 607 1684; x_wconf 65' lang='grc' dir='ltr'>πνεύματι</span> <span class='ocrx_word' id='word_1_119' title='bbox 649 1616 820 1669; x_wconf 73' lang='grc' dir='ltr'>καλεῖ</span> <span class='ocrx_word' id='word_1_120' title='bbox 864 1616 1050 1670; x_wconf 81' lang='grc' dir='ltr'>αὐτὸν</span> <span class='ocrx_word' id='word_1_121' title='bbox 1080 1618 1321 1685; x_wconf 85' lang='grc' dir='ltr'>Κύριον,</span> <span class='ocrx_word' id='word_1_122' title='bbox 1376 1617 1501 1685; x_wconf 82' lang='grc' dir='ltr'><strong>πῶς</strong></span> <span class='ocrx_word' id='word_1_123' title='bbox 1544 1619 1675 1685; x_wconf 81' lang='grc' dir='ltr'><strong>υἱὸς</strong></span> <span class='ocrx_word' id='word_1_124' title='bbox 1704 1619 1891 1673; x_wconf 84' lang='grc' dir='ltr'>αὑτοῦ</span> 
     </span>
    </p>
   </div>
   <div class='ocr_carea' id='block_1_19' title="bbox 316 1704 1890 1781">
    <p class='ocr_par' dir='ltr' id='par_1_19' title="bbox 316 1704 1890 1781">
     <span class='ocr_line' id='line_1_19' title="bbox 316 1704 1890 1781; baseline 0.004 -24"><span class='ocrx_word' id='word_1_125' title='bbox 316 1707 518 1771; x_wconf 67' lang='lat' dir='ltr'><strong>eorm;</strong></span> <span class='ocrx_word' id='word_1_126' title='bbox 549 1707 609 1758; x_wconf 76' lang='grc' dir='ltr'>οὐ</span> <span class='ocrx_word' id='word_1_127' title='bbox 641 1707 750 1775; x_wconf 84' lang='grc' dir='ltr'>γὰρ</span> <span class='ocrx_word' id='word_1_128' title='bbox 785 1707 938 1771; x_wconf 79' lang='grc' dir='ltr'>ἐκτὸς</span> <span class='ocrx_word' id='word_1_129' title='bbox 966 1707 1284 1778; x_wconf 88' lang='grc' dir='ltr'>Πνεύματος</span> <span class='ocrx_word' id='word_1_130' title='bbox 1329 1710 1484 1778; x_wconf 84' lang='grc' dir='ltr'>ἁγίου</span> <span class='ocrx_word' id='word_1_131' title='bbox 1512 1704 1624 1774; x_wconf 79' lang='grc' dir='ltr'>οἷός</span> <span class='ocrx_word' id='word_1_132' title='bbox 1654 1728 1714 1763; x_wconf 91' lang='grc' dir='ltr'><strong>τε</strong></span> <span class='ocrx_word' id='word_1_133' title='bbox 1748 1706 1816 1781; x_wconf 77' lang='grc' dir='ltr'>ἦν</span> <span class='ocrx_word' id='word_1_134' title='bbox 1861 1712 1890 1763; x_wconf 90' lang='lat'><strong>6</strong></span> 
     </span>
    </p>
   </div>
   <div class='ocr_carea' id='block_1_20' title="bbox 315 1797 1889 1872">
    <p class='ocr_par' dir='ltr' id='par_1_20' title="bbox 315 1797 1889 1872">
     <span class='ocr_line' id='line_1_20' title="bbox 315 1797 1889 1872; baseline 0.004 -19"><span class='ocrx_word' id='word_1_135' title='bbox 315 1799 473 1853; x_wconf 83' lang='grc' dir='ltr'>Δαυῒδ</span> <span class='ocrx_word' id='word_1_136' title='bbox 494 1802 667 1855; x_wconf 87' lang='grc' dir='ltr'>εἰπεῖν</span> <span class='ocrx_word' id='word_1_137' title='bbox 689 1801 767 1854; x_wconf 76' lang='grc' dir='ltr'>τόο</span> <span class='ocrx_word' id='word_1_138' title='bbox 788 1797 972 1857; x_wconf 77' lang='grc' dir='ltr'>Εἶπεν</span> <span class='ocrx_word' id='word_1_139' title='bbox 994 1806 1027 1856; x_wconf 86' lang='grc' dir='ltr'><strong>ό</strong></span> <span class='ocrx_word' id='word_1_140' title='bbox 1057 1804 1272 1871; x_wconf 84' lang='grc' dir='ltr'>Κύριος</span> <span class='ocrx_word' id='word_1_141' title='bbox 1306 1802 1384 1868; x_wconf 85' lang='grc' dir='ltr'>τῷ</span> <span class='ocrx_word' id='word_1_142' title='bbox 1404 1805 1597 1872; x_wconf 81' lang='grc' dir='ltr'>Κυρίῳ</span> <span class='ocrx_word' id='word_1_143' title='bbox 1611 1821 1748 1872; x_wconf 89' lang='grc' dir='ltr'><strong>μου·</strong></span> <span class='ocrx_word' id='word_1_144' title='bbox 1774 1803 1889 1859; x_wconf 83' lang='grc' dir='ltr'>Κά-</span> 
     </span>
    </p>
   </div>
   <div class='ocr_carea' id='block_1_21' title="bbox 314 1890 1888 1967">
    <p class='ocr_par' dir='ltr' id='par_1_21' title="bbox 314 1890 1888 1967">
     <span class='ocr_line' id='line_1_21' title="bbox 314 1890 1888 1967; baseline 0.002 -21"><span class='ocrx_word' id='word_1_145' title='bbox 314 1895 420 1946; x_wconf 89' lang='grc' dir='ltr'><strong>θου</strong></span> <span class='ocrx_word' id='word_1_146' title='bbox 447 1891 515 1945; x_wconf 82' lang='grc' dir='ltr'>ἐκ</span> <span class='ocrx_word' id='word_1_147' title='bbox 532 1890 746 1957; x_wconf 81' lang='grc' dir='ltr'><strong>δεξιῶν</strong></span> <span class='ocrx_word' id='word_1_148' title='bbox 757 1911 896 1963; x_wconf 86' lang='grc' dir='ltr'><strong>μου.</strong></span> <span class='ocrx_word' id='word_1_149' title='bbox 924 1894 1095 1949; x_wconf 88' lang='grc' dir='ltr'>Πόθεν</span> <span class='ocrx_word' id='word_1_150' title='bbox 1120 1893 1228 1967; x_wconf 92' lang='grc' dir='ltr'><strong>γάρ</strong></span> <span class='ocrx_word' id='word_1_151' title='bbox 1250 1896 1427 1967; x_wconf 86' lang='grc' dir='ltr'>παρῆν</span> <span class='ocrx_word' id='word_1_152' title='bbox 1455 1896 1777 1967; x_wconf 82' lang='grc' dir='ltr'>ἀνθρωπίνῳ</span> <span class='ocrx_word' id='word_1_153' title='bbox 1802 1896 1888 1949; x_wconf 78' lang='grc' dir='ltr'>λο-</span> 
     </span>
    </p>
   </div>
   <div class='ocr_carea' id='block_1_22' title="bbox 314 1981 1887 2058">
    <p class='ocr_par' dir='ltr' id='par_1_22' title="bbox 314 1981 1887 2058">
     <span class='ocr_line' id='line_1_22' title="bbox 314 1981 1887 2058; baseline 0.004 -25"><span class='ocrx_word' id='word_1_154' title='bbox 314 1981 540 2052; x_wconf 81' lang='grc' dir='ltr'>γισμῴή</span> <span class='ocrx_word' id='word_1_155' title='bbox 577 1982 831 2055; x_wconf 86' lang='grc' dir='ltr'>γνῶσιςή</span> <span class='ocrx_word' id='word_1_156' title='bbox 860 1983 953 2042; x_wconf 78' lang='grc' dir='ltr'>τοῦ</span> <span class='ocrx_word' id='word_1_157' title='bbox 974 1985 1187 2057; x_wconf 85' lang='grc' dir='ltr'>Πατρὸς</span> <span class='ocrx_word' id='word_1_158' title='bbox 1217 1984 1352 2058; x_wconf 82' lang='grc' dir='ltr'>πρὸς</span> <span class='ocrx_word' id='word_1_159' title='bbox 1384 1987 1473 2039; x_wconf 87' lang='grc' dir='ltr'><strong>τὸν</strong></span> <span class='ocrx_word' id='word_1_160' title='bbox 1503 1986 1887 2058; x_wconf 81' lang='grc' dir='ltr'>ὠνομασμένον</span> 
     </span>
    </p>
   </div>
   <div class='ocr_carea' id='block_1_23' title="bbox 314 2070 1888 2148">
    <p class='ocr_par' dir='ltr' id='par_1_23' title="bbox 314 2070 1888 2148">
     <span class='ocr_line' id='line_1_23' title="bbox 314 2070 1888 2148; baseline 0.003 -23"><span class='ocrx_word' id='word_1_161' title='bbox 314 2072 475 2126; x_wconf 80' lang='grc' dir='ltr'>αὑτοῦ</span> <span class='ocrx_word' id='word_1_162' title='bbox 502 2072 704 2145; x_wconf 85' lang='grc' dir='ltr'>Κύριον</span> <span class='ocrx_word' id='word_1_163' title='bbox 749 2074 1115 2144; x_wconf 84' lang='grc' dir='ltr'>κοινολογίας;</span> <span class='ocrx_word' id='word_1_164' title='bbox 1157 2074 1215 2128; x_wconf 90' lang='lat'><strong>&#39;0</strong></span> <span class='ocrx_word' id='word_1_165' title='bbox 1274 2075 1371 2145; x_wconf 84' lang='grc' dir='ltr'>μὲν</span> <span class='ocrx_word' id='word_1_166' title='bbox 1422 2070 1516 2129; x_wconf 80' lang='grc' dir='ltr'>οὖν</span> <span class='ocrx_word' id='word_1_167' title='bbox 1549 2075 1734 2147; x_wconf 87' lang='grc' dir='ltr'>θρόνος</span> <span class='ocrx_word' id='word_1_168' title='bbox 1786 2077 1888 2148; x_wconf 87' lang='grc' dir='ltr'><strong>τὴν</strong></span> 
     </span>
    </p>
   </div>
   <div class='ocr_carea' id='block_1_24' title="bbox 313 2160 1889 2235">
    <p class='ocr_par' dir='ltr' id='par_1_24' title="bbox 313 2160 1889 2235">
     <span class='ocr_line' id='line_1_24' title="bbox 313 2160 1889 2235; baseline 0.004 -22"><span class='ocrx_word' id='word_1_169' title='bbox 313 2160 591 2232; x_wconf 83' lang='grc' dir='ltr'>βασιλικὴν</span> <span class='ocrx_word' id='word_1_170' title='bbox 623 2162 789 2215; x_wconf 81' lang='grc' dir='ltr'>αὐτοῦ</span> <span class='ocrx_word' id='word_1_171' title='bbox 817 2162 970 2227; x_wconf 83' lang='grc' dir='ltr'>ἀξίαν</span> <span class='ocrx_word' id='word_1_172' title='bbox 998 2164 1420 2234; x_wconf 79' lang='grc' dir='ltr'>κατασημαίνει,</span> <span class='ocrx_word' id='word_1_173' title='bbox 1454 2165 1487 2235; x_wconf 80' lang='grc' dir='ltr'><strong>ἡ</strong></span> <span class='ocrx_word' id='word_1_174' title='bbox 1513 2164 1569 2217; x_wconf 86' lang='grc' dir='ltr'>δὲ</span> <span class='ocrx_word' id='word_1_175' title='bbox 1586 2163 1800 2228; x_wconf 89' lang='grc' dir='ltr'>κάθισις</span> <span class='ocrx_word' id='word_1_176' title='bbox 1828 2167 1889 2220; x_wconf 86' lang='grc' dir='ltr'><strong>τὸ</strong></span> 
     </span>
    </p>
   </div>
   <div class='ocr_carea' id='block_1_25' title="bbox 313 2252 1888 2327">
    <p class='ocr_par' dir='ltr' id='par_1_25' title="bbox 313 2252 1888 2327">
     <span class='ocr_line' id='line_1_25' title="bbox 313 2252 1888 2327; baseline 0.003 -23"><span class='ocrx_word' id='word_1_177' title='bbox 313 2252 526 2327; x_wconf 75' lang='grc' dir='ltr'>βέϐαιον</span> <span class='ocrx_word' id='word_1_178' title='bbox 543 2254 636 2306; x_wconf 75' lang='grc' dir='ltr'><strong>καὶ</strong></span> <span class='ocrx_word' id='word_1_179' title='bbox 660 2253 868 2326; x_wconf 85' lang='grc' dir='ltr'>έδραῖον</span> <span class='ocrx_word' id='word_1_180' title='bbox 894 2254 988 2307; x_wconf 77' lang='grc' dir='ltr'><strong>καὶ</strong></span> <span class='ocrx_word' id='word_1_181' title='bbox 1015 2253 1309 2317; x_wconf 77' lang='grc' dir='ltr'>ἀσάλευτον</span> <span class='ocrx_word' id='word_1_182' title='bbox 1342 2254 1443 2325; x_wconf 87' lang='grc' dir='ltr'><strong>τῆς</strong></span> <span class='ocrx_word' id='word_1_183' title='bbox 1471 2255 1529 2307; x_wconf 83' lang='grc' dir='ltr'>ὲν</span> <span class='ocrx_word' id='word_1_184' title='bbox 1544 2257 1607 2325; x_wconf 84' lang='grc' dir='ltr'>τῇ</span> <span class='ocrx_word' id='word_1_185' title='bbox 1642 2255 1888 2327; x_wconf 84' lang='grc' dir='ltr'>βασιλείᾳ</span> 
     </span>
    </p>
   </div>
   <div class='ocr_carea' id='block_1_26' title="bbox 313 2342 1886 2416">
    <p class='ocr_par' dir='ltr' id='par_1_26' title="bbox 313 2342 1886 2416">
     <span class='ocr_line' id='line_1_26' title="bbox 313 2342 1886 2416; baseline 0.003 -19"><span class='ocrx_word' id='word_1_186' title='bbox 313 2345 586 2416; x_wconf 64' lang='grc' dir='ltr'>διαμονῆς</span> <span class='ocrx_word' id='word_1_187' title='bbox 614 2346 675 2398; x_wconf 87' lang='grc' dir='ltr'><strong>τὸ</strong></span> <span class='ocrx_word' id='word_1_188' title='bbox 720 2345 799 2413; x_wconf 86' lang='grc' dir='ltr'><strong>δὲ,</strong></span> <span class='ocrx_word' id='word_1_189' title='bbox 850 2347 919 2399; x_wconf 83' lang='grc' dir='ltr'>ἐκ</span> <span class='ocrx_word' id='word_1_190' title='bbox 967 2345 1199 2411; x_wconf 80' lang='grc' dir='ltr'>δεξιῶν,</span> <span class='ocrx_word' id='word_1_191' title='bbox 1246 2342 1384 2400; x_wconf 73' lang='grc' dir='ltr'>εἶναι</span> <span class='ocrx_word' id='word_1_192' title='bbox 1432 2347 1527 2400; x_wconf 75' lang='grc' dir='ltr'><strong>καὶ</strong></span> <span class='ocrx_word' id='word_1_193' title='bbox 1576 2347 1763 2414; x_wconf 85' lang='grc' dir='ltr'>δεξιῶν</span> <span class='ocrx_word' id='word_1_194' title='bbox 1793 2347 1886 2401; x_wconf 81' lang='grc' dir='ltr'>τοῦ</span> 
     </span>
    </p>
   </div>
   <div class='ocr_carea' id='block_1_27' title="bbox 314 2437 1885 2512">
    <p class='ocr_par' dir='ltr' id='par_1_27' title="bbox 314 2437 1885 2512">
     <span class='ocr_line' id='line_1_27' title="bbox 314 2437 1885 2512; baseline 0.004 -23"><span class='ocrx_word' id='word_1_195' title='bbox 314 2438 524 2508; x_wconf 79' lang='grc' dir='ltr'>Πατρδς</span> <span class='ocrx_word' id='word_1_196' title='bbox 563 2437 900 2509; x_wconf 86' lang='grc' dir='ltr'>δωρημάτων</span> <span class='ocrx_word' id='word_1_197' title='bbox 931 2438 1203 2505; x_wconf 79' lang='grc' dir='ltr'>κοινωνόν.</span> <span class='ocrx_word' id='word_1_198' title='bbox 1239 2439 1423 2507; x_wconf 82' lang='grc' dir='ltr'>Πάντα</span> <span class='ocrx_word' id='word_1_199' title='bbox 1468 2440 1577 2512; x_wconf 83' lang='grc' dir='ltr'>γὰρ</span> <span class='ocrx_word' id='word_1_200' title='bbox 1615 2440 1683 2494; x_wconf 88' lang='grc' dir='ltr'>τὰ</span> <span class='ocrx_word' id='word_1_201' title='bbox 1715 2440 1885 2508; x_wconf 81' lang='grc' dir='ltr'>δεξιὰ,</span> 
     </span>
    </p>
   </div>
   <div class='ocr_carea' id='block_1_28' title="bbox 312 2530 1887 2607">
    <p class='ocr_par' dir='ltr' id='par_1_28' title="bbox 312 2530 1887 2607">
     <span class='ocr_line' id='line_1_28' title="bbox 312 2530 1887 2607; baseline 0.005 -25"><span class='ocrx_word' id='word_1_202' title='bbox 312 2530 514 2602; x_wconf 85' lang='grc' dir='ltr'>φαιδρά</span> <span class='ocrx_word' id='word_1_203' title='bbox 538 2548 596 2584; x_wconf 89' lang='grc' dir='ltr'><strong>τε</strong></span> <span class='ocrx_word' id='word_1_204' title='bbox 625 2533 719 2585; x_wconf 77' lang='grc' dir='ltr'>καὶ</span> <span class='ocrx_word' id='word_1_205' title='bbox 749 2532 929 2601; x_wconf 89' lang='grc' dir='ltr'>ἀγαθὰ</span> <span class='ocrx_word' id='word_1_206' title='bbox 957 2534 1050 2587; x_wconf 78' lang='grc' dir='ltr'><strong>καὶ</strong></span> <span class='ocrx_word' id='word_1_207' title='bbox 1073 2535 1316 2606; x_wconf 80' lang='grc' dir='ltr'>σωτήρια</span> <span class='ocrx_word' id='word_1_208' title='bbox 1341 2538 1569 2607; x_wconf 80' lang='grc' dir='ltr'>χορηγεῖ</span> <span class='ocrx_word' id='word_1_209' title='bbox 1596 2538 1624 2589; x_wconf 92' lang='lat'><strong>6</strong></span> <span class='ocrx_word' id='word_1_210' title='bbox 1650 2537 1780 2600; x_wconf 80' lang='grc' dir='ltr'>Υἱὸς</span> <span class='ocrx_word' id='word_1_211' title='bbox 1811 2537 1887 2601; x_wconf 86' lang='grc' dir='ltr'>ὡς</span> 
     </span>
    </p>
   </div>
   <div class='ocr_carea' id='block_1_29' title="bbox 312 2621 1886 2699">
    <p class='ocr_par' dir='ltr' id='par_1_29' title="bbox 312 2621 1886 2699">
     <span class='ocr_line' id='line_1_29' title="bbox 312 2621 1886 2699; baseline 0.005 -26"><span class='ocrx_word' id='word_1_212' title='bbox 312 2621 461 2691; x_wconf 80' lang='grc' dir='ltr'>παρὰ</span> <span class='ocrx_word' id='word_1_213' title='bbox 484 2622 711 2692; x_wconf 78' lang='grc' dir='ltr'>Πατρός.</span> <span class='ocrx_word' id='word_1_214' title='bbox 765 2623 1022 2694; x_wconf 78' lang='grc' dir='ltr'>Ἐχθροὺς</span> <span class='ocrx_word' id='word_1_215' title='bbox 1044 2625 1100 2678; x_wconf 82' lang='grc' dir='ltr'><strong>δὲ</strong></span> <span class='ocrx_word' id='word_1_216' title='bbox 1136 2626 1268 2696; x_wconf 73' lang='grc' dir='ltr'>φησὶ</span> <span class='ocrx_word' id='word_1_217' title='bbox 1299 2627 1425 2690; x_wconf 79' lang='grc' dir='ltr'>τοὺς</span> <span class='ocrx_word' id='word_1_218' title='bbox 1455 2626 1543 2681; x_wconf 88' lang='grc' dir='ltr'><strong>διά</strong></span> <span class='ocrx_word' id='word_1_219' title='bbox 1562 2627 1656 2689; x_wconf 82' lang='grc' dir='ltr'>τοῦ</span> <span class='ocrx_word' id='word_1_220' title='bbox 1687 2645 1886 2699; x_wconf 86' lang='grc' dir='ltr'>προτε-</span> 
     </span>
    </p>
   </div>
   <div class='ocr_carea' id='block_1_30' title="bbox 312 2712 1887 2789">
    <p class='ocr_par' dir='ltr' id='par_1_30' title="bbox 312 2712 1887 2789">
     <span class='ocr_line' id='line_1_30' title="bbox 312 2712 1887 2789; baseline 0.006 -25"><span class='ocrx_word' id='word_1_221' title='bbox 312 2712 580 2782; x_wconf 87' lang='grc' dir='ltr'>ταγμένου</span> <span class='ocrx_word' id='word_1_222' title='bbox 610 2712 822 2785; x_wconf 78' lang='grc' dir='ltr'>ψαλμοῦ</span> <span class='ocrx_word' id='word_1_223' title='bbox 854 2715 1272 2787; x_wconf 81' lang='grc' dir='ltr'>δεδηλωμένους·</span> <span class='ocrx_word' id='word_1_224' title='bbox 1304 2719 1398 2771; x_wconf 66' lang='grc' dir='ltr'><strong>κα)⁸</strong></span> <span class='ocrx_word' id='word_1_225' title='bbox 1440 2718 1499 2789; x_wconf 76' lang='grc' dir='ltr'><strong>ού</strong></span> <span class='ocrx_word' id='word_1_226' title='bbox 1538 2718 1716 2789; x_wconf 81' lang='grc' dir='ltr'>μόνον,</span> <span class='ocrx_word' id='word_1_227' title='bbox 1751 2719 1887 2775; x_wconf 84' lang='grc' dir='ltr'>ἀλλὰ</span> 
     </span>
    </p>
   </div>
   <div class='ocr_carea' id='block_1_31' title="bbox 312 2804 1887 2883">
    <p class='ocr_par' dir='ltr' id='par_1_31' title="bbox 312 2804 1887 2883">
     <span class='ocr_line' id='line_1_31' title="bbox 312 2804 1887 2883; baseline 0.005 -28"><span class='ocrx_word' id='word_1_228' title='bbox 312 2804 404 2855; x_wconf 77' lang='grc' dir='ltr'><strong>καὶ</strong></span> <span class='ocrx_word' id='word_1_229' title='bbox 448 2804 628 2868; x_wconf 83' lang='grc' dir='ltr'>πάσας</span> <span class='ocrx_word' id='word_1_230' title='bbox 673 2804 772 2870; x_wconf 84' lang='grc' dir='ltr'><strong>τὰς</strong></span> <span class='ocrx_word' id='word_1_231' title='bbox 805 2807 1182 2878; x_wconf 81' lang='grc' dir='ltr'>ἀντικειμένας</span> <span class='ocrx_word' id='word_1_232' title='bbox 1222 2809 1495 2880; x_wconf 88' lang='grc' dir='ltr'>δυνάμεις.</span> <span class='ocrx_word' id='word_1_233' title='bbox 1538 2811 1752 2874; x_wconf 86' lang='grc' dir='ltr'>Πάντας</span> <span class='ocrx_word' id='word_1_234' title='bbox 1780 2810 1887 2883; x_wconf 85' lang='grc' dir='ltr'>γὰρ</span> 
     </span>
    </p>
   </div>
   <div class='ocr_carea' id='block_1_32' title="bbox 312 2892 1886 2972">
    <p class='ocr_par' dir='ltr' id='par_1_32' title="bbox 312 2892 1886 2972">
     <span class='ocr_line' id='line_1_32' title="bbox 312 2892 1886 2972; baseline 0.006 -27"><span class='ocrx_word' id='word_1_235' title='bbox 312 2892 414 2945; x_wconf 85' lang='grc' dir='ltr'>ὑπὸ</span> <span class='ocrx_word' id='word_1_236' title='bbox 444 2895 568 2957; x_wconf 83' lang='grc' dir='ltr'>τοὺς</span> <span class='ocrx_word' id='word_1_237' title='bbox 618 2895 782 2959; x_wconf 86' lang='grc' dir='ltr'>πόδας</span> <span class='ocrx_word' id='word_1_238' title='bbox 815 2896 977 2949; x_wconf 79' lang='grc' dir='ltr'>αὐτοῦ</span> <span class='ocrx_word' id='word_1_239' title='bbox 1018 2897 1201 2969; x_wconf 87' lang='grc' dir='ltr'>θήσειν</span> <span class='ocrx_word' id='word_1_240' title='bbox 1228 2901 1257 2953; x_wconf 90' lang='lat'><strong>6</strong></span> <span class='ocrx_word' id='word_1_241' title='bbox 1303 2901 1491 2972; x_wconf 85' lang='grc' dir='ltr'>Πατὴρ</span> <span class='ocrx_word' id='word_1_242' title='bbox 1514 2901 1886 2971; x_wconf 78' lang='grc' dir='ltr'>διαγγέλλεται</span> 
     </span>
    </p>
   </div>
   <div class='ocr_carea' id='block_1_33' title="bbox 313 2983 1176 3064">
    <p class='ocr_par' dir='ltr' id='par_1_33' title="bbox 313 2983 1176 3064">
     <span class='ocr_line' id='line_1_33' title="bbox 313 2983 1176 3064; baseline 0.008 -28"><span class='ocrx_word' id='word_1_243' title='bbox 313 2983 398 3063; x_wconf 80' lang='grc' dir='ltr'>διὰ</span> <span class='ocrx_word' id='word_1_244' title='bbox 426 2986 522 3039; x_wconf 80' lang='grc' dir='ltr'>τοῦ</span> <span class='ocrx_word' id='word_1_245' title='bbox 556 2989 915 3058; x_wconf 85' lang='grc' dir='ltr'>προκειμένου</span> <span class='ocrx_word' id='word_1_246' title='bbox 939 2988 1176 3064; x_wconf 69' lang='grc' dir='ltr'>ψαλμοῦ,</span> 
     </span>
    </p>
   </div>
   <div class='ocr_carea' id='block_1_34' title="bbox 394 3160 1888 3239">
    <p class='ocr_par' dir='ltr' id='par_1_34' title="bbox 394 3160 1888 3239">
     <span class='ocr_line' id='line_1_34' title="bbox 394 3160 1888 3239; baseline 0.01 -26"><span class='ocrx_word' id='word_1_247' title='bbox 394 3160 644 3215; x_wconf 76' lang='grc' dir='ltr'>Ῥάϐδον</span> <span class='ocrx_word' id='word_1_248' title='bbox 670 3162 976 3234; x_wconf 79' lang='grc' dir='ltr'>δυνάμεως</span> <span class='ocrx_word' id='word_1_249' title='bbox 994 3166 1064 3231; x_wconf 79' lang='grc' dir='ltr'><strong>ἐξ</strong></span> <span class='ocrx_word' id='word_1_250' title='bbox 1065 3167 1391 3223; x_wconf 73' lang='grc' dir='ltr'>ἀποστελεῖ</span> <span class='ocrx_word' id='word_1_251' title='bbox 1403 3169 1619 3239; x_wconf 86' lang='grc' dir='ltr'>Κύριος</span> <span class='ocrx_word' id='word_1_252' title='bbox 1633 3171 1701 3227; x_wconf 83' lang='grc' dir='ltr'>ἐκ</span> <span class='ocrx_word' id='word_1_253' title='bbox 1714 3172 1888 3239; x_wconf 80' lang='grc' dir='ltr'>Σιὼν,</span> 
     </span>
    </p>
   </div>
   <div class='ocr_carea' id='block_1_35' title="bbox 312 3241 1893 3333">
    <p class='ocr_par' dir='ltr' id='par_1_35' title="bbox 312 3241 1893 3333">
     <span class='ocr_line' id='line_1_35' title="bbox 312 3241 1893 3333; baseline 0.01 -28"><span class='ocrx_word' id='word_1_254' title='bbox 312 3253 412 3307; x_wconf 79' lang='grc' dir='ltr'>καὶ</span> <span class='ocrx_word' id='word_1_255' title='bbox 440 3256 832 3325; x_wconf 78' lang='grc' dir='ltr'>κατακυρίευε</span> <span class='ocrx_word' id='word_1_256' title='bbox 893 3259 965 3313; x_wconf 85' lang='grc' dir='ltr'>ἐν</span> <span class='ocrx_word' id='word_1_257' title='bbox 982 3260 1150 3329; x_wconf 88' lang='grc' dir='ltr'>μέσῳ</span> <span class='ocrx_word' id='word_1_258' title='bbox 1176 3260 1296 3315; x_wconf 87' lang='grc' dir='ltr'><strong>τῶν</strong></span> <span class='ocrx_word' id='word_1_259' title='bbox 1324 3260 1554 3333; x_wconf 78' lang='grc' dir='ltr'>ἐχθρῶν</span> <span class='ocrx_word' id='word_1_260' title='bbox 1588 3280 1725 3319; x_wconf 91' lang='grc' dir='ltr'><strong>σου.</strong></span> <span class='ocrx_word' id='word_1_261' title='bbox 1771 3241 1893 3325; x_wconf 54' lang='grc' dir='ltr'>Ῥάέ</span> 
     </span>
    </p>
   </div>
   <div class='ocr_carea' id='block_1_36' title="bbox 312 3342 1894 3424">
    <p class='ocr_par' dir='ltr' id='par_1_36' title="bbox 312 3342 1894 3424">
     <span class='ocr_line' id='line_1_36' title="bbox 312 3342 1894 3424; baseline 0.009 -30"><span class='ocrx_word' id='word_1_262' title='bbox 312 3342 437 3396; x_wconf 76' lang='grc' dir='ltr'>ὁδον</span> <span class='ocrx_word' id='word_1_263' title='bbox 465 3344 745 3415; x_wconf 88' lang='grc' dir='ltr'>δυνάμεως</span> <span class='ocrx_word' id='word_1_264' title='bbox 764 3347 822 3400; x_wconf 82' lang='grc' dir='ltr'>ὲν</span> <span class='ocrx_word' id='word_1_265' title='bbox 841 3347 1049 3412; x_wconf 84' lang='grc' dir='ltr'>τούτοις</span> <span class='ocrx_word' id='word_1_266' title='bbox 1074 3349 1206 3424; x_wconf 68' lang='grc' dir='ltr'>ήγού</span> <span class='ocrx_word' id='word_1_267' title='bbox 1213 3368 1312 3422; x_wconf 88' lang='grc' dir='ltr'><strong>μαι</strong></span> <span class='ocrx_word' id='word_1_268' title='bbox 1332 3351 1421 3405; x_wconf 86' lang='grc' dir='ltr'><strong>τὸν</strong></span> <span class='ocrx_word' id='word_1_269' title='bbox 1435 3352 1785 3422; x_wconf 84' lang='grc' dir='ltr'>εὐαγγελικὸν</span> <span class='ocrx_word' id='word_1_270' title='bbox 1805 3354 1894 3409; x_wconf 89' lang='grc' dir='ltr'>λό-</span> 
     </span>
    </p>
   </div>
   <div class='ocr_carea' id='block_1_37' title="bbox 313 3435 1892 3517">
    <p class='ocr_par' dir='ltr' id='par_1_37' title="bbox 313 3435 1892 3517">
     <span class='ocr_line' id='line_1_37' title="bbox 313 3435 1892 3517; baseline 0.008 -31"><span class='ocrx_word' id='word_1_271' title='bbox 313 3450 408 3502; x_wconf 88' lang='grc' dir='ltr'><strong>γον</strong></span> <span class='ocrx_word' id='word_1_272' title='bbox 446 3435 717 3506; x_wconf 86' lang='grc' dir='ltr'>εἰρῆσθαι.</span> <span class='ocrx_word' id='word_1_273' title='bbox 756 3437 1076 3511; x_wconf 89' lang='grc' dir='ltr'>Ἐπίστησον</span> <span class='ocrx_word' id='word_1_274' title='bbox 1097 3440 1152 3493; x_wconf 83' lang='grc' dir='ltr'>δὲ</span> <span class='ocrx_word' id='word_1_275' title='bbox 1181 3442 1387 3512; x_wconf 75' lang='grc' dir='ltr'>μήποτε</span> <span class='ocrx_word' id='word_1_276' title='bbox 1421 3442 1541 3497; x_wconf 82' lang='grc' dir='ltr'>καθ’</span> <span class='ocrx_word' id='word_1_277' title='bbox 1571 3444 1755 3517; x_wconf 73' lang='grc' dir='ltr'>ἕτερον</span> <span class='ocrx_word' id='word_1_278' title='bbox 1776 3445 1892 3517; x_wconf 67' lang='lat'><strong>1:96—</strong></span> 
     </span>
    </p>
   </div>
   <div class='ocr_carea' id='block_1_38' title="bbox 314 3525 1892 3606">
    <p class='ocr_par' dir='ltr' id='par_1_38' title="bbox 314 3525 1892 3606">
     <span class='ocr_line' id='line_1_38' title="bbox 314 3525 1892 3606; baseline 0.009 -31"><span class='ocrx_word' id='word_1_279' title='bbox 314 3542 415 3576; x_wconf 81' lang='grc' dir='ltr'><strong>πον</strong></span> <span class='ocrx_word' id='word_1_280' title='bbox 451 3525 643 3596; x_wconf 76' lang='grc' dir='ltr'>ῥάϐδος</span> <span class='ocrx_word' id='word_1_281' title='bbox 670 3527 954 3599; x_wconf 85' lang='grc' dir='ltr'>δυνάμεως</span> <span class='ocrx_word' id='word_1_282' title='bbox 990 3529 1206 3602; x_wconf 73' lang='grc' dir='ltr'>εἴρηται</span> <span class='ocrx_word' id='word_1_283' title='bbox 1245 3531 1480 3586; x_wconf 76' lang='grc' dir='ltr'>ἐνταῦθα</span> <span class='ocrx_word' id='word_1_284' title='bbox 1517 3534 1550 3605; x_wconf 86' lang='grc' dir='ltr'>ὴ</span> <span class='ocrx_word' id='word_1_285' title='bbox 1578 3537 1635 3588; x_wconf 82' lang='grc' dir='ltr'>ὲν</span> <span class='ocrx_word' id='word_1_286' title='bbox 1664 3535 1741 3606; x_wconf 84' lang='grc' dir='ltr'>τῷ</span> <span class='ocrx_word' id='word_1_287' title='bbox 1771 3536 1892 3589; x_wconf 86' lang='grc' dir='ltr'>δευ-</span> 
     </span>
    </p>
   </div>
   <div class='ocr_carea' id='block_1_39' title="bbox 313 3615 1890 3697">
    <p class='ocr_par' dir='ltr' id='par_1_39' title="bbox 313 3615 1890 3697">
     <span class='ocr_line' id='line_1_39' title="bbox 313 3615 1890 3697; baseline 0.011 -31"><span class='ocrx_word' id='word_1_288' title='bbox 313 3615 454 3687; x_wconf 87' lang='grc' dir='ltr'>τέρῳ</span> <span class='ocrx_word' id='word_1_289' title='bbox 493 3615 691 3688; x_wconf 71' lang='grc' dir='ltr'>ψαλμῴ</span> <span class='ocrx_word' id='word_1_290' title='bbox 721 3618 1031 3691; x_wconf 81' lang='grc' dir='ltr'>κεκλημένη</span> <span class='ocrx_word' id='word_1_291' title='bbox 1074 3622 1267 3692; x_wconf 77' lang='grc' dir='ltr'>ῥάϐδος</span> <span class='ocrx_word' id='word_1_292' title='bbox 1312 3623 1524 3696; x_wconf 80' lang='grc' dir='ltr'>σιδηρᾶ.</span> <span class='ocrx_word' id='word_1_293' title='bbox 1566 3626 1626 3678; x_wconf 87' lang='lat' dir='ltr'><strong>&#39;O</strong></span> <span class='ocrx_word' id='word_1_294' title='bbox 1654 3626 1752 3697; x_wconf 87' lang='grc' dir='ltr'>μὲν</span> <span class='ocrx_word' id='word_1_295' title='bbox 1797 3624 1890 3686; x_wconf 83' lang='grc' dir='ltr'><strong>οὖν</strong></span> 
     </span>
    </p>
   </div>
   <div class='ocr_carea' id='block_1_40' title="bbox 313 3708 1891 3787">
    <p class='ocr_par' dir='ltr' id='par_1_40' title="bbox 313 3708 1891 3787">
     <span class='ocr_line' id='line_1_40' title="bbox 313 3708 1891 3787; baseline 0.009 -28"><span class='ocrx_word' id='word_1_296' title='bbox 313 3708 662 3778; x_wconf 82' lang='grc' dir='ltr'>εὐαγγελικὸς</span> <span class='ocrx_word' id='word_1_297' title='bbox 700 3711 876 3780; x_wconf 91' lang='grc' dir='ltr'>λόγος,</span> <span class='ocrx_word' id='word_1_298' title='bbox 924 3714 952 3765; x_wconf 86' lang='grc' dir='ltr'><strong>ό</strong></span> <span class='ocrx_word' id='word_1_299' title='bbox 980 3713 1077 3784; x_wconf 83' lang='grc' dir='ltr'><strong>τῆς</strong></span> <span class='ocrx_word' id='word_1_300' title='bbox 1118 3714 1213 3767; x_wconf 80' lang='grc' dir='ltr'>τοῦ</span> <span class='ocrx_word' id='word_1_301' title='bbox 1266 3716 1513 3787; x_wconf 83' lang='grc' dir='ltr'>Σωτῆρος</span> <span class='ocrx_word' id='word_1_302' title='bbox 1544 3717 1700 3787; x_wconf 80' lang='grc' dir='ltr'>ἡμῶν</span> <span class='ocrx_word' id='word_1_303' title='bbox 1736 3719 1891 3773; x_wconf 88' lang='grc' dir='ltr'>δυνά-</span> 
     </span>
    </p>
   </div>
   <div class='ocr_carea' id='block_1_41' title="bbox 316 3801 1889 3882">
    <p class='ocr_par' dir='ltr' id='par_1_41' title="bbox 316 3801 1889 3882">
     <span class='ocr_line' id='line_1_41' title="bbox 316 3801 1889 3882; baseline 0.006 -29"><span class='ocrx_word' id='word_1_304' title='bbox 316 3817 480 3870; x_wconf 85' lang='grc' dir='ltr'>μεως,</span> <span class='ocrx_word' id='word_1_305' title='bbox 509 3801 602 3854; x_wconf 74' lang='grc' dir='ltr'><strong>καὶ</strong></span> <span class='ocrx_word' id='word_1_306' title='bbox 632 3804 729 3881; x_wconf 83' lang='grc' dir='ltr'><strong>τῆς</strong></span> <span class='ocrx_word' id='word_1_307' title='bbox 750 3803 870 3856; x_wconf 83' lang='grc' dir='ltr'>κατ’</span> <span class='ocrx_word' id='word_1_308' title='bbox 897 3804 1058 3857; x_wconf 82' lang='grc' dir='ltr'>αὐτὸν</span> <span class='ocrx_word' id='word_1_309' title='bbox 1088 3806 1397 3882; x_wconf 80' lang='grc' dir='ltr'>οἰκονομίας</span> <span class='ocrx_word' id='word_1_310' title='bbox 1415 3807 1830 3876; x_wconf 81' lang='grc' dir='ltr'>ἀπαγγελτικὸς,</span> <span class='ocrx_word' id='word_1_311' title='bbox 1856 3811 1889 3881; x_wconf 83' lang='grc' dir='ltr'><strong>ἡ</strong></span> 
     </span>
    </p>
   </div>
   <div class='ocr_carea' id='block_1_42' title="bbox 314 3891 1891 3970">
    <p class='ocr_par' dir='ltr' id='par_1_42' title="bbox 314 3891 1891 3970">
     <span class='ocr_line' id='line_1_42' title="bbox 314 3891 1891 3970; baseline 0.006 -28"><span class='ocrx_word' id='word_1_312' title='bbox 314 3891 634 3963; x_wconf 86' lang='grc' dir='ltr'>παιδευτικὴ</span> <span class='ocrx_word' id='word_1_313' title='bbox 666 3894 760 3945; x_wconf 75' lang='grc' dir='ltr'>καὶ</span> <span class='ocrx_word' id='word_1_314' title='bbox 804 3895 1069 3965; x_wconf 88' lang='grc' dir='ltr'>σωτήριος</span> <span class='ocrx_word' id='word_1_315' title='bbox 1099 3898 1182 3967; x_wconf 78' lang='grc' dir='ltr'>εἴη</span> <span class='ocrx_word' id='word_1_316' title='bbox 1225 3896 1291 3949; x_wconf 86' lang='grc' dir='ltr'><strong>ἂν</strong></span> <span class='ocrx_word' id='word_1_317' title='bbox 1339 3897 1551 3969; x_wconf 74' lang='grc' dir='ltr'>ῥάϐδοςσ</span> <span class='ocrx_word' id='word_1_318' title='bbox 1584 3900 1616 3970; x_wconf 83' lang='grc' dir='ltr'>ἡ</span> <span class='ocrx_word' id='word_1_319' title='bbox 1650 3898 1706 3951; x_wconf 84' lang='grc' dir='ltr'>δὲ</span> <span class='ocrx_word' id='word_1_320' title='bbox 1748 3900 1891 3957; x_wconf 87' lang='grc' dir='ltr'>κατὰ</span> 
     </span>
    </p>
   </div>
   <div class='ocr_carea' id='block_1_43' title="bbox 314 3978 1889 4063">
    <p class='ocr_par' dir='ltr' id='par_1_43' title="bbox 314 3978 1889 4063">
     <span class='ocr_line' id='line_1_43' title="bbox 314 3978 1889 4063; baseline 0.006 -28"><span class='ocrx_word' id='word_1_321' title='bbox 314 3984 419 4037; x_wconf 87' lang='grc' dir='ltr'><strong>τῶν</strong></span> <span class='ocrx_word' id='word_1_322' title='bbox 454 3984 662 4055; x_wconf 79' lang='grc' dir='ltr'>ἐχθρῶν</span> <span class='ocrx_word' id='word_1_323' title='bbox 699 3985 994 4063; x_wconf 76' lang='grc' dir='ltr'>αύτοῦ¹καὶ</span> <span class='ocrx_word' id='word_1_324' title='bbox 1026 3987 1298 4060; x_wconf 71' lang='grc' dir='ltr'>πολεμίοιν</span> <span class='ocrx_word' id='word_1_325' title='bbox 1321 3978 1421 4058; x_wconf 83' lang='grc' dir='ltr'><strong>τῆς</strong></span> <span class='ocrx_word' id='word_1_326' title='bbox 1458 3988 1621 4043; x_wconf 81' lang='grc' dir='ltr'>αὐτοῦ</span> <span class='ocrx_word' id='word_1_327' title='bbox 1662 3991 1889 4063; x_wconf 77' lang='grc' dir='ltr'>Ἐκκλη-</span> 
     </span>
    </p>
   </div>
   <div class='ocr_carea' id='block_1_44' title="bbox 315 4074 1887 4155">
    <p class='ocr_par' dir='ltr' id='par_1_44' title="bbox 315 4074 1887 4155">
     <span class='ocr_line' id='line_1_44' title="bbox 315 4074 1887 4155; baseline 0.006 -29"><span class='ocrx_word' id='word_1_328' title='bbox 315 4074 433 4138; x_wconf 88' lang='grc' dir='ltr'>σίας</span> <span class='ocrx_word' id='word_1_329' title='bbox 469 4075 825 4155; x_wconf 82' lang='grc' dir='ltr'>καθαιρετικὴ</span> <span class='ocrx_word' id='word_1_330' title='bbox 873 4076 1139 4149; x_wconf 82' lang='grc' dir='ltr'>λεγομένη</span> <span class='ocrx_word' id='word_1_331' title='bbox 1182 4079 1395 4151; x_wconf 76' lang='grc' dir='ltr'>σιδηρᾶ,</span> <span class='ocrx_word' id='word_1_332' title='bbox 1428 4080 1494 4132; x_wconf 88' lang='grc' dir='ltr'>δι’</span> <span class='ocrx_word' id='word_1_333' title='bbox 1528 4076 1595 4151; x_wconf 84' lang='grc' dir='ltr'>ἦς</span> <span class='ocrx_word' id='word_1_334' title='bbox 1620 4081 1694 4145; x_wconf 84' lang='grc' dir='ltr'>ὡς</span> <span class='ocrx_word' id='word_1_335' title='bbox 1718 4082 1887 4152; x_wconf 81' lang='grc' dir='ltr'>σκεύη</span> 
     </span>
    </p>
   </div>
   <div class='ocr_carea' id='block_1_45' title="bbox 314 4167 1884 4253">
    <p class='ocr_par' dir='ltr' id='par_1_45' title="bbox 314 4167 1884 4253">
     <span class='ocr_line' id='line_1_45' title="bbox 314 4167 1884 4253; baseline 0.006 -33"><span class='ocrx_word' id='word_1_336' title='bbox 314 4167 597 4239; x_wconf 87' lang='grc' dir='ltr'>κεραμέως</span> <span class='ocrx_word' id='word_1_337' title='bbox 636 4169 943 4239; x_wconf 81' lang='grc' dir='ltr'>συντρίψειν</span> <span class='ocrx_word' id='word_1_338' title='bbox 991 4170 1207 4253; x_wconf 89' lang='grc' dir='ltr'>λέγεται</span> <span class='ocrx_word' id='word_1_339' title='bbox 1250 4173 1383 4238; x_wconf 83' lang='grc' dir='ltr'>τοὺς</span> <span class='ocrx_word' id='word_1_340' title='bbox 1424 4174 1648 4246; x_wconf 82' lang='grc' dir='ltr'>ἐχθροὺς</span> <span class='ocrx_word' id='word_1_341' title='bbox 1701 4176 1884 4230; x_wconf 79' lang='grc' dir='ltr'>αὑτοῦ.</span> 
     </span>
    </p>
   </div>
   <div class='ocr_carea' id='block_1_46' title="bbox 323 4259 1888 4337">
    <p class='ocr_par' dir='ltr' id='par_1_46' title="bbox 323 4259 1888 4337">
     <span class='ocr_line' id='line_1_46' title="bbox 323 4259 1888 4337; baseline 0.005 -25"><span class='ocrx_word' id='word_1_342' title='bbox 323 4259 471 4312; x_wconf 73' lang='grc' dir='ltr'>Ἐπεὶ</span> <span class='ocrx_word' id='word_1_343' title='bbox 485 4260 661 4313; x_wconf 85' lang='grc' dir='ltr'>τοίνυν</span> <span class='ocrx_word' id='word_1_344' title='bbox 685 4262 713 4313; x_wconf 89' lang='lat'><strong>6</strong></span> <span class='ocrx_word' id='word_1_345' title='bbox 737 4260 969 4333; x_wconf 80' lang='grc' dir='ltr'>Χριστὸς</span> <span class='ocrx_word' id='word_1_346' title='bbox 984 4262 1082 4325; x_wconf 86' lang='grc' dir='ltr'>τὰς</span> <span class='ocrx_word' id='word_1_347' title='bbox 1104 4262 1427 4333; x_wconf 90' lang='grc' dir='ltr'>Ἐκκλησίας</span> <span class='ocrx_word' id='word_1_348' title='bbox 1443 4265 1605 4321; x_wconf 82' lang='grc' dir='ltr'>αὐτοῦ</span> <span class='ocrx_word' id='word_1_349' title='bbox 1625 4267 1681 4319; x_wconf 81' lang='grc' dir='ltr'>ὲν</span> <span class='ocrx_word' id='word_1_350' title='bbox 1697 4267 1888 4337; x_wconf 88' lang='grc' dir='ltr'>μέσαις</span> 
     </span>
    </p>
   </div>
   <div class='ocr_carea' id='block_1_47' title="bbox 314 4352 1886 4428">
    <p class='ocr_par' dir='ltr' id='par_1_47' title="bbox 314 4352 1886 4428">
     <span class='ocr_line' id='line_1_47' title="bbox 314 4352 1886 4428; baseline 0.005 -23"><span class='ocrx_word' id='word_1_351' title='bbox 314 4352 427 4415; x_wconf 87' lang='grc' dir='ltr'>ταῖς</span> <span class='ocrx_word' id='word_1_352' title='bbox 461 4352 648 4404; x_wconf 88' lang='grc' dir='ltr'>πόλεσι</span> <span class='ocrx_word' id='word_1_353' title='bbox 674 4352 768 4405; x_wconf 79' lang='grc' dir='ltr'><strong>καὶ</strong></span> <span class='ocrx_word' id='word_1_354' title='bbox 801 4353 858 4406; x_wconf 81' lang='grc' dir='ltr'>ἐν</span> <span class='ocrx_word' id='word_1_355' title='bbox 896 4352 1075 4416; x_wconf 80' lang='grc' dir='ltr'>αὐτοῖς</span> <span class='ocrx_word' id='word_1_356' title='bbox 1110 4353 1296 4423; x_wconf 89' lang='grc' dir='ltr'>μέσοις</span> <span class='ocrx_word' id='word_1_357' title='bbox 1322 4355 1497 4410; x_wconf 76' lang='grc' dir='ltr'>ἔθνεσι</span> <span class='ocrx_word' id='word_1_358' title='bbox 1527 4357 1727 4428; x_wconf 85' lang='grc' dir='ltr'>μεταξὺ</span> <span class='ocrx_word' id='word_1_359' title='bbox 1777 4359 1886 4414; x_wconf 87' lang='grc' dir='ltr'><strong>τῶν</strong></span> 
     </span>
    </p>
   </div>
   <div class='ocr_carea' id='block_1_48' title="bbox 2001 516 3571 587">
    <p class='ocr_par' dir='ltr' id='par_1_48' title="bbox 2001 516 3571 587">
     <span class='ocr_line' id='line_1_48' title="bbox 2001 516 3571 587; baseline -0.004 -12"><span class='ocrx_word' id='word_1_360' title='bbox 2001 524 2236 575; x_wconf 89' lang='lat' dir='ltr'><strong>animam</strong></span> <span class='ocrx_word' id='word_1_361' title='bbox 2278 535 2469 573; x_wconf 86' lang='lat' dir='ltr'><strong><em>meam.</em></strong></span> <span class='ocrx_word' id='word_1_362' title='bbox 2502 517 2801 572; x_wconf 81' lang='lat' dir='ltr'><strong>Multorum</strong></span> <span class='ocrx_word' id='word_1_363' title='bbox 2835 534 2853 570; x_wconf 92' lang='lat'><strong><em>:</em></strong></span> <span class='ocrx_word' id='word_1_364' title='bbox 2892 532 3125 587; x_wconf 88' lang='lat' dir='ltr'><strong>quorum</strong></span> <span class='ocrx_word' id='word_1_365' title='bbox 3171 516 3279 569; x_wconf 88' lang='lat' dir='ltr'><strong>nisi</strong></span> <span class='ocrx_word' id='word_1_366' title='bbox 3327 516 3571 571; x_wconf 91' lang='lat' dir='ltr'><strong>omnium</strong></span> 
     </span>
    </p>
   </div>
   <div class='ocr_carea' id='block_1_49' title="bbox 1997 606 3571 683">
    <p class='ocr_par' dir='ltr' id='par_1_49' title="bbox 1997 606 3571 683">
     <span class='ocr_line' id='line_1_49' title="bbox 1997 606 3571 683; baseline -0.004 -17"><span class='ocrx_word' id='word_1_367' title='bbox 1997 612 2238 683; x_wconf 88' lang='lat' dir='ltr'><strong>gentium</strong></span> <span class='ocrx_word' id='word_1_368' title='bbox 2273 626 2395 680; x_wconf 67' lang='lat' dir='ltr'><strong>quae</strong></span> <span class='ocrx_word' id='word_1_369' title='bbox 2423 612 2479 663; x_wconf 91' lang='lat' dir='ltr'><strong>in</strong></span> <span class='ocrx_word' id='word_1_370' title='bbox 2514 610 2692 679; x_wconf 89' lang='lat' dir='ltr'><strong>ipsum</strong></span> <span class='ocrx_word' id='word_1_371' title='bbox 2722 607 3093 669; x_wconf 90' lang='lat' dir='ltr'><strong>crediderunt,</strong></span> <span class='ocrx_word' id='word_1_372' title='bbox 3120 614 3173 661; x_wconf 92' lang='lat' dir='ltr'><strong>et</strong></span> <span class='ocrx_word' id='word_1_373' title='bbox 3202 606 3571 663; x_wconf 87' lang='lat' dir='ltr'><strong>Ecclesiarum</strong></span> 
     </span>
    </p>
   </div>
   <div class='ocr_carea' id='block_1_50' title="bbox 1997 693 3613 772">
    <p class='ocr_par' dir='ltr' id='par_1_50' title="bbox 1997 693 3613 772">
     <span class='ocr_line' id='line_1_50' title="bbox 1997 693 3613 772; baseline -0.002 -17"><span class='ocrx_word' id='word_1_374' title='bbox 1997 718 2119 772; x_wconf 75' lang='lat' dir='ltr'><strong>quas</strong></span> <span class='ocrx_word' id='word_1_375' title='bbox 2148 702 2201 754; x_wconf 90' lang='lat' dir='ltr'><strong>in</strong></span> <span class='ocrx_word' id='word_1_376' title='bbox 2240 708 2356 755; x_wconf 89' lang='lat' dir='ltr'><strong>toto</strong></span> <span class='ocrx_word' id='word_1_377' title='bbox 2381 699 2514 754; x_wconf 87' lang='lat' dir='ltr'><strong>orbe</strong></span> <span class='ocrx_word' id='word_1_378' title='bbox 2553 698 2719 754; x_wconf 86' lang='lat' dir='ltr'><strong>sunt?</strong></span> <span class='ocrx_word' id='word_1_379' title='bbox 2744 697 2864 767; x_wconf 84' lang='lat' dir='ltr'><strong>Ipse</strong></span> <span class='ocrx_word' id='word_1_380' title='bbox 2891 710 3129 765; x_wconf 88' lang='lat' dir='ltr'><strong>namque</strong></span> <span class='ocrx_word' id='word_1_381' title='bbox 3165 702 3250 750; x_wconf 89' lang='lat' dir='ltr'><strong>est</strong></span> <span class='ocrx_word' id='word_1_382' title='bbox 3278 693 3372 764; x_wconf 89' lang='lat' dir='ltr'><strong>qui</strong></span> <span class='ocrx_word' id='word_1_383' title='bbox 3398 694 3568 752; x_wconf 83' lang='lat' dir='ltr'><strong>dixit:</strong></span> <span class='ocrx_word' id='word_1_384' title='bbox 3612 752 3613 755; x_wconf 38' lang='grc' dir='ltr'><strong>η</strong></span> 
     </span>
    </p>
   </div>
   <div class='ocr_carea' id='block_1_51' title="bbox 2004 787 3570 859">
    <p class='ocr_par' dir='ltr' id='par_1_51' title="bbox 2004 787 3570 859">
     <span class='ocr_line' id='line_1_51' title="bbox 2004 787 3570 859; baseline -0.005 -12"><span class='ocrx_word' id='word_1_385' title='bbox 2004 793 2103 848; x_wconf 88' lang='lat' dir='ltr'><strong>Ubi</strong></span> <span class='ocrx_word' id='word_1_386' title='bbox 2133 793 2238 847; x_wconf 88' lang='lat' dir='ltr'><strong>duo</strong></span> <span class='ocrx_word' id='word_1_387' title='bbox 2276 792 2355 846; x_wconf 81' lang='lat' dir='ltr'><strong>vel</strong></span> <span class='ocrx_word' id='word_1_388' title='bbox 2397 801 2500 846; x_wconf 83' lang='lat' dir='ltr'><strong>tres</strong></span> <span class='ocrx_word' id='word_1_389' title='bbox 2541 790 2842 859; x_wconf 74' lang='lat' dir='ltr'><strong>congregati</strong></span> <span class='ocrx_word' id='word_1_390' title='bbox 2874 788 3071 857; x_wconf 79' lang='lat' dir='ltr'><strong>fuerint</strong></span> <span class='ocrx_word' id='word_1_391' title='bbox 3104 788 3159 841; x_wconf 90' lang='lat' dir='ltr'><strong><em>in</em></strong></span> <span class='ocrx_word' id='word_1_392' title='bbox 3198 787 3407 840; x_wconf 78' lang='lat' dir='ltr'><strong>nomine</strong></span> <span class='ocrx_word' id='word_1_393' title='bbox 3433 803 3570 851; x_wconf 89' lang='lat' dir='ltr'><strong>meo,</strong></span> 
     </span>
    </p>
   </div>
   <div class='ocr_carea' id='block_1_52' title="bbox 1996 876 3570 951">
    <p class='ocr_par' dir='ltr' id='par_1_52' title="bbox 1996 876 3570 951">
     <span class='ocr_line' id='line_1_52' title="bbox 1996 876 3570 951; baseline -0.004 -11"><span class='ocrx_word' id='word_1_394' title='bbox 1996 887 2070 940; x_wconf 88' lang='lat' dir='ltr'><strong>ibi</strong></span> <span class='ocrx_word' id='word_1_395' title='bbox 2097 903 2214 940; x_wconf 81' lang='lat' dir='ltr'><strong>sum</strong></span> <span class='ocrx_word' id='word_1_396' title='bbox 2242 886 2297 939; x_wconf 91' lang='lat' dir='ltr'><strong>in</strong></span> <span class='ocrx_word' id='word_1_397' title='bbox 2321 884 2491 939; x_wconf 90' lang='lat' dir='ltr'><strong><em>medio</em></strong></span> <span class='ocrx_word' id='word_1_398' title='bbox 2524 899 2705 937; x_wconf 89' lang='lat' dir='ltr'><strong>eorum</strong></span> <span class='ocrx_word' id='word_1_399' title='bbox 2735 882 2802 934; x_wconf 78' lang='lat'><strong>“.</strong></span> <span class='ocrx_word' id='word_1_400' title='bbox 2831 880 2953 936; x_wconf 85' lang='lat' dir='ltr'><strong>Ideo</strong></span> <span class='ocrx_word' id='word_1_401' title='bbox 2974 896 3071 951; x_wconf 89' lang='lat' dir='ltr'><strong>per</strong></span> <span class='ocrx_word' id='word_1_402' title='bbox 3092 885 3263 933; x_wconf 91' lang='lat' dir='ltr'><strong>totum</strong></span> <span class='ocrx_word' id='word_1_403' title='bbox 3291 877 3477 932; x_wconf 82' lang='lat' dir='ltr'><strong>orbem</strong></span> <span class='ocrx_word' id='word_1_404' title='bbox 3513 876 3570 934; x_wconf 90' lang='lat' dir='ltr'><strong>in</strong></span> 
     </span>
    </p>
   </div>
   <div class='ocr_carea' id='block_1_53' title="bbox 1994 970 3573 1043">
    <p class='ocr_par' dir='ltr' id='par_1_53' title="bbox 1994 970 3573 1043">
     <span class='ocr_line' id='line_1_53' title="bbox 1994 970 3573 1043; baseline -0.004 -10"><span class='ocrx_word' id='word_1_405' title='bbox 1994 977 2176 1032; x_wconf 86' lang='lat' dir='ltr'><strong>medio</strong></span> <span class='ocrx_word' id='word_1_406' title='bbox 2224 976 2594 1031; x_wconf 86' lang='lat' dir='ltr'><strong>Ecclesiarum</strong></span> <span class='ocrx_word' id='word_1_407' title='bbox 2647 989 2858 1043; x_wconf 80' lang='lat' dir='ltr'><strong>magnae</strong></span> <span class='ocrx_word' id='word_1_408' title='bbox 2912 988 2943 1027; x_wconf 92' lang='lat' dir='ltr'><strong>a</strong></span> <span class='ocrx_word' id='word_1_409' title='bbox 2991 971 3225 1027; x_wconf 88' lang='lat' dir='ltr'><strong>Domino</strong></span> <span class='ocrx_word' id='word_1_410' title='bbox 3271 970 3573 1041; x_wconf 86' lang='lat' dir='ltr'><strong>gratiarum</strong></span> 
     </span>
    </p>
   </div>
   <div class='ocr_carea' id='block_1_54' title="bbox 1996 1067 2800 1125">
    <p class='ocr_par' dir='ltr' id='par_1_54' title="bbox 1996 1067 2800 1125">
     <span class='ocr_line' id='line_1_54' title="bbox 1996 1067 2800 1125; baseline -0.009 0"><span class='ocrx_word' id='word_1_411' title='bbox 1996 1071 2243 1125; x_wconf 78' lang='lat' dir='ltr'><strong>actiones</strong></span> <span class='ocrx_word' id='word_1_412' title='bbox 2277 1067 2425 1121; x_wconf 89' lang='lat' dir='ltr'><strong>Patri</strong></span> <span class='ocrx_word' id='word_1_413' title='bbox 2456 1068 2800 1122; x_wconf 89' lang='lat' dir='ltr'><strong>emittuntur.</strong></span> 
     </span>
    </p>
   </div>
   <div class='ocr_carea' id='block_1_55' title="bbox 2310 1152 3251 1211">
    <p class='ocr_par' dir='ltr' id='par_1_55' title="bbox 2310 1152 3251 1211">
     <span class='ocr_line' id='line_1_55' title="bbox 2310 1152 3251 1211; baseline -0.003 -1"><span class='ocrx_word' id='word_1_414' title='bbox 2310 1155 2636 1211; x_wconf 84' lang='lat' dir='ltr'><strong>PSALMUS</strong></span> <span class='ocrx_word' id='word_1_415' title='bbox 2675 1155 2803 1210; x_wconf 77' lang='lat' dir='ltr'><strong>IPSI</strong></span> <span class='ocrx_word' id='word_1_416' title='bbox 2844 1153 3074 1208; x_wconf 86' lang='lat' dir='ltr'><strong>DAVID.</strong></span> <span class='ocrx_word' id='word_1_417' title='bbox 3115 1152 3251 1208; x_wconf 83' lang='lat' dir='ltr'><strong>CIX.</strong></span> 
     </span>
    </p>
   </div>
   <div class='ocr_carea' id='block_1_56' title="bbox 2067 1242 3574 1315">
    <p class='ocr_par' dir='ltr' id='par_1_56' title="bbox 2067 1242 3574 1315">
     <span class='ocr_line' id='line_1_56' title="bbox 2067 1242 3574 1315; baseline -0.007 -11"><span class='ocrx_word' id='word_1_418' title='bbox 2067 1250 2235 1307; x_wconf 76' lang='lat' dir='ltr'><strong>Vens.</strong></span> <span class='ocrx_word' id='word_1_419' title='bbox 2260 1250 2314 1315; x_wconf 80' lang='lat' dir='ltr'><strong>l,</strong></span> <span class='ocrx_word' id='word_1_420' title='bbox 2330 1249 2385 1302; x_wconf 78' lang='lat'><strong>2.</strong></span> <span class='ocrx_word' id='word_1_421' title='bbox 2408 1249 2556 1302; x_wconf 78' lang='lat' dir='ltr'><strong>Dixit</strong></span> <span class='ocrx_word' id='word_1_422' title='bbox 2580 1248 2834 1302; x_wconf 84' lang='lat' dir='ltr'><strong>Dominus</strong></span> <span class='ocrx_word' id='word_1_423' title='bbox 2848 1249 3074 1301; x_wconf 91' lang='lat' dir='ltr'><strong>Domino</strong></span> <span class='ocrx_word' id='word_1_424' title='bbox 3099 1262 3212 1300; x_wconf 91' lang='lat' dir='ltr'><strong>meo</strong></span> <span class='ocrx_word' id='word_1_425' title='bbox 3234 1261 3251 1299; x_wconf 90' lang='lat'><strong><em>:</em></strong></span> <span class='ocrx_word' id='word_1_426' title='bbox 3276 1244 3409 1300; x_wconf 86' lang='lat' dir='ltr'><strong><em>Sede</em></strong></span> <span class='ocrx_word' id='word_1_427' title='bbox 3437 1260 3470 1297; x_wconf 85' lang='lat' dir='ltr'><strong>a</strong></span> <span class='ocrx_word' id='word_1_428' title='bbox 3490 1242 3574 1297; x_wconf 52' lang='lat' dir='ltr'><strong>de.</strong></span> 
     </span>
    </p>
   </div>
   <div class='ocr_carea' id='block_1_57' title="bbox 1993 1334 3574 1405">
    <p class='ocr_par' dir='ltr' id='par_1_57' title="bbox 1993 1334 3574 1405">
     <span class='ocr_line' id='line_1_57' title="bbox 1993 1334 3574 1405; baseline -0.006 -11"><span class='ocrx_word' id='word_1_429' title='bbox 1993 1341 2130 1394; x_wconf 72' lang='grc' dir='ltr'>τιτι-ξε</span> <span class='ocrx_word' id='word_1_430' title='bbox 2155 1339 2305 1405; x_wconf 82' lang='lat' dir='ltr'><strong>meis,</strong></span> <span class='ocrx_word' id='word_1_431' title='bbox 2339 1337 2500 1391; x_wconf 87' lang='lat' dir='ltr'><strong>donec</strong></span> <span class='ocrx_word' id='word_1_432' title='bbox 2539 1351 2731 1405; x_wconf 86' lang='lat' dir='ltr'><strong>ponam</strong></span> <span class='ocrx_word' id='word_1_433' title='bbox 2762 1337 3000 1390; x_wconf 80' lang='lat' dir='ltr'><strong>inimicos</strong></span> <span class='ocrx_word' id='word_1_434' title='bbox 3030 1345 3146 1389; x_wconf 83' lang='lat' dir='ltr'><strong>tuos</strong></span> <span class='ocrx_word' id='word_1_435' title='bbox 3174 1334 3459 1389; x_wconf 83' lang='lat' dir='ltr'><strong>scabellum</strong></span> <span class='ocrx_word' id='word_1_436' title='bbox 3482 1348 3574 1401; x_wconf 83' lang='lat' dir='ltr'><strong>pe-.</strong></span> 
     </span>
    </p>
   </div>
   <div class='ocr_carea' id='block_1_58' title="bbox 1993 1425 3572 1485">
    <p class='ocr_par' dir='ltr' id='par_1_58' title="bbox 1993 1425 3572 1485">
     <span class='ocr_line' id='line_1_58' title="bbox 1993 1425 3572 1485; baseline -0.005 0"><span class='ocrx_word' id='word_1_437' title='bbox 1993 1433 2120 1485; x_wconf 89' lang='lat' dir='ltr'><strong>dum</strong></span> <span class='ocrx_word' id='word_1_438' title='bbox 2151 1440 2381 1483; x_wconf 88' lang='lat' dir='ltr'><strong>tuorum.</strong></span> <span class='ocrx_word' id='word_1_439' title='bbox 2414 1427 2531 1483; x_wconf 84' lang='lat' dir='ltr'><strong>Hoc</strong></span> <span class='ocrx_word' id='word_1_440' title='bbox 2577 1426 2785 1481; x_wconf 88' lang='lat' dir='ltr'><strong>dictum</strong></span> <span class='ocrx_word' id='word_1_441' title='bbox 2816 1425 2973 1481; x_wconf 85' lang='lat' dir='ltr'><strong>valde</strong></span> <span class='ocrx_word' id='word_1_442' title='bbox 3019 1431 3336 1479; x_wconf 90' lang='lat' dir='ltr'><strong>accuratum</strong></span> <span class='ocrx_word' id='word_1_443' title='bbox 3383 1437 3447 1476; x_wconf 93' lang='lat' dir='ltr'><strong>ac</strong></span> <span class='ocrx_word' id='word_1_444' title='bbox 3479 1440 3572 1477; x_wconf 91' lang='lat' dir='ltr'><strong>ve-</strong></span> 
     </span>
    </p>
   </div>
   <div class='ocr_carea' id='block_1_59' title="bbox 1994 1514 3571 1589">
    <p class='ocr_par' dir='ltr' id='par_1_59' title="bbox 1994 1514 3571 1589">
     <span class='ocr_line' id='line_1_59' title="bbox 1994 1514 3571 1589; baseline -0.005 -14"><span class='ocrx_word' id='word_1_445' title='bbox 1994 1538 2113 1577; x_wconf 91' lang='lat' dir='ltr'><strong>rum</strong></span> <span class='ocrx_word' id='word_1_446' title='bbox 2137 1536 2261 1577; x_wconf 91' lang='lat' dir='ltr'><strong>esse</strong></span> <span class='ocrx_word' id='word_1_447' title='bbox 2293 1520 2543 1575; x_wconf 82' lang='lat' dir='ltr'><strong>Salvator</strong></span> <span class='ocrx_word' id='word_1_448' title='bbox 2582 1518 2910 1589; x_wconf 81' lang='lat' dir='ltr'><strong>signiﬁcavit</strong></span> <span class='ocrx_word' id='word_1_449' title='bbox 2945 1517 3173 1572; x_wconf 90' lang='lat' dir='ltr'><strong>dicens:</strong></span> <span class='ocrx_word' id='word_1_450' title='bbox 3213 1515 3273 1570; x_wconf 87' lang='lat' dir='ltr'><strong>Si</strong></span> <span class='ocrx_word' id='word_1_451' title='bbox 3305 1532 3426 1585; x_wconf 86' lang='lat' dir='ltr'><strong>ergo</strong></span> <span class='ocrx_word' id='word_1_452' title='bbox 3459 1514 3571 1567; x_wconf 84' lang='lat' dir='ltr'><strong>Da-</strong></span> 
     </span>
    </p>
   </div>
   <div class='ocr_carea' id='block_1_60' title="bbox 1994 1606 3571 1680">
    <p class='ocr_par' dir='ltr' id='par_1_60' title="bbox 1994 1606 3571 1680">
     <span class='ocr_line' id='line_1_60' title="bbox 1994 1606 3571 1680; baseline -0.004 -13"><span class='ocrx_word' id='word_1_453' title='bbox 1994 1613 2079 1667; x_wconf 82' lang='lat' dir='ltr'><strong>vid</strong></span> <span class='ocrx_word' id='word_1_454' title='bbox 2115 1614 2169 1667; x_wconf 86' lang='lat' dir='ltr'><strong>in</strong></span> <span class='ocrx_word' id='word_1_455' title='bbox 2202 1613 2393 1680; x_wconf 80' lang='lat' dir='ltr'><strong>spiritu</strong></span> <span class='ocrx_word' id='word_1_456' title='bbox 2422 1621 2573 1666; x_wconf 84' lang='lat' dir='ltr'><strong>vocat</strong></span> <span class='ocrx_word' id='word_1_457' title='bbox 2616 1628 2734 1666; x_wconf 90' lang='lat' dir='ltr'><strong>eum</strong></span> <span class='ocrx_word' id='word_1_458' title='bbox 2776 1610 3080 1673; x_wconf 87' lang='lat' dir='ltr'><strong>Dominum,</strong></span> <span class='ocrx_word' id='word_1_459' title='bbox 3121 1607 3381 1679; x_wconf 85' lang='lat' dir='ltr'><strong>quomodo</strong></span> <span class='ocrx_word' id='word_1_460' title='bbox 3427 1606 3571 1675; x_wconf 75' lang='lat' dir='ltr'><strong>ﬁlius</strong></span> 
     </span>
    </p>
   </div>
   <div class='ocr_carea' id='block_1_61' title="bbox 1992 1697 3573 1773">
    <p class='ocr_par' dir='ltr' id='par_1_61' title="bbox 1992 1697 3573 1773">
     <span class='ocr_line' id='line_1_61' title="bbox 1992 1697 3573 1773; baseline -0.006 -16"><span class='ocrx_word' id='word_1_461' title='bbox 1992 1703 2107 1773; x_wconf 77' lang='lat' dir='ltr'><strong>ejus</strong></span> <span class='ocrx_word' id='word_1_462' title='bbox 2144 1712 2222 1756; x_wconf 84' lang='lat' dir='ltr'><strong>est</strong></span> <span class='ocrx_word' id='word_1_463' title='bbox 2247 1702 2330 1755; x_wconf 69' lang='grc'><strong>⁸⁸⁵2</strong></span> <span class='ocrx_word' id='word_1_464' title='bbox 2355 1716 2532 1771; x_wconf 91' lang='lat' dir='ltr'><strong>neque</strong></span> <span class='ocrx_word' id='word_1_465' title='bbox 2569 1701 2715 1757; x_wconf 90' lang='lat' dir='ltr'><strong>enim</strong></span> <span class='ocrx_word' id='word_1_466' title='bbox 2746 1700 2865 1755; x_wconf 86' lang='lat' dir='ltr'><strong>sine</strong></span> <span class='ocrx_word' id='word_1_467' title='bbox 2898 1697 3105 1768; x_wconf 84' lang='lat' dir='ltr'><strong>Spiritu</strong></span> <span class='ocrx_word' id='word_1_468' title='bbox 3142 1704 3330 1753; x_wconf 86' lang='lat' dir='ltr'><strong>sancto</strong></span> <span class='ocrx_word' id='word_1_469' title='bbox 3359 1700 3573 1765; x_wconf 83' lang='lat' dir='ltr'><strong>poterat</strong></span> 
     </span>
    </p>
   </div>
   <div class='ocr_carea' id='block_1_62' title="bbox 1922 1776 3571 1863">
    <p class='ocr_par' dir='ltr' id='par_1_62' title="bbox 1922 1776 3571 1863">
     <span class='ocr_line' id='line_1_62' title="bbox 1922 1776 3571 1863; baseline -0.005 -16"><span class='ocrx_word' id='word_1_470' title='bbox 1922 1776 1964 1830; x_wconf 80' lang='grc' dir='ltr'><strong>Β</strong></span> <span class='ocrx_word' id='word_1_471' title='bbox 1996 1793 2166 1848; x_wconf 84' lang='lat' dir='ltr'><strong>David</strong></span> <span class='ocrx_word' id='word_1_472' title='bbox 2200 1793 2318 1847; x_wconf 58' lang='lat' dir='ltr'><strong>haec</strong></span> <span class='ocrx_word' id='word_1_473' title='bbox 2366 1792 2632 1863; x_wconf 79' lang='lat' dir='ltr'><strong>proferre,</strong></span> <span class='ocrx_word' id='word_1_474' title='bbox 2677 1790 2827 1844; x_wconf 76' lang='lat' dir='ltr'><strong>Dixit</strong></span> <span class='ocrx_word' id='word_1_475' title='bbox 2862 1789 3123 1844; x_wconf 80' lang='lat' dir='ltr'><strong>Dominus</strong></span> <span class='ocrx_word' id='word_1_476' title='bbox 3164 1787 3391 1841; x_wconf 88' lang='lat' dir='ltr'><strong>Domino</strong></span> <span class='ocrx_word' id='word_1_477' title='bbox 3434 1801 3571 1852; x_wconf 82' lang='lat' dir='ltr'><strong>meo,</strong></span> 
     </span>
    </p>
   </div>
   <div class='ocr_carea' id='block_1_63' title="bbox 1996 1879 3571 1949">
    <p class='ocr_par' dir='ltr' id='par_1_63' title="bbox 1996 1879 3571 1949">
     <span class='ocr_line' id='line_1_63' title="bbox 1996 1879 3571 1949; baseline -0.009 -6"><span class='ocrx_word' id='word_1_478' title='bbox 1996 1886 2129 1943; x_wconf 88' lang='lat' dir='ltr'><strong><em>Sede</em></strong></span> <span class='ocrx_word' id='word_1_479' title='bbox 2163 1904 2195 1940; x_wconf 91' lang='lat' dir='ltr'><strong><em>a</em></strong></span> <span class='ocrx_word' id='word_1_480' title='bbox 2226 1885 2428 1940; x_wconf 74' lang='lat' dir='ltr'><strong>dextris</strong></span> <span class='ocrx_word' id='word_1_481' title='bbox 2464 1885 2614 1940; x_wconf 87' lang='lat' dir='ltr'><strong>meis.</strong></span> <span class='ocrx_word' id='word_1_482' title='bbox 2665 1880 2950 1949; x_wconf 86' lang='lat' dir='ltr'><strong><em>Quomodo</em></strong></span> <span class='ocrx_word' id='word_1_483' title='bbox 2989 1880 3135 1935; x_wconf 88' lang='lat' dir='ltr'><strong>enim</strong></span> <span class='ocrx_word' id='word_1_484' title='bbox 3183 1879 3435 1932; x_wconf 68' lang='lat' dir='ltr'><strong>humana:</strong></span> <span class='ocrx_word' id='word_1_485' title='bbox 3478 1890 3571 1930; x_wconf 91' lang='lat' dir='ltr'><strong>co-.</strong></span> 
     </span>
    </p>
   </div>
   <div class='ocr_carea' id='block_1_64' title="bbox 1995 1970 3571 2049">
    <p class='ocr_par' dir='ltr' id='par_1_64' title="bbox 1995 1970 3571 2049">
     <span class='ocr_line' id='line_1_64' title="bbox 1995 1970 3571 2049; baseline -0.004 -17"><span class='ocrx_word' id='word_1_486' title='bbox 1995 1978 2225 2049; x_wconf 58' lang='lat' dir='ltr'><strong>giitioni</strong></span> <span class='ocrx_word' id='word_1_487' title='bbox 2276 1976 2569 2032; x_wconf 89' lang='lat' dir='ltr'><strong>accidisset</strong></span> <span class='ocrx_word' id='word_1_488' title='bbox 2605 1975 2797 2030; x_wconf 87' lang='lat' dir='ltr'><strong>notitia</strong></span> <span class='ocrx_word' id='word_1_489' title='bbox 2843 1970 3356 2028; x_wconf 88' lang='lat' dir='ltr'><strong>communicationis</strong></span> <span class='ocrx_word' id='word_1_490' title='bbox 3405 1981 3571 2038; x_wconf 85' lang='lat' dir='ltr'><strong>quam</strong></span> 
     </span>
    </p>
   </div>
   <div class='ocr_carea' id='block_1_65' title="bbox 1994 2056 3571 2136">
    <p class='ocr_par' dir='ltr' id='par_1_65' title="bbox 1994 2056 3571 2136">
     <span class='ocr_line' id='line_1_65' title="bbox 1994 2056 3571 2136; baseline -0.011 -10"><span class='ocrx_word' id='word_1_491' title='bbox 1994 2071 2156 2127; x_wconf 90' lang='lat' dir='ltr'><strong>Pater</strong></span> <span class='ocrx_word' id='word_1_492' title='bbox 2186 2070 2350 2126; x_wconf 87' lang='lat' dir='ltr'><strong>habet</strong></span> <span class='ocrx_word' id='word_1_493' title='bbox 2382 2084 2505 2123; x_wconf 88' lang='lat' dir='ltr'><strong>cum</strong></span> <span class='ocrx_word' id='word_1_494' title='bbox 2542 2082 2608 2123; x_wconf 86' lang='lat' dir='ltr'><strong>eo</strong></span> <span class='ocrx_word' id='word_1_495' title='bbox 2652 2067 2745 2136; x_wconf 88' lang='lat' dir='ltr'><strong>qui</strong></span> <span class='ocrx_word' id='word_1_496' title='bbox 2782 2064 3045 2119; x_wconf 90' lang='lat' dir='ltr'><strong>Dominus</strong></span> <span class='ocrx_word' id='word_1_497' title='bbox 3075 2062 3246 2131; x_wconf 87' lang='lat' dir='ltr'><strong>ipsius</strong></span> <span class='ocrx_word' id='word_1_498' title='bbox 3275 2058 3445 2113; x_wconf 88' lang='lat' dir='ltr'><strong>David</strong></span> <span class='ocrx_word' id='word_1_499' title='bbox 3487 2056 3571 2111; x_wconf 88' lang='lat' dir='ltr'><strong>di-</strong></span> 
     </span>
    </p>
   </div>
   <div class='ocr_carea' id='block_1_66' title="bbox 1994 2147 3570 2229">
    <p class='ocr_par' dir='ltr' id='par_1_66' title="bbox 1994 2147 3570 2229">
     <span class='ocr_line' id='line_1_66' title="bbox 1994 2147 3570 2229; baseline -0.011 -11"><span class='ocrx_word' id='word_1_500' title='bbox 1994 2164 2177 2219; x_wconf 89' lang='lat' dir='ltr'><strong>citur?</strong></span> <span class='ocrx_word' id='word_1_501' title='bbox 2205 2162 2463 2216; x_wconf 89' lang='lat' dir='ltr'><strong>Thronus</strong></span> <span class='ocrx_word' id='word_1_502' title='bbox 2506 2160 2690 2229; x_wconf 87' lang='lat' dir='ltr'><strong>itaque</strong></span> <span class='ocrx_word' id='word_1_503' title='bbox 2723 2157 2926 2227; x_wconf 82' lang='lat' dir='ltr'><strong>regiam</strong></span> <span class='ocrx_word' id='word_1_504' title='bbox 2959 2155 3079 2225; x_wconf 85' lang='lat' dir='ltr'><strong>ejus</strong></span> <span class='ocrx_word' id='word_1_505' title='bbox 3116 2151 3435 2221; x_wconf 88' lang='lat' dir='ltr'><strong>dignitatem</strong></span> <span class='ocrx_word' id='word_1_506' title='bbox 3475 2147 3570 2202; x_wconf 92' lang='lat' dir='ltr'><strong>de-</strong></span> 
     </span>
    </p>
   </div>
   <div class='ocr_carea' id='block_1_67' title="bbox 1994 2243 3569 2323">
    <p class='ocr_par' dir='ltr' id='par_1_67' title="bbox 1994 2243 3569 2323">
     <span class='ocr_line' id='line_1_67' title="bbox 1994 2243 3569 2323; baseline -0.01 -12"><span class='ocrx_word' id='word_1_507' title='bbox 1994 2257 2198 2323; x_wconf 87' lang='lat' dir='ltr'><strong>clarat;</strong></span> <span class='ocrx_word' id='word_1_508' title='bbox 2252 2254 2427 2311; x_wconf 87' lang='lat' dir='ltr'><strong>sessio</strong></span> <span class='ocrx_word' id='word_1_509' title='bbox 2494 2259 2674 2305; x_wconf 89' lang='lat' dir='ltr'><strong>autem</strong></span> <span class='ocrx_word' id='word_1_510' title='bbox 2721 2248 3066 2311; x_wconf 87' lang='lat' dir='ltr'><strong>ﬁrmitatem,</strong></span> <span class='ocrx_word' id='word_1_511' title='bbox 3108 2243 3462 2299; x_wconf 87' lang='lat' dir='ltr'><strong>stabilitatem</strong></span> <span class='ocrx_word' id='word_1_512' title='bbox 3516 2246 3569 2295; x_wconf 81' lang='lat' dir='ltr'><strong>et</strong></span> 
     </span>
    </p>
   </div>
   <div class='ocr_carea' id='block_1_68' title="bbox 1995 2332 3567 2414">
    <p class='ocr_par' dir='ltr' id='par_1_68' title="bbox 1995 2332 3567 2414">
     <span class='ocr_line' id='line_1_68' title="bbox 1995 2332 3567 2414; baseline -0.013 -10"><span class='ocrx_word' id='word_1_513' title='bbox 1995 2347 2432 2404; x_wconf 90' lang='lat' dir='ltr'><strong>immobilitatem</strong></span> <span class='ocrx_word' id='word_1_514' title='bbox 2485 2341 2888 2414; x_wconf 88' lang='lat' dir='ltr'><strong>permansionis</strong></span> <span class='ocrx_word' id='word_1_515' title='bbox 2931 2339 3053 2410; x_wconf 86' lang='lat' dir='ltr'><strong>ejus</strong></span> <span class='ocrx_word' id='word_1_516' title='bbox 3093 2338 3148 2392; x_wconf 93' lang='lat' dir='ltr'><strong>in</strong></span> <span class='ocrx_word' id='word_1_517' title='bbox 3199 2348 3391 2406; x_wconf 87' lang='lat' dir='ltr'><strong>regno.</strong></span> <span class='ocrx_word' id='word_1_518' title='bbox 3431 2332 3567 2385; x_wconf 93' lang='lat' dir='ltr'><strong>lllud</strong></span> 
     </span>
    </p>
   </div>
   <div class='ocr_carea' id='block_1_69' title="bbox 1995 2427 3570 2509">
    <p class='ocr_par' dir='ltr' id='par_1_69' title="bbox 1995 2427 3570 2509">
     <span class='ocr_line' id='line_1_69' title="bbox 1995 2427 3570 2509; baseline -0.012 -7"><span class='ocrx_word' id='word_1_519' title='bbox 1995 2454 2197 2509; x_wconf 87' lang='lat' dir='ltr'><strong>autem,</strong></span> <span class='ocrx_word' id='word_1_520' title='bbox 2226 2462 2259 2497; x_wconf 92' lang='lat' dir='ltr'><strong>a</strong></span> <span class='ocrx_word' id='word_1_521' title='bbox 2280 2443 2504 2506; x_wconf 74' lang='lat' dir='ltr'><strong>dextris,</strong></span> <span class='ocrx_word' id='word_1_522' title='bbox 2530 2440 2775 2496; x_wconf 84' lang='lat' dir='ltr'><strong>declarat</strong></span> <span class='ocrx_word' id='word_1_523' title='bbox 2812 2438 2993 2508; x_wconf 89' lang='lat' dir='ltr'><strong>ipsum</strong></span> <span class='ocrx_word' id='word_1_524' title='bbox 3038 2435 3356 2490; x_wconf 80' lang='lat' dir='ltr'><strong>dextrorum</strong></span> <span class='ocrx_word' id='word_1_525' title='bbox 3389 2427 3570 2483; x_wconf 84' lang='lat' dir='ltr'><strong>Patris</strong></span> 
     </span>
    </p>
   </div>
   <div class='ocr_carea' id='block_1_70' title="bbox 1994 2523 3569 2604">
    <p class='ocr_par' dir='ltr' id='par_1_70' title="bbox 1994 2523 3569 2604">
     <span class='ocr_line' id='line_1_70' title="bbox 1994 2523 3569 2604; baseline -0.011 -12"><span class='ocrx_word' id='word_1_526' title='bbox 1994 2552 2282 2592; x_wconf 91' lang='lat' dir='ltr'><strong>munerum</strong></span> <span class='ocrx_word' id='word_1_527' title='bbox 2320 2548 2444 2589; x_wconf 88' lang='lat' dir='ltr'><strong>esse</strong></span> <span class='ocrx_word' id='word_1_528' title='bbox 2487 2532 2826 2604; x_wconf 85' lang='lat' dir='ltr'><strong>participem.</strong></span> <span class='ocrx_word' id='word_1_529' title='bbox 2862 2527 3057 2584; x_wconf 87' lang='lat' dir='ltr'><strong>Omnia</strong></span> <span class='ocrx_word' id='word_1_530' title='bbox 3085 2526 3286 2599; x_wconf 85' lang='lat' dir='ltr'><strong>quippe</strong></span> <span class='ocrx_word' id='word_1_531' title='bbox 3322 2523 3569 2584; x_wconf 81' lang='lat' dir='ltr'><strong>dextera,</strong></span> 
     </span>
    </p>
   </div>
   <div class='ocr_carea' id='block_1_71' title="bbox 1995 2615 3567 2694">
    <p class='ocr_par' dir='ltr' id='par_1_71' title="bbox 1995 2615 3567 2694">
     <span class='ocr_line' id='line_1_71' title="bbox 1995 2615 3567 2694; baseline -0.011 -8"><span class='ocrx_word' id='word_1_532' title='bbox 1995 2632 2138 2694; x_wconf 65' lang='lat' dir='ltr'><strong>laeta,</strong></span> <span class='ocrx_word' id='word_1_533' title='bbox 2171 2630 2315 2685; x_wconf 90' lang='lat' dir='ltr'><strong>bona</strong></span> <span class='ocrx_word' id='word_1_534' title='bbox 2343 2637 2396 2683; x_wconf 90' lang='lat' dir='ltr'><strong>et</strong></span> <span class='ocrx_word' id='word_1_535' title='bbox 2418 2618 2681 2681; x_wconf 86' lang='lat' dir='ltr'><strong>salutaria</strong></span> <span class='ocrx_word' id='word_1_536' title='bbox 2711 2621 2869 2693; x_wconf 90' lang='lat' dir='ltr'><strong>quasi</strong></span> <span class='ocrx_word' id='word_1_537' title='bbox 2908 2635 2935 2673; x_wconf 89' lang='lat' dir='ltr'><strong>a</strong></span> <span class='ocrx_word' id='word_1_538' title='bbox 2967 2618 3129 2673; x_wconf 85' lang='lat' dir='ltr'><strong>Patre</strong></span> <span class='ocrx_word' id='word_1_539' title='bbox 3153 2616 3325 2671; x_wconf 90' lang='lat' dir='ltr'><strong>Filius</strong></span> <span class='ocrx_word' id='word_1_540' title='bbox 3356 2615 3567 2671; x_wconf 60' lang='lat' dir='ltr'><strong>submi-u</strong></span> 
     </span>
    </p>
   </div>
   <div class='ocr_carea' id='block_1_72' title="bbox 1994 2706 3567 2782">
    <p class='ocr_par' dir='ltr' id='par_1_72' title="bbox 1994 2706 3567 2782">
     <span class='ocr_line' id='line_1_72' title="bbox 1994 2706 3567 2782; baseline -0.011 -4"><span class='ocrx_word' id='word_1_541' title='bbox 1994 2725 2216 2780; x_wconf 85' lang='lat' dir='ltr'><strong>nistrat.</strong></span> <span class='ocrx_word' id='word_1_542' title='bbox 2236 2720 2492 2776; x_wconf 85' lang='lat' dir='ltr'><strong>Inimicos</strong></span> <span class='ocrx_word' id='word_1_543' title='bbox 2518 2724 2699 2772; x_wconf 88' lang='lat' dir='ltr'><strong>autem</strong></span> <span class='ocrx_word' id='word_1_544' title='bbox 2722 2720 2882 2769; x_wconf 83' lang='lat' dir='ltr'><strong>vocat</strong></span> <span class='ocrx_word' id='word_1_545' title='bbox 2908 2728 3004 2769; x_wconf 91' lang='lat' dir='ltr'><strong>eos</strong></span> <span class='ocrx_word' id='word_1_546' title='bbox 3027 2712 3121 2782; x_wconf 92' lang='lat' dir='ltr'><strong>qui</strong></span> <span class='ocrx_word' id='word_1_547' title='bbox 3156 2710 3211 2764; x_wconf 91' lang='lat' dir='ltr'><strong>in</strong></span> <span class='ocrx_word' id='word_1_548' title='bbox 3241 2706 3567 2780; x_wconf 64' lang='lat' dir='ltr'><strong>pratcedenti</strong></span> 
     </span>
    </p>
   </div>
   <div class='ocr_carea' id='block_1_73' title="bbox 1994 2801 3566 2888">
    <p class='ocr_par' dir='ltr' id='par_1_73' title="bbox 1994 2801 3566 2888">
     <span class='ocr_line' id='line_1_73' title="bbox 1994 2801 3566 2888; baseline -0.012 -15"><span class='ocrx_word' id='word_1_549' title='bbox 1994 2817 2207 2888; x_wconf 86' lang='lat' dir='ltr'><strong>psalmo</strong></span> <span class='ocrx_word' id='word_1_550' title='bbox 2231 2813 2494 2869; x_wconf 89' lang='lat' dir='ltr'><strong>declarati</strong></span> <span class='ocrx_word' id='word_1_551' title='bbox 2518 2819 2677 2876; x_wconf 88' lang='lat' dir='ltr'><strong>sunt;</strong></span> <span class='ocrx_word' id='word_1_552' title='bbox 2706 2823 2882 2878; x_wconf 82' lang='lat' dir='ltr'><strong>neque</strong></span> <span class='ocrx_word' id='word_1_553' title='bbox 2906 2814 3114 2859; x_wconf 88' lang='lat' dir='ltr'><strong>tantum</strong></span> <span class='ocrx_word' id='word_1_554' title='bbox 3147 2817 3261 2866; x_wconf 87' lang='lat' dir='ltr'><strong>eos,</strong></span> <span class='ocrx_word' id='word_1_555' title='bbox 3278 2801 3384 2857; x_wconf 89' lang='lat' dir='ltr'><strong>.sed</strong></span> <span class='ocrx_word' id='word_1_556' title='bbox 3404 2801 3566 2857; x_wconf 90' lang='lat' dir='ltr'><strong>etiam</strong></span> 
     </span>
    </p>
   </div>
   <div class='ocr_carea' id='block_1_74' title="bbox 1995 2888 3565 2964">
    <p class='ocr_par' dir='ltr' id='par_1_74' title="bbox 1995 2888 3565 2964">
     <span class='ocr_line' id='line_1_74' title="bbox 1995 2888 3565 2964; baseline -0.012 0"><span class='ocrx_word' id='word_1_557' title='bbox 1995 2923 2188 2964; x_wconf 89' lang='lat' dir='ltr'><strong>omnes</strong></span> <span class='ocrx_word' id='word_1_558' title='bbox 2211 2904 2556 2961; x_wconf 88' lang='lat' dir='ltr'><strong>adversarias</strong></span> <span class='ocrx_word' id='word_1_559' title='bbox 2590 2902 2839 2956; x_wconf 87' lang='lat' dir='ltr'><strong>virtutes.</strong></span> <span class='ocrx_word' id='word_1_560' title='bbox 2873 2896 3035 2951; x_wconf 90' lang='lat' dir='ltr'><strong>Pater</strong></span> <span class='ocrx_word' id='word_1_561' title='bbox 3055 2894 3198 2950; x_wconf 87' lang='lat' dir='ltr'><strong>enim</strong></span> <span class='ocrx_word' id='word_1_562' title='bbox 3228 2894 3284 2947; x_wconf 92' lang='lat' dir='ltr'><strong>in</strong></span> <span class='ocrx_word' id='word_1_563' title='bbox 3314 2888 3565 2964; x_wconf 68' lang='lat' dir='ltr'><strong>praesenti</strong></span> 
     </span>
    </p>
   </div>
   <div class='ocr_carea' id='block_1_75' title="bbox 1993 2986 3566 3069">
    <p class='ocr_par' dir='ltr' id='par_1_75' title="bbox 1993 2986 3566 3069">
     <span class='ocr_line' id='line_1_75' title="bbox 1993 2986 3566 3069; baseline -0.013 -15"><span class='ocrx_word' id='word_1_564' title='bbox 1993 2996 2207 3069; x_wconf 81' lang='lat' dir='ltr'><strong>psalmo</strong></span> <span class='ocrx_word' id='word_1_565' title='bbox 2229 3010 2289 3050; x_wconf 92' lang='lat' dir='ltr'><strong>se</strong></span> <span class='ocrx_word' id='word_1_566' title='bbox 2313 3008 2504 3049; x_wconf 90' lang='lat' dir='ltr'><strong>omnes</strong></span> <span class='ocrx_word' id='word_1_567' title='bbox 2531 2991 2633 3047; x_wconf 85' lang='lat' dir='ltr'><strong>sub</strong></span> <span class='ocrx_word' id='word_1_568' title='bbox 2665 2987 2830 3060; x_wconf 88' lang='lat' dir='ltr'><strong>pedes</strong></span> <span class='ocrx_word' id='word_1_569' title='bbox 2860 2986 2978 3057; x_wconf 86' lang='lat' dir='ltr'><strong>ejus</strong></span> <span class='ocrx_word' id='word_1_570' title='bbox 3014 2992 3415 3054; x_wconf 84' lang='lat' dir='ltr'><strong>prostraturum</strong></span> <span class='ocrx_word' id='word_1_571' title='bbox 3444 2994 3566 3041; x_wconf 80' lang='lat' dir='ltr'><strong>esse</strong></span> 
     </span>
    </p>
   </div>
   <div class='ocr_carea' id='block_1_76' title="bbox 1996 3089 2305 3147">
    <p class='ocr_par' dir='ltr' id='par_1_76' title="bbox 1996 3089 2305 3147">
     <span class='ocr_line' id='line_1_76' title="bbox 1996 3089 2305 3147; baseline -0.01 0"><span class='ocrx_word' id='word_1_572' title='bbox 1996 3089 2305 3147; x_wconf 89' lang='lat' dir='ltr'><strong>denuntiat.</strong></span> 
     </span>
    </p>
   </div>
   <div class='ocr_carea' id='block_1_77' title="bbox 2065 3170 3563 3252">
    <p class='ocr_par' dir='ltr' id='par_1_77' title="bbox 2065 3170 3563 3252">
     <span class='ocr_line' id='line_1_77' title="bbox 2065 3170 3563 3252; baseline -0.009 -12"><span class='ocrx_word' id='word_1_573' title='bbox 2065 3184 2234 3247; x_wconf 73' lang='lat' dir='ltr'><strong>Vens.</strong></span> <span class='ocrx_word' id='word_1_574' title='bbox 2282 3185 2336 3238; x_wconf 78' lang='grc'><strong>5.</strong></span> <span class='ocrx_word' id='word_1_575' title='bbox 2409 3181 2624 3252; x_wconf 84' lang='lat' dir='ltr'><strong>Virgam</strong></span> <span class='ocrx_word' id='word_1_576' title='bbox 2671 3179 2883 3234; x_wconf 75' lang='lat' dir='ltr'><strong>virtutis</strong></span> <span class='ocrx_word' id='word_1_577' title='bbox 2942 3176 3143 3231; x_wconf 83' lang='lat' dir='ltr'><strong>emittet</strong></span> <span class='ocrx_word' id='word_1_578' title='bbox 3198 3170 3452 3225; x_wconf 77' lang='lat' dir='ltr'><strong>Dominus</strong></span> <span class='ocrx_word' id='word_1_579' title='bbox 3499 3183 3563 3226; x_wconf 69' lang='lat' dir='ltr'><strong><em>ex</em></strong></span> 
     </span>
    </p>
   </div>
   <div class='ocr_carea' id='block_1_78' title="bbox 1992 3258 3563 3342">
    <p class='ocr_par' dir='ltr' id='par_1_78' title="bbox 1992 3258 3563 3342">
     <span class='ocr_line' id='line_1_78' title="bbox 1992 3258 3563 3342; baseline -0.011 -13"><span class='ocrx_word' id='word_1_580' title='bbox 1992 3274 2142 3342; x_wconf 71' lang='lat' dir='ltr'><strong>Sion,</strong></span> <span class='ocrx_word' id='word_1_581' title='bbox 2169 3282 2219 3333; x_wconf 90' lang='lat' dir='ltr'><strong>et</strong></span> <span class='ocrx_word' id='word_1_582' title='bbox 2250 3272 2523 3337; x_wconf 75' lang='lat' dir='ltr'><strong>dominare</strong></span> <span class='ocrx_word' id='word_1_583' title='bbox 2550 3271 2607 3324; x_wconf 89' lang='lat' dir='ltr'><strong>in</strong></span> <span class='ocrx_word' id='word_1_584' title='bbox 2630 3269 2800 3323; x_wconf 89' lang='lat' dir='ltr'><strong>medio</strong></span> <span class='ocrx_word' id='word_1_585' title='bbox 2823 3268 3157 3322; x_wconf 87' lang='lat' dir='ltr'><strong>inimicorum</strong></span> <span class='ocrx_word' id='word_1_586' title='bbox 3189 3274 3417 3317; x_wconf 88' lang='lat' dir='ltr'><strong>tuorum.</strong></span> <span class='ocrx_word' id='word_1_587' title='bbox 3442 3258 3563 3314; x_wconf 80' lang='lat' dir='ltr'><strong>Vir-</strong></span> 
     </span>
    </p>
   </div>
   <div class='ocr_carea' id='block_1_79' title="bbox 1992 3356 3563 3438">
    <p class='ocr_par' dir='ltr' id='par_1_79' title="bbox 1992 3356 3563 3438">
     <span class='ocr_line' id='line_1_79' title="bbox 1992 3356 3563 3438; baseline -0.011 -13"><span class='ocrx_word' id='word_1_588' title='bbox 1992 3381 2114 3438; x_wconf 86' lang='lat' dir='ltr'><strong>gam</strong></span> <span class='ocrx_word' id='word_1_589' title='bbox 2147 3364 2391 3429; x_wconf 69' lang='lat' dir='ltr'><strong>(virtutis</strong></span> <span class='ocrx_word' id='word_1_590' title='bbox 2433 3363 2671 3419; x_wconf 89' lang='lat' dir='ltr'><strong>arbitror</strong></span> <span class='ocrx_word' id='word_1_591' title='bbox 2711 3362 2816 3417; x_wconf 90' lang='lat' dir='ltr'><strong>hoc</strong></span> <span class='ocrx_word' id='word_1_592' title='bbox 2858 3360 2981 3415; x_wconf 92' lang='lat' dir='ltr'><strong>loco</strong></span> <span class='ocrx_word' id='word_1_593' title='bbox 3018 3356 3393 3427; x_wconf 75' lang='lat' dir='ltr'><strong>evangelicum</strong></span> <span class='ocrx_word' id='word_1_594' title='bbox 3443 3367 3563 3410; x_wconf 87' lang='lat' dir='ltr'><strong>ser-</strong></span> 
     </span>
    </p>
   </div>
   <div class='ocr_carea' id='block_1_80' title="bbox 1991 3447 3562 3523">
    <p class='ocr_par' dir='ltr' id='par_1_80' title="bbox 1991 3447 3562 3523">
     <span class='ocr_line' id='line_1_80' title="bbox 1991 3447 3562 3523; baseline -0.007 -10"><span class='ocrx_word' id='word_1_595' title='bbox 1991 3474 2209 3515; x_wconf 90' lang='lat' dir='ltr'><strong>monem</strong></span> <span class='ocrx_word' id='word_1_596' title='bbox 2235 3457 2443 3523; x_wconf 86' lang='lat' dir='ltr'><strong>dictum</strong></span> <span class='ocrx_word' id='word_1_597' title='bbox 2474 3472 2617 3512; x_wconf 92' lang='lat' dir='ltr'><strong>esse.</strong></span> <span class='ocrx_word' id='word_1_598' title='bbox 2653 3454 2894 3510; x_wconf 86' lang='lat' dir='ltr'><strong>Observa</strong></span> <span class='ocrx_word' id='word_1_599' title='bbox 2926 3466 3111 3523; x_wconf 91' lang='lat' dir='ltr'><strong>porro,</strong></span> <span class='ocrx_word' id='word_1_600' title='bbox 3142 3464 3273 3503; x_wconf 93' lang='lat' dir='ltr'><strong>num</strong></span> <span class='ocrx_word' id='word_1_601' title='bbox 3317 3447 3458 3503; x_wconf 86' lang='lat' dir='ltr'><strong>forte</strong></span> <span class='ocrx_word' id='word_1_602' title='bbox 3484 3462 3562 3502; x_wconf 90' lang='lat' dir='ltr'><strong>se-</strong></span> 
     </span>
    </p>
   </div>
   <div class='ocr_carea' id='block_1_81' title="bbox 1993 3537 3562 3614">
    <p class='ocr_par' dir='ltr' id='par_1_81' title="bbox 1993 3537 3562 3614">
     <span class='ocr_line' id='line_1_81' title="bbox 1993 3537 3562 3614; baseline -0.008 -9"><span class='ocrx_word' id='word_1_603' title='bbox 1993 3550 2229 3611; x_wconf 90' lang='lat' dir='ltr'><strong>cundum</strong></span> <span class='ocrx_word' id='word_1_604' title='bbox 2258 3550 2420 3607; x_wconf 78' lang='lat' dir='ltr'><strong>aliam</strong></span> <span class='ocrx_word' id='word_1_605' title='bbox 2466 3548 2730 3602; x_wconf 87' lang='lat' dir='ltr'><strong>rationem</strong></span> <span class='ocrx_word' id='word_1_606' title='bbox 2771 3544 2925 3614; x_wconf 87' lang='lat' dir='ltr'><strong>virga</strong></span> <span class='ocrx_word' id='word_1_607' title='bbox 2956 3540 3172 3597; x_wconf 89' lang='lat' dir='ltr'><strong>virtutis</strong></span> <span class='ocrx_word' id='word_1_608' title='bbox 3220 3539 3309 3594; x_wconf 91' lang='lat' dir='ltr'><strong>hic</strong></span> <span class='ocrx_word' id='word_1_609' title='bbox 3350 3537 3562 3593; x_wconf 85' lang='lat' dir='ltr'><strong>dicatur</strong></span> 
     </span>
    </p>
   </div>
   <div class='ocr_carea' id='block_1_82' title="bbox 1991 3629 3560 3706">
    <p class='ocr_par' dir='ltr' id='par_1_82' title="bbox 1991 3629 3560 3706">
     <span class='ocr_line' id='line_1_82' title="bbox 1991 3629 3560 3706; baseline -0.007 -15"><span class='ocrx_word' id='word_1_610' title='bbox 1991 3652 2078 3703; x_wconf 85' lang='lat' dir='ltr'><strong>ea,</strong></span> <span class='ocrx_word' id='word_1_611' title='bbox 2110 3650 2230 3706; x_wconf 75' lang='lat' dir='ltr'><strong>quae</strong></span> <span class='ocrx_word' id='word_1_612' title='bbox 2263 3635 2317 3690; x_wconf 90' lang='lat' dir='ltr'><strong>in</strong></span> <span class='ocrx_word' id='word_1_613' title='bbox 2347 3635 2587 3696; x_wconf 82' lang='lat' dir='ltr'><strong>secundo</strong></span> <span class='ocrx_word' id='word_1_614' title='bbox 2620 3634 2830 3706; x_wconf 86' lang='lat' dir='ltr'><strong>psalmo</strong></span> <span class='ocrx_word' id='word_1_615' title='bbox 2871 3632 3021 3703; x_wconf 86' lang='lat' dir='ltr'><strong>virga</strong></span> <span class='ocrx_word' id='word_1_616' title='bbox 3061 3629 3235 3684; x_wconf 81' lang='lat' dir='ltr'><strong>ferrea</strong></span> <span class='ocrx_word' id='word_1_617' title='bbox 3277 3642 3560 3697; x_wconf 87' lang='lat' dir='ltr'><strong>nuncupa-</strong></span> 
     </span>
    </p>
   </div>
   <div class='ocr_carea' id='block_1_83' title="bbox 1992 3717 3559 3798">
    <p class='ocr_par' dir='ltr' id='par_1_83' title="bbox 1992 3717 3559 3798">
     <span class='ocr_line' id='line_1_83' title="bbox 1992 3717 3559 3798; baseline -0.006 -18"><span class='ocrx_word' id='word_1_618' title='bbox 1992 3736 2102 3783; x_wconf 86' lang='lat' dir='ltr'><strong>tur.</strong></span> <span class='ocrx_word' id='word_1_619' title='bbox 2134 3727 2489 3798; x_wconf 84' lang='lat' dir='ltr'><strong>Evangelicus</strong></span> <span class='ocrx_word' id='word_1_620' title='bbox 2519 3727 2701 3795; x_wconf 90' lang='lat' dir='ltr'><strong>itaque</strong></span> <span class='ocrx_word' id='word_1_621' title='bbox 2744 3737 2945 3783; x_wconf 88' lang='lat' dir='ltr'><strong>sermo.</strong></span> <span class='ocrx_word' id='word_1_622' title='bbox 2986 3721 3078 3791; x_wconf 91' lang='lat' dir='ltr'><strong>qui</strong></span> <span class='ocrx_word' id='word_1_623' title='bbox 3120 3717 3427 3774; x_wconf 87' lang='lat' dir='ltr'><strong>Servatoris</strong></span> <span class='ocrx_word' id='word_1_624' title='bbox 3462 3732 3559 3771; x_wconf 91' lang='lat' dir='ltr'><strong>no-</strong></span> 
     </span>
    </p>
   </div>
   <div class='ocr_carea' id='block_1_84' title="bbox 1992 3810 3558 3885">
    <p class='ocr_par' dir='ltr' id='par_1_84' title="bbox 1992 3810 3558 3885">
     <span class='ocr_line' id='line_1_84' title="bbox 1992 3810 3558 3885; baseline -0.008 -10"><span class='ocrx_word' id='word_1_625' title='bbox 1992 3819 2091 3881; x_wconf 86' lang='lat' dir='ltr'><strong>stri</strong></span> <span class='ocrx_word' id='word_1_626' title='bbox 2124 3820 2376 3873; x_wconf 85' lang='lat' dir='ltr'><strong>virtutem</strong></span> <span class='ocrx_word' id='word_1_627' title='bbox 2416 3824 2471 3872; x_wconf 91' lang='lat' dir='ltr'><strong>et</strong></span> <span class='ocrx_word' id='word_1_628' title='bbox 2514 3817 2634 3885; x_wconf 87' lang='lat' dir='ltr'><strong>ejus</strong></span> <span class='ocrx_word' id='word_1_629' title='bbox 2678 3814 3037 3870; x_wconf 65' lang='lat' dir='ltr'><strong>oeconomiam</strong></span> <span class='ocrx_word' id='word_1_630' title='bbox 3068 3811 3376 3875; x_wconf 87' lang='lat' dir='ltr'><strong>annuntiat,</strong></span> <span class='ocrx_word' id='word_1_631' title='bbox 3410 3810 3558 3879; x_wconf 83' lang='lat' dir='ltr'><strong>virga</strong></span> 
     </span>
    </p>
   </div>
   <div class='ocr_carea' id='block_1_85' title="bbox 1992 3903 3558 3975">
    <p class='ocr_par' dir='ltr' id='par_1_85' title="bbox 1992 3903 3558 3975">
     <span class='ocr_line' id='line_1_85' title="bbox 1992 3903 3558 3975; baseline -0.004 -11"><span class='ocrx_word' id='word_1_632' title='bbox 1992 3911 2310 3966; x_wconf 87' lang='lat' dir='ltr'><strong>doctrinalis</strong></span> <span class='ocrx_word' id='word_1_633' title='bbox 2355 3918 2408 3964; x_wconf 90' lang='lat' dir='ltr'><strong>et</strong></span> <span class='ocrx_word' id='word_1_634' title='bbox 2442 3909 2698 3964; x_wconf 89' lang='lat' dir='ltr'><strong>salutaris</strong></span> <span class='ocrx_word' id='word_1_635' title='bbox 2729 3908 2924 3975; x_wconf 82' lang='lat' dir='ltr'><strong>fuerit;</strong></span> <span class='ocrx_word' id='word_1_636' title='bbox 2958 3907 3047 3961; x_wconf 90' lang='lat' dir='ltr'><strong>illa</strong></span> <span class='ocrx_word' id='word_1_637' title='bbox 3078 3922 3208 3961; x_wconf 88' lang='lat' dir='ltr'><strong>vero</strong></span> <span class='ocrx_word' id='word_1_638' title='bbox 3242 3920 3348 3975; x_wconf 88' lang='lat' dir='ltr'><strong>qua</strong></span> <span class='ocrx_word' id='word_1_639' title='bbox 3382 3903 3558 3957; x_wconf 91' lang='lat' dir='ltr'><strong>inimi-</strong></span> 
     </span>
    </p>
   </div>
   <div class='ocr_carea' id='block_1_86' title="bbox 1990 3995 3558 4070">
    <p class='ocr_par' dir='ltr' id='par_1_86' title="bbox 1990 3995 3558 4070">
     <span class='ocr_line' id='line_1_86' title="bbox 1990 3995 3558 4070; baseline -0.008 -10"><span class='ocrx_word' id='word_1_640' title='bbox 1990 4020 2085 4060; x_wconf 90' lang='lat' dir='ltr'><strong>cos</strong></span> <span class='ocrx_word' id='word_1_641' title='bbox 2115 4019 2245 4063; x_wconf 86' lang='lat' dir='ltr'><strong>suos</strong></span> <span class='ocrx_word' id='word_1_642' title='bbox 2274 4010 2328 4056; x_wconf 90' lang='lat' dir='ltr'><strong>et</strong></span> <span class='ocrx_word' id='word_1_643' title='bbox 2371 4003 2626 4057; x_wconf 86' lang='lat' dir='ltr'><strong>Ecclesiae</strong></span> <span class='ocrx_word' id='word_1_644' title='bbox 2656 4002 2840 4057; x_wconf 86' lang='lat' dir='ltr'><strong>hostes</strong></span> <span class='ocrx_word' id='word_1_645' title='bbox 2890 3999 3185 4070; x_wconf 85' lang='lat' dir='ltr'><strong>prosternit</strong></span> <span class='ocrx_word' id='word_1_646' title='bbox 3214 4013 3277 4051; x_wconf 90' lang='lat' dir='ltr'><strong>ae</strong></span> <span class='ocrx_word' id='word_1_647' title='bbox 3305 3995 3558 4062; x_wconf 82' lang='lat' dir='ltr'><strong>destruit,</strong></span> 
     </span>
    </p>
   </div>
   <div class='ocr_carea' id='block_1_87' title="bbox 1990 4091 3557 4162">
    <p class='ocr_par' dir='ltr' id='par_1_87' title="bbox 1990 4091 3557 4162">
     <span class='ocr_line' id='line_1_87' title="bbox 1990 4091 3557 4162; baseline -0.004 -16"><span class='ocrx_word' id='word_1_648' title='bbox 1990 4095 2165 4149; x_wconf 85' lang='lat' dir='ltr'><strong>ferrea</strong></span> <span class='ocrx_word' id='word_1_649' title='bbox 2195 4100 2442 4160; x_wconf 83' lang='lat' dir='ltr'><strong>vocetur,</strong></span> <span class='ocrx_word' id='word_1_650' title='bbox 2472 4108 2581 4162; x_wconf 89' lang='lat' dir='ltr'><strong>qua</strong></span> <span class='ocrx_word' id='word_1_651' title='bbox 2610 4091 2813 4146; x_wconf 89' lang='lat' dir='ltr'><strong>dicitur</strong></span> <span class='ocrx_word' id='word_1_652' title='bbox 2835 4091 3087 4145; x_wconf 81' lang='lat' dir='ltr'><strong>inimicos</strong></span> <span class='ocrx_word' id='word_1_653' title='bbox 3131 4104 3259 4144; x_wconf 91' lang='lat' dir='ltr'><strong>suos</strong></span> <span class='ocrx_word' id='word_1_654' title='bbox 3301 4096 3557 4158; x_wconf 87' lang='lat' dir='ltr'><strong>tanquam</strong></span> 
     </span>
    </p>
   </div>
   <div class='ocr_carea' id='block_1_88' title="bbox 1988 4177 3557 4253">
    <p class='ocr_par' dir='ltr' id='par_1_88' title="bbox 1988 4177 3557 4253">
     <span class='ocr_line' id='line_1_88' title="bbox 1988 4177 3557 4253; baseline -0.006 -16"><span class='ocrx_word' id='word_1_655' title='bbox 1988 4201 2118 4241; x_wconf 81' lang='lat' dir='ltr'><strong>vasa</strong></span> <span class='ocrx_word' id='word_1_656' title='bbox 2169 4185 2317 4253; x_wconf 86' lang='lat' dir='ltr'><strong>liguli</strong></span> <span class='ocrx_word' id='word_1_657' title='bbox 2363 4184 2700 4246; x_wconf 87' lang='lat' dir='ltr'><strong>contriturus</strong></span> <span class='ocrx_word' id='word_1_658' title='bbox 2740 4198 2880 4238; x_wconf 88' lang='lat' dir='ltr'><strong>esse.</strong></span> <span class='ocrx_word' id='word_1_659' title='bbox 2929 4180 3065 4246; x_wconf 87' lang='lat' dir='ltr'><strong>Quia</strong></span> <span class='ocrx_word' id='word_1_660' title='bbox 3104 4180 3268 4250; x_wconf 81' lang='lat' dir='ltr'><strong>igitur</strong></span> <span class='ocrx_word' id='word_1_661' title='bbox 3307 4177 3557 4232; x_wconf 86' lang='lat' dir='ltr'><strong>Christus</strong></span> 
     </span>
    </p>
   </div>
   <div class='ocr_carea' id='block_1_89' title="bbox 1989 4268 3555 4340">
    <p class='ocr_par' dir='ltr' id='par_1_89' title="bbox 1989 4268 3555 4340">
     <span class='ocr_line' id='line_1_89' title="bbox 1989 4268 3555 4340; baseline -0.006 -11"><span class='ocrx_word' id='word_1_662' title='bbox 1989 4275 2265 4330; x_wconf 89' lang='lat' dir='ltr'><strong>Ecclesias</strong></span> <span class='ocrx_word' id='word_1_663' title='bbox 2306 4291 2435 4330; x_wconf 89' lang='lat' dir='ltr'><strong>suas</strong></span> <span class='ocrx_word' id='word_1_664' title='bbox 2464 4274 2517 4328; x_wconf 92' lang='lat' dir='ltr'><strong>in</strong></span> <span class='ocrx_word' id='word_1_665' title='bbox 2553 4274 2745 4330; x_wconf 85' lang='lat' dir='ltr'><strong>mediis</strong></span> <span class='ocrx_word' id='word_1_666' title='bbox 2788 4273 3015 4326; x_wconf 89' lang='lat' dir='ltr'><strong>urbibus</strong></span> <span class='ocrx_word' id='word_1_667' title='bbox 3047 4279 3100 4326; x_wconf 89' lang='lat' dir='ltr'><strong>et</strong></span> <span class='ocrx_word' id='word_1_668' title='bbox 3131 4269 3381 4340; x_wconf 80' lang='lat' dir='ltr'><strong>gentibus</strong></span> <span class='ocrx_word' id='word_1_669' title='bbox 3421 4268 3555 4320; x_wconf 85' lang='lat' dir='ltr'><strong>inter</strong></span> 
     </span>
    </p>
   </div>
   <div class='ocr_carea' id='block_1_90' title="bbox 1990 4357 3555 4429">
    <p class='ocr_par' dir='ltr' id='par_1_90' title="bbox 1990 4357 3555 4429">
     <span class='ocr_line' id='line_1_90' title="bbox 1990 4357 3555 4429; baseline -0.007 -9"><span class='ocrx_word' id='word_1_670' title='bbox 1990 4367 2243 4420; x_wconf 88' lang='lat' dir='ltr'><strong>inimicos</strong></span> <span class='ocrx_word' id='word_1_671' title='bbox 2286 4372 2341 4421; x_wconf 89' lang='lat' dir='ltr'><strong>et</strong></span> <span class='ocrx_word' id='word_1_672' title='bbox 2388 4365 2573 4419; x_wconf 89' lang='lat' dir='ltr'><strong>hostes</strong></span> <span class='ocrx_word' id='word_1_673' title='bbox 2621 4366 2925 4429; x_wconf 89' lang='lat' dir='ltr'><strong>constituit,</strong></span> <span class='ocrx_word' id='word_1_674' title='bbox 2984 4360 3298 4416; x_wconf 86' lang='lat' dir='ltr'><strong>necessario</strong></span> <span class='ocrx_word' id='word_1_675' title='bbox 3351 4357 3555 4412; x_wconf 85' lang='lat' dir='ltr'><strong>dictum</strong></span> 
     </span>
    </p>
   </div>
   <div class='ocr_carea' id='block_1_91' title="bbox 314 4443 1889 4528">
    <p class='ocr_par' dir='ltr' id='par_1_91' title="bbox 314 4443 1888 4519">
     <span class='ocr_line' id='line_1_91' title="bbox 314 4443 1888 4519; baseline 0.005 -24"><span class='ocrx_word' id='word_1_676' title='bbox 314 4443 520 4515; x_wconf 75' lang='grc' dir='ltr'>ἐχθρῶν</span> <span class='ocrx_word' id='word_1_677' title='bbox 551 4444 646 4497; x_wconf 74' lang='grc' dir='ltr'>καὶ</span> <span class='ocrx_word' id='word_1_678' title='bbox 701 4443 975 4514; x_wconf 86' lang='grc' dir='ltr'>πολεμίων</span> <span class='ocrx_word' id='word_1_679' title='bbox 1032 4447 1414 4517; x_wconf 79' lang='grc' dir='ltr'>συνεστήσατο,</span> <span class='ocrx_word' id='word_1_680' title='bbox 1450 4449 1757 4519; x_wconf 84' lang='grc' dir='ltr'>ἀναγκαίως</span> <span class='ocrx_word' id='word_1_681' title='bbox 1797 4451 1888 4503; x_wconf 91' lang='grc' dir='ltr'>λέ-</span> 
     </span>
    </p>
   </div>
   <div class='ocr_carea' id='block_1_92' title="bbox 1992 4443 3553 4528">
    <p class='ocr_par' dir='ltr' id='par_1_92' title="bbox 1992 4449 3553 4528">
     <span class='ocr_line' id='line_1_92' title="bbox 1992 4449 3553 4528; baseline -0.007 -16"><span class='ocrx_word' id='word_1_682' title='bbox 1992 4465 2075 4514; x_wconf 87' lang='lat' dir='ltr'><strong>est</strong></span> <span class='ocrx_word' id='word_1_683' title='bbox 2107 4477 2122 4512; x_wconf 91' lang='lat'><strong>:</strong></span> <span class='ocrx_word' id='word_1_684' title='bbox 2156 4459 2365 4528; x_wconf 84' lang='lat' dir='ltr'><strong>Virgam</strong></span> <span class='ocrx_word' id='word_1_685' title='bbox 2398 4458 2605 4512; x_wconf 83' lang='lat' dir='ltr'><strong>virtutis</strong></span> <span class='ocrx_word' id='word_1_686' title='bbox 2635 4466 2737 4511; x_wconf 77' lang='lat' dir='ltr'><strong>tute</strong></span> <span class='ocrx_word' id='word_1_687' title='bbox 2764 4458 2962 4511; x_wconf 87' lang='lat' dir='ltr'><strong>emittet</strong></span> <span class='ocrx_word' id='word_1_688' title='bbox 2986 4454 3264 4515; x_wconf 82' lang='lat' dir='ltr'><strong>Dominus,</strong></span> <span class='ocrx_word' id='word_1_689' title='bbox 3298 4460 3355 4503; x_wconf 89' lang='lat' dir='ltr'><strong>ut</strong></span> <span class='ocrx_word' id='word_1_690' title='bbox 3383 4449 3553 4504; x_wconf 88' lang='lat' dir='ltr'><strong>domi-</strong></span> 
     </span>
    </p>
   </div>
   <div class='ocr_carea' id='block_1_93' title="bbox 314 4531 1891 4603">
    <p class='ocr_par' dir='ltr' id='par_1_93' title="bbox 314 4531 1891 4603">
     <span class='ocr_line' id='line_1_93' title="bbox 314 4531 1891 4603; baseline 0.006 -19"><span class='ocrx_word' id='word_1_691' title='bbox 314 4535 493 4587; x_wconf 84' lang='grc' dir='ltr'>λεκται</span> <span class='ocrx_word' id='word_1_692' title='bbox 539 4533 643 4596; x_wconf 85' lang='grc' dir='ltr'>ὅτι,</span> <span class='ocrx_word' id='word_1_693' title='bbox 691 4531 939 4599; x_wconf 79' lang='grc' dir='ltr'>Ῥάϐδον</span> <span class='ocrx_word' id='word_1_694' title='bbox 987 4533 1293 4603; x_wconf 82' lang='grc' dir='ltr'>δυνάμεώς</span> <span class='ocrx_word' id='word_1_695' title='bbox 1334 4550 1451 4591; x_wconf 90' lang='grc' dir='ltr'><strong>σου</strong></span> <span class='ocrx_word' id='word_1_696' title='bbox 1490 4538 1891 4603; x_wconf 79' lang='grc' dir='ltr'>ἐξαποστελεῖ</span> 
     </span>
    </p>
   </div>
   <div class='ocr_carea' id='block_1_94' title="bbox 314 4625 1889 4699">
    <p class='ocr_par' dir='ltr' id='par_1_94' title="bbox 314 4625 1889 4699">
     <span class='ocr_line' id='line_1_94' title="bbox 314 4625 1889 4699; baseline 0.004 -22"><span class='ocrx_word' id='word_1_697' title='bbox 314 4626 539 4694; x_wconf 82' lang='grc' dir='ltr'>Κύριος,</span> <span class='ocrx_word' id='word_1_698' title='bbox 569 4625 671 4678; x_wconf 84' lang='grc' dir='ltr'>ἵνα</span> <span class='ocrx_word' id='word_1_699' title='bbox 712 4626 1187 4695; x_wconf 82' lang='grc' dir='ltr'>κατακυριεύσῃς</span> <span class='ocrx_word' id='word_1_700' title='bbox 1213 4626 1282 4679; x_wconf 85' lang='grc' dir='ltr'>ἐν</span> <span class='ocrx_word' id='word_1_701' title='bbox 1314 4626 1482 4696; x_wconf 82' lang='grc' dir='ltr'>μέσῳ</span> <span class='ocrx_word' id='word_1_702' title='bbox 1502 4627 1621 4682; x_wconf 87' lang='grc' dir='ltr'><strong>τῶν</strong></span> <span class='ocrx_word' id='word_1_703' title='bbox 1659 4629 1889 4699; x_wconf 79' lang='grc' dir='ltr'>ἐχθρῶν</span> 
     </span>
    </p>
   </div>
   <div class='ocr_carea' id='block_1_95' title="bbox 314 4732 448 4770">
    <p class='ocr_par' dir='ltr' id='par_1_95' title="bbox 314 4732 448 4770">
     <span class='ocr_line' id='line_1_95' title="bbox 314 4732 448 4770; baseline -0.007 0"><span class='ocrx_word' id='word_1_704' title='bbox 314 4732 448 4770; x_wconf 87' lang='grc' dir='ltr'><strong>σου.</strong></span> 
     </span>
    </p>
   </div>
   <div class='ocr_carea' id='block_1_96' title="bbox 378 4806 1884 4881">
    <p class='ocr_par' dir='ltr' id='par_1_96' title="bbox 378 4806 1884 4881">
     <span class='ocr_line' id='line_1_96' title="bbox 378 4806 1884 4881; baseline 0.005 -21"><span class='ocrx_word' id='word_1_705' title='bbox 378 4808 539 4861; x_wconf 86' lang='grc' dir='ltr'>Μετὰ</span> <span class='ocrx_word' id='word_1_706' title='bbox 566 4806 684 4861; x_wconf 87' lang='grc' dir='ltr'><strong>σοῦ</strong></span> <span class='ocrx_word' id='word_1_707' title='bbox 702 4808 740 4877; x_wconf 80' lang='grc' dir='ltr'><strong><em>ἠ</em></strong></span> <span class='ocrx_word' id='word_1_708' title='bbox 778 4808 932 4881; x_wconf 82' lang='grc' dir='ltr'>ἀρχὴ</span> <span class='ocrx_word' id='word_1_709' title='bbox 967 4808 1037 4863; x_wconf 85' lang='grc' dir='ltr'>ἐν</span> <span class='ocrx_word' id='word_1_710' title='bbox 1065 4811 1253 4880; x_wconf 71' lang='grc' dir='ltr'>ἡμέρᾳ</span> <span class='ocrx_word' id='word_1_711' title='bbox 1295 4810 1405 4879; x_wconf 85' lang='grc' dir='ltr'><strong>τῆς</strong></span> <span class='ocrx_word' id='word_1_712' title='bbox 1433 4810 1738 4880; x_wconf 83' lang='grc' dir='ltr'>δυνάμεώς</span> <span class='ocrx_word' id='word_1_713' title='bbox 1769 4826 1884 4867; x_wconf 87' lang='grc' dir='ltr'><strong>σου</strong></span> 
     </span>
    </p>
   </div>
   <div class='ocr_carea' id='block_1_97' title="bbox 313 4902 1883 4972">
    <p class='ocr_par' dir='ltr' id='par_1_97' title="bbox 313 4902 1883 4972">
     <span class='ocr_line' id='line_1_97' title="bbox 313 4902 1883 4972; baseline 0.001 -18"><span class='ocrx_word' id='word_1_714' title='bbox 313 4902 377 4954; x_wconf 82' lang='grc' dir='ltr'>ἑν</span> <span class='ocrx_word' id='word_1_715' title='bbox 400 4902 529 4969; x_wconf 81' lang='grc' dir='ltr'>ταῖς</span> <span class='ocrx_word' id='word_1_716' title='bbox 560 4904 939 4971; x_wconf 80' lang='grc' dir='ltr'>λαμπρότησι</span> <span class='ocrx_word' id='word_1_717' title='bbox 966 4902 1087 4956; x_wconf 86' lang='grc' dir='ltr'><strong>τῶν</strong></span> <span class='ocrx_word' id='word_1_718' title='bbox 1123 4904 1327 4972; x_wconf 69' lang='grc' dir='ltr'>ἁγίων,</span> <span class='ocrx_word' id='word_1_719' title='bbox 1375 4903 1445 4955; x_wconf 82' lang='grc' dir='ltr'>ἐκ</span> <span class='ocrx_word' id='word_1_720' title='bbox 1488 4903 1743 4972; x_wconf 73' lang='grc' dir='ltr'>γαστρὸς</span> <span class='ocrx_word' id='word_1_721' title='bbox 1771 4904 1883 4971; x_wconf 82' lang='grc' dir='ltr'>πρὸ</span> 
     </span>
    </p>
   </div>
   <div class='ocr_carea' id='block_1_98' title="bbox 314 4990 1885 5060">
    <p class='ocr_par' dir='ltr' id='par_1_98' title="bbox 314 4990 1885 5060">
     <span class='ocr_line' id='line_1_98' title="bbox 314 4990 1885 5060; baseline -0.001 -17"><span class='ocrx_word' id='word_1_722' title='bbox 314 4992 617 5060; x_wconf 63' lang='grc' dir='ltr'>ἑωσφόρον</span> <span class='ocrx_word' id='word_1_723' title='bbox 678 4990 975 5060; x_wconf 79' lang='grc' dir='ltr'>ἐγέννησά</span> <span class='ocrx_word' id='word_1_724' title='bbox 1026 5008 1119 5045; x_wconf 86' lang='grc' dir='ltr'>σε.</span> <span class='ocrx_word' id='word_1_725' title='bbox 1174 4990 1423 5054; x_wconf 85' lang='grc' dir='ltr'>Ἀκύλας,</span> <span class='ocrx_word' id='word_1_726' title='bbox 1482 4991 1615 5044; x_wconf 87' lang='grc' dir='ltr'><strong>Ἀπὸ</strong></span> <span class='ocrx_word' id='word_1_727' title='bbox 1654 4992 1885 5060; x_wconf 81' lang='grc' dir='ltr'>μήτρας</span> 
     </span>
    </p>
   </div>
   <div class='ocr_carea' id='block_1_99' title="bbox 313 5068 1883 5152">
    <p class='ocr_par' dir='ltr' id='par_1_99' title="bbox 313 5068 1883 5152">
     <span class='ocr_line' id='line_1_99' title="bbox 313 5068 1883 5152; baseline 0.001 -17"><span class='ocrx_word' id='word_1_728' title='bbox 313 5082 780 5152; x_wconf 81' lang='grc' dir='ltr'>ὲξωρθρισμένης</span> <span class='ocrx_word' id='word_1_729' title='bbox 809 5099 907 5137; x_wconf 86' lang='grc' dir='ltr'><strong>σοι</strong></span> <span class='ocrx_word' id='word_1_730' title='bbox 948 5082 1166 5150; x_wconf 83' lang='grc' dir='ltr'>δρόσος</span> <span class='ocrx_word' id='word_1_731' title='bbox 1194 5083 1573 5151; x_wconf 83' lang='grc' dir='ltr'>παιδιότητός</span> <span class='ocrx_word' id='word_1_732' title='bbox 1603 5099 1737 5137; x_wconf 88' lang='grc' dir='ltr'><strong>σου·</strong></span> <span class='ocrx_word' id='word_1_733' title='bbox 1770 5086 1798 5137; x_wconf 90' lang='grc' dir='ltr'><strong>ό</strong></span> <span class='ocrx_word' id='word_1_734' title='bbox 1828 5068 1883 5137; x_wconf 72' lang='grc' dir='ltr'><strong>δέ</strong></span> 
     </span>
    </p>
   </div>
   <div class='ocr_carea' id='block_1_100' title="bbox 313 5172 1886 5245">
    <p class='ocr_par' dir='ltr' id='par_1_100' title="bbox 313 5172 1886 5245">
     <span class='ocr_line' id='line_1_100' title="bbox 313 5172 1886 5245; baseline 0.001 -20"><span class='ocrx_word' id='word_1_735' title='bbox 313 5174 621 5245; x_wconf 72' lang='grc' dir='ltr'>Σύμμαχοςσ</span> <span class='ocrx_word' id='word_1_736' title='bbox 664 5174 760 5239; x_wconf 86' lang='grc' dir='ltr'>Ὧς</span> <span class='ocrx_word' id='word_1_737' title='bbox 788 5173 914 5227; x_wconf 81' lang='grc' dir='ltr'>κατ’</span> <span class='ocrx_word' id='word_1_738' title='bbox 947 5175 1158 5242; x_wconf 78' lang='grc' dir='ltr'>ὄρθρον</span> <span class='ocrx_word' id='word_1_739' title='bbox 1192 5190 1291 5228; x_wconf 90' lang='grc' dir='ltr'><strong>σοι</strong></span> <span class='ocrx_word' id='word_1_740' title='bbox 1334 5172 1554 5241; x_wconf 87' lang='grc' dir='ltr'>δρόσος</span> <span class='ocrx_word' id='word_1_741' title='bbox 1588 5175 1626 5242; x_wconf 72' lang='grc' dir='ltr'><strong><em>ἡ</em></strong></span> <span class='ocrx_word' id='word_1_742' title='bbox 1672 5176 1886 5242; x_wconf 85' lang='grc' dir='ltr'>νεότης</span> 
     </span>
    </p>
   </div>
   <div class='ocr_carea' id='block_1_101' title="bbox 313 5265 1883 5338">
    <p class='ocr_par' dir='ltr' id='par_1_101' title="bbox 313 5265 1883 5338">
     <span class='ocr_line' id='line_1_101' title="bbox 313 5265 1883 5338; baseline 0.001 -19"><span class='ocrx_word' id='word_1_743' title='bbox 313 5282 443 5319; x_wconf 65' lang='grc' dir='ltr'>σοιν</span> <span class='ocrx_word' id='word_1_744' title='bbox 475 5270 508 5337; x_wconf 83' lang='grc' dir='ltr'>ἡ</span> <span class='ocrx_word' id='word_1_745' title='bbox 531 5267 587 5319; x_wconf 86' lang='grc' dir='ltr'>δὲ</span> <span class='ocrx_word' id='word_1_746' title='bbox 620 5267 844 5338; x_wconf 85' lang='grc' dir='ltr'>πέμπτη</span> <span class='ocrx_word' id='word_1_747' title='bbox 876 5265 1103 5331; x_wconf 76' lang='grc' dir='ltr'>ἕκδοσις,</span> <span class='ocrx_word' id='word_1_748' title='bbox 1149 5267 1244 5319; x_wconf 83' lang='grc' dir='ltr'>Ἐκ</span> <span class='ocrx_word' id='word_1_749' title='bbox 1270 5266 1499 5335; x_wconf 80' lang='grc' dir='ltr'>μήτρας</span> <span class='ocrx_word' id='word_1_750' title='bbox 1530 5266 1645 5335; x_wconf 78' lang='grc' dir='ltr'>ἀπὸ</span> <span class='ocrx_word' id='word_1_751' title='bbox 1673 5267 1883 5336; x_wconf 82' lang='grc' dir='ltr'>ὄρθρου</span> 
     </span>
    </p>
   </div>
   <div class='ocr_carea' id='block_1_102' title="bbox 312 5357 1883 5425">
    <p class='ocr_par' dir='ltr' id='par_1_102' title="bbox 312 5357 1883 5425">
     <span class='ocr_line' id='line_1_102' title="bbox 312 5357 1883 5425; baseline 0.001 -15"><span class='ocrx_word' id='word_1_752' title='bbox 312 5372 406 5411; x_wconf 86' lang='grc' dir='ltr'><strong>σοι</strong></span> <span class='ocrx_word' id='word_1_753' title='bbox 432 5358 652 5425; x_wconf 86' lang='grc' dir='ltr'>δρόσος</span> <span class='ocrx_word' id='word_1_754' title='bbox 675 5358 958 5425; x_wconf 86' lang='grc' dir='ltr'>νεότητός</span> <span class='ocrx_word' id='word_1_755' title='bbox 995 5372 1129 5410; x_wconf 90' lang='grc' dir='ltr'><strong>σου.</strong></span> <span class='ocrx_word' id='word_1_756' title='bbox 1167 5358 1277 5409; x_wconf 75' lang='grc' dir='ltr'><strong>Καὶ</strong></span> <span class='ocrx_word' id='word_1_757' title='bbox 1308 5357 1451 5409; x_wconf 78' lang='grc' dir='ltr'>ἔοικέ</span> <span class='ocrx_word' id='word_1_758' title='bbox 1480 5373 1544 5425; x_wconf 90' lang='grc' dir='ltr'><strong>γε</strong></span> <span class='ocrx_word' id='word_1_759' title='bbox 1574 5357 1661 5410; x_wconf 85' lang='grc' dir='ltr'>διὰ</span> <span class='ocrx_word' id='word_1_760' title='bbox 1681 5359 1883 5411; x_wconf 88' lang='grc' dir='ltr'>τούτων</span> 
     </span>
    </p>
   </div>
   <div class='ocr_carea' id='block_1_103' title="bbox 314 5446 1882 5520">
    <p class='ocr_par' dir='ltr' id='par_1_103' title="bbox 314 5446 1882 5520">
     <span class='ocr_line' id='line_1_103' title="bbox 314 5446 1882 5520; baseline 0 -19"><span class='ocrx_word' id='word_1_761' title='bbox 314 5448 407 5518; x_wconf 87' lang='grc' dir='ltr'><strong>τῆς</strong></span> <span class='ocrx_word' id='word_1_762' title='bbox 438 5449 701 5520; x_wconf 81' lang='grc' dir='ltr'>ὲνσάρκου</span> <span class='ocrx_word' id='word_1_763' title='bbox 756 5449 1059 5519; x_wconf 85' lang='grc' dir='ltr'>γεννήσεως</span> <span class='ocrx_word' id='word_1_764' title='bbox 1103 5446 1267 5499; x_wconf 78' lang='grc' dir='ltr'>αὐτοῦ</span> <span class='ocrx_word' id='word_1_765' title='bbox 1309 5446 1404 5517; x_wconf 82' lang='grc' dir='ltr'><strong>τὴν</strong></span> <span class='ocrx_word' id='word_1_766' title='bbox 1442 5448 1751 5517; x_wconf 88' lang='grc' dir='ltr'>οἰκονομίαν</span> <span class='ocrx_word' id='word_1_767' title='bbox 1786 5466 1882 5519; x_wconf 81' lang='grc' dir='ltr'>ση-</span> 
     </span>
    </p>
   </div>
   <div class='ocr_carea' id='block_1_104' title="bbox 314 5539 1884 5622">
    <p class='ocr_par' dir='ltr' id='par_1_104' title="bbox 314 5539 1884 5622">
     <span class='ocr_line' id='line_1_104' title="bbox 314 5539 1884 5622; baseline 0.001 -31"><span class='ocrx_word' id='word_1_768' title='bbox 314 5540 544 5622; x_wconf 86' lang='grc' dir='ltr'>μαίνειν.</span> <span class='ocrx_word' id='word_1_769' title='bbox 595 5539 726 5592; x_wconf 84' lang='grc' dir='ltr'>Ἀπὸ</span> <span class='ocrx_word' id='word_1_770' title='bbox 750 5540 857 5610; x_wconf 90' lang='grc' dir='ltr'><strong>γάρ</strong></span> <span class='ocrx_word' id='word_1_771' title='bbox 900 5540 1127 5610; x_wconf 90' lang='grc' dir='ltr'>μήτρας,</span> <span class='ocrx_word' id='word_1_772' title='bbox 1163 5539 1317 5609; x_wconf 78' lang='grc' dir='ltr'>φησί,</span> <span class='ocrx_word' id='word_1_773' title='bbox 1364 5539 1651 5608; x_wconf 87' lang='grc' dir='ltr'>γενήσεται</span> <span class='ocrx_word' id='word_1_774' title='bbox 1697 5540 1884 5611; x_wconf 91' lang='grc' dir='ltr'>δρόσος</span> 
     </span>
    </p>
   </div>
   <div class='ocr_carea' id='block_1_105' title="bbox 315 5629 1884 5701">
    <p class='ocr_par' dir='ltr' id='par_1_105' title="bbox 315 5629 1884 5701">
     <span class='ocr_line' id='line_1_105' title="bbox 315 5629 1884 5701; baseline 0.004 -20"><span class='ocrx_word' id='word_1_775' title='bbox 315 5629 717 5700; x_wconf 75' lang='grc' dir='ltr'>ἑξωρθρισμένη</span> <span class='ocrx_word' id='word_1_776' title='bbox 748 5630 845 5700; x_wconf 88' lang='grc' dir='ltr'><strong>τῆς</strong></span> <span class='ocrx_word' id='word_1_777' title='bbox 862 5629 1203 5699; x_wconf 86' lang='grc' dir='ltr'>παιδιότητός</span> <span class='ocrx_word' id='word_1_778' title='bbox 1230 5646 1343 5682; x_wconf 91' lang='grc' dir='ltr'>σου·</span> <span class='ocrx_word' id='word_1_779' title='bbox 1386 5630 1418 5699; x_wconf 87' lang='grc' dir='ltr'><strong>ἥ</strong></span> <span class='ocrx_word' id='word_1_780' title='bbox 1454 5630 1517 5681; x_wconf 80' lang='grc' dir='ltr'>ἐκ</span> <span class='ocrx_word' id='word_1_781' title='bbox 1551 5630 1761 5701; x_wconf 88' lang='grc' dir='ltr'>μήτρας</span> <span class='ocrx_word' id='word_1_782' title='bbox 1793 5648 1884 5700; x_wconf 56' lang='grc' dir='ltr'><strong>γεέ</strong></span> 
     </span>
    </p>
   </div>
   <div class='ocr_carea' id='block_1_106' title="bbox 324 5736 1631 5805">
    <p class='ocr_par' dir='ltr' id='par_1_106' title="bbox 324 5736 1631 5805">
     <span class='ocr_line' id='line_1_106' title="bbox 324 5736 1631 5805; baseline 0.015 -18"><span class='ocrx_word' id='word_1_783' title='bbox 324 5750 341 5771; x_wconf 74' lang='grc' dir='ltr'><em>ο</em></span> <span class='ocrx_word' id='word_1_784' title='bbox 382 5736 428 5769; x_wconf 73' lang='grc'><strong>³³</strong></span> <span class='ocrx_word' id='word_1_785' title='bbox 465 5736 651 5795; x_wconf 84' lang='lat' dir='ltr'><strong>Matth.</strong></span> <span class='ocrx_word' id='word_1_786' title='bbox 690 5755 851 5805; x_wconf 85' lang='lat' dir='ltr'><strong>xvul,</strong></span> <span class='ocrx_word' id='word_1_787' title='bbox 888 5739 975 5797; x_wconf 77' lang='lat'><strong>20.</strong></span> <span class='ocrx_word' id='word_1_788' title='bbox 1053 5739 1098 5772; x_wconf 60' lang='lat'><strong>9*</strong></span> <span class='ocrx_word' id='word_1_789' title='bbox 1137 5738 1323 5796; x_wconf 74' lang='lat' dir='ltr'><strong>Matth.</strong></span> <span class='ocrx_word' id='word_1_790' title='bbox 1364 5756 1510 5804; x_wconf 68' lang='lat' dir='ltr'><strong>XXII.</strong></span> <span class='ocrx_word' id='word_1_791' title='bbox 1542 5740 1631 5797; x_wconf 61' lang='grc' dir='ltr'>ἀει</span> 
     </span>
    </p>
   </div>
   <div class='ocr_carea' id='block_1_107' title="bbox 1988 4550 3039 4618">
    <p class='ocr_par' dir='ltr' id='par_1_107' title="bbox 1988 4550 3039 4618">
     <span class='ocr_line' id='line_1_107' title="bbox 1988 4550 3039 4618; baseline -0.004 -13"><span class='ocrx_word' id='word_1_792' title='bbox 1988 4552 2130 4618; x_wconf 78' lang='lat' dir='ltr'><strong>neris</strong></span> <span class='ocrx_word' id='word_1_793' title='bbox 2159 4552 2215 4605; x_wconf 89' lang='lat' dir='ltr'><strong><em>in</em></strong></span> <span class='ocrx_word' id='word_1_794' title='bbox 2244 4551 2414 4605; x_wconf 87' lang='lat' dir='ltr'><strong>medio</strong></span> <span class='ocrx_word' id='word_1_795' title='bbox 2440 4550 2777 4603; x_wconf 88' lang='lat' dir='ltr'><strong>inimicorum</strong></span> <span class='ocrx_word' id='word_1_796' title='bbox 2811 4556 3039 4601; x_wconf 88' lang='lat' dir='ltr'><strong>tuorum.</strong></span> 
     </span>
    </p>
   </div>
   <div class='ocr_carea' id='block_1_108' title="bbox 2057 4780 3553 4858">
    <p class='ocr_par' dir='ltr' id='par_1_108' title="bbox 2057 4780 3553 4858">
     <span class='ocr_line' id='line_1_108' title="bbox 2057 4780 3553 4858; baseline -0.009 -11"><span class='ocrx_word' id='word_1_797' title='bbox 2057 4794 2222 4849; x_wconf 76' lang='lat' dir='ltr'><strong>Vens.</strong></span> <span class='ocrx_word' id='word_1_798' title='bbox 2252 4793 2305 4847; x_wconf 76' lang='grc'><strong>4.</strong></span> <span class='ocrx_word' id='word_1_799' title='bbox 2354 4791 2544 4846; x_wconf 88' lang='lat' dir='ltr'><strong>Tecum</strong></span> <span class='ocrx_word' id='word_1_800' title='bbox 2602 4788 2920 4858; x_wconf 86' lang='lat' dir='ltr'><strong>principium</strong></span> <span class='ocrx_word' id='word_1_801' title='bbox 2972 4785 3027 4838; x_wconf 90' lang='lat' dir='ltr'><strong><em>in</em></strong></span> <span class='ocrx_word' id='word_1_802' title='bbox 3079 4782 3164 4837; x_wconf 88' lang='lat' dir='ltr'><strong>die</strong></span> <span class='ocrx_word' id='word_1_803' title='bbox 3206 4780 3417 4836; x_wconf 80' lang='lat' dir='ltr'><strong>virtutis</strong></span> <span class='ocrx_word' id='word_1_804' title='bbox 3454 4788 3553 4834; x_wconf 74' lang='lat' dir='ltr'><strong>tua:</strong></span> 
     </span>
    </p>
   </div>
   <div class='ocr_carea' id='block_1_109' title="bbox 1986 4881 3553 4961">
    <p class='ocr_par' dir='ltr' id='par_1_109' title="bbox 1986 4881 3553 4961">
     <span class='ocr_line' id='line_1_109' title="bbox 1986 4881 3553 4961; baseline -0.009 -14"><span class='ocrx_word' id='word_1_805' title='bbox 1986 4894 2039 4947; x_wconf 88' lang='lat' dir='ltr'><strong>in</strong></span> <span class='ocrx_word' id='word_1_806' title='bbox 2064 4891 2425 4961; x_wconf 79' lang='lat' dir='ltr'><strong>splendoribus</strong></span> <span class='ocrx_word' id='word_1_807' title='bbox 2456 4898 2785 4951; x_wconf 81' lang='lat' dir='ltr'><strong>sanctorum,</strong></span> <span class='ocrx_word' id='word_1_808' title='bbox 2822 4901 2886 4940; x_wconf 75' lang='lat' dir='ltr'><strong>ex</strong></span> <span class='ocrx_word' id='word_1_809' title='bbox 2916 4894 3064 4938; x_wconf 87' lang='lat' dir='ltr'><strong>utero</strong></span> <span class='ocrx_word' id='word_1_810' title='bbox 3098 4894 3219 4937; x_wconf 88' lang='lat' dir='ltr'><strong>ante</strong></span> <span class='ocrx_word' id='word_1_811' title='bbox 3251 4881 3553 4950; x_wconf 80' lang='lat' dir='ltr'><strong>Luciferum</strong></span> 
     </span>
    </p>
   </div>
   <div class='ocr_carea' id='block_1_110' title="bbox 1986 4982 3552 5064">
    <p class='ocr_par' dir='ltr' id='par_1_110' title="bbox 1986 4982 3552 5064">
     <span class='ocr_line' id='line_1_110' title="bbox 1986 4982 3552 5064; baseline -0.009 -17"><span class='ocrx_word' id='word_1_812' title='bbox 1986 4995 2139 5064; x_wconf 82' lang='lat' dir='ltr'><strong>genui</strong></span> <span class='ocrx_word' id='word_1_813' title='bbox 2169 5004 2235 5046; x_wconf 90' lang='lat' dir='ltr'><strong>te.</strong></span> <span class='ocrx_word' id='word_1_814' title='bbox 2267 4991 2484 5061; x_wconf 83' lang='lat' dir='ltr'><strong>Aquila,</strong></span> <span class='ocrx_word' id='word_1_815' title='bbox 2516 4989 2580 5044; x_wconf 85' lang='lat' dir='ltr'><strong>ab</strong></span> <span class='ocrx_word' id='word_1_816' title='bbox 2613 5000 2760 5042; x_wconf 82' lang='lat' dir='ltr'><strong>utero</strong></span> <span class='ocrx_word' id='word_1_817' title='bbox 2808 4986 3041 5039; x_wconf 81' lang='lat' dir='ltr'><strong>diluculo</strong></span> <span class='ocrx_word' id='word_1_818' title='bbox 3076 4986 3302 5038; x_wconf 76' lang='lat' dir='ltr'><strong>excitato</strong></span> <span class='ocrx_word' id='word_1_819' title='bbox 3339 4982 3432 5035; x_wconf 87' lang='lat' dir='ltr'><strong>tibi</strong></span> <span class='ocrx_word' id='word_1_820' title='bbox 3468 4996 3552 5033; x_wconf 78' lang='lat' dir='ltr'><strong>ros</strong></span> 
     </span>
    </p>
   </div>
   <div class='ocr_carea' id='block_1_111' title="bbox 1985 5082 3551 5165">
    <p class='ocr_par' dir='ltr' id='par_1_111' title="bbox 1985 5082 3551 5165">
     <span class='ocr_line' id='line_1_111' title="bbox 1985 5082 3551 5165; baseline -0.01 -17"><span class='ocrx_word' id='word_1_821' title='bbox 1985 5095 2227 5165; x_wconf 77' lang='lat' dir='ltr'><strong>pueritia:</strong></span> <span class='ocrx_word' id='word_1_822' title='bbox 2253 5104 2356 5148; x_wconf 75' lang='lat' dir='ltr'><strong>tua:</strong></span> <span class='ocrx_word' id='word_1_823' title='bbox 2376 5110 2391 5159; x_wconf 89' lang='lat'><strong>;</strong></span> <span class='ocrx_word' id='word_1_824' title='bbox 2411 5091 2769 5163; x_wconf 87' lang='lat' dir='ltr'><strong>Symmachus</strong></span> <span class='ocrx_word' id='word_1_825' title='bbox 2797 5128 2810 5153; x_wconf 90' lang='lat'><strong>,</strong></span> <span class='ocrx_word' id='word_1_826' title='bbox 2835 5089 2969 5141; x_wconf 81' lang='lat' dir='ltr'><strong>velut</strong></span> <span class='ocrx_word' id='word_1_827' title='bbox 2992 5085 3224 5139; x_wconf 85' lang='lat' dir='ltr'><strong>diluculo</strong></span> <span class='ocrx_word' id='word_1_828' title='bbox 3249 5085 3340 5137; x_wconf 87' lang='lat' dir='ltr'><strong>tibi</strong></span> <span class='ocrx_word' id='word_1_829' title='bbox 3364 5100 3447 5137; x_wconf 85' lang='lat' dir='ltr'><strong>ros</strong></span> <span class='ocrx_word' id='word_1_830' title='bbox 3460 5082 3551 5150; x_wconf 56' lang='lat' dir='ltr'><strong>juv</strong></span> 
     </span>
    </p>
   </div>
   <div class='ocr_carea' id='block_1_112' title="bbox 1987 5185 3549 5264">
    <p class='ocr_par' dir='ltr' id='par_1_112' title="bbox 1987 5185 3549 5264">
     <span class='ocr_line' id='line_1_112' title="bbox 1987 5185 3549 5264; baseline -0.009 -12"><span class='ocrx_word' id='word_1_831' title='bbox 1987 5206 2166 5252; x_wconf 82' lang='lat' dir='ltr'><strong>ventus</strong></span> <span class='ocrx_word' id='word_1_832' title='bbox 2197 5204 2323 5259; x_wconf 89' lang='lat' dir='ltr'><strong>tua;</strong></span> <span class='ocrx_word' id='word_1_833' title='bbox 2351 5194 2543 5264; x_wconf 82' lang='lat' dir='ltr'><strong>quinta</strong></span> <span class='ocrx_word' id='word_1_834' title='bbox 2593 5199 2773 5246; x_wconf 88' lang='lat' dir='ltr'><strong>autem</strong></span> <span class='ocrx_word' id='word_1_835' title='bbox 2807 5189 2996 5253; x_wconf 88' lang='lat' dir='ltr'><strong>editio,</strong></span> <span class='ocrx_word' id='word_1_836' title='bbox 3032 5202 3097 5241; x_wconf 75' lang='lat' dir='ltr'><strong>ea:</strong></span> <span class='ocrx_word' id='word_1_837' title='bbox 3149 5195 3295 5239; x_wconf 88' lang='lat' dir='ltr'><strong>utero</strong></span> <span class='ocrx_word' id='word_1_838' title='bbox 3329 5185 3549 5239; x_wconf 79' lang='lat' dir='ltr'><strong>dilicuto</strong></span> 
     </span>
    </p>
   </div>
   <div class='ocr_carea' id='block_1_113' title="bbox 1987 5274 3549 5353">
    <p class='ocr_par' dir='ltr' id='par_1_113' title="bbox 1987 5274 3549 5353">
     <span class='ocr_line' id='line_1_113' title="bbox 1987 5274 3549 5353; baseline -0.008 -14"><span class='ocrx_word' id='word_1_839' title='bbox 1987 5286 2080 5340; x_wconf 87' lang='lat' dir='ltr'><strong>tibi</strong></span> <span class='ocrx_word' id='word_1_840' title='bbox 2118 5302 2204 5338; x_wconf 83' lang='lat' dir='ltr'><strong>ros</strong></span> <span class='ocrx_word' id='word_1_841' title='bbox 2232 5284 2522 5353; x_wconf 82' lang='lat' dir='ltr'><strong>juventutis</strong></span> <span class='ocrx_word' id='word_1_842' title='bbox 2549 5290 2669 5334; x_wconf 77' lang='lat' dir='ltr'><strong>tute.</strong></span> <span class='ocrx_word' id='word_1_843' title='bbox 2706 5277 2909 5348; x_wconf 84' lang='lat' dir='ltr'><strong>Hisque</strong></span> <span class='ocrx_word' id='word_1_844' title='bbox 2939 5277 3155 5331; x_wconf 88' lang='lat' dir='ltr'><strong>videtur</strong></span> <span class='ocrx_word' id='word_1_845' title='bbox 3187 5274 3549 5346; x_wconf 88' lang='lat' dir='ltr'><strong>generationis</strong></span> 
     </span>
    </p>
   </div>
   <div class='ocr_carea' id='block_1_114' title="bbox 1985 5364 3550 5446">
    <p class='ocr_par' dir='ltr' id='par_1_114' title="bbox 1985 5364 3550 5446">
     <span class='ocr_line' id='line_1_114' title="bbox 1985 5364 3550 5446; baseline -0.01 -14"><span class='ocrx_word' id='word_1_846' title='bbox 1985 5379 2104 5446; x_wconf 83' lang='lat' dir='ltr'><strong>ejus</strong></span> <span class='ocrx_word' id='word_1_847' title='bbox 2166 5374 2404 5430; x_wconf 89' lang='lat' dir='ltr'><strong>carnalis</strong></span> <span class='ocrx_word' id='word_1_848' title='bbox 2460 5370 2820 5426; x_wconf 58' lang='lat' dir='ltr'><strong>oeconomiam</strong></span> <span class='ocrx_word' id='word_1_849' title='bbox 2882 5367 3211 5438; x_wconf 82' lang='lat' dir='ltr'><strong>signiﬁcare.</strong></span> <span class='ocrx_word' id='word_1_850' title='bbox 3271 5364 3352 5418; x_wconf 89' lang='lat' dir='ltr'><strong>Ah</strong></span> <span class='ocrx_word' id='word_1_851' title='bbox 3394 5370 3550 5417; x_wconf 84' lang='lat' dir='ltr'><strong>utero</strong></span> 
     </span>
    </p>
   </div>
   <div class='ocr_carea' id='block_1_115' title="bbox 1986 5457 3547 5531">
    <p class='ocr_par' dir='ltr' id='par_1_115' title="bbox 1986 5457 3547 5531">
     <span class='ocr_line' id='line_1_115' title="bbox 1986 5457 3547 5531; baseline -0.008 -8"><span class='ocrx_word' id='word_1_852' title='bbox 1986 5471 2152 5531; x_wconf 90' lang='lat' dir='ltr'><strong>enim,</strong></span> <span class='ocrx_word' id='word_1_853' title='bbox 2187 5468 2282 5531; x_wconf 90' lang='lat' dir='ltr'><strong>ait,</strong></span> <span class='ocrx_word' id='word_1_854' title='bbox 2315 5467 2415 5519; x_wconf 83' lang='lat' dir='ltr'><strong>erit</strong></span> <span class='ocrx_word' id='word_1_855' title='bbox 2438 5479 2528 5518; x_wconf 91' lang='lat' dir='ltr'><strong>ros</strong></span> <span class='ocrx_word' id='word_1_856' title='bbox 2557 5463 2858 5516; x_wconf 86' lang='lat' dir='ltr'><strong>matutinus</strong></span> <span class='ocrx_word' id='word_1_857' title='bbox 2887 5459 3133 5531; x_wconf 68' lang='lat' dir='ltr'><strong>pueritia:</strong></span> <span class='ocrx_word' id='word_1_858' title='bbox 3160 5465 3296 5523; x_wconf 66' lang='lat' dir='ltr'><strong>tute;</strong></span> <span class='ocrx_word' id='word_1_859' title='bbox 3332 5457 3445 5511; x_wconf 85' lang='lat' dir='ltr'><strong>sive</strong></span> <span class='ocrx_word' id='word_1_860' title='bbox 3482 5472 3547 5515; x_wconf 82' lang='lat' dir='ltr'><strong>ex</strong></span> 
     </span>
    </p>
   </div>
   <div class='ocr_carea' id='block_1_116' title="bbox 1985 5548 3545 5634">
    <p class='ocr_par' dir='ltr' id='par_1_116' title="bbox 1985 5548 3545 5634">
     <span class='ocr_line' id='line_1_116' title="bbox 1985 5548 3545 5634; baseline -0.01 -20"><span class='ocrx_word' id='word_1_861' title='bbox 1985 5568 2141 5634; x_wconf 79' lang='lat' dir='ltr'><strong>utero</strong></span> <span class='ocrx_word' id='word_1_862' title='bbox 2172 5560 2260 5613; x_wconf 90' lang='lat' dir='ltr'><strong>liet</strong></span> <span class='ocrx_word' id='word_1_863' title='bbox 2308 5558 2406 5611; x_wconf 85' lang='lat' dir='ltr'><strong>tibi</strong></span> <span class='ocrx_word' id='word_1_864' title='bbox 2454 5570 2546 5613; x_wconf 86' lang='lat' dir='ltr'><strong>ros</strong></span> <span class='ocrx_word' id='word_1_865' title='bbox 2576 5564 2701 5608; x_wconf 92' lang='lat' dir='ltr'><strong>qus</strong></span> <span class='ocrx_word' id='word_1_866' title='bbox 2743 5553 2984 5607; x_wconf 88' lang='lat' dir='ltr'><strong>diluculo</strong></span> <span class='ocrx_word' id='word_1_867' title='bbox 3018 5551 3071 5604; x_wconf 88' lang='lat' dir='ltr'><strong>in</strong></span> <span class='ocrx_word' id='word_1_868' title='bbox 3109 5548 3394 5620; x_wconf 85' lang='lat' dir='ltr'><strong>juventute</strong></span> <span class='ocrx_word' id='word_1_869' title='bbox 3432 5556 3545 5607; x_wconf 74' lang='lat' dir='ltr'><strong>tua.</strong></span> 
     </span>
    </p>
   </div>
   <div class='ocr_carea' id='block_1_117' title="bbox 1989 5639 3550 5724">
    <p class='ocr_par' dir='ltr' id='par_1_117' title="bbox 1989 5639 3550 5724">
     <span class='ocr_line' id='line_1_117' title="bbox 1989 5639 3550 5724; baseline -0.01 -15"><span class='ocrx_word' id='word_1_870' title='bbox 1989 5653 2191 5724; x_wconf 78' lang='lat' dir='ltr'><strong>Hisque</strong></span> <span class='ocrx_word' id='word_1_871' title='bbox 2222 5650 2456 5720; x_wconf 86' lang='lat' dir='ltr'><strong>arbitror</strong></span> <span class='ocrx_word' id='word_1_872' title='bbox 2485 5646 2774 5712; x_wconf 86' lang='lat' dir='ltr'><strong>declarari,</strong></span> <span class='ocrx_word' id='word_1_873' title='bbox 2824 5659 2933 5699; x_wconf 90' lang='lat' dir='ltr'><strong>non</strong></span> <span class='ocrx_word' id='word_1_874' title='bbox 2959 5659 3024 5698; x_wconf 81' lang='lat' dir='ltr'><strong>ex</strong></span> <span class='ocrx_word' id='word_1_875' title='bbox 3054 5642 3261 5699; x_wconf 90' lang='lat' dir='ltr'><strong>semine</strong></span> <span class='ocrx_word' id='word_1_876' title='bbox 3290 5640 3413 5708; x_wconf 90' lang='lat' dir='ltr'><strong>viri,</strong></span> <span class='ocrx_word' id='word_1_877' title='bbox 3451 5639 3550 5700; x_wconf 87' lang='lat' dir='ltr'><strong>sed</strong></span> 
     </span>
    </p>
   </div>
  </div>
