4014 6410
494 342 628 397 1545

1196 337 1463 395 EUSEBII
1493 340 1972 396 CESARIENSIS
2007 342 2157 398 OPP.
2192 342 2370 397 PARS
2409 342 2496 396 III.
2536 374 2604 383 —-
2643 342 3051 399 EXEGETICA.

3608 344 3749 399 1544

492 477 551 517 ex
588 460 795 531 Spiritu
842 468 1055 524 sancto,
1107 462 1390 516 carnalem
1427 463 1836 533 generationem
1858 466 2062 519 consti-

2168 465 2385 534 νὴσεταί
2421 482 2502 517 σοι
2534 465 2723 535 δρόσος
2741 482 2833 517 σου
2858 465 3053 535 ὄρθρου
3083 466 3140 519 έν
3160 467 3226 537 τῇ
3252 464 3467 535 νεότητί
3496 482 3609 518 σου.
3642 466 3748 536 Ση-

490 555 585 607 tui.
620 553 754 606 Nam
792 553 1251 623 quemadmodum
1294 571 1387 609 ros
1430 570 1668 622 superne
1697 556 1765 610 de
1795 558 1934 613 caelo
1970 557 2065 613 de—

490 644 677 708 ﬂuens,
712 644 793 699 sic
831 644 885 698 in
932 652 1088 699 utero
1112 646 1447 715 praegnantis
1480 647 1671 702 matris
1703 647 1845 717 ejus,
1880 649 2065 704 carnis

488 736 805 790 constitutio
823 736 962 791 facta
979 736 1134 792 estin
1151 737 1380 792 infantia
1400 739 1592 809 ipsius.
1614 740 1720 794 Pro
1740 742 1831 794 illo
1859 749 2062 808 autem,

486 842 546 879 ex
578 836 771 891 ventre,
805 828 926 883 sive
952 844 1017 882 ea:
1045 840 1215 893 utero,
1247 827 1571 883 Hebraicum
1602 830 1766 885 habet
1807 830 2062 884 Mariam.

487 915 681 985 Aliquo
720 924 902 971 autem
936 926 1194 973 narrante
1213 919 1361 981 novi,
1394 918 1717 973 Hebraicam
1747 936 1934 975 vocem
1975 921 2063 975 hic

486 1005 707 1061 Mariam
742 1008 1060 1064 meminisse
1089 1028 1102 1063 :
1135 1024 1261 1063 nam
1295 1010 1451 1074 illud,
1476 1009 1731 1076 Mariam,
1764 1011 1944 1065 Mariae
1962 1028 2055 1067 no-

2169 555 2453 626 μαίνεσθαι
2485 556 2540 608 δὲ
2561 556 2648 608 διὰ
2671 556 2873 609 τούτων
2897 557 3132 627 ἠγοῦμαι
3152 557 3212 609 τὸ
3244 557 3319 626 μὴ
3349 558 3413 609 ὲκ
3434 557 3747 626 σπέρματος

2166 648 2377 718 ἀνδρὸς,
2405 647 2517 701 ἀλλ’
2550 646 2609 712 ἐξ
2638 648 2792 716 ἁγίου
2817 647 3130 718 Πνεύματος
3150 648 3409 718 συστῆναι
3425 646 3520 718 τὴν
3551 648 3749 718 ένσαρ-

2167 756 2259 791 κον
2288 738 2557 809 γέννησιν.
2611 735 2711 792 υἷα
2761 739 2871 811 γὰρ
2901 721 3089 811 δρόσᾶ
3131 739 3339 794 ἄνωθεν
3396 739 3457 804 ἐξ
3513 738 3747 810 οὐρανοῦ

2168 831 2466 900 φερομένη,
2492 830 2634 883 οὕτω
2665 849 2781 895 πως
2828 835 2887 885 ὲν
2922 834 2989 901 τῇ
3024 833 3208 904 μήτρα
3238 832 3338 902 τῆς
3375 833 3746 903 κυοφορούσης

2167 925 2326 976 αὐτὸν
2365 924 2569 995 μητρὸς
2599 927 2632 994 ή
2665 926 2765 996 τῆς
2799 926 3001 995 σαρκὸς
3037 927 3246 996 ὑπέστη
3278 927 3536 989 σύστασις
3578 929 3639 979 ἐν
3674 928 3741 997 τῇ

2168 1015 2471 1085 παιδιάτητι
2499 1015 2685 1069 αὐτοῦ.
2732 1017 2876 1068 Ἀντὶ
2902 1016 2959 1068 δὲ
2981 1017 3096 1082 τοῦ,
3128 1018 3198 1071 ἐκ
3236 1018 3515 1087 γαστρὸς,
3537 1017 3592 1087 ἢ,
3624 1015 3744 1071 ἀπὸ

486 1115 609 1154 men
644 1100 917 1170 signiﬁcat
937 1120 951 1169 ;
974 1102 1049 1156 ita
1072 1109 1132 1157 ut
1160 1102 1248 1158 his
1280 1104 1601 1159 nominatim
1645 1100 1877 1177 Deipara
1910 1120 2060 1160 com-

2168 1107 2411 1176 μήτρας,
2452 1108 2512 1161 τὺ
2544 1108 2828 1180 Ἑϐραῖκδν
2858 1110 2989 1180 ἔχει,
3018 1109 3270 1181 Μαριάμ.
3298 1106 3590 1173 Οἴδαδὲεὶς
3618 1110 3743 1163 τοῦο

487 1197 839 1244 memoretur.
2166 1214 2227 1249 το
2242 1199 2387 1262 τινὸς
2420 1198 2679 1262 ἀκούσας,
2718 1200 2793 1263 ὡς
2823 1202 2923 1271 τῆς
2964 1202 3254 1272 Ἐὄραῐκῆς
3294 1203 3475 1271 φωνῆς
3508 1201 3738 1255 ἐνταῦθα

487 1280 581 1349 τῆς
609 1282 828 1354 Μαρίας
854 1285 1326 1358 μνημονευσάσηςο
1358 1286 1567 1359 τὸγὰρ,
1620 1289 1875 1358 Μαριὰμ,
1919 1289 1979 1341 τὸ
2008 1291 2226 1361 Μαρίας
2269 1293 2438 1363 ὄνομα
2489 1295 2763 1364 σημαίνει,
2811 1296 2887 1360 ὡς
2930 1296 3187 1367 ὀνομαστὶ
3237 1297 3324 1349 διὰ
3386 1296 3583 1350 τούτων
3643 1296 3738 1365 τῆς

485 1362 744 1427 Θεοτόκου
774 1394 877 1446 μνη
887 1378 1257 1448 μονευθείσης.

556 1464 720 1521 Vens.
783 1469 900 1523 5-8.
955 1469 1167 1524 Iuravit
1226 1472 1506 1536 Dominus,
1548 1484 1597 1526 et
1654 1490 1757 1527 non
1794 1474 2062 1543 paenitebit

2264 1478 2462 1541 Ωμοσε
2508 1478 2741 1545 Κύριος,
2792 1477 2891 1530 καὶ
2948 1478 3019 1531 οὐ
3051 1479 3621 1548 μεταμεληθήσεται,
3657 1480 3740 1539 Σὺ

486 1572 623 1619 eum,
654 1558 731 1611 Tu
757 1576 810 1613 es
865 1561 1109 1615 sacerdos
1140 1564 1192 1615 in
1231 1573 1484 1617 wternum
1511 1566 1793 1618 secundum
1826 1566 2060 1620 ordinem

2168 1566 2357 1633 ἱερεὺς
2378 1569 2466 1633 εἰς
2497 1568 2601 1620 τὸν
2625 1567 2811 1621 αἰῶνα
2840 1570 2992 1623 κατὰ
3017 1569 3129 1638 τὴν
3152 1570 3325 1634 τάξιν
3349 1574 3735 1641 Μελχισεδέκ.

488 1646 886 1705 Melchisedech.
938 1652 1196 1707 Dominus
1243 1672 1276 1708 a
1320 1655 1523 1711 dextris
1576 1659 1683 1713 tuis
1727 1661 1980 1732 confregit
2006 1663 2059 1716 in

2168 1658 2379 1723 Κύριος
2410 1659 2477 1711 ἐκ
2497 1658 2710 1723 δεξιῶν
2730 1675 2846 1713 σου
2874 1660 3258 1715 συνέθλασεν
3271 1662 3342 1715 ἐν
3362 1664 3543 1732 ἡμέρᾳ
3559 1665 3739 1736 ὀργῆς

485 1738 567 1791 die
599 1739 695 1792 irae
720 1756 830 1793 sua:
860 1758 1024 1812 reges.
1061 1743 1095 1796 .1
1104 1744 1338 1799 udicabit
1379 1748 1434 1801 in
1466 1750 1790 1815 nationibus,
1828 1753 2061 1822 implebit

2168 1750 2352 1803 αὺτοῦ
2377 1750 2681 1816 βασιλεῖς.
2710 1750 2999 1819 Κρινεῖἐν
3032 1753 3157 1820 τοῖς
3186 1752 3411 1818 ἔθνεσι,
3444 1758 3738 1824 minabor:

487 1831 692 1895 ruinas,
736 1836 1110 1903 conquassabit
1144 1839 1319 1905 capita
1363 1839 1419 1892 in
1450 1849 1615 1897 terra.
1644 1841 1718 1896 De
1754 1853 1982 1901 torrente
2006 1847 2061 1899 in

2168 1840 2464 1909 πτώματα,
2506 1841 2841 1895 συνθλάσει
2879 1844 3147 1912 κεφαλὰς
3188 1845 3287 1897 ἐπὶ
3318 1844 3449 1915 γῆς.
3499 1849 3589 1901 Ἐκ
3620 1867 3729 1918 χει-

486 1923 567 1975 υἱα
596 1921 751 1990 bibet,
777 1936 1049 1992 propterea
1102 1928 1365 1981 exaltabit
1400 1942 1579 1999 caput.
1614 1931 1740 1987 Haec
1769 1934 2060 1989 admodum

2168 1932 2390 2000 udﬂpov
2420 1932 2620 1997 ἐνόδῷ
2648 1934 2860 1999 πίεται,
2884 1933 2981 1987 διὰ
2997 1935 3169 1988 τοῦτο
3189 1936 3420 2003 ὑψώσει
3448 1936 3729 2006 κεφαλήν.

486 2022 887 2083 consequenter
957 2016 1215 2071 videntur
1262 2018 1540 2089 praedictis
1593 2022 1776 2078 verbis
1820 2025 2062 2080 subnexa

487 2119 627 2159 esse.
658 2104 885 2162 Etiamsi
920 2108 1065 2161 enim
1096 2116 1276 2163 ortum
1309 2126 1375 2164 ex
1406 2120 1561 2166 utero
1583 2127 1779 2183 passus
1813 2118 1925 2183 sis,
1964 2116 2062 2183 ait,

485 2202 647 2265 atque
668 2197 837 2250 veluti
866 2213 957 2253 ros
987 2215 1051 2253 ex
1082 2198 1291 2270 Spiritu
1317 2214 1530 2267 sancto,
1562 2213 1842 2275 assumpta
1873 2222 2059 2271 carne,

486 2286 667 2343 factus
696 2288 846 2343 sisin
879 2289 1106 2344 infantia
1142 2300 1273 2359 tua;
1311 2304 1366 2347 at
1400 2311 1510 2350 non
1546 2299 1665 2367 pari
1695 2306 1859 2369 atque
1885 2301 2063 2356 caeteri

486 2379 735 2435 homines
779 2382 993 2437 ratione
1016 2386 1139 2439 vita:
1169 2388 1377 2443 exitum
1399 2390 1682 2459 sortieris;
1715 2392 1809 2448 sed
1834 2394 1889 2447 in
1913 2404 2066 2449 reter-

485 2486 613 2523 num
642 2470 750 2526 Deo
784 2483 837 2527 et
882 2472 1031 2529 Patri
1070 2478 1327 2534 sacerdos
1374 2482 1619 2538 manebis
1650 2501 1664 2537 :
1699 2483 1969 2553 siquidem
2010 2485 2064 2539 id

486 2561 789 2626 deﬁnitum,
808 2571 862 2617 et
885 2580 914 2617 a
941 2564 1102 2622 Patre
1117 2577 1209 2623 tuo
1233 2584 1357 2625 eum
1380 2570 1676 2641 juramenti
1709 2573 2065 2632 afﬁrmatione

487 2652 897 2721 pronuntiatum
932 2662 1038 2711 est.

1000 2854 1362 2911 ALLELUIA.
1390 2858 1500 2913 CX.

554 2940 718 2999 Vsus.
756 2945 869 3000 1-5.
902 2946 1208 3016 Con/itebor
1244 2950 1361 3014 tibi,
1399 2950 1642 3019 Domine,
1678 2955 1734 3007 in
1768 2964 1876 3009 toto
1911 2959 2064 3012 corde

2164 2024 2377 2094 Σφόδρα
2408 2041 2497 2093 μοι
2527 2024 2673 2077 δοκεῖ
2697 2024 3004 2087 ἀκολούθως
3024 2030 3090 2095 τῇ
3120 2028 3583 2101 προγεγραμμένῃ
3602 2029 3734 2096 λέξει

2166 2115 2411 2189 συνήφθη
2443 2117 2513 2171 τὰ
2544 2118 2898 2188 προκείμενα.
2924 2118 2986 2169 El
3022 2116 3132 2186 γὰρ
3166 2118 3352 2171 καὶτὰ
3380 2120 3611 2188 μάλιστα
3645 2120 3733 2188 γέ-

2165 2228 2309 2264 νεσιν
2325 2209 2421 2280 τὴν
2449 2209 2557 2262 ἀπὺ
2578 2211 2789 2281 μήτρας
2818 2209 3137 2279 ὑπέμεινας,
3170 2210 3321 2280 φησὶ,
3342 2212 3433 2263 καὶ
3453 2211 3734 2283 γεγένησαι

2163 2296 2249 2353 οἷα
2285 2300 2473 2370 δρόσος
2498 2299 2557 2364 ἐξ
2595 2302 2749 2368 ἁγίου
2782 2300 3095 2371 Πνεύματος
3131 2304 3187 2354 ὲν
3218 2304 3282 2371 τῇ
3319 2302 3619 2373 παιδιότητί
3649 2320 3733 2356 σου

2167 2394 2344 2465 σάρκα
2376 2392 2679 2464 ἀναλαϐὼν,
2701 2393 2813 2445 ἀλλ’
2829 2395 2924 2463 οὐχ
2948 2393 3147 2464 ὁμοίως
3175 2397 3287 2455 τοῖς
3309 2393 3511 2459 λοιποῖς
3534 2395 3732 2466 ἀνθρὼ-

2166 2503 2287 2549 ποις
2316 2485 2409 2537 καὶ
2440 2486 2536 2555 τὴν
2569 2487 2951 2557 καταστροφὴν
2974 2486 3067 2538 τοῦ
3104 2486 3216 2555 βίου
3256 2488 3519 2558 ποιήσεις·
3547 2489 3729 2558 διαμε-

2165 2579 2273 2638 νεῖς
2302 2575 2359 2628 δὲ
2405 2576 2485 2638 είς
2515 2576 2606 2630 τὸν
2634 2576 2804 2629 αίῶνα
2838 2575 3131 2646 ἱερώμενος
3160 2576 3237 2647 τῷ
3276 2576 3396 2647 Θεῷ
3419 2578 3513 2632 καὶ
3546 2580 3727 2649 Πατρί.

2165 2666 2336 2720 Τοῦτο
2349 2666 2458 2737 γὰρ
2492 2666 2740 2738 ὥρισται,
2773 2668 2863 2721 καὶ¹
2888 2668 3004 2738 μεθ’
3034 2669 3194 2738 ὅρκου
3217 2668 3554 2739 βεϐαιώσεως
3584 2670 3733 2725 τοῦτο

2166 2759 2548 2828 ἀποπέφανται
2578 2759 2819 2829 πρὸςτοῦ
2854 2759 2947 2812 σοῦ
2982 2760 3209 2830 Πατρός.

2684 2872 3107 2926 ΑΛΛΗΛΟΥΙΑ.
3132 2874 3235 2926 Pl'.

2249 2962 2795 3033 Ἐξομολογήσομαί
2855 2978 2973 3028 σοι,
3028 2965 3223 3032 Κύριε,
3256 2964 3326 3017 ἐν
3363 2964 3476 3034 ὅλῃ
3530 2965 3733 3033 καρδίᾳ

485 3046 618 3094 meo,
650 3032 701 3085 in
722 3034 1229 3103 consiliojustorum
1253 3049 1300 3093 et
1328 3045 1745 3112 congregatione.
1773 3044 2062 3120 Inscriptio

2168 3075 2299 3125 μου,
2460 3032 2665 3124 ,ϐουλῇ
2698 3055 2920 3109 εὺθέων
2970 3056 3068 3109 καὶ
3120 3032 3471 3127 συναγωγῇ.
3512 3032 3613 3111 Ta,
3640 3060 3735 3126 τῆς

485 3123 768 3189 praesentis
797 3139 860 3178 ac
901 3128 1247 3196 sequentium
1284 3132 1620 3199 psalmorum
1652 3135 1913 3202 declarat,
1947 3139 2061 3193 haec

2168 3123 2491 3218 προγραφῆς
2532 3144 2624 3197 τοῦ
2659 3123 3043 3216 προκειμένου
3080 3145 3175 3198 καὶ
3218 3123 3327 3198 των
3372 3123 3569 3217 ἐφεξῆς

486 3227 593 3267 non
622 3230 715 3284 per
740 3216 1057 3285 psalterium
1091 3224 1441 3289 pronuntiata
1457 3225 1641 3291 fuisse,
1661 3243 1837 3298 neque
1866 3234 2063 3285 cantici

487 3303 666 3357 locum
700 3313 903 3370 tenere,
933 3325 1108 3379 neque
1125 3313 1410 3378 orationis,
1434 3332 1610 3386 neque
1627 3320 1857 3374 aliorum
1877 3326 2063 3391 qumin

485 3396 659 3453 titulis
674 3398 942 3468 feruntur;
963 3402 1057 3457 sed
1079 3420 1203 3459 esse
1235 3406 1466 3477 hymnos
1482 3410 1777 3480 gratiarum
1797 3415 2058 3470 actionis:

484 3505 653 3559 quare
683 3490 931 3563 inscripti
951 3502 1100 3559 sunt,
1130 3496 1385 3561 Alleluia,
1420 3501 1565 3569 quod
1594 3501 1781 3558 Graece
1821 3521 2062 3570 versum,

486 3584 695 3637 laudent
723 3584 816 3638 Dei
842 3586 1136 3655 signiﬁcat.
1158 3587 1463 3659 Conﬁtebor
1480 3592 1597 3659 tibi,
1625 3594 1864 3660 Domine,
1888 3597 1939 3649 in
1957 3606 2063 3651 toto

485 3677 642 3730 corde
686 3694 820 3741 meo,
876 3681 932 3732 in
989 3682 1213 3734 consilio
1246 3682 1511 3747 iustorum
1543 3696 1594 3739 et
1641 3689 2060 3757 congregatione.

490 3766 685 3838 Magna
714 3785 871 3838 opera
898 3770 1130 3836 Domini,
1164 3776 1431 3844 exquisita
1464 3778 1517 3831 in
1548 3795 1724 3833 omnes
1770 3782 2063 3837 voluntates

487 3858 621 3927 ejus.
652 3857 931 3927 Confessio
963 3871 1012 3915 et
1048 3864 1442 3933 magniﬁcentia
1471 3884 1598 3937 opus
1621 3868 1756 3936 ejus,
1782 3871 2065 3941 etjustitia

487 3950 600 4017 ejus
642 3962 814 4005 manet
846 3952 898 4005 in
920 3955 1177 4006 swculum
1206 3956 1408 4010 stt-culi.
1444 3957 1749 4014 Admodum
1774 3978 1904 4017 vero
1932 3978 2064 4018 con-

488 4049 745 4110 gruenter
774 4054 895 4113 post
919 4045 1174 4098 traditam
1199 4046 1264 4101 de
1293 4046 1579 4105 Salvatore
1613 4061 1804 4107 nostro
1838 4057 2067 4126 prophe-

490 4133 640 4194 tiam,
693 4134 929 4204 hymnus
963 4138 1261 4205 gratiarum
1318 4141 1550 4197 actionis
1598 4143 1685 4200 his
1724 4147 1904 4203 verbis
1933 4150 2066 4204 sub-

491 4221 766 4290 iungitur,
825 4238 891 4277 ex
922 4224 1096 4293 ipsius
1146 4224 1453 4285 Servatoris
1498 4246 1733 4299 persona
1776 4238 2061 4302 recitatus.

490 4314 580 4380 qui
615 4310 763 4366 Patri
797 4328 898 4367 suo
958 4315 1024 4369 de
1052 4316 1228 4370 salute
1269 4318 1526 4375 omnibus
1588 4320 1900 4379 hominibus
1931 4342 2065 4381 con-

490 4419 641 4458 cessa
666 4405 871 4475 gratias
928 4406 1114 4460 refert.
1161 4408 1295 4462 Nam
1354 4412 1631 4467 confessio
1665 4430 1733 4469 ex
1769 4414 2064 4488 Scriptura:

491 4511 593 4548 usu
645 4495 805 4549 modo
860 4509 1206 4567 peccatorum
1260 4501 1688 4559 declarationem
1749 4508 2057 4579 signiﬁcat,

491 4585 653 4643 modo
677 4588 973 4656 gratiarum
1000 4590 1270 4645 actionem
1318 4593 1559 4649 exhibet.
1600 4593 1796 4651 Statim
1826 4601 1972 4655 enim
2006 4602 2063 4657 in

494 4676 797 4749 Evangeliis
824 4679 939 4749 ipse
973 4678 1230 4735 Servator
1260 4693 1447 4739 noster
1479 4687 1555 4740 ait
1598 4705 1611 4740 :
1645 4687 1915 4758 Conﬁteor
1944 4695 2061 4760 tibi,

493 4766 675 4834 Pater,
700 4768 918 4824 Domine
945 4772 1059 4825 caeli
1100 4782 1148 4827 et
1172 4782 1346 4839 terrae,
1370 4778 1495 4847 quia
1533 4779 1858 4837 abscondisti
1891 4784 2001 4839 haec
2031 4805 2064 4841 a

492 4861 809 4929 sapientibus
838 4873 887 4916 et
924 4865 1291 4932 prudentibus,
1323 4879 1371 4922 et
1414 4871 1657 4925 revelasti
1701 4890 1765 4927 ea
1802 4878 2058 4943 parvulis.

496 4952 601 5017 Ita,
631 4953 814 5017 Pater,
844 4958 1089 5025 quoniam
1109 4959 1183 5012 sic
1214 4960 1315 5028 fuit
1343 4961 1597 5031 placitum
1619 4975 1738 5019 ante
1761 4975 1827 5021 te.
1865 4968 2061 5023 Omnia

493 5047 618 5099 mihi
649 5047 847 5100 tradita
894 5058 1015 5102 sunt
1044 5068 1077 5104 a
1114 5050 1296 5115 Patre,
1348 5064 1397 5107 et
1444 5072 1594 5110 nemo
1646 5059 1788 5112 novit
1820 5062 1936 5129 quis
1984 5072 2064 5117 est

497 5135 667 5191 Filius
704 5138 805 5191 nisi
858 5136 1036 5203 Pater,
1076 5150 1125 5194 et
1150 5143 1266 5210 quis
1305 5153 1379 5196 est
1413 5143 1577 5200 Pater
1609 5148 1711 5201 nisi
1732 5146 1907 5201 Filius
1930 5193 1945 5217 ,
2013 5160 2064 5206 et

496 5228 578 5280 cui
620 5228 841 5282 voluerit
883 5227 1057 5285 Filius
1118 5234 1345 5287 revelare
1373 5235 1440 5286 9".
1491 5267 1558 5276 ——
1592 5234 1660 5288 In
1712 5238 1937 5293 consilio
1976 5238 2067 5308 ju-

497 5330 695 5374 stornm
755 5332 804 5376 et
844 5325 1263 5396 congregatione.
1334 5325 1533 5396 Magna
1592 5344 1751 5397 opera
1821 5330 2064 5397 Domini,

510 5416 773 5484 exquisita
832 5418 885 5471 in
932 5435 1107 5473 omnes
1162 5420 1456 5476 voluntates
1503 5422 1637 5492 ejus.
1696 5423 1814 5478 Non
1871 5441 2065 5495 pravo-

2168 3238 2463 3309 παρίστησι
2515 3237 2588 3308 μὴ
2644 3236 2731 3290 διὰ
2774 3236 3069 3309 ψαλτηρίου
3124 3239 3373 3309 εἰρῆσθαι
3412 3239 3480 3293 τὰ
3516 3242 3734 3311 προκεί-

2170 3345 2325 3396 μενα,
2364 3328 2496 3397 μηδὲ
2534 3327 2676 3398 ᾠδῆς
2722 3328 2939 3397 ἐπέχειν
2967 3327 3151 3386 τόπον.
3184 3326 3317 3380 ἀλλὰ
3350 3328 3482 3397 μηδὲ
3508 3345 3735 3400 προσευ-

2166 3420 2286 3489 χῆς,
2339 3420 2471 3491 μηδέ
2514 3436 2657 3482 τινος
2706 3419 2814 3471 τῶν
2862 3418 3036 3472 ἄλλων
3076 3418 3443 3489 προγραφῶν,
3499 3415 3642 3474 εἶναι
3686 3420 3737 3473 δὲ

2169 3512 2369 3582 ὕμνους
2434 3510 2913 3582 εὐχαριστηρίους·
2970 3510 3050 3562 διὸ
3118 3510 3211 3562 καὶ¹
3280 3510 3738 3582 ἐπιγεγραμμένοι

2168 3602 2323 3663 εἰσὶν,
2384 3601 2766 3667 Ἀλληλούὶα,
2821 3600 2957 3670 ὅπερ
3007 3598 3473 3670 μεταϐαλλόμενον
3524 3601 3606 3663 εἰς
3646 3602 3739 3669 τὴν

2181 3693 2402 3746 Ἐλλάδα
2461 3692 2644 3763 φωνὴν
2670 3692 2842 3745 αἶνον
2859 3691 3007 3745 Θεοῦ
3053 3692 3323 3762 σημαίνει.
3355 3691 3739 3762 Ἐξομολογή-

2167 3786 2348 3854 (royal
2384 3802 2502 3847 σοι,
2534 3785 2725 3852 Κύριε,
2763 3785 2833 3837 ἐν
2880 3783 2991 3852 ὅλῃ
3025 3783 3235 3851 καρδίᾳ
3254 3802 3395 3852 μου,
3419 3784 3488 3837 ἐν
3539 3782 3740 3853 ,ϐουλῇ

2166 3880 2386 3953 εῠθέῳν
2432 3881 2529 3933 καὶ
2581 3877 2925 3947 συναγωγῇ.
2949 3877 3194 3947 Μεγάλη
3226 3878 3297 3930 τὰ
3330 3875 3475 3945 ἔργα
3502 3876 3741 3944 Καρίου,

2167 3970 2560 4040 ἐξεζητημένα
2597 3972 2682 4035 εἰς
2713 3969 2907 4022 πάντα
2934 3972 3004 4022 τὰ
3041 3967 3346 4036 θελήματα
3372 3967 3579 4021 αὑτοῦ.
3621 3965 3740 4031 Ἐξ-

2168 4064 2534 4132 ομολόγησις
2586 4061 2680 4113 καὶ
2705 4058 3187 4129 μεγαλοπρέπεια
3230 4059 3295 4110 τὸ
3333 4058 3511 4127 ἔργον
3535 4057 3741 4122 αὑτοῦ,

2167 4154 2263 4205 καὶ
2292 4155 2329 4219 ἢ
2355 4152 2706 4218 δικαιοσύνη
2738 4150 2922 4205 αὑτοῦ
2957 4149 3123 4219 μένει
3160 4152 3247 4215 εἱς
3270 4148 3375 4201 τὸν
3400 4148 3583 4203 αἰῶνα
3640 4149 3744 4204 τοῦ

2166 4243 2401 4308 αἰῶνος.
2437 4242 2647 4314 Σφόδρα
2671 4242 2729 4294 δὲ
2764 4241 3072 4304 ἀκολούθως
3102 4241 3237 4312 μετὰ
3266 4241 3362 4312 τὴν
3393 4242 3745 4295 ἀποδοθεῖσαν

2169 4334 2296 4405 περὶ
2342 4332 2436 4385 τοῦ
2471 4333 2719 4403 Σωτῆρος
2749 4331 2906 4402 ήμῶν
2946 4333 3281 4403 προφητείαν
3334 4334 3746 4404 εὐχαριστήριος

2170 4424 2334 4495 ὕμνος
2348 4423 2434 4477 διὰ
2464 4423 2570 4476 τῶν
2586 4424 2960 4494 προκειμένων
2992 4426 3338 4487 συνάπτεται,
3370 4426 3431 4476 ὲκ
3457 4426 3745 4495 προσώπου

2167 4515 2490 4587 λελεγμένος
2523 4514 2687 4568 αὐτοῦ
2734 4515 2827 4568 τοῦ
2868 4516 3137 4588 Σωτῆρος,
3171 4517 3621 4588 εὐχαριστοῦντος
3671 4518 3748 4589 τῷ

2170 4606 2362 4661 ἑαυτοῦ
2379 4609 2554 4678 Πατρὶ
2576 4607 2668 4659 ἐπὶ
2683 4609 2748 4678 τῇ
2778 4607 2996 4661 πάντων
3019 4607 3129 4661 τῶν
3156 4606 3460 4679 ἀνθρώπων
3484 4611 3747 4681 σωτηρία.

2184 4699 2248 4751 Ἠ
2275 4699 2381 4770 γὰρ
2406 4698 2788 4769 ἐξομολόγησίς
2806 4700 2919 4751 ἐστι
2943 4699 3040 4769 μὲν
3059 4699 3146 4751 ὅτε
3174 4698 3317 4752 κατὰ
3330 4700 3429 4770 τὴν
3465 4700 3747 4771 συνήθειαν

2168 4792 2267 4862 τῆς
2312 4792 2536 4863 Γραφῆς
2578 4791 2861 4863 ἁμαρτιῶν
2906 4791 3195 4862 ὁμολογίαν
3225 4792 3501 4862 σημαίνει,
3534 4792 3653 4845 ἔστι
3694 4793 3746 4846 δὲ

2167 4883 2254 4936 ὅτε
2274 4884 2626 4954 εὐχαριστίαν
2659 4884 3002 4955 παρίστησιν.
3020 4883 3229 4937 Αὐτίκα
3244 4885 3289 4937 δ’
3312 4880 3405 4938 οὖν
3430 4886 3487 4937 ὲν
3507 4885 3747 4955 Εὐαγγε-

2167 4974 2300 5037 λίοις
2319 4974 2480 5038 αὐτὸς
2499 4976 2528 5028 ὁ
2549 4976 2905 5048 Σωτὴρήμῶν
2925 4975 3091 5044 λέγει’
3112 4974 3610 5045 Ἐξομολογοῦμαί
3630 4991 3748 5039 σοι,

2168 5065 2378 5134 Πάτερ,
2415 5067 2591 5134 Κύριε
2623 5069 2728 5122 τοῦ
2779 5069 3038 5137 οὐρανοῦ
3064 5068 3159 5122 καὶ
3193 5067 3302 5136 τῆς
3333 5066 3471 5137 γῆς,
3499 5067 3588 5121 ὅτι
3643 5069 3746 5122 ἀπ-

2169 5156 2439 5225 έκρυψας
2470 5159 2656 5213 ταῦτα
2680 5159 2797 5214 ἀπὸ
2823 5160 3031 5230 σοφῶν
3060 5161 3155 5213 καὶ
3178 5159 3473 5223 συνετῶν,
3512 5158 3611 5213 καὶ
3638 5160 3745 5213 ἀπ-

2170 5248 2482 5317 εκάλυψας
2497 5252 2649 5305 αὐτὰ
2672 5253 2928 5320 νηπίοις.
2964 5252 3097 5317 Ναὶ,
3132 5255 3163 5306 ὁ
3192 5250 3416 5319 Πατὴρ,
3446 5249 3534 5303 ὅτι
3560 5250 3744 5315 οὕτω(

2171 5340 2407 5411 ἐγένετο
2434 5342 2676 5397 εὐδοκία
2706 5342 3045 5411 ἔμπροσθέν
3058 5358 3193 5397 σου.
3223 5342 3425 5396 Πάντα
3451 5340 3745 5409 παρεδόθη

2164 5450 2267 5501 μοι
2318 5432 2437 5487 ὑπὸ
2480 5434 2585 5488 τοῦ
2639 5435 2891 5503 Πατρός,
2944 5436 3045 5490 καὶ
3092 5436 3291 5501 οὐδεὶς
3329 5434 3605 5504 γινώσκει
3660 5436 3743 5500 τίς

501 5523 615 5562 rum
658 5518 710 5563 et
755 5526 1131 5579 perversorum
1180 5514 1459 5581 virorum;
1516 5514 1610 5571 sed
1658 5517 1951 5586 probaram
2011 5527 2062 5573 et

2168 5524 2386 5578 ἐστινό
2417 5525 2547 5591 Υἱὸς
2566 5528 2616 5580 εὶ
2637 5525 2721 5596 μὴ
2739 5530 2772 5581 ὁ
2799 5527 3019 5596 Πατὴρ,
3052 5529 3150 5583 καὶ
3175 5528 3265 5593 τίς
3292 5528 3462 5581 ἐστιν
3484 5530 3518 5581 ό
3547 5526 3743 5595 Πατὴρ

502 5605 765 5656 rectarum
791 5602 1116 5669 animarum,
1152 5606 1449 5675 gratiarum
1486 5610 1761 5665 actionum
1802 5610 2059 5680 hymnum

2170 5618 2220 5668 εἰ
2250 5615 2332 5685 μὴ
2376 5620 2408 5670 d
2433 5618 2580 5685 Υἱὸς,
2618 5619 2715 5673 καὶ
2758 5612 2805 5685 ᾧ
2843 5620 2950 5674 ἐὰν
2971 5620 3273 5690 βούληται
3303 5622 3335 5673 ό
3359 5617 3489 5684 Υἱὸς
3518 5616 3742 5673 ἀποκα-

574 5757 618 5797 "
649 5756 783 5814 Luc.
820 5774 890 5826 ι,
926 5759 1022 5826 21,
1057 5760 1145 5815 2'2.
1226 5752 1227 5755 “
