3992 6404
262 436 400 492 1545
1420 432 1929 490 COMMENTARIA
1963 432 2031 490 IN
2068 432 2413 494 PSALMOS.
3375 443 3515 498 i546

247 550 462 617 λύψαι.
503 547 600 600 Ἐν
621 545 826 617 βουλῇ
854 545 972 601 τῶν
990 548 1174 618 ἁγίων
1199 547 1297 602 καί
1342 547 1684 621 συναγωγῇ.
1716 552 1833 604 Με-

1964 549 2034 605 ibi
2059 549 2209 606 Patri
2240 565 2364 606 meo
2396 550 2644 606 reddam.
2691 550 2792 610 His
2832 566 3002 624 porro
3031 552 3302 625 signiﬁcat
3333 553 3527 612 Eccle-

249 640 406 709 γάλα
434 639 508 694 τὰ
539 638 685 709 ἔργα
716 640 959 708 Κυρίου,
991 639 1389 709 ἐξεζητημένα
1411 642 1496 707 εἰς
1519 640 1716 695 πάντα
1758 642 1832 696 τὰ

1968 644 2073 697 iam
2100 643 2220 714 ejus
2252 645 2429 714 gratia
2454 661 2552 715 per
2599 652 2778 700 totum
2821 646 3010 702 orbem
3054 647 3369 715 fundatam;
3400 664 3527 704 eon—

248 733 553 803 θελήματα
585 731 792 786 αὐτοῦ.
829 732 1023 785 Οὐκέτι
1058 732 1285 785 σκολιῶν
1317 731 1528 801 ἀνδρῶν
1566 732 1686 786 οὐδὲ
1717 732 1832 786 δια-

1969 738 2118 792 ilium
2155 746 2339 795 autem
2383 750 2659 795 rectorum
2699 742 2917 797 vocavit
2945 743 3170 798 ordines
3200 757 3426 797 suorum
3468 743 3523 798 in

251 827 517 897 στρόφων,
545 824 663 879 ἀλλ’
690 823 913 893 ἀγαθῶν
934 824 1026 877 καὶ
1054 822 1276 877 εὐθειῶν
1314 822 1503 893 ψυχῶν
1539 823 1631 877 τὸν
1672 825 1834 895 εὐχα-

1964 830 2183 887 Εοοίθείο
2203 840 2559 899 sanctorum;
2584 833 3061 904 congregationem
3092 849 3242 897 vero,
3272 833 3524 889 ordinem

251 918 529 991 ριστήριον
555 915 726 988 ὕμνον
752 916 910 970 δώσω
925 930 1006 969 σοι
1036 914 1116 987 τῷ
1140 915 1377 986 ἐμαυτοῦ
1411 916 1605 986 Πατρί.
1634 916 1834 988 Σημαί-

1964 923 2170 978 ιιιθιιυιιι
2196 932 2322 994 post
2356 924 2652 979 consilium
2689 932 2970 980 rectorum
3002 933 3304 994 nuncupat,
3350 926 3443 995 qui
3467 926 3525 979 in

249 1026 329 1063 νει
360 1010 417 1064 δὲ
461 1009 551 1064 διὰ
589 1009 797 1063 τούτων
848 1007 952 1080 τὴν
985 1007 1107 1062 καθ’
1161 1006 1292 1079 ὅλης
1346 1006 1447 1077 τῆς
1507 1008 1833 1079 οἰκουμένης

1964 1008 2188 1067 Ecclesia
2205 1013 2327 1083 ejus
2349 1014 2581 1068 alterum
2610 1014 2897 1069 constituit
2913 1015 3280 1070 multitudinis
3296 1022 3519 1070 coetum.

251 1102 559 1169 ἱδρυθεῖσαν
594 1102 685 1156 διὰ
744 1104 844 1174 τῆς
896 1102 1061 1156 αὐτοῦ
1110 1102 1331 1174 χάριτος
1382 1102 1730 1174 Ἐκκλησίαν.
1786 1105 1992 1175 Βουλὴν
2031 1107 2087 1160 δὲ
2122 1107 2325 1162 εύθέων
2347 1108 2599 1180 ὠνόμασε
2660 1110 2728 1164 τὰ
2760 1110 3016 1182 τάγματα
3049 1110 3159 1165 τῶν
3196 1114 3254 1165 ὲν
3289 1113 3357 1182 τῇ
3404 1112 3526 1163 Ἐκ-

250 1199 451 1271 κλησίᾳ
484 1198 649 1253 αὑτοῦ
709 1199 902 1268 ἁγίωνο
942 1198 1265 1270 συναγωγὴν
1310 1199 1369 1253 δὲ
1420 1198 1673 1270 δεύτερον
1706 1200 1895 1269 τάγμα
1949 1203 2088 1273 μετὰ
2139 1202 2240 1274 τὴν
2287 1204 2481 1275 βουλὴν
2520 1204 2627 1260 τῶν
2671 1205 2873 1260 εύθέων
2921 1205 3198 1277 σημαίνει,
3251 1206 3312 1259 τὸ
3355 1207 3413 1258 ὲν
3456 1207 3524 1276 τῇ

264 1294 560 1367 Ἐκκλησία
589 1293 756 1350 αὑτοῦ
784 1294 1036 1367 δεύτερον
1063 1294 1157 1348 τοῦ
1174 1294 1411 1375 πλήθους
1436 1295 1730 1367 ἄθροισμα.

335 1409 800 1480 Ἐξομολόγησις
829 1409 927 1462 καί
951 1406 1429 1478 μεγαλοπρέπεια
1456 1408 1520 1461 τὸ
1540 1408 1719 1479 ἔργον
1732 1410 1838 1463 αὐ-

2015 1406 2187 1463 Vsns.
2221 1408 2380 1463 4-10.
2414 1408 2690 1477 Confessio
2721 1417 2772 1463 et
2798 1411 3193 1481 magniﬁcentia
3230 1426 3357 1480 opus
3388 1412 3525 1482 ejus,

251 1502 378 1567 τοῦ,
409 1504 506 1556 καί
542 1503 581 1571 η
621 1501 973 1569 δικαιοσύνη
1005 1502 1193 1556 αὑτοῦ
1215 1502 1384 1571 μένει
1412 1503 1499 1567 εἰς
1524 1500 1631 1555 τὸν
1651 1500 1839 1555 αἰῶνα

1964 1510 1993 1554 ει
2028 1501 2245 1573 justitia
2276 1502 2390 1571 ejus
2420 1515 2595 1557 manet
2622 1504 2675 1557 in
2700 1504 2956 1558 swculum
2984 1505 3187 1559 sazculi.
3213 1502 3528 1560 Memoriam

252 1597 358 1651 τοῦ
407 1594 640 1661 αἰῶνος.
687 1594 915 1648 Μνείαν
952 1593 1279 1661 ἐποιήσατο
1336 1594 1456 1648 τῶν
1486 1596 1838 1666 θαυμασίων

1964 1595 2068 1649 'ecit
2094 1594 2426 1649 mirabilium
2456 1612 2675 1650 suorum
2706 1596 3003 1651 misericors
3042 1605 3092 1650 et
3116 1598 3396 1652 miserator
3425 1597 3531 1652 D0-

252 1689 459 1744 αὺτοῦο
495 1686 768 1757 ἐλεήμων
799 1686 898 1743 καὶ
934 1687 1250 1757 οἰκτίρμων
1276 1692 1309 1743 ὁ
1329 1691 1564 1758 Κύριος,
1608 1688 1840 1759 τροφὴν

1964 1686 2141 1746 uinus,
2169 1701 2342 1741 escam
2362 1686 2509 1740 dedit
2541 1687 2849 1741 timentibus
2883 1704 2956 1741 se.
2984 1685 3191 1742 Memor
3219 1688 3319 1741 erit
3346 1690 3399 1742 in
3424 1705 3529 1743 sa?—

254 1778 439 1833 ἒδωκε
461 1777 586 1844 τοῖς
615 1776 1010 1847 φοϐουμένοις
1038 1779 1241 1832 αὐτόν.
1290 1780 1723 1849 Μνησθήσεται
1753 1781 1841 1848 εἰς

1964 1779 2123 1832 :ulum
2153 1780 2453 1833 testamenti
2485 1780 2570 1833 sui
2597 1795 2616 1833 :
2644 1781 2889 1834 virtutem
2926 1796 3143 1849 operum
3183 1797 3402 1834 suorum
3432 1796 3531 1835 an-

255 1871 363 1924 τὸν
393 1869 577 1924 αἰῶνα
631 1869 924 1937 διαθήκης
967 1869 1175 1925 αὐτοῦ’
1220 1870 1404 1940 ἰσχὺν
1439 1871 1628 1941 ἔργων
1655 1872 1841 1927 αὐτοῦ

1964 1873 2209 1925 nuntiavit
2255 1871 2449 1941 populo
2498 1889 2631 1938 suo;
2662 1881 2719 1925 ut
2753 1872 2839 1926 det
2878 1872 2989 1926 illis
3016 1870 3377 1926 hereditatem
3405 1888 3531 1943 gen-

260 1916 344 1924 "‘"
394 1916 575 1924 ⁷“”“””⁷
634 1916 916 1937 ⁷⁷⁷’νἸ“’”Ι)
968 1916 1147 1925 ηνννν
1220 1916 1383 1940 *“¹ἠ“¹’
1439 1916 1608 1941 νδ¹ι“”
1655 1916 1835 1927 “V'VV

256 1962 573 2033 ἀνήγγειλε
597 1961 679 2027 τῷ
710 1960 837 2028 λαῷ
860 1963 1070 2031 αὐτοῦ,
1099 1963 1205 2017 τοῦ
1221 1962 1431 2018 δοῦναι
1463 1962 1668 2031 αὐτοῖς
1691 1968 1841 2032 κλη-
1870 1916 1916 1969 Β

256 2054 541 2124 ρονομίαν
568 2050 778 2108 ἐθνῶν·
813 2053 957 2123 ἔργα
997 2051 1212 2124 χειρῶν
1233 2054 1420 2108 αὑτοῦ
1459 2053 1711 2121 ἀλήθεια
1743 2054 1841 2108 καί

257 2145 477 2213 κρίσις.
528 2144 742 2198 Πισταί
797 2142 988 2199 πᾶσαι
1043 2146 1104 2198 αἱ
1142 2144 1383 2199 ἐντολαὶ
1431 2145 1843 2217 αὐτοῦ,ἑστη-

258 2234 631 2305 ριγμέναιείς
654 2233 761 2288 τὸν
785 2234 971 2288 αἰῶνα
1018 2233 1126 2288 τοῦ
1179 2233 1413 2300 αἰῶνος,
1450 2236 1845 2305 πεποιημέναι

262 2328 333 2380 ἐν
358 2328 609 2396 ἀληθεία
636 2326 733 2381 καί
753 2327 1050 2396 εὐθύτητι.
1073 2328 1385 2396 Λύτρωσιν
1411 2327 1734 2382 ἀπέστειλε
1765 2328 1847 2395 τῷ

260 2419 388 2487 λαῷ
433 2420 643 2485 αὐτοῦ,
689 2420 1026 2474 ἐνετείλατο
1076 2421 1164 2486 εἰς
1211 2419 1318 2474 τὸν
1339 2419 1525 2473 αἰῶνα
1555 2420 1848 2490 διαθήκην

260 2513 466 2571 αὐτοῦ.
487 2515 695 2584 "Aler
712 2512 812 2565 καὶ
841 2511 1099 2582 φοϐερόν
1130 2510 1197 2565 τὸ
1230 2511 1416 2581 ὄνομα
1446 2511 1651 2566 αὐτοῦ’
1688 2512 1847 2583 ἀρχὴ

261 2608 483 2679 σοφίας
522 2607 704 2677 φόϐος
739 2606 988 2673 Κυρίου.
1020 2604 1269 2676 Μήποτε,
1301 2604 1427 2657 ἐπεὶ
1459 2606 1488 2658 ό
1514 2604 1849 2676 φοϐούμενος

261 2701 383 2755 οὔτε
398 2699 699 2766 τελείωται,
733 2699 767 2768 ἡ
807 2697 907 2768 μὲν
933 2696 1213 2768 εἰσαγωγὴ
1236 2695 1326 2749 διὰ
1357 2696 1522 2765 φόϐου
1549 2696 1849 2769 κατορθοῦ-

262 2813 370 2858 ται,
403 2793 467 2847 τὺ
502 2791 561 2846 δὲ
611 2791 763 2854 τέλος
792 2790 861 2843 δι’
885 2789 1139 2860 ἀγάπης;
1172 2789 1211 2857 ἡ
1256 2789 1366 2861 γὰρ
1411 2790 1613 2843 τελεία
1648 2789 1850 2860 ἀγάπη

263 2886 377 2951 ἐξω
397 2884 623 2951 ,βάλλει
649 2883 759 2937 τὸν
772 2884 978 2953 φόϐον.
1014 2879 1269 2944 Τοιοῦτος
1299 2880 1344 2934 δ’
1370 2881 1437 2935 ἂν
1456 2881 1540 2952 εἴη
1575 2884 1604 2935 ὁ
1635 2880 1695 2945 ἐξ
1724 2882 1852 2953 ὅλης

264 2977 488 3051 καρδίας
514 2976 610 3029 καὶ
640 2975 819 3047 ψυχῆς
838 2974 933 3027 καὶ¹
962 2973 1244 3044 δυνάμεως
1266 2972 1499 3042 ἀγαπῶν
1527 2971 1733 3043 Κύριον
1760 2972 1852 3026 τὸν

264 3069 415 3122 Θεόν.
445 3068 701 3132 Σύνεσις
724 3064 791 3119 δὲ
811 3064 1003 3136 ἀγαθὴ
1020 3064 1169 3119 πᾶσι
1186 3062 1308 3130 τοῖς
1332 3063 1616 3119 ποιοῦσιν
1636 3063 1850 3131 αὐτήν.

274 3160 337 3217 Ἠ
355 3161 590 3227 αἵνεσις
603 3158 788 3214 αὑτοῦ
816 3158 983 3228 μένει
1015 3159 1102 3223 εἰς
1132 3157 1241 3210 τὸν
1264 3156 1451 3210 αἰῶνα
1471 3156 1578 3211 τοῦ
1614 3155 1850 3223 αἰῶνος.

266 3255 422 3325 Rati}
458 3252 672 3316 σύνεσις
710 3251 833 3305 τότε
867 3249 1046 3321 ἀγαθὴ
1082 3249 1363 3321 τυγχάνει,
1396 3251 1484 3303 ὅτε
1509 3250 1693 3323 ἔργοις
1728 3251 1852 3303 ἐπι-

266 3345 517 3399 τελεῖταιο
552 3342 634 3395 διὸ
682 3341 784 3414 τὴν
809 3340 1025 3394 σύνεσιν
1078 3341 1178 3411 οὐχ
1222 3340 1408 3404 ἁπλῶς
1436 3342 1649 3413 ἀγαθὴν
1678 3337 1850 3404 εἶπεν,

268 3435 402 3489 ἀλλὰ
441 3436 576 3489 πᾶσι
607 3436 719 3498 τοῖς
758 3431 1003 3487 ποιοῦσιν
1056 3433 1247 3503 αὑτήν.
1287 3434 1349 3490 Ἠ
1399 3435 1631 3500 αἵνεσις
1664 3437 1852 3490 αὐτοῦ

269 3527 431 3596 μένει
454 3529 540 3592 εἰς
584 3526 689 3580 τὸν
720 3525 907 3580 αἰῶνα
945 3524 1055 3579 τοῦ
1100 3523 1337 3592 αἰῶνος.
1378 3526 1544 3591 Τέλος
1590 3526 1701 3599 γὰρ
1743 3526 1853 3581 τῶν

1945 1963 2077 2016 tium
2098 1978 2116 2015 :
2135 1978 2293 2033 opera
2316 1979 2569 2016 manuum
2589 1964 2703 2033 ejus
2725 1964 2919 2018 ueritas
2935 1972 2985 2016 et
2997 1962 3285 2032 judicium.
3320 1963 3533 2017 Fidelia

1946 2053 2125 2108 omnia
2150 2052 2408 2108 mandata
2434 2054 2574 2123 ejus,
2610 2056 2931 2124 confirmata
2953 2055 3008 2107 in
3035 2055 3290 2108 swculum
3322 2057 3529 2120 swculi,

1944 2145 2090 2214 facta
2106 2145 2160 2199 in
2176 2146 2394 2200 veritate
2405 2154 2455 2199 et
2474 2145 2738 2215 wquitate.
2756 2142 3173 2213 Rcdemptionem
3190 2144 3331 2197 misit
3342 2145 3533 2214 populo

1946 2254 2062 2303 suo,
2080 2237 2347 2291 mandavit
2364 2238 2421 2291 in
2439 2246 2695 2291 wternum
2715 2245 3082 2290 testamentum
3094 2234 3533 2291 suum.Sanctum

1945 2339 1995 2385 et
2033 2329 2265 2384 terribile
2298 2347 2486 2384 nomen
2516 2329 2634 2398 ejus
2663 2344 2681 2382 :
2709 2331 2915 2383 initium
2950 2329 3224 2399 sapientia:
3249 2329 3407 2381 timor
3431 2328 3534 2382 Do-

1948 2423 2101 2477 mini.
2133 2422 2277 2476 Num
2301 2421 2463 2487 forte,
2498 2423 2761 2494 quoniam
2792 2422 2886 2494 qui
2922 2421 3076 2477 timet
3117 2438 3226 2476 non
3257 2420 3536 2493 perfectus

1949 2523 2056 2579 est,
2119 2515 2360 2570 initiatio
2414 2531 2514 2587 per
2568 2516 2841 2581 timorem,
2889 2515 3294 2571 consummatio
3329 2530 3427 2584 per
3451 2514 3536 2569 di-

1950 2604 2242 2660 lectionem
2263 2604 2676 2661 eﬂieitur?Nam
2698 2606 2928 2675 perfecta
2946 2604 3179 2658 charitas
3203 2604 3349 2674 foras
3377 2604 3538 2658 mittit

1952 2695 2196 2749 timorem
2226 2697 2295 2749 ".
2350 2695 2505 2752 Talis
2567 2706 2751 2753 autem
2808 2694 2975 2751 fuerit
3014 2697 3267 2767 quisquis
3310 2712 3376 2751 ex
3422 2703 3539 2752 toto

1953 2785 2140 2853 corde,
2179 2793 2294 2840 tota
2325 2788 2506 2841 anima
2548 2796 2603 2843 et
2656 2787 2857 2842 virtute
2889 2785 3179 2841 Dominum
3218 2784 3388 2841 Deum
3422 2785 3540 2841 dili-

1951 2880 2048 2951 git.
2087 2878 2393 2935 Intellectus
2420 2880 2583 2935 bonus
2618 2880 2856 2935 omnibus
2892 2880 3205 2949 facientibus
3226 2897 3367 2935 eum.
3394 2877 3540 2935 Lau-

1953 2972 2100 3025 datio
2140 2972 2254 3042 ejus
2295 2982 2469 3027 manet
2500 2974 2558 3027 in
2587 2974 2839 3027 sceculum
2864 2974 3067 3027 swculi.
3099 2971 3255 3028 Tunc
3278 2973 3422 3027 bona
3454 2972 3541 3028 in-

1957 3065 2255 3137 telligentia
2285 3073 2402 3133 est,
2437 3066 2661 3137 quando
2693 3065 2952 3136 operibus
2991 3067 3297 3136 completur
3329 3084 3343 3120 :
3369 3080 3545 3137 quare

1958 3173 2079 3213 non
2107 3157 2245 3212 dixit
2279 3165 2491 3213 tantum
2526 3158 2938 3229 intelligentiam
2970 3159 3205 3223 bonam,
3246 3158 3341 3213 sed
3374 3158 3541 3212 etiam

1955 3252 2213 3307 omnibus
2246 3249 2577 3307 facientibus
2608 3266 2751 3308 eam.
2807 3250 3075 3305 Laudatio
3117 3251 3231 3321 ejus
3271 3257 3446 3304 manet
3485 3250 3545 3301 in

1959 3345 2216 3401 saeculum
2244 3345 2446 3399 swculi.
2481 3343 2635 3401 Finis
2672 3344 2817 3400 enim
2849 3346 3129 3399 beatorum
3170 3351 3274 3407 est,
3304 3354 3366 3397 ut
3398 3343 3543 3413 apud

1961 3437 2131 3494 Deum
2157 3437 2289 3503 sint,
2324 3445 2378 3492 et
2404 3437 2510 3507 ipsi
2538 3436 2823 3506 assistant,
2863 3436 3076 3507 solique
3113 3436 3234 3507 ejus
3256 3435 3546 3507 tbeologiae

1960 3536 2016 3585 et
2047 3530 2195 3584 laudi
2223 3535 2440 3585 vacent.

274 3616 555 3689 μακαρίων
585 3616 647 3672 τὸ
677 3616 815 3690 πρὸς
860 3616 951 3671 τὸν
998 3616 1132 3670 Θεὸν
1172 3612 1332 3682 εῖναι,
1383 3617 1478 3671 καὶ
1516 3619 1854 3689 παρεστάναι
1914 3619 2084 3693 αὐτῷ,
2128 3622 2224 3677 καὶ
2254 3622 2393 3696 μόνῃ
2429 3622 2494 3693 τῇ
2542 3616 2707 3673 αὐτοῦ
2738 3617 2985 3690 θεολογίᾳ⁹
3028 3619 3124 3674 καὶ
3171 3618 3375 3674 αἰνέσει
3416 3634 3543 3689 σχοο

271 3706 477 3773 λάζειν.

786 3820 1210 3875 ΑΛΛΗΛΟΥΙΑ.
1251 3822 1399 3877 PIA'.

343 3911 644 3982 Μακάριος
691 3912 848 3981 ἀνὴρ
896 3916 929 3967 ό
973 3914 1346 3983 φοϐούμενος
1364 3915 1473 3968 τὸν
1521 3917 1763 3986 Κύριον,
1791 3919 1861 3973 ἐν

276 4007 403 4075 ταῖς
429 4004 702 4072 ἐντολαῖς
725 4003 911 4059 αὐτοῦ
941 4004 1187 4075 θελήσει
1214 4006 1470 4075 σφόδρα.
1495 4009 1765 4064 Δυνατὸν
1792 4011 1862 4065 ὲν

276 4097 351 4168 τῇ
380 4096 459 4168 τῇ
490 4096 661 4151 ἔσται
691 4094 760 4149 τὸ
791 4094 1030 4165 σπέρμα
1057 4093 1265 4160 αὐτοῦ,
1298 4094 1475 4165 γενεὰ
1506 4096 1730 4152 εὐθέων
1772 4100 1864 4152 εὐ-

278 4188 698 4261 λογηθήσεται.
736 4187 892 4253 Δόξα
928 4188 1028 4242 καί
1060 4188 1326 4256 πλοῦτος
1361 4190 1433 4244 ὲν
1467 4189 1547 4256 τῷ
1574 4192 1719 4259 οἴκῳ
1755 4195 1863 4247 αὺ-

278 4283 404 4349 τοῦ,
434 4282 535 4336 καί
577 4282 616 4351 ἠ
643 4280 995 4349 δικαιοσύνη
1021 4278 1209 4335 αὐτοῦ
1232 4280 1403 4351 μένει
1427 4282 1517 4349 εἰς
1547 4281 1655 4336 τὸν
1681 4282 1867 4338 αἰῶνα

279 4374 385 4430 τοῦ
423 4373 656 4440 αἰῶνος.
689 4372 876 4436 Οὕτως
903 4371 1059 4426 είωθε
1084 4371 1272 4427 καλεῖν
1305 4373 1483 4427 πάντα
1503 4372 1595 4428 τὸν
1617 4373 1677 4439 ἐξ
1697 4373 1866 4428 ὲθνῶν

280 4465 570 4538 προσιόντα
600 4462 679 4536 τῷ
710 4463 849 4535 Θεῷ.
872 4464 1208 4536 Παρίσταται
1232 4465 1290 4518 δὲ
1314 4465 1477 4520 τοῦτο
1506 4467 1615 4520 ἀπὸ
1662 4465 1757 4520 τοῦ
1784 4466 1862 4521 δι-

281 4558 626 4628 εσταλμένως
657 4557 797 4628 μετὰ
825 4557 916 4610 τὸν
933 4557 1148 4629 Ἰσραὴλ
1178 4559 1275 4612 καὶ
1301 4558 1439 4629 μετὰ
1467 4557 1558 4613 τὸν
1577 4554 1863 4615 οῖκονἈα-

284 4651 413 4723 ρὼν,
445 4649 537 4704 καὶ
573 4650 710 4721 μετά
738 4649 830 4703 τὸν
860 4645 1005 4703 οἷκον
1035 4649 1186 4715 Λευῖ,
1217 4650 1344 4713 τοὺς
1372 4650 1737 4722 φοϐουμένους
1773 4651 1865 4704 τὸν

283 4740 484 4813 Κύριον
518 4742 609 4793 ἐπὶ
637 4740 726 4794 τὸν
758 4739 926 4813 ὕμνον
953 4740 1049 4795 τοῦ
1084 4740 1220 4795 Θεοῦ
1247 4741 1548 4807 καλεῖσθαι,
1573 4743 1649 4806 ὡς
1674 4744 1732 4796 ὲν
1754 4743 1869 4796 ἐτέ-

286 4849 398 4906 ροις
425 4831 662 4904 εἴρηται.
700 4834 858 4897 Τίνες
888 4834 997 4907 γὰρ
1029 4835 1095 4889 ἂν
1124 4830 1234 4889 εἷεν
1275 4835 1413 4907 μετὰ
1435 4835 1657 4899 τούτους
1693 4837 1743 4889 οἱ
1776 4853 1870 4906 φο-

284 4924 536 4996 ϐούμενοι
558 4924 650 4978 τὸν
677 4925 882 4997 Κύριον
907 4928 1023 4981 ἀλλ’
1053 4927 1086 4999 ἢ
1109 4928 1159 4981 οί
1185 4927 1244 4992 ἐξ
1265 4927 1435 4983 ἐθνῶν
1466 4927 1757 4998 ἀλλόφυλοι
1780 4930 1872 4983 καὶ

2481 3820 2847 3877 ALLELUIA.
2886 3818 3023 3876 CXI.

2042 3912 2203 3971 Vens.
2240 3916 2354 3970 1-5.
2411 3912 2609 3969 Beatus
2663 3914 2742 3967 vir
2799 3914 2889 3984 qui
2938 3914 3087 3967 timet
3134 3910 3441 3981 Dominum,
3490 3916 3550 3971 in

1967 4005 2237 4061 mandatis
2259 4004 2372 4073 ejus
2401 4003 2536 4058 volet
2574 4002 2752 4056 nimis.
2782 4000 2976 4055 Potens
2998 4003 3055 4055 in
3086 4011 3227 4056 terra
3253 4007 3353 4058 erit
3374 4022 3548 4061 semen

1965 4101 2102 4170 ejus,
2144 4097 2410 4168 generatio
2442 4104 2705 4150 rectorum
2734 4093 3086 4149 benedicatur.
3144 4093 3330 4151 Gloria
3367 4108 3417 4152 et
3463 4097 3549 4153 di-

1964 4190 2107 4245 vitiae
2140 4190 2195 4243 in
2216 4188 2374 4241 domo
2407 4187 2544 4257 ejus,
2568 4196 2617 4241 et
2641 4186 2857 4270 justitia
2879 4184 2994 4249 eius
3016 4196 3190 4240 manet
3212 4188 3267 4241 in
3294 4188 3548 4243 strculum

1966 4285 2173 4341 saeculi.
2227 4284 2309 4339 Ita
2345 4285 2485 4341 solet
2534 4282 2808 4353 appellare
2840 4296 3035 4337 omnes
3063 4282 3157 4354 qui
3192 4298 3259 4337 ex
3293 4283 3553 4354 gentibus

1979 4379 2047 4433 ad
2101 4377 2271 4433 Deum
2301 4375 2588 4431 accedunt.
2612 4374 2670 4428 Id
2691 4379 2822 4429 v‘ero
2849 4373 3159 4429 declaratur
3186 4389 3252 4429 ex
3280 4390 3366 4440 eo,
3402 4376 3550 4446 quod

1967 4469 2228 4526 distincte
2265 4475 2387 4540 post
2418 4466 2696 4530 lsraelem,
2728 4474 2854 4536 post
2902 4464 3125 4521 domum
3178 4464 3435 4535 Aaronis,
3495 4476 3549 4523 et

1968 4569 2096 4634 post
2123 4561 2345 4617 domum
2393 4557 2545 4624 Levi,
2584 4558 2841 4613 timentes
2867 4556 3154 4611 Dominum
3185 4556 3253 4610 ad
3287 4557 3549 4629 hymnum

1968 4653 2066 4708 Dei
2094 4659 2483 4723 provocentur,
2520 4655 2581 4703 ut
2625 4647 2755 4702 alibi
2800 4647 3021 4701 dicitur.
3082 4643 3211 4700 Post
3245 4645 3368 4700 illos
3405 4647 3549 4701 enim

1964 4745 2189 4816 quinam
2222 4740 2301 4796 illi
2334 4739 2623 4793 Dominum
2653 4737 2908 4792 timentes
2940 4750 3062 4790 esse
3087 4743 3329 4805 possent,
3356 4736 3463 4790 nisi
3486 4752 3550 4791 ex

1967 4836 2224 4910 gentibus
2275 4832 2547 4905 peregrini
2575 4838 2631 4887 et
2659 4828 3020 4899 alienigenae?
3047 4826 3234 4896 Itaque
3266 4828 3317 4880 in
3343 4828 3557 4896 psalmo

1970 4946 2132 5001 quem
2165 4933 2488 4989 tractamus,
2516 4939 2627 4978 non
2661 4923 2805 4978 alius
2836 4921 2998 4976 fuerit
3032 4920 3267 4989 populus
3298 4920 3393 4989 qui
3421 4920 3553 4975 bea—

284 5016 628 5086 ἀλλογενεῖς;
662 5017 871 5071 Οὐκοῦν
920 5021 979 5073 ὲν
1014 5019 1092 5090 τῷ
1126 5021 1263 5092 μετὰ
1315 5023 1504 5092 χεῖρας
1542 5020 1743 5093 ψαλμῷ
1774 5023 1859 5075 οὐ)

1969 5032 2061 5078 tus
2088 5020 2438 5093 prazdicatur,
2467 5016 2536 5071 ab
2564 5030 2632 5071 eo
2661 5016 2753 5085 qui
2784 5030 2851 5069 ex
2878 5012 3136 5084 gentibus
3159 5010 3227 5065 ad
3257 5009 3428 5065 Deum
3456 5027 3551 5065 ac-

288 5109 445 5173 ἄλλος
475 5125 559 5173 τις
581 5108 647 5162 ἂν
670 5111 756 5180 είη
782 5112 810 5165 ό
838 5111 1275 5184 μακαριζόμενος
1304 5113 1398 5166 τοῦ
1428 5113 1485 5180 ἐξ
1506 5113 1675 5168 ἐθνῶν
1700 5132 1871 5186 προσ-

287 5200 606 5273 εληλυθότος
638 5200 715 5273 τῷ
746 5201 864 5272 Θεῷ
893 5201 1024 5256 λαοῦ
1043 5221 1056 5233 ·
1085 5205 1267 5259 ὅντινα
1311 5205 1569 5275 ὀνομάζει
1611 5206 1872 5278 φοϐούμε-

245 5288 249 5293 ’
288 5309 377 5348 νον
404 5292 495 5347 τὸν
516 5292 740 5365 Κύριον.
766 5294 841 5348 Oi)
870 5294 974 5365 μὴν
1002 5294 1105 5367 ἤδη
1134 5314 1236 5350 που
1267 5298 1534 5367 μακάριος
1557 5299 1585 5351 ό
1609 5296 1879 5380 τοιοῦτος’

291 5385 340 5437 εἰ
372 5383 447 5455 μὴ
478 5384 572 5437 καὶ
592 5382 654 5436 τὸ
678 5384 805 5456 ἑξῆς
833 5385 1012 5439 αὐτῶν
1039 5389 1301 5441 ἐποιεῖτοο
1330 5388 1575 5441 τουτέστι
1597 5390 1658 5442 τὸ
1682 5391 1739 5442 ὲν
1762 5393 1883 5455 ταῖς

293 5478 534 5540 ἐντολαῖς
575 5477 739 5531 αὐτοῦ
778 5478 952 5535 θέλειν
984 5480 1208 5552 σφόδρα,
1243 5481 1500 5551 ἀσφαλῶς
1527 5482 1583 5535 δὲ
1616 5482 1679 5535 τὸ
1711 5481 1882 5535 θέλειν

293 5567 574 5639 κέκτηται,
613 5567 687 5630 ὡς
728 5568 793 5621 ἂν
825 5570 900 5640 μὴ
930 5571 1235 5640 ἐπάναγκες
1262 5572 1396 5643 μηδὲ
1435 5573 1587 5644 παρὰ
1620 5572 1879 5644 προαίρεο·

297 5677 383 5714 σιν
424 5659 741 5729 φυλάττοιτό
773 5678 855 5725 τις
887 5661 985 5726 τὰς
1026 5665 1264 5730 ἐντολὰς,
1301 5665 1417 5719 ἀλλ’
1452 5664 1752 5736 ἐθελοντὴς,
1783 5667 1879 5718 καὶ

1975 5112 2143 5170 cessit
2177 5130 2191 5165 :
2224 5124 2387 5182 quem
2422 5107 2663 5178 appellat
2691 5105 2976 5159 timentem
3009 5101 3325 5157 Dominum.
3368 5100 3560 5171 Neque

1978 5213 2161 5260 tamen
2204 5202 2296 5257 ille
2328 5200 2513 5256 statim
2560 5198 2779 5261 beatus,
2830 5195 2939 5251 nisi
2976 5208 3099 5265 quae
3143 5201 3451 5263 sequuntur
3481 5194 3555 5247 fe-

1984 5295 2161 5361 cerit;
2212 5292 2267 5347 id
2299 5299 2383 5345 est
2414 5298 2472 5343 ut
2502 5287 2758 5343 mandata
2790 5286 2911 5356 ejus
2939 5285 3096 5341 valde
3122 5285 3330 5355 cupiat,
3366 5299 3430 5337 ac
3464 5300 3555 5338 vo-

1985 5389 2252 5442 luntatem
2283 5380 2511 5436 ﬁrmiter
2562 5386 2775 5446 teneat;
2806 5392 2908 5432 nec
2940 5384 3191 5440 coactus,
3243 5384 3337 5428 aut
3365 5382 3555 5443 praeter

1985 5474 2154 5531 animi
2194 5470 2448 5527 affectum
2503 5467 2761 5522 mandata
2810 5466 3104 5531 custodiat,
3148 5465 3246 5522 sed
3300 5465 3475 5520 libens
3508 5473 3557 5519 et

1985 5584 2110 5624 cum
2152 5564 2436 5620 alacritate
2489 5560 2911 5630 complectatur,
2971 5574 3037 5612 ac
3092 5559 3310 5614 sincere
3370 5558 3555 5629 diligat

1984 5661 2369 5716 mandatorum
2398 5655 2494 5709 Dei
2530 5653 2993 5709 observationem.

301 5753 441 5828 μετά
468 5754 562 5808 τοῦ
597 5755 845 5826 στέργειν
880 5758 975 5811 σὺν
1017 5759 1166 5834 πάσῃ
1208 5760 1484 5833 προθυμίᾳ
1514 5760 1608 5815 καὶ
1634 5759 1872 5832 γνησίως
1902 5756 2118 5828 ἀγαπᾷν
2151 5754 2248 5825 τὴν
2273 5752 2380 5807 τῶν
2404 5748 2632 5806 ἐντολῶν
2653 5747 2746 5801 τοῦ
2776 5745 2911 5801 Θεοῦ
2942 5744 3203 5817 φυλακήν.

371 5912 417 5943 ’⁵
456 5908 475 5962 ι
507 5907 664 5965 Joan.
699 5927 772 5972 tv.
810 5911 897 5966 18.
