3992 6404
1133 407 1404 466 EUSEBII
1442 407 1921 467 CIESARIENSIS
1956 408 2106 466 OPP.
2150 409 2331 465 PARS
2368 409 2455 466 lli.
2497 441 2567 452 -
2605 409 3018 467 EXEGETICA.

2242 526 2649 591 Ἐξανέτειλεν
2670 528 2740 581 ἐν
2767 529 2971 581 σκότει
2999 527 3123 596 φῶς
3157 527 3279 593 τοῖς
3298 527 3566 590 ἐύθέσιν,
3584 528 3783 594 ἐλεή-

2153 634 2284 686 μων
2334 615 2433 669 καὶ
2475 617 2789 685 οἰκτίρμων
2814 617 2910 670 καὶ
2942 616 3191 683 δίκαιος.
3211 617 3267 670 Ὀ
3303 616 3781 688 μακαριζόμενος

497 407 627 464 1547

556 522 725 581 Vitas.
758 522 877 577 4-6.
916 523 1170 578 Exortum
1202 534 1279 579 est
1318 527 1372 580 in
1400 524 1626 580 tenebris
1662 527 1832 581 lumen
1874 528 2052 592 rectis,
2085 534 2131 591 Α

494 617 784 671 misericors
807 627 855 671 et
881 619 1162 673 miserator
1179 630 1227 673 et
1242 619 1445 688 justus.
1501 620 1551 674 ls
1574 620 1666 689 qui
1692 621 1881 675 beatus
1917 634 2055 690 prae-

492 708 722 773 dicatur,
756 710 1037 780 proprium
1080 711 1265 767 lumen
1321 728 1429 767 non
1476 712 1699 776 deserit,
1753 712 2058 767 doctrinam

492 814 642 855 suam
672 818 781 856 non
817 802 1097 866 omnibus,
1128 803 1224 857 sed
1268 805 1434 858 rectis
1468 804 1669 858 exoriri
1715 801 1943 867 faciens,
1994 818 2058 858 ac

490 903 668 949 lumen
702 894 1029 966 cognitionis
1071 895 1220 951 intus
1282 895 1338 950 in
1402 904 1676 951 rectorum
1710 897 2058 967 generatione

488 986 753 1056 praebens,
774 1002 838 1042 ac
868 996 1046 1044 rectos
1077 989 1412 1045 illuminans.
1434 990 1710 1045 Jucundus
1737 991 1815 1044 vir
1834 991 1924 1061 qui
1957 990 2056 1042 mi-

487 1087 685 1132 seretur
725 1088 775 1133 et
802 1078 1119 1134 commodat.
1144 1078 1264 1134 Non
1297 1081 1538 1136 occludit
1572 1081 1780 1136 viscera
1808 1094 1929 1143 sua,
1959 1078 2055 1134 sed

486 1170 625 1224 bona
656 1186 753 1225 sua
791 1172 1076 1242 egentibus
1109 1172 1349 1241 impertit
1386 1193 1398 1227 :
1432 1172 1561 1242 quia
1587 1173 1692 1226 hoc
1724 1180 2052 1243 praeceptum

486 1262 673 1333 implet
700 1282 711 1316 :
740 1263 872 1330 Quis
896 1276 973 1319 est
997 1265 1170 1334 ﬁdelis
1198 1275 1246 1319 et
1262 1266 1489 1336 prudens
1526 1283 1843 1330 oeconomus,
1880 1266 1970 1336 qui
2000 1266 2053 1318 in

484 1363 711 1421 tempore
743 1356 1004 1409 conservis
1042 1354 1191 1409 dabit
1251 1357 1415 1409 tritici
1456 1358 1808 1411 mensuram?
1859 1356 2051 1409 Beatus

482 1444 571 1499 ille
601 1462 776 1501 servus
809 1464 960 1516 quem
985 1464 1107 1501 cum
1134 1449 1325 1502 venerit
1367 1446 1612 1502 dominus
1646 1447 1781 1512 eius,
1829 1446 2052 1501 inveniet

481 1537 559 1591 sic
586 1536 886 1607 facientem.
922 1534 1049 1594 Vere
1080 1538 1196 1594 dico
1224 1540 1387 1601 vobis,
1418 1540 1667 1609 quoniam
1694 1554 1848 1607 super
1876 1541 2053 1593 omnia

481 1627 614 1681 bona
650 1646 750 1682 sua
782 1628 1063 1683 constituet
1093 1647 1211 1684 eum
1242 1629 1308 1685 ’7.
1351 1630 1605 1700 Disponet
1640 1646 1904 1685 sermones
1929 1650 2053 1687 suos

479 1721 533 1774 in
552 1719 920 1791 judicio,quia
947 1722 999 1775 in
1034 1728 1288 1776 internum
1312 1739 1415 1776 non
1437 1722 1862 1780 commovebitur.
1881 1721 2051 1791 Talis,
2119 1782 2123 1787 .

479 1812 678 1883 inquit,
706 1811 888 1879 homo,
914 1823 966 1870 et
993 1816 1086 1885 qui
1122 1816 1253 1869 talia
1285 1816 1418 1887 agit,
1463 1833 1640 1888 neque
1670 1818 1849 1883 cadet,
1876 1835 2053 1889 neque

477 1905 909 1960 commovebitur
948 1921 979 1959 a
1010 1922 1109 1962 sua
1141 1922 1306 1978 supra
1364 1917 1576 1977 petram
1624 1909 1880 1964 statione.
1932 1908 2052 1965 Non

475 1994 620 2048 enim
660 1994 969 2065 principum
1020 1997 1198 2053 minas
1259 1997 1657 2063 reformidabit,
1718 2014 1828 2054 non
1885 2000 2053 2071 perti-

473 2095 680 2141 mescet
708 2103 823 2153 eos,
857 2089 951 2158 qui
982 2088 1038 2142 in
1073 2097 1319 2160 tempore
1348 2090 1677 2147 calamitatis
1724 2107 1783 2148 se
1819 2100 2051 2148 contur-

474 2175 605 2233 bare
634 2191 699 2232 ac
721 2177 1059 2235 confundere
1085 2190 1375 2235 conantur.

540 2369 709 2426 Vens.
737 2370 793 2438 7,
822 2370 876 2427 8.
911 2368 978 2425 In
1002 2372 1257 2427 memoria
1280 2381 1480 2427 (eterna
1498 2373 1599 2427 erit
1624 2372 1829 2443 justus,
1851 2388 1917 2426 ao
1945 2389 2045 2426 au-

469 2461 669 2515 ditione
697 2461 843 2515 mata
872 2478 974 2516 non
1004 2461 1223 2517 timebit.
1259 2461 1379 2517 Non
1420 2478 1486 2518 ex
1522 2464 1705 2519 Verbis
1752 2462 2044 2531 mendacii,

468 2570 590 2626 quae
616 2555 899 2610 veritatem
935 2556 1155 2625 quidem
1201 2553 1528 2627 praeferunt,
1579 2557 1675 2611 sed
1716 2566 1906 2611 contra
1950 2556 2046 2612 Dei

469 2647 837 2717 cognitionem
892 2662 1015 2702 sese
1054 2652 1336 2710 cxserunt,
1385 2646 1598 2701 sinistri
1638 2647 1917 2718 quidpiam
1950 2662 2047 2718 pa-

468 2741 659 2805 tietur,
695 2747 885 2811 utpote
918 2738 1181 2794 fundatus
1224 2752 1389 2808 supra
1422 2738 1659 2808 petram,
1715 2755 1875 2810 quem
1906 2739 2045 2794 nihil

467 2847 726 2904 separare
756 2833 929 2902 possit
959 2846 991 2886 a
1024 2830 1293 2886 cbaritate
1322 2829 1438 2893 Dei,
1472 2845 1593 2901 quae
1625 2838 1710 2886 est
1736 2833 1793 2885 in
1825 2830 2044 2886 Christo

465 2923 617 2981 Jesu.
671 2918 937 2979 Paratum
978 2930 1068 2977 eor
1101 2922 1216 2991 ejus
1243 2938 1457 2992 sperare
1483 2923 1539 2976 in
1570 2922 1820 2988 Domino,
1849 2925 2044 2994 conﬁr-

465 3024 672 3069 matum
724 3023 802 3069 est
862 3029 954 3067 cor
1006 3012 1120 3081 ejus
1163 3028 1182 3065 :
1236 3028 1341 3066 non
1412 3011 1818 3066 commovebitur
1879 3013 2042 3068 donec

465 3104 723 3174 despiciat
763 3103 1006 3157 inimicos
1034 3119 1180 3157 suos.
1241 3100 1388 3168 Ideo,
1416 3103 1614 3172 inquit,
1645 3118 1755 3157 non
1796 3118 2041 3158 commo-

2155 709 2217 761 τὸ
2262 711 2458 762 οἰκεῖον
2506 710 2621 778 φῶς
2656 710 2715 762 οὐ
2758 708 3042 773 διαλείπει,
3070 708 3435 775 ἐξανατέλλων
3471 711 3535 762 οὗ
3591 712 3775 775 πᾶσι,

2154 801 2252 874 τὴν
2281 802 2626 856 διδασκαλίαν
2661 802 2718 856 δέ
2749 804 2861 865 τοῖς
2904 801 3119 855 εὐθέσιν
3172 800 3360 867 αὑτοῦ,
3398 803 3495 855 καὶ
3538 803 3603 855 τὸ
3657 803 3776 872 τῆς

2155 894 2408 963 γνώσεως
2429 894 2544 964 φῶς
2572 895 2719 948 ἐνδον
2748 896 2805 949 ἐν
2824 898 2891 965 τῇ
2913 894 3022 948 τῶν
3046 893 3251 948 εὐθέων
3276 896 3437 965 γενεᾷ
3464 895 3770 966 παρέχων,

2154 988 2248 1041 καὶ
2278 988 2406 1051 τοὺς
2440 986 2615 1051 εὐθεῖς
2648 985 2916 1056 φωτίζων.
2948 985 3225 1055 Χρηστὸς
3262 985 3416 1054 ἀνὴρ
3458 990 3491 1041 ό
3532 987 3773 1039 οἰκτεί-

2145 1097 2271 1148 ρων
2292 1080 2391 1133 καὶ
2416 1079 2787 1151 κιχρῶν.1οὐκ
2813 1079 3089 1135 ἀποκλείει
3118 1079 3185 1133 τὰ
3217 1078 3409 1134 ἑαυτοῦ
3434 1079 3767 1150 σπλάγχνα,

2152 1170 2289 1224 ἀλλὰ
2318 1171 2637 1241 μεταδίδωσι
2660 1171 2768 1224 τῶν
2798 1170 3151 1242 ὑπαρχόντων
3182 1172 3297 1233 τοῖς
3327 1168 3634 1240 δεομένοις,
3668 1168 3770 1222 διὰ

2151 1263 2212 1315 τὸ
2242 1262 2530 1331 φυλάττειν
2553 1263 2771 1333 ἐντολὴν
2796 1263 2894 1335 τὴν
2925 1261 3218 1331 λέγουσαν·
3253 1262 3349 1327 Τίς
3376 1254 3493 1329 ἄρα
3526 1261 3768 1328 ,πιστὸς

2152 1354 2251 1407 καὶ
2277 1356 2563 1423 φρόνιμος
2588 1355 2921 1423 οἰκονόμος,
2948 1353 3017 1420 ὃς
3045 1354 3114 1406 ἐν
3134 1351 3317 1421 καιρῷ
3344 1351 3525 1406 δώσει
3566 1352 3637 1405 τὸ
3673 1369 3767 1406 σι·-

2151 1443 2459 1514 τομέτριον
2494 1444 2619 1511 τοῖς
2659 1437 3059 1511 συνδούλοις-ς
3097 1443 3401 1512 Μακάριος
3442 1447 3477 1497 d
3518 1443 3766 1509 δοῦλος

2152 1530 2401 1599 ἐκεῖνος,
2441 1529 2515 1587 ὃν
2550 1534 2742 1587 ἐλθὼν
2782 1536 2815 1587 ό
2864 1534 3067 1600 κύριος
3087 1531 3291 1602 ιαὺτοῦ
3318 1532 3586 1601 ξεὺρήσει
3626 1551 3765 1587 ποι-

2154 1625 2339 1679 οῦντα
2381 1625 2588 1691 οὕτως.
2607 1618 2860 1693 Ἀληθῶς
2905 1623 3062 1694 λέγω
3094 1618 3257 1693 ὑμῖν,
3302 1624 3393 1676 ὅτι
3438 1624 3542 1678 ἐπὶ
3595 1625 3760 1679 πᾶσι

2153 1716 2280 1783 τοῖς
2306 1716 2690 1786 ὑπάρχουσιν
2720 1716 2907 1771 αὑτοῦ
2942 1716 3313 1785 καταστήσει
3344 1716 3554 1769 αὐτόν.
3588 1718 3761 1769 Οἰκοι

2154 1808 2405 1879 νομήσει
2428 1809 2570 1875 τοὺς
2593 1810 2814 1879 λόγους
2845 1806 3031 1863 αὑτοῦ
3057 1808 3127 1861 ἐν
3150 1809 3363 1876 κρίσει,
3395 1807 3487 1860 ὅτι
3519 1809 3613 1873 εὶς
3648 1809 3760 1861 τὸν

2152 1899 2335 1953 αἰῶνα
2358 1902 2430 1954 οὐ
2470 1898 2930 1968 σαλευθήσεται.
2949 1901 3006 1953 '0
3035 1898 3297 1964 τοιοῦτος,
3328 1899 3485 1969 φησὶ,
3512 1901 3614 1952 καὶ
3637 1917 3754 1952 τοι·

2152 1991 2290 2046 αὔτα
2326 1992 2600 2064 πράττων,
2626 1992 2747 2046 οὔτε
2772 1994 3037 2055 πεσεῖται,
3064 1991 3187 2044 οὔτε
3221 1990 3629 2062 σαλευθήσεται
3651 1991 3754 2060 τῆς

2150 2084 2243 2137 ἐπὶ
2267 2083 2365 2155 τὴν
2398 2083 2607 2156 πέτραν
2641 2083 2904 2149 στάσεως.
2942 2084 3079 2139 Οὔτε
3116 2084 3224 2156 γὰρ
3263 2082 3522 2147 ἀπειλαῖς
3549 2085 3751 2156 ἀρχόν-

2148 2192 2254 2229 των
2283 2176 2497 2247 πτήξει,
2529 2175 2653 2229 οὔτε
2677 2175 2786 2229 τῶν
2820 2167 3069 2248 θορυϐεῖν
3096 2166 3190 2229 καὶ⁸
3238 2175 3531 2247 ταράττειν
3582 2175 3752 2230 αὐτὸν

2148 2268 2504 2340 πειρωμένων
2536 2271 2594 2324 ἐν
2627 2262 2841 2342 καιροῖς
2871 2272 3300 2341 περιστατικοῖς.

2215 2385 2322 2450 Εἰς
2364 2384 2761 2453 μνημόσυνον
2813 2381 3054 2437 αἰώνιον
3101 2383 3272 2439 ἔσται
3332 2383 3595 2450 δίκαιος,
3627 2385 3749 2439 ἀπὸ

2145 2474 2334 2543 ἀκοῆς
2354 2474 2624 2543 πονηρᾶς
2652 2476 2723 2529 οὐ
2744 2475 3167 2545 φοϐηθήσεται.
3188 2476 3310 2529 Οὐδ’
3325 2476 3391 2529 ἐκ
3416 2475 3601 2545 λόγων
3620 2478 3751 2545 geu-

2143 2566 2268 2630 δῶν,
2312 2566 2797 2638 ἐπαγγελλομένων
2838 2567 2937 2639 μὲν
2986 2566 3262 2639 ἀλήθειαν,
3296 2568 3640 2639 ἐπηρμένων
3688 2569 3745 2621 δὲ

2144 2658 2287 2712 κατὰ
2327 2657 2427 2728 τῆς
2458 2657 2709 2727 γνώσεως
2734 2657 2827 2711 τοῦ
2862 2657 3019 2723 Θεοῦ,
3052 2658 3297 2713 πείσεταί
3321 2676 3374 2712 τι
3406 2659 3611 2723 δεινὸν,
3650 2662 3746 2714 ita

2142 2751 2207 2822 δὴ
2238 2749 2702 2821 τεθεμελιωμένος
2736 2750 2829 2805 ἐπὶ
2858 2750 2957 2821 τὴν
2984 2750 3210 2822 πέτραν,
3242 2752 3335 2805 καὶ
3369 2752 3613 2821 μηδενὸς
3644 2753 3743 2807 αὺ-

2140 2843 2232 2896 τὸν
2259 2842 2582 2915 χωρίζοντος
2614 2843 2722 2896 ἀπὸ
2748 2843 2845 2914 τῆς
2865 2843 3084 2913 ἀγάπης
3106 2842 3197 2896 τοῦ
3220 2842 3353 2897 Θεοῦ
3378 2844 3485 2915 τῆς
3509 2846 3569 2898 ὲν
3599 2844 3743 2916 Χρι-

2143 2933 2253 3003 στῷ
2302 2933 2493 3004 Ἰησοῦ.
2515 2934 2743 3004 Ἑτοίμη
2777 2936 2817 3003 ἡ
2850 2934 3066 3004 καρδιά
3099 2936 3284 2989 αὐτοῦ
3322 2935 3597 2996 ἐλπίζειν
3641 2936 3743 2991 ex!

2140 3026 2381 3095 Κύριον,
2423 3024 2767 3093 ἐστήρικται
2810 3027 2848 3093 ἡ
2901 3025 3116 3094 καρδία
3137 3025 3355 3079 αὐτοῦ’
3396 3026 3470 3079 οὑ
3504 3025 3595 3095 μὴ
3624 3044 3740 3097 pc-

2140 3116 2316 3186 ϐηθῇ,
2349 3117 2459 3183 ἕως
2487 3113 2558 3173 οὗ
2585 3117 2760 3185 ἐπίδῃ
2800 3117 2897 3169 ἐπὶ
2941 3116 3084 3182 τοὺς
3109 3116 3358 3186 ἐχθροὺς
3390 3118 3608 3185 αὐτοῦ.
3639 3118 3742 3170 Διὰ

464 3196 717 3262 rebitur;
750 3192 846 3250 sed
869 3208 1047 3264 neque
1077 3191 1141 3246 ab
1182 3192 1449 3247 auditione
1479 3193 1625 3247 mata
1652 3194 1883 3259 timebit,
1908 3196 2035 3265 quia

2147 3208 2330 3275 ταῦτα,
2354 3209 2610 3280 φησιν,οὑ
2640 3208 3052 3279 σαλευθήσεται,
3088 3209 3201 3262 ἀλλ’
3240 3209 3360 3262 οὐδὲ
3387 3210 3512 3263 ἀπὸ
3542 3209 3740 3278 ἀκοῆς

463 3295 713 3343 paratum
737 3301 828 3339 cor
850 3284 965 3353 ejus
986 3293 1069 3338 est
1098 3298 1306 3351 sperare
1343 3284 1397 3337 in
1425 3280 1673 3338 Domino.
1700 3284 1855 3351 Quod
1882 3285 2039 3357 Sym-

464 3378 696 3433 machus
726 3379 907 3440 vertit,
963 3376 1181 3445 ﬁrmum
1211 3393 1300 3429 cor
1319 3376 1432 3446 ejus
1463 3377 1573 3430 sine
1600 3377 1956 3433 sollicitudine
1984 3380 2039 3432 in

463 3471 713 3526 Domino.
746 3468 870 3523 Ideo
905 3467 1219 3538 hujusmodi
1273 3469 1538 3523 tumultus
1563 3467 1831 3537 despicit:
1865 3481 2041 3537 neque

462 3563 627 3618 modo
689 3562 940 3617 inimicos
1002 3576 1113 3615 non
1178 3560 1557 3631 pertimescit;
1635 3574 1822 3614 verum
1874 3560 2039 3614 etiam

462 3668 653 3710 eorum
681 3653 911 3715 cladem,
941 3653 1012 3706 ob
1045 3666 1196 3721 spem
1227 3651 1282 3705 in
1312 3650 1423 3707 Deo
1453 3652 1714 3716 locatam,
1733 3657 2035 3721 exspectat.

534 3851 699 3908 Vens.
734 3852 788 3916 9,
818 3852 902 3908 l0.
931 3850 1217 3920 Dispersit,
1264 3850 1409 3904 dedit
1455 3849 1795 3920 pauperibus,
1818 3850 2040 3920 justitia

462 3945 576 4010 eius
610 3952 785 3996 manet
814 3945 867 3996 in
897 3943 1548 4004 swcutumsteculi,cornu
1573 3942 1686 4010 ejus
1714 3941 2039 3997 excitabitur

2139 3299 2406 3369 πονηρᾶς
2428 3300 2811 3372 φοϐηθήσεται,
2841 3300 3027 3371 ἐπειδὴ
3056 3300 3259 3369 ἑτοίμη
3288 3301 3325 3367 ἡ
3361 3300 3587 3369 καρδία
3628 3303 3740 3355 αὑ-

2138 3392 2247 3446 τοῦ
2274 3390 2534 3452 ἐλπίζειν
2550 3392 2648 3444 ἐπὶ
2670 3395 2908 3459 Κύριον.
2929 3393 3069 3445 Ἀνθ’
3091 3387 3149 3446 οὗ
3172 3395 3199 3445 ὁ
3223 3392 3525 3463 Σύμμαχος
3545 3394 3738 3459 ἐποίη-

2141 3500 2231 3536 σεν
2247 3500 2260 3513 ·
2294 3483 2535 3551 Ἑδραία
2557 3484 2594 3552 ἡ
2617 3483 2829 3552 καρδία
2854 3484 3041 3538 αὑτοῦ
3069 3482 3387 3553 ἀμέριμνος
3414 3486 3485 3538 ἐν
3512 3488 3734 3555 Kvpt'q).

2139 3575 2240 3629 Διὰ
2264 3575 2423 3629 τοῦτο
2452 3577 2562 3629 τῶν
2584 3576 2840 3630 τοιούτων
2879 3574 3124 3646 θορύϐων
3151 3566 3481 3647 καταφρονεῖ
3500 3594 3516 3607 ι
3550 3580 3647 3631 καὶ
3674 3578 3737 3632 οὐ

2143 3666 2304 3739 μόνον
2327 3666 2390 3721 οὐ
2425 3666 2568 3720 δέδιε
2598 3668 2724 3730 τοὺς
2746 3666 3048 3737 δυσμενεῖς,
3086 3664 3224 3719 ἀλλὰ
3255 3668 3349 3721 καὶ
3376 3668 3477 3739 τὴν
3502 3669 3745 3723 ἐκείνων

2146 3754 2314 3832 ἧτταν
2346 3759 2436 3813 διὰ
2466 3759 2564 3831 τὴν
2593 3760 2673 3824 είς
2691 3758 2821 3812 Θεὸν
2849 3757 3039 3812 ἐλπίδα
3073 3760 3400 3829 παραμένει.

2223 3874 2633 3941 Ἐσκόρπισεν,
2660 3870 2845 3925 ἔδωκε
2876 3870 3000 3937 τοῖς
3021 3869 3281 3939 πένησιν
3301 3888 3315 3901 -
3348 3871 3385 3939 ἡ
3426 3871 3734 3927 δικαιοσύ-

2137 3979 2214 4030 νη
2247 3961 2433 4015 αὐτοῦ
2470 3961 2636 4029 μένει
2673 3963 2760 4027 εἰς
2792 3961 2900 4013 τὸν
2930 3960 3115 4015 αἰῶνα
3137 3961 3244 4015 τοῦ
3267 3959 3505 4027 αἰῶνος,
3538 3962 3603 4015 τὸ
3642 3965 3734 4016 κέ·-

461 4037 518 4090 in
548 4035 739 4105 gloria.
774 4034 1029 4088 Peccator
1049 4033 1241 4087 videbit
1272 4043 1319 4089 et
1350 4035 1629 4099 irascetur,
1654 4034 1897 4089 dentibus
1925 4035 2036 4090 suis

2147 4068 2245 4117 βας
2273 4051 2458 4105 αὐτοῦ
2493 4050 2876 4119 ὑψωθήσεται
2919 4053 2989 4105 ἐν
3016 4051 3184 4121 δόξῃ.
3203 4053 3572 4121 Ἀμαρτωλὸς
3596 4056 3737 4123 όιέιεί

465 4128 651 4198 fremet
696 4137 745 4180 et
788 4126 1013 4179 tabescet
1054 4142 1074 4180 :
1118 4124 1439 4180 desiderium
1490 4128 1777 4195 peccatoris
1825 4127 2033 4196 peribit.

462 4215 731 4281 Quoniam
750 4222 894 4295 totus
924 4214 1013 4268 hic
1042 4228 1222 4270 sermo
1242 4214 1309 4269 de
1336 4216 1403 4271 iis
1421 4217 1513 4286 qui
1542 4216 1646 4271 ﬁde
1671 4217 1866 4271 initiati
1886 4226 2035 4283 sunt,

460 4314 516 4361 et
545 4306 612 4362 de
639 4306 839 4375 populo
892 4320 958 4359 ex
990 4306 1266 4376 gentibus,
1300 4308 1392 4377 qui
1429 4319 1526 4376 per
1556 4308 1797 4363 divinam
1831 4309 2037 4364 doctri-

459 4413 586 4452 nam
615 4397 708 4453 Dei
748 4398 954 4453 cultum
984 4400 1247 4470 suscepit,
1290 4403 1679 4470 pronuntiatus
1707 4409 1811 4467 est,
1843 4418 2037 4458 conse-

459 4498 690 4560 quenter
721 4490 886 4544 etiam
918 4500 1182 4546 memorat
1216 4506 1311 4548 eos
1339 4508 1407 4548 ex
1438 4493 1874 4558 circumcisione,
1940 4493 2034 4564 qui

2136 4161 2231 4197 ται
2264 4142 2362 4196 καὶ
2395 4142 2834 4212 ὀργισθήσεται,
2869 4143 3011 4211 τοὺς
3060 4145 3309 4213 ὀδόντας
3355 4146 3548 4200 αὐτοῦ
3572 4148 3734 4215 βρύ-

2138 4237 2227 4302 ξει
2270 4236 2367 4292 καὶ
2398 4235 2739 4302 τακήσεται,
2778 4234 3059 4305 ἐπιθυμία
3090 4236 3438 4305 ἀμαρτωλοῧ
3480 4240 3733 4293 ἀπολεῖ-

2136 4344 2248 4382 ται.
2281 4326 2496 4397 Ἐπειδὴ
2546 4326 2675 4396 περὶ
2715 4324 2824 4378 τῶν
2862 4325 2950 4379 διὰ
3002 4326 3237 4390 πίστεως
3277 4327 3679 4397 τελειουμένων
3705 4332 3735 4382 ὁ

2138 4420 2245 4479 πᾶς
2276 4414 2451 4485 λόγος,
2479 4415 2570 4467 καὶ
2604 4413 2849 4486 περὶτοῦ
2876 4414 2931 4480 ἐξ
2956 4414 3125 4467 ἐθνῶν
3158 4414 3289 4467 λαοῦ
3320 4412 3414 4467 τοῦ
3448 4415 3595 4467 κατὰ
3628 4417 3733 4486 τὴν

2139 4508 2288 4561 θείαν
2325 4506 2672 4560 διδασκαλίαν
2721 4506 3120 4571 θεοσεϐοὖντος,
3151 4507 3386 4578 εἴρηται,
3413 4510 3731 4575 ἀκολούθως

458 4581 764 4652 profectum
807 4583 1050 4652 gentium
1100 4583 1318 4654 indigne
1376 4582 1573 4640 ferunt.
1594 4584 1774 4650 Quare
1824 4586 2031 4640 dictum

2147 4597 2466 4669 μνημονεύει
2496 4598 2590 4650 καὶ
2618 4596 2726 4650 τῶν
2766 4594 2831 4649 ἐκ
2874 4597 3175 4668 περιτομῆς
3200 4573 3605 4669 διαπριομένων
3636 4573 3731 4653 ἐπί

457 4679 564 4739 est,
588 4671 850 4727 Peccator’
867 4673 1059 4728 videbit
1087 4685 1137 4728 et
1169 4675 1449 4740 irast‘ettr,
1496 4677 1737 4731 dentibus
1771 4678 1883 4731 suis
1922 4678 2030 4747 fre-

456 4772 562 4817 met
599 4774 646 4818 et
696 4764 959 4829 tabescet;
996 4766 1124 4836 quia
1162 4766 1387 4837 iniquus
1415 4768 1634 4838 quidem
1669 4769 1843 4839 legem
1874 4784 2032 4824 acce-

456 4857 557 4927 pit,
608 4856 705 4910 sed
733 4872 854 4912 eam
894 4867 1274 4930 transgressus
1320 4869 1423 4915 est.
1486 4860 1811 4929 Hujusmodi
1848 4871 2030 4918 autem

456 4956 539 5002 est
561 4948 815 5018 quisquis
845 4966 913 5004 ex
944 4952 1366 5007 circumcisione
1411 4952 1482 5007 ob
1520 4953 1751 5008 salutem
1784 4961 2030 5009 nostram

456 5038 713 5094 dentibus
752 5041 867 5096 suis
897 5040 1096 5096 fremit.
1134 5041 1246 5098 lmo
1276 5044 1440 5099 etiam
1470 5044 1705 5114 idipsum
1748 5061 1853 5101 usu
1881 5047 2027 5101 venit

456 5131 751 5200 gentilibus
781 5133 876 5202 qui
921 5133 1167 5190 inﬁdeles
1212 5144 1361 5200 sunt,
1417 5152 1482 5191 ac
1516 5136 1582 5191 de
1616 5135 1862 5208 profectu
1896 5153 2027 5193 suo-

457 5237 600 5288 rum,
638 5224 732 5291 qui
758 5225 824 5278 ad
855 5225 1093 5279 divinam
1129 5228 1255 5281 vitae
1291 5229 1558 5285 rationem
1586 5230 1838 5284 translati
1877 5239 2026 5294 sunt,

456 5314 775 5371 infremunt.
805 5315 1073 5372 Caeterum
1107 5320 1325 5389 utrique
1361 5321 1603 5385 ordines,
1644 5321 1712 5376 de
1747 5322 1816 5376 iis
1844 5322 1937 5392 qui
1972 5322 2027 5376 in

457 5406 675 5462 Christo
717 5408 947 5476 perfecti
987 5420 1115 5465 sunt
1155 5410 1419 5479 furentes,
1451 5414 1754 5480 tabescent,
1786 5429 1850 5468 ac
1884 5413 2029 5471 desi-

457 5499 667 5553 derium
701 5514 892 5555 eorum
926 5503 1141 5572 peribit.

522 5815 565 5848 ’τ
605 5812 739 5870 Luc.
777 5832 887 5883 xu,
918 5820 1108 5875 42-44.

2131 4692 2197 4761 τῇ
2234 4692 2482 4761 προκοπῇ
2531 4689 2640 4743 τῶν
2669 4689 2727 4755 ἐξ
2758 4675 2946 4743 ἐθνῶν.
2980 4682 3070 4741 Διδ
3111 4689 3391 4743 λέλεκται’
3436 4692 3729 4759 Ἀμαρτωυ

2132 4778 2243 4849 loc
2274 4782 2482 4851 ὄψεται
2527 4781 2628 4835 καὶ
2674 4780 3115 4851 ὀργισθήσεται,
3157 4781 3299 4847 τοὺς
3338 4780 3597 4850 ὀδόντας
3626 4788 3727 4840 αὺ-

2132 4876 2238 4930 τοῦ
2270 4874 2484 4942 βρύξει
2516 4873 2613 4926 καὶ
2642 4872 2986 4938 τακήσεται,
3021 4862 3098 4935 ὡς
3124 4871 3220 4925 τοῦ
3248 4873 3571 4945 παρανόμου
3625 4879 3727 4947 μὲν

2132 4966 2411 5038 εἰληφότος
2442 4965 2626 5035 νόμον,
2659 4962 3105 5034 παραϐεϐηκότας
3148 4963 3206 5015 δὲ
3250 4964 3434 5018 αὐτόν.
3465 4967 3726 5033 Τοιοῦτος

2131 5048 2189 5109 δὲ
2222 5057 2329 5118 πᾶς
2359 5057 2387 5107 ὁ
2429 5055 2493 5107 ἐκ
2537 5046 2859 5125 περιτομῆς,
2887 5053 2946 5116 ὃς
2972 5048 3066 5105 ἐπὶ
3088 5042 3154 5124 τῇ
3189 5053 3434 5125 ἡμετέρᾳ
3471 5060 3724 5128 σωτηρίᾳ

2132 5147 2256 5211 τοὺς
2303 5147 2516 5208 ὀδόντας
2558 5146 2722 5199 αὐτοῦ
2768 5144 3153 5217 βρύχει.Ἀλλὰ
3186 5146 3282 5200 καὶ
3308 5148 3359 5200 οἱ
3388 5136 3501 5201 τῶν
3548 5148 3723 5202 ἐθνῶν

2137 5238 2351 5293 ἄπιστοι
2372 5238 2567 5290 ταύτὸν
2589 5237 2888 5307 πάσχουσιν
2917 5237 3011 5289 ἐπὶ
3030 5240 3095 5309 τῇ
3121 5241 3371 5309 προκοπῇ
3404 5239 3512 5293 τῶν
3539 5241 3602 5307 ἐξ
3626 5244 3718 5296 αὐ-

2123 5327 2244 5391 ,τῶν
2294 5327 2741 5399 μεταϐεϐηκότων
2787 5328 2880 5381 ἐπὶ
2933 5330 3031 5399 τὴν
3077 5328 3219 5383 κατὰ
3248 5329 3379 5382 Θεὸν
3416 5330 3721 5388 πολιτείαν.

2134 5420 2280 5490 Πλὴν
2313 5420 2597 5491 ἀμφότερα
2641 5420 2710 5473 τὰ
2754 5420 3008 5493 τάγματα
3039 5418 3399 5494 διαπριόμενα
3427 5425 3578 5478 κατὰ
3613 5427 3721 5481 τῶν

2133 5506 2191 5559 ὲν
2219 5506 2437 5577 Χριστῷ
2458 5506 2843 5577 τελειουμένων
2879 5511 3267 5583 ὲκτακήσεται,
3288 5508 3721 5586 τῆς-,ἐπιθυμίας

2048 5624 2051 5625 ν
2134 5595 2312 5651 αὐτῶν
2340 5597 2737 5671 ἀπολλυμένης.

3611 414 3641 469 1
3656 414 3781 469 διὸ

3611 531 3783 594 ...τι
3928 428 3935 801 l

3611 635 3781 682 ιενος

3611 727 3775 775 tam,
