4014 6410
327 442 466 495 1349

358 554 757 608 ΑΛΛΗΛΟΥΙΑ
794 554 1086 610 ΔΓΓΛΙΟΥ
1122 558 1243 610 ΚΑΙ
1281 558 1647 613 ΖᾹΧΔΡΙΟΥ.
1690 558 1836 611 PIB'.

392 666 641 732 Αἰνεῖτε,
672 666 899 734 παῖδες,
930 667 1040 722 τὸν
1068 669 1307 738 Κύριον,
1348 670 1565 725 alr-eice
1606 670 1674 724 τὸ
1721 670 1908 739 ὄνομα

326 759 566 827 Κυρίου.
604 757 713 826 Ετη
741 758 804 812 τὸ
836 758 1023 829 ὄνομα
1069 761 1287 828 Κυρίου
1326 761 1740 831 εὐλογημένον
1787 760 1906 815 ἀπὸ

327 851 429 905 τοῦ
483 850 602 905 νῦν
664 852 763 906 καὶ
819 852 930 919 ἕως
987 855 1092 908 τοῦ
1148 854 1382 920 αἰῶνος.
1433 854 1619 907 Πάντα
1672 854 1764 908 τὸν
1817 853 1904 907 διὰ

324 944 384 998 ,τὸ
434 944 715 1014 φοϐεῖσθαι
761 944 964 1016 Κύριον
1016 946 1283 1017 μακάριον
1332 947 1695 1018 γεγενημένον
1740 946 1907 1020 ἄνδρα

327 1037 822 1108 ὑποτυπωσάμενος
867 1039 896 1091 6
947 1038 1105 1107 λόγος
1142 1041 1199 1093 ἐν
1227 1038 1305 1110 τῷ
1338 1040 1445 1110 πρὸ
1467 1040 1659 1093 τούτου
1684 1040 1902 1113 ψαλμῷ,

328 1129 415 1182 τόν
455 1147 515 1182 τε
562 1128 675 1199 βίον
711 1128 820 1183 τῶν
848 1130 1101 1185 τοιούτων
1134 1132 1229 1185 καὶ
1269 1131 1369 1203 τὴν
1402 1132 1543 1186 κατά
1584 1132 1715 1185 Θεὸν
1758 1134 1908 1187 πολι-

327 1221 496 1287 τείαν,
525 1222 618 1274 καὶ
641 1221 702 1274 τὸ
731 1223 824 1275 ἐπὶ
847 1222 1055 1286 τούτοις
1084 1223 1236 1295 παρά
1267 1223 1385 1295 Θεῷ
1401 1224 1554 1287 τέλος
1582 1225 1906 1297 ὑπογράψας

327 1314 384 1366 ἐν
412 1312 491 1384 τῷ
525 1314 890 1386 προκειμένῳ,
914 1315 1059 1379 τίνες
1088 1316 1218 1369 ποτέ
1262 1318 1400 1369 εἰσιν
1422 1309 1588 1380 οῦτοι,
1622 1317 1718 1371 καὶ
1744 1318 1906 1371 τίνων

328 1406 649 1477 τυγχάνουσι
675 1408 1043 1479 παραπλήσιοι
1072 1408 1330 1475 διδάσκει,
1358 1410 1551 1474 παῖδας
1584 1410 1780 1474 αὐτοὺς
1807 1428 1907 1464 κα-

328 1498 431 1552 λῶν
460 1498 547 1552 διά
570 1499 629 1552 τὸ
657 1499 846 1572 νεαρὸν
878 1501 969 1553 καὶ
992 1500 1273 1572 ἀρτιγενές
1298 1502 1396 1570 τῆς
1424 1500 1565 1555 κατὰ
1588 1502 1764 1573 ψυχὴν
1790 1503 1907 1571 ήλι-

328 1588 469 1653 χίας,
499 1590 593 1643 καὶ
625 1590 844 1654 τούτους
870 1591 964 1644 ἐπὶ
988 1591 1077 1645 τὸν
1109 1588 1255 1647 αἶνον
1287 1594 1443 1646 καλεῖ
1464 1593 1556 1647 τοῦ
1584 1593 1740 1647 Θεοῦ.
1761 1595 1906 1649 Ἀντὶ

328 1681 440 1746 τοῦ,
487 1682 717 1749 παῖδες,
764 1685 792 1737 6
837 1682 1065 1748 Ἀκύλας
1108 1687 1202 1738 καὶ¹
1245 1686 1273 1737 6
1303 1686 1595 1757 Σύμμαχος
1646 1687 1906 1755 δούλους

328 1774 615 1846 ὠνόμασαν
671 1778 971 1847 φήσαντες·
1042 1777 1316 1847 Tur-eice,
1379 1778 1606 1844 δοῦλοι,
1664 1782 1902 1849 Κύριον,

328 1866 564 1935 ὑμνεῖτε
591 1867 657 1921 τὸ
680 1868 867 1937 ὄνομα
907 1870 1147 1937 Κύριου.
1171 1870 1383 1925 Δούλων
1408 1870 1517 1943 γὰρ
1544 1872 1696 1926 οὐδὲν
1730 1873 1906 1945 διενη-
1940 1910 1981 1964 Β

328 1973 543 2029 νοχασιν
576 1959 625 2012 οἱ
660 1960 868 2024 παῖδες,
904 1961 1055 2033 φόϐῳ
1097 1962 1340 2027 δουλείας
1374 1964 1902 2037 παιδαγωγούμενοι.

332 2045 440 2116 Εἵη
472 2049 540 2103 τὸ
574 2048 760 2119 ὄνομα
786 2051 1008 2120 Κυρίου
1034 2052 1458 2123 εὐλογημένονι
1480 2055 1600 2110 ἀπὸ
1626 2056 1734 2110 τοῦ
1772 2056 1906 2111 ’νῦν

327 2134 428 2189 καὶ
456 2134 567 2203 ἕως
599 2137 704 2192 τοῦ
730 2137 967 2205 αἰῶνος.
998 2139 1084 2204 Ὠς
1113 2141 1367 2210 ἀγνοοῦσι
1389 2146 1501 2209 τοῖς
1538 2146 1725 2199 παισὶν
1757 2148 1906 2211 ὅπως

327 2224 431 2298 χρὴ
473 2225 565 2281 τὸν
592 2227 795 2299 Κύριον
824 2228 1013 2299 ὑμνεῖν
1040 2230 1101 2283 τὸ
1130 2234 1467 2305 προφητικὸν
1494 2235 1719 2307 Πνεῦμα
1750 2237 1907 2309 δίκην

327 2316 677 2386 παιδαγωγοῦ
709 2319 803 2373 καὶ
832 2318 1150 2377 διδασκάλου
1180 2323 1278 2388 τὰς
1310 2324 1494 2393 φωνὰς
1533 2326 1703 2393 αὐτὰς
1728 2346 1908 2400 παρα-

326 2405 560 2461 δίδωσιν.
594 2408 741 2481 Εὒχὴ
781 2408 839 2463 δέ
870 2409 1010 2482 αὕτη
1046 2411 1195 2465 ἐστὶν
1222 2411 1361 2485 ὑπὲρ
1394 2413 1552 2485 ἡμῶν
1578 2414 1758 2470 αὐτῶν
1798 2416 1908 2473 τῶν

327 2500 535 2556 παίδων
573 2501 1025 2575 ἀναπεμπομένη,
1053 2503 1129 2569 ὡς
1174 2503 1239 2558 ἂν
1274 2504 1525 2577 διαμείνῃ
1565 2506 1696 2577 ἡμῖν
1725 2506 1786 2561 τὸ
1813 2507 1906 2562 τοῦ

328 2591 533 2665 Κυρίου
563 2593 735 2664 ὄνομα
762 2596 842 2659 εἰς
868 2594 930 2648 τὸ
959 2595 1223 2667 διηνεκὲς,
1259 2596 1333 2669 μὴ
1360 2596 1560 2668 φεῦγον
1594 2600 1763 2670 ἡμᾶς,
1791 2599 1907 2652 ἀλλ’

327 2685 743 2757 ἀναπαυόμενον
773 2686 852 2757 τῷ
884 2688 1135 2760 ἡμετέρῳ
1169 2687 1289 2759 βίῳ.

412 2778 546 2832 Ἀπὸ
574 2779 888 2834 ἀνατολῶν
912 2781 1090 2849 ἡλίου
1116 2780 1289 2851 μέχρι
1315 2781 1565 2851 δυσμῶν
1586 2783 1822 2838 αἱνετὸν
1840 2786 1908 2839 τὸ

328 2868 517 2940 ὄνομα
540 2871 784 2939 Κυρίου.
802 2872 1060 2941 ’Υψηλὸς
1094 2872 1192 2926 ἐπὶ
1220 2872 1417 2927 πάντα
1448 2874 1522 2928 τὰ
1550 2876 1694 2943 ἔθνη
1725 2880 1757 2931 ό
1788 2878 1905 2932 Κύ-

323 2978 475 3028 ριος,
513 2962 612 3015 ἐπὶ
646 2962 790 3029 τοὺς
820 2963 1115 3032 οὐρανοὺς
1146 2966 1185 3034 ή
1223 2964 1373 3030 δόξα
1401 2967 1607 3021 αὑτοῦ.
1641 2968 1753 3021 Καὶ
1779 2968 1908 3023 πότε

328 3053 517 3116 τέλους
551 3052 739 3124 ἔτυχεν
787 3054 816 3106 6
865 3055 1021 3124 λόγος
1066 3055 1246 3127 ἀλλ’ἢ
1294 3057 1432 3128 μετὰ
1462 3058 1559 3130 τὴν
1589 3060 1911 3129 ἐπιφάνειαν

329 3142 422 3202 τοῦ
473 3150 723 3222 Σωτῆρος
773 3152 927 3222 ἡμῶν
967 3153 1139 3225 Ἰησοῦ
1167 3152 1437 3225 Χριστοῦ;
1472 3154 1585 3224 Πρὸ
1619 3154 1749 3224 γοῦν
1780 3154 1911 3209 ταύ-

1482 438 1988 501 COMMENTARIA
2028 438 2098 495 IN
2135 438 2477 500 PSALMOS.

1936 562 1983 618 Α

3442 448 3465 506 1
3476 448 3581 507 350

2115 556 2457 612 ALLELUIA
2485 555 2723 612 AGGASI
2752 556 2840 611 ET
2869 557 3267 615 ZACHARIZE.
3302 560 3465 617 CXII.

2079 668 2247 725 Vens.
2288 670 2341 734 l,
2377 669 2432 722 2.
2482 667 2742 734 Laudate,
2788 671 2963 738 pueri,
3013 669 3323 737 Dominum,
3371 673 3587 730 laudate

2006 778 2193 815 nomen
2235 761 2474 816 Domini.
2510 760 2592 817 Sit
2637 778 2825 815 nomen
2869 761 3083 816 Domini
3131 763 3482 829 benedictum,
3522 782 3588 819 ea:

2007 856 2103 909 hoc
2137 872 2273 909 nunc
2299 864 2349 908 et
2398 870 2557 924 usque
2585 855 2639 908 in
2672 855 2950 909 sazculum.
2984 855 3121 910 Cum
3156 856 3212 911 in
3256 859 3587 927 prazcedenti

2007 947 2219 1017 psalmo
2270 947 2419 1000 viros
2456 960 2669 1010 omnes,
2701 946 2795 1016 qui
2835 947 2979 1016 quod
3024 948 3253 1003 timeant
3294 948 3583 1004 Dominum

2004 1038 2149 1093 beati
2180 1036 2356 1093 ell'ecti
2388 1048 2539 1102 sunt,
2569 1040 3063 1107 reprzesentaverit,
3095 1055 3159 1095 ac
3199 1057 3389 1095 eorum
3419 1042 3586 1097 vitam

2007 1136 2061 1182 et
2094 1128 2405 1183 institutum
2451 1131 2752 1183 secundum
2799 1127 2991 1193 Deum,
3026 1130 3187 1184 ﬁnem
3215 1142 3434 1201 quoque
3478 1145 3588 1201 quo

2007 1221 2247 1276 donandi
2277 1220 2421 1292 apud
2447 1220 2615 1277 Deum
2650 1228 2798 1287 sunt,
2829 1221 3220 1292 descripserit;
3250 1224 3304 1277 in
3329 1225 3587 1293 praesenti

2007 1318 2231 1387 quinam
2258 1316 2332 1369 illi
2360 1324 2414 1369 et
2443 1315 2770 1386 quibusnam
2798 1315 3005 1371 similes
3032 1316 3143 1371 sint
3167 1316 3429 1379 declarat,
3463 1333 3588 1386 pue-

2006 1424 2099 1463 ros
2143 1407 2444 1478 appellans,
2478 1408 2606 1477 quia
2646 1407 2826 1477 quoad
2873 1407 3068 1462 anima:
3104 1416 3319 1463 mtatem
3356 1410 3591 1478 juvenes

2006 1512 2060 1561 et
2093 1518 2285 1557 recens
2334 1500 2448 1554 nati
2489 1508 2659 1555 sunt:
2705 1498 2807 1553 hos
2839 1514 3056 1568 quoque
3113 1499 3181 1553 ad
3226 1500 3443 1555 laudem
3492 1500 3588 1555 Dei

2007 1603 2289 1667 provocat.
2337 1591 2448 1647 Pro
2490 1591 2605 1658 illo,
2656 1592 2835 1661 pueri,
2881 1591 3075 1661 Aquila
3108 1598 3161 1646 et
3201 1590 3586 1662 Symmachus,

2007 1689 2164 1752 servi,
2186 1686 2529 1755 interpretati
2562 1693 2690 1740 sunt
2720 1684 2967 1739 dicentes
3003 1699 3016 1735 :
3053 1682 3279 1754 Hymnis
3307 1685 3587 1744 celebrate.

2007 1782 2167 1842 servi,
2203 1778 2509 1840 Dominum,
2561 1776 2772 1847 hymnis
2822 1773 3079 1829 celebrate
3126 1790 3313 1828 nomen
3348 1774 3583 1829 Domini.

2009 1872 2168 1928 Pueri
2195 1885 2435 1940 namque
2460 1868 2597 1923 nihil
2630 1883 2660 1922 a
2694 1866 2870 1921 servis
2898 1864 3176 1930 dill'erunt,
3209 1874 3395 1936 utpote
3425 1865 3585 1921 timo-

2005 1982 2066 2021 re
2096 1963 2378 2020 servitutis
2400 1960 2655 2018 instituti.
2692 1957 2776 2014 Sit
2803 1973 2993 2012 nomen
3019 1956 3238 2011 Domini
3259 1955 3587 2010 benedictum

2004 2071 2069 2110 επ
2097 2055 2194 2109 hoc
2224 2070 2360 2109 nunc
2379 2060 2430 2108 et
2454 2066 2615 2120 usque
2639 2050 2695 2103 in
2726 2047 3003 2102 saeculum.
3035 2044 3201 2110 Quasi
3224 2045 3411 2115 pueris
3434 2045 3589 2116 igno-

2006 2148 2279 2213 rantibus,
2320 2140 2616 2217 quomodo
2668 2140 2960 2196 Dominum
3019 2138 3245 2193 laudare
3297 2145 3585 2209 oporteat,

2006 2235 2360 2309 propheticus
2406 2231 2649 2304 Spiritus
2685 2230 2863 2287 instar
2891 2226 3171 2299 paedagogi
3199 2241 3263 2283 ac
3290 2234 3590 2297 praecepto-

2005 2328 2086 2383 ris
2137 2342 2304 2383 voces
2345 2324 2536 2380 tradit.
2563 2322 2690 2378 Haec
2738 2337 2905 2392 porro
2943 2320 3123 2376 oratio
3161 2327 3247 2376 est
3286 2334 3387 2391 pro
3428 2318 3589 2373 nobis

2009 2417 2194 2489 pueris
2220 2414 2446 2480 emissa,
2478 2421 2537 2468 ut
2558 2428 2757 2468 nomen
2781 2411 2997 2466 Domini
3017 2417 3284 2482 perpetuo
3300 2409 3588 2467 nobiscum

2008 2516 2249 2575 maneat,
2294 2523 2398 2564 nos
2439 2506 2668 2563 minime
2712 2503 2956 2576 fugiens,
2990 2503 3088 2560 sed
3134 2503 3192 2558 in
3241 2504 3353 2559 vita
3398 2510 3589 2559 nostra

2009 2601 2430 2674 conquiescens.

2084 2773 2249 2830 Vens.
2281 2773 2336 2839 '5,
2364 2772 2418 2828 4.
2452 2772 2496 2825 Α
2532 2772 2662 2827 solis
2693 2779 2814 2824 ortu
2838 2785 3001 2841 usque
3028 2770 3096 2823 ad
3118 2786 3363 2824 occasum
3397 2769 3588 2823 lauda-

2011 2868 2113 2922 bile
2134 2882 2322 2922 nomen
2348 2864 2583 2919 Domini.
2607 2862 2864 2917 Excelsus
2896 2878 3053 2928 super
3071 2878 3249 2917 omnes
3280 2871 3457 2932 gentes
3488 2861 3589 2916 Do-

2011 2962 2210 3025 minus,
2243 2975 2402 3029 super
2435 2956 2592 3013 cazlos
2637 2956 2811 3027 gloria
2852 2955 2988 3026 ejus.
3022 2954 3089 3010 Et
3120 2957 3470 3026 quandonam
3500 2956 3590 3011 hic

2012 3067 2194 3110 sermo
2240 3050 2404 3106 linem
2446 3050 2679 3119 accepit,
2713 3048 2821 3103 nisi
2848 3055 2974 3118 post
3001 3046 3296 3102 adventum
3328 3046 3589 3102 Servato-

2014 3144 2091 3199 ris
2119 3141 2291 3198 nostri
2321 3139 2450 3197 Jesu
2482 3139 2722 3194 Christi?
2744 3137 2878 3192 Nam
2928 3145 3058 3192 ante
3090 3138 3243 3192 illum
3276 3138 3333 3191 in
3361 3137 3476 3192 sola
3494 3135 3589 3191 Ju-

329 3258 428 3313 της
453 3242 511 3294 ἐν
536 3245 601 3313 τῇ
645 3243 876 3316 Ἰουδαίᾳ
902 3245 1037 3318 μόνῃ
1068 3244 1285 3315 ἐλέγετο
1322 3245 1563 3314 γνωστὸς
1588 3241 1726 3301 εἶναι
1754 3245 1905 3310 Θεὸς,

2014 3234 2129 3289 daea
2164 3232 2312 3288 Deus
2351 3239 2517 3286 notus
2548 3245 2673 3285 esse
2715 3228 3023 3291 dicebatur,
3056 3239 3107 3283 et
3142 3228 3196 3282 in
3233 3229 3350 3283 solo
3391 3227 3591 3284 lsraele

329 3336 422 3388 καὶ
449 3336 508 3389 ἐν
539 3336 685 3407 μόνῳ
729 3336 808 3409 τῷ
854 3338 1070 3411 Ἰσραὴλ
1122 3338 1264 3409 μέγα
1293 3338 1355 3391 τὸ
1382 3338 1550 3409 ὄνομα
1580 3338 1766 3403 αὑτοῦ,
1799 3337 1907 3393 τῶν

329 3426 435 3493 ἔξω
460 3430 561 3499 τῆς
597 3430 856 3495 Ἰουδαίας
898 3432 1065 3485 ἐθνῶν
1106 3432 1326 3504 δαίμοσι.
1358 3432 1909 3503 καταδεδουλωμένων

330 3518 426 3571 καὶ
468 3519 770 3590 πνεύμασιν
809 3521 1157 3593 ἀκαθάρτοις,
1190 3522 1285 3576 καὶ
1317 3524 1429 3585 τοῖς
1474 3522 1575 3592 τῆς
1621 3521 1907 3575 εἰδωλολα-

328 3609 514 3679 τρείας
559 3613 934 3683 ἀντεχομένοις
986 3613 1078 3667 τοῦ
1123 3615 1383 3686 ὀνόματος
1408 3612 1502 3666 τοῦ
1535 3614 1741 3684 Κυρίου
1774 3613 1910 3685 μηδέ

331 3704 411 3766 εἰς
434 3702 640 3757 έννοιαν
662 3705 1043 3775 ἥκοντος.Ὄτε
1063 3725 1125 3777 γε
1151 3706 1255 3779 μὴν
1270 3708 1554 3776 ἐπιφανεὶς
1575 3706 1735 3778 αὐτὸς
1754 3709 1783 3760 6
1803 3706 1909 3759 Κύ-

335 3812 448 3866 ριος
477 3796 633 3866 ἡμῶν
666 3797 868 3869 Ἰησοῦς
894 3801 922 3852 6
948 3799 1178 3869 Χριστὸς
1205 3800 1329 3863 τοὺς
1356 3798 1520 3853 αὑτοῦ
1550 3797 1793 3869 μαθητὰς
1816 3797 1909 3850 ἐπὶ

334 3888 509 3940 πάντα
538 3887 872 3959 διεπέμψατο
915 3890 984 3942 τὰ
1026 3889 1174 3962 ἔθνη,
1208 3889 1509 3961 τηνικαῦτα
1537 3889 1841 3961 πληροῦται
1881 3891 1909 3942 6

331 3975 420 4031 διὰ
464 3978 572 4032 τῶν
623 3981 998 4052 προκειμένων
1046 3982 1237 4052 φωνῶν
1279 3984 1393 4046 τοῖς
1421 3983 1557 4035 πᾶσι
1586 3981 1911 4052 παραδοθεὶς

333 4066 520 4140 ὕμνος.

409 4164 504 4228 Τίς
528 4164 609 4227 ὠς
634 4164 847 4232 Κύριος
871 4166 903 4219 o'
929 4164 1072 4230 Θεὸς
1098 4165 1267 4235 ἡμῶν
1287 4168 1320 4221 ὁ
1342 4166 1413 4221 ἐν
1432 4166 1695 4235 ὑψηλοῖς
1713 4182 1908 4219 κατοι-

332 4256 475 4324 κῶν,
503 4256 601 4310 καὶ
622 4257 693 4310 τὰ
720 4256 967 4310 ταπεινὰ
996 4258 1228 4326 ἐφορῶν
1254 4259 1324 4313 ἐν
1350 4258 1430 4325 τῷ
1451 4258 1685 4327 οὐρανῷ
1709 4259 1809 4312 καὶ
1840 4261 1910 4313 ἐν

330 4347 409 4415 τῇ
431 4345 507 4418 τῇ
525 4364 543 4411 ;
573 4347 892 4400 Διδάσκεται
924 4348 981 4401 δὲ
1013 4349 1101 4402 διὰ
1131 4349 1337 4404 τούτων
1360 4353 1389 4404 6
1413 4350 1531 4414 νέος
1560 4350 1704 4414 λαὸς,
1741 4352 1817 4414 ὼς
1859 4351 1908 4403 εἰ

2013 3340 2270 3397 magnum
2302 3339 2501 3379 nomen
2527 3322 2646 3393 ejus
2673 3331 2811 3388 erat,
2863 3322 2992 3376 dum
3036 3329 3226 3392 gentes
3272 3336 3393 3390 qua:
3434 3329 3590 3377 extra

2010 3415 2259 3472 Iudaeam
2277 3413 2807 3478 erant,d:emonibus
2834 3420 2889 3465 et
2904 3412 3139 3481 impuris
3155 3412 3438 3481 spiritibus
3458 3412 3591 3465 sub-

2011 3507 2158 3571 ditae,
2203 3520 2269 3561 ac
2312 3504 2639 3559 idololatriae
2673 3503 2904 3557 addicta:
2945 3510 3173 3558 essent:
3209 3518 3335 3556 cum
3387 3518 3589 3558 nomen

2010 3598 2229 3655 Domini
2259 3611 2329 3652 ne
2358 3596 2579 3667 quidem
2607 3598 2663 3649 in
2689 3604 2926 3650 mentem
2952 3596 3163 3661 veniret
3196 3595 3326 3653 illis.
3358 3594 3591 3660 Quando

2012 3700 2195 3748 autem
2228 3692 2345 3761 ipse
2393 3689 2658 3744 Dominus
2702 3696 2890 3744 noster
2933 3687 3095 3743 Jesus
3138 3687 3388 3743 Christus
3429 3686 3590 3741 adve-

2010 3787 2192 3852 niens,
2223 3783 2528 3853 discipulos
2566 3796 2696 3837 suos
2724 3783 2780 3836 in
2802 3796 2995 3836 omnes
3016 3789 3204 3852 gentes
3238 3781 3439 3846 emisit,
3461 3788 3591 3842 tunc

2012 3877 2270 3948 impletus
2298 3882 2385 3932 est
2424 3874 2659 3945 hymnus
2689 3888 2786 3944 per
2820 3873 2923 3929 has
2961 3888 3128 3929 voces
3167 3873 3443 3933 universis
3478 3881 3589 3925 tra-

2010 3969 2179 4024 ditus.

2081 4166 2250 4223 Vens.
2285 4168 2338 4229 5,
2366 4168 2419 4222 6.
2452 4166 2585 4233 Quis
2626 4166 2764 4219 sicut
2793 4163 3056 4219 Dominus
3112 4165 3255 4221 Deus
3298 4175 3476 4221 noster
3501 4166 3591 4237 qui

2010 4264 2064 4317 in
2079 4262 2204 4315 altis
2232 4259 2458 4325 habitat,
2477 4269 2525 4313 et
2544 4257 2772 4311 humilia
2796 4258 3007 4325 respicit
3025 4257 3079 4310 in
3113 4257 3241 4311 cwlo
3263 4266 3312 4311 et
3337 4258 3590 4311 interra?

2009 4356 2109 4410 His
2141 4355 2370 4409 docetur
2410 4367 2585 4407 novus
2634 4351 2897 4421 populus,
2938 4351 3156 4406 etiamsi
3197 4349 3461 4405 Dominus
3492 4362 3587 4403 n0-

331 4439 425 4491 καὶ
458 4437 734 4509 ἀνελήφθη
763 4440 791 4491 6
813 4436 1016 4509 Κύριος
1050 4440 1230 4510 ήμῶν,
1258 4441 1355 4494 καὶ
1383 4440 1526 4495 ἐστιν
1556 4444 1613 4495 ἐν
1642 4441 1794 4513 δεξιᾷ
1814 4441 1907 4495 τοῦ

2013 4456 2126 4504 ster
2153 4451 2472 4515 assumptus
2516 4450 2625 4509 est,
2661 4449 2718 4498 et
2758 4443 2827 4496 ad
2858 4443 3139 4497 dexteram
3188 4441 3370 4498 Patris
3413 4444 3589 4513 sedet,

333 4529 566 4601 Πατρὸς,
593 4530 704 4583 ἀλλ’
734 4525 826 4584 οῦν
868 4532 964 4584 καὶ
1005 4530 1147 4584 οῦτω
1202 4532 1415 4605 πλήρης
1454 4534 1571 4589 ἐστὶ
1596 4536 1745 4588 πᾶσα
1771 4537 1804 4607 ἡ
1834 4536 1905 4606 γῆ

2012 4550 2254 4597 attamen
2278 4547 2447 4594 totam
2488 4546 2695 4598 terram
2730 4538 2946 4609 plenam
2971 4553 3094 4592 esse
3126 4545 3178 4591 et
3205 4538 3443 4608 gaudere
3471 4540 3589 4611 ejus

332 4623 428 4677 καὶ
455 4622 716 4677 ἀπολαύει
741 4624 842 4694 τῆς
871 4625 1175 4697 ἐπισκοπῆς
1192 4624 1528 4701 αὑτοῦίἋρα
1550 4630 1611 4683 ού
1636 4630 1785 4685 δοκεῖ
1814 4630 1909 4701 μέ-

2013 4630 2375 4702 inspectione.
2421 4629 2621 4683 Annon
2660 4627 2793 4682 illud
2835 4642 3091 4698 magnum
3142 4643 3267 4684 esse
3308 4628 3589 4685 videatur?

331 4731 405 4785 γα
436 4713 574 4770 εἶναι
607 4715 667 4769 τὸ
693 4716 1019 4787 εἰρημένον;
1060 4717 1196 4770 Ἀλλ’
1229 4720 1356 4773 ὅταν
1385 4721 1643 4794 ἐννοήσῃς
1675 4724 1803 4794 περ).
1828 4723 1907 4776 τί-

2016 4722 2085 4775 At
2116 4721 2162 4775 si
2187 4718 2506 4775 consideres
2536 4718 2604 4773 de
2630 4732 2739 4789 quo
2766 4717 2976 4772 dictum
3007 4718 3099 4781 sit,
3136 4717 3238 4772 hoc
3267 4718 3428 4790 longe
3460 4720 3588 4776 infe-

331 4822 422 4869 νος
447 4804 680 4877 εἴρηται,
700 4805 904 4876 σφόδρα
931 4806 1048 4859 ἐστὶ
1071 4808 1348 4872 καταδεές.
1385 4809 1509 4873 Πῶς
1533 4812 1637 4882 γὰρ
1663 4813 1720 4864 ἐν
1750 4811 1909 4884 ούρα-

2013 4814 2130 4869 rius
2164 4812 2256 4867 illo
2285 4812 2411 4868 erit.
2446 4811 2732 4877 Quomodo
2771 4809 2916 4865 enim
2955 4810 3011 4863 in
3050 4809 3206 4864 ccelis
3235 4809 3468 4876 habitat,
3495 4813 3591 4882 qui

332 4898 442 4959 νοῖς
482 4899 723 4951 κατοικεῖ
752 4898 780 4949 6
807 4896 899 4951 τὸν
934 4898 1161 4969 οὐρανὸν
1189 4902 1282 4955 καὶ
1319 4899 1418 4972 τὴν
1459 4902 1562 4973 γῆν
1610 4904 1853 4976 πληρῶν,
1884 4907 1909 4959 6

2013 4906 2211 4961 cmlum
2227 4914 2281 4959 et
2305 4912 2501 4959 terram
2525 4903 2735 4974 implet,
2772 4903 2864 4973 qui
2897 4901 3101 4971 ubique
3120 4916 3362 4972 praesens
3395 4904 3531 4959 dicit
3572 4924 3585 4959 :

334 4986 608 5059 πανταχοῦ
640 4987 854 5060 παρὼν.
888 4990 917 5042 6
962 4990 1164 5060 λέγων·
1204 4992 1348 5059 Θεὸς
1374 4994 1617 5064 ἐγγίζων
1646 4997 1781 5067 ἐγὼ,
1813 5000 1909 5053 καὶ

2013 4998 2153 5052 Deus
2196 4998 2619 5066 appropinquans
2659 5011 2752 5065 ego
2777 5010 2915 5059 sum,
2962 5002 3012 5047 et
3040 5010 3145 5047 non
3188 4992 3325 5047 Deus
3368 4996 3588 5063 procul:

334 5082 405 5135 οὐ
430 5080 573 5145 Θεὸς
600 5080 923 5149 πόρρωθεν,
952 5084 985 5135 ὁ
1018 5083 1326 5153 μετρήσας
1352 5086 1459 5140 τὸν
1483 5088 1744 5156 οὐρανὸν
1774 5106 1909 5144 σπι-

2013 5093 2104 5162 qui
2148 5106 2356 5144 mensus
2406 5105 2522 5143 sum
2553 5088 2741 5142 caelum
2766 5089 2965 5171 palmo,
2992 5094 3041 5140 et
3067 5095 3260 5140 terram
3302 5088 3502 5156 pugillo
3521 5089 3587 5153 ’⁸,

335 5172 492 5241 θαμῇ
518 5173 615 5226 καὶ
641 5174 756 5242 τὴν
768 5172 887 5242 γῆν
915 5173 1107 5242 δρακὶ,
1127 5180 1160 5231 ό
1182 5177 1449 5247 κατέχων
1463 5180 1570 5234 τὸν
1583 5181 1767 5250 γύρον
1796 5181 1907 5251 τῆς

2012 5185 2099 5253 qui
2150 5182 2385 5235 contineo
2424 5196 2609 5250 gyrum
2642 5178 2845 5233 ter-rce?
2876 5176 2985 5233 Sed
3020 5176 3281 5247 quoniam
3338 5183 3470 5231 tunc
3510 5179 3586 5231 illi

336 5262 447 5333 γῆς
464 5280 481 5326 ;
524 5263 662 5317 Ἀλλ’
692 5263 879 5335 ἐπειδὴ
911 5265 1046 5338 πρὸς
1082 5268 1369 5332 Ἰουδαίους
1398 5265 1467 5340 ἦν
1494 5270 1643 5341 αὐτῷ
1675 5272 1704 5324 6
1730 5271 1908 5339 λόγος,

337 5354 421 5406 διὰ
449 5353 605 5408 τοῦτο
630 5355 765 5417 τέως
788 5355 929 5409 οῦτω
956 5358 1217 5429 κέχρηται
1244 5360 1322 5430 τῷ
1352 5360 1512 5432 λόγῳ,
1544 5363 1913 5431 συγκαταϐαί.

338 5463 440 5499 νων
473 5448 536 5517 τῇ
587 5446 858 5517 παχύτητι
888 5448 1066 5502 αὐτῶν
1089 5466 1102 5479 σ
1151 5445 1268 5504 εἶτα
1304 5453 1442 5506 κατὰ
1478 5454 1669 5525 μικρὸν
1693 5455 1907 5523 ἀνάγων

304 5600 307 5603 δ
338 5537 514 5590 αὐτῶν
543 5538 640 5607 τὴν
659 5538 895 5592 διάνοιαν
920 5541 1012 5593 καὶ
1038 5540 1253 5611 πτερῶν
1280 5542 1376 5613 τὴν
1398 5543 1622 5615 γνώμην
1647 5546 1740 5597 καὶ
1771 5547 1907 5599 ἁνα-

339 5628 592 5694 όιόάζων,
624 5629 806 5701 ἠρέμα
830 5630 1024 5699 ἐπάγει
1056 5632 1113 5684 ἐν
1146 5632 1223 5702 τῷ
1251 5633 1463 5704 οὐρανῷ
1513 5636 1607 5689 καὶ
1631 5635 1689 5689 ἐν
1720 5639 1784 5706 τῇ
1812 5639 1905 5708 γῇ,

340 5719 576 5773 τουτέστι
630 5721 724 5773 καὶ
769 5720 881 5775 ἄνω
929 5722 1023 5775 καὶ
1067 5724 1233 5777 κάτω.
1263 5724 1431 5780 Τοῦτο
1460 5726 1515 5779 δὲ
1546 5723 1665 5781 εἶπε
1697 5728 1784 5783 διὰ
1812 5730 1909 5800 τὴν

413 5873 457 5905 ³⁸
490 5873 601 5930 Jer.
642 5891 705 5942 ι,
745 5877 838 5944 ll;
876 5877 979 5933 lsa.
1014 5895 1116 5946 XL,
1142 5878 1246 5935 Η.

2016 5290 2199 5330 sermo
2230 5289 2355 5328 cum
2379 5272 2584 5327 Judzeis
2608 5281 2761 5338 erat;
2792 5270 2916 5325 ideo
2939 5269 3173 5325 fortasse
3202 5268 3304 5323 hoc
3334 5268 3587 5337 loquendi

2018 5365 2180 5419 modo
2206 5371 2292 5418 est
2334 5380 2487 5425 usus,
2524 5378 2713 5418 eorum
2759 5375 2879 5417 sese
2920 5360 3294 5416 crassitudini'
3327 5367 3586 5428 attempe-

2012 5471 2183 5509 rans:
2227 5471 2291 5508 ac
2320 5454 2516 5510 deinde
2558 5455 2821 5525 paulatim
2867 5468 3058 5508 eorum
3106 5461 3342 5507 mentem
3375 5452 3585 5522 erigens

2015 5556 2068 5603 et
2095 5549 2373 5614 attollens,
2403 5549 2460 5602 in
2493 5548 2693 5602 caelum
2725 5555 2778 5601 et
2806 5548 2862 5600 in
2896 5554 3097 5601 terram
3130 5544 3375 5608 adducit,
3406 5544 3459 5598 id
3503 5553 3582 5600 est

2014 5655 2235 5695 sursum
2265 5650 2318 5695 et
2348 5640 2627 5695 deorsum.
2669 5637 2724 5692 Id
2759 5652 2889 5692 vero
2923 5637 2999 5691 ait
3025 5637 3098 5691 ob
3142 5634 3454 5690 Judmorum
3476 5636 3581 5707 gim-

2015 5731 2385 5799 becillitatem,
2414 5732 2507 5803 qui
2552 5730 2714 5787 idolis
2745 5729 2913 5785 dediti
2946 5735 3125 5797 erant,
3148 5736 3203 5784 et
3229 5727 3360 5784 deos
3398 5727 3580 5781 adora-
