3992 6404
486 420 617 479 1551

1144 413 1411 473 EUSEBII
1448 414 1931 473 CESARIENSIS
1966 414 2120 473 OPP.
2156 414 2337 473 PARS
2375 415 2463 472 ill.
2503 447 2574 458 —
2602 414 3011 474 EXEGETICA.

3628 412 3781 471 1552

485 544 616 598 bant
661 541 715 595 in
748 540 884 595 locis
911 552 974 593 ac
1018 537 1244 608 templis
1284 537 1552 592 inclusos.
1584 536 1722 591 Cum
1754 536 1832 591 ait
1869 536 2055 607 igitur,

2165 536 2448 591 ἀσθένειαν
2479 535 2579 607 τὴν
2621 533 2936 606 Ἰουδαῖκὴν,
2960 533 3059 606 τήν
3083 534 3221 605 πρὸς
3244 534 3311 588 τὰ
3333 534 3532 589 ἐῐδωλα
3558 538 3780 607 ἐπτοη-

484 633 537 685 in
566 634 696 685 caelo
728 642 775 685 et
817 632 871 683 in
914 642 1082 696 terra,
1136 643 1329 683 ansam
1367 629 1573 699 przebet
1601 626 1893 699 'cogitandi
1934 642 2061 681 eum

485 724 686 794 ubique
720 730 885 794 atque
912 721 999 777 hic
1032 728 1089 778 et
1119 721 1231 775 illic
1262 736 1407 785 esse,
1447 730 1502 776 et
1528 719 1714 774 omnia
1740 717 2059 788 pervadere.

484 814 599 868 Non
640 813 786 868 enim
825 821 884 867 ut
923 812 1196 883 quispiam
1238 812 1293 865 in
1334 814 1476 866 caelo
1508 810 1833 876 conclusus,
1870 811 2065 880 procul

483 914 699 970 terrena
737 905 1044 975 conspicit;
1076 904 1173 959 sed
1212 903 1414 973 ubique
1461 918 1725 973 praesens,
1762 902 2066 971 incompre-

483 999 713 1063 hensus,
739 997 1275 1066 incircumscriptus,
1313 995 1678 1066 omnibusque
1718 1002 1927 1049 astans.
1971 992 2054 1047 Vi-

482 1091 603 1145 den’
633 1106 742 1161 quo
788 1099 947 1161 pacto
982 1090 1241 1159 paulatim
1268 1088 1581 1142 auditorum
1614 1096 1853 1141 mentem
1876 1086 2063 1141 suble-

482 1184 600 1238 vet?
637 1183 755 1237 Non
792 1183 937 1237 enim
971 1183 1093 1236 ideo
1151 1182 1470 1252 interrogat,
1518 1187 1577 1233 ut
1619 1180 1745 1249 quis
1783 1177 1851 1233 de
1891 1178 2064 1247 gloria

480 1276 573 1331 Dei
603 1276 768 1348 digna
814 1278 1092 1347 loquatur,
1134 1276 1229 1329 sed
1280 1290 1381 1344 pro
1428 1282 1592 1344 captu
1646 1273 1950 1327 hominum.
1998 1271 2066 1326 Et

480 1371 607 1425 alibi
637 1387 857 1442 quoque
885 1370 1085 1425 cmlum
1116 1368 1320 1422 dicitur
1350 1382 1474 1422 esse
1516 1368 1750 1422 thronus
1780 1365 1897 1429 Dei,
1934 1366 2062 1435 quia

479 1465 730 1519 caelestes
758 1465 990 1518 virtutes
1018 1463 1140 1518 istic
1162 1462 1257 1517 Dei
1276 1460 1505 1533 gloriam
1534 1460 1765 1513 firmiter
1790 1459 2060 1517 obtinent;

478 1564 624 1611 terra
659 1572 789 1612 vero
819 1557 1139 1620 scabellum,
1173 1556 1301 1626 quia
1330 1554 1580 1609 homines
1609 1553 1663 1606 in
1693 1561 1840 1608 terra
1868 1559 2055 1605 extre-

475 1664 566 1702 ma
605 1650 915 1703 divinorum
959 1649 1045 1702 vix
1081 1664 1279 1719 capere
1313 1649 1517 1703 valent.
1564 1646 1665 1701 Hic
1716 1660 1847 1701 vero
1891 1644 2061 1698 David

477 1748 766 1811 postquam
808 1740 1115 1794 auditorem
1147 1740 1213 1793 de
1259 1748 1405 1793 terra
1452 1738 1644 1801 erexit,
1682 1736 1753 1791 ad
1794 1734 1942 1790 aliud
1964 1734 2061 1791 Dei

477 1834 692 1887 virtutis
720 1842 1099 1904 argumentum
1132 1832 1474 1901 progreditur
1505 1830 1695 1885 dicens
1726 1846 1738 1881 :

2169 630 2361 701 μένην,
2391 628 2487 682 καὶ
2529 629 2685 692 θεοὺς
2716 627 3130 700 προσκυνοῦσαν
3166 629 3292 693 τοὺς
3330 631 3390 681 ὲν
3437 627 3643 693 τόποις
3677 632 3782 683 καὶ

2166 724 2313 784 ναοῖς
2340 719 2885 790 συγκεκλεισμένους.
2923 718 3109 773 Εἰπὼν
3136 719 3289 790 γοῦν,
3320 722 3389 775 ἐν
3412 720 3496 787 τῷ
3518 721 3781 791 οὐρανῷ

2165 813 2267 867 καὶ
2304 814 2373 867 ἐν
2396 810 2471 881 τῇ
2500 809 2598 882 γῇ,
2626 810 2810 864 δίδωσι
2852 813 3012 875 νοεῖν,
3042 812 3128 864 ὅτι
3170 812 3446 883 πανταχοῦ
3487 815 3639 879 ἐστι,
3672 816 3779 869 κά-

2166 906 2252 958 κεῖ
2277 904 2372 957 καὶ
2403 902 2660 965 ἐνταῦθα,
2690 904 2783 955 καὶ
2806 901 2895 955 διά
2923 902 3145 956 πάντων
3174 904 3319 975 ἥκει.
3353 905 3426 958 Οὐ
3455 906 3572 978 γὰρ
3596 906 3681 970 ὡς
3708 908 3779 963 ἀν

2163 1015 2247 1061 τις
2276 999 2333 1050 ὲν
2376 994 2592 1067 οὐρανῷ
2633 994 3123 1067 συγκεκλεισμένος
3152 996 3433 1067 πόρρωθεν
3467 997 3673 1068 βλέπει
3703 999 3775 1053 τὰ

2163 1092 2221 1144 ὲν
2238 1092 2305 1160 τῇ
2336 1092 2430 1161 γῇ,
2453 1087 2588 1142 ἀλλά
2620 1087 2895 1158 πανταχοῦ
2918 1088 3109 1158 παρὼν
3132 1090 3225 1142 καὶ
3250 1089 3539 1161 άχὼρητος
3570 1090 3652 1145 ὣν
3672 1094 3776 1145 καὶ

2162 1184 2573 1256 ἀπερίγραπτος
2622 1182 2719 1238 καὶ
2766 1184 2902 1236 πᾶσι
2948 1184 3388 1254 περιιστάμενος.
3435 1180 3599 1249 Εἶδες
3648 1187 3775 1250 τοιῖις

2163 1277 2305 1331 κατά
2332 1277 2527 1349 μικρὸν
2556 1280 2750 1349 πτεροί
2777 1278 2875 1348 τὴν
2902 1276 3143 1331 διάνοιαν
3175 1278 3285 1331 τῶν
3306 1278 3660 1345 ἀκουόντων;
3692 1281 3773 1333 0-5

2161 1371 2270 1441 γὰρ
2296 1369 2451 1441 ζητεῖ
2473 1371 2621 1431 ὅπως
2644 1371 2710 1425 ἄν
2732 1388 2818 1434 τις
2841 1374 2941 1442 τῆς
2966 1371 3124 1442 δόξης
3151 1372 3297 1424 εἴποι
3324 1372 3418 1425 τοῦ
3449 1372 3596 1425 Θεοῦ
3628 1373 3776 1439 τέως

2160 1461 2403 1527 ἐπάξιον,
2440 1462 2552 1514 ἀλλ’
2575 1462 2723 1524 ὅπως
2746 1462 2973 1525 ἐκείνως
2998 1461 3263 1533 χωρητόν.
3296 1463 3408 1516 Kal.
3438 1462 3691 1533 ἀλλαχοῦ
3712 1463 3775 1518 δὲ

2161 1552 2347 1624 θρόνος
2390 1551 2525 1605 Θεοῦ
2574 1553 2791 1621 λέγεται
2825 1555 2854 1606 ὁ
2886 1552 3114 1624 οὐρανὸς
3146 1552 3337 1617 ὲκετοῦ
3364 1552 3464 1618 τὰς
3494 1555 3775 1625 οὐρανίας

2160 1645 2417 1716 δυνάμεις
2446 1644 2655 1713 παγίως
2701 1648 2759 1699 ἐν
2806 1647 2997 1710 αὐταῖς
3023 1645 3122 1718 τὴν
3167 1645 3262 1699 τοῦ
3295 1645 3429 1699 Θεοῦ
3476 1646 3648 1713 δόξαν
3681 1649 3774 1701 ὲν-

2164 1736 2453 1808 ιδρυμένην
2485 1738 2629 1807 ἔχειν
2647 1754 2659 1765 ⁸
2697 1738 2792 1790 καὶ
2818 1739 2852 1809 ή
2884 1737 2959 1809 γῆ
2994 1738 3305 1802 ὑποπόδιον,
3331 1736 3422 1791 διὰ
3446 1737 3509 1791 τὸ
3531 1738 3634 1791 ἐπὶ
3657 1737 3772 1809 γῆς

2159 1828 2287 1890 τοὺς
2318 1826 2639 1898 ἀνθρώπους
2688 1827 2756 1880 τὰ
2807 1827 3091 1882 τελευταῖα
3124 1828 3232 1883 τῶν
3265 1829 3394 1900 περὶ
3417 1828 3556 1882 Θεοῦ
3605 1830 3770 1901 μόλις

477 1927 720 1999 χωρῆσαι
764 1926 1041 1980 δύνασθαι.
1099 1924 1362 1978 Ἐνταῦθα
1405 1925 1462 1978 δὲ
1495 1926 1808 1995 ἀναστήσας
1851 1922 1959 1976 ἀπὸ
2000 1922 2099 1994 τῆς
2134 1920 2238 1992 γῆς
2288 1920 2381 1976 τὸν
2432 1921 2707 1994 ἀκροατὴν
2750 1924 2781 1976 ὁ
2824 1923 3007 1992 Δαυῒδ,
3066 1925 3152 1995 ἐφ’
3178 1926 3365 1997 ἕτερον
3396 1926 3629 1999 ἔρχεται
3664 1927 3767 1996 τῆς

475 2020 754 2091 δυνάμεως
782 2020 875 2074 τοῦ
908 2020 1043 2074 Θεοῦ
1071 2020 1269 2090 δεῖγμα
1301 2019 1474 2087 λέγων
1495 2037 1508 2049 ο

544 2132 712 2188 Vens.
760 2133 872 2186 7-9.
907 2132 1188 2188 Suscitans
1237 2135 1300 2187 de
1334 2143 1476 2187 terra
1516 2133 1723 2200 inopem
1751 2142 1800 2187 et
1832 2130 1897 2186 de
1919 2141 2057 2186 ster-
2090 2151 2133 2206 Β

475 2240 592 2278 rore
620 2225 823 2294 erigens
862 2239 1174 2292 pauperem,
1202 2234 1257 2276 ut
1294 2225 1511 2278 collocet
1550 2240 1669 2278 eum
1706 2240 1825 2277 cum
1856 2223 2057 2292 princi-

475 2316 646 2384 pibus,
674 2332 791 2368 cum
821 2317 1148 2385 principibus
1172 2318 1355 2386 populi
1388 2318 1511 2380 sui;
1542 2318 1632 2387 qui
1660 2315 1900 2370 habitare
1927 2316 2057 2385 facit

476 2408 705 2463 sterilem
734 2410 789 2462 in
815 2409 991 2469 domo,
1019 2420 1241 2464 matrem
1280 2411 1346 2465 de
1391 2412 1519 2480 [iliis
1549 2413 1839 2466 lwtantem.
1870 2410 2057 2466 Virtu-

476 2509 582 2555 tem
615 2500 711 2555 Dei
750 2516 848 2571 pro
884 2503 1168 2558 volimtatc
1198 2518 1296 2558 sua
1326 2504 1581 2573 quaelibet
1625 2511 2053 2559 commutantem

476 2592 735 2647 celebrat.
769 2593 889 2647 Non
931 2594 1108 2648 solum
1140 2595 1308 2659 enim,
1345 2596 1542 2666 inquit,
1588 2610 1884 2666 pauperem
1915 2597 2057 2652 divi-

476 2681 566 2737 tiis
585 2690 638 2736 et
667 2682 839 2753 gloria
875 2681 1071 2747 allicit,
1103 2684 1195 2738 sed
1227 2685 1390 2738 etiam
1425 2700 1550 2739 cum
1586 2686 1928 2756 principibus
1959 2702 2056 2756 po-

474 2773 586 2845 puli
618 2774 872 2836 collocat,
905 2783 957 2830 et
986 2774 1053 2828 ad
1078 2774 1368 2845 imperium
1400 2777 1601 2832 evehit.
1627 2778 1830 2850 Magum
1853 2779 2055 2850 quippe

474 2873 528 2922 et
564 2866 949 2922 inenarrabilis
1008 2867 1228 2921 virtutis
1274 2877 1358 2923 est
1394 2884 1557 2939 parva
1601 2871 1830 2940 erigere.
1869 2870 2057 2927 Potest

473 2958 600 3014 item
629 2957 719 3014 hic
746 2974 939 3014 versus
969 2957 1037 3013 de
1067 2961 1266 3029 populo
1298 2977 1362 3014 ex
1393 2962 1645 3031 gentibus
1668 2962 1775 3015 dici
1807 2982 1818 3016 :
1852 2963 1919 3018 de
1945 2979 2054 3034 quo

473 3044 548 3098 ait
586 3046 850 3116 propheta
899 3066 912 3100 :
952 3046 1023 3099 Et
1072 3058 1346 3117 propterea
1389 3050 1651 3104 benedicet
1696 3051 1790 3105 tibi
1827 3054 2053 3123 populus

473 3150 688 3205 pauper,
719 3147 768 3191 et
797 3138 1035 3192 civitates
1064 3139 1334 3193 hominum
1376 3141 1581 3211 injuria
1622 3143 1935 3213 a/fectorum
1966 3146 2053 3200 be—

472 3227 708 3284 nedicent
744 3231 861 3286 tibi.
897 3230 1074 3285 Fuisti
1107 3234 1249 3286 enim
1282 3235 1425 3288 omni
1471 3236 1676 3289 civitati
1733 3237 1924 3291 humili
1953 3238 2045 3291 ad-

473 3318 635 3385 iutor,
682 3330 732 3375 et
764 3322 829 3376 iis
857 3324 947 3392 qui
994 3325 1174 3378 animo
1218 3325 1534 3395 deﬁciebant
1568 3338 1781 3398 propter
1815 3329 2051 3399 indigen-

473 3412 624 3477 tiam,
674 3421 1028 3485 tegumentum
1070 3432 1088 3470 :
1142 3417 1206 3470 ab
1245 3417 1545 3473 hominibus
1602 3420 1850 3491 malignis
1900 3438 2048 3476 erues

2245 2128 2299 2183 '0
2345 2129 2589 2199 ἐγείρων
2628 2127 2747 2182 ἀπὸ
2784 2127 2898 2198 γῆς
2930 2129 3189 2198 πτωχὸν,
3220 2131 3321 2184 καὶ
3344 2134 3465 2188 ἀπὸ
3501 2140 3763 2207 aea-(plac

2158 2221 2412 2291 ἀνυψεῶν
2427 2220 2785 2288 πένητα,τοῦ
2800 2221 3041 2275 καθίσαι
3054 2222 3244 2275 αὐτὸν
3246 2224 3399 2291 μετὰ
3417 2227 3759 2296 ἀρχόντων,

2153 2310 2305 2381 μετὰ
2341 2311 2651 2380 ἀρχόντων
2687 2308 2841 2363 λαοῦ
2882 2309 3107 2364 αὐτοῦ’
3150 2314 3183 2365 ό
3227 2314 3582 2375 κατοικίζων
3600 2321 3764 2372 στεί.

2152 2423 2273 2475 ραν
2293 2407 2363 2461 ἐν
2395 2406 2557 2470 οἴκῳ,
2579 2402 2807 2473 μητέρα
2847 2404 2945 2456 ἐπὶ
2984 2404 3213 2472 τέκνοις
3250 2408 3761 2482 εὐρραινομένην.

2170 2499 2363 2570 ’Υμνεῖ
2390 2498 2489 2569 τὴν
2530 2496 2760 2569 δύναμιν
2811 2494 2908 2551 τοῦ
2955 2496 3112 2561 Θεοῦ,
3145 2498 3342 2569 ῥᾳδίως
3386 2503 3763 2572 μεταϐάλλου-

2159 2608 2257 2644 σαν
2283 2590 2319 2644 ἀ
2354 2588 2621 2661 βούλεται.
2657 2590 2733 2642 Οὐ
2785 2589 2945 2659 μόνον
2994 2589 3124 2660 γὰρ,
3162 2592 3315 2661 φησι,
3343 2593 3631 2659 πλουτίζει
3672 2598 3764 2652 τὸν

2158 2684 2364 2753 πένητα
2386 2682 2482 2735 καὶ
2508 2681 2739 2749 δοξάζει,
2779 2680 2916 2734 ἀλλὰ
2947 2681 3041 2733 καὶ
3074 2684 3188 2745 τοῖς
3220 2682 3446 2754 ἄρχουσι
3484 2688 3586 2741 τοῦ
3624 2689 3760 2745 λαοῦ

2158 2771 2573 2843 συγκαθίστησι,
2606 2771 2701 2824 καὶ
2745 2773 2825 2834 εἰς
2872 2770 3044 2842 ἀρχὴν
3087 2772 3298 2840 ἀνάγει.
3346 2776 3619 2848 Μεγάλης
3654 2782 3762 2852 γὰρ

2155 2866 2435 2938 δυνάμεως
2463 2866 2561 2920 καὶ
2591 2866 2802 2935 άφάτου
2832 2866 2893 2919 ηδ
2916 2866 2984 2920 τὰ
3017 2867 3189 2940 μικρά
3217 2869 3483 2940 ἐπαίρειν.
3517 2873 3761 2928 Δύναται

2154 2959 2211 3012 δὲ
2252 2960 2282 3010 ὁ
2316 2960 2499 3029 στίχος
2531 2958 2626 3012 καὶ
2658 2959 2785 3031 περὶ⁹
2816 2958 2910 3011 τοῦ
2942 2959 3051 3011 ἀπὸ
3094 2958 3201 3012 τῶν
3231 2960 3400 3014 ἐθνῶν
3427 2962 3563 3017 λαοῦ
3596 2965 3760 3036 λέγε-

2156 3051 2301 3117 σθαι,
2318 3053 2447 3124 περὶ
2464 3046 2525 3107 οὗ
2546 3068 2711 3122 φησιν
2730 3053 2759 3104 ὁ
2779 3053 3067 3122 προφήτης
3086 3069 3099 3082 ο
3125 3053 3237 3108 Καὶ
3256 3053 3352 3107 διὰ
3370 3056 3555 3109 τοῦτο
3582 3062 3747 3122 six),

2154 3144 2329 3215 γήσει
2362 3161 2436 3199 σε
2459 3148 2493 3199 ό
2523 3149 2673 3211 λαὸς
2709 3147 2742 3198 ό
2767 3146 3024 3215 πτωχὸς,
3051 3147 3151 3199 καὶ
3187 3149 3396 3213 πόλεις
3422 3150 3760 3219 ἀνθρώπων

2152 3237 2562 3307 ἀδικουμένων
2602 3235 3017 3306 εὐλογήσουσί
3041 3252 3133 3293 σε.
3166 3238 3403 3308 Ἐγὲνου
3432 3242 3549 3309 τὰρ
3580 3244 3760 3313 πάσῃ

2153 3332 2327 3385 πόλει
2351 3329 2604 3397 ταπεινῇ
2623 3329 2873 3396 βοηθὸς,
2901 3328 3144 3396 καὶτοῖς
3178 3331 3531 3401 ἁθινμήσασι
3552 3334 3635 3388 δι’
3663 3336 3762 3389 ἕν-

2153 3422 2320 3477 δειαν
2337 3422 2557 3491 σκέπη·
2571 3422 2688 3476 ἀπὸ
2705 3423 3030 3489 ἀνθρώπων
3040 3423 3318 3491 πονηρῶν
3318 3427 3483 3495 ῥύσῃ
3500 3430 3731 3496 αὐτούς
3742 3449 3754 3461 ·

474 3518 555 3556 eos
587 3518 606 3555 :
651 3511 1003 3575 tegumentum
1043 3507 1356 3575 sitientium,
1407 3521 1457 3564 et
1506 3511 1721 3579 spiritus
1774 3512 2046 3566 hominum

2158 3513 2349 3580 σκέπη
2380 3512 2710 3582 διψώιτων,
2724 3513 2822 3566 καί
2837 3513 3072 3583 πνεῦμα
3090 3515 3413 3583 ἀνθρώπων
3435 3519 3757 3591 ἁδικοηιέ.

473 3596 672 3663 injuria
720 3598 1111 3667 aﬁ'ectorum”.
1161 3600 1319 3657 Hunc
1364 3604 1510 3658 enim
1542 3619 1836 3676 pauperem
1867 3616 1919 3660 et
1954 3622 2054 3677 po-

473 3690 658 3760 pulum
688 3707 917 3762 egenum
947 3708 979 3749 a
1020 3694 1226 3750 vilibus
1274 3696 1460 3763 rebus,
1494 3712 1525 3751 a
1554 3698 1824 3755 dedecore
1856 3702 2053 3754 turbu-

472 3783 742 3838 lentorum
785 3785 957 3838 animi
1000 3793 1270 3849 motuum,
1316 3795 1371 3841 et
1404 3803 1436 3842 a
1479 3798 1725 3846 stercore
1763 3792 2056 3862 gentilitia-

471 3890 591 3930 rum
613 3875 1079 3932 abominationum
1102 3880 1339 3951 erigens,
1362 3880 1553 3937 sedere
1571 3881 1733 3938 faciet
1759 3899 1882 3939 cum
1904 3884 2055 3951 prin-

472 3967 684 4039 c'pibus
715 3967 955 4032 lsraelis,
989 3970 1083 4039 qui
1135 3972 1371 4042 populus
1399 3973 1521 4044 ejus
1563 3982 1668 4031 cst.
1704 3974 1841 4031 Sunt
1870 3983 2053 4030 autem

472 4058 706 4128 apostoli
763 4060 1044 4132 principes
1092 4063 1176 4117 vel
1222 4065 1547 4133 patriarchae
1598 4064 1881 4121 Hebraicaa
1923 4082 2055 4137 gen-

470 4150 543 4205 tis
581 4165 594 4201 :
629 4151 958 4221 quibuscum
1006 4154 1334 4210 habitabunt
1378 4165 1648 4227 quotquot
1690 4173 1758 4213 ex
1799 4159 2052 4229 gentibus

472 4241 855 4298 crediderunt.
906 4242 1268 4318 rldipsumque
1326 4247 1460 4304 dicit
1511 4248 1776 4306 Dominus
1834 4269 1846 4304 :
1893 4248 2054 4303 Multi

472 4338 672 4392 venient
706 4338 772 4392 ab
828 4341 1026 4394 oriente
1066 4350 1118 4395 et
1151 4341 1443 4408 occidente,
1489 4353 1539 4398 et
1591 4342 1893 4397 reoumbent
1934 4360 2052 4396 cum

473 4430 761 4496 Abraham,
802 4431 962 4486 Isaac
1006 4445 1058 4487 et
1095 4433 1263 4489 Jacob
1306 4438 1361 4491 in
1404 4453 1564 4507 regno
1603 4437 1854 4491 cazlorum
1879 4437 1917 4488 '.
1957 4436 2053 4493 Est

472 4524 651 4596 itaque
704 4540 887 4581 sermo
930 4526 1018 4581 ille
1048 4527 1397 4585 universalis.
1445 4528 1603 4594 Quod
1648 4530 1694 4585 si
1727 4528 1852 4599 quis
1896 4529 2050 4583 illum

472 4618 771 4689 anagogico
817 4634 970 4675 more
1008 4622 1258 4691 excipere
1280 4622 1434 4688 velit,
1465 4622 1513 4678 is
1547 4621 1917 4693 deprehendet
1947 4622 2051 4676 hoc

471 4710 649 4781 ipsum
680 4711 736 4765 in
777 4711 1012 4767 adventu
1042 4711 1248 4767 Christi
1300 4712 1505 4768 laetum
1537 4729 1680 4770 esse.
1730 4713 1875 4781 Quid
1903 4714 2050 4769 enim

471 4814 667 4860 natura
717 4813 909 4861 nostra
955 4807 1240 4877 egentius?
1273 4807 1533 4862 Attamen
1585 4808 1734 4861 illam
1788 4806 2049 4862 excitavit

2153 3622 2295 3660 νων.
2311 3604 2418 3657 Τοῦ
2430 3621 2511 3658 τον
2525 3604 2632 3677 γὰρ
2653 3604 2744 3657 τὸν
2767 3605 2980 3675 πτωχὸν
3005 3607 3098 3659 καὶ
3120 3608 3323 3677 πένητα
3338 3609 3485 3673 λαὸν,
3509 3613 3623 3667 ἀπὸ
3644 3616 3759 3669 τῶν

2156 3694 2509 3767 χαμαιζήλων
2530 3697 2872 3768 πραγμάτων
2897 3697 3137 3767 ἐγείρας,
3157 3700 3251 3752 καὶ
3270 3700 3370 3770 τῆς
3384 3704 3616 3773 ἀτιμίας
3642 3706 3757 3759 τῶν

2156 3788 2345 3843 παθῶν
2365 3790 2577 3861 καὶτῆς
2603 3791 2837 3863 κοπρίας
2858 3792 2966 3845 τῶν
2991 3791 3315 3863 Ἑλληνικῶν
3344 3797 3754 3867 μυσαγμάτων,

2155 3880 2367 3935 καθίσει
2401 3880 2539 3952 μετὰ
2581 3881 2690 3937 τῶν
2737 3882 3014 3952 ἀρχόντων
3039 3883 3133 3937 τοῦ
3164 3884 3395 3955 Ἰσραὴλ,
3427 3886 3587 3951 ὄντος
3614 3888 3755 3943 λαοῦ

2154 3971 2337 4025 αὐτοῦ.
2368 3972 2489 4025 Εἰσὶ
2536 3971 2595 4025 δὲ
2640 3974 2687 4026 oi
2722 3973 3007 4027 ἀπόστολοι
3052 3976 3309 4047 ἄρχοντες
3340 3978 3432 4030 τοῦ
3470 3978 3756 4052 Ἐϐραίων

2153 4062 2304 4131 λαοῦ,
2338 4065 2371 4134 ἢ
2408 4066 2503 4117 καὶ
2532 4066 2581 4118 οἱ
2630 4066 2984 4137 πατριάρχαι,
3025 4066 3142 4137 μεθ’
3176 4061 3251 4120 ὧν
3289 4070 3758 4141 κατασκηνὼαου-

2155 4172 2239 4209 σιν
2264 4157 2313 4208 οί
2340 4154 2399 4220 ἐξ
2425 4155 2594 4211 ἐθνῶν
2629 4158 3036 4221 πιστεύσαντες.
3071 4159 3181 4211 Kal.
3202 4159 3360 4212 τοῦτό
3387 4178 3560 4233 φησιν
3582 4166 3612 4216 ό
3632 4168 3757 4220 KQ-

2155 4264 2271 4318 ριος
2292 4264 2307 4279 ·
2331 4248 2559 4302 Πολλοὶ
2589 4248 2849 4315 ἥξουσιν
2869 4250 2988 4304 ἀπὸ
3009 4251 3320 4305 ἀνατολῶν
3341 4254 3441 4307 καὶ
3468 4257 3757 4327 δυσμῶν,

2153 4338 2253 4392 καὶ
2310 4338 2821 4406 ἀνακλιθήσονται
2869 4341 3019 4411 μετὰ
3055 4342 3320 4412 Ἀϐραὰμ,
3370 4344 3473 4398 καὶ
3508 4347 3755 4413 Ἰσαὰκ,

2153 4429 2254 4483 καὶ
2338 4430 2539 4485 Ἰακὼϐ
2607 4432 2676 4485 ἐν
2748 4431 2826 4501 τῇ
2895 4433 3183 4501 ,βασιλείᾳ
3256 4433 3376 4489 τῶν
3445 4439 3752 4506 οίφανῶν.

2156 4523 2313 4576 Ἔστι
2347 4524 2442 4594 μὲν
2474 4519 2567 4577 οὖν
2595 4526 2624 4577 ὁ
2648 4525 2803 4593 λόγος
2829 4524 3133 4590 καθολικός.
3173 4527 3236 4579 Εἰ
3265 4527 3321 4580 δέ
3351 4545 3437 4594 τις
3473 4531 3573 4584 καὶ
3602 4536 3757 4589 κατὰ

2151 4617 2443 4687 ἀναγωγὴν
2485 4617 2646 4672 αὐτὸν
2695 4618 3002 4689 βουληθείη,
3030 4619 3222 4689 ὄψεται
3251 4620 3411 4674 τοῦτο
3453 4622 3624 4677 πάλιν
3656 4628 3755 4680 ἐπὶ

2148 4709 2249 4779 τῆς
2285 4710 2590 4780 παρουσίας
2641 4708 2733 4763 τοῦ
2776 4710 3013 4782 Χριστοῦ
3059 4712 3366 4783 γενόμενον.
3400 4714 3474 4788 Τί⁸
3502 4716 3617 4788 γὰρ
3646 4719 3756 4788 τῆς

2150 4802 2426 4873 ἡμετέρας
2476 4801 2690 4872 φύσεως
2743 4803 3116 4876 πτωχότερονς
3174 4806 3312 4858 Ἀλλ’
3360 4785 3511 4877 ὅμως
3573 4785 3765 4909 abripi;

470 4898 848 4969 primitiasque
892 4906 1112 4955 nostras
1160 4900 1376 4964 extulit,
1418 4907 1583 4970 atque
1614 4900 1671 4953 in
1716 4898 2047 4954 altissimum

2158 4893 2343 4965 ῆγειρε
2371 4895 2465 4946 καὶ
2498 4894 2741 4965 ἀνήγαγε
2769 4893 2868 4965 τὴν
2902 4896 3153 4967 ἀπαρχὴν
3180 4897 3356 4969 ήμῶν,
3383 4901 3479 4951 καὶ
3526 4902 3613 4964 εἰς
3653 4880 3753 4955 οῦ-

470 4990 666 5044 coelum
699 4990 890 5045 sedere
944 4989 1096 5045 fecit.
1129 4989 1351 5046 Stercus
1399 4999 1580 5046 autem
1631 4990 1734 5044 hoc
1766 4990 1888 5045 loco
1916 4989 2050 5044 dicit

470 5084 731 5137 vilitatem
763 5083 913 5137 illam
936 5126 951 5150 ,
981 5091 1035 5139 et
1068 5086 1432 5154 repentinam,
1462 5099 1583 5154 quae
1605 5084 1733 5139 inde
1764 5082 1909 5137 facta
1940 5091 2045 5148 est,

469 5176 847 5241 mutationem,
881 5178 1064 5230 omnia
1106 5178 1209 5247 ipsi
1253 5177 1434 5230 facilia
1491 5184 1546 5231 et
1577 5177 1763 5246 pervia
1795 5191 1919 5231 esse
1947 5176 2045 5230 de-

470 5268 704 5324 clarans.
742 5266 868 5323 Haec
896 5275 951 5321 et
983 5269 1137 5322 beata
1166 5269 1342 5335 Anna,
1366 5269 1627 5340 hymnum
1657 5268 1714 5321 in
1746 5269 2045 5339 gratiarum

471 5360 739 5415 actionem
771 5359 882 5416 Deo
913 5360 1169 5425 oﬂerens,
1198 5362 1332 5415 dicit
1382 5381 1394 5415 :
1456 5361 1712 5415 Dominus
1766 5376 2047 5431 pauperem

473 5452 617 5518 facit,
649 5462 699 5507 et
726 5454 898 5516 ditat;
927 5453 1194 5515 humiliat,
1223 5462 1271 5507 et
1314 5453 1508 5523 erigit;
1541 5454 1761 5507 suscitat
1795 5452 1858 5507 de
1906 5463 2047 5506 terra

473 5547 694 5617 inopem,
729 5556 779 5602 et
805 5546 870 5602 de
899 5559 1125 5601 stercore
1149 5547 1302 5617 erigit
1328 5563 1628 5617 pauperem,
1653 5557 1709 5599 ut
1748 5546 1926 5600 sedere
1962 5546 2047 5615 fa-

476 5640 576 5690 ciat
606 5654 725 5691 cum
756 5640 1099 5707 optimatibus
1145 5640 1345 5708 populi,
1395 5649 1445 5693 et
1492 5639 1738 5693 thronum
1779 5640 1961 5709 gloria:
1990 5639 2045 5691 in

475 5727 827 5781 htrreditatem
869 5730 997 5798 ipsis
1052 5729 1283 5784 tribuens
1319 5732 1360 5783 '.
1393 5729 1519 5785 Haec
1576 5746 1740 5800 porro
1795 5730 2046 5785 videmus

2157 4984 2318 5054 ρανὸν
2366 4985 2586 5039 ἐκάθισε
2628 4985 2718 5040 τὸν
2761 4985 3110 5059 ὑψηλότερον.
3144 4989 3392 5060 Κοπρίαν
3416 4990 3475 5042 δὲ
3504 4990 3753 5046 ἐνταῦθα

2152 5075 2214 5128 τὸ
2256 5077 2471 5141 εὐτελὲς
2513 5077 2679 5147 λέγει,
2708 5068 2802 5131 κάὶ
2846 5079 2943 5150 τὴν
2973 5079 3181 5135 ἐκεῖθεν
3220 5082 3416 5154 ἀθρόον
3444 5086 3751 5159 γινομένην

2157 5168 2479 5240 μεταϐολὴν,
2511 5170 2722 5233 δεικνὺς
2771 5172 2853 5224 ὅτι
2897 5171 3076 5228 πάντα
3100 5173 3251 5245 αὐτῷ
3280 5176 3433 5246 ῥᾴδια
3461 5177 3558 5229 καὶ
3585 5178 3748 5231 εὔκο-

2152 5261 2241 5315 λα.
2260 5262 2445 5315 Ταῦτα
2478 5262 2534 5315 δὲ
2563 5264 2658 5316 καὶ
2691 5266 2723 5334 ή
2755 5264 2999 5337 μακαρία
3029 5268 3198 5322 Ἀννα
3224 5270 3431 5341 εἴρηκε,
3456 5270 3553 5324 τὸν
3581 5290 3748 5343 χαρι-

2156 5355 2375 5425 στήριον
2422 5353 2587 5425 ὕμνον
2618 5357 3002 5429 προσφέρουσα
3027 5360 3107 5431 τῷ
3145 5362 3296 5432 Θειξν
3328 5363 3549 5431 Κύριος
3590 5380 3746 5419 πτω-

2154 5449 2294 5518 χίζει
2333 5448 2434 5503 καὶ
2473 5449 2790 5516 πλωτίᾶι,
2827 5454 3099 5508 ταπεινοῖ
3122 5456 3219 5509 καὶ
3248 5457 3495 5526 ἁνυψοῖ,
3517 5458 3745 5527 ἀνιστᾷ

2154 5543 2273 5596 ἀπὸ
2305 5542 2417 5614 γῆς
2458 5542 2704 5611 πένητα,
2733 5545 2831 5599 καὶ
2877 5546 2997 5600 ἀπὸ
3038 5550 3287 5617 κοπρίας
3317 5549 3529 5620 ἐγείρει
3583 5567 3744 5606 πτω-

2154 5633 2287 5703 χὸν,
2335 5636 2574 5690 καθίσαι
2629 5637 2780 5707 μετὰ
2838 5639 3159 5695 δυναστῶν
3212 5643 3395 5711 λαοῦ,
3448 5644 3551 5698 καὶ
3606 5648 3742 5714 θρόο

2154 5747 2266 5784 νον
2336 5730 2522 5799 δόξης
2602 5734 3144 5805 κατακληρονομῶν
3207 5736 3430 5801 αὐτοῖς.
3484 5737 3744 5810 Ὀρῶμεν

546 5945 590 5974 ²³⁹
626 5946 728 6003 lsa.
764 5964 927 6015 xxxv,
959 5949 991 6002 5
1016 5988 1029 6015 ,
1064 5949 1116 6002 4.
1197 5951 1212 5980 ¹
1256 5948 1443 6005 Matth.
1482 5964 1611 6018 Vill,
1636 5951 1723 6006 ii.
1791 5953 1809 5981 ¹
1850 5953 1867 6006 l
1902 5949 2033 6023 Reg.
2072 5967 2109 6008 II
2137 5991 2150 6018 ,
2190 5951 2242 6019 '7,
2279 5953 2333 6009 8.
