3992 6404
248 422 389 475 17-35

1398 409 1903 471 COMMENTARIA
1944 413 2007 468 IN
2048 408 2390 466 PSALMOS.

3350 410 3489 467 1554

242 542 299 594 δὲ
318 538 455 593 αύτά
483 536 743 609 διηνεκῶς
774 536 879 589 ὑπὸ
924 534 1017 589 τοῦ
1059 533 1167 588 τῶν
1192 535 1328 589 ὅλων
1363 535 1500 589 Θεοῦ
1531 535 1811 607 γινόμενα.

1926 534 2120 604 passim
2150 531 2220 588 ab
2245 532 2630 586 universorum
2670 527 2783 585 Deo
2814 526 2973 585 edici.
3012 527 3102 583 Sic
3131 528 3350 584 beatum
3390 530 3493 584 lla-

243 630 398 684 Οῦτω
424 628 515 682 τὸν
552 626 819 698 μακάριον
847 625 1027 690 Δαυῖδ,
1050 625 1280 696 ποιμένα
1302 626 1454 693 ὄντα,
1478 626 1702 697 βασιλέα
1722 643 1819 680 πε-

246 722 441 794 ποίηκε
460 738 474 752 ·
508 720 652 774 οὕτω
687 720 776 773 τὸν
813 717 1029 790 Ἰωσὴφ,
1057 719 1137 781 εἰς
1156 717 1398 771 δουλείαν
1423 717 1816 790 μεταπεσόντα,

246 814 338 866 ἐπὶ
365 813 456 866 τὸν
491 810 767 882 βασιλικὸν
798 809 1017 862 ἐκάθισε
1057 809 1276 879 θρόνον·
1311 808 1454 863 οὕτω
1481 809 1570 864 τὸν
1592 810 1818 875 Μωσέα,

243 904 517 976 προϐατέα
542 904 849 974 γενόμενον,
872 902 1200 973 δημαγωγὸν
1245 903 1490 974 ἀπέφηνε
1536 902 1630 956 τοῦ
1667 902 1817 968 λαοῦ,

243 998 338 1050 καὶ
366 995 487 1049 θεὸν
524 996 892 1066 ἐχειροτόνησε
924 993 1018 1047 τοῦ
1048 993 1246 1067 Φαραώ
1265 1013 1277 1026 ’
1308 994 1451 1048 οὕτω
1474 994 1542 1048 τὰ
1566 995 1716 1066 ἔθνη,
1750 998 1818 1067 τῇ

243 1086 457 1158 δουλείᾳ
488 1086 586 1157 τῆς
622 1086 873 1149 ἀσεϐείας
900 1086 1215 1139 δουλεύοντα
1249 1086 1341 1139 καὶ
1382 1089 1448 1158 τῇ
1489 1087 1679 1157 κόπρῳ
1721 1086 1821 1156 τῆς

243 1180 515 1251 ἁμαρτίας
539 1181 631 1232 καὶ
667 1178 991 1249 βδελυγμίας
1022 1178 1419 1249 ἐπικαθήμενα,
1454 1178 1562 1230 τῶν
1592 1178 1684 1231 τοῦ
1717 1180 1818 1231 ’ῐσ-

247 1270 380 1342 ραὴλ
421 1268 1077 1345 δεδωρημένωνῄξίωσεν
1106 1269 1324 1338 ἀγαθῶν
1349 1287 1362 1299 ·
1406 1269 1548 1322 οὕτω
1585 1269 1685 1340 τὴν
1724 1270 1820 1323 ἀν-

243 1361 514 1429 θρωπείαν
545 1358 705 1428 φύσιν
732 1360 812 1423 εἰς
834 1358 997 1412 αὐτὸν
1024 1358 1437 1413 καταπεσοῦσαν
1458 1358 1548 1411 τὸν
1576 1358 1670 1413 τοῦ
1692 1358 1821 1430 ᾅδου

242 1451 512 1521 πυθμένα,
546 1450 776 1504 ἀνέλαϐε
820 1450 916 1503 καὶ
946 1451 1208 1522 ἀνήγαγε,
1239 1451 1333 1505 καὶ
1356 1450 1608 1504 ἐκάθισεν
1636 1451 1825 1506 ἐπάνω

242 1543 425 1614 πάσης
465 1544 637 1614 ἀρχῆς
662 1544 755 1595 καὶ
783 1542 1033 1606 ἐξουσίας
1062 1543 1158 1596 καὶ
1191 1542 1527 1614 κυριότητος,
1554 1543 1650 1596 καὶ
1682 1559 1821 1597 παν-

240 1636 331 1698 τὸς
377 1634 636 1704 ὀνόματος
678 1634 1103 1705 ὀνομαζομένου,
1133 1636 1195 1687 οὐ
1251 1634 1409 1706 μόνον
1458 1635 1517 1688 ἐν
1559 1634 1638 1705 τῷ
1666 1635 1821 1689 αὲῶνι

242 1726 437 1798 τούτῳ,
466 1726 601 1780 ἀλλά
626 1727 720 1780 καὶ
746 1729 803 1780 ἐν
832 1726 911 1797 τῷ
939 1726 1201 1797 μέλλοντι.

735 1841 1157 1895 ΑΛΛΗΛΟΥΙΑ.
1202 1839 1345 1893 PII".

1919 625 2120 689 videm,
2147 624 2240 694 qui
2271 630 2460 694 pastor
2485 630 2624 688 erat,
2652 636 2836 692 regem
2871 621 3192 689 constituit,
3223 623 3304 677 sic
3334 620 3494 679 Iose-

1918 716 2087 786 phum
2119 717 2177 770 in
2207 714 2524 772 servitutem
2555 713 2859 783 delapsum,
2896 712 2953 766 in
2983 713 3136 783 regio
3179 712 3379 767 throno
3405 728 3494 769 se-

1920 810 2051 865 dere
2095 808 2259 876 fecit;
2288 809 2371 865 sic
2402 806 2666 877 Moysem,
2705 806 2798 877 qui
2841 814 3033 875 pastor
3080 805 3279 872 fuerat,
3308 813 3492 860 orato—

1920 917 2034 958 rem
2056 902 2241 972 populi
2272 900 2653 964 denuntiavit,
2680 908 2735 954 et
2759 898 2920 953 deum
2948 898 3254 954 Pharaonis
3283 898 3494 955 consti-

1920 994 2057 1060 tuit;
2092 994 2173 1047 sic
2203 1002 2395 1064 gentes
2450 1006 2572 1062 quae
2611 992 2907 1061 impietatis
2958 990 3210 1046 servituti
3250 991 3495 1047 subactae

1920 1095 2094 1149 erant,
2130 1095 2183 1139 et
2214 1084 2442 1139 stercori
2480 1084 2687 1154 peccati
2718 1090 2772 1138 et
2811 1082 3235 1138 abominationis
3288 1080 3496 1136 inside-

1920 1179 2071 1243 bant,
2095 1177 2255 1233 bonis
2278 1175 2465 1233 Israeli
2494 1176 2709 1232 collatis
2738 1175 2994 1245 dignatus
3026 1182 3144 1241 est;
3178 1174 3259 1230 sic
3302 1174 3494 1228 buma-

1921 1285 2048 1325 nam
2084 1276 2339 1323 naturam
2362 1282 2485 1338 qua:
2511 1268 2567 1321 in
2598 1267 2777 1336 ipsum
2810 1265 3008 1321 inferni
3039 1264 3370 1336 profundum
3398 1264 3495 1319 de-

1920 1360 2148 1425 ciderat,
2189 1360 2414 1429 recepit,
2448 1357 2685 1423 reduxit,
2713 1365 2769 1412 et
2791 1372 2957 1428 supra
2983 1371 3199 1412 omnem
3224 1356 3497 1428 principa-

1920 1460 2061 1516 tum,
2102 1458 2429 1523 potestatem
2470 1457 2525 1505 et
2555 1450 2983 1505 dominationem
3036 1449 3226 1504 sedere
3258 1448 3405 1509 fecit,
3431 1463 3497 1503 ac

1922 1559 2087 1614 supra
2116 1560 2279 1600 omne
2314 1557 2536 1609 nomen,
2566 1558 2678 1597 non
2705 1542 2884 1597 solum
2915 1542 2972 1596 in
3004 1542 3109 1597 hoc
3135 1542 3356 1606 saeculo,
3398 1540 3497 1597 sed

1920 1637 2085 1692 etiam
2121 1636 2177 1690 in
2213 1635 2396 1691 futuro
2425 1636 2720 1707 prolatum.

2420 1834 2784 1890 ALLELUIA.
2815 1833 3003 1890 CXIII.

322 1929 419 1983 Ἐν
443 1928 631 1997 ἐξόδῳ
670 1931 911 2000 Ἰσραὴλ
939 1930 1008 1995 ἐξ
1041 1931 1365 2000 Αἰγύπτου,
1397 1930 1571 1983 οἴκου
1617 1930 1820 1985 Ἰακὼϐ

1994 1922 2156 1979 Vens.
2209 1925 2259 1989 I,
2290 1925 2346 1980 ‘2.
2396 1923 2462 1978 In
2510 1928 2656 1979 exitu
2701 1923 2873 1979 Israel
2912 1925 2975 1979 de
3004 1923 3260 1995 rEgypto,
3311 1924 3499 1979 domus

239 2020 309 2074 ἐκ
332 2021 486 2075 λαοῦ
500 2022 826 2091 βαρϐάρου,
865 2021 1117 2091 ἐγενήθη
1156 2021 1405 2074 Ἰουδαία
1429 2023 1692 2091 άγιάσμα
1716 2024 1819 2076 αὐ·

239 2113 367 2179 τοῦ,
399 2114 640 2182 Ἰσραὴλ
671 2114 923 2179 ἐξουσία
948 2114 1155 2168 αὐτοῦ.
1180 2114 1386 2185 ’Ύμνος
1408 2115 1501 2168 καὶ
1526 2108 1679 2179 οὗτός
1704 2117 1819 2167 ἐστι

239 2205 339 2267 τάς
382 2204 657 2268 Ἰουδαίοις
688 2206 794 2260 ὑπὸ
827 2206 923 2259 τοῦ
958 2206 1092 2259 Θεοῦ
1126 2208 1565 2277 παρασχεθείσας
1594 2209 1818 2280 εὐεργε-

243 2294 363 2359 σίας
386 2292 615 2360 διεξιὼν,
649 2295 744 2348 καὶ
768 2294 863 2348 τοῦ
896 2295 1032 2348 Θεοῦ
1061 2296 1160 2367 τὴν
1186 2296 1412 2366 δύναμιν
1440 2297 1816 2369 διηγούμενος,

241 2383 334 2435 καὶ
360 2382 466 2435 τῶν
494 2382 727 2437 εἰδώλων
753 2384 1032 2456 κωμῳδῶν
1060 2384 1159 2456 τὴν
1188 2387 1490 2442 ἀσθένειαν.
1536 2389 1818 2459 Ἀρμόττει

241 2476 298 2528 δὲ
346 2476 439 2529 καὶ
485 2470 638 2540 οὗτος
676 2476 704 2527 ό
752 2474 922 2546 ὕμνος
965 2479 1076 2540 τοῖς
1112 2476 1171 2541 ἐξ
1202 2477 1370 2531 ἐθνῶν
1405 2484 1815 2550 πεπιστευκόσι,

242 2565 457 2636 καὶτῆς
490 2564 599 2619 τῶν
630 2564 862 2618 εἰδώλων
910 2566 1119 2638 πλάνης
1151 2568 1592 2639 ἀπηλλαγμένοις
1611 2589 1623 2600 ·
1681 2591 1819 2643 μαν-

242 2661 461 2716 θάνουσι
489 2660 596 2732 γὰρ
628 2662 751 2714 ὅσον
780 2661 840 2714 τὸ
878 2661 1041 2733 μέσον
1070 2664 1179 2715 τῶν
1221 2664 1320 2717 οὐκ
1356 2663 1525 2718 ὄντων
1563 2666 1699 2738 πρὸς
1728 2666 1820 2720 τὸν

240 2753 388 2817 εντα,
423 2754 517 2807 καὶ
533 2752 610 2815 ὡς
640 2747 721 2816 εἷς
752 2754 866 2806 ἐστι
902 2753 1033 2815 Θεὸς
1065 2753 1309 2819 Παλαιᾶς
1339 2755 1433 2808 καὶ
1469 2757 1677 2827 Καινῆς
1698 2758 1821 2810 Δια-

242 2845 437 2917 θήκης.
490 2845 637 2898 Ἀντὶ
666 2845 721 2897 δέ
767 2844 882 2908 τοῦ,
929 2846 1031 2898 Ἐκ
1086 2847 1238 2899 λαοῦ
1285 2847 1623 2916 βαρϐάρου,
1659 2850 1686 2900 ὁ
1723 2850 1820 2921 μὲν

256 2936 508 3001 Ἀκύλας,
536 2937 678 2990 Ἀπὸ
702 2937 854 2991 λαοῦ
883 2937 1352 3007 ἐτερογλώσσου·
1377 2940 1475 2992 όδέ
1504 2941 1817 3011 Σύμμαχος,

254 3028 349 3082 Ἐκ
374 3029 526 3081 λαοῦ
572 3028 952 3097 ἀλλοφώνυυ,
981 3030 1294 3083 ἐκδέδωκεν.
1342 3032 1626 3101 Ἐγεννήθη
1674 3034 1820 3087 Ἰου-

242 3119 384 3172 δαία
431 3119 697 3189 ἁγίασμα
748 3121 958 3184 αὑτοῦ,
1022 3120 1259 3189 Ἰσραὴλ
1314 3122 1567 3185 ἐξουσία
1612 3125 1817 3178 αὑτοῦ.

243 3211 417 3265 Πάλαι
466 3210 565 3280 μὲν
596 3211 726 3281 γάρ,
766 3213 855 3265 ὅτε
884 3212 973 3265 διὰ
1015 3211 1297 3276 Μωῦσέως
1329 3212 1425 3282 τὴν
1466 3212 1522 3279 ἐξ
1542 3214 1818 3283 Αἰγύπτου

243 3303 469 3375 πορείαν
483 3306 806 3376 ἐποιήσαντο
829 3306 878 3357 οἰ
896 3305 1004 3358 ἀπὸ
1020 3304 1112 3358 τοῦ
1131 3306 1395 3377 προτέρου
1415 3306 1561 3364 Ααοῦ,
1586 3307 1756 3378 βραχύ
1774 3326 1827 3361 τι

244 3397 434 3468 μόριον
449 3398 547 3467 τῆς
560 3397 663 3466 γῆς
683 3397 774 3449 καὶ
806 3396 1009 3466 σφόδρα
1038 3396 1260 3468 εὐτελὴς
1278 3397 1447 3466 γωνία
1476 3400 1574 3469 τῆς
1605 3400 1825 3471 ἀπάσης

243 3488 591 3559 οἰκουμένης,
610 3488 859 3554 Ἰουδαία,
898 3487 1168 3551 ἐξείλεκτο
1191 3488 1267 3559 τῷ
1291 3489 1428 3560 Θεῷ,
1458 3491 1551 3543 καὶ
1587 3491 1735 3553 ἔθνος
1769 3492 1827 3545 ἓν

241 3582 305 3635 τὸ
348 3580 618 3635 Ἰουδαίων
638 3599 652 3612 ’
676 3583 798 3635 ἐπεὶ
830 3581 907 3648 δὲ,
943 3582 1042 3652 τῆς
1076 3583 1343 3653 σωτηρίου
1386 3584 1706 3653 ἐπιφανείας
1726 3585 1825 3655 τῆς

244 3677 464 3747 χάριτος
491 3673 835 3745 ἀπλωθείσης
863 3674 985 3728 καθ’
1014 3675 1142 3746 ὅλης
1187 3676 1285 3744 τῆς
1328 3669 1670 3750 οἰκουμένης,
1720 3679 1826 3731 ἀπὸ

244 3766 517 3822 ἀνατολῶν
564 3766 714 3838 ἡλίου
775 3767 936 3838 μέχρι
990 3766 1211 3837 δυσμῶν
1271 3768 1478 3821 αἰνετὺν
1524 3770 1585 3822 τὸ
1654 3771 1825 3841 ὄνομα

243 3858 451 3932 Κυρίου
470 3900 485 3925 ,
519 3860 615 3912 καὶ
645 3858 849 3927 ὑψηλὸς
891 3860 993 3911 οὐκ
1022 3860 1111 3911 ἐπ’
1142 3858 1295 3923 ἔθνος
1320 3860 1411 3912 τὸν
1449 3859 1679 3932 Ἰσραὴλ,
1708 3862 1823 3915 ἀλλ’

245 3950 447 4022 ὑψηλὸς
472 3950 565 4003 ἐπὶ
590 3949 767 4004 πάντα
804 3949 873 4001 τὰ
903 3949 1029 4021 ἐθνη
1062 3950 1283 4019 γέγονεν
1311 3954 1338 4004 ό
1365 3952 1587 4024 Κύριος.

326 4040 390 4097 Ἡ
416 4041 700 4095 θάλασσα
755 4038 911 4107 εἶδε,
955 4043 1052 4095 καὶ
1116 4044 1374 4113 ἔφυγεν,
1422 4048 1455 4099 ὀ
1516 4046 1823 4115 Ἰορδάνης

245 4132 513 4203 ἐστράφη
549 4137 638 4200 εἰς
666 4135 736 4189 τὰ
773 4135 997 4189 ὀπίσω·
1038 4135 1109 4191 τὰ
1141 4136 1246 4206 ὄρη
1269 4138 1643 4207 ἐσκίρτησαν
1678 4142 1821 4195 ὡσεί

246 4224 420 4293 κριοὶ,
457 4225 555 4278 καὶ
580 4228 634 4279 οἱ
660 4226 876 4290 βουνοί
912 4228 1053 4283 ὡσεὶ
1073 4231 1248 4298 ἀρνία
1265 4230 1592 4298 προϐάτων.
1624 4233 1688 4305 ,Τί
1720 4234 1823 4286 σοί

245 4317 397 4380 ἐστι,
444 4316 745 4384 θάλασσα,
796 4318 885 4373 ὅτι
933 4320 1173 4392 ἔφυγες,
1218 4324 1313 4377 καὶ
1365 4324 1485 4389 σοὶ,
1527 4324 1816 4393 Ἰορδάνῃ,

247 4408 334 4461 ὅτι
366 4409 669 4479 ἐστράφης
700 4413 787 4476 εἰς
822 4412 895 4466 τὰ
928 4415 1159 4477 ὀπίσω;
1212 4414 1285 4467 τὰ
1338 4415 1467 4484 ὅρη,
1498 4414 1588 4469 ὅτι
1615 4418 1820 4486 ἐσκιρ-

247 4499 471 4565 τήσατε
501 4501 646 4555 ὡσεὶ
706 4504 881 4572 κριοὶ,
928 4504 1029 4557 καὶ
1074 4509 1126 4558 0i
1154 4506 1395 4570 βουνοί,
1448 4507 1591 4560 ὡσεὶ
1639 4508 1820 4575 ἀρνία

1923 2015 2090 2071 Jacob
2123 2017 2186 2071 de
2206 2018 2395 2086 populo
2424 2016 2674 2082 barbaro,
2709 2017 2855 2086 facta
2873 2026 2949 2070 est
2968 2015 3162 2070 Judwa
3191 2018 3499 2086 sancti/ica-

1927 2110 2000 2162 tio
2047 2111 2181 2181 ejus,
2220 2108 2395 2163 Israel
2433 2118 2666 2179 potestas
2705 2108 2839 2177 ejus.
2893 2107 2991 2162 Hic
3023 2123 3239 2177 quoque
3265 2108 3499 2178 hymnus

1924 2206 2032 2263 est,
2055 2199 2148 2268 qui
2179 2198 2441 2253 beneﬁcia
2480 2206 2874 2253 commemorat
2904 2196 3107 2252 Iudaeis
3138 2213 3168 2249 a
3199 2196 3309 2252 Deo
3331 2197 3501 2251 colla-

1926 2298 1999 2353 ta,
2030 2299 2190 2360 atque
2210 2289 2304 2345 Dei
2338 2290 2592 2344 virtutem
2622 2298 2866 2355 enarrat,
2914 2289 3295 2359 idolorumque
3326 2289 3500 2344 imbe-

1925 2382 2204 2438 cillitatem
2232 2382 2460 2436 deridet.
2486 2381 2755 2437 Convenit
2776 2381 2903 2437 item
2940 2383 3029 2436 hic
3055 2382 3289 2453 hymnus
3319 2384 3502 2453 genti-

1908 2472 2071 2543 Ilibus
2096 2472 2187 2541 qui
2210 2472 2582 2538 crediderunt,
2611 2481 2665 2528 et
2685 2474 2755 2528 ab
2784 2473 3053 2527 idolorum
3078 2489 3266 2529 errore
3289 2475 3503 2530 liberati

1927 2574 2055 2619 sunt
2081 2584 2093 2619 :
2119 2564 2343 2619 discunt
2377 2566 2523 2620 enim
2554 2572 2819 2636 quantum
2860 2567 3075 2621 intersit
3110 2568 3255 2622 inter
3282 2582 3378 2623 eos
3409 2569 3504 2638 qui

1926 2674 2037 2712 non
2064 2668 2192 2713 sunt
2220 2667 2273 2713 et
2298 2675 2421 2713 eum
2444 2659 2538 2729 qui
2573 2668 2677 2723 est,
2710 2668 2764 2715 et
2792 2659 2937 2730 quod
2966 2676 3109 2716 unus
3150 2659 3404 2731 idemque
3432 2663 3505 2716 sit

1927 2749 2141 2807 Veteris
2161 2759 2215 2806 et
2252 2750 2388 2806 Novi
2427 2751 2764 2808 Testamenti
2809 2752 2977 2809 Deus.
3014 2751 3121 2808 Pro
3162 2754 3255 2809 illo
3295 2764 3501 2821 autem,

1925 2842 2004 2896 De
2026 2843 2215 2912 populo
2249 2844 2512 2908 barbaro;
2540 2843 2757 2915 Aquila,
2799 2844 2878 2899 De
2912 2845 3102 2915 populo
3136 2845 3357 2901 alterius
3398 2846 3505 2900 lin-

1926 2950 2074 3004 guw;
2114 2935 2494 3005 Symmachus,
2524 2935 2602 2990 De
2638 2936 2829 3005 populo
2860 2939 3081 2992 alterius
3120 2940 3278 3006 vocis,
3313 2939 3502 2995 edidit.

1930 3026 2102 3080 Facta
2142 3038 2218 3081 est
2264 3026 2457 3082 Juda'a
2503 3030 2858 3099 sanctiﬁcatio
2903 3030 3038 3098 ejus,
3070 3029 3246 3084 Israel
3273 3040 3504 3099 potestas

1927 3120 2060 3188 ejus.
2097 3119 2236 3174 Olim
2269 3137 2504 3192 namque
2537 3138 2660 3177 cum
2703 3122 2852 3193 prior
2886 3124 2976 3177 ille
3014 3124 3246 3193 populus
3268 3164 3282 3190 ,
3319 3124 3503 3196 Moyse

1929 3210 2088 3276 duce,
2112 3212 2405 3265 transitum
2437 3213 2639 3268 laceret
2653 3228 2717 3267 ex
2737 3213 2992 3285 lEgypto,
3026 3215 3239 3271 modica
3256 3218 3502 3287 quaedam

1930 3310 2088 3356 terrae
2106 3305 2304 3372 portio,
2324 3311 2377 3357 et
2399 3304 2628 3374 exiguus
2656 3306 2827 3360 totius
2854 3306 3006 3361 orbis
3031 3309 3286 3380 angulus,
3312 3308 3503 3365 Iudaea

1929 3394 2158 3457 scilicet,
2192 3409 2224 3447 a
2258 3393 2366 3450 Deo
2396 3396 2570 3451 electa
2616 3397 2813 3465 fuerat,
2848 3409 3011 3469 atque
3050 3417 3157 3454 una
3187 3401 3502 3459 Iudaeorum

1926 3486 2097 3539 natio.
2130 3485 2267 3540 Cum
2316 3496 2496 3542 autem
2540 3504 2637 3558 per
2669 3491 2964 3545 salutarem
3011 3493 3301 3547 adventum
3328 3498 3505 3565 gratia

1927 3579 1984 3632 in
2021 3585 2136 3633 toto
2169 3581 2301 3634 orbe
2331 3580 2501 3636 ellusa
2532 3589 2699 3646 esset,
2731 3598 2762 3635 a
2803 3585 2935 3638 solis
2961 3597 3084 3638 ortu
3114 3601 3286 3656 usque
3311 3588 3377 3642 ad
3409 3602 3505 3641 oc-

1926 3685 2116 3726 casum
2178 3672 2450 3728 laudabile
2483 3673 2584 3727 fuit
2629 3691 2828 3730 nomen
2859 3675 3073 3731 Domini
3109 3697 3121 3732 :
3159 3693 3223 3732 ac
3254 3680 3505 3737 excelsus

1927 3777 2038 3816 non
2081 3778 2246 3832 super
2274 3780 2436 3818 unam
2470 3766 2688 3822 Israelis
2732 3776 2972 3837 gentem,
3008 3771 3105 3824 sed
3134 3772 3384 3827 excelsus
3412 3788 3505 3827 su-

1926 3870 2028 3925 per
2059 3871 2251 3911 omnes
2280 3867 2468 3926 gentes
2494 3858 2597 3913 fuit
2624 3858 2915 3916 Dominus.

1998 4042 2164 4096 Vens.
2198 4043 2306 4098 5-8.
2337 4042 2489 4097 Mare
2509 4043 2658 4108 vidit,
2685 4053 2734 4097 et
2762 4043 2918 4114 fugit,
2944 4043 3202 4100 Iordanis
3223 4064 3504 4105 conversus

1922 4146 2001 4190 est
2029 4146 2337 4190 retrorsum.
2376 4136 2580 4189 Montes
2608 4136 3001 4191 exsultaverunt
3048 4140 3181 4192 sicut
3213 4142 3424 4203 arietes,
3456 4151 3507 4195 et

1923 4218 2080 4282 colles
2124 4228 2261 4280 sicut
2292 4229 2414 4297 agni
2445 4229 2639 4282 ovium.
2694 4227 2834 4293 Quid
2868 4238 2947 4283 est
2995 4230 3108 4295 tibi,
3148 4248 3316 4295 mare,
3367 4234 3506 4303 quod

1921 4318 2125 4388 fugisti,
2150 4326 2199 4369 et
2230 4327 2307 4379 tu,
2327 4316 2606 4385 Jordauis,
2631 4320 2756 4388 quia
2774 4336 3052 4376 conversus
3084 4340 3137 4376 es
3172 4333 3460 4378 retrorsum
3481 4330 3504 4382 .’

1921 4409 2150 4472 Montes,
2184 4410 2493 4463 exsultastis
2523 4410 2659 4463 sicut
2694 4412 2907 4478 arietes,
2931 4422 2979 4466 et
3007 4414 3189 4477 colles,
3224 4417 3359 4470 sicut
3381 4402 3507 4488 agni

1921 4501 2139 4555 ovium?
2172 4500 2214 4552 A
2248 4500 2384 4567 [acie
2418 4498 2626 4552 Domini
2681 4510 2825 4554 mota
2857 4512 2935 4556 est
2964 4513 3127 4569 terra,
3176 4522 3209 4558 a
3238 4504 3375 4574 facie
3406 4507 3505 4562 Dei

248 4591 601 4659 προβάτων;
638 4592 779 4647 Ἀπὸ
831 4593 1159 4662 προσώπου
1181 4597 1402 4663 Κυρίου
1430 4597 1732 4666 ἐσαλεύθη
1776 4601 1816 4669 ή

1926 4592 2088 4646 Jacob
2112 4634 2126 4658 ,
2158 4592 2249 4662 qui
2286 4595 2539 4649 convertit
2577 4602 2779 4663 petram
2826 4595 2882 4647 in
2913 4603 3104 4665 stagna
3134 4613 3416 4665 aquarum,
3450 4607 3503 4653 et

245 4681 346 4753 γῆ,
362 4683 479 4737 άπὸ
508 4682 831 4751 προσώπου
847 4685 952 4738 τοῦ
971 4685 1119 4740 Θεοῦ
1147 4685 1373 4753 Ἰακὼϐ,
1396 4687 1502 4741 τοῦ
1521 4686 1823 4756 στρέψαν-

246 4792 351 4840 τος
375 4774 489 4843 τὴν
510 4774 734 4842 πέτραν
758 4779 845 4841 εἰς
871 4777 1091 4847 λίμνας
1118 4777 1370 4842 ὑδάτων,
1389 4780 1486 4833 καί
1512 4780 1627 4848 τὴν
1645 4782 1824 4849 ἀκρό-

246 4880 432 4933 τομον
463 4866 550 4930 εἰς
572 4865 767 4934 πηγὰς
798 4864 1050 4920 ὑδάτων.
1079 4871 1235 4920 Δοκεῖ
1260 4885 1347 4938 μοι
1380 4868 1543 4923 πάλιν
1576 4869 1823 4923 ἐντεῦθεν

246 4956 277 5007 ό
322 4954 476 5023 λόγος
518 4954 615 5025 τὴν
665 4956 1001 5025 προφητείαν
1034 4957 1307 5010 ποιεῖσθαι
1354 4956 1454 5028 τῆς
1500 4958 1607 5011 τῶν
1654 4958 1824 5012 ἐθνῶν

246 5048 502 5102 ἁπάντων
552 5047 815 5119 κλήσεως.
852 5049 1027 5102 Πάλαι
1058 5050 1154 5121 μὲν
1180 5048 1310 5121 γὰρ,
1341 5051 1493 5119 φησὶ,
1542 5051 1683 5105 κατά
1725 5051 1825 5122 τὴν

248 5141 307 5207 ἐξ
339 5139 612 5209 Αἰγύπτου
632 5141 879 5213 πορείαν,
910 5142 1137 5196 Ἰουδαία
1165 5143 1299 5215 μόνη
1330 5144 1550 5211 γέγονεν
1577 5145 1824 5216 ἀγίασμᾳ

246 5231 341 5284 τοῦ
370 5231 525 5295 Θεοῦ,
543 5232 635 5284 καὶ
670 5231 826 5302 μόνος
849 5232 1063 5303 Ἰσραὴλ
1097 5234 1200 5286 ὑπὸ
1228 5234 1325 5305 τὴν
1354 5234 1598 5301 ἐξουσίαν
1636 5235 1824 5292 αὐτοῦ.

248 5323 361 5375 Καὶ
396 5322 563 5377 πάλαι
594 5325 693 5394 μὲν
725 5326 925 5396 μερική
975 5342 1060 5388 τις
1094 5325 1315 5395 γέγονεν
1341 5327 1593 5400 αἴσθησις
1621 5329 1823 5385 θαλάσ-

252 5430 372 5485 σης,
410 5416 504 5469 καὶ
538 5415 783 5486 ποταμοῦ
823 5417 916 5470 καὶ
952 5416 1094 5487 ὀρῶν
1126 5419 1219 5471 καὶ
1262 5418 1500 5489 βουνῶν·
1539 5420 1635 5474 νῦν
1663 5422 1720 5475 δὲ
1762 5421 1823 5475 τὺ

252 5506 360 5559 πᾶν
403 5509 662 5577 στοιχεῖον
706 5508 806 5579 τῆς
868 5510 971 5580 γῆς
1012 5508 1266 5563 κινείσθω
1319 5514 1412 5566 καὶ
1472 5513 1821 5568 σαλευέσθω.’

253 5595 455 5666 μᾶλλον
482 5599 538 5653 δέ
566 5600 710 5654 κατά
732 5600 824 5653 τὸν
853 5600 1101 5665 Ἀκύλαν,
1124 5601 1487 5674 ὠδινησάτω,
1521 5606 1668 5671 ὅπως
1691 5607 1828 5678 πλη-

253 5685 401 5758 ρωθῇ
451 5687 513 5742 τὸ
566 5692 856 5763 εἰρημένον
915 5694 1020 5748 ὑπὸ
1079 5696 1300 5752 Ἦσαῖου
1355 5698 1665 5771 προφήτου·
1731 5686 1828 5767 Τίς

324 5841 345 5872 ³
383 5839 488 5900 Isa.
523 5861 677 5911 LXVI,
702 5845 755 5902 8.

494 5940 771 6002 ΡΑτιιοι..
816 5938 935 6004 Gn.
980 5938 1220 6003 XXIII.

1925 4695 2250 4755 praeruptum
2282 4686 2525 4755 infantes
2556 4702 2833 4757 aquarum.
2859 4684 3089 4741 Videtur
3115 4687 3247 4741 mihi
3281 4705 3504 4744 rursum

1930 4779 2018 4832 hic
2042 4794 2222 4834 sermo
2272 4779 2613 4850 prophetiam
2661 4780 2824 4834 edere
2854 4778 2922 4834 de
2969 4779 3211 4851 gentium
3258 4784 3504 4835 omnium

1929 4869 2236 4925 vocatione.
2296 4868 2439 4926 Olim
2495 4885 2760 4941 namque,
2820 4871 2924 4935 ait,
2970 4885 3095 4925 cum
3150 4872 3386 4941 populus
3433 4888 3504 4927 ex

1933 4958 2171 5031 Egypto
2192 4961 2568 5031 egrederetur,
2603 4960 2719 5016 sola
2757 4958 2945 5015 Iudaea
2978 4959 3120 5014 facta
3150 4968 3235 5016 est
3262 4963 3504 5016 sanctiﬁ-

1931 5054 2075 5109 catio
2108 5053 2224 5117 Dei,
2257 5061 2309 5107 et
2326 5053 2476 5108 solus
2496 5053 2667 5107 Israel
2699 5052 2803 5108 sub
2836 5060 3107 5123 potestate
3127 5054 3248 5123 ejus
3274 5062 3411 5110 erat.
3437 5054 3504 5107 Et

1932 5147 2061 5201 olim
2090 5145 2308 5215 quidem
2332 5143 2679 5215 particularis
2710 5158 2906 5199 sensus
2940 5145 3108 5200 maris
3133 5153 3272 5210 erat,
3306 5154 3361 5201 et
3395 5146 3500 5201 llu—

1931 5238 2096 5293 minis
2123 5245 2176 5292 et
2206 5239 2472 5293 montium
2502 5246 2555 5293 et
2572 5239 2790 5293 collium
2818 5252 2998 5293 :nunc
3026 5253 3155 5293 vero
3186 5238 3501 5294 universum

1930 5340 2089 5385 terra:
2116 5330 2443 5385 elementum
2466 5336 2746 5384 moveatur
2774 5339 2827 5384 et
2853 5330 3231 5392 concutiatur;
3257 5330 3366 5384 imo
3399 5348 3501 5401 p0-

1930 5424 2040 5480 tius
2087 5422 2393 5479 secundum
2440 5421 2712 5492 Aquilam,
2754 5422 3042 5490 parturiat,
3098 5432 3157 5476 ut
3214 5424 3499 5493 impleatur

1920 5514 2074 5591 quod
2098 5514 2302 5570 dictum
2331 5523 2414 5569 est
2442 5528 2539 5585 per
2563 5514 2756 5569 Isaiam
2785 5513 3109 5585 prophetam
3153 5532 3166 5569 ι
3195 5512 3325 5579 Quis
3352 5516 3502 5591 audi-

1918 5608 2004 5683 _uit
2047 5607 2200 5669 talia,
2230 5614 2279 5661 et
2319 5605 2437 5678 quis
2474 5604 2604 5661 vidit
2634 5606 2746 5662 sic?
2772 5604 2832 5662 Si
2862 5607 3145 5676 parturivit
3173 5617 3313 5661 terra
3338 5608 3391 5662 in
3420 5608 3506 5663 die

1933 5715 2061 5766 una,
2079 5708 2128 5754 et
2156 5706 2283 5755 nata
2309 5707 2387 5756 est
2417 5714 2539 5770 gens
2564 5706 2677 5753 tota
2700 5698 2859 5753 simul
2881 5698 2939 5752 '?
2962 5694 3099 5753 Nam
3130 5712 3257 5771 cum
3290 5701 3507 5756 vocatio

3097 5945 3173 6005 lt3
