4014 6410
492 423 628 477 1-335
1190 421 1454 477 EUSEBII
1491 420 1967 478 CASSARIENSIS
2004 418 2157 475 OPP.
2200 417 2378 475 PARS
2416 419 2503 475 Ill.
2532 450 2601 463 --
2641 417 3048 474 EXEGETICA.
3599 420 3750 478 1356

489 536 728 603 petilium
757 542 812 589 et
868 533 961 589 Dei
1014 534 1186 604 gratia
1220 536 1275 589 in
1306 535 1621 591 universum
1658 537 1942 591 hominum
1967 550 2060 590 or-
2092 587 2094 593 .

2197 535 2398 604 ixova’e
2414 532 2676 593 τοιαῦτα,
2704 531 2801 585 καὶ
2822 532 2915 597 τίς
2940 532 3200 599 ἑώρακεν
3219 531 3437 598 οὕτως
3485 532 3549 586 El
3569 534 3757 587 ὦδινε

488 629 611 681 bem
633 626 957 681 eﬂ'undenda
981 634 1146 689 esset,
1179 643 1401 682 necesse
1440 644 1668 697 prorsus
1696 640 1813 683 erat
1838 628 2064 683 simula-

2197 625 2241 693 ,ἦ
2268 626 2337 678 ἐν
2361 623 2471 691 μιᾷ
2498 622 2710 690 ἡμέρᾳ,
2748 622 2844 674 καὶ
2871 622 3081 689 ἐτέχθη
3108 622 3277 687 ἔθνος
3306 624 3602 687 εὶσάπαξ;
3630 623 3759 692 Τῆς

386 786 395 795 κ
488 732 581 771 cra
636 717 879 787 gentium
927 732 956 770 a
1007 719 1209 771 saeculo
1240 719 1503 782 stabilita,
1545 720 1969 774 commotionem
2011 726 2065 771 et

2197 717 2273 786 ’ἀρ
2307 716 2557 786 κλήσεως
2599 713 2709 766 τῶν
2740 712 2912 765 ὲθνῶν
2956 714 3048 765 καὶ
3095 712 3197 781 τῆς
3229 712 3322 765 τοῦ
3354 713 3488 766 Θεοῦ
3524 714 3759 784 χάριτος

490 809 905 862 concessionem
946 809 1082 877 pati,
1114 816 1168 865 et
1194 810 1468 865 daemones
1503 811 1557 864 in
1597 812 1730 881 ipsis
1764 811 2071 865 habitantes

2197 806 2468 875 ιελλούσης
2499 804 2713 874 χεῖσθαι
2748 803 2867 857 καθ’
2901 803 3028 874 ὅλης
3056 803 3154 873 τῆς
3178 803 3282 855 ὑπὸ
3315 805 3423 858 τῶν
3448 803 3759 876 ἀνθρώπων

490 897 700 967 fugere,
733 906 793 953 ut
829 900 1065 969 populus
1107 916 1171 956 ex
1214 902 1470 972 gentibus
1519 919 1618 973 per
1660 909 1834 956 totum
1882 902 2070 955 orbem

2197 895 2517 965 .ἰκουμένης,
2550 894 2762 965 ἀνάγκη
2793 896 2941 947 πᾶσα
2969 891 3037 965 ἦν
3068 896 3136 947 τὰ
3165 896 3223 961 ἐξ
3258 896 3450 959 αἰῶνος
3490 895 3760 967 ἱδρυμένα

491 986 605 1042 Deo
639 999 981 1045 nasceretur.

2197 986 2494 1057 τεόἀσματα
2523 985 2631 1039 τῶν
2662 984 2831 1038 ὲθνῶν
2862 986 3021 1039 σάλον
3052 987 3145 1038 καὶ
3186 987 3371 1040 κλόνον
3407 987 3615 1050 παθεῖν,
3656 986 3761 1038 καὶ

489 1081 614 1144 τοὺς
643 1083 699 1134 ὲν
728 1082 909 1146 αὐτοτς
938 1083 1196 1153 δαίμονας
1224 1087 1437 1153 φυγεῖν,
1479 1085 1567 1139 ἵνα
1590 1083 1668 1155 τῷ
1693 1082 1812 1154 Θεῴ
1828 1080 2058 1152 γεννηθῇ
2094 1078 2216 1132 καθ’
2254 1079 2382 1149 ὅλης
2412 1078 2513 1148 τῆς
2546 1078 2871 1148 οἰκουμένης
2901 1082 2929 1131 ὁ
2963 1078 3022 1142 ἐξ
3046 1077 3213 1131 ἐθνῶν
3246 1078 3394 1141 λαός.

567 1170 736 1228 Vens.
777 1173 871 1227 1-4
898 1174 993 1246 (1).
1035 1173 1349 1241 Nonnobis,
1384 1174 1627 1241 Domine,
1658 1193 1761 1230 non
1784 1174 1955 1237 nobis,
1980 1173 2068 1227 sed

2248 1170 2345 1237 Μὴ
2387 1170 2552 1238 ἡμῖν,
2596 1170 2795 1237 Κύριε,
2826 1169 2912 1239 μὴ
2957 1170 3119 1238 ἡμῖν,
3152 1170 3287 1223 ἀλλ’
3318 1170 3355 1237 ἡ
3383 1169 3463 1234 τῷ
3509 1170 3758 1238 ὀνόματι

493 1266 697 1319 nomini
748 1276 838 1320 tuo
881 1265 952 1319 da
990 1267 1219 1336 gloriam
1250 1285 1268 1321 :
1299 1283 1453 1333 super
1493 1268 1861 1323 misericordia
1905 1276 1996 1319 tua
2022 1274 2070 1319 et

2197 1276 2294 1315 rov
2318 1260 2422 1326 δὸς
2440 1261 2647 1323 δόξανδ
2679 1261 2777 1314 ἐπὶ
2818 1261 2898 1326 τῷ
2920 1262 3077 1315 ἐλέει
3102 1278 3217 1315 σου
3250 1262 3347 1314 καὶ
3387 1260 3461 1328 τῇ
3503 1262 3760 1327 ἀληθείᾳ

493 1358 714 1411 ueritate
766 1367 879 1421 tua,
930 1358 1203 1428 nequando
1237 1358 1420 1412 dicant
1451 1369 1628 1430 gentes
1655 1376 1673 1414 :
1700 1358 1799 1413 Ubi
1825 1367 1901 1412 est
1933 1356 2073 1409 Deus

2197 1366 2320 1414 70v,
2360 1350 2445 1419 μή
2479 1366 2623 1403 ποτε
2654 1351 2868 1404 εἴπωσι
2915 1350 2985 1403 τὰ
3002 1351 3166 1418 ἔθνη,
3194 1350 3317 1405 Ποῦ
3351 1351 3521 1403 ἐστιν
3542 1353 3574 1403 o'
3614 1351 3761 1415 Θεὸς

494 1464 676 1503 eorum
700 1452 726 1504 ?
745 1449 883 1503 Deus
908 1460 1084 1503 autem
1109 1460 1286 1503 noster
1312 1451 1366 1503 in
1399 1450 1525 1504 carlo
1546 1460 1595 1504 et
1623 1451 1677 1504 in
1701 1460 1862 1513 terra,
1896 1447 2077 1501 omnia

2197 1444 2403 1506 ιύτῶν;
2442 1443 2504 1495 '0
2536 1441 2604 1495 δὲ
2628 1442 2771 1508 Θεὸς
2796 1442 2965 1511 ἡμῶν
2985 1442 3053 1495 ἐν
3075 1441 3154 1507 τῷ
3182 1441 3415 1510 οὐρανῷ
3443 1442 3540 1495 καὶ
3586 1442 3659 1495 ὲν
3682 1440 3759 1507 τῇ

495 1556 816 1609 quaecunque
846 1539 1011 1593 voluit
1040 1540 1183 1609 fecit.
1210 1539 1514 1597 Simulacra
1549 1542 1777 1611 gentium
1804 1549 2076 1610 argentum

2197 1535 2277 1604 -ᾖ,
2330 1537 2527 1589 πάντα
2573 1536 2689 1590 ὅσα
2729 1535 3034 1603 ἠθέλησεν
3089 1537 3356 1602 ἐποίησε.
3413 1536 3488 1589 Τὰ
3535 1536 3759 1588 εἴδωλα

496 1641 548 1687 et
582 1648 794 1695 aurum,
830 1647 987 1701 opera
1017 1649 1268 1686 manuum
1304 1632 1593 1687 hominum.
1630 1631 1731 1686 Hic
1762 1632 1895 1685 mihi
1926 1630 2079 1685 vide-

2197 1628 2293 1681 τῶν
2310 1628 2498 1683 ἐθνῶν
2516 1629 2801 1697 ἀργύριον
2816 1630 2911 1681 καὶ
2940 1628 3223 1695 χρυσίον,
3236 1630 3379 1698 ἔργα
3399 1629 3523 1681 τῶν
3543 1627 3761 1696 χειρῶν

496 1728 591 1774 tur
626 1721 863 1791 Spiritus
911 1729 1135 1778 sanctus
1186 1723 1369 1792 populi
1405 1738 1472 1779 ex
1521 1722 1943 1778 circumcisione
1986 1721 2079 1775 ab-

2197 1718 2521 1787 ὶνθρώπων.
2570 1719 2835 1773 Ἐνταῦθὰ
2867 1738 2955 1790 μοι
2987 1720 3135 1773 δοκεί
3165 1720 3224 1772 τὺ
3248 1719 3476 1789 Πνεῦμα
3508 1720 3566 1770 τὸ
3602 1720 3761 1787 ἆγιον

494 1813 792 1881 jectionem
820 1814 1191 1879 subindicare,
1227 1823 1390 1885 atque
1423 1816 1699 1870 orationes
1734 1814 1870 1884 ipsis
1904 1812 2078 1867 trade-

2197 1812 2505 1865 ιὶνίττεσθαι
2548 1812 2642 1865 τοῦ
2696 1814 2761 1865 ἐκ
2808 1812 3110 1882 περιτομῆς
3161 1812 3288 1864 λαοῦ
3325 1811 3422 1881 τὴν
3464 1812 3758 1883 ἀποϐολὴν,

499 1920 562 1959 re
592 1904 659 1959 ad
695 1905 1088 1969 conﬁtendum,
1128 1907 1352 1976 hacque
1380 1908 1545 1962 verba
1575 1922 1639 1962 ex
1676 1908 1917 1977 ipsorum
1955 1920 2078 1976 per-

503 2010 640 2051 sona
674 1996 955 2066 proferre;
982 1999 1138 2068 queis
1180 1998 1424 2053 declarat
1472 1999 1621 2069 ipsos
1663 1999 1920 2054 virtutem
1973 1996 2080 2053 sibi

502 2088 930 2159 prospicientem
979 2104 1089 2144 non
1123 2089 1355 2146 ulterius
1402 2090 1603 2146 habere
1636 2091 1870 2160 :hisque
1921 2090 2079 2144 insti-

504 2188 736 2237 tuuntur
785 2178 856 2235 ad
902 2180 1305 2236 obsecrandum
1339 2190 1394 2236 et
1424 2180 1716 2237 dicendum
1759 2199 1772 2235 :
1807 2180 1918 2236 Nos
1951 2181 2078 2252 qui-

506 2269 631 2326 dem
682 2271 892 2342 indigni
944 2288 1141 2329 sumus
1178 2272 1374 2343 gratia,
1403 2288 1510 2343 qua
1560 2273 1841 2328 donantur
1891 2288 2081 2328 omnes

507 2372 697 2435 gentes
736 2382 748 2417 :
787 2372 842 2417 at
871 2378 939 2418 ne
968 2364 1129 2419 nobis
1164 2364 1280 2419 haec
1308 2362 1500 2429 facias,
1530 2363 1794 2432 Domine;
1826 2365 1921 2419 sed
1952 2380 2080 2436 pro-

508 2466 633 2528 pter
662 2470 859 2511 nomen
892 2462 1047 2510 tuum
1082 2456 1227 2527 quod
1250 2456 1320 2510 ab
1350 2456 1507 2512 initio
1538 2457 1849 2512 invocatum
1883 2466 1967 2513 est
1990 2474 2083 2514 su-

509 2562 609 2617 per
636 2561 772 2611 nos,
802 2562 980 2617 neque
1002 2562 1066 2602 ex
1094 2546 1325 2617 justitiis
1356 2547 1585 2613 nostris,
1618 2546 1712 2603 sed
1763 2563 1829 2602 ex
1871 2549 2087 2604 miseri-

513 2635 702 2692 cordia
723 2644 777 2691 et
805 2636 1031 2691 veritate
1055 2643 1146 2689 tua
1179 2636 1231 2690 id
1266 2636 1558 2691 concedas.
1603 2635 1737 2689 Nam
1776 2636 1821 2692 si
1853 2653 1960 2690 non
1990 2637 2089 2691 mi-

515 2728 774 2794 serearis,
803 2734 993 2799 gentes
1022 2727 1207 2782 dicent
1246 2746 1260 2782 :
1307 2727 1407 2781 Ubi
1440 2739 1516 2781 est
1574 2726 1717 2781 Deus
1746 2730 1976 2783 eorum?
2010 2726 2086 2781 Ne

511 2836 647 2877 vero
667 2837 906 2892 unquam
930 2821 1036 2876 hoc
1058 2821 1265 2875 dictum
1294 2819 1595 2891 proferant,
1622 2820 1862 2875 concede
1896 2836 1957 2874 ac
1986 2821 2086 2873 tri-

520 2914 628 2969 hue
657 2914 817 2969 nobis
846 2913 1281 2968 misericordiam
1318 2921 1490 2967 tuam.
1530 2911 1753 2967 Etiamsi
1794 2915 1938 2966 enim
1987 2926 2088 2965 nos

519 3003 788 3074 inspectio
820 3012 909 3058 tua
932 3018 1042 3058 non
1074 3003 1309 3072 amplius
1340 3003 1626 3073 gubernet,
1651 3002 1744 3057 sed
1768 3017 2089 3072 persuasum

516 3088 785 3145 habemus
811 3094 865 3144 te
895 3104 1016 3145 esse
1048 3091 1100 3142 in
1138 3090 1300 3158 coelo,
1325 3094 1379 3144 e't
1406 3104 1470 3145 ea
1498 3088 1677 3146 facere
1709 3107 1831 3162 quae
1867 3092 2016 3147 velis.

588 3261 757 3319 τελε.
781 3263 938 3318 5-18.
972 3262 1093 3317 Νοη
1128 3263 1300 3331 nobis,
1351 3264 1597 3328 Domine,
1644 3281 1748 3318 non
1795 3265 1965 3330 nobis,
1999 3265 2087 3320 sed

515 3356 722 3410 nomini
754 3364 841 3408 tuo
874 3355 944 3408 da
978 3355 1205 3425 gloriam
1234 3370 1252 3409 :
1287 3372 1443 3425 super
1486 3356 1851 3410 misericordia
1902 3368 1992 3411 tua
2040 3368 2087 3411 et

516 3448 739 3501 ueritate
779 3456 889 3510 tua,
930 3445 1206 3515 nequando
1261 3446 1441 3502 dicant
1470 3457 1642 3518 gentes
1670 3461 1688 3499 .'
1723 3444 1822 3499 Ubi
1848 3456 1923 3501 est
1951 3447 2089 3502 Dens

521 3541 746 3594 eorum?
778 3537 919 3592 Deus
956 3547 1131 3591 autem
1164 3546 1340 3592 noster
1369 3540 1425 3592 in
1458 3540 1583 3593 caelo
1618 3547 1667 3593 et
1698 3539 1752 3591 in
1786 3548 1945 3603 terra,
1978 3555 2091 3593 om-

522 3633 615 3688 nia
635 3647 951 3701 qiuecunque
981 3631 1143 3684 roluit
1191 3630 1336 3700 fecit.
1386 3629 1686 3684 Simulacra
1727 3631 1958 3700 gentium
1998 3646 2089 3683 ar-

514 3732 734 3791 gentum
760 3731 809 3775 et
837 3738 1046 3779 aurum,
1089 3737 1246 3791 opera
1283 3737 1533 3774 manuum
1578 3722 1883 3783 hominum;
1908 3738 1964 3774 os
2000 3721 2095 3773 ha-

528 3815 665 3878 bent,
700 3823 749 3868 et
794 3830 897 3868 non
940 3814 1249 3881 loquentur;
1282 3813 1459 3867 oculos
1492 3812 1702 3875 habent,
1742 3823 1791 3867 et
1824 3830 1926 3866 non
1956 3814 2095 3866 vide-

526 3904 686 3966 bunt;
719 3920 871 3957 aures
901 3904 1115 3968 habent,
1148 3913 1196 3958 et
1219 3922 1323 3957 non
1352 3904 1596 3967 audient;
1626 3922 1779 3958 nares
1808 3904 2018 3970 habent,
2043 3915 2092 3959 et

526 4008 631 4044 non
672 3990 1004 4053 odorabunt';
1054 4008 1239 4047 manus
1271 3992 1483 4055 habent,
1540 4002 1589 4047 et
1636 4011 1739 4047 non
1772 3995 2093 4063 palpabunt;

516 4080 677 4147 pedes
704 4079 915 4139 habent,
941 4090 1115 4132 etnon
1146 4080 1523 4144 ambulabunt;
1550 4097 1649 4133 non
1672 4081 2096 4149 vociferabuntur

523 4173 580 4225 in
608 4180 819 4241 gutture
844 4186 958 4224 suo.
992 4170 1205 4224 Similes
1242 4172 1350 4225 illis
1382 4173 1514 4240 ﬁant
1560 4173 1647 4241 qui
1683 4172 1887 4241 faciunt
1928 4190 2009 4236 ea,
2047 4181 2097 4225 et

526 4278 704 4317 omnes
736 4262 825 4331 qui
852 4261 1122 4330 conﬁdunt
1154 4266 1207 4315 in
1235 4263 1330 4318 eis.
1355 4262 1555 4317 Domus
1589 4263 1762 4317 Israel
1794 4267 2019 4333 speravit
2044 4266 2098 4317 in

525 4354 776 4417 Domino,
811 4352 1026 4421 adjutor
1054 4369 1233 4407 eorum
1275 4362 1323 4407 et
1357 4363 1618 4422 protector
1647 4372 1826 4408 eorum
1859 4366 1954 4410 est.
1989 4355 2097 4409 Do-

2178 1905 2343 1975 εὑχήν
2380 1921 2441 1956 τε
2488 1903 2671 1967 αὐτοῖς
2717 1904 3065 1973 παραδιδόναι
3108 1906 3185 1967 εἰς
3234 1904 3644 1974 ἐξομολόγησιν,
3698 1907 3761 1958 ὲκ

2179 1994 2469 2066 προσώπου
2497 2012 2556 2048 τε
2586 1995 2766 2048 αὐτῶν
2790 1995 2861 2049 τά
2876 1996 3120 2066 παρόντα
3155 1996 3485 2063 φάσκειν,δι’
3510 1989 3581 2046 ὧν
3615 2013 3758 2067 παρ-

2182 2086 2422 2142 ίστανται
2442 2087 2636 2159 μηκέτι
2653 2086 2865 2157 ἔχοντες
2884 2087 2980 2158 τὴν
3002 2087 3298 2141 ἐπισκοποῖ)
3307 2105 3402 2140 σαν
3418 2089 3598 2150 αὐτοῖς
3616 2087 3761 2140 θείαν

2178 2180 2407 2249 δύναμιν
2427 2195 2439 2209 ·
2477 2179 2543 2231 δι’
2569 2172 2644 2231 ὧν
2682 2178 3027 2232 διδάσκονται
3060 2176 3275 2231 δέεσθαι
3307 2180 3401 2231 καὶ
3426 2180 3760 2250 παρακαλεῖν

2180 2269 2269 2322 διὰ
2289 2269 2383 2322 τοῦ
2414 2268 2593 2336 λέγειν
2614 2286 2626 2298 ·
2668 2268 2861 2338 Ἡμεῖς
2895 2269 2993 2338 μὲν
3023 2268 3229 2331 ἀνάξιοι
3275 2270 3373 2338 τῆς
3423 2271 3665 2341 χάριτος,
3697 2265 3761 2339 ἧς

2182 2360 2546 2431 κατηξίωνται
2575 2360 2754 2414 πάντα
2788 2360 2857 2412 τά
2884 2359 3009 2431 ἔθνη
3031 2378 3045 2392 ·
3082 2360 3214 2413 ἀλλὰ
3244 2360 3317 2430 μὴ
3342 2364 3474 2431 ἡμῖν
3505 2363 3739 2432 ποιήσῃς

2182 2454 2457 2507 Δέσποτα·
2496 2452 2631 2506 ἀλλά
2661 2452 2823 2506 διὰτὸ
2853 2453 3022 2523 ὄνομά
3056 2470 3146 2505 σου
3172 2454 3229 2505 τὸ
3250 2453 3307 2518 ἐξ
3332 2453 3505 2523 ἀρχῆς
3533 2454 3761 2523 ἐπικλη-

2185 2544 2274 2598 θὲν
2305 2546 2387 2613 ἐφ’
2422 2546 2590 2615 ἡμᾶς,
2619 2545 2713 2597 καὶ
2741 2545 2815 2616 μὴ
2842 2547 2963 2608 ταῖς
3004 2545 3160 2615 ἡμῶν
3189 2544 3577 2611 δικαιοσύναις,
3632 2544 3765 2599 ἀλλά

2185 2635 2262 2706 τῷ
2303 2636 2379 2707 σῷ
2413 2636 2551 2689 ἐλέει
2584 2637 2805 2706 χάρισαι
2841 2638 2934 2689 καὶ
2960 2640 3024 2707 τῇ
3050 2641 3112 2707 σῇ
3148 2637 3394 2709 ἀληθείᾳ.
3432 2638 3496 2689 El
3538 2636 3647 2707 γὰρ
3684 2639 3758 2707 μὴ

2187 2728 2488 2795 ὲλεήσειας,
2522 2726 2705 2797 ἐροῦσι
2736 2725 2806 2779 τά
2844 2726 2971 2797 ἔθνη
2998 2744 3011 2757 ⁸
3060 2727 3183 2781 Ποῦ
3218 2729 3389 2781 ἐστιν
3420 2731 3453 2780 o'
3485 2727 3633 2791 Θεὸς
3660 2728 3765 2779 αὐ-

2190 2819 2341 2882 τῶν;
2384 2820 2521 2872 Ἀλλ’
2556 2820 2645 2873 ἵνα
2670 2820 2743 2890 μή
2781 2837 2911 2872 ποτε
2957 2819 3145 2872 τοῦτον
3199 2821 3392 2873 εἴπωσι
3441 2820 3533 2872 τὸν
3587 2819 3764 2887 λόγον,

2190 2910 2410 2979 χάρισαι
2456 2912 2588 2979 ἡμῖν
2628 2910 2722 2961 καὶ
2765 2907 3008 2979 δώρησαι
3053 2909 3201 2973 ἔλεός
3241 2926 3355 2962 σου.
3388 2908 3505 2962 Κᾶν
3543 2909 3653 2980 γάρ
3694 2909 3766 2977 μὴ

2192 3000 2339 3069 ἡμᾶς
2372 3000 2567 3069 μηκέτι
2602 3002 2635 3069 ή
2687 3000 2754 3070 σὴ
2796 3000 3072 3072 ὲπισκοπὴ
3107 3000 3465 3072 διακυϐερνᾷ,
3505 3000 3642 3053 ἀλλὰ
3674 3017 3768 3052 πε-

2117 3100 2158 3157 C
2194 3090 2467 3160 πείσμεθά
2496 3107 2554 3142 σε
2590 3087 2727 3145 εἶναι
2764 3091 2824 3144 ὲν
2865 3092 2944 3162 τῷ
2975 3091 3209 3163 οὐρανῷ,
3232 3092 3327 3145 κα)⁵
3375 3091 3543 3145 ταῦτα
3594 3095 3766 3145 ποιεῖν

2199 3183 2338 3253 ἆπερ
2371 3181 2695 3253 ἠϐουλήθης.

2269 3274 2364 3341 Μὴ
2400 3273 2563 3343 ἡμῖν,
2613 3276 2806 3341 Κύριε,
2832 3274 2918 3343 μὴ
2978 3274 3141 3343 ἡμῖν,
3174 3275 3313 3329 ἀλλ’
3343 3275 3382 3343 ἣ
3411 3273 3491 3340 τῷ
3521 3275 3768 3343 ὀνόματι

2198 3379 2312 3417 σου
2336 3362 2441 3428 δὸς
2470 3363 2658 3427 δόξαν
2677 3380 2689 3392 ·
2719 3363 2820 3416 ἐπὶ
2841 3363 2922 3429 τῷ
2944 3363 3098 3417 ἐλέει
3142 3380 3258 3417 σου
3292 3364 3391 3416 καὶ
3424 3362 3499 3431 τῇ
3521 3364 3771 3432 ἀληθείᾳ

2198 3470 2335 3515 σου,
2361 3453 2445 3522 μή
2476 3470 2618 3507 ποτε
2645 3453 2857 3507 εἴπωσι
2898 3454 2970 3507 τὰ
3001 3454 3165 3521 ἔθνη·
3205 3455 3328 3508 Ποῦ
3367 3454 3536 3507 ἐστιν
3562 3457 3595 3508 ὁ
3633 3457 3772 3517 Θεὸς

2198 3544 2396 3599 αὐτῶν
2418 3561 2435 3609 ;
2481 3546 2541 3598 '0
2566 3545 2631 3597 δὲ
2658 3544 2803 3611 Θεὸς
2827 3544 2995 3613 ἡμῶν
3020 3545 3088 3599 ἐν
3108 3544 3187 3610 τῷ
3219 3545 3453 3614 οὐρανῷ
3475 3545 3573 3597 καὶ
3599 3545 3669 3597 ἐν
3700 3541 3771 3611 τῇ

2198 3637 2298 3707 τῇ,
2344 3639 2539 3693 πάντα
2589 3638 2706 3692 ὅσα
2750 3637 3055 3705 ἠθέλησεν
3090 3637 3398 3705 ἐποίησεν.
3453 3638 3529 3691 Τὰ
3558 3636 3775 3690 εἴδωλα

2199 3730 2318 3783 τῶν
2350 3730 2541 3785 ἐθνῶν
2585 3731 2865 3799 ἀργύριον
2911 3730 3009 3785 καὶ
3049 3731 3327 3799 χρυσίον,
3371 3731 3515 3798 ἔργα
3564 3728 3776 3799 χειρῶν

2200 3820 2543 3889 ἀνθρώπων·
2584 3825 2780 3890 στόμα
2836 3821 3048 3889 ἔχουσι
3092 3820 3190 3873 καὶ
3244 3822 3316 3873 οὺ
3365 3819 3774 3884 λαλήσουσιν,

2202 3910 2545 3979 ὀφθαλμοὺς
2570 3911 2782 3978 ἔχουσι
2810 3912 2907 3965 καὶ
2936 3912 3047 3963 οὐκ
3076 3910 3357 3978 ὄψονταιο
3394 3909 3513 3963 ὦτα
3541 3909 3776 3978 ἔχουσι,

2202 4000 2301 4053 καὶ
2361 4002 2473 4053 οὐκ
2540 4001 2935 4067 ἀκούσονται,
2991 4000 3167 4067 ῥῖνας
3228 4000 3444 4068 έχουσι
3504 3999 3601 4052 καὶ
3667 4001 3779 4053 οὐκ

2203 4091 2728 4162 ὀσφρανθήσονται
2748 4107 2762 4120 '
2796 4092 2997 4161 χεῖρας
3022 4090 3230 4158 ἔχουσι
3264 4089 3363 4141 καὶ
3399 4091 3471 4142 οὐ
3504 4089 3787 4157 ψηλαφή-

2203 4197 2409 4249 σουσι,
2434 4181 2623 4247 πόδας
2655 4181 2869 4249 ἔχουσι
2907 4182 3005 4234 καὶ
3037 4183 3107 4234 οὺ
3143 4180 3685 4248 περιπατήσουσιν,
3712 4181 3787 4232 οὐ

2204 4272 2595 4342 φωνήσουσιν
2639 4272 2709 4325 ἐν
2738 4272 2819 4337 τῷ
2849 4272 3101 4341 λάρυγγι
3161 4269 3376 4324 αὐτῶν.
3418 4273 3633 4339 Ὅμοιοι
3682 4272 3790 4324 αὐ-

2205 4363 2329 4429 τοῖς
2354 4362 2622 4432 γένοιντο
2662 4366 2716 4415 οἱ
2762 4364 3076 4429 ποιοῦντες
3100 4362 3272 4425 αὐτὰ,
3308 4362 3409 4415 καὶ
3455 4362 3683 4425 πάντες
3734 4362 3791 4414 οὶ

528 4464 646 4500 mus
682 4447 863 4501 Aaron
905 4448 1131 4515 speravit
1184 4449 1239 4500 in
1289 4447 1535 4511 Domino,
1577 4447 1792 4516 adjutor
1832 4465 2011 4503 eorum
2050 4460 2094 4502 et

2203 4455 2549 4517 πεποιθότες
2598 4453 2689 4505 ἐπ’
2744 4453 2971 4519 αὐτοῖς.
3024 4449 3199 4519 Οἶκος
3234 4452 3472 4520 Ἰσραὴλ
3521 4452 3792 4519 ἤλπισεν

527 4548 790 4607 protector
818 4554 997 4593 eorum
1040 4548 1137 4592 est.
1181 4538 1285 4604 Qui
1327 4541 1509 4592 timent
1542 4539 1824 4593 Dominum
1863 4556 2097 4608 sperave-

526 4640 655 4682 runt
692 4631 747 4683 in
786 4629 1032 4698 Domino,
1069 4630 1285 4700 adjutor
1314 4647 1492 4683 eorum
1540 4640 1588 4683 et
1631 4641 1893 4700 protector
1920 4649 2101 4686 eorum

529 4730 629 4774 est.
680 4720 937 4775 Dominus
985 4738 1183 4776 memor
1219 4723 1388 4775 nostri
1434 4721 1695 4775 benedixit
1733 4724 1903 4778 nobis.
1942 4724 2104 4780 Bene-

530 4811 669 4864 dixit
700 4812 881 4865 domui
927 4811 1120 4879 Israel,
1150 4813 1412 4867 benedixit
1464 4812 1645 4867 domui
1690 4814 1873 4870 Aaron
1904 4833 1921 4869 :
1950 4817 2102 4872 bene~

532 4902 668 4957 dixit
709 4905 773 4957 iis
827 4906 915 4974 qui
971 4905 1155 4957 timent
1202 4904 1515 4967 Dominum,
1565 4906 1773 4973 pusillis
1830 4924 1947 4960 cum
1990 4927 2105 4963 ma-

535 4994 756 5055 ioribus.
818 4995 1052 5064 Adjiciat
1094 4995 1349 5049 Dominus
1387 5011 1540 5064 super
1580 5014 1689 5062 vos,
1730 5013 1885 5065 super
1926 5017 2012 5055 vos
2053 5012 2105 5055 et

534 5102 691 5157 super
745 5086 887 5153 ﬁlios
949 5096 1165 5141 vestros.
1207 5087 1477 5141 Benedicti
1530 5104 1617 5141 vos
1652 5105 1684 5141 a
1721 5088 1969 5154 Domino,
2016 5093 2106 5161 qui

534 5177 659 5246 fecit
697 5178 883 5232 caelum
910 5188 958 5231 et
996 5188 1211 5233 terram.
1252 5177 1451 5233 Cwlum
1483 5180 1599 5233 caeli
1629 5179 1875 5245 Domino,
1911 5191 2105 5236 terram

536 5283 711 5325 autem
750 5270 890 5325 dedit
925 5272 1051 5341 ﬁliis
1087 5272 1377 5327 hominum.
1424 5271 1546 5327 Non
1586 5275 1781 5328 mortui
1815 5274 2105 5330 laudabunt

538 5374 609 5427 te,
638 5365 878 5426 Domine,
906 5381 1065 5433 neque
1089 5382 1264 5419 omnes
1288 5366 1378 5435 qui
1400 5364 1717 5420 descendunt
1739 5367 1792 5419 in
1818 5367 2103 5435 infernum.

539 5458 646 5517 Sed
684 5456 791 5513 nos‘
809 5460 899 5529 qui
936 5460 1154 5512 vivimus
1204 5457 1558 5512 benedicemus
1608 5457 1858 5521 Domino,
1901 5474 1965 5512 ex
2014 5460 2109 5516 hoc

536 5567 679 5605 nunc
711 5560 758 5605 et
791 5567 952 5621 usque
982 5551 1039 5604 in
1065 5550 1340 5605 seculum.
1390 5548 1456 5603 Hi
1499 5550 1749 5605 versiculi
1792 5551 1845 5604 in
1877 5552 2107 5621 quibus-

538 5643 667 5697 dam
706 5642 1107 5715 exemplaribus
1137 5657 1167 5695 a
1189 5642 1398 5711 psalmo
1428 5656 1562 5696 cxm
1594 5640 1834 5696 distineti
1861 5657 1924 5698 ac
1953 5658 2109 5713 sepa-

531 5736 645 5791 rati
674 5747 838 5802 sum;
861 5737 935 5790 ita
966 5741 1023 5789 ut
1042 5736 1155 5790 haec
1179 5750 1306 5790 cxrv
1337 5736 1601 5798 psalmum
1625 5735 1981 5790 constituant.
2016 5736 2105 5801 At,

2207 4543 2305 4596 ἐπὶ
2352 4544 2592 4611 Κύριον,
2641 4542 2873 4609 ,ϐοηθὸς
2933 4543 3030 4597 καὶ
3084 4542 3545 4611 ὑπερασπιστὴς
3584 4541 3796 4595 αὐτῶν

2214 4634 2408 4688 ἐστιν.
2442 4632 2615 4703 Οἶκος
2636 4636 2852 4703 Ἀαρὼν
2875 4636 3138 4704 ἤλπισεν
3168 4637 3267 4688 ἐπὶ
3292 4637 3532 4703 Κύριον,
3554 4635 3795 4703 ,βοηθὸς

2209 4726 2309 4779 καὶ
2339 4728 2799 4796 ὑπερασπιστὴς
2848 4727 3047 4782 αὐτῶν
3090 4729 3277 4782 ἐστιν.
3334 4732 3397 4782 Ol
3431 4729 3799 4797 φοϐούμενοι

2210 4824 2316 4876 τὸν
2334 4824 2552 4892 Κύριον
2563 4823 2832 4891 ἤλπισαν
2846 4822 2945 4876 ἐπὶ
2976 4824 3212 4890 Κύριον,
3236 4822 3460 4890 βοηθὸς
3488 4820 3585 4874 καὶ
3606 4824 3799 4888 ὑπερ-

2209 4914 2516 4982 ασπιστὴς
2556 4913 2753 4968 αὐτῶν
2797 4914 2988 4967 ἐστιν.
3030 4915 3244 4982 Κύριος
3292 4912 3585 4982 μνησθεὶς
3620 4913 3801 4982 funiu-

2210 5007 2548 5073 εὐλόγησεν
2588 5003 2765 5074 ἡμᾶς.
2814 5005 3132 5074 Εὺλόγησε
3176 5006 3281 5057 τὸν
3329 5005 3497 5057 οἷκον
3524 5003 3799 5072 Ἰσραὴλ,

2211 5099 2508 5169 εὐλόγησε
2534 5100 2639 5152 τὸν
2670 5096 2842 5153 οἷκον
2871 5098 3113 5167 Ἀαρών’
3157 5102 3455 5169 εὐλόγησε
3493 5096 3641 5164 τοὺς
3692 5117 3803 5169 φο-

2214 5190 2539 5260 ϐουμένους
2572 5193 2678 5247 τὸν
2728 5194 2968 5261 Κύριον,
3019 5193 3162 5258 τοὺς
3195 5192 3445 5262 μικροὺς
3486 5192 3643 5261 μετὰ
3682 5190 3806 5245 τῶν

2208 5280 2503 5350 μεγάλων.
2547 5283 2840 5351 Προσθείη
2896 5285 3109 5351 Κύριος
3149 5284 3240 5352 ἐφ’
3278 5281 3453 5352 ὑμᾶς,
3503 5283 3597 5351 ἐφ’
3640 5283 3805 5352 ὑμᾶς

2214 5371 2313 5424 καὶ
2358 5371 2457 5425 ἐπὶ
2492 5372 2630 5438 τοὺς
2660 5373 2827 5440 υἱοὺς
2846 5374 3035 5445 ὑμῶν.
3065 5375 3472 5445 Εὑλογημὲνοι
3501 5374 3683 5442 ὑμεῖς
3728 5374 3807 5437 τῷ

2215 5464 2427 5530 Κυρίῳ,
2460 5464 2541 5529 τῷ
2569 5464 2892 5532 ποιήσαντι
2924 5468 3033 5522 τὸν
3064 5468 3326 5538 οὐρανὸν
3360 5465 3459 5521 καὶ
3493 5466 3611 5534 τὴν
3656 5466 3800 5537 τῆν.

2226 5554 2289 5607 ’θ
2318 5555 2573 5623 οὐρανὸς
2606 5561 2713 5612 τοῦ
2754 5559 3015 5627 οὐρανοῦ
3058 5557 3139 5625 τῷ
3169 5561 3386 5628 Κυρίῳ,
3421 5557 3534 5626 τὴν
3561 5557 3637 5611 δὲ
3686 5558 3805 5629 γῆν

2215 5645 2398 5701 ἔδωκε
2444 5647 2567 5714 τοῖς
2604 5649 2755 5716 υἱοῖς
2788 5648 2907 5704 τῶν
2938 5649 3283 5719 ἀνθρώπων.
3319 5652 3444 5720 Οὐχ
3490 5653 3546 5704 οἱ
3592 5650 3806 5719 νεκροὶ

2215 5737 2534 5793 αὶνέσουσί
2588 5756 2682 5808 σε,
2733 5744 2928 5813 Κύριε,
2966 5741 3109 5797 οὐδὲ
3146 5742 3369 5809 πάντες
3421 5745 3477 5796 οἱ
3514 5742 3807 5796 καταϐαί-

613 5827 692 5898 (l)
726 5825 871 5882 Psal.
904 5842 1060 5895 CXIV,
1105 5826 1260 5899 juxta
1298 5825 1578 5883 Hebraeos.
1612 5824 1730 5884 νεά.
1774 5824 1916 5879 intra
1966 5830 2108 5898 apud
2150 5827 2351 5887 Euseb.
2381 5829 2539 5887 Enn.
