3992 6404
208 396 342 450 17:57

1301 388 1803 446 COMMENTARIA
1838 388 1904 442 IN
1945 386 2277 442 PSALMOS.

3324 359 3502 438 4553‘

205 535 412 584 νοντες
439 521 526 584 εἰς
575 517 744 584 ᾅδου.
781 519 932 572 Ἀλλ’
966 517 1138 586 ἡμεῖς
1181 518 1237 570 οἱ
1272 513 1483 581 ζῶντες
1532 513 1784 584 εὐλογή-

1889 527 2012 566 cum
2041 511 2290 581 inspecto
2315 510 2668 566 Hebraeorum
2707 511 2868 574 libro,
2902 524 3092 565 eorum
3121 508 3386 564 dictiones
3409 517 3464 563 et

204 623 397 676 σομεν
420 606 527 660 τὸν
552 607 776 675 Κύριον
803 605 921 662 ἀπὸ
959 606 1067 660 τοῦ
1102 606 1220 661 νῦν
1240 605 1340 660 καὶ
1370 605 1482 670 ἕως
1507 605 1612 659 τοῦ
1651 603 1786 659 αἰῶ-

204 713 331 762 νος.
367 695 684 750 Διέσταλται
718 699 813 750 καὶ
862 696 1006 760 ίδίως
1046 694 1350 766 ἀφώρισται
1379 693 1473 748 τοῦ
1520 700 1620 767 ριγ¹
1653 692 1786 764 ψαλ-

208 787 311 858 μοῦ
343 787 401 840 έν
433 805 542 842 τισι
583 787 691 842 τῶν
744 789 1094 862 ἀντιγράφων
1138 789 1207 842 τά
1255 789 1612 860 προκείμενα,
1646 786 1786 839 ὥστε

204 875 342 934 εἶναι
375 879 471 951 ριδ⁷
494 881 704 951 ψαλμὸν
725 881 816 934 τὸν
847 881 986 952 μετὰ
1015 885 1222 953 χεῖρας.
1271 880 1484 951 Ἐπειδὴ
1514 879 1590 942 δὲ,
1620 877 1786 946 ἐγκύ-

203 971 312 1042 φας
342 974 480 1045 αὐτῇ
514 976 580 1045 τῇ
623 973 890 1044 Ἑϐραίων
931 974 1116 1045 βίϐλῳ,
1145 974 1270 1038 τοὺς
1302 973 1480 1026 αὐτῶν
1512 973 1788 1044 χαρακτῆ-

207 1085 307 1138 ρας
348 1067 726 1137 συνημμένους
769 1059 927 1138 εὗρον
973 1067 1066 1119 καὶ
1110 1065 1208 1128 τάς
1266 1065 1459 1130 λέξεις,
1512 1064 1787 1133 ἐπέστησα

206 1155 385 1221 καλῶς
414 1157 777 1228 ἀκολουθῆσαι
825 1161 889 1229 τῇ
930 1156 1194 1228 Ἐϐραίων
1228 1155 1414 1227 βίϐλῳ,
1445 1153 1678 1222 συνάψαι
1725 1169 1786 1206 τε

204 1253 317 1313 τοῖς
346 1249 628 1320 προτέροις
655 1249 723 1302 τά
749 1249 1106 1322 προκείμενα,
1143 1247 1284 1301 ὥστε
1313 1243 1453 1300 εἶναι
1500 1245 1664 1318 μέρος
1690 1244 1788 1298 αὑ-

204 1342 272 1396 τά
303 1342 396 1396 τοῦ
440 1349 541 1413 ριγ¹
571 1341 766 1412 ὕμνου.
797 1344 957 1396 Δοκεῖ
998 1337 1092 1396 οὖν
1136 1341 1207 1394 τὰ
1256 1339 1594 1412 προκείμενα
1623 1338 1788 1408 άνηρ-

203 1436 524 1506 τῆσθαιτῶν
555 1435 836 1506 προτέρων
855 1453 868 1465 ο
900 1426 1241 1490 παιδεύονται
1275 1435 1382 1506 γάρ
1415 1435 1464 1486 οἱ
1492 1432 1678 1494 παῖδες
1707 1425 1788 1493 οἷς

205 1529 454 1597 ἐλέγετο·
490 1528 740 1594 Αἰνεῖτε,
774 1527 1007 1593 παῖδες,
1041 1529 1284 1596 Κύριον,
1311 1527 1589 1580 τουτέστιν
1617 1528 1646 1579 ὁ
1671 1525 1790 1588 νέος

205 1621 350 1685 λαὸς,
393 1622 543 1673 ποῖον
573 1620 777 1691 Κύριον
807 1621 1070 1690 προσήκει
1099 1620 1268 1672 αίνεῖν
1291 1635 1308 1650 ο
1355 1617 1512 1688 δῆλον
1543 1617 1600 1670 δὲ
1629 1616 1789 1669 αὐτὸν

205 1715 410 1768 ἐκεῖνον
432 1714 522 1766 τὸν
556 1715 612 1766 ἐν
640 1717 706 1784 τῇ
735 1713 900 1783 ἐξόδῳ
935 1712 1151 1782 Ἰσραὴλ
1200 1714 1266 1783 τῇ
1309 1708 1369 1775 ἐξ
1401 1709 1677 1780 Αἰγύπτου
1720 1708 1789 1762 τά

202 1801 440 1856 τοσαῦτα
502 1804 782 1874 θαυμάσια
839 1801 1298 1872 διαπραξάμενον.
1379 1801 1636 1864 Ἐκείνοις
1695 1797 1789 1854 οὖν

1886 606 2231 661 characteres
2257 605 2379 675 conj
2389 614 2582 661 unctos
2608 620 2731 660 esse
2754 603 3074 674 repererim,
3109 601 3462 657 Hebraeorum

1884 699 2084 754 librum
2128 697 2464 768 sequendum
2509 712 2651 763 esse,
2693 706 2855 766 atque
2884 695 3160 765 prioribus
3183 693 3301 750 haec
3329 710 3463 749 con-

1880 789 2159 860 iungenda
2191 804 2311 845 esse
2338 789 2624 853 aestimavi,
2654 787 2728 841 ita
2760 797 2821 841 ut
2845 787 2960 841 haec
2983 801 3110 856 pars
3141 787 3252 841 sint
3279 797 3463 843 cente-

1885 883 2007 938 simi
2033 883 2229 938 decimi
2257 882 2400 937 tertii
2421 881 2623 952 hymni.
2645 879 2910 935 Videntur
2927 879 3110 950 itaque
3126 879 3241 934 haec
3259 896 3462 950 praece-

1884 974 2141 1028 dentibus
2175 972 2468 1026 cohazrere.
2510 968 2646 1023 Nam
2689 969 2843 1039 pueri
2880 968 2979 1034 illi,
3020 967 3221 1039 quibus
3252 967 3459 1023 dictum

1884 1074 1989 1132 est,
2021 1065 2282 1133 Laudate,
2315 1065 2485 1133 pueri,
2521 1063 2829 1128 Dominum,
2863 1062 2918 1117 id
2949 1069 3055 1128 est,
3088 1075 3264 1118 novus
3286 1075 3461 1132 popu-

1884 1159 1991 1224 lus,
2014 1159 2315 1214 edocentur
2333 1173 2496 1228 quem
2528 1156 2819 1212 Dominum
2849 1155 3074 1232 laudare
3099 1169 3200 1225 par
3228 1154 3321 1209 sit.
3349 1153 3458 1208 Pa-

1885 1253 1994 1306 lam
2023 1261 2204 1306 autem
2229 1259 2314 1307 est
2344 1265 2470 1305 eum
2500 1250 2682 1320 ipsum
2711 1264 2853 1313 esse,
2895 1248 2989 1318 qui
3020 1247 3074 1301 in
3110 1247 3258 1303 exitu
3290 1245 3460 1303 Israel

1886 1345 1956 1401 de
2002 1343 2240 1416 Egypto
2285 1351 2440 1398 tanta
2492 1342 2762 1398 miracula
2808 1341 2997 1398 edidit.
3046 1340 3460 1410 Consequenter

1886 1436 2054 1509 igitur
2083 1437 2152 1490 ad
2194 1436 2289 1490 illa
2334 1434 2635 1490 edocentur
2680 1433 2806 1504 ipsi,
2847 1449 2917 1489 ne
2950 1433 3203 1504 ignorent
3233 1433 3456 1503 quinam

1888 1526 2093 1582 fuerint
2122 1525 2201 1580 illi
2242 1525 2311 1579 ab
2340 1540 2400 1580 se
2431 1525 2561 1580 olim
2596 1525 2670 1580 dii
2697 1524 3018 1590 existimati,
3058 1524 3205 1595 quod
3249 1523 3462 1579 scilicet

1887 1620 2070 1674 anima
2099 1620 2359 1688 omnique
2379 1632 2546 1672 sensu
2567 1616 2866 1682 caruerint,
2888 1615 3200 1687 fuerintque
3221 1623 3458 1680 mortua,

1888 1720 2038 1767 muta
2062 1722 2116 1768 et
2144 1726 2287 1767 caeca
2320 1711 2485 1775 idola,
2517 1711 2654 1764 nihil
2681 1709 2860 1766 simile
2884 1709 3163 1774 habentia,
3197 1724 3305 1763 non
3337 1708 3462 1764 dico

1888 1817 2090 1874 magno
2118 1809 2172 1858 et
2206 1802 2539 1856 mirabilium
2572 1801 2770 1855 editori
2791 1840 2806 1866 ,
2841 1801 3085 1856 omnium
3124 1800 3326 1870 Opilici,
3367 1798 3464 1854 sed

201 1894 510 1958 ἀκολούθως
537 1897 587 1949 οἱ
626 1895 781 1949 αὐτοὶ
808 1895 1150 1949 διδάσκονται
1192 1895 1317 1958 τοὺς
1366 1893 1531 1947 πάλαι
1574 1910 1784 1964 νενομι-

1888 1912 1958 1952 ne
1984 1896 2070 1951 vel
2111 1894 2404 1966 postremis
2434 1909 2622 1948 eorum
2670 1908 2790 1964 quae
2829 1893 3009 1947 anima
3042 1899 3096 1947 et
3129 1907 3295 1948 sensu
3324 1905 3464 1961 prte-

203 1985 436 2057 σμένους
470 1986 650 2039 αὐτῶν
684 1985 842 2048 θεοὺς
879 1985 1053 2039 ὁποῖοί
1094 2002 1240 2048 τινες
1268 1981 1408 2056 ἦσαν
1441 1984 1516 2056 μὴ
1549 1985 1780 2054 ἀγνοεῖν,

201 2076 284 2128 ὅτι
319 2076 514 2147 ἄψυχοι
565 2077 659 2129 καὶ
694 2077 874 2148 πάσης
928 2075 1232 2147 αἰσθήσεως
1281 2077 1658 2148 ἐστερημένοι,
1707 2077 1788 2130 ὅτι

200 2168 392 2240 νεκρὰ,
442 2171 535 2223 καὶ
575 2169 736 2240 κωφὰ
781 2171 876 2224 καὶ
916 2170 1094 2240 τυφλά
1142 2168 1359 2233 εἴδωλα,
1399 2167 1551 2221 οὐδὲν
1605 2168 1788 2239 ὅμοιον

199 2261 414 2331 ἔχοντα,
431 2262 492 2314 οὐ
524 2278 597 2332 φη
606 2264 664 2333 μὶ
679 2261 756 2332 τῷ
787 2261 1010 2333 μεγάλῳ
1037 2262 1130 2317 καὶ
1146 2258 1556 2333 παραδοξοποιῷ
1583 2261 1780 2331 ποιητῇ

1883 1987 1998 2043 dita
2035 1994 2163 2042 sunt
2197 2005 2210 2041 :
2241 1985 2338 2040 sed
2375 1983 2678 2039 inanimata
2708 2000 2936 2055 prorsus
2969 1986 3196 2039 materia
3236 1984 3456 2039 fuerint.

1883 2077 1951 2132 Et
1972 2079 2064 2133 illa
2092 2077 2336 2148 quidem,
2371 2076 2630 2131 animalia
2662 2075 2884 2146 inquam
2912 2075 3172 2143 animata,
3203 2074 3298 2130 Dei
3330 2074 3466 2132 Ver—

1884 2169 1955 2226 bo
1982 2171 2354 2226 constiterunt
2381 2189 2396 2224 :
2432 2176 2490 2223 at
2515 2168 2594 2223 illi
2625 2168 2870 2240 gentium
2903 2168 3001 2232 dii,
3025 2175 3085 2222 ut
3107 2168 3461 2238 putabantur,

1884 2261 2251 2316 humanorum
2287 2275 2515 2332 operum
2549 2260 2808 2331 ﬁgmenta
2838 2266 2986 2316 sunt.

198 2349 306 2402 τῶν
335 2349 490 2413 ὅλων,
517 2350 630 2403 ἀλλ’
660 2351 782 2404 οὐδὲ
805 2354 915 2415 τοῖς
947 2352 1195 2422 ἐσχάτοις
1255 2351 1362 2404 τῶν
1412 2347 1694 2420 ἐμψύχων,
1734 2343 1816 2414 οἷς
1849 2350 2102 2422 μέτεστιν
2134 2351 2467 2423 αἰσθήσεως·
2504 2351 2682 2422 πάντη
2706 2350 2763 2403 δὲ
2793 2349 2997 2421 ἄψυχος
3029 2350 3130 2421 ὕλη
3189 2350 3461 2423 καθέστη·

199 2459 315 2496 κεν.
351 2444 593 2497 Κάκεῖνα
651 2443 768 2514 μὲν,
818 2443 961 2512 λέγω
993 2443 1056 2514 δὴ
1087 2444 1155 2497 τά
1204 2443 1424 2516 ἔμψυχα
1479 2444 1614 2509 ζῶα,
1663 2441 1798 2495 Θεοῦ
1846 2444 2005 2516 Λόγῳ
2061 2444 2388 2516 συνέστηκεν
2433 2461 2448 2476 ο

201 2535 314 2588 θεοὶ
347 2533 703 2605 ἀνθρωπίνων
735 2533 911 2607 ἔργων
943 2535 1342 2608 ἀναπλάσματα
1373 2536 1744 2607 τυγχάνουσιν.
1841 2569 1853 2580 -

691 2651 1113 2706 ΑΛΛΗΛΟΥΙΑ.
1153 2650 1296 2707 ΡΙΔ’.

282 2745 607 2814 Ἠγὰπησα,
628 2744 717 2798 ὅτι
737 2745 1162 2798 εὶσακούσεται
1201 2745 1419 2813 Κύριος
1445 2743 1556 2813 τῆς
1577 2743 1784 2813 φωνῆς

197 2837 312 2906 τῆς
345 2836 609 2903 δεήσεως
634 2854 776 2906 μου,
811 2836 899 2889 ὅτι
930 2837 1131 2891 ἔκλινε
1177 2836 1245 2890 τὸ
1272 2833 1381 2902 οὖς
1413 2836 1598 2890 αὑτοῦ
1625 2836 1777 2905 ἐμοὶ,

197 2930 301 2983 καὶ
335 2931 406 2983 ἐν
431 2929 561 2995 ταῖς
587 2927 835 2998 ἡμέραις
865 2946 985 2998 μου
1027 2927 1474 2998 ὲπικαλέσομαι.
1521 2929 1578 2981 Ὁ
1611 2927 1779 2982 πάλαι

199 3021 532 3093 φοϐούμενος
567 3021 659 3074 τὸν
686 3020 911 3093 Κύριον,
952 3021 1052 3092 ἤδη
1090 3021 1371 3093 προκόψας
1421 3019 1528 3074 άπὸ
1551 3020 1646 3075 τοῦ
1679 3021 1778 3091 φό-

200 3114 318 3179 δου,
361 3113 454 3166 καὶ
500 3112 739 3184 μεταϐὰς
765 3114 857 3165 ἐπὶ
899 3114 998 3185 τὴν
1029 3113 1248 3184 ἀγάπην
1300 3111 1394 3166 τοῦ
1443 3112 1601 3177 Θεοῦ,
1635 3113 1778 3167 εἴποι

201 3207 290 3270 ἂν,
325 3205 634 3276 Ἠγάπησα
654 3221 671 3238 ο
720 3205 842 3258 τίνα
868 3206 945 3270 δὲ,
979 3205 1236 3276 ἢδηλαδὴ
1285 3205 1488 3277 Κύριον
1517 3206 1609 3260 τὸν
1641 3205 1775 3261 Θεὸν

2501 2444 2552 2498 οἱ
2611 2442 2669 2496 δὲ
2713 2440 2823 2496 τῶν
2870 2442 3040 2497 ἐθνῶν
3086 2444 3462 2516 νενομισμένοι

2381 2645 2747 2704 ALLELUIA.
2788 2647 2973 2706 CXIV.

1961 2739 2127 2795 Vsus.
2162 2739 2214 2804 1,
2241 2739 2298 2794 2.
2333 2737 2514 2794 Ditexi
2542 2742 2795 2810 quoniam
2816 2742 3064 2796 exaudiet
3092 2742 3353 2798 Dominus
3382 2760 3465 2798 vo-

1885 2849 1996 2887 cem
2025 2832 2283 2885 orationis
2307 2848 2456 2900 mete,
2479 2835 2606 2904 quia
2629 2834 2903 2889 inclinavit
2931 2851 3113 2890 aurem
3135 2852 3287 2891 suam
3309 2839 3463 2904 mihi,

1883 2934 1933 2980 et
1959 2925 2013 2978 in
2037 2923 2221 2978 diebus
2253 2923 2383 2979 meis
2405 2925 2676 2980 invocabo.
2708 2927 2810 2991 Qui
2837 2927 2968 2982 olim
2999 2926 3286 2982 Dominum
3311 2931 3465 2986 time-

1883 3017 1997 3080 bat,
2025 3017 2136 3086 jam
2168 3030 2200 3069 a
2232 3016 2429 3071 timore
2457 3015 2760 3087 profectus,
2789 3025 2843 3072 et
2869 3019 2939 3072 ad
2976 3017 3322 3076 dilectionem
3359 3019 3459 3078 Dei

1883 3117 2284 3179 transgressus,
2306 3109 2432 3179 jure
2453 3109 2673 3173 dixerit,
2705 3109 2886 3164 Dilexi
2910 3127 2929 3164 :
2953 3127 3112 3179 quem
3139 3128 3321 3182 porro,
3349 3115 3460 3171 nisi

1884 3198 2172 3254 Dominum
2191 3198 2380 3262 Deum,
2399 3216 2466 3256 ex
2485 3206 2598 3255 toto
2622 3200 2809 3267 corde,
2829 3201 3033 3256 virtute
3056 3210 3219 3271 atque
3243 3205 3457 3270 anima;

201 3293 263 3358 ἐξ
298 3295 426 3365 ὅλης
456 3295 701 3365 καρδίας,
732 3295 824 3348 καὶ
849 3295 1128 3366 δυνάμεως
1150 3295 1244 3348 καὶ
1263 3295 1460 3366 ψυχῆς,
1488 3294 1628 3350 ὥστε
1657 3297 1774 3350 ’ἐνε-

1887 3293 1957 3346 ita
1985 3299 2046 3347 ut
2076 3301 2301 3363 propter
2332 3293 2537 3361 ipsum,
2568 3293 2654 3346 vel
2679 3290 2746 3344 ad
2770 3301 3002 3347 mortem
3038 3309 3211 3364 usque
3240 3311 3462 3352 concer-

200 3402 297 3440 κεν
318 3385 481 3439 αὑτοῦ
505 3388 599 3439 καὶ
625 3387 782 3458 μέχρι
810 3385 1040 3440 θανάτου
1077 3387 1440 3455 ἀγωνίζεσθαι
1468 3387 1606 3461 ὑπὲρ
1643 3389 1776 3460 ἀλη-

1887 3390 1957 3440 tet
1995 3399 2094 3454 pro
2128 3385 2375 3448 veritate,
2412 3398 2476 3438 ac
2501 3384 2754 3453 quamvis
2782 3389 3138 3442 tentationem
3166 3388 3459 3454 sustineat,

201 3474 375 3539 θείας,
425 3474 606 3529 πάντα
638 3491 697 3527 τε
737 3475 1026 3544 ὑπομεῖναι
1079 3474 1402 3546 πειρασμὸν,
1456 3475 1551 3527 καὶ
1602 3475 1779 3528 πάντα

1887 3476 2115 3550 quodvis
2146 3477 2452 3547 periculum
2477 3475 2737 3530 alacriter
2759 3492 2870 3545 prae
2900 3477 2991 3531 Dei
3015 3494 3200 3533 amore
3230 3479 3464 3535 subeat?

201 3566 444 3620 κίνδυνον
497 3567 794 3637 ὑποστῆναι
854 3565 1148 3637 προθύμως
1194 3565 1283 3619 διὰ
1327 3564 1423 3638 τὴν
1475 3567 1611 3639 πρὸς
1648 3566 1780 3620 Θεὸν

201 3659 461 3729 ἀγάπην;
497 3659 617 3712 Ὅτι
676 3659 880 3712 ἔκλινε
917 3658 984 3712 τὸ
1029 3653 1138 3724 οὖς
1165 3658 1354 3713 αὑτοῦ
1399 3658 1548 3728 ἐμοὶ,
1583 3658 1682 3730 οιαὶ
1712 3659 1782 3712 ἐν

203 3747 333 3814 ταῖς
381 3748 626 3818 ἡμέραις
672 3766 790 3817 μου
836 3748 1288 3816 ἐπικαλέσομαι.
1342 3746 1676 3817 Περιέσχον
1702 3764 1781 3816 με

202 3840 411 3906 ὠδῖνες
451 3838 729 3904 θανάτου,
766 3839 1033 3894 κίνδυνοι
1060 3839 1208 3906 ᾅδου
1235 3839 1498 3908 εὕροσάν
1513 3855 1590 3908 με
1609 3855 1622 3868 ·
1649 3839 1780 3894 θλί-

203 3936 315 4001 ψιν
343 3931 441 3985 καὶ
469 3931 697 3998 ὀδύνην
728 3926 928 3999 εὗρον,
956 3930 1056 3984 καὶ
1086 3931 1151 3983 τὸ
1183 3930 1371 3999 ὄνομα
1396 3930 1618 3998 Κυρίου
1649 3931 1782 3983 ἐπε-

205 4023 576 4093 καλεσάμην.
608 4020 676 4076 Ὦ
746 4023 942 4091 Κύριε,
990 4021 1179 4090 ῥῦσαι
1228 4022 1342 4090 τὴν
1378 4021 1588 4092 ψυχήν
1638 4039 1778 4093 μου·

205 4115 477 4184 ἐλεήμων
507 4113 604 4168 καὶ
638 4113 869 4179 δίκαιος
901 4116 934 4167 ό
965 4115 1203 4181 Κύριος,
1233 4112 1331 4166 καὶ
1369 4116 1402 4166 ό
1429 4113 1574 4178 Θεὸς
1612 4111 1782 4181 ἡμῶν

203 4206 378 4262 ἐλεεῖ.
415 4205 753 4260 Φυλάσσων
796 4205 870 4258 τὰ
903 4203 1088 4271 νήπια
1129 4207 1161 4258 ὀ
1211 4205 1441 4271 Κύριος,
1465 4203 1780 4258 ἐταπεινώ-

205 4297 340 4362 θην,
373 4295 470 4348 καὶ
503 4295 700 4348 ἐσωσέ
732 4311 832 4364 με.
891 4294 1306 4360 Ἐπίστρεψον,
1332 4291 1500 4361 ψυχή
1524 4310 1666 4361 μου,
1693 4294 1780 4358 εις

206 4385 320 4452 τὴν
343 4385 691 4439 ἀνάπαυσίν
721 4401 859 4449 σου,
887 4385 976 4438 ὅτι
1007 4385 1222 4452 Κύριος
1257 4381 1620 4452 εὐηργέτησέ
1670 4399 1743 4437 σε
1763 4399 1776 4414 ·

206 4476 296 4530 ὅτι
338 4477 601 4542 ἐξείλετο
650 4477 765 4545 τὴν
796 4475 1007 4545 ψυχήν
1042 4494 1160 4544 μου
1209 4476 1278 4528 ἐκ
1316 4474 1594 4540 θανάτου,
1639 4474 1780 4540 τοὺς

205 4571 550 4638 ὀφθαλμούς
604 4587 722 4639 μου
754 4567 872 4622 ἀπὸ
921 4568 1212 4636 δακρύων,
1242 4568 1341 4622 καὶ
1393 4567 1535 4633 τοὺς
1588 4567 1779 4632 πόδας

1878 3567 2138 3624 —-VEns.
2169 3569 2284 3623 3-8.
2321 3568 2462 3634 Quia
2500 3568 2778 3624 inclinavit
2825 3585 3007 3622 aurem
3049 3587 3202 3624 suam
3231 3572 3380 3637 mihi,
3409 3581 3462 3627 et

1880 3661 1938 3714 in
1964 3659 2146 3714 diebus
2179 3660 2306 3712 meis
2338 3659 2610 3714 invocabo.
2641 3660 3114 3716 Circumdederunt
3141 3679 3223 3716 me
3248 3664 3457 3720 dolores

1881 3751 2090 3815 mortis,
2133 3749 2370 3818 pericula
2409 3749 2604 3818 inferni
2646 3751 2953 3804 invenerunt
2992 3767 3088 3805 me.
3129 3752 3461 3809 Tribulatio-

1880 3858 1998 3896 nem
2045 3850 2097 3896 et
2132 3840 2367 3895 dolorem
2409 3841 2600 3905 inveni,
2631 3850 2681 3895 et
2717 3857 2903 3895 nomen
2946 3840 3162 3897 Domini
3200 3845 3456 3900 invocavi.

1884 3932 1929 3988 0
1955 3933 2202 3998 Domine,
2226 3933 2393 3988 libera
2417 3934 2654 3987 animam
2675 3951 2867 4002 meam,
2895 3937 3191 3991 misericors
3215 3946 3265 3990 et
3275 3938 3458 4007 justus

1887 4025 2164 4089 Dominus,
2193 4037 2242 4079 et
2279 4025 2420 4079 Deus
2452 4039 2628 4079 noster
2651 4027 2946 4081 miseretur.
2983 4028 3295 4083 Custodiens
3328 4047 3458 4100 par-

1879 4116 2028 4170 vulos
2078 4116 2358 4183 Dominus,
2407 4117 2717 4172 humiliatus
2774 4137 2927 4184 sum,
2988 4131 3037 4174 et
3089 4123 3317 4176 saltabit
3356 4141 3456 4177 me.

1883 4206 2212 4271 Convertere,
2257 4211 2437 4263 anima
2473 4227 2609 4269 mea.
2655 4212 2708 4264 in
2739 4213 2967 4282 requiem
3001 4225 3167 4277 tuam,
3201 4216 3334 4285 quia
3354 4216 3464 4270 Do-

1883 4300 2056 4353 minus
2092 4299 2340 4368 benefecit
2373 4302 2487 4354 tibi.
2533 4302 2674 4368 Quia
2712 4305 2905 4372 eripuit
2937 4306 3172 4359 animam
3201 4324 3367 4360 meam
3397 4309 3462 4360 de

1883 4399 2071 4455 morte,
2101 4389 2280 4444 oculos
2316 4408 2456 4445 meos
2487 4409 2519 4446 a
2553 4393 2827 4463 lacrymis,
2857 4395 3010 4464 pedes
3043 4414 3183 4452 meos
3219 4416 3251 4452 a
3285 4399 3458 4468 lapsu.

1883 4479 2030 4547 Haec,
2065 4482 2260 4551 inquit,
2292 4485 2477 4537 omnia
2511 4493 2736 4555 propter
2766 4485 2937 4542 Deum
2973 4505 3268 4559 perpessus
3297 4489 3463 4545 dilexi

1881 4571 2054 4626 illum.
2091 4572 2209 4628 Non
2246 4575 2390 4629 enim
2441 4586 2636 4644 praeter
2682 4578 3043 4646 voluntatem,
3093 4597 3270 4650 neque
3312 4581 3463 4636 rem-

203 4679 320 4731 μου
349 4661 465 4715 ἀπὸ
505 4662 925 4731 ὀλισθήματος.
960 4661 1139 4714 Πάντα
1163 4659 1269 4730 γάρ
1305 4659 1498 4727 ταῦτα,
1529 4660 1783 4731 φησὶ,διά

1887 4665 2116 4737 giendo,
2165 4667 2260 4720 sed
2309 4668 2566 4723 alacriter
2601 4685 2686 4724 me
2729 4671 2811 4726 his
2857 4673 3116 4728 omnibus
3150 4673 3373 4738 tradidi,
3407 4684 3463 4731 et

203 4754 296 4806 τὸν
323 4753 453 4806 Θεὸν
492 4754 791 4824 ὑπομείνας
829 4752 1112 4824 ἠγάπησα.
1146 4753 1218 4805 Οὐ
1249 4751 1357 4823 γὰρ
1391 4751 1542 4821 παρὰ
1583 4752 1776 4823 προαίσο

209 4861 377 4916 ρεσιν,
428 4845 550 4898 οὔτε
605 4845 841 4914 φεύγων,
878 4843 1170 4916 προθύμως
1218 4843 1274 4896 δὲ
1305 4843 1541 4913 ἐμαυτὸν
1570 4842 1777 4905 τούτοις

209 4937 409 4988 ἆπασιν
449 4934 739 4998 ἐπιδιδοὺς,
775 4933 1002 5006 ἔστερξα
1040 4935 1126 4988 διὰ
1175 4934 1270 5005 τὴν
1319 4934 1454 5005 πρὸς
1509 4935 1600 4988 τὸν
1645 4935 1776 4988 Θεὸν

203 5029 452 5099 ἀγάπην
498 5028 575 5090 ὡς
614 5025 870 5080 δύνασθαι
905 5026 1118 5095 λέγειν·
1156 5025 1400 5080 Ἕνεκέν
1433 5042 1547 5079 σου
1595 5031 1778 5082 θανα-

1887 4758 2000 4811 haec
2024 4757 2307 4827 amplexus
2335 4774 2454 4814 sum
2486 4769 2707 4831 propter
2742 4778 2983 4818 amorem
3016 4762 3148 4832 Dei;
3189 4764 3263 4818 ita
3295 4773 3353 4820 ut
3375 4766 3460 4820 di-

1883 4863 2005 4901 cere
2051 4849 2365 4904 valeamus:
2395 4849 2615 4920 Propter
2658 4863 2704 4906 te
2743 4855 3128 4922 mortiﬁcamur
3163 4862 3273 4907 tota
3311 4854 3395 4907 die
3419 4855 3462 4910 ⁵.

1884 4937 2009 4993 Haac
2053 4940 2253 5010 quippe
2302 4943 2485 4996 omnia
2533 4943 2697 4997 dilexi
2749 4952 2970 5014 propter
3022 4943 3357 5011 Dominum;
3399 4960 3463 4999 ac

1883 5047 2006 5085 cum
2037 5032 2337 5102 diligerem,
2369 5049 2567 5090 nomen
2597 5034 2813 5089 Domini
2840 5036 3113 5092 invocavi.

205 5121 460 5188 τούμεθα
481 5117 635 5186 ὅλην
664 5119 779 5186 τὴν
804 5117 1052 5187 ἡμέραν.
1091 5117 1275 5171 Πάντα
1312 5119 1421 5188 γὰρ
1464 5117 1634 5172 ταῦτα
1673 5119 1934 5192 ἠγάπησα
1990 5122 2078 5177 διὰ
2135 5124 2226 5179 τὸν
2256 5125 2476 5197 Κύριον,
2505 5128 2596 5179 καὶ
2612 5127 2903 5198 ἀγαπήσας
2939 5127 3000 5180 τὸ
3044 5126 3214 5198 ὄνομα
3259 5125 3466 5196 Κυρίου

206 5211 645 5281 ἐπεκαλεσάμην.

277 5302 683 5373 Εὐαρεστήσω
707 5302 963 5357 ἐνώπιον
986 5303 1206 5372 Κυρίου
1252 5303 1321 5357 ἐν
1348 5303 1506 5373 χώρᾳ
1532 5303 1781 5365 ζώντων.

1956 5303 2120 5360 Vens.
2155 5303 2208 5358 9.
2248 5305 2476 5359 Placebo
2511 5293 2690 5361 coram
2725 5305 2953 5362 Domino
2977 5309 3034 5361 in
3061 5309 3269 5377 regione
3300 5309 3467 5365 viven‘

217 5393 280 5450 Ὀ
305 5396 506 5466 κόσμος
547 5391 700 5459 οὗτος
747 5395 908 5459 αὐτὸς
938 5395 999 5447 τέ
1037 5397 1153 5448 ἐστι
1199 5396 1411 5467 θνητὸς,
1456 5398 1551 5450 καὶ
1588 5397 1784 5468 χωρίον

1887 5399 2038 5452 tium.
2090 5395 2192 5450 Hic
2236 5398 2474 5453 mundus
2512 5415 2640 5454 vere
2675 5409 2730 5455 et
2766 5400 2882 5471 ipse
2924 5400 3201 5463 mortalis.
3248 5408 3301 5454 et
3344 5417 3466 5454 mo-

207 5488 656 5560 ἀποθνησκόντων
686 5487 850 5540 ἐστίν.
882 5487 1098 5558 Ἐπειδὴ
1121 5486 1230 5559 γάρ
1263 5487 1513 5552 σύνθετός
1533 5491 1647 5541 ἐστι
1677 5489 1784 5542 τῶν

1887 5489 2142 5546 rientium
2187 5489 2343 5546 locus
2389 5498 2492 5548 est.
2535 5489 2674 5558 Quia
2722 5493 2870 5548 enim
2923 5508 3108 5548 rerum
3159 5493 3463 5548 visibilium

207 5579 497 5650 ὁρωμένων
519 5581 553 5650 ἡ
586 5579 874 5642 σύστασιςο
903 5579 963 5632 τὸ
1006 5581 1063 5634 δὲ
1111 5580 1363 5634 σύνθετον
1402 5581 1544 5636 ἆπαν
1578 5582 1784 5636 διαλύε-

1887 5581 2208 5636 constitutio
2253 5583 2556 5653 composita
2588 5591 2692 5650 est,
2723 5599 2886 5639 omne
2918 5598 3050 5639 vero
3093 5584 3464 5654 compositum

211 5670 334 5724 σθαι
368 5671 608 5739 πέφυκεν
630 5689 642 5701 ·
677 5672 735 5724 ἐν
770 5670 848 5742 τῷ
878 5670 1068 5743 κόσμῳ
1095 5671 1265 5738 ὄντες,
1310 5671 1472 5748 μέρος
1507 5672 1659 5738 ὄντες
1693 5673 1784 5728 τοῦ

1890 5676 2115 5732 solvitur
2141 5691 2155 5744 ;
2191 5689 2317 5732 cum
2347 5674 2404 5732 in
2437 5675 2640 5732 mundo
2669 5683 2721 5731 et
2751 5691 2880 5748 pars
2921 5675 3111 5732 mundi
3138 5675 3334 5743 simus,
3364 5691 3468 5733 ne-

285 5826 306 5858 ⁸
344 5823 490 5881 Psal.
524 5843 652 5881 mu
678 5869 692 5892 ,
725 5827 816 5885 ἓξ.
