3992 6404
1225 349 1493 406 EUSEBII
1532 351 2005 408 CESARIENSIS
2041 350 2192 407 OPP.
2234 350 2415 406 PARS
2456 351 2542 407 Ill.
2582 383 2650 393 —
2681 351 3093 410 EXEGETICA.
3694 362 3832 418 1360

547 352 683 409 1559

541 476 785 529 cessario
815 482 1023 528 natura:
1064 473 1306 527 universi
1344 481 1631 529 consortes
1667 489 1893 540 sumus;
1928 480 1983 528 at
2012 473 2106 526 illii

2227 473 2455 544 κόσμου,
2488 474 2804 541 ἀναγκαίως
2833 473 2933 544 τῆς
2959 472 3052 527 τοῦ
3088 475 3284 538 παντὸς
3319 475 3537 545 φύσεως
3567 478 3837 531 ἀπολαύοι

2232 582 2331 635 μεν
2349 582 2363 595 ο
2397 567 2514 618 ἐκεῖ
2539 566 2595 618 δέ
2616 568 2715 619 οὐκ
2744 567 2890 619 ἐστιν
2925 566 3229 630 ἀλλοίωσις,
3263 567 3381 620 οὔτε
3402 568 3695 641 σώματος,
3715 570 3835 624 οὔτε

2226 653 2424 726 ψυχῆς.
2454 655 2587 707 Ούδέ
2611 655 2723 728 γάρ
2751 658 2866 709 ἐστι
2895 657 3158 727 λογισμοῦ
3184 660 3540 730 παρατροπὴ,
3576 661 3713 714 οὐδὲ
3742 678 3835 731 με-

2226 746 2446 809 τάθεσις
2471 745 2715 818 γνώμης,
2744 747 3002 818 οὐδεμιᾶς
3053 749 3426 817 περιστάσεως
3468 750 3533 802 τὸ
3565 750 3833 815 εὐσταθὲς

2229 839 2320 890 καὶ
2364 838 2636 909 ἀτάραχον
2686 838 2796 892 τῶν
2852 839 3130 911 λογισμῶν
3168 842 3614 913 ἀφαιρουμένης.
3666 842 3834 914 Χώρα

2228 930 2376 982 ἐστὶν
2421 931 2605 1002 ἐκείνη
2635 931 2744 984 τῶν
2792 930 2871 984 ἔτι
2903 930 3141 997 ζώντων,
3172 933 3227 984 ἐν
3343 930 3593 1002 μάλιστα
3636 931 3836 1006 εὐαρε-

2229 1020 2550 1091 στήσειντῴ
2595 1022 2713 1093 Θεῷ
2763 1024 2790 1074 ὁ
2838 1024 3124 1094 προφήτης
3170 1024 3718 1093 κατεπαγγέλλεται,
3767 1026 3835 1089 ὡς

2228 1111 2319 1163 ὑπ’
2353 1110 2565 1174 οὐδενὸς
2593 1111 2799 1182 μέλλων
2828 1113 2936 1165 τῶν
2954 1113 3149 1179 ἔξωθεν
3166 1114 3570 1169 διακόπτεσθαι
3594 1115 3835 1181 ζώντων.

2239 1202 2451 1272 Ὲκείνη
2478 1201 2630 1273 χώρα
2664 1204 2720 1255 ἐν
2813 1204 2912 1256 οὐκ
2948 1205 3025 1258 ἔνι
3049 1204 3165 1272 νὺξ,
3190 1207 3291 1258 οὐκ
3328 1205 3407 1259 ἐνι
3442 1206 3629 1272 ὕπνος
3654 1209 3720 1261 τὸ
3749 1209 3835 1261 τοῦ

2226 1291 2459 1345 θανάτου
2490 1292 2734 1364 μίμημα,
2764 1294 2862 1347 οὐκ
2880 1294 2957 1346 ἔνι
2983 1294 3206 1366 βρῶσις,
3231 1296 3330 1350 οὐκ
3346 1296 3425 1349 ἔνι
3450 1297 3627 1360 πόσις
3654 1299 3728 1349 τὰ
3745 1298 3837 1366 τῆς

2224 1382 2510 1446 ἀσθενείας
2540 1385 2699 1454 ήμῶν
2732 1385 3134 1456 ὑπερείσματα,
3167 1389 3228 1440 οὐ
3246 1387 3355 1442 τῶν
3389 1387 3610 1453 ἔξωθέν
3654 1407 3713 1442 τι
3752 1407 3838 1442 πε-

2228 1475 2550 1545 ριστατικῶν
2570 1492 2583 1505 °
2616 1476 2752 1529 ἀλλά
2770 1476 2924 1547 χώρα
2952 1477 3189 1545 ζώντων,
3224 1481 3323 1534 οὐκ
3358 1482 3841 1553 ἀποθνησκόντων

2221 1566 2309 1620 διὰ
2337 1568 2440 1638 τῆς
2470 1570 2765 1640 ἁμαρτίας,
2802 1570 2935 1623 ἀλλὰ
2972 1570 3189 1635 ζώντων
3226 1572 3325 1643 τὴν
3361 1573 3651 1644 ἀληθινὴν
3702 1574 3839 1645 ζωὴν

2221 1659 2319 1731 τὴν
2354 1662 2412 1713 ἐν
2441 1661 2662 1732 Χριστῷ
2697 1662 2892 1733 Ἰησοῦ.

1043 1775 1407 1830 ALLELUIA.
1451 1776 1615 1833 CXV.

2718 1776 3142 1830 ΑΛΛΗΛΟΥΙΑ.
3172 1775 3317 1834 PIE'.

603 1891 767 1947 Vens.
787 1891 963 1948 ιο-ιε.
978 1890 1213 1952 Credidi,
1238 1906 1449 1958 propter
1468 1892 1605 1960 quod
1625 1893 1829 1946 locutus
1853 1909 1969 1946 sum
1993 1908 2106 1964 rego

2301 1886 2680 1953 Ἐπίστευσα,
2706 1887 2797 1942 διὸ
2835 1890 3131 1959 ἐλάλησα,
3168 1889 3281 1959 ἐγὼ
3309 1889 3379 1944 δὲ
3410 1891 3835 1961 ἑταπεινώ-θην

532 1997 705 2041 autem
735 1987 1043 2041 humiliatus
1077 2002 1194 2039 sum
1222 1986 1401 2040 nimis.
1427 1984 1537 2056 Ego
1578 1996 1751 2039 autem
1774 1986 1889 2039 dixi
1924 1988 1977 2039 in
2023 2003 2106 2040 exi

2218 1982 2473 2050 σφόδρα.
2531 1983 2673 2053 Ἐγὼ
2705 1982 2773 2036 δὲ
2806 1980 2945 2037 εἶπα
2972 1984 3043 2037 ἐν
3072 1984 3148 2052 τῇ
3177 1984 3469 2038 ἐκστάσει
3510 2004 3671 2055 μου
3716 1987 3827 2053 Πᾶς

531 2094 683 2132 cessu
736 2076 1098 2132 meo:0mnis
1140 2074 1295 2129 homo
1343 2076 1589 2129 mendax.
1630 2076 1770 2141 Quid
1828 2077 2106 2129 retribuam

2217 2074 2531 2142 ἅνθρωπος
2589 2078 2885 2145 ψεύστης.
2940 2077 3000 2129 Τί
3049 2076 3458 2130 ἀνταποδώσω
3507 2077 3601 2143 τῷ
3643 2082 3829 2147 Κυρίῳ

530 2168 759 2223 Domino
788 2183 883 2237 pro
911 2166 1150 2220 omnibus
1174 2181 1288 2237 qua:
1312 2164 1556 2218 retribuit
1580 2165 1745 2221 mihi?
1766 2164 1823 2219 In
1847 2165 2106 2221 llebraico

2219 2164 2351 2232 περὶ
2384 2164 2627 2218 πάντων
2656 2160 2744 2220 ὧν
2772 2166 3156 2220 ἀνταπέδωκέ
3200 2182 3345 2235 μοι;
3388 2167 3690 2237 Συνῆπται
3742 2169 3827 2221 aui

542 584 653 622 non
691 574 776 621 est
808 566 1115 619 immutatio
1148 565 1229 618 vel
1268 565 1518 635 corporis
1563 565 1649 619 vel
1689 565 1905 619 animae.
1938 563 2123 634 Neque

540 660 686 714 enim
740 666 824 712 est
875 657 1224 727 cogitationis
1274 656 1573 719 aberratio,
1623 672 1800 726 neque
1842 659 2125 713 sententiae

541 748 794 813 variatio,
820 762 946 801 cum
977 747 1124 800 nulla
1146 746 1432 801 calamitas
1461 752 1714 814 pacatum
1744 745 2125 814 tranquillum-

539 857 646 910 que
686 839 1079 910 cogitationum
1131 837 1382 891 ordinem
1432 835 1666 891 auferat.
1713 832 1807 889 Illa
1858 837 1985 890 item
2040 845 2125 891 est

540 933 691 1003 regio
733 932 1064 996 viventium,
1112 930 1202 984 ubi
1259 944 1319 984 se
1369 930 1605 984 maxime
1645 928 1755 984 Deo
1796 929 2123 997 placiturum

537 1024 802 1096 prepheta
841 1025 1201 1095 praenuntiat;
1254 1032 1315 1077 ut
1361 1023 1455 1093 qui
1492 1038 1524 1076 a
1570 1023 1721 1077 nullo
1758 1029 2021 1077 extraneo
2055 1036 2123 1075 ex

538 1131 771 1170 numero
796 1115 1096 1171 viventium
1130 1113 1543 1170 abscindendus
1577 1114 1669 1170 sit.
1703 1112 1799 1169 Illa
1831 1114 1983 1183 regio
2014 1120 2119 1179 est,

534 1209 590 1263 in
623 1222 729 1277 qua
758 1222 936 1278 neque
970 1224 1101 1272 nox,
1153 1222 1332 1277 neque
1381 1221 1632 1269 somnus,
1676 1206 1871 1260 mortis
1918 1206 2117 1276 imago,

537 1319 713 1374 neque
747 1303 926 1368 cibus,
952 1318 1127 1371 neque
1151 1311 1334 1372 potus,
1363 1300 1700 1355 infirmitatis
1730 1309 1930 1355 nostrae
1962 1300 2122 1354 fulci-

534 1403 739 1460 menta,
770 1410 872 1449 nec
905 1394 1185 1464 quidpiam
1229 1406 1419 1447 eorum
1468 1408 1586 1462 qua:
1629 1394 1974 1447 extrinsecus
2005 1407 2122 1446 mo-

534 1488 748 1543 lestiam
780 1494 1005 1553 creant;
1044 1483 1140 1540 sed
1181 1485 1332 1555 regio
1363 1484 1688 1549 viventium,
1736 1499 1838 1539 nec
1867 1500 1966 1554 per
1994 1500 2121 1554 pec-

533 1583 715 1628 catum
745 1573 1126 1637 morientium;
1165 1578 1219 1626 at
1248 1586 1373 1626 vera
1407 1572 1516 1627 vita
1553 1572 1851 1629 viventium
1881 1575 1935 1628 in
1960 1574 2120 1630 Chri-

532 1670 622 1717 sto
652 1660 808 1717 Jesu.

530 2260 827 2330 exemplari
859 2260 974 2315 haec
1000 2273 1123 2312 cum
1156 2258 1592 2327 praecedentibus
1631 2259 1925 2327 conjuncta
1961 2269 2113 2323 sunt,

529 2354 603 2409 ita
633 2362 690 2408 ut
726 2354 916 2408 horum
950 2352 1222 2408 sententia
1256 2366 1382 2405 cum
1410 2350 1712 2420 praemissis
1742 2351 2033 2418 cohaareat,
2063 2360 2117 2407 et

530 2463 659 2519 pars
682 2461 871 2501 eorum
929 2446 1019 2501 sit.
1076 2443 1211 2498 Nam
1234 2459 1360 2499 cum
1386 2443 1615 2498 dixisset
1639 2443 1713 2497 ibi
1746 2461 1760 2497 :
1785 2443 2113 2509 Convertere,

531 2539 711 2592 anima
743 2553 880 2601 mea,
921 2537 972 2589 in
1004 2536 1235 2607 requiem
1265 2543 1446 2600 tuam;
1478 2550 1541 2588 ac
1587 2550 1806 2590 rursum
1841 2555 1853 2589 :
1887 2535 2115 2590 Placebo

529 2634 585 2687 in
616 2640 890 2695 conspectu
926 2630 1143 2684 Domini
1174 2631 1229 2682 in
1261 2628 1468 2699 regione
1517 2629 1828 2692 viventium;
1863 2629 1949 2682 hic
1980 2631 2112 2684 sub-

525 2723 706 2794 jungit
722 2722 837 2777 haec
858 2722 1025 2777 verba
1046 2740 1059 2776 ε
1080 2717 1316 2784 Credidi,
1343 2729 1554 2789 propter
1577 2719 1714 2789 quod
1738 2720 1940 2773 locutus
1975 2737 2111 2775 sum.

530 2814 707 2866 Aliam
739 2813 938 2881 quippe
971 2825 1094 2866 esse
1127 2809 1407 2879 regionem
1437 2810 1739 2863 viventium
1776 2820 1971 2879 praeter
2014 2811 2117 2864 hu-

529 2920 748 2961 nianam
778 2907 941 2958 vitam
978 2901 1207 2966 credidi,
1242 2916 1473 2971 esseque
1498 2902 1624 2955 item
1651 2903 1847 2956 animae
1870 2904 2114 2973 requiem

528 2999 690 3053 aliam
724 3006 917 3067 pratter
952 3001 1226 3048 terrenam
1251 2992 1664 3049 habitationem.
1702 2994 1938 3059 Credidi,
1989 3012 2113 3064 pro-

526 3100 641 3160 pter
672 3089 809 3161 quod
858 3090 1061 3143 locutus
1113 3104 1230 3141 sum
1260 3102 1278 3140 :
1306 3102 1397 3157 ego
1435 3096 1610 3140 autem
1650 3087 1960 3141 humiliatus
1994 3106 2112 3143 sum

2215 2258 2389 2311 ταῦτα
2416 2262 2529 2322 τοῖς
2579 2259 2685 2331 πρὸ
2727 2260 2905 2314 αὐτῶν
2948 2264 3005 2314 ἐν
3038 2261 3115 2332 τῷ
3145 2261 3416 2332 Ἐϐραῖκῷ
3472 2264 3824 2335 ἀντιγράφω,

2216 2350 2357 2403 ὥστε
2389 2350 2740 2422 ἀπηρτῆσθαι
2763 2354 2863 2424 τὴν
2897 2354 2955 2406 ἐν
2983 2354 3166 2416 αὐτοῖς
3203 2353 3445 2407 διάνοιαν
3484 2355 3607 2409 τῶν
3634 2358 3823 2427 προλε-

2216 2440 2516 2514 λεγμένων,
2569 2445 2664 2497 καὶ
2712 2445 2879 2515 μέρος
2914 2442 3052 2499 εἶναι
3096 2446 3295 2500 αὐτῶν.
3360 2447 3520 2500 Ἐπεὶ
3566 2450 3676 2518 μὲν
3724 2452 3822 2521 γέιρ

2216 2535 2427 2605 εἰρήκει
2462 2552 2476 2566 ’
2529 2536 2953 2605 Ἐπίστρεψον,
3004 2537 3176 2608 ψυχή
3205 2556 3345 2608 μου,
3382 2541 3476 2605 εὶς
3525 2540 3657 2607 τὴν
3688 2542 3821 2595 ἀγό-

2217 2628 2449 2679 παυσίν
2492 2643 2609 2683 σου
2636 2644 2649 2657 ·
2694 2628 2787 2681 καὶ
2834 2628 2995 2682 πάλιν
3012 2646 3035 2660 ὀ
3074 2628 3486 2697 Εὐαρεστήσω
3559 2631 3819 2687 ἐνώπιον

2215 2716 2436 2782 Κυρίου
2493 2716 2562 2769 ὲν
2620 2716 2782 2786 χώρᾳ
2832 2717 3059 2778 ζώντων
3105 2734 3119 2748 ·
3169 2718 3405 2773 ἐνταῦθα
3482 2720 3543 2772 δὲ
3593 2724 3818 2775 ἐπισυν-

2216 2809 2374 2861 amet
2422 2809 2593 2877 λέγων
2627 2827 2640 2841 ·
2692 2810 3094 2874 Ἐπίστευσα,
3140 2811 3231 2865 διὸ
3280 2812 3598 2879 ἐλάλησα.
3673 2812 3817 2868 Εἷνειι

2218 2896 2323 2966 γὰρ
2346 2898 2528 2968 χώραν
2552 2898 2766 2964 ζώντων
2790 2902 2981 2972 ἑτέραν
3014 2903 3164 2974 παρά
3189 2902 3280 2955 τὸν
3322 2902 3686 2973 ἀνθρώπινον
3714 2906 3818 2974 βίον

2215 2990 2526 3056 ἐπίστευσα,
2560 2993 2655 3044 καὶ
2696 2987 2835 3046 εἶναι
2878 2993 2976 3064 τῆς
3031 2993 3209 3065 ψυχῆς
3254 2994 3574 3048 ἀνάπαυσιν
3630 2999 3817 3068 ἑτέραν

2214 3083 2365 3152 παρὰ
2418 3082 2516 3151 τήν
2568 3083 2661 3135 ἐπὶ
2725 3084 2828 3153 γῆς
2889 3083 3201 3155 διατριϐήν·
3261 3084 3685 3152 Ἐπίστευσα,
3734 3089 3817 3141 διὸ

528 3184 709 3237 nimis.
739 3180 849 3252 Ego
881 3188 1055 3233 autem
1080 3178 1194 3233 dixi
1233 3180 1289 3233 in
1322 3195 1535 3233 excessu
1566 3195 1713 3233 meo:
1748 3179 1933 3235 Omnis
1956 3181 2106 3235 homo

2213 3172 2507 3241 ἐλάλησα,
2547 3173 2661 3243 ἐγὼ
2687 3172 2756 3227 δὲ
2812 3175 3215 3243 ἐταπεινώθην
3252 3177 3514 3246 σφόδρα.
3553 3178 3715 3247 Ἐγὼ
3756 3180 3817 3233 δὲ

528 3271 775 3326 mendax.
804 3269 1178 3337 Memetipsum
1202 3268 1506 3334 humiliavi,
1526 3278 1578 3324 et
1600 3269 1891 3325 admodum
1913 3271 2105 3326 alllixi:

528 3363 602 3418 ita
656 3363 803 3417 enim
856 3362 1248 3431 interpretatus
1313 3359 1677 3433 Symmachus
1719 3372 1825 3425 est,
1878 3363 2104 3419 dicens:

530 3455 769 3526 Aﬁiictus
798 3469 917 3507 sum
948 3452 1119 3507 valde.
1164 3450 1221 3506 Id
1247 3467 1377 3508 vero
1404 3453 1659 3523 praestiti,
1694 3453 1842 3524 quod
1885 3455 2105 3519 scirem,

526 3540 742 3599 omnem
787 3543 1064 3599 hominem
1098 3558 1222 3599 esse
1252 3542 1572 3599 mendacem
1608 3564 1621 3600 :
1655 3561 1827 3615 quare
1880 3555 2107 3601 conten-

525 3639 663 3694 dens
718 3652 783 3693 ac
825 3638 1250 3694 sollicitudinem
1294 3654 1510 3710 gerens,
1558 3655 1644 3702 ne,
1682 3650 1868 3710 ulpnle
1920 3643 2101 3705 homo,

524 3731 665 3787 falso
691 3730 759 3787 de
782 3746 868 3787 me
898 3731 1041 3785 hanc
1067 3731 1389 3786 sententiam
1414 3732 1733 3801 protulerim
1760 3748 1773 3783 :
1802 3732 2026 3787 [θιασεὺο
2051 3735 2105 3787 in

524 3832 801 3891 conspectu
833 3822 1049 3877 Domini
1077 3824 1132 3875 in
1165 3824 1369 3893 regione
1389 3823 1688 3877 viventium.
1711 3822 1838 3879 Ideo
1866 3839 1990 3879 cum
2018 3826 2104 3880 fu-

526 3923 661 3967 turae
691 3912 812 3968 vitae
842 3921 897 3968 et
928 3914 1127 3968 animae
1160 3914 1391 3985 requiei,
1424 3929 1639 3969 necnon
1669 3916 1877 3987 regioni
1912 3920 2100 3972 viven-

523 4006 659 4058 tium
692 4002 849 4059 fidem
882 4006 1107 4059 habeam
1128 4045 1144 4071 ,
1175 4016 1230 4059 et
1277 4008 1390 4062 haec
1425 4008 1641 4063 locutus
1675 4009 1777 4063 sim
1810 4009 1938 4079 quia
1977 4027 2098 4064 cre-

521 4096 717 4150 debam
737 4136 752 4163 ,
779 4111 847 4150 ne
876 4111 907 4150 a
941 4097 1311 4171 promissione.
1341 4098 1514 4163 labar,
1549 4114 1649 4154 nec
1673 4116 1769 4171 spe
1801 4102 2099 4158 frustratus

520 4186 769 4250 evadam,
796 4187 1177 4256 memetipsum
1213 4188 1366 4244 valde
1392 4189 1694 4246 humiliavi.

592 4445 703 4517 Ego
731 4456 905 4499 autem
926 4446 1041 4499 dixi
1079 4449 1132 4500 in
1155 4465 1365 4503 excessu
1388 4468 1530 4505 meo:
1553 4451 1736 4507 Omnis
1776 4454 1929 4510 homo
1952 4475 2096 4513 men-

2211 3260 2349 3317 εἷπα
2370 3266 2439 3317 ἐν
2460 3264 2536 3334 τῇ
2554 3266 2839 3320 ἐκστάσει
2856 3286 2975 3337 μου
2996 3286 3007 3298 ·
3028 3267 3154 3334 Πᾶς
3175 3268 3489 3337 ἅνθρωπος
3510 3273 3811 3339 ψεύστης.

2223 3356 2594 3410 Ἐταπείνωσα
2640 3359 2897 3429 ἐμαυτὸν,
2950 3360 3043 3412 καὶ
3071 3360 3277 3431 σφόδρα
3320 3362 3594 3415 ἐκάκωσε
3628 3380 3647 3396 ο
3683 3365 3815 3417 οὕτω

2209 3449 2318 3521 γὰρ
2372 3451 2714 3521 ἡρμήνευσεν
2773 3454 2803 3505 ὁ
2863 3452 3160 3523 Σύμμαχος
3205 3451 3416 3505 εἰπὼν·
3460 3456 3814 3523 Ἐκακὼθην

2207 3540 2463 3611 σφόδρα.
2499 3541 2670 3595 Τοῦτο
2715 3542 2773 3595 δὲ
2820 3543 3071 3613 ἐποίησα,
3127 3544 3427 3616 ἐπειδήπερ
3457 3549 3809 3619 ἠπιστάμην,

2206 3634 2289 3685 ὅτι
2338 3635 2447 3696 πᾶς
2498 3633 2786 3705 ἄνθρωπος
2834 3634 3116 3705 ψεύστηςο
3149 3635 3340 3707 διόπερ
3398 3638 3671 3705 ἀγωνιῶν
3723 3643 3812 3695 καὶ

2206 3721 2524 3793 φροντίζων,
2581 3725 2655 3794 μὴ
2708 3724 2815 3795 ἄρα
2851 3727 2944 3778 καὶ
2992 3726 3181 3789 αὐτὸς,
3211 3727 3286 3789 ὡς
3338 3727 3643 3799 ἄνθρωπος
3678 3734 3809 3786 ἀπο.

2204 3815 2512 3885 φηνάμενος
2564 3818 2692 3887 περὶ
2726 3818 2965 3887 ἐμαυτοῦ
2998 3819 3091 3871 καὶ
3133 3818 3303 3874 εἰπὼν
3337 3838 3350 3850 ·
3381 3824 3809 3892 Εἱμαρεστήσω

2202 3905 2459 3960 ἐνώπιον
2484 3909 2707 3977 Κυρίου
2739 3910 2809 3962 ὲν
2844 3908 3007 3979 χώρᾳ
3052 3909 3298 3976 ζώντων,
3336 3910 3669 3984 ψεύσωμαν
3695 3919 3812 3971 τού-

2202 4015 2294 4052 του
2322 3999 2480 4070 χάριν
2514 3999 2812 4064 πιστεύσας
2860 4004 2925 4072 τῇ
2983 4001 3252 4074 μελλούσῃ
3303 4002 3417 4073 ζωῇ
3452 4006 3556 4057 καὶ
3603 4010 3681 4077 τῇ
3717 4012 3812 4077 τῆς

2199 4091 2374 4163 ψυχῆς
2402 4092 2726 4157 ἀναπαύσει,
2759 4096 2851 4148 καὶ
2884 4098 2949 4166 τῇ
2980 4094 3133 4166 χώρᾳ
3171 4094 3280 4147 τῶν
3312 4096 3563 4161 ζώντων,
3600 4102 3705 4154 καὶ
3730 4102 3813 4154 διὰ

2198 4182 2292 4235 τοῦ
2348 4184 2635 4238 πιστεῦσαι
2687 4185 2920 4257 λαλήσας
2976 4187 3151 4239 ταῦτα
3204 4187 3374 4251 αὐτὰ,
3440 4190 3536 4242 ἵνα
3596 4194 3811 4262 μήποτε

2200 4273 2418 4327 ἐκπέσω
2459 4275 2560 4346 τῆς
2608 4277 2959 4345 ἐπαγγελίας,
3000 4280 3093 4332 καὶ
3145 4279 3367 4349 ψευσθῶ
3409 4282 3517 4352 τῆς
3565 4284 3811 4349 ἐλπίδος,

2196 4366 2533 4420 ὲταπείνωσα
2589 4369 2824 4439 ἐμαυτὸν
2859 4369 3080 4441 σφόδρα.
3524 4380 3528 4384 ’

2280 4458 2420 4527 Ἐγὼ
2466 4459 2535 4512 δὲ
2582 4457 2721 4515 εἶπα
2766 4461 2836 4514 ἐν
2874 4461 2949 4530 τῇ
2997 4462 3281 4517 ἐκστάσει
3318 4481 3443 4532 μου
3475 4483 3489 4495 ’
3534 4466 3676 4535 Πᾶς
3711 4471 3811 4523 duo

520 4538 647 4591 dax.
668 4536 801 4591 Nam
821 4538 1107 4593 ratiocinia
1131 4539 1412 4595 hominum
1432 4544 1785 4613 miserabilia,
1801 4557 1854 4601 et
1876 4548 2096 4608 fallaces

2213 4553 2430 4617 9pcorzoq
2462 4554 2755 4621 ψεύστης.
2807 4555 3072 4626 Λογισμοὶ
3109 4555 3218 4627 γὰρ
3249 4556 3569 4627 ἀνθρώπων
3615 4562 3806 4623 δειλοὶ.

521 4631 881 4700 cogitationes
935 4639 1138 4687 nostrae
1190 4640 1354 4699 sunt;
1419 4635 1690 4705 siquidem
1743 4643 2097 4709 corruptibile

520 4738 722 4792 corpus
769 4731 1026 4795 ag‘gravat
1079 4725 1338 4790 animam,
1374 4733 1429 4779 et
1458 4737 1733 4783 terrenum
1769 4732 2097 4788 tabernacu-

518 4815 632 4869 lum
685 4823 920 4870 mentem
961 4815 1111 4870 curis
1145 4832 1359 4887 gravem
1388 4830 1619 4876 onerat:
1652 4821 1850 4892 vixque
1878 4834 2093 4881 terrena

516 4906 829 4975 conjectare
879 4922 1189 4978 possumus,
1234 4923 1296 4963 ac
1353 4926 1474 4980 quae
1522 4929 1632 4983 prae
1679 4916 1933 4973 manibus
1968 4928 2095 4974 sunt

517 5014 642 5054 cum
693 5001 879 5056 labore
907 4999 1387 5072 deprehendimus.
1419 5004 1675 5064 Ctelestia
1697 5026 1825 5066 vero
1852 5013 1977 5082 quis
2010 5014 2095 5069 in-

516 5090 840 5163 vestigavit?
866 5095 1120 5151 Attamen
1145 5110 1247 5166 ego
1268 5111 1378 5150 non
1402 5103 1462 5151 ut
1491 5098 1653 5153 homo
1684 5100 1903 5158 locutus
1933 5119 2090 5171 sum;

516 5182 652 5238 alias
684 5184 829 5237 enim
868 5186 1126 5242 mentitus
1158 5201 1335 5243 essem
1371 5207 1383 5241 :
1418 5188 1513 5244 sed
1540 5189 1635 5245 Dei
1664 5192 1849 5248 verbis
1875 5209 1939 5249 ac
1973 5197 2091 5265 pol-

514 5274 908 5332 licitationibus
930 5278 1156 5333 credidi.

596 5365 752 5422 Vnus.
773 5368 859 5424 17.
883 5368 1022 5435 Quid
1044 5368 1329 5424 retribuam
1358 5369 1585 5423 Domino
1606 5387 1697 5439 pro
1716 5372 1952 5427 omnibus
1976 5392 2091 5444 qua:

514 5458 756 5510 retribuit
803 5459 969 5515 mihi?
1005 5458 1233 5515 Calicem
1282 5462 1537 5515 salutaris
1582 5464 1857 5531 accipiam,
1893 5474 1942 5518 et
1992 5483 2087 5517 no-

516 5563 633 5600 men
694 5547 907 5602 Domini
960 5552 1229 5606 invocabo.
1279 5552 1413 5607 Vota
1453 5570 1568 5607 mea
1612 5552 1839 5610 Domino
1871 5557 2088 5612 reddam

513 5653 695 5690 coram
724 5643 866 5694 omni
902 5644 1089 5711 populo
1130 5645 1242 5712 ejus
1271 5661 1289 5697 .'
1319 5650 1551 5711 pretiosa
1575 5650 1626 5701 in
1664 5659 1940 5718 conspectu
1979 5649 2085 5703 Do-

514 5730 645 5781 mini
706 5748 844 5785 mors
899 5744 1201 5789 sanctorum
1253 5739 1386 5806 ejus.
1423 5738 1467 5794 0
1500 5739 1741 5804 Domine,
1784 5759 1875 5811 ego
1908 5760 2084 5795 servus

510 5828 656 5883 tuus,
684 5837 773 5891 ego
812 5839 988 5877 servus
1013 5836 1131 5880 tuus
1162 5836 1210 5881 et
1249 5828 1392 5897 ﬁlius
1425 5832 1635 5886 ancilla:
1666 5842 1788 5890 tute.
1819 5833 2082 5902 οἰνηρὰςιὶ

2202 4641 2296 4694 καὶ
2318 4643 2639 4712 ἐπισφαλεῖς
2668 4646 2724 4697 αἱ
2753 4646 2983 4699 ἐπίνοιαι
3010 4648 3187 4717 ἡμῶν.
3215 4648 3463 4718 Φθαρτὺν
3498 4654 3623 4723 γὰρ
3650 4655 3808 4725 σῶμα

2202 4734 2423 4806 βαρύνει
2467 4736 2665 4808 ψυχὴν,
2706 4740 2798 4791 καὶ
2840 4737 3013 4809 βρίθει
3060 4740 3121 4791 τὺ
3161 4740 3366 4807 γεῶδες
3415 4743 3632 4813 σκῆνος
3687 4748 3807 4799 νοῦν

2201 4827 2593 4899 πολυφρόντιδα
2629 4846 2642 4860 ·
2677 4830 2771 4883 καὶ
2807 4831 2956 4901 μόλις
2982 4830 3272 4902 εἰκάζομεν
3302 4831 3373 4885 τά
3402 4833 3499 4887 ἐπὶ
3534 4836 3648 4907 τῆς
3684 4843 3805 4910 γῆς,

2199 4920 2292 4972 καὶ
2331 4921 2487 4973 τάἐν
2523 4924 2711 4993 χερσὶν
2749 4924 3073 4994 εὑρίσκομεν
3127 4924 3265 4994 μετά
3310 4925 3504 4981 πόνου.
3540 4929 3632 4982 Τὰ
3670 4932 3719 4985 δ’
3756 4935 3805 4984 is

2195 5010 2442 5079 οὐρανοῖς
2461 5012 2541 5074 τίς
2568 5011 2899 5081 ἐξιχνίασεν;
2932 5015 3115 5084 Ὅμως
3136 5012 3245 5082 ἐγὼ
3258 5015 3354 5085 οὐχ
3384 5015 3465 5080 ὡς
3499 5017 3805 5091 ἄνθρωπος

2196 5099 2431 5170 ἐλάλησα
2462 5117 2475 5129 ·
2507 5100 2540 5170 ἢ
2576 5102 2683 5172 γὰρ
2718 5102 2784 5155 ἂν
2814 5104 2906 5155 καὶ
2936 5103 3251 5175 ἐψευσάμην
3282 5121 3297 5134 ’
3333 5105 3453 5158 ἀλλ’
3484 5109 3805 5165 ἐπίστευσα

2193 5194 2303 5254 τοῖς
2353 5192 2444 5245 τοῦ
2496 5193 2631 5247 Θεοῦ
2683 5193 2891 5264 λόγοις,
2941 5196 3035 5249 καὶ
3092 5200 3213 5260 ταῖς
3269 5197 3362 5251 τοῦ
3416 5198 3565 5253 Θεοῦ
3622 5206 3801 5273 ἐπεγ-

2193 5283 2422 5351 γελίαις.

2269 5375 2331 5426 Τί
2352 5374 2753 5430 ἀνταποδώσω
2783 5378 2863 5443 τῷ
2886 5381 3079 5448 Κυρίῳ
3095 5381 3223 5450 περὶ
3259 5381 3513 5436 πάντων
3535 5379 3635 5440 ὧν
3660 5390 3800 5442 ἀντ-

2190 5466 2595 5537 απέδωκέμοι;
2617 5471 2906 5538 Ποτήριον
2924 5472 3030 5526 τοῦ
3043 5477 3342 5543 σωτηρίου
3362 5476 3680 5547 λήψομαι,
3699 5484 3796 5535 καὶ

2188 5559 2253 5612 τὸ
2287 5560 2471 5630 ὄνομα
2504 5563 2726 5631 Κυρίου
2767 5564 3216 5635 ἐπικαλέσομαι.
3279 5567 3391 5633 Τὰς
3442 5570 3649 5639 εὐχάς
3675 5590 3798 5641 μου

2187 5650 2267 5715 τῷ
2294 5654 2489 5720 Κυρίῳ
2538 5654 2830 5709 ἀποδώσω
2876 5658 3153 5711 ἐναντίον
3202 5660 3434 5725 παντὸς
3469 5662 3590 5714 τοῦ
3635 5664 3794 5718 λαοῦ

2185 5744 2371 5798 αὑτοῦ
2398 5761 2412 5775 ⁸
2440 5746 2628 5815 τίμιος
2664 5748 2942 5802 ἐναντίον
2993 5751 3214 5818 Κυρίου
3265 5755 3299 5805 ό
3346 5752 3621 5821 θάνατος
3672 5755 3793 5809 τῶν

2184 5836 2364 5893 ὁσίων
2400 5840 2606 5899 αὐτοῦ.
2641 5837 2709 5897 Ὦ
2748 5843 2945 5911 Κύριε,
2991 5843 3105 5913 ἐγὼ
3131 5848 3164 5902 ὀ
3190 5844 3419 5913 δοῦλος
3473 5852 3618 5915 σὸς,
3670 5846 3793 5921 ἐεὼ
