3992 6404
220 456 353 512 1561

1385 457 1897 517 COMMENTARIA
1936 459 2003 514 IN
2039 460 2378 520 PSALMOS.

3351 467 3484 523 1562

215 568 438 636 δοῦλος
469 567 580 636 σὸς
639 571 738 624 καὶ
777 571 908 639 υίὸς
943 571 1055 643 τῆς
1100 572 1430 644 παιδίσκης
1461 589 1601 630 σου.
1644 575 1798 644 Διέρ-

1909 575 2118 630 vincula
2149 595 2284 631 mea.
2319 576 2388 631 Sc
2420 578 2586 633 lilium
2632 580 2843 635 ancilla:
2877 580 3030 643 dicit,
3060 579 3268 635 scilicet
3297 575 3488 633 Eccle-

207 661 404 730 ρηξας
447 661 588 730 τοὺς
627 662 890 734 δεσμούς
915 685 1057 735 μου.
1122 667 1248 722 rem
1299 670 1589 741 παιδίσκης
1635 670 1798 742 φησιν

215 754 428 819 ἑαυτὸν,
467 755 568 826 τῆς
612 755 949 826 Ἐκκλησίας.
978 760 1220 831 Δεσμοὺς
1261 761 1316 814 δὲ
1347 756 1427 825 οἷς
1457 765 1665 836 σειραῖς
1693 762 1800 816 τῶν

215 845 409 898 ἑαυτοῦ
452 847 866 918 ἁμαρτημάτων
923 851 1336 921 κατεσφίγγετο.
1388 853 1800 927 Ἐλευθερωθεὶς

212 934 271 987 δὲ
310 935 412 1006 τῆς
446 939 736 1009 ἁμαρτίας,
779 941 870 994 καὶ
904 941 1016 1004 υίὸς
1045 942 1143 1014 τῆς
1185 945 1282 1014 σ’ἠς
1327 945 1619 1018 παιδίσκης
1659 947 1802 1016 γινό-

216 1037 376 1098 μενος
403 1032 504 1101 τῆς
541 1030 887 1102 Ἐκκλησίας,
921 1033 1026 1088 τῶν
1071 1035 1351 1105 προτέρων
1396 1036 1592 1109 ἀνέθην
1621 1040 1801 1110 ἁμαρ-

211 1121 470 1191 τημάτων
511 1122 600 1176 διὰ
653 1125 754 1194 τῆς
807 1124 908 1194 σῆς
940 1125 1182 1199 χάριτος.
1242 1129 1342 1182 Σοὶ
1383 1130 1546 1183 θύσω
1583 1132 1802 1186 θυσίαν

213 1214 521 1282 αίνέσεως,
555 1217 655 1272 καὶ
683 1218 755 1272 ἐν
799 1219 1046 1289 ὀνόματι
1082 1221 1305 1290 Κυρίου
1347 1222 1798 1294 ἐπικαλέσομαι.

221 1307 330 1372 Τὰς
354 1307 542 1378 εὐχάς
564 1328 685 1380 μου
712 1311 790 1376 τῷ
818 1315 1012 1383 Κυρίῳ
1032 1314 1324 1369 ἀποδώσω
1355 1315 1638 1372 ἐναντίον
1654 1333 1803 1374 παν-

214 1398 316 1466 τὸς
365 1401 472 1455 τοῦ
509 1402 663 1457 λαοῦ
704 1405 912 1470 αὐτοῦ,
962 1407 1032 1460 ἐν
1082 1409 1298 1477 αὐλαῖς
1333 1411 1504 1466 οἴκου
1556 1413 1800 1481 Κυρίου,

211 1488 282 1543 ἐν
307 1490 477 1563 μέσῳ
505 1493 1079 1567 σου,⁶1ερουσαλήμ.
1112 1500 1403 1572 Προκοπὴν
1438 1503 1693 1573 σημαίνει
1724 1503 1804 1575 τῷ

213 1583 384 1636 ταῦτα
443 1583 676 1653 λέγοντι,
712 1589 856 1659 φημὶ
885 1589 942 1641 δὲ
989 1589 1067 1661 τῷ
1105 1590 1164 1655 ἐξ
1196 1592 1364 1646 ἐθνῶν
1397 1593 1529 1665 λαῷ.
1555 1594 1645 1664 Τῷ
1672 1595 1802 1666 γὰρ,

213 1674 314 1728 Σοὶ
349 1677 514 1730 θύσω
543 1678 766 1731 θυσίαν
798 1678 1106 1749 αἰνέσεως,
1147 1682 1242 1736 τοῦ
1277 1682 1526 1755 σώματος
1562 1686 1657 1740 καὶ
1708 1687 1802 1740 τοῦ

213 1767 461 1837 αἵματος,
492 1769 644 1838 φησὶ,
671 1769 1072 1841 μεταλήψομαι,
1098 1773 1193 1825 καὶ
1229 1774 1286 1826 ἐν
1309 1776 1374 1845 τῇ
1400 1775 1604 1828 τούτων
1640 1794 1806 1848 μετα-

213 1854 371 1926 λήψει
415 1857 475 1910 τὸ
530 1857 702 1929 ὄνομά
748 1875 840 1912 σου
881 1860 1302 1934 ἐπικαλέσομαι,
1358 1865 1452 1917 καὶ
1496 1865 1594 1928 τὰς
1637 1867 1800 1936 εὐχα-

1903 667 2018 722 siae.
2042 666 2272 723 Vincula
2307 683 2435 724 vero
2464 678 2641 735 erant,
2679 670 2879 740 quibus
2909 685 3009 726 ceu
3052 667 3268 724 catenis
3290 681 3486 736 pecca-

1903 768 2080 814 torum
2136 777 2362 816 suorum
2394 762 2893 833 eonstringebatur.
2917 761 3207 816 Liberatus
3242 768 3419 814 autem
3451 772 3484 813 a

1900 860 2144 922 peccato,
2168 868 2230 906 ac
2254 854 2398 909 filius
2429 853 2640 908 ancilla:
2665 863 2788 922 tum,
2815 853 3071 910 Ecclesiae
3093 852 3326 916 scilicet,
3353 848 3497 922 etis:

1901 952 2046 1010 ctus,
2080 947 2254 1017 gratia
2285 955 2378 1000 tua
2418 962 2448 1000 a
2483 945 2728 1018 pristinis
2766 947 3006 1018 peccatis
3049 945 3187 1000 liber
3217 943 3387 1000 evasi.
3411 971 3483 983 —

1903 1036 2068 1091 Vens.
2115 1038 2326 1103 18,19.
2374 1039 2492 1092 Tibi
2542 1041 2856 1106 sacriﬁcabo
2913 1039 3141 1094 hostiam
3205 1037 3401 1101 laudis,
3431 1041 3486 1090 et

1901 1147 2087 1184 nomen
2124 1130 2334 1186 Domini
2359 1131 2628 1187 invocabo.
2668 1132 2802 1187 Vota
2846 1149 2963 1186 mea
3015 1131 3234 1185 Domino
3262 1128 3484 1184 reddam

1902 1221 1954 1275 in
1985 1232 2264 1292 conspectu
2305 1225 2476 1277 omnis
2518 1224 2698 1293 populi
2727 1224 2863 1292 ejus,
2892 1226 2946 1276 in
2975 1223 3126 1276 atriis
3148 1223 3336 1276 domus
3369 1222 3481 1278 Do-

1902 1314 2056 1379 mini,
2098 1313 2153 1367 in
2190 1315 2360 1368 medio
2402 1316 2497 1379 tui,
2531 1314 2852 1370 Jerusalem.
2894 1314 3204 1370 Proiectum
3236 1314 3354 1384 ejus
3385 1315 3482 1384 qui

1902 1404 2033 1458 talia
2063 1404 2198 1459 dicit
2236 1406 2530 1475 signiﬁcat,
2557 1407 2609 1459 id
2642 1418 2746 1472 ρει,
2782 1406 2967 1476 populi
2990 1422 3056 1460 ex
3080 1407 3351 1475 gentibus.
3376 1403 3483 1461 Per

1905 1493 2039 1548 illud
2065 1494 2209 1548 enim
2249 1516 2259 1548 :
2291 1495 2409 1549 Tibi
2441 1497 2756 1563 sacriﬁcabo
2790 1497 3019 1570 hostiam
3047 1495 3483 1564 laudis,corp0ri

1903 1592 1958 1639 et
2010 1585 2264 1655 sanguini
2320 1588 2761 1653 communicabo,
2799 1589 2895 1652 ait,
2928 1595 2980 1642 et
3026 1587 3081 1641 in
3113 1587 3305 1642 horum
3338 1601 3484 1641 com-

1905 1677 2165 1732 munione
2193 1693 2389 1733 nomen
2426 1685 2578 1733 tuum
2610 1680 2896 1745 invocabo,
2934 1695 2997 1734 ac
3031 1687 3156 1734 vota
3185 1680 3483 1749 gratiarum

1906 1771 2138 1826 actionis
2181 1771 2278 1825 tibi
2305 1771 2534 1826 Domino
2566 1773 2714 1827 intus
2739 1773 2792 1826 in
2819 1773 2996 1826 medio
3019 1787 3161 1826 verae
3181 1770 3481 1826 Jerusalem

1905 1869 1958 1914 et
1991 1862 2045 1916 in
2073 1870 2368 1933 conspectu
2402 1865 2583 1918 omnis
2614 1864 2794 1933 populi
2833 1865 3078 1928 reddam,
3115 1878 3327 1919 necnon
3358 1875 3484 1934 pro-

218 1949 530 2020 ριστηρίους
571 1948 736 2019 εὐχάς
789 1967 869 2003 σοι
912 1949 991 2022 τῷ
1027 1952 1218 2024 Κυρίῳ
1251 1954 1512 2008 ἀποδώσω
1554 1956 1700 2011 ἔνδον
1744 1961 1798 2011 ἐν

1909 1953 2220 2019 missiones,
2247 1970 2386 2026 quas
2420 1955 2714 2024 aliquando
2743 1954 2998 2010 feceram.

217 2039 365 2110 μέσῳ
392 2041 493 2110 τῆς
519 2041 751 2112 ἀληθοῦς
788 2044 1164 2115 Ἰερουσαλὴμ,
1200 2047 1294 2099 καὶ
1326 2048 1566 2101 ἐναντίον
1601 2051 1800 2116 παντὸς

210 2129 305 2182 τοῦ
328 2129 481 2196 λαοῦ,
527 2131 621 2185 καὶ
653 2131 754 2195 τὰς
790 2133 1124 2202 ἐπαγγελίας
1158 2135 1223 2199 ἃς
1261 2154 1389 2189 ποτε
1436 2140 1797 2210 ἐποιησάμην.

689 2245 1111 2302 ΚΛΛΗΛΟΥΙΑ.
1161 2249 1324 2316 Ριςῖν.

282 2332 510 2388 Αἰνεῖτε
555 2335 663 2390 τὸν
696 2337 936 2405 Κύριον,
987 2339 1185 2392 πάντα
1238 2340 1311 2395 τὰ
1348 2341 1517 2411 ἔθνη,
1563 2344 1801 2398 ἐπαινέ-

211 2438 362 2478 σατε
387 2425 594 2492 αὐτὸν,
653 2427 878 2494 πάντες
910 2433 960 2483 οἰ
989 2431 1128 2484 λαοί
1153 2449 1165 2462 ·
1193 2430 1281 2485 ὅτι
1329 2433 1691 2503 ἐκραταιώθη
1735 2438 1800 2489 τὸ

211 2514 386 2582 ἕλεος
423 2518 608 2572 αὐτοῦ
664 2519 757 2588 ἐφ’
788 2518 968 2590 ἡμᾶς,
1012 2523 1110 2576 καὶ
1170 2525 1208 2592 ἡ
1245 2523 1495 2590 ἀλήθεια
1538 2527 1644 2580 τοῦ
1681 2531 1801 2582 Κυ-

201 2609 344 2678 ρίου
363 2608 532 2678 μένει
563 2611 780 2677 εἰς.τὸν
817 2610 1022 2667 αἰῶνα.
1059 2614 1432 2670 Ἀνακαλεῖται
1463 2617 1640 2671 τοίνυν
1660 2621 1688 2673 ὁ
1716 2619 1802 2672 λό-

210 2716 308 2768 γος
339 2703 432 2755 ἐπὶ
476 2703 566 2756 τὸν
595 2703 761 2776 ὕμνον
796 2704 889 2758 τοῦ
929 2705 1065 2759 Θεοῦ
1101 2707 1280 2762 πάντα
1309 2709 1376 2763 τὰ
1407 2710 1664 2784 ὰλλογενῆ
1709 2716 1802 2768 καὶ

210 2789 482 2862 ἀλλόφυλα
515 2793 643 2866 ἔθνη
682 2812 695 2826 ο
734 2791 852 2850 εἶτα
881 2797 1300 2865 ἁποδιαστείλας
1333 2803 1439 2856 τῶν
1472 2801 1642 2856 ἐθνῶν
1673 2805 1800 2870 τοὺς

209 2884 377 2950 λαοὺς
431 2888 672 2958 ἐπιλέγει
705 2907 720 2922 ο
762 2892 1293 2948 Ἐπαινεσάτωο-αν
1337 2896 1526 2950 αὐτὸν
1577 2898 1801 2966 πάντες

212 2981 270 3032 ol
299 2980 456 3033 λαοί.
482 2980 713 3052 Νοήσεις
745 2982 801 3035 δὲ
826 2982 924 3054 τὴν
948 2983 1210 3055 διαφορὰν
1239 2988 1539 3060 ἐπιστήσας
1568 2993 1633 3062 τῇ
1670 3008 1802 3062 προ-

213 3070 414 3141 φητεία
455 3074 518 3143 τῇ
576 3072 807 3146 λεγούσῃ
858 3073 1010 3146 παρὰ
1059 3075 1136 3146 τῷ
1183 3080 1459 3150 Ζαχαρίᾳσ
1494 3081 1670 3148 Χαῖρε
1700 3083 1800 3135 καί

210 3164 560 3231 εὐφραίνου,
585 3167 833 3235 θύγατερ
863 3167 1017 3222 Σιών
1042 3185 1054 3198 ·
1089 3168 1217 3222 ἰδοὺ
1260 3170 1375 3239 ἐγὼ
1402 3171 1653 3242 ἔρχομαι
1701 3175 1798 3227 καί

2403 2243 2765 2300 ALLELUIA.
2805 2241 2992 2298 CXVI.

1975 2334 2147 2399 Vsus.
2174 2339 2225 2400 Ι,
2251 2334 2304 2388 2.
2329 2335 2570 2391 Laudate
2601 2337 2907 2404 Dominum,
2937 2351 3114 2390 omnes
3138 2343 3333 2405 gentes,
3364 2336 3483 2387 lau-

1903 2426 2025 2481 date
2045 2445 2184 2493 eum,
2207 2445 2382 2483 omnes
2403 2429 2611 2498 populi:
2626 2431 2872 2500 quoniam
2894 2428 3212 2498 conﬁrmata
3235 2437 3311 2481 est
3329 2440 3484 2495 super

1904 2536 1998 2573 nos
2053 2521 2418 2575 misericordia
2445 2522 2579 2589 eius,
2625 2532 2674 2576 et
2721 2523 2912 2576 veritas
2965 2519 3180 2575 Domini
3212 2527 3383 2572 manet
3425 2519 3483 2571 in

1904 2621 2176 2667 wternum.
2207 2612 2306 2668 llic
2338 2614 2522 2684 itaque
2553 2629 2735 2669 sermo
2767 2621 2956 2684 gentes
2990 2627 3181 2666 omnes
3225 2610 3483 2680 alienige-

1903 2721 2004 2762 nas
2033 2715 2086 2761 et
2115 2708 2432 2777 peregrinas
2462 2707 2526 2760 ad
2561 2707 2773 2761 laudem
2805 2705 2900 2761 Dei
2941 2711 3236 2777 provocat;
3265 2702 3486 2757 deinde-

1903 2815 2009 2870 que
2061 2814 2092 2853 a
2136 2799 2388 2870 gentibus
2432 2800 2663 2870 populos
2692 2799 3037 2868 distinguens
3082 2795 3158 2850 ait
3197 2793 3482 2850 :Laudent

1902 2909 2021 2947 eum
2066 2907 2243 2945 omnes
2284 2891 2486 2961 populi.
2529 2890 2836 2946 Discrimen
2883 2897 3062 2943 autem
3115 2887 3404 2956 intelliges.
3435 2886 3484 2940 si

1905 2984 2203 3040 attenderis
2225 2982 2524 3053 prophetia:
2540 2981 2681 3051 apud
2701 2979 3021 3034 Zachariam
3040 2977 3246 3033 dicenti
3266 2995 3279 3030 :
3300 2974 3483 3029 Gaude

1902 3090 1949 3132 et
1995 3078 2225 3141 exs-ulta,
2259 3078 2374 3146 ﬁlia
2407 3075 2711 3130 Sion:ecce
2751 3091 2843 3144 ego
2884 3073 3030 3127 venio
3070 3081 3116 3124 et
3152 3067 3398 3123 habitabo
3427 3067 3484 3120 in

1903 3167 2074 3223 medio
2105 3169 2204 3232 tui,
2248 3167 2377 3220 dicit
2407 3165 2686 3220 Dominus.
2719 3163 2789 3217 Et
2821 3163 3118 3233 confugient
3143 3167 3316 3230 gentes
3344 3157 3483 3210 mul-

214 3255 665 3324 κατασκηνώσω
694 3258 764 3310 ἐν
801 3257 965 3329 μέσῳ
1009 3276 1147 3326 σου,
1205 3261 1367 3329 λέγει
1404 3265 1638 3332 Κύριος.
1689 3266 1798 3319 Kal

1906 3271 1972 3316 ta:
1995 3261 2067 3313 ad
2099 3260 2401 3324 Dominum,
2425 3268 2473 3312 et
2496 3269 2648 3312 erunt
2669 3259 2721 3312 ei
2734 3258 2785 3311 in
2803 3256 3072 3325 populum,
3101 3261 3152 3308 et
3179 3268 3270 3323 ego
3295 3268 3382 3305 ero
3404 3251 3480 3305 eis

212 3346 688 3415 καταφεύξονται
731 3349 875 3419 ἔθνη
911 3352 1112 3406 πολλὰ
1143 3353 1240 3406 ἐπὶ
1270 3354 1376 3407 τὸν
1413 3356 1654 3423 Κύριον,
1697 3358 1797 3412 καὶ

215 3435 462 3492 ἔσονται
493 3439 654 3505 αὐτῷ
685 3443 772 3508 εἰς
798 3443 972 3508 λαὸν,
1001 3431 1162 3514 κάγὼ
1199 3445 1414 3515 ἔσομαι
1471 3448 1675 3514 αὐτοῖς
1710 3452 1799 3515 εἰς

219 3530 387 3583 Θεόν.
449 3531 598 3595 Τέως
633 3533 730 3602 μὲν
772 3533 879 3606 γὰρ
917 3535 1044 3606 ἔθνη
1076 3537 1432 3607 τυγχάνοντα,
1493 3539 1644 3594 οὔπω
1672 3541 1799 3604 λαὸς

213 3617 286 3692 ἦν
329 3620 514 3684 αὑτοῦ,
555 3622 926 3692 μεταϐαλόντα
959 3625 1015 3678 δέ
1067 3626 1162 3680 τοῦ
1199 3627 1464 3700 προτέρου
1521 3628 1657 3700 βίου,
1706 3631 1800 3684 καὶ

219 3712 558 3782 μετασχόντα
609 3713 718 3766 τῶν
769 3715 863 3768 τοῦ
928 3715 1063 3770 Θεοῦ
1110 3717 1422 3790 μυστηρίων
1465 3719 1533 3772 δι’
1573 3720 1802 3789 ἀναγεν-

215 3805 426 3875 νήσεως
464 3807 557 3859 καὶ
583 3805 810 3878 λουτροῦ
846 3808 1306 3877 παλιγγενεσίας,
1347 3811 1588 3880 γίνονται
1633 3815 1806 3868 αὑτοῦ

216 3893 354 3947 λαοί.
394 3896 458 3948 "O
493 3896 557 3967 δὴ
591 3897 756 3950 εἰσέτι
790 3899 884 3950 καὶ
916 3899 1010 3952 νῦν
1047 3900 1344 3972 πληροῦται
1384 3903 1506 3955 καθ’
1542 3904 1668 3972 ὅλης
1703 3906 1800 3975 τῆς

217 3985 326 4038 τῶν
352 3986 653 4060 ἀνθρώπων
682 3989 1024 4060 οἰκουμένης,
1064 3992 1403 4062 μυριάνδρων
1436 3994 1577 4047 λαῶν
1610 3995 1800 4066 ὥσπερ

217 4074 357 4128 κατὰ
385 4079 578 4148 χοροὺς
609 4080 908 4150 ἱσταμένων
937 4082 1030 4134 καὶ
1062 4082 1152 4134 τὸν
1193 4083 1320 4155 παρ’
1367 4084 1636 4155 Ἑϐραίοις
1660 4104 1794 4157 προ-

218 4168 408 4236 φτπτῶν
438 4171 572 4224 Θεὸν
605 4171 936 4242 ὑμνούντων,
969 4175 1062 4226 καὶ
1098 4174 1165 4228 τὰ
1199 4177 1336 4229 αὐτὰ
1370 4179 1793 4250 ἁναγνώσματα,

219 4261 520 4333 μαθήματά
568 4280 627 4315 τε
683 4264 779 4316 καὶ
831 4263 1074 4334 δόγματα
1125 4265 1546 4337 διδασκομένων.
1614 4269 1796 4322 Ταῦτα

1905 3355 1960 3408 in
2010 3353 2229 3407 Deum”.
2266 3352 2520 3418 Quandlu
2581 3352 2724 3407 enim
2777 3357 2967 3419 gentes
3021 3355 3197 3408 erant,
3234 3342 3482 3399 nondum

1903 3449 2059 3498 erant
2106 3443 2339 3514 populus
2369 3443 2522 3512 ejus;
2554 3458 2583 3496 a
2614 3440 2784 3511 priori
2817 3447 2998 3492 autem
3036 3438 3149 3490 vita
3179 3448 3490 3498 conversae,

1903 3550 1968 3589 ac
2023 3549 2121 3603 per
2168 3536 2444 3589 lavacrum
2490 3530 2922 3603 regenerationis
2965 3526 3350 3598 mysteriorum
3386 3523 3481 3578 Dei

1904 3623 2200 3696 participes
2254 3622 2485 3691 ell‘ectce,
2522 3623 2644 3692 ejus
2695 3619 2882 3692 p0puli
2916 3617 3174 3674 evadunt.
3206 3613 3364 3681 Quod
3409 3614 3480 3668 ad

1900 3717 2044 3770 hanc
2095 3731 2270 3786 usque
2312 3716 2456 3770 diem
2488 3729 2583 3785 per
2623 3714 2942 3768 universum
2973 3710 3162 3764 orbem
3197 3704 3476 3777 impletur,

1898 3823 2022 3862 cum
2052 3807 2246 3862 inﬁniti
2282 3807 2488 3877 populi,
2519 3805 2677 3878 quasi
2699 3805 2754 3860 in
2787 3805 2956 3860 choro
2984 3799 3283 3864 distributi,
3307 3797 3479 3853 Deum

1897 3905 2310 3974 prophetarum,
2361 3903 2455 3972 qui
2514 3915 2682 3972 penes
2732 3899 2989 3955 Hebraeos
3037 3904 3216 3961 erant,
3263 3893 3480 3965 hymnis

1897 3997 2193 4060 celebrent,
2254 4005 2417 4064 atque
2468 3992 2688 4048 easdem
2732 3992 3017 4054 lectiones,
3064 3985 3383 4057 disciplinas
3425 3993 3480 4038 et

1901 4091 2155 4160 dogmata
2203 4088 2559 4143 edoceantur.
2591 4085 2720 4140 Haec
2749 4085 2934 4155 igitur,
2970 4098 3091 4153 quae
3137 4081 3272 4149 ipsis
3303 4077 3479 4132 oculis

1903 4181 2296 4251 conspicimus,
2327 4196 2436 4234 non
2460 4179 2640 4244 aliter,
2669 4193 2830 4248 quam
2860 4191 2957 4246 per
2983 4173 3155 4229 solam
3179 4169 3480 4225 Salvatoris

1903 4273 2162 4328 virtutem
2191 4273 2246 4326 in
2287 4280 2401 4326 toto
2429 4270 2671 4342 gentium
2701 4270 2836 4323 orbe
2859 4269 3156 4322 constituta
3186 4270 3333 4319 sunt.

215 4352 348 4420 γοῦν
393 4354 691 4426 ὀφθαλμοῖς
734 4356 1006 4428 ὁρώμενα,
1048 4359 1147 4411 οὐκ
1191 4359 1365 4424 ἄλλως
1403 4359 1436 4431 ἢ
1491 4361 1577 4414 διὰ
1635 4363 1802 4434 μόνης
1848 4365 1948 4436 τῆς
1994 4365 2259 4438 σωτηρίου
2295 4364 2595 4437 ⁹δυνάμεως
2651 4359 2771 4414 καθ’
2808 4359 2935 4430 ὅλης
2967 4359 3192 4427 συνέστη
3225 4357 3323 4426 τῆς
3373 4351 3480 4406 τῶν

215 4441 388 4498 ἐθνῶν
417 4445 760 4517 οἰκουμένης.

711 4559 1134 4615 ΑΛΛΗΛΟΥΙΑ.
1176 4564 1319 4616 PIZ'.

303 4650 788 4721 Ἐ’ξομολογεῖσθε
825 4651 906 4718 τῷ
951 4653 1167 4721 Κυρίῳ,
1213 4653 1299 4707 ὅτι
1325 4655 1566 4724 ἀγαθός,
1597 4655 1682 4709 ὅτι
1708 4658 1797 4724 εἰς

215 4743 326 4797 τὸν
355 4743 541 4797 αἰῶνα
578 4746 643 4798 τὸ
683 4745 856 4812 ἕλεος
904 4746 1112 4800 αὐτοῦ.
1151 4745 1387 4800 Elmin
1430 4747 1505 4814 δὴ
1554 4751 1586 4802 ὀ
1631 4747 1800 4815 οἶκος

229 4835 489 4904 Ἰσραὴλ,
524 4835 612 4888 ὅτι
637 4836 877 4905 ἀγαθὸς,
920 4837 1008 4890 ὅτι
1041 4839 1126 4903 εἰς
1172 4837 1278 4890 τόν
1304 4836 1488 4892 αἰῶνα
1517 4839 1582 4892 τὸ
1623 4840 1799 4907 ἕλεος

216 4927 404 4982 αὐτοῦ
425 4945 438 4958 ·
464 4927 684 4982 εἰπάτω
719 4928 795 4997 δὴ
824 4925 988 4995 οἶκος
1031 4929 1265 4998 Ἀαρὼν,
1300 4930 1387 4983 ὅτι
1421 4932 1662 5000 ἀγαθὸς,
1707 4931 1800 4986 ὅτι

217 5019 306 5082 εἰς
349 5017 458 5070 τὸν
487 5016 673 5071 αἰῶνα
717 5018 783 5071 τὸ
830 5018 1001 5085 ἔλεος
1060 5019 1266 5074 αὑτοῦ.
1313 5021 1670 5074 Εἰπάτωσαι·
1718 5021 1796 5091 δὴ

218 5107 440 5174 πάντες
461 5112 513 5161 οἱ
545 5111 901 5179 φοϐούμενοι
931 5112 1034 5164 τὸν
1060 5112 1300 5180 Κύριον,
1328 5111 1414 5165 ὅτι
1441 5113 1682 5181 ἀγαθὸς,
1706 5113 1796 5167 ὅτι

215 5203 304 5264 εἰς
332 5199 440 5252 τὸν
475 5198 661 5254 αἰῶνα
695 5200 760 5253 τὸ
799 5200 972 5266 ἕλεος
1008 5203 1215 5256 αὑτοῦ.
1251 5203 1359 5256 Καὶ
1400 5204 1457 5256 ἐν
1505 5207 1615 5268 τοῖς
1660 5221 1794 5274 προ-

218 5290 514 5362 κειμένοις,
555 5292 656 5362 τῆς
696 5290 1061 5362 εὐαγγελικῆς
1093 5294 1316 5364 χάριτος
1371 5295 1464 5347 ἐπὶ
1506 5296 1681 5349 πάντα
1726 5296 1798 5350 τὰ

217 5383 344 5455 ἔθνη
375 5385 650 5458 χυθείσης,
687 5378 762 5438 ὧν
783 5385 953 5439 ἐθνῶν
980 5387 1141 5459 μέρος
1183 5406 1236 5441 τι
1263 5384 1331 5459 ἦν
1360 5389 1452 5442 καὶ
1479 5391 1507 5442 ὁ
1537 5392 1600 5444 ἐκ
1638 5408 1793 5462 περι-

217 5477 391 5548 τομῆς
418 5477 568 5541 λαὸς,
599 5479 693 5532 καὶ
730 5477 895 5550 μέρος
934 5479 995 5532 τὸ
1035 5479 1357 5551 πρώτιστον,
1389 5482 1612 5546 εἰκότως
1642 5482 1794 5555 πρώ-

215 5586 342 5634 τους
372 5570 568 5634 αὐτοὺς
608 5572 636 5622 ὁ
683 5570 841 5640 λόγος
891 5573 982 5624 ἐπὶ
1030 5573 1129 5642 τὴν
1170 5572 1556 5644 ἐξομολόγησιν
1599 5576 1786 5629 καλεῖ·

215 5661 410 5716 ἔπειτα
436 5663 560 5726 τοὺς
589 5663 647 5727 ἐξ
663 5663 832 5716 ἐθνῶν
851 5664 1320 5735 προσεληλυθότας
1350 5666 1428 5736 τῷ
1451 5667 1788 5739 Εὑαγγελίῳ,

219 5752 365 5809 κατὰ
396 5753 484 5807 τό·
533 5754 790 5821 Ἰουδαίῳ
819 5773 882 5810 τε
929 5755 1162 5826 πρῶτον
1199 5758 1298 5811 καὶ
1325 5759 1594 5828 Ἕλληνι.
1634 5761 1696 5814 Εἰ
1735 5760 1790 5814 δέ

298 5912 317 5940 ¹
351 5909 514 5967 Zach.
554 5929 622 5980 ιι»,
661 5913 768 5980 10,
797 5913 883 5970 Η.
961 5913 984 5942 ⁸
1023 5913 1179 5968 Hom.
1222 5927 1273 5976 ι,
1313 5913 1396 5968 16.

1825 4579 1877 4636 D

2380 4556 2744 4613 ALLELUIA.
2783 4553 2992 4610 CXVII.

1965 4652 2132 4706 Vens.
2181 4651 2294 4706 1-4.
2342 4648 2681 4720 Conﬁtemini
2723 4647 2946 4701 Domino
2984 4661 3233 4714 quamam
3288 4642 3475 4708 bonus,

1893 4746 2143 4817 quoniam
2176 4745 2230 4797 in
2257 4741 2511 4798 saeculum
2553 4738 2919 4820 misericordia
2960 4738 3095 4806 ejus.
3138 4735 3295 4789 Dicat
3341 4753 3477 4790 nunc

1895 4837 2083 4890 domus
2121 4833 2294 4888 Israel
2340 4832 2588 4902 quoniam
2625 4831 2812 4890 bonus,
2845 4827 3094 4898 quoniam
3125 4827 3180 4878 in
3221 4824 3475 4879 sa'culum

1896 4927 2262 4984 misericordia
2285 4927 2420 4998 ejus.
2445 4925 2601 4978 Dicat
2634 4939 2770 4976 nunc
2795 4921 2983 4975 domus
3010 4919 3191 4970 Aaron
3226 4916 3474 4986 quoniam

1899 5022 2087 5083 bonus,
2117 5021 2366 5091 quoniam
2410 5019 2464 5071 in
2495 5016 2747 5071 smculum
2776 5010 3142 5066 misericordia
3196 5009 3328 5076 ejus.
3378 5005 3476 5059 Di-

1896 5124 2020 5168 cant
2042 5129 2180 5166 nunc
2191 5127 2367 5164 omnes
2389 5109 2479 5180 qui
2501 5110 2682 5162 timent
2702 5105 2982 5160 Dominum
3004 5101 3249 5172 quoniam
3283 5099 3469 5163 bonus,

1895 5206 2144 5277 quoniam
2163 5205 2215 5258 in
2239 5203 2488 5257 swculum
2511 5196 2874 5254 misericordia
2891 5195 3026 5265 ejus.
3044 5195 3103 5248 ln
3127 5194 3210 5247 his
3233 5204 3468 5262 quoque,

1894 5295 2068 5353 eﬂ‘usa
2107 5295 2161 5348 in
2204 5309 2397 5349 omnes
2425 5299 2616 5363 gentes
2658 5288 2974 5359 evangelica
3006 5284 3204 5356 gratia,
3238 5295 3472 5352 quarum

1897 5389 2140 5460 gentium
2180 5400 2309 5456 pars
2331 5384 2538 5454 aliqua,
2564 5383 2674 5436 imo
2701 5395 2828 5450 pars
2857 5377 3053 5449 prima,
3081 5383 3200 5429 erat
3239 5372 3472 5442 populus

1894 5497 1960 5536 ex
1989 5479 2439 5545 circumcisione,
2470 5476 2665 5530 merito
2707 5471 2924 5526 Iudaeos
2969 5469 3037 5523 ad
3067 5466 3470 5520 confessionem

1895 5575 2103 5646 primos
2135 5589 2316 5629 sermo
2366 5581 2555 5625 evocat
2585 5587 2596 5622 :
2629 5567 2931 5635 deindeque
2956 5579 3052 5619 eos
3086 5577 3151 5616 ex
3193 5557 3468 5632 gentibus,

1895 5668 1988 5739 qui
2031 5666 2099 5720 ad
2159 5664 2509 5736 Evangelium
2563 5666 2927 5722 accesserant,
2969 5654 3266 5712 secundum
3298 5650 3465 5705 illud:

1896 5759 2087 5816 ludam
2114 5758 2347 5829 primum
2376 5767 2426 5811 et
2456 5755 2638 5811 Graeco
2656 5753 2698 5808 °.
2753 5751 2812 5807 Si
2844 5750 2969 5824 quis
3007 5755 3186 5805 autem
3215 5751 3481 5802 accurate-
