3992 6404
558 468 693 526 1563
1221 464 1490 521 EUSEBII
1531 463 2011 520 CESARlENSlS
2036 463 2106 520 Οῐ

2227 461 2406 517 PARS
2444 460 2534 518 lll.
2573 491 2642 500 —
2679 459 3088 515 EXEGETICA.
3692 455 3824 514 1564

555 597 670 637 rem
709 579 1122 644 examinaverit,
1162 579 1327 634 etiam
1366 596 1465 650 pro
1506 579 1742 635 adventu
1796 579 2000 634 Christi
2037 577 2103 632 Ju

2232 592 2316 638 τις
2345 574 2590 646 ἀκριϐῶς
2624 572 2920 638 ἐξετάσειε,
2955 572 3050 625 καὶ
3082 570 3223 642 ὑπὲρ
3251 571 3350 642 τῆς
3382 573 3704 642 παρουσίας
3736 574 3826 627 αὐ-

554 676 702 730 αωοε
740 672 794 724 in
851 669 1038 740 primis
1079 669 1284 740 gratias
1317 683 1476 738 agere
1504 667 1681 723 decet.
1751 665 1884 720 Nam
1917 666 2106 721 etiams

2233 670 2332 742 τῆς
2365 669 2458 724 τοῦ
2479 668 2714 740 Χριστοῦ
2741 667 2974 738 μάλιστα
3000 668 3126 729 τοὺς
3163 665 3442 730 Ἰουδαίους
3471 668 3824 737 εὐχαριστεῖν

554 765 783 818 adversa
809 761 920 817 sint
947 760 1213 831 perpessi,
1248 768 1304 814 at
1331 776 1439 814 nou
1467 761 1621 816 abeo
1642 761 1745 830 'qui
1779 760 1833 814 in
1868 758 2106 813 mundun

2230 760 2329 814 δεῖ.
2364 761 2426 813 El
2451 759 2558 831 γὰρ
2588 759 2682 812 καὶ
2711 758 2780 812 τά
2821 757 3040 812 ἐναντία
3079 757 3396 828 ὑπέμειναν,
3430 757 3544 810 ἀλλ’
3581 759 3648 810 οὗ
3676 760 3824 830 παρὰ

552 853 739 920 venit;
791 852 887 907 sed
918 851 1116 921 ingrati
1163 851 1330 907 animi
1367 865 1556 920 pcenas
1591 851 1829 905 luerunt.
1876 848 2010 902 Nam
2041 847 2133 902 ille

553 944 774 1019 quidem
812 944 878 998 ad
924 943 1073 1013 ipsos
1107 943 1505 1014 peregrinatus,
1541 941 1852 1011 frequenter
1877 941 2125 995 dicebat:

555 1036 680 1092 Non
700 1038 814 1089 veni
842 1036 944 1089 nisi
971 1035 1038 1088 ad
1062 1052 1175 1089 oves
1206 1051 1323 1104 quae
1350 1036 1617 1102 perierunt
1642 1034 1828 1086 domus
1857 1031 2030 1089 Israel
2057 1033 2075 1061 "
2112 1051 2124 1086 :

551 1129 698 1200 quod
737 1129 783 1185 si
827 1128 932 1182 hoc
965 1128 1232 1183 beneﬁcio
1292 1128 1499 1198 indigni
1531 1138 1660 1182 sunt
1697 1126 1889 1190 habiti,
1924 1125 1978 1180 id
2013 1125 2128 1181 suis

550 1221 936 1292 iniquitatibus
981 1228 1035 1274 et
1092 1220 1305 1290 ingrato
1361 1220 1590 1274 nimium
1637 1220 1819 1273 animo
1873 1232 1974 1274 suo
2025 1217 2128 1272 im-

592 1320 766 1367 utent.

552 1328 766 1383 putent.

621 1403 787 1460 Vens.
821 1403 971 1460 5-13.
1029 1402 1099 1456 De
1128 1401 1466 1458 tribulatione
1487 1403 1722 1455 invocavi
1755 1400 2056 1464 Dominum,
2079 1411 2126 1454 et

548 1498 818 1552 exaudivit
849 1514 927 1550 me
960 1497 1012 1550 in
1043 1496 1344 1550 latitudine.
1373 1495 1629 1548 Dominus
1656 1495 1784 1547 milii
1815 1494 2048 1559 adiutor,
2077 1502 2127 1548 et

547 1606 653 1644 non
687 1589 877 1643 timebo
924 1588 1049 1658 quid
1094 1589 1260 1658 faciat
1311 1589 1438 1642 mihi
1477 1588 1652 1642 homo.
1708 1586 1964 1642 Dominus
1998 1587 2127 1640 mihi

547 1680 784 1751 adjutor,
811 1690 859 1735 et
889 1697 980 1751 ego
1004 1679 1289 1749 despiciam
1320 1679 1559 1734 inimicos
1587 1695 1750 1733 meos.
1806 1679 2013 1734 Bonum
2046 1688 2126 1733 est

547 1773 810 1842 conﬁdere
865 1775 919 1827 in
966 1773 1214 1836 Domino,
1275 1789 1432 1842 quam
1477 1772 1739 1842 conﬁdere
1795 1773 1850 1825 in
1895 1772 2119 1826 homine.

546 1863 754 1918 Bonum
775 1875 854 1918 est
879 1881 1090 1933 sperare
1119 1864 1172 1916 in
1200 1862 1452 1927 Domino,
1475 1879 1633 1933 quam
1662 1878 1870 1932 sperare
1891 1864 1944 1916 in
1970 1863 2117 1930 prin-

2227 851 2322 905 τὸν
2367 852 2832 927 παραγενόμενον,
2878 849 3014 904 ἀλλὰ
3046 849 3196 920 παρά
3235 849 3333 919 τὴν
3377 851 3589 902 οἰκείαν
3645 853 3822 918 ἀγνω-

2232 944 2489 1015 μοσύνην.
2545 945 2717 1007 Αὐτὸς
2775 944 2872 1014 μὲν
2924 943 3032 1011 γὰρ
3078 941 3212 1012 πρὸς
3259 941 3454 1004 αὐτοὺς
3496 943 3816 1010 ἀφικνεῖτο,

2230 1037 2323 1089 καὶ
2351 1035 2590 1105 συνεχῶς
2635 1035 2818 1103 ἔλεγεν
2839 1053 2852 1064 ³
2882 1039 3005 1088 Οὐκ
3041 1032 3232 1105 ἦλθον
3269 1034 3407 1088 ἀλλ’
3433 1037 3522 1100 είς
3559 1035 3639 1088 τὰ
3675 1039 3817 1102 προ-

2229 1131 2376 1183 6ατα
2407 1129 2479 1183 τὰ
2517 1130 2877 1183 ἀπολωλότα
2908 1129 3078 1183 οἴκου
3121 1129 3390 1196 Ἰσραήλο
3426 1130 3475 1180 εί
3516 1128 3577 1180 δὲ
3608 1128 3816 1194 ἀνάξιοι

2226 1220 2326 1290 τῆς
2353 1219 2674 1290 εὐεργεσίας
2700 1221 3000 1291 ἐφάνησαν,
3023 1222 3144 1284 ταῖς
3169 1220 3375 1274 ἐαυτῶν
3406 1217 3816 1287 λογιζέσθωσαν

2229 1312 2598 1385 παρανομίαις
2624 1313 2718 1364 καί¹
2751 1315 2816 1384 τῇ
2849 1312 2946 1382 τῆς
2978 1311 3371 1383 ἀγνωμοσύνης
3403 1311 3709 1383 ὑπερϐολῇ.

2311 1405 2402 1455 Ἐκ
2447 1405 2708 1471 θλίψεως
2752 1403 3218 1473 ἐπεκαλεσάμην
3252 1404 3359 1457 τόν
3404 1406 3675 1472 Κύριον,
3719 1403 3814 1458 καὶ

2224 1493 2534 1559 ἐπήκουσέ
2570 1513 2688 1563 μου
2723 1498 2810 1561 είς
2836 1499 3216 1566 πλατυσμόν.
3243 1499 3458 1564 Κύριος
3491 1499 3630 1567 ἐμοὶ
3659 1499 3812 1567 βοη-

2226 1585 2348 1650 θὸς,
2384 1586 2479 1638 καί
2507 1588 2579 1638 οὺ
2604 1585 3018 1656 φοϐηθήσομαι
3064 1589 3120 1640 τί
3157 1588 3394 1654 ποιήσει
3438 1607 3538 1655 μοι
3583 1590 3810 1658 ἅνθρω-

2225 1693 2356 1743 πος.
2389 1679 2606 1745 Κύριος
2655 1679 2785 1747 ἐμοὶ
2811 1679 3068 1747 βοηθὸς,
3113 1680 3273 1749 κάγὼ
3325 1681 3634 1751 ἐπόψομαι
3674 1684 3812 1750 τοὺς

2222 1768 2474 1836 ἐχθρούς
2514 1787 2654 1840 μου.
2719 1770 2970 1839 Ἀγαθὸν
3015 1772 3358 1826 πεποιθέναι
3401 1774 3503 1826 ἐπὶ
3551 1777 3808 1842 Κύριον,

2223 1859 2262 1927 ἢ
2313 1861 2656 1914 πεποιθέναι
2703 1861 2794 1914 ἐπ’
2845 1861 3194 1930 ἄνθρωπον·
3249 1864 3480 1933 ἀγαθὸν
3543 1865 3811 1927 ὲλπίζεσν

546 1955 767 2024 cipibus.
807 1955 996 2011 Omnes
1021 1965 1194 2026 gentes
1229 1956 1545 2008 circuierunt
1573 1971 1673 2020 me,
1701 1965 1749 2009 et
1773 1955 1979 2008 nomine
2005 1953 2106 2007 Do-

2219 1952 2318 2004 ὲπὶ
2349 1953 2594 2020 Κύριον,
2635 1952 2674 2021 ἣ
2707 1929 2968 2014 ἐλπίζειν
3009 1957 3102 2007 ἐπ’
3138 1929 3415 2026 ἄρχουσι.
3479 1958 3695 2010 Πάντα
3742 1960 3809 2013 τὰ

544 2051 676 2103 mini
719 2050 863 2103 ultus
907 2065 1021 2103 sum
1055 2064 1163 2102 eos.
1218 2045 1619 2102 Circumdantes
1667 2046 2120 2100 circumdederunt

543 2158 644 2206 me,
670 2151 719 2195 et
759 2142 966 2196 nomine
1013 2139 1221 2193 Domini
1249 2138 1393 2194 ultus
1439 2156 1558 2193 sum
1585 2155 1693 2192 eos.
1749 2137 2120 2192 Circumdede-

542 2244 666 2293 runt
694 2251 774 2289 me
804 2235 942 2288 sicut
973 2250 1092 2303 apes
1135 2233 1335 2302 favum,
1379 2241 1429 2286 et
1474 2241 1787 2286 exarserunt
1815 2234 1947 2284 sicut
1981 2231 2116 2300 ignis

539 2329 595 2382 in
626 2327 810 2394 spinis,
846 2335 895 2380 et
925 2327 1132 2380 nomine
1166 2325 1382 2379 Domini
1410 2329 1551 2379 ultus
1574 2341 1689 2378 sunt
1709 2341 1816 2378 eos.
1850 2323 2116 2394 Impulsus

538 2434 745 2476 eversus
775 2434 892 2470 sum
919 2426 976 2470 ut
1003 2416 1265 2483 caderem,
1315 2425 1366 2471 et
1422 2416 1679 2470 Dominus
1730 2417 1956 2484 suscepit
2012 2431 2111 2469 me.

539 2509 831 2564 Fortitudo
880 2527 996 2563 mea
1043 2519 1092 2564 et
1124 2509 1240 2563 laus
1269 2526 1384 2564 mea
1421 2508 1698 2572 Dominus,
1743 2518 1792 2565 et
1827 2509 1998 2574 [actus
2037 2516 2116 2562 est

537 2605 668 2658 mihi
683 2605 737 2657 in
767 2603 1012 2659 salutem.
1039 2599 1544 2657 Vox'exsultationis
1566 2611 1615 2655 et
1641 2601 1830 2654 salutis
1857 2602 1911 2654 in
1936 2601 2113 2656 taber-

536 2695 742 2751 naculis
773 2695 1059 2764 iustorum.
1086 2694 1216 2748 Mihi
1250 2710 1382 2750 sane
1403 2693 1610 2764 profuit
1641 2693 1786 2764 quod
1821 2693 2113 2762 impiorum

2219 2044 2364 2112 ἔθνη
2415 2043 2772 2098 ἐκύκλωσάν
2823 2064 2897 2115 με
2920 2090 2935 2114 ,
2989 2048 3087 2101 καὶ
3139 2048 3221 2113 τῷ
3277 2050 3524 2117 ὀνόματι
3587 2053 3805 2118 Kvpt'ov

2217 2135 2540 2204 ἠμυνάμην
2571 2138 2813 2203 αὐτούς.
2847 2139 3284 2206 Κυκλώσαντες
3322 2141 3698 2196 ἐκύκλωσάν
3713 2161 3804 2212 με,

2217 2227 2422 2293 καὶτῷ
2453 2230 2697 2298 ὀνόματι
2726 2232 2948 2298 Kvplov
2987 2231 3309 2301 ἠμυνάμην
3345 2235 3596 2299 αὐτούς.
3651 2237 3808 2288 Ἐπύ-

2217 2319 2462 2372 κλωσάν
2483 2338 2561 2390 με
2589 2322 2731 2374 ὡσεὶ
2761 2322 3054 2391 μέλισσαι
3082 2325 3312 2391 κηρίον,
3346 2326 3444 2378 καί
3479 2326 3808 2394 ἐξεκαύθη-

2215 2425 2338 2463 σαν
2356 2411 2498 2465 ὡσεὶ
2520 2412 2639 2481 πῦρ
2659 2413 2729 2465 ἐν
2753 2412 3062 2480 ἀκάνθαις,
3085 2415 3182 2468 καὶ
3203 2415 3282 2481 τῷ
3310 2417 3561 2486 ὀνόματι
3584 2421 3807 2485 Κυρίου

2213 2504 2536 2575 ἠμυνάμην
2555 2511 2794 2576 αὐτούς.
2826 2511 3054 2576 Ὡσθεὶς
3074 2512 3417 2580 ἀνετράπην
3438 2513 3552 2567 τοῦ
3572 2514 3805 2580 πεσεῖν,

2214 2595 2313 2648 καί
2350 2599 2385 2651 ὁ
2435 2599 2648 2666 Κύριος
2695 2599 3058 2655 ἀντελάϐετό
3109 2620 3250 2672 μου.
3300 2603 3501 2672 Ἰσχύς
3546 2623 3678 2674 μου
3715 2606 3805 2658 καί

2212 2686 2476 2755 ὕμνησίς
2497 2708 2617 2758 μου
2649 2694 2682 2744 ὀ
2709 2693 2944 2759 Κύριος,
2971 2694 3066 2746 καὶ
3097 2695 3336 2764 ἐγένετό
3358 2713 3461 2765 μοι
3493 2698 3589 2762 είς
3615 2713 3808 2764 σωτη-

535 2787 700 2845 ﬁnem
736 2788 870 2858 ipsis
895 2788 1071 2842 oculis
1107 2787 1464 2858 perciperent.
1495 2784 1631 2840 Novi
1661 2785 1808 2839 enim
1835 2801 1930 2841 eos
1952 2801 2106 2840 exar-

2215 2780 2367 2846 ρίαν.
2403 2782 2574 2850 Φωνὴ
2605 2783 3026 2853 ἀγαλλιάσεως
3070 2787 3169 2840 καί
3212 2789 3519 2856 σωτηρίας
3551 2790 3628 2842 ὲν
3664 2808 3807 2856 σξη-

536 2881 679 2937 sisse
703 2881 837 2934 sicut
866 2881 999 2950 ignis
1033 2881 1089 2933 in
1133 2880 1318 2949 spinis,
1360 2885 1452 2932 aut
1482 2878 1783 2933 exstinctos
1821 2894 1945 2934 esse
1977 2879 2106 2932 sicut

2215 2867 2345 2934 ναῖς
2376 2869 2644 2926 δικαίων.
2701 2874 3003 2946 Ὠφελήθην
3036 2875 3092 2928 δὲ
3145 2877 3240 2930 καὶ
3273 2877 3584 2949 ὀφθαλμοῖς
3628 2899 3805 2953 7:19:-

536 2972 672 3041 ignis
699 2973 757 3025 in
785 2973 985 3042 spinis;
1023 2972 1096 3025 ita
1128 2982 1187 3026 ut
1215 2986 1323 3026 non
1345 2971 1578 3026 ulterius
1611 2971 1917 3040 perturber,
1952 2972 1996 3026 si
2028 2972 2106 3026 vi-

2215 2961 2390 3016 λαϐὼν
2420 2964 2486 3019 τὰ
2514 2965 2641 3039 τέλη
2675 2965 2782 3022 τῶν
2815 2968 3047 3024 ἀσεϐῶν.
3077 2971 3286 3040 Ἔγνων
3309 2970 3437 3045 γὰρ,
3459 2973 3549 3026 ὅτι
3579 2975 3801 3039 ἐξεκαύ-

536 3066 696 3118 deam
734 3064 932 3134 impios
992 3079 1113 3119 sese
1158 3062 1432 3134 erigentes
1488 3069 1544 3118 et
1591 3063 1647 3116 in
1702 3063 1962 3133 populum
2015 3063 2106 3120 Dei

2215 3054 2384 3126 θησαν
2417 3058 2498 3124 ὡς
2531 3059 2651 3128 πῦρ
2701 3061 2771 3114 ἐν
2801 3061 3092 3130 ἀκάνθαις
3115 3106 3130 3130 ,
3184 3063 3217 3134 ἦ
3253 3065 3685 3136 ἐπεσϐἐσθησαν
3735 3069 3806 3134 ὡς

534 3157 904 3228 insurgentes.
935 3154 1145 3215 Edidici
1189 3155 1392 3231 quippe
1417 3155 1640 3228 quinam
1676 3155 1822 3225 ipsos
1857 3156 1979 3212 linis
2015 3171 2109 3211 ex-

534 3251 764 3318 spectet.

607 3504 769 3566 Vens.
789 3507 963 3563 1648.
981 3508 1210 3564 Dextera
1230 3509 1440 3564 Domini
1465 3511 1588 3581 fecit
1610 3513 1870 3576 virtutem,
1890 3511 2108 3568 dextera

531 3598 746 3654 Domini
783 3603 1037 3656 exultavit
1069 3619 1168 3667 me,
1203 3603 1421 3658 dextera
1445 3605 1658 3665 Domini
1685 3607 1808 3676 fecit
1837 3609 2101 3662 virtutem.

533 3688 659 3749 Non
704 3694 922 3760 moriar,
957 3694 1047 3748 sed
1087 3696 1277 3761 vivam,
1326 3706 1375 3753 et
1413 3698 1642 3755 narrabo
1675 3715 1834 3770 opera
1867 3699 2099 3755 Domini.

531 3777 813 3856 Castigans
840 3787 1115 3854 castigavit
1144 3803 1226 3842 me
1256 3785 1536 3852 Dominus,
1585 3798 1635 3843 et
1659 3792 1820 3844 morti
1848 3807 1950 3846 non
1993 3803 2105 3844 tra-

527 3873 667 3930 didit
708 3891 804 3928 me.
835 3875 988 3942 Quod
1014 3880 1422 3950 persecutiones
1458 3897 1568 3936 non
1600 3883 1822 3938 inutiles
1845 3885 1977 3947 sint,
2007 3885 2102 3940 sed

529 3965 597 4018 ad
653 3967 948 4022 utilitatem
1000 3977 1054 4024 et
1095 3972 1469 4043 probationem
1516 3981 1836 4028 vexatorum
1885 3977 2100 4041 cedant,

527 4056 686 4112 docet
724 4058 810 4115 his
844 4061 1024 4116 verbis
1056 4061 1373 4135 :Castigans
1405 4066 1683 4135 castigavit
1713 4083 1792 4120 me
1820 4066 2099 4124 Dominus.

525 4146 664 4204 Novi
700 4150 846 4205 enim
885 4151 1257 4210 inﬁrmitatem
1289 4171 1487 4220 meam,
1514 4166 1566 4211 et
1595 4172 1625 4210 a
1654 4156 1765 4213 Deo
1797 4159 1931 4213 mihi
1964 4177 2102 4231 pra:-

525 4241 712 4299 stitam
749 4242 1004 4298 virtutem
1039 4261 1149 4300 non
1179 4247 1443 4316 ignoravi.
1507 4247 1718 4302 Edidici
1750 4266 1881 4305 vero
1911 4253 2099 4323 cujus-

524 4332 674 4388 rnodi
723 4333 794 4389 sit
845 4333 1066 4390 dextera
1121 4337 1211 4392 illa
1267 4336 1506 4403 Domini,
1551 4357 1671 4410 quae
1719 4342 1971 4401 inimicos
2006 4345 2102 4403 de-

522 4427 745 4496 pressit.

596 4539 764 4597 VERS.
815 4541 997 4600 19-21.
1046 4542 1256 4614 Aperite
1316 4544 1446 4597 mihi
1507 4556 1687 4615 portas
1725 4547 1975 4617 justitim,
2017 4555 2100 4608 ξη-

2209 3148 2329 3215 πῦρ
2363 3149 2432 3201 ἐν
2460 3150 2742 3205 ἀκανθῶν
2774 3151 2894 3224 (sic)
2924 3152 3000 3216 ὡς
3040 3154 3237 3226 μηκέτι
3272 3172 3339 3225 με
3384 3156 3802 3227 ταράττεσθαι,

2133 3268 2176 3327 C
2209 3236 2265 3327 εῐ
2290 3255 2419 3292 ποτε
2452 3241 2592 3313 ὁρῶν
2618 3242 2837 3307 ἀσεϐεῖς
2867 3245 3280 3316 ἐπαιρομένους,
3300 3248 3394 3300 καὶ
3423 3248 3505 3318 τῷ
3525 3249 3648 3318 λαῷ
3675 3250 3807 3302 Θεοῦ

2209 3326 2690 3399 ἐπανισταμένους.
2704 3331 2977 3386 Πεπαίδευ
2985 3350 3083 3403 μαι
3100 3332 3207 3407 γὰρ
3223 3336 3406 3388 ὁποῖον
3426 3336 3637 3400 αὐτοὺς
3662 3339 3808 3402 τέλος

2208 3419 2512 3490 περιμένει.

2276 3530 2451 3596 Δεξιὰ
2489 3535 2712 3602 Κυρίου
2738 3535 2988 3604 ἐποίησε
3021 3536 3279 3607 δύναμιν
3298 3577 3314 3602 ,
3369 3539 3553 3605 δεξιὰ
3580 3545 3807 3613 Κυρίου

2205 3623 2418 3693 ὕψωσέ
2453 3643 2565 3694 με,
2606 3627 2776 3691 δεξιὰ
2807 3631 3030 3696 Κυρίου
3057 3629 3308 3699 ἐποίησε
3349 3631 3642 3704 δύναμιν.
3686 3642 3804 3693 Οὐκ

2204 3717 2646 3786 ἀποθανοῦμαι,
2691 3719 2853 3774 ἀλλὰ
2884 3719 3154 3792 ζῆσομαι,
3185 3724 3281 3777 καὶ
3325 3724 3707 3797 διηγήσομαι
3736 3731 3807 3783 τὰ

2203 3808 2346 3877 ἔργα
2372 3811 2611 3879 Κυρίου.
2658 3811 2964 3867 Παιδεύων
2999 3815 3325 3870 ἐπαίδευσέ
3367 3835 3443 3883 με
3486 3823 3523 3873 ὁ
3558 3824 3803 3889 Κύριος,

2202 3901 2283 3968 τῷ
2315 3900 2383 3954 δέ
2414 3901 2647 3967 θανάτῳ
2678 3905 2751 3956 οὐ
2781 3904 3089 3972 παρέδωκέ
3113 3925 3210 3976 με.
3244 3907 3365 3961 Ὅτι
3401 3910 3478 3980 μὴ
3515 3913 3600 3974 είς
3625 3914 3804 3984 ἄχρη-

2206 4007 2328 4046 στον
2361 3994 2410 4046 οἱ
2445 3993 2696 4066 διωγμοὶ,
2747 3993 2864 4048 ἀλλ’
2899 3998 2987 4049 ἐπ’
3045 3998 3281 4070 ὠφελείᾳ
3309 4001 3402 4053 καὶ
3453 4003 3664 4074 δοκιμῇ
3697 4004 3807 4057 τῶν

2201 4085 2655 4155 πεπειρασμένων
2678 4087 2956 4156 γεγόνασι,
2980 4088 3218 4142 διδάσκει
3247 4091 3421 4159 λέγων
3444 4110 3456 4120 ·
3481 4095 3810 4149 Haedui-ur

2199 4175 2522 4230 ἐπαίδευσέ
2546 4195 2623 4246 με
2667 4181 2699 4232 ὀ
2738 4181 2975 4247 Κύριος.
3022 4181 3238 4249 Ἔγνων
3270 4182 3376 4255 γὰρ
3409 4184 3512 4255 τὴν
3551 4187 3806 4258 ἐμαυτοῦ

2200 4265 2504 4332 ἀσθένειαν,
2521 4268 2614 4322 καὶ
2629 4268 2725 4340 τὴν
2742 4272 2805 4323 ἐκ
2821 4270 2956 4324 Θεοῦ
2978 4289 3066 4342 μοι
3089 4275 3530 4344 παρασχεθεέταν
3558 4278 3704 4333 δὺνα
3712 4300 3806 4350 μιν

2200 4357 2300 4410 οὐκ
2341 4359 2605 4430 ἠγνόησα.
2645 4361 3001 4435 Ἐπαιδεύθην
3033 4363 3089 4416 δέ
3131 4366 3289 4418 ὁποία
3321 4385 3403 4430 τις
3448 4364 3520 4438 ἦν
3582 4373 3617 4442 ἡ

2198 4449 2292 4504 τοῦ
2323 4451 2550 4523 Κυρίου,
2584 4454 2617 4524 ἡ
2648 4454 2773 4519 τοὺς
2801 4455 3093 4527 πολεμίους
3122 4459 3530 4515 ταπεινώσασα.

2285 4564 2577 4629 Ἀνοίξατέ
2623 4584 2727 4634 μοι
2778 4568 2979 4634 πύλας
3021 4569 3413 4640 δικαιοσύνης
3437 4614 3453 4638 ,
3489 4578 3809 4632 εἰσελθὼν

521 4648 730 4700 gressus
761 4635 918 4688 ineas
935 4633 1223 4703 conﬁtebor
1242 4632 1469 4689 Domino
1488 4653 1506 4690 :
1546 4638 1658 4691 hwc
1685 4649 1838 4708 porta
1859 4640 2094 4711 Domini,

2215 4657 2269 4710 ir
2319 4657 2529 4724 αὐταῖς
2577 4625 3098 4731 ἐὲομολογήσομαι
3149 4662 3231 4728 τῷ
3549 4670 3719 4738 αὕτη
3766 4674 3801 4739 ἠ

510 4721 652 4788 justi
691 4723 962 4778 intrabunt
1014 4725 1069 4776 in
1115 4741 1249 4780 eam.
1329 4725 1628 4796 Conﬁtebor
1686 4730 1800 4796 tibi,
1848 4735 2096 4802 quoniam

520 4815 787 4872 exaudisti
817 4832 916 4879 me,
946 4827 996 4869 et
1024 4817 1196 4884 factus
1235 4834 1287 4872 es
1318 4819 1446 4872 milii
1485 4820 1539 4874 in
1561 4822 1805 4876 salutem.
1832 4823 2096 4882 Generale

519 4907 944 4978 igituromnium
983 4909 1245 4964 virtutum
1283 4927 1482 4967 nomen
1518 4914 1747 4984 justitiaa
1765 4918 2084 4982 ascribitur,

519 5015 658 5070 quas
715 5001 770 5054 in
815 5002 997 5071 specie
1037 5003 1288 5060 dividens
1339 5006 1611 5078 quispiam
1660 5009 1785 5078 jure
1847 5011 2087 5072 dixerit:

517 5094 732 5162 Aperite
760 5095 886 5147 mihi
920 5105 1102 5163 portas
1123 5095 1371 5164 justitiw,
1398 5106 1583 5168 portas
1609 5101 1736 5156 item
1766 5104 2086 5176 prudentia},

518 5191 574 5241 et
623 5185 958 5254 reliquarum
1008 5187 1310 5244 secundum
1360 5187 1528 5244 Deum
1585 5193 1882 5248 actionum.
1938 5194 2093 5251 Post-

519 5292 680 5344 quam
721 5287 898 5332 autem
946 5287 1134 5348 portas
1189 5296 1378 5336 omnes
1431 5293 1852 5355 praetergressus
1896 5288 2086 5356 fuerit;

517 5368 737 5426 demum
768 5369 824 5422 in
864 5369 1056 5424 intima
1110 5381 1450 5441 sanctorum,
1477 5383 1535 5428 ut
1557 5377 1827 5449 quiSpiam
1868 5380 2087 5449 dixerit,

516 5461 860 5533 perveniens,
898 5477 1009 5517 non
1051 5464 1272 5525 multas,
1326 5465 1422 5520 sed
1451 5482 1614 5521 unam
1639 5470 1840 5524 videbit
1877 5482 2090 5540 portam

518 5549 693 5616 ipsius
715 5549 950 5616 Domini,
985 5568 1083 5626 per
1115 5570 1279 5626 quam
1316 5571 1507 5615 omnes
1530 5557 1664 5627 justi
1695 5560 2087 5631 ingredientur.

517 5638 726 5698 Dixerit
755 5659 918 5714 porro
941 5647 1236 5714 quispiam,
1270 5647 1412 5704 hanc
1438 5649 1683 5704 ultimam
1715 5668 1840 5708 esse
1866 5660 1921 5709 et
1966 5670 2090 5726 pos-

518 5743 746 5792 tremam
790 5745 1027 5808 portam,
1067 5742 1207 5796 ultra
1244 5759 1406 5814 quam
1454 5747 1708 5818 progredi
1760 5767 1872 5806 non
1906 5751 2085 5810 liceat.

585 5889 606 5915 '
648 5887 835 5947 Matth.
874 5907 962 5959 xv,
998 5893 1087 5951 24.

2202 4751 2363 4817 πύλη
2390 4750 2497 4804 τοῦ
2519 4753 2760 4820 Κυρίου,
2781 4752 2996 4806 δίκαιοι
3023 4755 3477 4811 εἰσελεύσονται
3503 4760 3584 4812 ἐν
3611 4763 3798 4830 αὐτῇ.

2215 4840 2761 4913 Ἐξομολογήσομαί
2811 4859 2930 4907 σοι,
2971 4843 3062 4897 ὅτι
3099 4845 3452 4914 ἐπήκουσάς
3491 4869 3659 4918 μου,
3699 4855 3800 4907 zai

2198 4930 2408 5000 ἐγένου
2423 4949 2526 5001 μοι
2558 4935 2645 4999 είς
2669 4935 2991 5003 σωτηρίαν.
3019 4936 3091 4988 Τὸ
3118 4938 3214 5006 μὲν
3243 4935 3337 4990 οὖν
3361 4942 3586 5007 γενικὺν
3615 4945 3799 5014 ὄνομα

2200 5023 2388 5078 πασῶν
2449 5024 2556 5077 τῶν
2609 5026 2820 5097 ἀρετῶν
2872 5031 2939 5099 τῇ
2992 5029 3303 5101 δικαιοσύνῃ
3365 5036 3790 5106 προγράφεται⁸

2199 5117 2319 5168 κατ’
2353 5111 2490 5180 εἶδος
2527 5117 2584 5170 δὲ
2607 5117 2793 5172 λοιπὸν
2819 5120 3044 5193 διαιρῶν
3074 5141 3177 5186 τις,
3212 5125 3356 5177 εἴποι
3389 5126 3685 5195 ἀναλόγως
3712 5130 3793 5186 τέ,

2211 5209 2504 5274 Ἀνοίξατέ
2527 5229 2629 5280 μοι
2655 5214 2851 5279 πύλας
2876 5213 3288 5284 δικαιοσύνης,
3319 5220 3412 5272 καὶ
3442 5220 3625 5286 πύλας
3657 5241 3794 5295 φρο-

2196 5299 2436 5367 νήσεως,
2472 5301 2565 5352 καὶ
2597 5301 2704 5357 τῶν
2753 5303 2955 5357 λοιπῶν
2992 5306 3100 5358 τῶν
3129 5307 3271 5360 κατά
3317 5309 3449 5362 Θεὸν
3497 5314 3787 5384 πράξεωνς

2209 5390 2455 5445 Ἐπειδὰν
2498 5392 2586 5448 διὰ
2643 5395 2830 5447 πασῶν
2885 5397 3128 5469 παρέλθῃ
3181 5399 3290 5455 τῶν
3337 5402 3558 5467 πυλῶν,
3594 5405 3791 5457 λοιπὲν

2192 5480 2284 5533 ἐπὶ
2314 5482 2374 5536 τὸ
2403 5484 2551 5548 τέλος
2597 5486 2726 5550 τῶν,
2759 5488 2834 5552 ὡς
2877 5488 2942 5544 ἃν
2975 5490 3117 5546 εἴποι
3163 5511 3265 5557 τις,
3300 5495 3572 5549 ἐνδοτάτω
3608 5499 3788 5564 ἁγίων

2192 5572 2383 5640 ἐλθὼν,
2417 5575 2600 5630 οὐκέτι
2636 5578 2856 5645 πολλὰς,
2893 5581 3038 5635 arma:
3065 5585 3194 5654 μίαν
3225 5586 3410 5655 ὄψεται
3461 5588 3641 5660 τύλην

2192 5664 2356 5717 αὑτοῦ
2396 5666 2490 5721 τοῦ
2530 5670 2733 5741 Κυρίου
2760 5709 2774 5734 ,
2809 5670 2876 5726 δι’
2919 5667 2988 5745 ἦς
3046 5674 3244 5739 πάντες
3295 5677 3701 5733 εἰσελεύσονται
3733 5681 3787 5734 οξ

2193 5756 2408 5814 δίκαιοι.
2455 5761 2612 5816 Εἴποι
2663 5763 2706 5816 δ’
2741 5763 2805 5817 ἄν
2865 5781 2947 5828 τις
2991 5765 3195 5839 ταύτην
3245 5768 3341 5840 τὴν
3388 5771 3630 5844 ὑστὸῐτην
3685 5776 3786 5826 καὶ
