3992 6404
297 436 437 493 1563

1400 441 1905 500 COMMENTARIA
1936 444 2005 503 IN
2044 446 2382 507 PSALMOS.

3414 454 3557 512 1366

297 556 631 621 τελευταίαν,
664 551 733 629 ἦς
779 557 1035 613 ἐπέκεινα
1066 558 1248 613 οὐκέτι
1275 555 1387 616 οἷόν
1428 581 1489 616 τε
1530 560 1667 619 εἶναι
1706 583 1867 638 προσ-

1976 565 2260 625 Postrema
2297 577 2479 626 autem
2518 569 2737 627 Domini
2774 578 2931 643 porta
2966 572 3130 629 fuerit
3167 575 3556 645 contemplatio

297 646 491 702 ελθεῖν.
526 647 762 718 Ὑστάτη
794 648 855 702 δὲ
906 647 1047 721 πύλη
1090 648 1184 703 τοῦ
1234 652 1507 725 Κυρίουή
1559 653 1762 726 θεωρία
1805 657 1871 711 ἂν

295 740 379 811 είη
402 737 590 803 αὐτοῦ,
613 741 753 794 κατὰ
781 740 862 804 τὸ,
881 741 1172 810 Μακάριοι
1195 744 1247 796 ol
1270 745 1513 798 καθαοοὶ
1538 745 1615 814 τῇ
1637 748 1869 817 καρδίᾳ,

294 831 383 885 ὅτι
418 832 588 885 αὐτοὶ
623 832 731 886 τὸν
766 833 915 886 Θεὸν
943 833 1212 902 ὄψονται.

364 922 557 976 Λίθον
600 922 673 977 ὃν
731 923 1188 994 ἀπεδοκίμασαν
1247 929 1302 981 οἱ
1378 928 1868 1000 οἰκοδομοῦντες·

290 1009 471 1082 οὗτος
492 1016 747 1085 ἐγενήθη
777 1018 864 1082 εἰς
889 1016 1168 1086 κεφαλὴν
1192 1019 1427 1089 γωνίας.
1456 1023 1625 1091 Παρὰ
1650 1025 1870 1093 Κυρίου

290 1108 528 1177 ἐγένετο
561 1110 735 1179 αὕτη,
770 1110 869 1164 καὶ
898 1109 1030 1164 ἔστι
1080 1111 1395 1182 θαυμαστὴ
1435 1114 1505 1167 ἐν
1541 1117 1871 1186 ὀφθαλμοῖς

291 1197 482 1269 ἡμῶν.
537 1200 695 1269 Αὕτη
746 1202 785 1270 ἡ
836 1200 1029 1271 ἡμέρα
1072 1200 1152 1269 ἢν
1192 1203 1485 1272 ἐποίησεν
1534 1208 1566 1259 ό
1616 1208 1867 1276 Κύριος,

290 1292 790 1363 ἀγαλλιασώμεθα
840 1293 941 1347 καὶ
986 1293 1411 1365 εὐφρανθῶμεν
1447 1297 1516 1349 ἐν
1563 1296 1739 1367 αὐτῇ.
1795 1294 1871 1353 Ὦ

290 1385 488 1454 Κύριε,
517 1384 723 1439 σῶσον
754 1384 853 1453 δὴ,
893 1380 940 1439 ὧ
965 1387 1171 1453 Κύριε,
1201 1386 1508 1441 εὐόδωσον
1537 1386 1634 1458 δή.
1676 1391 1869 1443 Εὐλο-

288 1478 548 1547 γημένος
580 1479 612 1532 ό
643 1477 967 1547 ἐρχόμενος
1002 1478 1071 1532 ἐν
1097 1479 1342 1547 ὀνόματι
1368 1481 1613 1548 Κυρίου.
1653 1481 1871 1555 Ἐπειδὴ

288 1566 395 1623 εἶδε
448 1570 548 1640 τῆς
601 1569 923 1642 οἰκουμένης
956 1570 1055 1642 τὴν
1104 1571 1421 1643 εὐεργεσίαν
1470 1573 1565 1626 καὶ
1616 1572 1714 1644 τὴν
1763 1573 1872 1629 τῶν

290 1661 633 1732 πραγμάτων
664 1661 998 1734 μεταϐολὴν,
1046 1663 1139 1717 καὶ
1183 1664 1316 1734 πρὸς
1355 1664 1416 1718 τὸ
1465 1664 1671 1736 βέλτιον
1701 1667 1869 1737 μετά-

291 1768 499 1817 στασιν,
524 1754 835 1824 συγχαίρων
864 1757 977 1818 τοῖς
1004 1756 1335 1810 ἀπολαύουσι
1361 1776 1525 1829 φησιν
1545 1777 1558 1789 ·
1579 1755 1646 1813 Ὦ
1671 1763 1868 1829 Κύριε,

288 1842 498 1900 σῶσον
521 1844 596 1912 δή
616 1862 630 1876 ⁸
659 1842 706 1900 ὦ
742 1847 936 1915 Κύριε,
967 1849 1276 1903 εὐόδωσον
1298 1849 1395 1917 δή.
1441 1852 1719 1917 Τουτέστι,
1755 1854 1871 1907 διά-

290 1954 463 1991 σωσον
500 1938 627 2001 τοὺς
672 1939 1079 2005 ἀπολαύοντας,
1122 1940 1262 1995 ὥστε
1308 1915 1722 2015 ἐμπλησθῆναι,
1776 1947 1875 2000 καὶΔ
1901 1915 1943 1970 Β

288 2031 534 2101 καρποὺς
582 2029 764 2098 ἀξίους
807 2032 1171 2099 διαδείξασθαι
1224 2033 1324 2105 τῆς
1366 2036 1621 2107 χάριτος’
1678 2038 1867 2109 ῥᾳδίαν

284 2125 468 2189 αὐτοῖς
497 2125 721 2196 ποίησον
751 2126 848 2196 τὴν
885 2126 1022 2190 ὁδὸν,
1054 2126 1214 2190 ὥστε,
1264 2128 1399 2198 μετὰ
1446 2129 1507 2185 τὸ
1551 2133 1754 2201 τυχεῖν,
1793 2132 1867 2203 μὴ

284 2218 542 2271 ἐκπεσεῖν
571 2216 678 2269 τῶν
706 2217 959 2272 τοιούτων
991 2218 1193 2271 καλῶν.

358 2307 795 2378 Εὑλογήκαμεν
841 2308 998 2379 ὑμᾶς
1042 2310 1113 2375 ἐξ
1168 2311 1345 2365 οἴκου
1401 2314 1624 2382 Κυρίου
1652 2353 1669 2379 ,
1723 2314 1868 2383 Θεὸς

286 2402 499 2469 Κύριος
552 2399 649 2454 καὶ
697 2400 999 2470 ἐπέφανεν
1044 2402 1208 2473 ἡμῖν.
1275 2401 1696 2475 Ὀμολογοῦντες
1719 2448 1734 2473 ,
1785 2409 1867 2462 ὅτι

284 2492 456 2547 ταῦτα
496 2493 680 2557 αὐτοῖς
712 2492 885 2557 οὐδεὶς
907 2494 1067 2558 ἄλλος
1098 2494 1130 2565 ἢ
1155 2495 1316 2560 αὐτὸς
1334 2498 1376 2550 6.
1399 2497 1603 2569 Κύριος
1628 2499 1877 2570 ὲπέφανέ,

282 2590 345 2639 τε
381 2587 475 2639 καὶ
504 2585 700 2651 {lisias-
744 2585 824 2639 διό
858 2603 1042 2652 φασιν,
1084 2588 1520 2659 Εὑλογήκαμεν
1569 2588 1873 2661 ὑμᾶςἐὂτιο

284 2678 522 2748 ὲπέφανε
577 2679 677 2751 τὴν
722 2678 995 2750 ὑμετέραν
1039 2679 1221 2745 δείξας
1265 2682 1558 2754 σωτηρίαν.
1608 2683 1868 2751 Ἐπευξά-

287 2786 437 2839 μενοι
492 2769 588 2823 καὶ
642 2769 710 2823 τὰ
766 2769 1031 2840 μέλλοντα
1073 2770 1566 2844 προθεωρήσαντες
1604 2774 1682 2846 τῷ
1726 2776 1869 2847 ἁγίῳ

284 2861 562 2933 Πνεύματι
592 2861 661 2915 τὰ
694 2862 1030 2933 προκείμενα
1070 2863 1128 2915 oi
1165 2864 1465 2935 προφῆται,
1505 2866 1867 2939 μακαρίζουσι

283 2954 410 3017 τοὺς
444 2952 750 3025 μέλλοντας
780 2953 892 3008 τῶν
921 2954 1381 3026 ἀποτελεσμάτων
1424 2959 1555 3013 ποτὲ
1583 2959 1870 3027 καταξιοῦ-

286 3045 430 3099 σθαι.
476 3044 882 3113 Συστήσασθε
907 3045 1140 3116 ’ἑορτὴν
1190 3046 1262 3101 ἐν
1323 3048 1449 3116 τοῖς
1494 3051 1870 3113 πυκάζουσιν

281 3138 392 3205 ἕως
428 3136 546 3193 τῶν
590 3139 852 3207 κεράτων
883 3138 989 3194 τοῦ
1021 3142 1486 3210 θυσιαστηρίου,
1530 3147 1689 3216 ὑμεῖς
1725 3147 1774 3199 οἱ
1809 3147 1868 3215 ἐξ

1975 661 2119 729 ejus,
2150 663 2455 717 secundum
2486 663 2622 719 illud
2655 683 2668 719 :
2700 664 2856 719 Beati
2885 665 3078 720 mundo
3102 664 3277 733 corde,
3302 670 3554 736 quoniam

1975 753 2077 820 ipsi
2098 753 2269 808 Deum
2290 754 2533 810 videbunt
2551 755 2592 811 ⁸.

2045 933 2213 992 Vens.
2241 936 2423 992 22-26.
2462 937 2737 1007 Lapidem,
2769 954 2920 1008 quem
2960 937 3365 1005 reprobaverunt
3417 934 3550 990 trdi-

1973 1029 2230 1097 ﬁcanles,
2262 1029 2346 1083 hic
2381 1030 2558 1099 factus
2595 1042 2671 1084 est
2702 1032 2757 1085 in
2810 1041 2966 1099 caput
3004 1031 3209 1100 anguli.
3254 1031 3296 1082 Α
3326 1028 3561 1083 Domino

1974 1120 2174 1188 factum
2199 1130 2277 1176 est
2320 1122 2487 1189 istud,
2516 1130 2565 1176 et
2595 1131 2672 1176 est
2727 1121 2970 1175 mirabile
3027 1122 3081 1173 in
3121 1120 3287 1174 oculis
3334 1120 3554 1175 nostris.

1976 1212 2106 1267 Ha'c
2136 1215 2247 1267 dies
2275 1231 2433 1283 quam
2457 1214 2579 1283 fecit
2601 1213 2881 1278 Dominus,
2899 1213 3220 1268 exsultemus
3245 1222 3293 1266 et
3317 1213 3555 1267 laetemur

1973 1307 2137 1360 inea.
2191 1304 2235 1360 0
2270 1305 2512 1371 Domine,
2571 1305 2741 1369 salua,
2799 1321 2976 1374 quwso
3006 1321 3023 1359 :
3053 1321 3082 1358 ο
3133 1303 3371 1366 Domine,
3431 1303 3554 1357 bene

1971 1412 2282 1466 prosperare
2304 1397 2411 1466 fac,
2438 1413 2657 1465 quazso;
2675 1396 2970 1451 benedictus
2996 1397 3084 1467 qui
3106 1396 3242 1450 venit
3269 1396 3322 1449 in
3346 1399 3555 1448 nomine

1972 1487 2211 1541 Domini.
2267 1486 2549 1553 Quoniam
2594 1485 2816 1541 videbat
2882 1485 3206 1541 beneﬁcium
3255 1485 3308 1538 in
3363 1485 3554 1539 urbem

1973 1589 2132 1634 teme
2164 1577 2556 1635 conferendum
2583 1617 2599 1644 ,
2642 1592 2939 1647 rerumque
2972 1577 3333 1632 mutationem
3386 1590 3451 1631 ac
3496 1576 3555 1630 in

1972 1672 2171 1727 melius
2215 1671 2653 1735 conversionem,
2696 1670 2800 1725 hoc
2836 1671 2982 1726 bono
3012 1668 3321 1725 {ruentibus
3365 1675 3556 1738 gratu-

1972 1762 2095 1818 lans
2134 1764 2210 1817 ait
2236 1782 2248 1817 :
2278 1761 2322 1817 0
2355 1761 2595 1825 Domine,
2627 1760 2796 1825 salva,
2828 1776 3040 1831 quaeso;
3085 1777 3116 1815 ο
3143 1758 3387 1823 Domine,
3430 1758 3556 1812 bene

1972 1870 2280 1923 prosperare
2309 1854 2418 1922 fac,
2453 1870 2653 1925 quwso.
2675 1853 2731 1908 Id
2759 1860 2863 1917 est,
2902 1867 3169 1909 conserva
3200 1852 3323 1906 illos
3343 1851 3435 1921 qui
3466 1850 3555 1905 his

1974 1946 2254 2012 fruuntur,
2289 1946 2365 2001 ita
2405 1952 2467 2000 ut
2515 1945 2850 2016 repleantur,
2913 1953 2967 2001 et
3024 1945 3239 1999 fructus
3271 1943 3443 2015 gratia
3470 1940 3557 1997 di-

1974 2056 2112 2112 gnos
2132 2040 2429 2097 exhibeant
2459 2055 2472 2092 :
2508 2038 2723 2093 facilem
2756 2038 2893 2108 ipsis
2923 2039 3065 2093 viam
3112 2052 3265 2107 para,
3313 2044 3373 2090 ut
3404 2043 3556 2106 post-

1972 2149 2137 2204 quam
2174 2133 2291 2188 haec
2343 2132 2627 2189 consecuti
2677 2130 2900 2195 fuerint,
2957 2145 2988 2183 a
3042 2130 3243 2184 talibus
3281 2127 3441 2183 bonis
3485 2142 3556 2182 ne

1971 2226 2249 2282 excidant.

2044 2319 2211 2375 Vens.
2239 2319 2333 2375 27.
2391 2317 2765 2373 Benediximus
2796 2316 2941 2370 vobis
2997 2314 3062 2368 de
3090 2312 3244 2366 domo
3288 2310 3500 2365 Domini
3532 2325 3553 2364 :

1972 2411 2114 2467 Deus
2156 2410 2416 2465 Dominus
2462 2419 2514 2464 et
2562 2410 2744 2464 illuxit
2783 2408 2954 2462 nobis.
3002 2404 3341 2462 Conﬁtentes
3379 2402 3556 2457 nemi-

1972 2517 2096 2557 nem
2122 2502 2292 2557 alium
2326 2516 2492 2571 quam
2523 2501 2707 2573 ipsum
2733 2499 3027 2555 Dominum
3055 2497 3170 2551 haec
3200 2495 3335 2565 ipsis
3364 2502 3555 2553 OSlCIh

1970 2597 2121 2653 disse
2151 2611 2216 2651 ac
2243 2595 2582 2662 exhibuisse,
2615 2608 2786 2665 quare
2819 2593 3013 2648 dicunt
3033 2606 3047 2643 :
3066 2588 3559 2645 Benediximuseos.

1971 2688 2072 2755 bis,
2098 2688 2227 2759 quia
2265 2688 2445 2743 illuxit
2490 2694 2729 2743 vestram
2776 2686 3009 2742 salutem
3041 2682 3362 2739 ostendens.
3395 2679 3556 2735 Post-

1970 2796 2134 2851 quam
2186 2787 2370 2836 autem
2405 2785 2703 2835 oraverunt
2740 2785 2796 2834 et
2838 2777 2895 2831 in
2935 2774 3145 2847 Spiritu
3197 2778 3389 2828 sancto
3438 2771 3554 2825 hau:

1969 2874 2154 2927 futura
2197 2877 2598 2943 prospexerant
2660 2868 2961 2941 prophetas,
3012 2867 3205 2922 beatos
3251 2862 3554 2936 praedicant

1969 2981 2064 3021 eos
2100 2966 2194 3037 qui
2231 2964 2428 3020 horum
2461 2962 2622 3019 ﬁnem
2653 2970 2709 3018 et
2753 2959 3007 3017 effectum
3041 2956 3333 3029 aliquando
3362 2968 3555 3011 conse-

1968 3056 2149 3113 cuturi
2178 3066 2327 3113 sunt.
2363 3055 2687 3111 Constituite
2714 3054 2853 3109 diem
2879 3050 3163 3107 solemnem
3191 3050 3246 3103 in
3276 3046 3550 3103 condensis

1969 3166 2133 3221 usque
2165 3149 2236 3203 ad
2282 3165 2483 3203 cornua
2514 3148 2730 3212 altaris,
2784 3160 2883 3202 vos
2921 3161 2991 3201 ex
3039 3142 3297 3215 gentibus
3340 3141 3433 3212 qui
3492 3140 3552 3193 in

282 3229 451 3284 ἐθνῶν
485 3233 543 3284 ὲν
574 3234 686 3296 τοῖς
732 3230 1055 3295 πυκάζουσι.
1092 3230 1262 3285 Τοῦτο
1295 3233 1353 3286 δὲ
1399 3237 1427 3288 6
1482 3236 1580 3306 μὲν
1632 3237 1866 3302 Ἀκύλας

1974 3243 2265 3297 condensis
2293 3242 2450 3297 estis.
2471 3240 2587 3295 Hoc
2617 3247 2799 3295 autem
2825 3238 2906 3294 sic
2933 3236 3129 3308 Aquila
3158 3235 3551 3304 interpretatus

282 3323 626 3395 ήρμήνευσεν
658 3322 855 3376 εἰπών·
888 3322 1123 3391 Δήσατε
1159 3324 1378 3395 ἑορτὴν
1405 3327 1476 3381 ἐν
1505 3329 1827 3398 πιμελέσιν
1848 3348 1861 3360 '

280 3412 312 3464 6
340 3412 397 3465 δὲ
425 3412 753 3484 Σύμμαχος·
801 3414 1157 3483 Συνὸήσατε
1197 3416 1267 3470 ἐν
1304 3418 1635 3487 πανηγύρει
1678 3419 1867 3475 πυκά-

280 3520 488 3575 σματα
505 3505 612 3572 ἕως
635 3505 753 3560 τῶν
780 3507 1044 3577 κεράτων
1064 3508 1170 3563 τοῦ
1203 3511 1659 3579 θυσιαστηρίου.
1690 3513 1866 3584 Προσ-

281 3597 536 3652 τάττειλδὲ
563 3598 652 3653 ﬁdi
679 3598 885 3653 τούτων
917 3600 1130 3665 πολλοῖς
1164 3600 1471 3673 κειμηλίοις
1503 3602 1876 3676 πληροῦντὸν·

280 3685 428 3745 οἶκον
464 3690 557 3744 τοῦ
605 3690 740 3745 Θεοῦ
787 3692 882 3747 καὶ
925 3693 1241 3764 ἀναθήμασι
1286 3696 1521 3759 πυκνοῖς
1565 3698 1873 3767 στεφανοῦν

282 3781 444 3835 αὐτὸν
470 3782 612 3836 κατὰ
641 3786 768 3847 τοὺς
791 3783 900 3837 τῶν
928 3783 1132 3856 ἑορτῶν
1156 3785 1405 3857 καιρούς.

354 3876 496 3942 Oed;-
526 3894 645 3946 μου
673 3876 728 3931 εἷ
759 3876 863 3942 σὺ,
889 3878 985 3931 καὶ
1015 3877 1536 3949 ἐξομολογηὶσομαί
1561 3896 1690 3935 σοι’
1721 3882 1865 3949 Θεός

274 3990 394 4045 μου
427 3969 485 4028 εἷ
518 3972 621 4036 σὺ,
648 3973 747 4026 καὶ
772 3971 998 4042 ὑψώσω
1026 3990 1120 4028 σε.
1149 3976 1553 4047 Προστάττεται
1583 3977 1640 4031 δὲ
1672 3980 1700 4032 6
1730 3995 1863 4047 συγ-

281 4065 568 4139 κροτηθεὶς
594 4064 653 4118 ὲν
694 4064 915 4137 Χριστῷ
946 4066 1072 4130 λαὸς
1113 4069 1178 4121 ὲκ
1203 4085 1261 4122 τε
1292 4068 1387 4121 τοῦ
1426 4070 1641 4143 Ἰσραὴλ
1676 4073 1771 4125 καὶ
1801 4075 1864 4127 ἐκ

280 4158 374 4213 τοῦ
406 4158 555 4212 οἴκου
602 4156 831 4230 Ἀαρὼν,
866 4160 961 4212 καὶ
1006 4160 1072 4212 ὲκ
1100 4160 1208 4215 τῶν
1240 4160 1590 4232 φοϐουμένων
1620 4162 1711 4217 τὸν
1750 4164 1862 4216 Κύλ

283 4269 397 4325 ριον
448 4250 884 4323 ἐξομολογεῖσθαι
918 4252 1011 4305 καὶ
1052 4251 1231 4321 λέγειν
1274 4255 1330 4307 ὲν
1362 4256 1428 4325 τῇ
1478 4253 1862 4326 ἐξομολογήσει

280 4342 361 4406 τὸ,
392 4344 537 4409 θεός
574 4361 695 4413 μου
737 4339 797 4397 εἷ
844 4343 961 4408 σὺ,
1010 4344 1107 4398 καὶ
1159 4344 1685 4415 ἐξομολογήσομαί
1726 4363 1859 4400 σοι’

282 4436 426 4501 Θεός
451 4453 570 4504 μου
593 4432 653 4489 εἴ
674 4435 777 4501 σὺ,
806 4436 907 4489 καὶ
929 4435 1155 4505 ὑψώσω
1182 4453 1276 4491 σε.
1310 4437 1864 4509 Ἐξομολογήσομιιί

280 4543 398 4588 σοι,
432 4526 522 4580 ὅτι
546 4527 897 4595 ἐπήκουσάς
918 4547 1038 4597 μου
1057 4568 1071 4591 ,
1107 4529 1207 4582 καὶ
1251 4529 1469 4600 ἐγένου
1489 4549 1592 4600 μοι
1622 4534 1708 4598 εἰς
1746 4549 1862 4587 σω-

279 4620 511 4687 τηρίαν.
543 4621 662 4674 Τίνι
690 4620 749 4674 δὲ
777 4620 951 4675 ταῦτα
992 4620 1196 4692 λέγειῆ
1232 4621 1310 4693 τῷ
1342 4623 1601 4696 ἀνωτέρω
1630 4624 1861 4696 δεδηλω-
1894 4602 1937 4659 Ῑ)

285 4711 433 4782 μένῳ
480 4711 669 4783 Κυρίῳ
706 4710 785 4783 τῷ
832 4712 927 4766 καὶ
974 4713 1050 4766 ὲκ·
1082 4712 1312 4784 θλίψεως
1347 4715 1637 4786 ῥυσαμένῳ
1673 4716 1856 4779 αὑτὸν,

280 4803 360 4874 τῷ
398 4805 494 4858 καὶ
541 4806 670 4868 τοὺς
701 4803 935 4876 ἐχθροὺς·
959 4804 1126 4859 αὐτοῦ
1184 4804 1601 4871 ταπεινώσαντι,
1639 4806 1716 4877 τῷ
1762 4807 1858 4861 καί

281 4895 370 4949 τὸν
422 4895 569 4949 λίθον
619 4895 711 4948 τὸν
771 4895 1154 4967 ἀποϐληθέντα
1207 4897 1346 4967 πρὸς
1404 4897 1513 4950 τῶν
1557 4899 1858 4971 οἰκοδόμων

282 4985 579 5057 ὑψώσαντι,
614 4986 691 5057 τῷ
719 4987 815 5041 καὶ
854 4987 1181 5043 εὑοδώσαντι
1224 4990 1319 5043 καὶ
1352 4989 1585 5044 σώσαντι
1623 4992 1749 5056 τοὺς
1784 4996 1864 5058 εἰς

280 5079 441 5133 αὐτὸν
486 5078 858 5143 πιστεύοντας.
898 5080 1384 5152 Ἐξομολογεῖσθε
1426 5081 1508 5147 τῷ
1540 5084 1736 5151 Κυρίῳ
1774 5084 1865 5138 ὅτι

279 5169 520 5239 ἀγαθὸς,
556 5170 646 5223 ὅτι
677 5173 762 5236 εὶς
790 5170 898 5225 τὸν
917 5170 1107 5225 αἰῶνα
1131 5172 1198 5225 τὸ
1230 5172 1404 5239 ἔλεος
1435 5174 1644 5229 αὐτοῦ.

772 5288 1194 5342 ΑΛΛΗΛΟΥΙΑ.
1213 5289 1332 5341 ΡῙΗ

348 5377 638 5446 Μακάριοι
677 5382 732 5433 οἱ
753 5380 978 5449 ἄμωμοι
1007 5382 1077 5434 ἐν
1108 5379 1185 5449 τῇ
1218 5379 1355 5445 ὀδῷ,
1384 5382 1439 5434 οἱ
1473 5382 1863 5450 πορευόμενοι

279 5470 347 5524 ἐν
391 5472 552 5540 νόμῳ
606 5473 850 5540 Κυρίου.
888 5472 1173 5541 Μακάριοι
1206 5476 1259 5527 οὶ
1302 5470 1734 5541 ἐξερευνῶντες
1788 5472 1863 5527 τὰ

274 5563 567 5629 μαρτύρια
602 5562 808 5627 αὐτοῦ,
837 5564 907 5616 ἐν
935 5564 1045 5632 ὅλῃ
1076 5565 1148 5633 τῇ
1186 5564 1397 5633 καρδίᾳ
1423 5562 1860 5633 ἐκζεητήσουσιν

279 5652 486 5706 αὐτόν.
514 5655 594 5707 Οὐ
619 5654 730 5722 γὰρ
748 5658 801 5708 οὶ
824 5655 1196 5725 ἐργαζόμενοι
1219 5656 1334 5725 τὴν
1357 5658 1613 5726 ἀνομίαν
1635 5656 1705 5711 ἐν
1727 5656 1858 5722 ταῖς

282 5742 444 5809 ὁδοῖς
472 5745 660 5799 αὑτοῦ
702 5746 1140 5819 ἐπορεύθησαν.
1183 5749 1266 5805 Σὺ
1300 5749 1577 5804 ἐνετείλω
1621 5748 1729 5815 τὰς
1760 5748 1854 5803 ὲνι

352 5898 376 5929 ⁸
412 5897 597 5959 Matth.
633 5918 695 5968 ν,
725 5901 775 5959 8.

1966 3342 2051 3390 est
2085 3355 2098 3389 :
2131 3332 2318 3403 Ligate
2348 3332 2738 3387 solemnitatem
2769 3329 2826 3384 in
2847 3326 3158 3399 pinguibus;
3189 3322 3554 3397 Symmachus

1966 3442 2097 3482 vero
2130 3446 2145 3480 :
2176 3425 2444 3496 Colligate
2484 3425 2539 3479 in
2567 3422 2872 3478 celebritate
2920 3420 3232 3484 densitates,
3282 3431 3448 3485 usque
3480 3412 3563 3479 ad,

1966 3533 2167 3571 cornua
2190 3516 2404 3571 altaris.
2434 3512 2533 3571 His
2558 3520 2743 3569 autem
2791 3510 3063 3583 praecipit,
3098 3505 3290 3562 multis
3318 3505 3551 3560 cimeliis

1966 3609 2188 3665 domum
2231 3607 2329 3666 Dei
2374 3608 2615 3679 replere,
2660 3614 2825 3676 atque
2874 3602 3124 3660 donariis
3168 3597 3550 3667 frequentibus

1964 3702 2139 3773 ipsam
2176 3700 2518 3773 temporibus
2555 3698 2965 3759 solemnitatum
3000 3705 3285 3750 coronare.

2042 3884 2204 3940 Vens.
2235 3882 2326 3947 28,
2358 3881 2451 3936 29.
2483 3881 2620 3935 Deus
2653 3895 2797 3933 meus
2826 3895 2881 3933 es
2909 3885 2987 3943 tu,
3017 3884 3069 3934 et
3094 3873 3383 3946 conﬁtebor
3417 3872 3550 3927 tibi:

1965 3978 2109 4033 Deus
2140 3994 2284 4032 meus
2313 3993 2366 4030 es
2395 3986 2472 4039 tu,
2508 3983 2559 4029 et
2591 3970 2838 4027 exaltabo
2870 3979 2938 4026 te.
2982 3969 3229 4041 Populus
3259 3985 3325 4024 ex
3356 3967 3548 4035 Israel,

1964 4084 2030 4122 ex
2059 4068 2223 4123 domo
2245 4066 2430 4120 Aaron
2448 4073 2503 4120 et
2529 4078 2595 4119 ex
2626 4063 2947 4119 timentibus
2971 4060 3282 4123 Dominum,
3314 4059 3551 4115 inChri-

1964 4172 2051 4217 sto
2094 4165 2480 4231 congregatus,
2508 4157 2735 4227 jubetur
2771 4154 3024 4210 conﬁteri
3058 4168 3125 4209 ac
3151 4154 3374 4209 dicere:
3408 4151 3548 4205 Deus

1963 4269 2107 4307 meus
2136 4269 2190 4307 es
2221 4260 2297 4316 tu,
2340 4261 2391 4305 et
2433 4247 2720 4318 conﬁtebor
2760 4248 2894 4301 tibi:
2922 4247 3061 4302 Deus
3106 4246 3352 4301 menses
3390 4254 3465 4307 tu,
3498 4252 3549 4297 et

1961 4344 2209 4401 exaltabo
2240 4354 2307 4400 te.
2348 4342 2654 4413 Conﬁtebor
2685 4342 2798 4405 tibi,
2844 4341 3096 4412 quoniam
3133 4338 3403 4392 exaudisti
3441 4355 3544 4399 me,

1961 4452 2012 4495 et
2043 4440 2216 4509 factus
2254 4455 2307 4492 es
2347 4436 2478 4490 mihi
2520 4437 2577 4490 in
2603 4436 2851 4489 salutem.
2884 4433 2986 4489 Cui
3033 4446 3196 4501 porro
3222 4430 3339 4485 haec
3386 4428 3542 4489 dicit,

1963 4534 2070 4590 nisi
2121 4531 2350 4586 Domino
2390 4529 2645 4600 superius
2704 4528 3006 4591 declarato,
3062 4526 3156 4596 qui
3203 4523 3271 4578 de
3315 4520 3545 4577 tribula-

1967 4626 2115 4679 tione
2158 4623 2336 4695 ipsum
2366 4620 2636 4685 liberavit,
2663 4620 2757 4690 qui
2803 4619 2969 4674 etiam
3009 4617 3262 4672 inimicos
3301 4613 3421 4684 ejus
3450 4613 3548 4668 de—
3614 4654 3619 4659 .

1966 4718 2189 4790 pressit,
2230 4714 2323 4787 qui
2366 4714 2716 4783 reprobatum
2767 4711 2836 4766 ab
2866 4708 3265 4765 mdiﬁcantibus
3310 4703 3544 4774 lapidem

1967 4809 2246 4876 exaltavit,
2278 4806 2369 4878 qui
2404 4804 2603 4861 ﬁdeles
2626 4819 2756 4860 suos
2790 4803 2929 4856 bene
2972 4812 3296 4870 prosperare
3338 4794 3467 4850 fecit
3492 4800 3547 4847 et

1969 4903 2144 4959 salute
2173 4899 2417 4956 donavit.
2445 4896 2783 4966 Gonﬁtemini
2815 4894 3040 4948 Domino
3075 4890 3323 4962 quoniam
3356 4886 3543 4951 bonus,

1964 4996 2211 5066 quoniam
2243 4994 2298 5047 in
2325 4991 2576 5047 saeculum
2603 4985 2969 5043 misericordia
2990 4985 3126 5055 ejus.

2446 5271 2811 5328 ALLELUIA.
2848 5267 3080 5326 CXVIII.

2034 5372 2205 5429 Vens.
2249 5369 2391 5425 1-8.
2432 5367 2585 5421 Beati
2633 5364 2967 5420 immaculati
2996 5364 3051 5416 in
3094 5378 3197 5423 ina,
3232 5376 3320 5429 qui
3352 5356 3543 5410 ambu-

1965 5469 2079 5523 lant
2112 5469 2167 5521 in
2200 5466 2305 5535 lege
2336 5462 2569 5518 Domini.
2604 5460 2757 5515 Beati
2795 5460 2885 5529 qui
2913 5464 3219 5511 scrutantur
3243 5452 3544 5507 testimonia

1959 5562 2096 5631 ejus,
2130 5561 2185 5613 in
2211 5568 2318 5612 toto
2346 5556 2501 5611 corde
2526 5555 2798 5625 exquirant
2818 5568 2957 5607 eum.
2988 5548 3112 5603 Non
3137 5548 3276 5601 enim
3303 5546 3392 5617 qui
3422 5560 3547 5613 ope-

1961 5663 2154 5707 rantur
2198 5650 2563 5722 iniquitatem,
2605 5647 2662 5700 in
2700 5645 2794 5699 viis
2839 5643 2951 5712 ejus
2995 5638 3413 5695 ambulauerunt.
3465 5634 3544 5688 Tu

1963 5744 2241 5801 mandasti-
2265 5742 2519 5798 mandata
2552 5750 2642 5794 tua
2663 5736 2924 5793 custodiri
2953 5733 3129 5790 nimis.
3166 5729 3378 5791 Utinam
3408 5728 3548 5783 diri-
