3992 6404
446 402 582 467 1567

1146 402 1417 461 EUSEBII
1455 398 1936 459 CASSARIENSIS
1969 396 2120 455 OPP.
2162 393 2343 449 PARS
2384 391 2475 448 Ill.
2512 420 2583 434 —
2623 386 3033 445 EXEGETICA.

3580 376 3746 434 i368

442 540 636 605 gantur
661 530 757 585 vite
782 527 850 583 ad
876 525 1247 582 custodiendas
1264 524 1676 595 iustiﬁcationes
1709 534 1848 575 tuas.
1876 519 2023 573 Tunc

2159 512 2300 579 ολάς
2331 528 2447 566 σου
2481 507 2867 579 φυλάξασθαι
2921 501 3177 572 σφόδρα.
3206 500 3469 568 Ὣφελον
3496 506 3743 549 κατευέ

443 639 549 677 non
586 620 906 691 confundar,
944 635 1062 673 cum
1092 633 1367 687 respexero
1398 618 1577 671 omnia
1610 614 1865 668 mandata
1905 624 2020 665 tua.

446 713 751 783 Conﬁtebor
786 712 880 765 tibi
912 712 965 765 in
999 710 1308 766 rectitudine
1346 708 1542 771 cordis,
1572 706 1708 777 quod
1750 705 2027 757 didicerim

447 806 652 859 iudicia
692 805 920 874 justitia:
950 813 1068 858 tum.
1100 802 1520 871 Justi/icationes
1557 810 1676 853 tuas
1710 797 2023 861 custodiam,

448 912 555 949 non
592 911 672 948 me
716 895 1047 964 derelinquas
1092 909 1480 963 usquequaque.
1519 890 1852 943 lmmarulati
1895 903 2029 941 sane

449 984 655 1039 fuerint
677 985 769 1054 qui
798 984 1020 1054 perfecti
1053 994 1183 1039 sunt
1212 984 1268 1038 in
1290 984 1397 1047 via,
1433 999 1572 1053 quos
1613 983 1798 1034 beatOs
1830 981 2027 1050 praedi-

451 1092 578 1131 care
634 1076 864 1131 docetur
920 1078 967 1132 is
1014 1078 1109 1147 qui
1158 1078 1212 1131 in
1263 1076 1573 1131 divinarum
1614 1075 2027 1143 disciplinarum

451 1166 741 1237 principiis
774 1176 829 1221 et
872 1166 1199 1222 rudimentis
1227 1174 1519 1233 versatur;
1550 1180 1619 1219 ne
1649 1166 1765 1234 ipse
1810 1163 2030 1217 inﬂatus

451 1268 784 1313 nocumento
818 1260 1103 1326 aliiciatur,
1140 1270 1199 1314 ut
1233 1262 1345 1331 jam
1380 1274 1439 1315 se
1470 1260 1688 1313 beatum
1720 1256 2028 1319 mstimans;

454 1350 549 1404 sed
580 1361 841 1421 agnoscat
871 1367 930 1406 se
960 1356 1145 1422 procul
1184 1353 1375 1408 abesse
1401 1352 1469 1405 ab
1508 1351 1577 1404 iis
1600 1350 1690 1419 qui
1722 1348 1866 1402 beati
1893 1362 2031 1416 pra:-

453 1441 729 1498 dicantur.
783 1444 934 1498 Beati
977 1446 1067 1514 qui
1105 1454 1413 1499 scrutantur
1457 1442 1754 1497 testimonia
1798 1440 1934 1508 ejus,
1977 1440 2033 1491 in

456 1542 564 1586 toto
594 1534 748 1589 corde
772 1538 1043 1606 exquirent
1086 1553 1223 1591 eum.
1259 1535 1336 1590 De
1368 1534 1701 1590 testimoniis
1724 1534 1833 1602 jam
1861 1531 2035 1585 disse-

453 1626 709 1681 ruimus:
744 1628 831 1681 via
874 1628 1039 1698 igitur
1070 1628 1386 1698 hujusmodi
1429 1627 1871 1683 testimoniorum
1918 1624 2036 1677 fue-

453 1717 550 1779 rit,
601 1719 903 1772 secundum
950 1735 1140 1773 eorum
1191 1727 1428 1773 mentem
1475 1717 1766 1787 progredi,
1811 1730 1922 1769 non
1969 1729 2035 1768 ex

456 1807 701 1869 tristitia,
728 1819 821 1862 aut
851 1827 917 1865 ex
958 1811 1317 1875 necessitate;
1354 1808 1451 1865 sed
1480 1824 1605 1863 cum
1648 1808 1793 1861 omni
1830 1806 2034 1867 latitia,

2126 606 2495 671 θυνθείησαν
2524 605 2581 656 αἱ
2615 600 2742 655 ὁδοί
2784 616 2903 668 μου
2937 596 3043 650 τοῦ
3088 592 3476 664 φυλάξασθαι
3512 590 3595 641 τὰ
3646 585 3747 639 δι·-

2126 696 2428 767 καιώματά
2456 711 2592 750 σου.
2629 695 2768 748 Τότε
2793 694 2905 746 οὐκ
2932 688 3240 758 αὶσχυνθῶ
3266 687 3335 740 ἐν
3368 684 3449 749 τῷ
3480 701 3562 752 με
3598 682 3744 734 ἐπιρ

2129 791 2372 846 ϐλέπειν
2401 788 2499 841 ἐπὶ
2545 786 2746 852 πάσας
2777 784 2887 850 τὰς
2926 780 3173 845 ἐντολάς
3216 792 3352 831 σου.
3395 776 3741 843 Ἐξομολο-

2126 880 2391 951 γήσομαι
2420 894 2519 932 σοι
2575 878 2643 929 ἐν
2670 876 2950 941 sacoma
2999 870 3265 939 καρδίας,
3307 869 3375 921 ἐν
3405 865 3489 931 τῷ
3527 880 3741 934 μεμα-

2130 972 2376 1040 θηκέναι
2404 988 2480 1039 με
2508 970 2579 1023 τὰ
2602 969 2854 1036 κρίματα
2889 964 2999 1033 τῆς
3025 962 3415 1028 δικαιοσύνης
3456 974 3609 1013 σου.
3659 958 3743 1011 Τὰ
3776 990 3793 999 ο

2130 1061 2491 1132 δικαιώματὰ
2522 1078 2638 1114 σου
2669 1058 2937 1128 φυλάξω,
2964 1056 3048 1126 μή
3069 1073 3144 1126 με
3167 1051 3587 1124 inritata.”an
3618 1048 3743 1112 ἕως

2129 1157 2385 1226 σφόδρα.
2420 1156 2675 1223 ’Ἃμωμοι
2703 1151 2746 1203 δ’
2784 1150 2849 1203 ἂν
2896 1145 3006 1202 εἶεν
3047 1148 3140 1201 καὶ
3175 1148 3225 1199 οἱ
3265 1144 3458 1197 τέλειοι
3502 1144 3565 1194 ὲν
3600 1138 3745 1210 ὁδῷ,

2132 1250 2224 1314 οὒς
2258 1249 2350 1301 καὶ
2380 1246 2682 1317 μακαρίους
2704 1242 3027 1312 ἀποφαίνειν
3056 1240 3362 1293 διδάσκεται
3383 1237 3411 1289 ὁ
3440 1236 3501 1287 ὲν
3525 1234 3747 1302 ἀρχαῖς

2133 1342 2418 1412 τυγχάνων
2444 1338 2552 1391 τῶν
2581 1337 2741 1389 θείων
2787 1333 3153 1405 μαθημάτων
3188 1330 3263 1393 ὡς
3301 1329 3365 1382 ἂν
3404 1327 3478 1397 μὴ
3512 1320 3753 1392 strepi-

2136 1437 2281 1487 ὅοιτο
2310 1432 2471 1493 αὐτὸς
2499 1428 2887 1499 χαυνούμενος,
2915 1426 2988 1487 ὡς
3015 1424 3116 1494 ἥδη
3151 1420 3415 1491 μακάριος
3436 1435 3448 1447 ·
3472 1413 3755 1485 γινώσκῃ

2134 1527 2210 1589 δὲ,
2244 1527 2326 1578 ὄτι
2375 1523 2562 1594 μακρὰ
2597 1521 2897 1590 ἀφυστερεῖ
2923 1516 3030 1569 τῶν
3076 1510 3561 1584 μακαριζομένων.
3610 1509 3755 1559 Ma-

2135 1616 2327 1683 κάριοι
2387 1616 2441 1666 οἱ
2486 1608 2917 1677 ἐξερευνῶντες
2956 1605 3029 1657 τὰ
3070 1603 3363 1672 μαρτύρια
3394 1595 3637 1657 αὑτοῦ,
3674 1595 3757 1646 ὲν

2138 1707 2249 1775 ὅλῃ
2295 1704 2369 1773 τῇ
2420 1702 2633 1771 καρδίᾳ
2683 1697 3120 1765 ἐκζητήσουσιν
3174 1694 3377 1747 αὐτόν.
3430 1687 3578 1759 Περὶ
3625 1686 3753 1738 τῶν

2145 1799 2456 1870 μαρτυρίων
2489 1795 2590 1865 ἤδη
2640 1788 3047 1862 διηγησάμεθαο
3091 1785 3210 1847 ὁδὸς
3259 1780 3353 1837 οὖν
3405 1778 3756 1870 imprimi—0w

458 1897 914 1965 quemadmodum
963 1899 1036 1951 ait
1081 1899 1390 1967 Propheta:
1452 1898 1605 1952 Viam
1663 1897 2035 1949 mandatorum

2155 1891 2345 1944 τούτων
2387 1888 2471 1956 εἴη
2516 1886 2580 1938 ἂν
2608 1884 2669 1937 τὸ
2713 1882 2927 1935 ὁδεῦσαι
2966 1877 3107 1933 κατὰ
3145 1876 3206 1929 τὸ
3236 1874 3485 1946 βούλημα
3522 1868 3749 1930 αὐτῶν,

459 1995 671 2040 tuorum
697 1990 927 2052 cucurri,
959 2006 1077 2043 cum
1105 1988 1350 2042 dilatasti
1378 2004 1470 2041 cor
1491 2004 1680 2041 meum.

458 2076 753 2148 φροσύνης,
782 2076 914 2130 καθὸ
967 2079 995 2129 ὁ
1030 2078 1322 2149 Προφήτης
1364 2077 1527 2147 φησιν
1563 2094 1577 2107 ⁸

454 2187 593 2237 μου.

533 2259 699 2315 Vens.
739 2259 890 2315 9-16.
936 2260 1002 2316 In
1049 2279 1150 2332 quo
1198 2264 1419 2333 corriget
1456 2264 1641 2332 junior
1675 2264 1813 2316 viam
1844 2261 2037 2315 suam?

458 2352 517 2405 in
546 2353 884 2409 custodiendo
918 2372 1180 2410 sermones
1214 2366 1350 2418 tuos.
1392 2355 1457 2409 In
1485 2366 1592 2409 toto
1622 2355 1777 2408 corde
1812 2371 1925 2407 meo
1955 2367 2040 2405 erc-

462 2446 652 2515 quisivi
680 2457 747 2511 te,
785 2466 846 2503 ne
878 2450 1101 2518 repellas
1137 2468 1216 2505 me
1244 2468 1276 2504 a
1309 2450 1573 2504 mandatis
1616 2451 1742 2504 tuis.
1785 2448 1849 2501 In
1886 2447 2042 2500 corde

464 2554 581 2590 meo
612 2537 864 2593 abscondi
895 2542 1101 2612 eloquia
1132 2554 1245 2607 tua,
1277 2554 1333 2597 ut
1364 2560 1469 2598 non
1500 2560 1701 2613 peccem
1732 2542 1845 2596 tibi.
1878 2541 2044 2594 Bene-

464 2631 637 2686 dictus
663 2652 737 2700 es,
777 2635 1021 2701 Domine,
1051 2638 1177 2692 doce
1218 2656 1299 2693 me
1332 2639 1743 2708 justiﬁeationes
1787 2646 1928 2688 tuas.
1976 2634 2044 2687 In

467 2726 624 2780 labiis
663 2729 793 2781 meis
831 2731 1099 2783 enuntiavi
1135 2734 1313 2783 omnia
1345 2732 1553 2799 judicia
1584 2731 1691 2782 oris
1735 2731 1829 2781 tui.
1865 2727 1930 2780 In
1960 2727 2047 2780 via

467 2818 888 2873 testimoniorum
923 2831 1131 2874 tuorum
1162 2822 1450 2875 delectatus
1480 2838 1595 2875 sum
1626 2822 1760 2873 sicut
1791 2822 1847 2873 in
1876 2819 2046 2871 omni-

467 2922 565 2964 bus
603 2910 823 2966 divitiis.
870 2912 937 2966 In
969 2913 1237 2967 mandatis
1274 2916 1377 2966 tuis
1407 2913 1701 2974 exercebar,
1734 2921 1781 2963 et
1810 2909 2049 2963 conside-

466 2999 600 3055 rabo
630 3000 741 3055 vias
781 3013 920 3055 tuas.
967 3000 1033 3055 In
1058 3003 1536 3072 justi/icationibus
1579 3003 1680 3055 tuis
1713 3000 2003 3055 meditabor
2025 3015 2043 3052 :

468 3106 575 3144 non
597 3091 876 3145 obliviscar
894 3110 1157 3147 sermones
1181 3103 1316 3148 tuos.
1345 3092 1487 3148 Justi
1510 3093 1699 3162 judicii
1732 3093 1809 3146 tui
1840 3105 2045 3145 sermo-

2144 1983 2243 2034 οὑκ
2277 1984 2340 2033 ὲκ
2384 1980 2559 2047 λύπης
2594 1977 2627 2047 ἢ
2674 1975 2733 2038 ἐξ
2761 1976 3002 2042 ἀνάγκης
3023 2012 3036 2035 ,
3068 1969 3203 2023 ἀλλὰ
3232 1966 3367 2039 μετὰ
3418 1965 3615 2034 πάσης
3652 1959 3753 2012 εὐ-

1634 2074 1807 2128 Ὀδὸν
1833 2071 2098 2126 ἐντολῶν
2150 2086 2267 2125 σου
2330 2070 2588 2139 ἔδραμον
2614 2108 2629 2132 ,
2698 2066 2843 2117 ὅταν
2902 2062 3248 2126 ἐπλάτυνας
3302 2058 3417 2127 τὴν·
3472 2054 3752 2123 καρδίαν

2226 2252 2330 2304 Ἐν
2356 2249 2472 2301 τίνι
2503 2245 2863 2314 κατορθώσει
2889 2241 3174 2309 νεώτερος
3196 2237 3311 2307 τὴν
3332 2236 3482 2292 ὀδόν
3501 2239 3742 2299 αὐτοτῶ

2143 2343 2212 2395 ἐν
2227 2340 2305 2405 τῷ
2322 2338 2702 2409 φυλάξασθαι
2719 2335 2860 2400 τοὺς
2872 2334 3093 2402 λόγους
3107 2347 3243 2385 σου.
3262 2331 3365 2383 Ἐν
3382 2328 3499 2396 ὅλῃ
3516 2329 3752 2397 καρδίᾳ

2140 2451 2260 2503 μου
2282 2429 2613 2497 ἐξεζήτησά
2641 2444 2735 2491 σε,
2759 2426 2845 2496 μὴ
2866 2423 3079 2491 ἀπώσῃ
3099 2440 3177 2492 με
3194 2422 3309 2477 ἀπὸ
3329 2419 3451 2475 τῶν
3466 2420 3751 2475 ἐντολῶν

2148 2541 2283 2579 σου.
2322 2525 2419 2577 Ἐν
2461 2522 2535 2590 τῇ
2584 2521 2796 2589 καρδίᾳ
2823 2536 2943 2589 μου
2978 2518 3215 2585 ἔκρυψα
3263 2519 3335 2568 τὰ
3365 2514 3548 2582 λόγιά
3600 2530 3747 2577 σου,

2147 2619 2306 2683 ὅπως
2346 2617 2421 2670 ἂν
2462 2615 2546 2684 μὴ
2591 2613 2829 2683 ἁμάρτω
2881 2624 2999 2667 σοι.
3038 2609 3384 2677 Εὐλογητὸς
3419 2601 3497 2669 εἴ,
3529 2606 3743 2673 Κύριε,

2148 2712 2397 2775 δίδαξον
2424 2726 2500 2779 με
2528 2708 2601 2761 τὰ
2627 2703 2991 2774 δικαιώματά
3022 2719 3160 2756 σου.
3210 2702 3304 2753 Ἐν
3331 2699 3456 2765 τοῖς
3496 2698 3749 2767 χείλεσί

2142 2820 2261 2873 μου
2291 2800 2609 2870 ἐξήγγειλα
2651 2796 2847 2850 πάντα
2880 2795 2953 2849 τὰ
2998 2795 3251 2863 κρίματα
3289 2791 3393 2844 τοῦ
3432 2791 3749 2857 στόματός

2149 2908 2285 2949 σου.
2324 2896 2427 2947 Ἑν
2462 2890 2535 2960 τῇ
2580 2888 2696 2955 ὀδῷ
2722 2888 2842 2942 τῶν
2878 2888 3217 2957 μαρτυρίων
3266 2900 3384 2937 σου
3416 2882 3747 2950 ἐτέρφθηιν,

2151 2990 2232 3054 ὡς
2276 2985 2375 3039 ἐπὶ
2424 2983 2603 3037 παντὶ
2639 2983 2901 3047 πλούτῳ.
2969 2980 3066 3032 Ἐν
3108 2976 3236 3042 ταῖς
3297 2973 3579 3038 ἐντολαῖς
3614 2990 3749 3027 σου

2152 3076 2573 3147 ἀδολεσχήσω,
2601 3074 2699 3128 καὶ
2728 3070 3083 3137 κατανοήσω
3103 3069 3212 3135 τὰς
3241 3067 3421 3131 ὁδούς
3456 3079 3605 3118 σου.
3652 3065 3751 3115 Ἑν

470 3199 592 3247 nes,
634 3185 833 3253 inquit,
865 3186 1129 3239 memoria
1152 3191 1425 3255 repetens,
1457 3200 1706 3255 magnam
1740 3185 1865 3238 hinc
1897 3185 2047 3239 utili-

2155 3172 2274 3237 τοῖς
2306 3167 2660 3237 δικαιώμασι
2690 3181 2808 3221 σου
2843 3162 3192 3233 μελετήσω·
3227 3162 3338 3212 οὐκ
3367 3154 3749 3223 ἐπιλήσομαι

471 3283 639 3329 tatem
666 3285 860 3333 nactus
904 3293 1046 3333 sum.
1098 3277 1289 3333 Timeo
1330 3286 1509 3333 autem
1541 3294 1611 3332 ne
1651 3278 1944 3347 aliquando
1992 3279 2049 3331 in

474 3367 670 3423 horum
691 3370 1020 3426 oblivionem
1045 3372 1261 3426 veniam
1287 3391 1299 3427 :
1327 3387 1498 3441 quare
1519 3371 1822 3425 orationem
1852 3369 2049 3437 eliudi;

478 3475 539 3513 ut
564 3476 663 3531 per
693 3474 860 3515 totam
884 3463 1051 3517 vitam
1084 3478 1283 3530 meam,
1308 3470 1362 3517 et
1387 3464 1533 3517 omni
1565 3470 1829 3533 tempore,
1859 3461 2052 3531 iudicii

473 3554 555 3608 tui
588 3569 797 3609 memor
830 3558 957 3619 sim;
991 3556 1108 3612 sive
1143 3557 1250 3610 alio
1277 3556 1474 3610 modo:
1510 3556 1837 3611 universalis
1864 3554 2054 3609 Provi-

474 3644 675 3700 dentiae
716 3656 842 3711 tuae,
879 3646 1126 3713 Domine,
1154 3646 1363 3718 judicia
1392 3655 1485 3701 tua
1531 3661 1696 3702 nosse
1742 3647 2056 3717 concupivit

477 3738 662 3792 anima
694 3755 835 3794 mea.

550 4000 717 4056 Vens.
755 4002 943 4056 17-24.
979 4002 1225 4055 Retribue
1258 4018 1405 4056 servo
1441 4004 1567 4053 tuo:
1598 4002 1765 4055 vivam
1800 4010 1849 4053 et
1888 4010 2061 4053 custo-

481 4094 632 4147 diam
656 4110 917 4147 sermones
948 4103 1087 4146 tuos.
1128 4092 1313 4145 Revela
1350 4090 1530 4145 oculos
1556 4108 1718 4157 nteus,
1747 4101 1793 4144 et
1830 4092 2064 4145 conside-

481 4183 615 4235 rabo
656 4181 925 4235 mirabilia
966 4193 1056 4234 tua
1089 4182 1153 4235 de
1195 4182 1303 4251 lege
1329 4190 1439 4235 tua.
1484 4179 1674 4234 Incola
1718 4197 1811 4250 ego
1841 4196 1957 4233 sum
2007 4181 2063 4233 in

487 4283 652 4340 terra,
688 4291 793 4329 non
828 4273 1122 4329 abscondas
1156 4291 1189 4327 a
1219 4291 1298 4327 me
1328 4274 1584 4328 mandata
1613 4285 1724 4328 tua.
1756 4274 2064 4343 Concupivit

489 4368 671 4421 anima
710 4385 827 4421 mea
868 4367 1170 4422 desiderare
1208 4368 1622 4438 justiﬁcationes
1661 4377 1780 4422 tuas
1821 4367 1877 4420 in
1920 4366 2066 4421 omni

488 4469 734 4529 tempore.
766 4459 1057 4528 lncrepasti
1082 4461 1353 4527 superbos,
1387 4458 1655 4513 maledicti
1678 4459 1767 4529 qui
1798 4458 2064 4513 declinant

491 4570 526 4605 a
568 4552 836 4604 mandatis
873 4553 997 4606 tuis.
1043 4551 1209 4620 Aufer
1241 4568 1275 4603 a
1316 4567 1396 4604 me
1450 4551 1789 4621 opprobrium
1843 4559 1893 4603 et
1939 4566 2064 4603 con-

495 4654 766 4713 temptum,
803 4644 927 4713 quia
972 4644 1269 4697 testimonia
1314 4653 1405 4697 tua
1438 4643 1711 4712 exquisivi.
1753 4641 1962 4695 Etenim
1994 4657 2070 4695 se-

493 4735 682 4789 derunt
719 4737 975 4803 principes
1004 4747 1053 4789 et
1084 4734 1359 4788 adversum
1385 4751 1465 4788 me
1495 4733 1858 4803 loquebantur,
1890 4718 2067 4786 servus

497 4838 670 4881 autem
701 4838 821 4882 tuus
847 4828 1185 4883 exercebatur
1208 4829 1260 4882 in
1275 4828 1747 4898 justificationibus
1776 4827 1899 4880 tuis.
1926 4824 2070 4877 Nam

497 4931 547 4974 et
577 4921 878 4974 testimonia
909 4928 1000 4974 tua
1034 4920 1307 4974 meditatio
1338 4936 1453 4973 mea
1491 4927 1590 4983 est,
1620 4927 1669 4971 et
1697 4916 1920 4970 consilia
1955 4932 2072 4971 mea

492 5015 904 5085 justiﬁcationes
933 5023 1057 5069 tute.
1087 5011 1415 5082 Aliquando,
1450 5011 1646 5081 inquit,
1669 5008 2073 5080 exprobrabant

498 5106 657 5170 mihi,
710 5106 839 5160 olim
888 5120 1012 5160 cum
1055 5114 1280 5174 peccata
1323 5104 1379 5157 in
1429 5120 1515 5159 me
1559 5103 1925 5168 exsisterent;
1972 5100 2074 5154 ali-

503 5198 725 5268 quando
790 5198 1167 5269 despiciebant
1215 5195 1611 5265 vilipendentes
1657 5195 1815 5265 quasi
1868 5194 2079 5249 nullius

504 5292 660 5362 pretii
694 5291 990 5347 hominem.
1035 5288 1148 5360 Ego
1171 5304 1299 5344 vero
1330 5288 1558 5344 seorsim
1589 5290 1808 5350 sedens,
1835 5301 1898 5340 ac
1930 5283 2074 5339 divi-

504 5384 593 5440 nis
615 5383 963 5439 sermonibus
990 5382 1233 5437 animum
1263 5381 1547 5445 adhibens,
1574 5380 1954 5449 neminemque
1977 5377 2076 5431 ha-

507 5479 666 5540 bens,
690 5490 931 5547 quocum
952 5476 1318 5539 consulerem,
1352 5474 1665 5542 nullamque
1693 5472 1854 5525 aliam
1882 5479 2077 5526 nactus

508 5568 961 5632 consolationem,
992 5564 1479 5637 justiﬁcationibus
1525 5562 1634 5617 tuis
1673 5577 1772 5631 pro
1818 5560 2075 5616 consilia-

508 5656 609 5712 riis
631 5657 845 5713 utebar.

584 5835 963 5892 \'£ns."25-29.
1002 5835 1232 5891 Adltwsit
1254 5836 1544 5903 pavimento
1574 5834 1752 5888 anima
1790 5848 1924 5893 utea,
1955 5832 2079 5885 vivi-

2147 3263 2265 3317 τῶν
2309 3265 2506 3331 λόγων
2565 3277 2703 3315 σου.
2746 3258 2885 3320 Τοὺς
2932 3253 3329 3324 δικαιοκρισίας
3392 3267 3525 3313 σου,
3575 3249 3750 3316 φησι,

2151 3356 2343 3423 λόγους
2365 3350 2763 3423 ἀναλαμϐάνων
2810 3352 2875 3420 τῇ
2912 3350 3103 3420 μνήμῃ
3127 3346 3196 3398 τὰ
3226 3344 3458 3415 μέγιστα
3497 3339 3745 3410 ὠφελοῦ-

2158 3468 2277 3521 μαι.
2331 3446 2606 3517 Φοϐοῦμαι
2652 3444 2709 3497 δὲ
2748 3442 2959 3514 μήποτέ
2992 3459 3076 3504 τις
3110 3437 3289 3493 αὐτῶν
3330 3436 3465 3507 λήθη
3517 3438 3577 3489 ὲν
3625 3436 3751 3505 ἐμοὶ

2152 3542 2411 3610 γένηται·
2443 3538 2633 3606 διόπερ
2661 3535 2823 3606 εὐχὴν
2877 3534 3242 3604 ἐποιησάμην·
3295 3529 3357 3582 τὸ
3406 3527 3471 3580 δι’
3523 3529 3751 3597 ἁπάσης

2153 3638 2251 3707 τῆς
2295 3633 2534 3704 ἐμαυτοῦ
2572 3630 2752 3701 ζωῆς,
2810 3630 2903 3683 καὶ
2954 3630 3011 3681 ἐν
3044 3628 3205 3681 παντὶ
3256 3623 3433 3696 καιρῷ
3479 3623 3589 3693 τῆς
3650 3621 3752 3689 σῆς

2159 3727 2518 3799 μνημονεύειν
2557 3725 2819 3796 κρίσεως·
2864 3723 2897 3794 ἦ
2942 3724 3037 3775 καὶ
3084 3721 3284 3783 ἄλλως,
3323 3717 3423 3786 τῆς
3470 3715 3576 3785 σῆς
3624 3712 3750 3766 καθ’

2156 3821 2279 3874 ὅλου
2312 3818 2587 3891 προνοίας,
2620 3810 2665 3869 ὦ
2697 3816 2892 3887 Κύριε,
2922 3814 2991 3867 τὰ
3032 3814 3275 3885 κρίματα
3308 3808 3510 3862 εἰδέναι
3549 3804 3751 3857 ἐπεθύ-

2162 3929 2329 3983 μησεν
2366 3913 2397 3981 ἡ
2428 3912 2572 3982 ψυχή
2614 3926 2740 3980 μου.

2243 4000 2595 4066 Ἀνταπόδος
2622 3998 2701 4065 τῷ
2731 3998 2929 4067 δούλῳ
2961 4012 3108 4051 σουσ
3138 3993 3388 4061 ζῆσομαι
3424 3989 3523 4041 καὶ
3557 3986 3753 4056 φυλά-

2163 4094 2243 4158 ξω
2272 4091 2410 4157 τοὺς
2448 4090 2670 4159 λόγους
2700 4104 2838 4142 σου.
2880 4084 3300 4151 Ἁποκάλυψον
3342 4080 3486 4145 τοὺς
3525 4080 3757 4147 ὀφθαλ-

2157 4186 2308 4256 μούς
2336 4201 2488 4254 μου,
2530 4182 2628 4235 καὶ
2672 4178 3028 4246 κατανοήσω
3064 4176 3137 4230 τὰ
3187 4170 3489 4242 θαυμάσιά
3534 4185 3655 4223 σου
3687 4170 3754 4221 ἐκ

2161 4278 2267 4332 τοῦ
2300 4277 2489 4345 νόμου
2532 4290 2667 4329 σου.
2697 4271 2990 4341 Πάροικος
3014 4266 3128 4339 ἐγώ
3165 4268 3282 4335 εὶμι
3323 4265 3392 4317 ἐν
3422 4261 3499 4330 τῇ
3529 4260 3633 4332 γῇ,
3667 4262 3754 4329 μὴ

2162 4369 2523 4437 ἁποκρύψῃς
2567 4366 2667 4420 ἀπ’
2705 4363 2851 4434 ἐμοῦ
2879 4362 2985 4428 τὰς
3014 4357 3267 4423 ἐντολάς
3304 4372 3441 4410 σου.
3497 4356 3757 4409 Ἐπεπό-

2165 4466 2354 4531 θησείν
2380 4462 2417 4528 ή
2451 4455 2621 4529 ψυχή
2667 4474 2787 4527 μου
2825 4454 2931 4509 τοῦ
2970 4450 3339 4521 ἐπιθυμῆσαι
3368 4448 3441 4503 τὰ
3490 4448 3758 4516 κρίματὰ

2166 4569 2282 4610 σου
2310 4554 2380 4607 ἐν
2416 4551 2595 4604 παντὶ
2631 4548 2832 4615 καιρῷ.
2871 4545 3271 4614 Ἐπετίμησας
3313 4540 3753 4609 ὑπερηφάνοις,

2168 4643 2586 4712 ἐπικατάρατοι
2623 4643 2677 4694 οὶ
2724 4638 3108 4702 ἐκκλίνοντες
3153 4634 3269 4689 ἀπὸ
3321 4632 3440 4686 τῶν
3483 4631 3757 4687 ἐντολῶν

2169 4751 2305 4792 σου.
2337 4732 2581 4800 Περίελε
2615 4728 2715 4783 ἀπ’
2756 4727 2902 4797 ἐμοῦ
2932 4724 3160 4790 ὄνειδος
3190 4723 3285 4776 καὶ
3319 4719 3752 4786 ἑξουδένωσιν,

2170 4827 2260 4882 ὅτι
2279 4824 2351 4879 τὰ
2371 4820 2664 4894 μαρτύριά
2686 4836 2800 4874 σου
2822 4816 3168 4883 ἐξεζήτησα.
3188 4814 3298 4869 Καὶ
3320 4815 3426 4882 γὰρ
3454 4811 3757 4867 ἐκάθισαν

2169 4918 2458 4986 ἄρχοντες
2484 4913 2585 4967 καὶ
2610 4914 2737 4967 κατ’
2770 4910 2915 4980 ἐμοῦ
2944 4906 3340 4970 κατελάλουν,
3377 4907 3408 4957 ό
3432 4902 3502 4956 δὲ
3528 4901 3756 4969 δοῦλός

2171 5024 2289 5064 σου
2326 5005 2649 5076 ἠδολέσχει
2685 5003 2755 5057 ἐν
2784 5002 2907 5067 τοῖς
2932 4998 3287 5068 δικαιώμασί
3330 5010 3467 5050 σου.
3506 4994 3626 5047 Καὶ
3647 4994 3758 5062 γὰρ

2172 5099 2245 5153 τὰ
2278 5094 2571 5169 μαρτύριά
2600 5110 2717 5149 σου
2742 5091 2963 5162 μελέτη
3002 5108 3121 5160 μου
3149 5088 3303 5150 ἐστὶ,
3339 5085 3440 5140 καὶ
3494 5088 3556 5139 αἱ
3604 5102 3758 5153 συμ-

2175 5189 2423 5243 ϐουλίαμ
2436 5205 2557 5256 μου
2594 5183 2668 5239 τὰ
2704 5179 3063 5252 δικαιώματὰ
3101 5194 3236 5233 σου.
3282 5178 3422 5232 Ποτὲ
3463 5177 3563 5247 μὲν
3597 5175 3757 5229 ὠνεί-

2173 5279 2316 5344 διζόν
2352 5295 2439 5349 με,
2475 5277 2631 5347 φησι,
2663 5274 2871 5328 παλαιὰ
2900 5276 2947 5326 εἰ
3000 5272 3150 5343 τύχοι
3186 5271 3594 5342 ἁμαρτήματα·
3627 5267 3756 5319 ποτὲ

2174 5372 2229 5425 δὲ
2255 5369 2562 5438 ὲξουδένουν
2586 5365 3023 5432 ὲξευτελίζοντες,
3056 5365 3130 5427 ὡς
3155 5361 3366 5425 οὐδενὸς
3392 5360 3540 5424 ἄξιον
3567 5359 3755 5428 λόγου.

2190 5461 2329 5531 Ἐγὼ
2353 5461 2409 5514 δὲ
2427 5459 2739 5529 καταμόνας
2763 5456 3071 5527 καθήμενος
3089 5494 3103 5518 ,
3130 5454 3224 5507 καὶ
3248 5456 3361 5517 τοῖς
3385 5452 3551 5515 θείοις
3572 5451 3758 5519 λόγοις

2176 5552 2563 5624 προσανέχων,
2618 5551 2713 5603 καὶ
2781 5548 2980 5619 μηδένα
3024 5546 3360 5616 κεκτημένος
3411 5543 3759 5615 σύμϐουλον,

2183 5646 2304 5717 μηδ’
2334 5643 2499 5715 ἄλλην
2524 5643 2661 5714 ἔχων
2694 5639 3067 5712 παραμυθίαν,
3097 5642 3207 5701 τοῖς
3244 5642 3353 5700 σοῖς
3395 5636 3760 5708 δικαιώμασιν

2180 5737 2300 5792 ἀντὶ
2329 5753 2391 5787 συ
2401 5733 2646 5805 μϐοῦλων
2675 5730 2951 5801 ἐχρώμην.

2264 5826 2597 5893 Ἐκολλήθη
2629 5823 2710 5889 τῷ
2746 5822 2952 5892 ἐδάφει
2984 5824 3021 5891 ἡ
3059 5822 3225 5891 ψυχή
3265 5839 3416 5894 μουο
3468 5819 3660 5889 ζῆσόν
3687 5839 3760 5891 με
