3992 6404
259 419 394 480 1369

1369 435 1869 496 COMMENTARIA
1912 443 1979 498 ΙΝ
2018 445 2356 506 PSALMOS.

3366 413 3511 512 1375

254 539 413 641 κατα
439 538 543 641 τόν
581 543 768 641 λόγρν
806 562 944 604 σου.
975 551 1086 620 Τὰς
1127 553 1306 622 ὁδούς
1331 573 1446 623 μου
1487 558 1830 630 ἐξήγγειλα,

1945 567 2038 628 ﬁca
2062 585 2143 623 me
2166 570 2450 623 secundant
2472 569 2678 624 verbum
2707 581 2875 627 tuum.
2910 573 3033 628 Vias
3061 592 3199 628 meas
3222 577 3510 641 euuntiavi,

152 642 155 643 '
256 629 355 682 καί
387 629 740 703 ἐπήκουσάς
769 657 923 708 μου·
965 642 1216 710 δίδαξον
1256 664 1332 716 με
1366 651 1438 702 τὰ
1477 629 1838 720 δικαιώματὰ

1935 668 1985 712 et
2011 661 2280 714 exaudisti
2306 678 2408 726 me,
2449 662 2577 717 doce
2613 681 2692 716 me
2723 664 3135 733 justiﬁcationes
3169 676 3312 720 tuas.
3359 667 3510 720 Viam

255 737 400 827 αξη
433 724 600 827 Ὀδιξν
637 727 1043 800 δικαιωμάτων
1079 754 1195 790 σου
1233 739 1566 796 συνέτισόν
1591 759 1704 812 με,
1735 744 1837 798 καὶ

1945 751 2377 820 iustiﬁcationum
2411 763 2624 808 tuarum
2659 755 2948 826 intelligere
2976 773 3055 811 me
3087 757 3196 827 fac,
3229 767 3277 812 et
3304 774 3512 814 exerce-

254 810 652 884 ἀδολεσχήσω
680 820 750 872 ἐν
777 822 902 888 τοῖς
925 827 1278 896 θαυμασίοις
1298 846 1435 885 σου.
1471 810 1840 898 Ἐνῦσταξεν

255 905 293 970 η
327 905 498 972 ψυχή
525 925 644 976 μου
671 911 788 965 ἀπὸ
814 913 1088 983 ἁκηδίας,
1109 920 1452 982 βεϐαίωσόν
1487 941 1565 993 με
1605 925 1676 978 ἐν
1713 926 1838 993 τοῖς

252 995 459 1086 λόγοις
492 1015 628 1054 σου.
667 1001 834 1057 Ὀδὸν
873 1005 1106 1072 ἀδικίας
1137 1012 1495 1080 ἀπόστησον
1539 1016 1640 1070 ἀπ’
1666 1017 1834 1086 ἐμοῦ,

253 1083 351 1180 καί
380 1085 462 1150 τῷ
489 1088 650 1157 νόμῳ
678 1106 794 1148 σου
831 1094 1094 1163 ἐλέησόν
1111 1117 1207 1168 με.
1239 1103 1450 1175 ’Ὠσπερ
1475 1105 1616 1176 ἀρχὴ
1645 1083 1838 1180 κοιμή-

254 1175 392 1240 σεῶς
422 1180 537 1272 ἐστι
571 1187 900 1256 νυσταγμὸς,
928 1188 1101 1254 οὕτως
1145 1194 1275 1247 ποτὲ
1307 1197 1402 1249 καὶ
1427 1197 1573 1270 ψυχὴ
1606 1175 1663 1252 ἐν
1691 1175 1832 1272 ἀρχῇ

252 1270 516 1343 γενομένη
572 1274 982 1348 ἁμαρτημάτων
1026 1281 1243 1351 λέγεται
1287 1288 1600 1355 νυστάζειν,
1638 1270 1832 1344 καθελζ

252 1361 457 1454 κομένη
494 1365 594 1436 μὲν
639 1366 826 1441 ὥσπερ
853 1373 933 1436 εἱς
967 1372 1133 1430 ὕπνον
1157 1418 1170 1440 ,
1204 1378 1264 1431 τὸ
1307 1380 1644 1454 ἁμάρτημα,
1703 1384 1836 1438 ἀνα-

253 1453 481 1509 νεύουσα
511 1456 568 1510 δὲ
601 1459 695 1513 καὶ
739 1462 1066 1537 ἐγειρομένη
1098 1467 1185 1520 διὰ
1210 1469 1310 1538 τῆς
1358 1471 1468 1526 τῶν
1511 1453 1835 1544 κρειττόνων

257 1544 496 1616 μνήμης.
538 1548 881 1617 ’Δναγκαίως
912 1553 970 1606 δέ
1002 1558 1378 1629 συνετισθῆναι
1411 1559 1564 1624 ἀξιῶ,
1595 1562 1689 1614 καὶ
1722 1579 1837 1631 φω-

252 1639 497 1709 τισθῆναι
530 1643 656 1706 τοὺς
699 1644 1011 1718 ὀφθαλμούς
1066 1667 1166 1720 μου
1221 1653 1299 1715 εἰς
1350 1654 1682 1725 κατανόησιν
1723 1655 1836 1711 τῶν

252 1731 451 1803 νόμων,
485 1735 570 1788 ἵνα
597 1737 748 1791 πᾶσα
768 1737 886 1801 ὁδὸς
910 1740 1124 1806 ἀδικίας
1152 1744 1360 1816 ἀποστῇ
1385 1748 1480 1801 ἀπ’
1508 1749 1664 1819 ἐμοῦ.
1693 1750 1837 1802 Ἀντὶ

254 1823 310 1879 δὲ
344 1825 461 1892 τοῦ,
502 1827 666 1882 Ὁδὸν
703 1829 936 1898 ἀδικίας
960 1833 1317 1902 ἁπόστησον
1338 1839 1439 1892 ἀπ’
1473 1839 1642 1905 ἐμοῦ,
1669 1844 1696 1898 ό
1735 1841 1835 1912 μὲν

1938 842 2032 896 bor
2055 844 2108 897 in
2138 844 2471 901 mirabilibus
2505 848 2632 902 tuis.
2678 847 2998 903 Dormitavit
3035 852 3215 904 anima
3245 867 3362 905 mea
3401 867 3512 918 pra:

1939 935 2116 999 taedio,
2146 939 2405 1005 conﬁrma
2435 955 2517 992 me
2551 941 2607 992 in
2646 940 2812 994 verbis
2857 943 2983 995 tuis.
3027 940 3176 994 Viam
3213 942 3511 1009 iniquitatis

1938 1042 2118 1080 amove
2156 1045 2188 1081 a
2230 1045 2331 1092 me,
2355 1038 2406 1085 et
2441 1030 2547 1101 lege
2571 1043 2661 1085 tua
2694 1034 2938 1087 miserere
2964 1033 3083 1086 mei.
3111 1031 3264 1086 Sicut
3294 1033 3510 1087 initium

1937 1117 2242 1173 dormiendi
2275 1128 2358 1175 est
2399 1121 2744 1190 dormitatio;
2789 1124 2868 1179 sic
2899 1139 3022 1177 cum
3070 1125 3248 1177 anima
3295 1124 3512 1178 initium

1938 1212 2196 1280 peccandi
2226 1212 2372 1276 facit,
2403 1213 2702 1270 dormitare
2733 1217 2955 1280 dicitur,
2985 1217 3112 1269 dum
3137 1216 3208 1270 ad
3226 1224 3512 1286 peccatum

1937 1305 2095 1373 quasi
2126 1305 2189 1358 ad
2223 1320 2475 1359 somnum
2505 1308 2772 1374 trahitur;
2801 1309 2896 1363 sed
2926 1325 2991 1363 ex
3031 1309 3292 1363 memoria
3322 1310 3514 1364 melio-

1937 1411 2058 1449 rum
2107 1397 2232 1450 inde
2269 1397 2497 1467 en‘iergit
2535 1414 2598 1453 ac
2629 1403 2916 1454 excitatur.
2966 1399 3290 1455 Necessario
3331 1407 3510 1454 autem

1938 1488 2224 1558 prudentia
2270 1491 2494 1553 muniri,
2522 1498 2577 1545 et
2617 1492 2806 1547 oculos
2840 1507 2991 1548 meos
3023 1494 3229 1548 lumine
3259 1492 3513 1563 perfundi

1936 1586 2053 1642 tuo,
2087 1580 2304 1649 postulo
2334 1579 2402 1633 ad
2445 1581 2852 1652 intelligendum
2887 1583 3082 1653 legem,
3119 1591 3178 1636 ut
3215 1584 3393 1638 omnis
3425 1584 3512 1636 via

1936 1669 2240 1740 iniquitatis
2275 1679 2593 1725 amoveatur
2642 1687 2672 1725 λ
2706 1690 2811 1729 me.
2845 1671 2951 1728 Pro
2992 1675 3084 1727 illo
3107 1683 3322 1728 autem:
3361 1673 3511 1728 Viam

1936 1761 2230 1831 iniquitatis
2279 1779 2460 1816 amove
2508 1780 2541 1816 a
2603 1775 2725 1829 me;
2775 1765 3009 1836 Aquila:
3056 1765 3208 1819 Viam
3256 1767 3516 1820 mendacii

1938 1868 2120 1906 amove
2151 1870 2183 1906 a
2211 1870 2310 1916 me,
2343 1854 2548 1922 edidit;
2583 1855 2947 1925 Symmachus
2976 1872 3104 1909 vero
3132 1873 3144 1907 :
3177 1855 3331 1910 Viam
3365 1871 3514 1908 mer-

265 1918 514 1986 Ἀκύλας,
529 1920 704 1974 Ὀδόν
721 1922 986 1991 ψεύδους
1000 1927 1356 1994 ἀπόστησον
1370 1931 1622 2002 ἀπ’ἐμοῦ
1636 1973 1650 1998 ,
1683 1933 1836 2006 εἴρη-

1945 1945 2117 1998 dacem
2141 1944 2294 2013 aufer
2323 1963 2355 1998 a
2387 1963 2500 2010 me;
2538 1955 2595 2000 ut
2631 1948 2784 2018 prior
2803 1949 3073 2017 expositio
3105 1964 3230 2003 vera
3259 1949 3349 2006 sit.
3379 1946 3515 2001 Nam

251 2025 380 2065 κεν·
432 2013 460 2065 ό
511 2013 568 2066 δὲ
623 2014 941 2086 Σύμμαχος,
985 2017 1152 2070 Ὀδὸν
1189 2020 1389 2090 ψευδῆ
1443 2025 1684 2092 περίελε
1729 2027 1832 2081 ἀπ’

249 2103 426 2167 ἐμοῦ·
472 2103 549 2168 ὡς
599 2106 885 2177 ἀληθεύειν
933 2107 1030 2180 τὴν
1091 2115 1495 2186 προειρημένην
1552 2116 1832 2190 ἐξήγησιν.

251 2193 486 2264 Εῠχεται
533 2195 642 2268 γὰρ
674 2196 905 2262 ἕκαστος
944 2200 1101 2264 ἐκτὸς
1140 2203 1391 2271 γενέσθαι
1437 2206 1616 2277 πάσης
1645 2208 1836 2278 ψευδο-

251 2284 430 2350 δοξίας
454 2287 546 2340 καὶ
571 2288 671 2359 τῆς
711 2290 839 2361 περὶ
870 2290 968 2354 τὰς
1003 2291 1152 2355 θείας
1183 2293 1221 2344 Γ
1227 2294 1403 2364 ραφὰς
1430 2296 1658 2366 ψευδοῦς
1705 2301 1836 2353 ὑπο-

250 2377 485 2449 λήψεως.

320 2510 488 2566 Ὁδόν
505 2513 792 2583 ἀληθείας
807 2517 1201 2588 ᾑρετισάμην,
1220 2518 1292 2574 τὰ
1313 2520 1568 2590 κρίματὰ
1587 2539 1704 2578 σου
1725 2526 1837 2579 οὐκ

249 2599 649 2672 ἐπελαθόμην.
666 2605 770 2660 Τὸν
788 2608 967 2678 στίχον
993 2609 1180 2663 τοῦτον
1207 2612 1323 2682 ἐρεῖ
1345 2611 1506 2681 μόνος
1523 2613 1549 2664 ό
1566 2630 1838 2684 καταφρο-

250 2693 358 2746 νῶν
387 2695 486 2764 μὲν
505 2694 615 2748 τῶν
641 2696 988 2768 βλεπομένων
1022 2700 1097 2764 ὡς
1122 2701 1495 2773 προσκαίρων,
1544 2703 1760 2754 σκοπῶν
1780 2703 1836 2754 δὲ

249 2785 316 2838 τὰ
349 2785 424 2857 μὴ
448 2786 753 2860 βλεπόμενα
770 2790 846 2854 ὠς
875 2790 1089 2857 αίώνια,
1117 2793 1211 2846 καὶ
1242 2794 1378 2864 μόνα
1409 2794 1614 2865 κυρίως
1641 2794 1834 2865 ἀληθῆ,

257 2880 346 2932 καὶ
383 2879 470 2933 ἐπ’
505 2883 691 2936 ἐκεῖνα
732 2883 993 2937 σπεύδων.
1019 2886 1134 2939 Οὐκ
1174 2886 1433 2958 ἀληθείας
1464 2887 1571 2956 γὰρ
1601 2886 1736 2949 ὁδὸς,
1772 2888 1838 2957 ἢν

251 2971 484 3042 αἱρεῖται
525 2974 554 3026 ό
591 2976 1116 3046 πραγματευόμενος
1155 2979 1246 3031 τὸν
1287 2979 1436 3032 κάτω
1484 2978 1710 3031 πλοῦτον
1744 2980 1838 3032 καὶ

250 3061 351 3125 τὰς
382 3063 474 3116 ἐπὶ
503 3064 609 3135 γῆς
636 3065 813 3131 δόξας.
853 3068 911 3119 Ὀ
938 3064 1029 3120 οὖν
1058 3069 1311 3140 ἐλόμενος
1338 3070 1564 3134 ὁδεύειν,
1598 3073 1673 3134 ὡς
1702 3073 1839 3124 ἀπο-

251 3153 582 3227 δεδώκαμεν,
607 3157 706 3228 τὴν
730 3158 830 3228 τῆς
858 3159 1118 3230 ἀληθείας
1146 3160 1284 3227 ὁδὸν,
1309 3155 1466 3227 οὗτος
1489 3164 1589 3217 οὐκ
1614 3164 1837 3218 ἐπιλαν-

1935 2047 2193 2110 precatur
2236 2042 2637 2110 unusquisque,
2691 2051 2750 2095 ut
2789 2050 2943 2096 extra
2983 2041 3173 2094 falsam
3212 2043 3516 2110 quamlibet

1937 2132 2255 2187 sententiam
2295 2138 2350 2185 et
2387 2132 2704 2188 mendacem
2734 2133 2802 2188 de
2829 2133 3030 2188 divinis
3069 2133 3368 2202 Scripturis
3396 2132 3518 2202 opi-

1935 2223 2156 2278 nionem
2188 2231 2453 2278 versetur.

2009 2509 2179 2567 Vt-zns.
2225 2512 2315 2566 '50.
2361 2511 2514 2566 Viam
2553 2513 2790 2568 veritatis
2833 2513 2984 2583 elegi,
3017 2511 3229 2582 judicia
3274 2521 3366 2565 tua
3412 2527 3517 2565 non

1938 2622 2054 2659 sum
2081 2604 2295 2660 oblitus.
2323 2604 2480 2660 Hunc
2506 2607 2727 2676 quidem
2752 2621 2972 2662 versum
2999 2606 3088 2661 ille
3108 2613 3318 2660 tantum
3348 2605 3516 2670 dicet,

1937 2699 2028 2768 qui
2063 2715 2126 2754 ea
2153 2715 2274 2769 qua:
2306 2699 2409 2754 sub
2438 2709 2720 2769 aspectum
2752 2701 2978 2766 cadunt,
3016 2707 3276 2768 tanquam
3311 2706 3519 2768 tempo-

1938 2807 2101 2846 ranea
2127 2793 2394 2862 despicit;
2420 2792 2716 2847 invisibilia
2759 2799 2963 2854 autem,
3005 2799 3064 2846 ut
3095 2790 3428 2860 sempiterna
3454 2804 3521 2845 ac

1939 2886 2052 2940 sola
2077 2901 2229 2953 vera,
2277 2887 2703 2956 contemplatur,
2742 2894 2796 2943 et
2826 2886 2892 2940 ad
2928 2886 3018 2940 illa
3060 2885 3302 2941 festinat.
3335 2883 3520 2954 Siqui-

1939 2980 2062 3035 dem
2109 2981 2198 3034 illa
2241 2982 2488 3036 veritatis
2518 2982 2603 3036 via
2657 2996 2766 3035 non
2801 2989 2906 3044 est,
2953 2995 3119 3051 quam
3158 2979 3308 3047 eligit
3335 2981 3383 3034 is
3424 2979 3519 3042 qui

1938 3078 2188 3147 terrenas
2223 3068 2445 3126 divitias
2483 3086 2547 3125 ac
2587 3071 2773 3125 mundi
2824 3071 3054 3142 gloriam
3099 3076 3366 3124 sectatur.
3410 3069 3514 3135 Qui

1941 3163 2125 3234 igitur,
2158 3170 2220 3218 ut
2245 3163 2507 3227 diximus,
2536 3163 2590 3217 in
2618 3163 2866 3218 veritatis
2899 3163 2985 3216 via
3023 3163 3276 3217 incedere
3295 3170 3522 3233 coopta-

253 3243 544 3318 θανόμενος
573 3250 680 3302 τῶν
715 3252 1001 3322 χριμάτων
1031 3250 1125 3306 τοῦ
1159 3252 1294 3306 Θεοῦ
1326 3255 1420 3308 καὶ
1452 3255 1561 3309 τῶν
1598 3257 1836 3311 ἀνταπο-

1945 3255 2038 3320 vit,
2065 3253 2153 3308 hic
2176 3269 2285 3309 non
2309 3253 2594 3309 immemor
2620 3254 2952 3323 iudiciorum
2987 3253 3103 3318 Dei,
3126 3261 3180 3309 et
3208 3252 3521 3308 retributio-

251 3337 449 3394 δόσεων
479 3342 644 3394 αὐτοῦ
673 3342 734 3395 τὸ
758 3344 996 3397 τοιοῦτον
1023 3346 1273 3414 πράττει.
1319 3347 1378 3400 '0
1404 3347 1707 3421 φιλαλήθης
1745 3350 1838 3403 καὶ

257 3433 464 3503 μήποτε
488 3435 779 3506 προφέρων
803 3435 973 3507 ψευδῆ
994 3435 1148 3505 λόγον
1170 3438 1257 3492 διὰ
1287 3439 1554 3510 στόματος
1576 3439 1720 3493 εἴποι
1747 3441 1834 3495 ἄν·

266 3523 432 3579 Ὁδὸν
466 3527 753 3594 ἀληθείας
787 3529 1176 3600 ῄρετισάμην.
1243 3530 1402 3586 Ἀλλὰ
1433 3533 1524 3585 καὶ
1550 3532 1579 3584 ὁ
1610 3533 1839 3586 διαπαν-

252 3617 342 3684 τὸς
386 3621 493 3692 πρὸ
535 3621 829 3694 ὀφθαλμῶν
873 3624 1155 3696 τιθέμενος
1189 3625 1258 3678 τὰ
1287 3625 1382 3679 τοῦ
1418 3627 1552 3680 Θεοῦ
1595 3627 1839 3699 κρίματα

224 3709 349 3763 .κα“ι
381 3710 475 3764 ἐπὶ
510 3711 659 3784 πάσῃ
708 3713 906 3785 πράξει
947 3715 1292 3787 μεμνημένος
1341 3717 1522 3773 αὐτῶν
1571 3719 1715 3791 ἐρεῖ·
1757 3717 1840 3774 Τὰ

254 3802 510 3872 κρίματά
534 3819 651 3858 σου
687 3807 800 3858 οὐκ
833 3806 1238 3877 ἐπελαθόμην.

336 3894 708 3965 Ἐκολλήθην
732 3896 856 3963 τοῖς
881 3902 1230 3969 μαρτυρίοις
1260 3917 1396 3967 σου,
1431 3903 1625 3971 Κύριε,
1653 3902 1738 3973 μή
1763 3919 1842 3973 με

253 3986 681 4054 καταισχύνῃς.
721 3987 1056 4059 Κεκόλληται
1085 3992 1198 4055 τοῖς
1226 3992 1545 4064 μαρτυρίοις
1575 3995 1603 4046 ό
1634 3994 1726 4046 ἐπὶ
1750 3992 1840 4046 λό-

253 4090 373 4144 γοις
394 4078 507 4140 τοῖς
534 4077 662 4149 περὶ
692 4077 922 4149 ούρανοῦ
951 4081 1043 4132 καὶ¹
1072 4080 1196 4152 γῆς,
1227 4082 1261 4152 ἦ
1294 4099 1437 4146 τινος
1460 4082 1567 4136 τῶν
1596 4100 1841 4156 γεγραμ-

256 4166 432 4237 μένων
477 4169 930 4239 παραδεδομένοις
984 4170 1119 4224 ἐνῶν
1169 4172 1382 4237 ἑαυτὸν,
1434 4174 1529 4227 καὶ
1577 4175 1842 4246 μηδαμῶς

258 4257 429 4312 τύτῶν
449 4259 793 4330 ἀφεστηκώς.
823 4255 992 4325 Οὗτος
1025 4263 1119 4315 καὶ
1150 4262 1422 4336 θαρρείτω
1449 4263 1551 4319 κᾶν
1577 4267 1842 4338 πρότερον

257 4349 390 4421 ιεργα
417 4349 681 4423 αἰσχύνης
708 4350 1022 4423 πεποιηκώς
1051 4369 1067 4384 ⁸
1113 4353 1148 4425 ἢ
1195 4355 1288 4408 καὶ
1320 4356 1537 4409 αἰτείτω
1569 4357 1677 4410 ἀπὸ
1706 4357 1841 4412 Θεοῦ

259 4444 468 4510 Ιὶςρεσιν,
518 4444 614 4498 καὶ
654 4445 878 4514 λεγέτω·
906 4447 1104 4514 Κύριε,
1157 4446 1242 4515 μή
1283 4464 1361 4517 με
1411 4449 1838 4517 καταισχύνῃς.

264 4537 442 4592 Ὀδὸν
461 4537 726 4591 ἐντολῶν
746 4555 862 4592 σου
886 4538 1165 4608 ἔδραμον,
1190 4539 1336 4592 ὅταν
1359 4538 1704 4605 ἑπλάτυνας
1729 4539 1843 4607 τὴν

1939 3361 2070 3401 num
2103 3347 2244 3415 ejus,
2277 3362 2343 3400 eo
2376 3361 2498 3401 sese
2527 3347 2689 3401 modo
2727 3347 2887 3417 gerit.
2917 3346 3020 3412 Qui
3058 3345 3300 3400 veritatis
3329 3358 3522 3400 amans

1938 3449 2044 3502 est,
2065 3447 2118 3492 et
2150 3439 2436 3492 mendacia
2463 3454 2559 3493 ore
2590 3454 2690 3493 suo
2717 3452 2996 3508 nunquam
3028 3437 3254 3507 profert,
3281 3436 3480 3490 dixerit
3503 3454 3518 3490 :

1953 3530 2102 3584 Viam
2132 3531 2368 3585 veritatis
2397 3530 2548 3599 elegi.
2589 3528 2696 3584 Sed
2725 3530 2889 3584 etiam
2915 3528 3006 3599 qui
3043 3528 3138 3584 Dei
3166 3527 3373 3598 judicia
3409 3542 3523 3598 pra:

1939 3624 2116 3680 oculis
2155 3638 2370 3692 semper
2412 3623 2572 3677 habet
2614 3633 2668 3677 et
2697 3623 2748 3676 in
2796 3623 2944 3677 omni
2975 3637 3138 3693 Opere
3184 3637 3286 3676 suo
3328 3636 3520 3676 eorum

1939 3715 2207 3784 meminit,
2232 3715 2410 3770 dicet:
2441 3713 2658 3768 Judicia
2691 3725 2784 3768 tua
2815 3731 2917 3768 non
2944 3731 3061 3769 sum
3090 3713 3306 3768 oblitus.

2011 3895 2178 3955 Vens.
2202 3897 2294 3964 51,
2342 3896 2432 3952 52.
2484 3895 2702 3950 Adhazsi
2733 3895 3045 3950 testimoniis
3095 3896 3223 3956 tuis,
3275 3893 3521 3956 Domine,

1941 3990 2052 4044 noli
2081 4005 2162 4044 me
2217 3989 2554 4058 confundere.
2605 3988 2702 4043 Ille
2762 3987 3091 4043 testimoniis
3135 3987 3395 4051 adhaeret,
3425 3986 3520 4056 qui

1942 4081 2292 4138 sermonibus
2335 4081 2401 4136 de
2436 4080 2578 4135 ccelo
2606 4088 2658 4134 et
2691 4089 2861 4143 terra,
2893 4079 2976 4134 vel
3007 4079 3201 4149 quavis
3229 4079 3334 4133 alia
3364 4077 3430 4134 de
3463 4093 3524 4134 re

1943 4177 2146 4246 scripto
2172 4175 2390 4229 traditis
2417 4188 2538 4230 sese
2568 4171 2793 4236 addicit,
2827 4179 2881 4227 et
2909 4171 3223 4226 nullatenus
3253 4171 3320 4226 ab
3348 4171 3415 4226 iis
3443 4186 3525 4227 re-

1942 4266 2107 4323 cedit.
2153 4265 2253 4322 Hic
2285 4280 2414 4321 vero
2451 4264 2712 4328 conﬁdat,
2761 4265 2891 4320 licet
2939 4263 3094 4334 prius
3138 4277 3304 4332 opera
3341 4262 3522 4332 turpia

1942 4359 2303 4430 perpetrarit;
2330 4359 2443 4415 sive
2465 4357 2626 4413 etiam
2659 4359 2894 4428 postulet
2923 4371 2954 4410 a
2984 4355 3095 4412 Deo
3117 4355 3523 4421 remissionem,

1943 4459 1998 4505 et
2027 4450 2175 4504 dicat
2203 4469 2216 4504 :
2249 4447 2492 4514 Domine,
2529 4448 2638 4502 noli
2681 4465 2762 4502 me
2791 4445 3131 4518 confundere.
3178 4443 3332 4497 Viam
3371 4460 3524 4497 man-

1943 4539 2193 4595 datorum
2239 4549 2448 4594 tuorum
2491 4539 2723 4602 cucurri,
2759 4553 2875 4591 cum
2915 4537 3159 4589 dilatasti
3207 4551 3295 4588 cor
3328 4551 3518 4588 meum.

253 4627 506 4697 καρδίαν
527 4647 667 4698 μου.
697 4630 1013 4700 Διέδραμον,
1045 4631 1231 4700 φησὶν,
1259 4633 1316 4684 ἐν
1347 4631 1540 4702 βραχεῖ
1573 4631 1748 4703 χρόνῳ
1777 4631 1838 4683 οὑ

1945 4633 2121 4698 Brevi,
2155 4631 2366 4701 inquit,
2417 4638 2660 4700 tempore
2702 4628 2990 4684 decucurri
3039 4642 3148 4680 non
3197 4627 3379 4689 unius,
3426 4625 3522 4680 scd

261 4721 389 4791 μιᾶς
420 4720 659 4790 ἐντολῆς,
689 4720 826 4775 ἀλλὰ
855 4720 1042 4774 πασῶν
1088 4721 1316 4774 ἐντολῶν
1349 4739 1441 4775 σου
1479 4721 1576 4794 τὴν
1606 4723 1722 4776 ὁδὸν
1753 4723 1840 4795 έρ-

255 4828 373 4880 γοις
397 4811 682 4880 ἐπιτελῶν,
716 4813 809 4866 καὶ
837 4813 1029 4878 αὐταῖς
1065 4813 1296 4885 πράξεσι
1319 4815 1388 4867 τὰ
1422 4815 1526 4867 ὑπὸ
1554 4815 1662 4867 τῶν
1693 4816 1841 4868 ἐντο-

255 4901 363 4957 λῶν
393 4921 486 4957 σου
518 4904 934 4976 διηγορευμένα.
963 4905 1124 4959 Ὅθεν
1157 4905 1251 4958 καὶ
1274 4904 1522 4970 Παῦλος,
1547 4905 1844 4968 τετελεκὼς

254 4997 432 5062 τοῦτο,
465 4997 618 5069 φησί·
657 4997 770 5052 Τὸν
792 4997 1016 5068 δρόμον
1047 4999 1349 5062 τετέλεκα,
1385 4997 1502 5066 τὴν·
1525 4997 1732 5053 πίστιν
1751 5016 1844 5053 τε-

257 5087 504 5158 τήρηκα.

325 5175 748 5246 Νομοθέτησόν
760 5195 857 5248 με,
911 5179 1108 5249 Κύριε,
1139 5179 1255 5249 τὴν
1287 5179 1432 5234 ὁδὸν
1461 5181 1578 5234 τῶν
1612 5181 1845 5235 δικαιω-

255 5267 460 5338 μάτων
483 5284 620 5323 σου·
663 5270 762 5324 καί
807 5269 1115 5341 animum
1157 5271 1353 5342 αὐτὴν
1379 5273 1723 5341 διαπαντός.
1762 5274 1845 5327 Τὰ

264 5358 362 5429 μὲν
389 5359 500 5432 γάρ
533 5361 684 5432 παρὰ
709 5361 802 5415 τοῦ
837 5363 972 5416 Θεοῦ
1004 5366 1164 5428 αἰτεῖ,
1191 5363 1254 5417 τὸ
1281 5365 1338 5418 δὲ
1369 5365 1758 5434 ἐπαγγέλλεται
1784 5365 1843 5434 ἐξ

262 5450 454 5505 ἑαυτοῦ
479 5453 871 5525 συνεισφέρειν.
901 5455 972 5509 Σὺ
996 5456 1240 5526 μὲνγὰρ,
1274 5458 1458 5528 φησὶν,
1477 5451 1730 5529 ῶΚύριε,
1759 5474 1844 5510 νο-

265 5540 563 5613 μοθέτησόν
602 5559 669 5613 με
700 5542 798 5614 τὴν
828 5543 945 5598 ὁδὸν
971 5544 1079 5599 τῶν
1103 5545 1485 5618 δικαιωμάτων
1515 5564 1628 5600 σου’
1656 5544 1766 5616 ἐγὼ
1785 5545 1842 5599 δὲ

261 5633 353 5687 τὸν
381 5635 480 5705 τῆς
506 5637 652 5708 ζωῆς
681 5655 780 5709 μου
834 5639 1050 5695 ἅπαντα
1093 5641 1280 5712 χρόνον
1310 5641 1557 5696 ἐπιδώσω
1605 5642 1664 5696 ὲν
1692 5638 1841 5711 αὐτῷ

263 5726 347 5792 τίς
373 5727 703 5802 ἀναζήτησιν
733 5731 921 5803 αὐτῆς.

335 5878 362 5918 ⁸
392 5879 438 5937 ll
469 5879 608 5941 Tim.
646 5901 720 5952 tv,
757 5885 808 5940 7.

1941 4726 2183 4780 omnium
2216 4724 2597 4778 mandatorum
2630 4731 2847 4777 tuorum
2875 4723 3038 4780 viam,
3064 4720 3325 4789 operibus
3350 4726 3404 4773 et
3431 4733 3524 4773 ac-

1941 4818 2188 4872 tionibus
2209 4818 2346 4872 meis
2368 4831 2430 4870 ea
2452 4818 2756 4886 complens,
2781 4830 2904 4884 quae
2923 4813 3198 4868 mandatis
3221 4812 3331 4868 tuis
3349 4827 3524 4866 enun-

1941 4910 2162 4964 tiantur.
2188 4908 2551 4974 Quamobrem
2577 4907 2778 4962 Paulus
2805 4921 2928 4960 cum
2963 4921 3026 4960 ea
3062 4911 3522 4967 consummasset,

1942 5001 2018 5056 ait
2052 5016 2065 5052 :
2104 4999 2334 5055 Cursum
2367 4997 2747 5064 consummavi,
2784 4994 2943 5066 ﬁdem
2971 4995 3174 5050 servavi
3195 4997 3239 5050 '.

2015 5174 2184 5231 Vens.
2212 5175 2300 5229 ³55.
2335 5173 2521 5244 Legem
2561 5188 2695 5242 pone
2725 5171 2873 5234 mihi,
2905 5171 3148 5235 Domine,
3198 5171 3337 5224 viam
3361 5168 3526 5238 justi-

1946 5269 2252 5339 [icationum
2286 5274 2520 5330 tuarum,
2554 5275 2605 5320 et
2639 5265 2915 5336 exquiram
2949 5280 3065 5318 eam
3102 5277 3320 5328 semper.
3362 5259 3524 5314 Aliud

1949 5377 1979 5416 a
2015 5361 2126 5416 Deo
2159 5359 2314 5430 petit,
2350 5358 2499 5414 aliud
2534 5374 2600 5414 ex
2625 5364 2781 5429 parte
2809 5371 2908 5412 sua
2937 5371 2996 5413 se
3041 5354 3363 5408 collaturum
3393 5367 3525 5420 pro-

1947 5453 2134 5509 mittit.
2163 5451 2245 5505 Tu
2283 5452 2449 5516 enim,
2485 5450 2686 5521 inquit,
2722 5447 2970 5514 Domine,
3021 5447 3193 5517 legem
3221 5459 3362 5514 pone
3389 5443 3524 5498 mihi

1947 5549 2089 5604 viam
2119 5545 2577 5618 justiﬁeationum
2608 5551 2826 5597 tuarum
2864 5557 2879 5596 :
2908 5555 3009 5612 ego
3041 5547 3220 5593 autem
3261 5545 3377 5591 toto
3401 5536 3526 5592 vita:

1948 5657 2082 5699 mea:
2113 5648 2359 5712 tempore
2389 5637 2445 5694 in
2473 5636 2593 5708 ejus
2621 5633 2977 5708 inquisitione
3002 5630 3315 5704 persistam.
