3992 6404
416 338 575 398 ’1571
1123 339 1393 398 EUSEBll
1430 339 1907 397 CESARIENSIS
1944 337 2296 396 OPP.PARS
2334 337 2424 395 lll.
2462 367 2535 380 -—
2570 336 2977 395 EXEGETICA.
3577 336 3732 393 1573

508 449 676 507 Vens.
711 452 797 507 54.
830 451 911 505 Da
942 451 1070 505 mihi
1100 452 1440 513 intellectum,
1473 464 1521 507 et
1550 451 1828 507 scrutabor
1853 451 2015 521 legem
2043 489 2052 511 λ

2185 448 2515 503 Συνέτισόν
2534 466 2632 519 με,
2669 450 2766 503 καὶ
2790 448 3166 517 ἐξερευνήσω
3203 450 3311 507 τὸν
3337 453 3542 522 νόμον
3574 467 3726 513 σου.

442 549 610 604 tuam,
654 551 701 593 et
738 542 1029 594 custodiam
1085 541 1235 594 illam
1283 543 1337 596 in
1380 552 1489 597 toto
1522 542 1675 596 corde
1716 559 1849 596 meo.
1882 540 2013 596 Vult

2160 543 2218 596 al
2264 542 2512 611 φυλάξω
2539 543 2726 599 αὑτὸν
2761 544 2831 597 ἐν
2857 543 2971 612 ὅλῃ
3000 544 3212 613 καρδίᾳ
3252 564 3394 616 μου.
3443 544 3728 598 Βούλει-ται

441 634 703 704 propheta
738 634 909 704 legem
947 633 1040 689 Dei
1080 635 1339 700 scrutari,
1371 652 1574 707 gnarus
1605 652 1725 691 eam
1758 651 1866 690 non
1904 636 2018 690 cla-

2160 635 2466 706 ξερευνῆσαι
2494 635 2586 687 τὸν
2628 634 2788 706 νόμον
2816 635 2909 689 τοῦ
2943 636 3077 689 Θεοῦ
3104 640 3132 690 ὁ
3164 639 3451 709 προφήτης
3482 638 3729 690 ἐπιστά-

442 739 559 776 ram
594 730 647 777 et
685 734 844 793 captu
880 722 1115 779 facilem.
1169 723 1355 795 Itaque
1397 725 1466 779 da
1497 726 1629 779 mihi
1662 726 2015 790 intellectum,

2160 743 2298 789 ενος,
2326 727 2408 779 ὃτι
2439 727 2539 779 οὐκ
2568 725 2682 779 ἔστι
2710 728 2886 798 σαφὴς
2912 728 3006 780 καὶ
3032 730 3535 802 εὐκαταφρόνητος.
3588 732 3722 782 Συν-

443 818 539 882 ait,
572 829 631 871 ut
673 818 994 887 congruenti
1024 832 1149 871 cum
1183 817 1434 873 examine
1478 826 1533 873 et
1570 820 1868 872 attentione
1898 832 2020 887 per-

2160 816 2294 870 εισόν
2313 834 2380 888 με
2396 818 2594 881 τοίνυν,
2608 818 2696 872 ἵνα
2711 819 2927 888 ζητήσω
2942 820 3101 872 αὐτὸν
3119 822 3255 891 μετὰ
3270 823 3367 891 τῆς
3382 822 3723 893 πρεπούσης

444 908 656 977 quiram
704 908 881 974 illam;
912 914 970 960 ut
999 924 1066 961 ex
1114 908 1206 961 illa
1236 923 1415 962 rerum
1442 924 1580 978 quas
1606 909 1692 963 vel
1739 924 1897 978 agere
1937 907 2020 962 vel

2160 909 2348 980 ρεύνης
2374 912 2468 962 καὶ
2491 910 2835 977 ἐπιστασίας,
2857 912 2933 974 ὡς
2962 912 3020 976 ἐξ
3046 913 3207 965 αὑτοῦ
3231 914 3413 967 λαϐεῖν
3440 914 3558 967 τῶν
3582 932 3727 983 πρα-

443 998 801 1068 contemplari
829 1013 966 1067 opus
993 1005 1095 1061 est,
1127 1013 1287 1051 usum
1337 1005 1668 1067 captumque
1708 1011 1968 1066 assequar
2003 1015 2015 1049 :

2160 1003 2292 1056 τέων
2321 1003 2413 1056 καὶ
2436 1002 2726 1075 θεωρητῶν
2750 1003 2847 1075 τὴν
2871 1004 3064 1074 χρῆσιν
3091 1007 3181 1057 καὶ
3210 1008 3548 1076 κατάληψιν
3582 1006 3727 1059 οὕτω

444 1092 525 1145 sic
558 1105 792 1159 namque
825 1100 1014 1159 potero
1045 1104 1163 1143 eam
1199 1090 1254 1142 in
1283 1096 1396 1142 toto
1425 1087 1590 1143 corde
1620 1089 1923 1150 custodire,
1958 1103 2021 1141 ac

2162 1094 2231 1166 ὰρ
2262 1095 2561 1166 δυνήσομαι
2596 1094 2825 1165 φυλάξαι
2877 1097 3037 1150 αὐτὸν
3073 1099 3129 1149 ὲν
3173 1098 3267 1168 ὅλῃ
3314 1099 3523 1171 καρδίᾳ
3568 1099 3724 1151 live»-

445 1184 565 1237 sine
587 1181 931 1237 dubitatione
953 1182 1103 1236 adire
1131 1182 1297 1235 illam.
1325 1180 1481 1245 Quod
1506 1181 1551 1236 si
1583 1181 1857 1235 intellectu
1886 1196 2021 1249 opus

2160 1190 2388 1251 οιάστως
2405 1186 2554 1257 αὐτῷ
2580 1189 3036 1260 προσερχόμενος.
3073 1190 3135 1242 El
3164 1189 3219 1241 δὲ
3243 1190 3523 1253 συνέσεως
3554 1190 3728 1242 δεῖται

446 1273 516 1327 sit
546 1282 603 1326 ut
634 1274 802 1343 legem
835 1274 1100 1327 duntaxat
1130 1272 1414 1334 scruteris,
1445 1280 1702 1341 quantam
1736 1286 1765 1323 a
1810 1271 1915 1325 Deo
1941 1271 2024 1324 in-

2124 1278 2211 1331 ἴνα
2240 1278 2395 1348 μόνον
2422 1281 2688 1352 ἐρευνήσῃ
2720 1280 2810 1333 τὸν
2836 1282 3019 1351 νόμον,
3051 1282 3193 1345 τίνος
3221 1282 3414 1346 δεῖται,
3450 1283 3729 1343 συνέσεως

445 1365 802 1434 telligentiam
833 1366 1083 1436 accipere
1112 1381 1250 1435 opus
1279 1367 1468 1422 habes.
1499 1373 1555 1419 ut
1591 1364 1751 1419 linem
1790 1365 1908 1433 ejus
1940 1380 2025 1419 re-

2124 1370 2231 1422 ἀπὸ
2254 1370 2389 1422 Θεοῦ
2415 1370 2715 1443 διδομένης,
2744 1373 2829 1425 ἵνα
2860 1372 2991 1444 εὕρῃ
3020 1373 3081 1425 τὸ
3104 1373 3287 1438 τὲλος;

447 1456 667 1525 perias?

518 1545 685 1601 Vens.
717 1548 806 1601 55.
854 1546 1028 1600 Deduc
1062 1564 1140 1600 me
1172 1548 1224 1599 in
1253 1549 1493 1601 semitam
1516 1547 1890 1600 mandatorum
1918 1556 2030 1598 tuo-

449 1655 588 1702 rum,
619 1640 745 1708 quia
778 1640 948 1707 ipsam
980 1638 1141 1693 volui.
1170 1637 1272 1691 Hic
1296 1642 1539 1693 semitam
1577 1655 1674 1708 pro
1705 1640 1817 1708 lege
1850 1638 1982 1691 dicit
2011 1656 2024 1691 :

447 1744 574 1782 nam
619 1730 1001 1784 mandatorum
1038 1732 1231 1784 semita
1262 1731 1511 1800 quaedam
1543 1739 1645 1785 est.
1693 1728 1899 1784 Semita
1929 1744 2027 1781 au—

448 1830 559 1876 tem
592 1822 794 1876 dicitur
824 1823 905 1876 via
940 1825 1091 1885 trita,
1144 1823 1199 1876 in
1232 1839 1336 1893 qua
1371 1823 1526 1876 multi
1576 1832 1700 1877 ante
1744 1836 1845 1877 nos
1891 1821 2027 1890 justi
2064 1792 2105 1845 Β

450 1914 819 1969 ambularunt.
872 1914 926 1970 Si
956 1918 1080 1985 quis
1120 1927 1301 1972 autem
1328 1916 1478 1984 justo
1508 1917 1647 1970 duce
1676 1930 1783 1969 non
1821 1922 2026 1980 utatur,

449 2019 558 2059 non
586 2011 763 2074 potest
797 2006 1098 2059 secundum
1135 2013 1401 2075 praecepta
1433 2004 1526 2058 Dei
1569 2005 1867 2058 ambulare.
1894 2001 2027 2055 Nam

449 2095 656 2151 Christi
714 2112 817 2151 nos
875 2096 1178 2151 imitatores
1238 2113 1381 2165 esse,
1428 2111 1493 2151 ac
1536 2096 1731 2150 tollere
1787 2108 2027 2159 crucem,

454 2190 744 2258 ipsumque
786 2189 941 2257 sequi
983 2195 1219 2257 oportet.

524 2278 693 2335 Vens.
726 2280 795 2335 56
816 2309 843 2319 -
859 2280 947 2334 40.
975 2279 1184 2333 Inclina
1208 2296 1299 2333 cor
1322 2295 1493 2332 meum
1516 2280 1569 2331 in
1593 2278 1889 2332 testimonia
1917 2286 2029 2341 tua,

453 2380 504 2425 et
550 2374 734 2425 nonin
767 2373 1068 2425 avaritiam.
1106 2373 1292 2425 Averte
1340 2371 1517 2426 oculos
1554 2388 1693 2425 meos
1729 2387 1790 2424 ne
1820 2370 2031 2424 videant

456 2465 775 2525 vanitatem;
809 2466 863 2517 in
897 2466 979 2517 via
1021 2474 1110 2517 tua
1145 2465 1347 2532 viviﬁca
1398 2481 1496 2519 me.
1543 2462 1730 2519 Statue
1758 2480 1904 2516 servo
1945 2473 2035 2516 tuo

454 2556 716 2626 eloquium
760 2566 905 2609 tuum
947 2560 1000 2610 in
1036 2557 1221 2610 timore
1267 2566 1378 2610 tuo.
1426 2560 1658 2625 Amputa
1701 2556 2037 2627 opprobrium

458 2664 629 2701 meum
652 2648 788 2718 quod
811 2648 1109 2716 suspicatus
1133 2665 1271 2711 sum,
1299 2650 1421 2718 quia
1440 2648 1646 2718 judicia
1671 2658 1760 2702 tua
1772 2648 2034 2718 jucunda.

460 2740 596 2796 Ecce
622 2742 891 2809 concupiui
922 2741 1175 2794 mandata
1225 2750 1335 2805 tua,
1377 2742 1431 2793 in
1469 2740 1685 2809 justitia
1717 2751 1807 2793 tua
1836 2741 2040 2809 vivi/ica

459 2848 562 2886 me.
599 2831 794 2887 Omnia
824 2832 891 2887 ad
927 2832 1094 2888 Deum
1128 2833 1231 2886 viri
1263 2833 1438 2887 sancti
1473 2831 1739 2895 referunt,
1776 2831 2040 2885 docentes

462 2925 601 2979 nihil
628 2939 731 2979 nos
766 2926 885 2979 sine
915 2924 1026 2979 Deo
1052 2938 1235 2994 posse.
1270 2922 1389 2978 Nisi
1419 2924 1558 2977 enim
1600 2924 1653 2976 in
1682 2939 1760 2975 me
1786 2922 2043 2976 manseri-

465 3016 557 3079 tis,
585 3015 781 3084 inquit,
815 3014 947 3068 nihil
972 3017 1188 3083 potestis
1212 3015 1384 3083 facere
1413 3015 1477 3068 ¹⁰.
1512 3012 1619 3068 Sed
1650 3013 1883 3069 fortasse
1905 3028 2045 3068 non-

465 3122 628 3161 nemo
656 3106 858 3161 dixerit
910 3125 922 3159 :
959 3104 1016 3160 Si
1054 3106 1237 3160 omnia
1266 3106 1333 3159 ad
1367 3105 1537 3160 Deum
1585 3103 1918 3170 referuntur,
1952 3104 2044 3159 ubi

2211 1544 2539 1615 Ὀδήγησόν
2573 1562 2650 1614 με
2695 1545 2765 1597 ἐν
2805 1544 2880 1611 τῇ
2921 1546 3095 1613 τρίϐῳ
3136 1544 3254 1598 τῶν
3278 1545 3560 1598 ἐντολῶν
3591 1561 3729 1609 σου,

2129 1637 2217 1690 ὅτι
2248 1636 2442 1705 αὐτὴν
2462 1636 2754 1705 ἠθέλησα.
2808 1639 2923 1689 Ἵνα
2954 1637 3084 1709 εἴπῃ
3115 1638 3205 1690 τὸν
3237 1638 3424 1706 νόμον,
3473 1638 3604 1707 ἢτοι
3638 1639 3733 1707 τὴν

2129 1730 2331 1801 τρίὸοψ
2387 1729 2502 1782 ἔστι
2542 1730 2650 1800 γὰρ
2678 1730 2905 1783 ἐντολῶν
2936 1729 3141 1801 τρίϐος.
3172 1729 3369 1801 Τρίϐος
3403 1730 3464 1782 δὲ
3515 1729 3733 1797 λέγεται

2132 1824 2165 1894 ἡ
2197 1823 2529 1895 τετριμμένη
2564 1823 2698 1887 ὁδὸς,
2724 1825 2789 1893 ἣν
2822 1823 3005 1876 πολλοὶ
3031 1822 3136 1893 πρὸ
3157 1824 3312 1893 ἡμῶν
3341 1824 3734 1895 ἐπορεύθησαν

2133 1914 2241 1968 τῶν
2274 1914 2515 1967 δικαίων.
2562 1915 2686 1968 Ἐὰν
2719 1915 2775 1967 δέ
2802 1933 2883 1979 τις
2916 1916 2989 1987 μὴ
3014 1915 3193 1987 ὁδηγῷ
3222 1919 3505 1986 χρήσηται
3553 1917 3635 1984 τῷ
3664 1917 3732 1967 δι-

2135 2009 2292 2077 καίῳ,
2324 2008 2383 2060 οὐ
2410 2008 2630 2061 δύναται
2657 2008 2869 2062 ὁδεῦσαι
2900 2009 3041 2061 κατὰ
3070 2010 3168 2072 τὰς
3198 2009 3421 2071 ἐντολὰς
3447 2007 3556 2059 τοῦ
3582 2006 3712 2059 Θεοῦ

2136 2099 2372 2171 Χριστοῦ
2400 2101 2507 2172 γὰρ
2533 2102 2676 2171 ἡμᾶς
2710 2101 2789 2153 δεῖ
2834 2101 3072 2169 γίνεσθαι
3113 2102 3377 2173 μιμητὰς,
3428 2101 3533 2153 καὶ
3567 2099 3735 2170 culpat!

2135 2192 2226 2244 τὸν
2251 2192 2501 2263 σταυρὸν,
2538 2193 2629 2246 καὶ
2659 2193 2969 2247 ἀκολουθεῖν
2998 2194 3176 2247 ὀπίσω
3213 2192 3376 2247 αὐτοῦ

2209 2282 2432 2337 Ιίλῖνον
2461 2283 2576 2352 τὴν
2617 2284 2870 2353 καρδίαν
2891 2303 3011 2354 μου
3049 2287 3137 2350 εὶς
3173 2285 3244 2338 τὰ
3261 2282 3577 2354 μαρτύριά
3605 2301 3735 2345 σου.

2140 2374 2238 2428 καὶ
2281 2375 2367 2445 μὴ
2415 2377 2503 2439 εἰς
2543 2375 2927 2441 πλεονεξίαν.
2976 2377 3395 2445 Ἀπόστρεψον
3440 2376 3600 2441 τοὺς
3644 2376 3739 2443 εξε-

2140 2468 2406 2536 θαλμούς
2425 2486 2546 2537 μου
2574 2469 2681 2523 τοῦ
2702 2467 2788 2538 μὴ
2823 2468 2969 2522 ίδεῖν
2990 2471 3374 2539 ματαιότητα·
3418 2470 3493 2520 ἐν
3518 2466 3605 2535 τῇ
3634 2465 3743 2530 ιτδῷ

2141 2575 2258 2613 σου
2297 2558 2483 2627 ζῆσόν
2517 2577 2613 2629 με.
2665 2560 2906 2630 Στῆσον
2944 2558 3024 2626 τῷ
3052 2560 3251 2629 δούλῳ
3278 2574 3393 2614 σου
3427 2557 3499 2611 τὸ
3533 2560 3745 2626 λότιόν

2143 2666 2258 2705 σου
2296 2653 2384 2717 εὶς
2421 2650 2528 2705 τὸν
2565 2652 2754 2720 φόϐον
2785 2666 2923 2707 σου.
2968 2654 3212 2721 Περίελε
3246 2650 3355 2705 τὸν
3386 2650 3745 2720 ὀνειδιστιιὴ⁹

2138 2760 2257 2812 μου
2286 2740 2358 2795 ὃν
2384 2739 2772 2808 ὑπώπτευσα,
2802 2744 2893 2797 ὅτι
2923 2742 2995 2797 τὰ
3032 2741 3287 2813 κρίματὰ
3324 2756 3445 2797 σου
3477 2740 3727 2811 χρηστά

2158 2831 2302 2887 Ἰδοὺ
2332 2832 2682 2903 ἐπεθύμησα
2705 2836 2811 2900 τὰς
2842 2834 3095 2901 ἐντολάς
3120 2849 3257 2899 σου,
3292 2834 3363 2887 ἐν
3397 2832 3479 2902 τῇ
3518 2834 3747 2887 δικαιε-

2147 2923 2311 2991 σύνῃ
2368 2940 2488 2979 σου
2544 2923 2729 2995 ζῆσόν
2760 2943 2855 2995 με.
2913 2927 3099 2979 Πάντα
3156 2927 3248 2979 ἐπὶ
3294 2927 3384 2979 τὸν
3436 2924 3580 2979 Θεον
3616 2925 3747 2977 ἀνα·-

2150 3014 2402 3085 φέρουσιν
2431 3017 2480 3068 οἱ
2509 3017 2677 3085 ἆγιοι,
2720 3016 3056 3081 διδάσκοντες
3095 3019 3262 3088 ἡμᾶς,
3297 3018 3380 3070 ὅτι
3405 3019 3584 3089 χωρὶς
3614 3012 3749 3068 Θεοῦ

2148 3109 2299 3165 οὐδὲν
2314 3108 2610 3179 δυνάμεθα.
2647 3110 2788 3164 Ἐὰν
2806 3109 2915 3178 γὰρ
2934 3108 3021 3178 μὴ
3047 3109 3117 3163 ἐν
3141 3109 3293 3179 ἐμοὶ,
3319 3109 3478 3179 φησὶ,
3498 3108 3747 3177 μένητε,

465 3207 551 3255 est
590 3199 645 3253 id
674 3198 821 3269 quod
853 3215 986 3253 mea:
1018 3198 1296 3254 facultatis
1327 3200 1449 3254 est?
1479 3198 1576 3253 Sin
1609 3198 1815 3263 minus,
1840 3198 2049 3268 ubique

2160 3199 2331 3254 οὐδὲν
2354 3199 2620 3253 δύνασθε
2643 3198 2856 3252 ποιεῖν.
2895 3199 3033 3252 Ἀλλ’
3054 3200 3181 3263 ἴσως
3205 3217 3289 3262 τις
3311 3200 3446 3270 ἐρεῖο
3474 3199 3539 3251 Ei
3570 3198 3753 3251 πάντα

468 3306 601 3346 sane
635 3291 829 3345 miscet
850 3305 913 3345 ea
937 3306 1058 3361 quae
1087 3306 1117 3344 a
1145 3290 1257 3345 Deo
1290 3298 1419 3346 sunt
1449 3306 1573 3345 cum
1605 3291 1673 3346 iis
1718 3306 1838 3361 quae
1866 3291 1921 3344 in
1946 3305 2049 3344 no-

471 3394 587 3442 stra
628 3392 756 3440 sunt
791 3393 1086 3457 potestate.
1125 3385 1171 3438 A
1211 3384 1325 3439 Deo
1356 3394 1506 3439 certe
1540 3384 1673 3438 illud
1699 3390 1782 3439 est
1819 3402 1831 3438 :
1866 3381 2052 3451 Legem

470 3494 604 3550 pone
632 3477 783 3542 mihi,
819 3476 1065 3545 Domine,
1112 3479 1252 3531 viam
1293 3477 1749 3546 justiﬁcationum
1797 3484 2051 3541 tuarum;

473 3578 785 3625 nostrarum
813 3576 992 3624 autem
1026 3569 1263 3639 partium
1312 3576 1396 3624 est
1427 3567 1562 3622 illud
1614 3587 1627 3623 :
1680 3566 1751 3621 Et
1781 3568 2055 3637 exquiram

472 3680 591 3718 eam
621 3679 840 3733 semper.
875 3662 918 3715 A
956 3661 1063 3716 Deo
1096 3677 1314 3717 rursum
1346 3662 1563 3731 postulo
1594 3677 1606 3712 :
1640 3660 1723 3713 Da
1752 3659 1883 3713 mihi
1908 3657 2057 3713 intel-

477 3757 691 3819 lectum,
730 3764 779 3807 et
804 3753 1082 3808 scrutabor
1117 3754 1280 3824 legem
1328 3762 1497 3816 tuam,
1528 3752 1595 3807 ad
1637 3768 1723 3809 me
1763 3768 1894 3808 vero
1930 3768 2057 3824 per—

479 3846 613 3901 tinet
642 3844 779 3900 illud
812 3864 824 3899 :
854 3843 923 3897 Et
953 3844 1249 3897 custodiam
1279 3843 1431 3897 illam
1464 3845 1521 3897 in
1566 3852 1674 3899 toto
1720 3842 1876 3898 corde
1920 3860 2053 3899 meo.

479 3936 667 3990 Tertio
692 3936 820 3991 item
840 3950 871 3988 a
893 3934 1004 3991 Deo
1037 3936 1091 3989 id
1132 3943 1328 4005 expeto
1356 3954 1370 3990 :
1402 3934 1584 3990 Deduc
1618 3952 1696 3990 me
1738 3937 1791 3987 in
1817 3937 2057 3989 semitam

481 4028 854 4081 mandatorum
888 4036 1096 4080 tuorum
1134 4041 1152 4078 .'
1187 4026 1318 4096 quid
1359 4034 1539 4081 autem
1575 4026 1641 4080 ad
1691 4042 1775 4080 me
1809 4028 2061 4095 spectat?

483 4117 625 4184 Quia
672 4118 842 4184 ipsam
876 4116 1036 4179 volui,
1068 4116 1321 4170 videlicet
1375 4117 1549 4186 legem
1583 4130 1748 4186 supra
1790 4132 2059 4170 memoru-

484 4218 623 4275 tam;
656 4210 729 4261 ita
760 4215 820 4261 ut
852 4216 1101 4277 petamus
1146 4216 1202 4261 ut
1232 4223 1352 4278 quae
1381 4223 1410 4262 τι
1438 4207 1549 4263 Deo
1581 4218 1709 4263 sunt
1739 4209 1919 4263 adsint
1962 4224 2063 4261 no-

487 4299 592 4363 bis,
620 4314 683 4353 ea
711 4300 1090 4369 promittentes
1118 4314 1238 4369 quae
1260 4306 1465 4355 nostrae
1491 4298 1769 4353 facultatis
1796 4308 1944 4362 sunt,
1977 4314 2067 4353 ne-

488 4404 595 4459 que
639 4390 795 4444 irrita
828 4390 919 4444 illa
968 4388 1255 4456 facientes,
1286 4405 1355 4444 ne
1382 4396 1541 4459 pacta
1571 4404 1695 4443 cum
1733 4387 1841 4443 Deo
1877 4397 2064 4442 nostra

488 4484 769 4538 violemus.

564 4574 726 4631 Vens.
754 4576 815 4628 41
838 4605 864 4616 -
882 4575 970 4628 48.
999 4573 1067 4627 Et
1090 4574 1259 4627 veniat
1282 4588 1437 4642 super
1454 4587 1534 4625 me
1560 4572 1922 4625 misericordia
1950 4580 2067 4635 tua,

493 4670 735 4733 Domine,
772 4669 1008 4722 salutare
1040 4678 1187 4720 tuum
1219 4664 1504 4719 secundum
1544 4663 1754 4717 verbum
1791 4672 1959 4718 tuum.
2005 4662 2072 4715 Et

494 4760 812 4832 respondebo
840 4757 1280 4829 exprobrantibus
1302 4755 1430 4809 mihi
1460 4755 1692 4819 verbum,
1722 4755 1847 4825 quia
1869 4755 2074 4822 speravi

496 4856 549 4907 in
579 4852 906 4908 sermonibus
937 4854 1060 4905 tuis.
1094 4850 1161 4903 Et
1196 4866 1258 4903 ne
1282 4849 1495 4917 auferas
1519 4847 1582 4901 de
1605 4863 1692 4901 ore
1722 4863 1834 4900 meo
1865 4846 2075 4900 verbum

494 4948 733 5002 ueritatis
769 4961 928 5013 usque
959 4943 1129 5008 valde,
1165 4944 1289 5013 quia
1327 4943 1378 4993 in
1415 4939 1639 5008 judiciis
1666 4940 1770 4992 tuis
1803 4953 2073 5007 superspe-

500 5040 632 5093 ravi.
676 5037 743 5089 Et
784 5035 1077 5089 custodiam
1110 5033 1270 5103 legem
1309 5040 1451 5083 tuam
1481 5046 1702 5098 semper,
1735 5030 1787 5082 in
1823 5028 2076 5082 sazculum

499 5141 549 5185 et
584 5132 637 5182 in
676 5128 928 5183 sceculum
961 5126 1161 5200 seaculi.
1195 5124 1263 5178 Et
1296 5123 1635 5178 ambulabam
1675 5124 1730 5176 in
1772 5122 2074 5187 latitudine,

501 5224 627 5295 quia
651 5222 907 5275 mandata
944 5230 1035 5273 tua
1061 5219 1334 5287 exquisivi.
1378 5216 1445 5270 Et
1479 5217 1725 5287 loquebar
1758 5217 1811 5269 in
1844 5216 2079 5269 testimo-

504 5319 604 5371 niis
635 5317 739 5369 tuis
798 5317 854 5369 in
901 5324 1178 5383 conspectu
1222 5329 1420 5382 regum,
1456 5321 1505 5365 et
1560 5327 1661 5362 non
1697 5306 2076 5376 confundebar.

505 5408 619 5464 lloc
644 5408 869 5479 pulchre
891 5406 1240 5477 quadraverit
1264 5407 1319 5459 in
1343 5420 1465 5459 eum
1490 5403 1580 5473 qui
1606 5401 1672 5454 ad
1701 5415 1899 5454 nomen
1923 5398 2081 5454 Chri-

508 5503 575 5554 sti
607 5500 974 5555 confitendum
1003 5508 1127 5553 ante
1168 5513 1321 5570 rcges
1351 5506 1404 5551 et
1442 5494 1701 5566 praesides
1732 5492 1968 5547 ducitur.
2012 5489 2081 5544 Et

508 5592 801 5647 meditabar
834 5593 887 5645 in
920 5591 1183 5646 mandatis
1225 5591 1349 5656 tuis,
1382 5604 1497 5658 qua:
1523 5586 1688 5642 dilexi
1710 5584 1878 5641 ualde.
1922 5582 1983 5637 Et
2012 5583 2083 5638 le-

581 5773 625 5807 ⁸⁸
658 5769 815 5825 loan.
856 5786 939 5835 xv,
976 5773 1028 5825 ι.

2151 3289 2481 3361 ἀναφέρεται
2510 3290 2602 3342 ἐπὶ
2629 3289 2719 3343 τὸν
2750 3289 2904 3357 Θεὸν,
2937 3288 3041 3343 ποῦ
3068 3290 3128 3342 τὸ
3153 3292 3238 3343 ἐπ’
3269 3290 3424 3360 ἐμοί;
3466 3290 3532 3342 El
3559 3290 3623 3342 δὲ
3655 3289 3751 3361 μὴ,

2153 3379 2427 3450 πανταχοῦ
2466 3380 2731 3448 ὲπέπλεξε
2782 3385 2896 3446 τοῖς
2938 3382 3046 3435 ἀπὸ
3079 3381 3172 3435 τοῦ
3203 3381 3338 3435 Θεοῦ
3375 3381 3446 3435 τὰ
3475 3382 3564 3451 ἐφ’
3596 3384 3749 3454 ἡμῖν.

2165 3471 2298 3524 Ἀπὸ
2334 3471 2429 3525 τοῦ
2476 3472 2612 3526 Θεοῦ
2655 3472 2736 3526 τό’
2788 3473 3211 3543 Νομοθέτησόν
3237 3491 3334 3544 με,
3382 3476 3593 3542 Κύριε,
3640 3476 3754 3543 τὴν

2154 3562 2299 3617 ὁδὸν
2322 3562 2441 3618 τῶν
2468 3563 2880 3634 δικαιωμάτων
2907 3581 3044 3620 σου⁸
3076 3566 3137 3618 τὸ
3164 3567 3207 3619 δ’
3236 3568 3319 3636 ἐφ’
3347 3566 3635 3637 ἡμῖν-Καὶ
3656 3568 3758 3619 ἐκ·-

2156 3654 2388 3724 ζητήσω
2423 3657 2619 3726 αὐτὴν
2661 3660 3003 3725 διαπαντός.
3052 3659 3183 3711 Ἀπὸ
3216 3657 3349 3711 Θεοῦ
3385 3657 3526 3711 αἰτῶ
3562 3659 3749 3712 πάλιν·

2156 3746 2491 3802 Συνέτισόν
2528 3765 2626 3819 με,
2664 3748 2763 3802 καὶ
2798 3749 3175 3817 ἐξερευνήσω
3214 3747 3321 3803 τὸν
3370 3750 3566 3819 νόμον
3609 3766 3753 3804 σου.

2140 3839 2231 3901 ;Τὸ
2261 3839 2307 3892 δ’
2341 3840 2427 3892 ἐπ’
2458 3840 2598 3911 ἐμοί·
2632 3841 2742 3896 Καὶ
2777 3840 3025 3910 φυλάξω
3054 3841 3241 3896 αὑτὸν
3268 3842 3339 3894 ἐν
3366 3841 3480 3910 ὅλῃ
3512 3842 3753 3911 καρδίᾳ.

2160 3931 2272 3985 Καὶ
2304 3932 2485 4002 τρίτον
2517 3932 2624 3984 ἀπὸ
2651 3932 2786 3985 Θεοῦ
2820 3933 2954 3986 αἰτῶ
2982 3933 3174 4001 λέγων·
3222 3932 3557 4000 Ὀδήγησόν
3575 3949 3655 3999 με
3687 3932 3760 3985 ἐν

2159 4023 2334 4089 τρίϐῳ
2373 4022 2490 4075 τῶν
2521 4023 2784 4078 ἐντολῶν
2822 4040 2957 4078 σουο
2987 4024 3040 4077 τί
3074 4023 3133 4079 τὸ
3161 4024 3247 4077 ἐπ’
3290 4023 3446 4093 ὲμοί;
3483 4023 3617 4075 Ὀτι
3648 4024 3760 4076 αὺ-

2162 4112 2267 4165 τὸν
2292 4112 2581 4181 ἠθέλησα·
2630 4114 2787 4184 δῆλον
2817 4114 2873 4167 δὲ
2930 4116 3012 4167 ὅτι
3043 4115 3132 4167 τὸν
3161 4114 3416 4185 ἀνωτέρω
3461 4113 3763 4183 εἰρημένον

2161 4202 2344 4274 νόμον,
2368 4203 2510 4257 ὥστε
2532 4204 2772 4275 αἰτῶμεν
2791 4205 2989 4264 τὰ,ἀπὸ
3017 4204 3152 4258 Θεοῦ
3174 4203 3577 4276 προσγενέσθαι
3598 4205 3762 4273 ἡμῖν,

2163 4292 2620 4365 ἐπαγγελλόμενοι
2653 4295 2745 4347 καὶ
2791 4295 2860 4347 τὰ
2898 4295 2983 4363 ἐφ’
3023 4296 3155 4365 ἡμῖν
3181 4296 3275 4348 καὶ
3306 4294 3378 4364 μὴ
3407 4294 3763 4363 ψευδόμενοι,

2166 4381 2253 4436 ἵνα
2284 4384 2359 4455 μὴ
2390 4384 2490 4448 τὰς
2518 4384 2653 4456 πρὸς
2686 4385 2817 4437 Θεὸν
2848 4383 3129 4454 ἀθετῶμεν
3158 4384 3446 4455 συνθήκας.

2244 4577 2355 4631 Καὶ
2386 4576 2553 4631 ἔλθοι
2581 4577 2673 4631 ἐπ’
2719 4578 2824 4648 ἐμὲ
2855 4578 2919 4632 τὸ
2953 4578 3127 4644 ἔλεός
3148 4593 3285 4643 σου,
3320 4579 3517 4645 Κύριε,
3542 4576 3612 4629 τὸ
3644 4587 3769 4631 σω⁶

2174 4670 2376 4737 τήριόν
2398 4685 2515 4724 σου
2536 4670 2685 4725 κατὰ
2712 4670 2818 4725 τὸν
2839 4673 3028 4740 λόγον
3050 4687 3189 4724 σου.
3217 4670 3327 4725 Kal
3356 4668 3769 4737 ἀποκριθήσο-

2169 4780 2276 4832 μαι
2316 4762 2440 4829 τοῖς
2478 4762 2833 4822 ὀνειδίζουσί
2861 4780 2962 4831 μοι
3006 4763 3210 4831 λόγον,
3251 4760 3341 4814 ὅτι
3383 4761 3624 4830 ἤλπισα
3659 4760 3768 4813 ἐπὶ

2175 4856 2298 4922 τοῖς
2328 4857 2530 4925 λόγοις
2569 4870 2705 4911 σου.
2746 4856 2856 4909 Kal
2878 4854 2964 4925 μὴ
2996 4853 3276 4923 περιέλῃς
3299 4854 3366 4907 ἐκ
3401 4853 3507 4907 τοῦ
3530 4853 3767 4920 στόμα-

2174 4951 2278 5016 τός
2305 4967 2423 5018 μου
2450 4951 2637 5018 λόγον
2665 4950 2948 5016 ἀληθείας
2974 4948 3085 5014 ἓως
3112 4949 3367 5017 σφόδρα,
3392 4947 3482 4999 ὅτι
3508 4947 3609 4998 ἐπὶ
3635 4946 3769 5013 τοῖς

2177 5044 2272 5110 κρί
2272 5041 2422 5112 μασί
2442 5056 2556 5095 σου
2568 5040 2903 5109 ἐπήλπισα.
2924 5040 3034 5094 Kal
3053 5039 3256 5109 φυλάξ
3260 5058 3304 5092 ω
3320 5040 3424 5092 τὸν
3434 5039 3627 5107 νόμον
3640 5053 3720 5091 σο
3728 5058 3767 5092 υ

2177 5129 2501 5196 διαπαντὸς
2514 5133 2601 5196 εὶς
2621 5128 2727 5183 τὸν
2742 5128 2925 5181 αἰῶνα
2942 5129 3038 5181 καὶ
3060 5129 3147 5193 εὶς
3166 5126 3272 5180 τὸν
3288 5125 3473 5181 αἰῶνα
3494 5124 3604 5177 τοῦ
3619 5123 3766 5177 αἰῶ-

2178 5242 2303 5289 νος.
2320 5222 2429 5278 Kal
2444 5220 2892 5290 ἐπορευόμηνέν
2908 5217 3259 5289 πλατυσμῷ,
3277 5218 3366 5272 ὅτι
3382 5220 3485 5283 τὰς
3504 5214 3770 5280 ἐντολάς

2180 5331 2295 5369 σου
2331 5312 2680 5380 ἐξεζήτησα.
2722 5311 2834 5365 Kal
2866 5310 3129 5365 ἐλάλουν
3157 5312 3227 5364 ἐν
3263 5309 3387 5376 τοῖς
3410 5308 3766 5378 μαρτυρίοις

2180 5421 2295 5460 σου
2344 5405 2621 5458 ἐναντίον
2676 5403 3004 5467 βασιλέων,
3066 5401 3163 5457 καὶ
3216 5403 3328 5455 οὐκ
3373 5401 3766 5469 ᾐσχυνόμην.

2183 5496 2493 5567 Χαριέντως
2523 5494 2781 5565 ἁρμόσειε
2812 5494 2968 5547 τοῦτο
3002 5492 3079 5564 τῷ
3113 5493 3204 5545 ἐπὶ
3232 5491 3504 5563 ἡγεμόνας
3538 5491 3635 5543 καὶ
3668 5491 3771 5558 βαι-ι

2188 5588 2349 5651 σιλεῖς
2378 5585 2625 5656 ἀγομένῳ
2660 5584 2842 5640 ἕνεκεν
2882 5584 2974 5639 τοῦ
3000 5585 3257 5656 ὀνόματος
3282 5582 3517 5653 Χριστοῦ
3550 5599 3773 5657 μαρτυς
