3992 6404
316 443 484 501 ίὸῖδδ

1441 455 1948 512 COMMENTARIA
1977 458 2048 514 IN
2086 460 2426 516 PSALMOS.

3436 460 3576 516 1374

318 567 449 636 ρεῖν.
479 565 584 620 Kal
607 565 901 635 ἐμελέτων
927 569 995 623 ἐν
1015 569 1142 636 ταῖς
1168 571 1443 640 ἐντολαῖς
1467 591 1604 640 σου,
1635 571 1731 644 αἶς
1757 576 1889 648 imi

2004 580 2120 633 vavi
2145 596 2331 634 manus
2356 579 2426 633 ad
2463 579 2719 634 mandata
2751 588 2839 633 tua
2863 596 2979 650 qua:
3007 579 3192 645 dilexi,
3227 589 3276 634 et
3299 582 3578 636 exercebar

313 673 483 725 πησα
499 659 752 727 σφόδρα.
797 662 905 714 Καὶ
935 658 1053 733 ᾖρα
1082 663 1190 730 τὰς
1211 663 1413 734 χεῖρας
1433 666 1580 735 πρὸς
1604 667 1710 734 τὰς
1727 668 1895 723 ἐντο-

312 748 430 817 λάς
461 765 598 814 σου,
633 752 706 816 ἃς
736 751 1039 822 ἠγάπησα,
1090 754 1188 810 καὶ
1233 756 1620 827 ἡδολέσχουν
1665 761 1735 813 ἐν
1770 761 1894 828 τοῖς

312 839 664 908 δικαιώμασί
689 858 824 896 σου.
861 840 1026 915 τΑραι
1048 848 1236 918 χεῖρας
1269 847 1405 917 πρὸς
1438 849 1657 914 ἐντολάς
1689 854 1806 905 ἐστι
1834 853 1894 906 τὸ

313 936 494 988 πᾶσαν
528 935 724 1005 πρᾶξιν
751 936 884 1007 πρὸς
911 937 1126 1001 ἐντολὰς
1153 938 1297 1002 θείας
1324 942 1702 1014 ἁρμοζομένην
1732 944 1895 1016 ἐργά-

318 1024 520 1092 ζεσθαι.
547 1027 752 1104 Οὐκοῦν
774 1029 1032 1099 ἑκάτερον
1057 1030 1195 1100 μὲνὸ
1215 1031 1519 1104 Ψαλμῳδὸς
1546 1034 1721 1105 ἐαυτῷ
1753 1053 1893 1106 μαρ-

315 1119 486 1186 τυρεῖο
547 1117 680 1186 ὁμοῦ
735 1117 791 1170 δὲ
837 1121 967 1190 ἡμῖν
1020 1120 1298 1192 νομοθετεῖ
1347 1126 1467 1186 ταῖς
1515 1125 1754 1189 ἐντολαῖς
1798 1126 1892 1179 τοῦ

315 1205 448 1258 Θεοῦ
490 1208 746 1278 παρέχειν
773 1210 870 1280 τὴν
909 1210 1259 1280 κατόρθωσιν,
1297 1215 1555 1285 παρέχειν
1588 1216 1643 1268 δὲ
1673 1217 1765 1268 καὶ
1795 1217 1892 1287 τὴν

318 1297 406 1350 hil.
445 1298 578 1352 πολὺ
625 1301 856 1371 μελέτην
899 1305 991 1357 καὶ
1027 1305 1276 1378 Θεωρίαν·
1316 1305 1459 1359 οὕτω
1502 1307 1610 1379 γὰρ
1650 1308 1802 1361 αὐτοί
1835 1326 1892 1361 τε

313 1389 608 1459 κατορθοῦν
637 1392 1043 1467 ἀκριϐέστερον,
1072 1397 1162 1450 καὶ
1195 1399 1318 1461 τοὺς
1353 1397 1543 1462 ἄλλους
1574 1399 1787 1468 ἐνάγειν
1815 1402 1894 1464 εἰς

312 1481 649 1551 κατόρθωσιν
675 1483 762 1550 ἒξο
770 1503 887 1555 μεν.

384 1574 695 1642 Μνήσθητι
747 1577 865 1630 τῶν
907 1580 1104 1647 λόγων
1151 1597 1268 1634 σου
1309 1579 1390 1646 τῷ
1433 1582 1632 1649 δούλῳ
1672 1598 1809 1647 σου,
1845 1574 1895 1650 ᾧ

310 1665 654 1734 ἐπήλπισάς
685 1686 780 1737 με.
817 1671 977 1739 Αὕτη
1020 1689 1096 1740 με
1121 1671 1538 1742 παρεκάλεσεν
1561 1674 1630 1727 ἐν
1667 1673 1742 1742 τῇ
1789 1690 1892 1727 τα-

311 1756 588 1812 πεινώσει
619 1777 759 1828 μου,
785 1761 872 1815 ὅτι
895 1763 962 1816 τὸ
989 1765 1197 1833 λόγιόν
1221 1779 1340 1820 σου
1359 1763 1532 1832 ἕζησέ
1549 1783 1646 1835 με.
1691 1767 1894 1836 Ὑπερ-

311 1849 530 1917 ήφανοι
559 1856 952 1923 παρηνόμουν
977 1855 1088 1920 ἕως
1119 1856 1375 1926 σφόδρα,
1414 1856 1532 1910 ἀπὸ
1561 1856 1628 1910 δὲ
1653 1856 1761 1910 τοῦ
1794 1858 1894 1911 νό-

1998 671 2053 723 in
2077 669 2550 739 justiﬁcationibus
2582 669 2706 724 tuis.
2735 669 2939 725 Levare
2971 686 3166 726 manus
3200 670 3268 726 ad
3294 672 3573 736 mandata,

1997 771 2082 816 est
2116 777 2332 817 omnem
2356 761 2624 818 actionem
2651 761 2719 817 ad
2739 762 2921 816 divina
2945 761 3202 816 mandata
3236 770 3574 834 spectantem

1997 853 2176 909 edere.
2202 853 2505 925 Utrumque
2528 854 2694 926 igitur
2716 855 2784 910 de
2808 871 2868 910 se
2889 855 3180 912 Psalmista
3206 859 3532 912 testiﬁcatur
3557 878 3570 913 :

1999 956 2161 1014 atque
2192 961 2298 1000 una
2331 947 2490 1003 nobis
2526 947 2774 1017 praecipit
2812 955 2873 1002 ut
2911 948 3165 1003 mandata
3197 947 3291 1004 Dei
3324 949 3577 1019 perﬁcia-

1998 1052 2159 1104 mus;
2211 1039 2342 1108 quin
2377 1039 2542 1093 etiam
2586 1048 2646 1094 ut
2686 1041 2980 1111 plurimum
3041 1040 3132 1094 illa
3159 1041 3483 1096 meditemur
3520 1051 3575 1098 et

1997 1129 2465 1198 contemplemur;
2497 1131 2571 1184 ita
2617 1132 2761 1186 enim
2805 1129 2857 1184 id
2887 1131 3276 1194 obtmebimus,
3308 1143 3366 1186 ut
3392 1141 3444 1186 et
3473 1135 3573 1202 ipsi

1998 1221 2309 1276 accuratius
2340 1236 2726 1292 exsequamur,
2751 1230 2804 1277 et
2826 1223 2946 1278 aliis
2965 1224 3297 1294 exsequendi
3320 1232 3574 1279 auctores

1998 1325 2190 1367 SlmUS.

2067 1569 2232 1625 Vsus.
2266 1571 2468 1628 49-5-1.
2506 1573 2710 1627 Memor
2741 1583 2851 1627 esto
2883 1573 3155 1627 verborum
3183 1585 3393 1629 tuorum
3428 1593 3572 1630 servo

1997 1671 2104 1726 tuo,
2134 1664 2188 1716 in
2217 1681 2319 1731 quo
2349 1665 2477 1717 mihi
2503 1681 2643 1733 spem
2667 1665 2881 1723 dedisti.
2917 1667 3047 1721 Hcce
3083 1685 3162 1721 me
3189 1669 3462 1722 consolata
3493 1680 3572 1723 est

1994 1755 2050 1808 in
2087 1755 2384 1811 humilitate
2414 1773 2550 1821 mea,
2600 1757 2724 1826 quia
2778 1757 3043 1829 eloquium
3099 1768 3244 1812 tuum
3292 1761 3572 1829 viviﬁcavit

1993 1864 2096 1902 me.
2139 1847 2361 1917 Superbi
2411 1851 2588 1919 inique
2625 1851 2850 1919 agebant
2889 1867 3050 1921 usque
3081 1852 3249 1918 valde,
3281 1871 3313 1906 a
3345 1855 3449 1924 lege
3482 1872 3574 1906 au-

305 1956 424 2008 μου
451 1955 568 1996 σου
609 1920 718 1997 οὖκ
762 1920 1059 2007 ἐξέκλινα.
1104 1920 1222 2002 Tva
1251 1920 1573 2018 ἑτεροδόξων
1603 1949 1889 2015 ἀλαζονευ-

1996 1946 2097 1992 tem
2121 1947 2211 1991 tua
2235 1955 2339 1992 non
2361 1938 2636 1993 declinavi.
2671 1938 2809 1993 Cum
2838 1939 3152 1995 heterodosi
3178 1920 3412 2012 superbe
3439 1959 3571 1996 con-

310 2029 518 2101 ομένων
561 2033 701 2087 κατὰ
741 2035 834 2090 τοῦ
883 2037 1047 2106 νόμου
1071 2037 1148 2108 τῷ
1195 2038 1498 2093 διαϐάλλειν
1533 2039 1692 2094 αὐτὸν
1716 2082 1730 2106 ,
1780 2040 1892 2110 ἐγὼ

313 2122 515 2195 σφόδρα
539 2125 637 2194 τῆς
683 2125 927 2199 φυλακῆς
959 2129 1120 2182 αὑτοῦ
1168 2131 1548 2203 περιειχόμην,
1588 2132 1724 2203 μηδὲ
1770 2134 1892 2187 κατ’

307 2214 484 2284 ὀλίγον
513 2216 768 2288 κλονῆσαι
794 2220 892 2292 τὴν
921 2221 1056 2292 πρὸς
1081 2221 1240 2276 αὑτὸν
1277 2223 1673 2291 συγκατάθεσιν
1704 2226 1894 2295 ἀνεχό-

311 2322 494 2378 μενος.
540 2309 879 2378 Ἐμνήσθην
911 2310 1029 2364 τῶν
1066 2312 1362 2382 κριμάτων
1387 2330 1503 2368 σου
1528 2317 1628 2369 ἀπ’
1654 2316 1888 2383 αἰῶνος,

307 2399 504 2467 Κύριε,
529 2401 626 2454 καὶ
649 2402 1055 2472 παρεκλήθην.
1109 2405 1351 2475 Ἀθυμία
1387 2407 1646 2477 κατέσχε
1668 2425 1744 2476 με
1771 2408 1891 2462 ἀπὸ

307 2489 668 2558 ἁμαρτωλῶν
712 2492 829 2546 τῶν
872 2493 1518 2565 ἐγκαταλιμπανόντων
1561 2499 1669 2553 τὸν
1703 2500 1892 2568 νόμον

307 2597 446 2638 σου.
485 2585 690 2638 Ψαλτὰ
714 2581 877 2655 ἦσάν
892 2605 993 2655 μοι
1020 2588 1092 2642 τὰ
1119 2587 1476 2658 δικαιώματά
1497 2603 1615 2645 σου
1642 2591 1712 2646 ἐν
1732 2595 1893 2662 τόπῳ

308 2674 618 2741 παροικίας
651 2693 792 2744 μου.
838 2677 1186 2747 Ἐμνήσθην
1222 2679 1292 2733 ἐν
1336 2681 1508 2735 νυκτὶ
1541 2682 1648 2736 τοῦ
1680 2684 1892 2753 ὀνόμα-

307 2763 410 2827 τός
431 2777 568 2826 σου,
600 2765 794 2832 Κύριε,
830 2767 926 2820 καὶ
961 2767 1237 2836 ἐφύλαξα
1266 2769 1374 2823 τὸν
1395 2773 1588 2841 νόμον
1614 2789 1751 2828 σου.
1779 2773 1894 2828 Αὕ-

305 2865 379 2918 τη
401 2851 653 2920 ἐγενήθη
671 2871 790 2922 μοι,
817 2856 905 2909 ὅτι
933 2856 1003 2911 τὰ
1027 2857 1381 2928 δικαιώματά
1405 2874 1522 2915 σου
1543 2861 1887 2932 ἑξεζήτησα.

376 2943 558 3010 Μερίς
578 2961 697 3012 μου
724 2941 797 3008 εἴ,
828 2947 1003 3013 Κύριε
1020 2964 1034 2978 ο
1075 2944 1214 3003 εἶπα
1243 2951 1629 3019 φυλάξασθαι
1658 2953 1766 3007 τὸν
1793 2955 1894 3009 νό-

301 3047 422 3099 μον
445 3047 582 3085 σου.
619 3034 677 3086 '0
706 3035 1115 3107 ἀποταξάμενος
1140 3043 1254 3103 τοῖς
1281 3039 1556 3110 βιωτικοῖς
1577 3043 1889 3115 πράγμασι,

310 3126 404 3179 καὶ
436 3123 704 3198 μηδεμίαν
734 3127 872 3199 ἔχων
901 3130 1093 3201 μερίδα
1116 3132 1210 3186 ἐπὶ
1232 3131 1357 3203 γῆς,
1391 3133 1515 3204 μηδ’
1531 3135 1588 3187 ὲν
1613 3133 1693 3206 τῷ
1717 3134 1893 3192 θέλειν

307 3215 637 3324 τὰτοιαῦτα,
662 3219 776 3273 ἀλλ’
809 3221 1146 3294 ἀρκούμενος
1175 3223 1296 3277 ἀντὶ
1330 3224 1548 3278 πάντων
1573 3225 1652 3296 τῷ
1679 3227 1891 3300 Κυρίῳ,
1920 3263 1963 3324 C

309 3309 425 3380 ἐρεῖ
447 3327 461 3340 ο
486 3312 670 3379 Μερίς
683 3331 802 3381 μου
822 3315 1058 3383 Κύριος.
1086 3314 1273 3387 Τούτῳ
1299 3315 1356 3370 δὲ
1382 3317 1664 3372 ἀκολουθεῖ
1684 3318 1891 3389 λέγειν·

315 3397 469 3456 Elaea
515 3403 903 3471 φυλάξασθαι
949 3406 1059 3460 τὸν
1101 3407 1292 3477 νόμον
1335 3423 1472 3473 σου,
1525 3410 1771 3464 τουτέστι
1803 3411 1896 3466 τὸν

311 3495 699 3564 πνευματικὸν,
760 3497 887 3568 περὶ
933 3491 994 3552 οὗ
1050 3499 1080 3552 ὁ
1133 3498 1346 3564 Παῦλος
1387 3499 1577 3569 λέγει’
1640 3501 1896 3572 Οῐδαμεν

310 3581 400 3636 ὅτι
421 3589 818 3654 πνευματικός
841 3589 971 3642 ἐστι
1004 3590 1206 3658 νόμος,
1238 3590 1332 3644 καὶ
1358 3590 1427 3643 τὰ
1452 3591 1599 3661 ἑξῆς.
1631 3591 1756 3654 Πῶς
1785 3592 1895 3666 γὰρ

307 3675 369 3727 οὐ
403 3676 697 3744 φυλάξουσι
735 3679 826 3732 τὸν
859 3679 1022 3752 νόμον
1054 3681 1087 3752 ἢ
1117 3681 1220 3746 τὰς
1242 3681 1463 3745 ἐντολὰς
1487 3683 1581 3735 τοῦ
1606 3684 1810 3756 Κυρίου
1842 3683 1894 3736 οι

314 3768 503 3840 μερίδα
541 3771 702 3823 αὑτὸν
733 3770 944 3842 ἔχοντες
978 3772 1121 3827 κατὰ
1153 3773 1279 3838 τοὺς
1305 3775 1564 3839 Λευΐτας,
1605 3769 1686 3839 οἷς
1712 3775 1895 3847 διηγό-

311 3876 497 3929 ρευται
555 3863 720 3933 μηδὲν
772 3864 1066 3936 κεκτῆσθαι
1116 3865 1258 3919 κατὰ
1310 3865 1401 3919 τὸν
1432 3865 1580 3936 βίονς
1628 3865 1892 3921 Λέλεκται

309 3953 420 4024 γάρ
440 3969 452 3980 ·
479 3954 607 4021 Τοῖς
628 3957 900 4021 Λευΐταις
925 3956 1022 4009 καὶ
1042 3956 1164 4024 τοῖς
1184 3957 1450 4026 ἱερεῦσιν
1473 3956 1626 4025 υἱοῖς
1654 3957 1890 4027 Ἀαρὼν,

309 4044 421 4097 οὐκ
461 4045 593 4098 ἐστι
640 4045 830 4113 μερὶς,
860 4046 1002 4099 οὐδὲ
1042 4049 1408 4118 κληρονομία
1448 4049 1518 4102 ἐν
1576 4050 1700 4116 τοῖς
1739 4050 1892 4116 υἱοῖς

321 4137 588 4205 Ἰσραὴλ,
620 4135 768 4189 διότι
795 4137 1006 4204 Κύριος
1028 4137 1197 4205 μερὶς
1232 4138 1449 4193 αὐτῶν.

391 4225 674 4294 Ἐδεήθην
714 4227 821 4280 τοῦ
877 4228 1200 4296 προσώπου
1255 4245 1372 4284 σου
1413 4230 1483 4284 ἐν
1519 4231 1632 4301 ὅλῃ
1679 4232 1892 4300 καρδίᾳ

302 4337 422 4390 μου
441 4337 453 4350 ·
487 4319 752 4388 ἐλέησόν
783 4337 860 4389 με
883 4321 1033 4375 κατὰ
1057 4320 1123 4375 τὸ
1152 4324 1364 4392 λόγιόν
1388 4339 1525 4379 σου.
1549 4325 1888 4395 Διελογισάσ

301 4430 427 4482 μην
458 4411 565 4478 τὰς
614 4412 793 4479 ὁδούς
821 4428 957 4477 σου,
1011 4413 1111 4466 καὶ
1136 4413 1478 4484 ἐπέστρεψα
1526 4415 1669 4482 τοὺς
1699 4417 1888 4483 πόδας

301 4522 420 4574 μου
448 4507 536 4570 εἱς
577 4504 650 4558 τὰ
678 4505 970 4574 μαρτύριά
1010 4521 1147 4560 σου.
1189 4507 1607 4576 Ἡτοιμὰσθην,
1649 4509 1749 4562 καὶ
1776 4512 1888 4563 οὐκ

1992 2037 2077 2085 tra
2112 2031 2283 2100 legem
2319 2039 2561 2101 agerent,
2596 2038 2656 2084 ut
2708 2044 2830 2085 eam
2875 2030 3246 2095 traducerent,
3301 2047 3402 2100 ego
3451 2031 3572 2100 ejus

1991 2122 2360 2179 observationi
2412 2122 2704 2178 admodum
2754 2122 3135 2190 attendebam,
3193 2139 3373 2178 meum
3441 2140 3569 2194 erga

1993 2216 2141 2269 illam
2169 2213 2418 2269 affectum
2453 2230 2522 2269 ne
2565 2215 2850 2268 minimum
2898 2214 3118 2284 quidem
3167 2215 3407 2268 titubare
3442 2231 3568 2284 per-

1990 2309 2234 2363 mittens.
2283 2339 2354 2348 —
2402 2306 2566 2361 Vsus.
2603 2306 2815 2362 52-56.
2866 2306 3070 2362 Memor
3119 2308 3199 2377 fui
3245 2308 3568 2378 judiciorum

1995 2410 2204 2455 tuorum
2239 2419 2271 2454 a
2301 2401 2516 2464 swculo,
2548 2401 2789 2464 Domine,
2829 2413 2876 2454 et
2907 2401 3214 2456 consolatus
3242 2417 3377 2454 sum.
3416 2400 3570 2470 Defe-

1992 2493 2095 2546 ctio
2129 2493 2293 2546 tenuit
2339 2509 2418 2546 me
2455 2509 2550 2561 pro
2579 2491 2938 2560 peccatoribus
2970 2491 3447 2562 derelinquentibus
3497 2495 3569 2546 le-

1990 2602 2104 2656 gem
2141 2594 2306 2638 tuam.
2341 2583 2644 2638 Cantabiles
2676 2585 2802 2638 mihi
2835 2592 2987 2638 erant
3019 2585 3432 2655 justiﬁcationes
3464 2595 3568 2638 tute

1991 2677 2046 2729 in
2074 2675 2186 2730 loco
2209 2676 2644 2745 peregrinationis
2675 2692 2822 2730 meae.
2843 2675 3047 2730 Memor
3078 2677 3158 2746 fui
3175 2686 3323 2730 nocte
3339 2677 3566 2730 nominis

1994 2769 2090 2832 tui,
2123 2767 2368 2832 Domine,
2401 2777 2448 2822 et
2489 2769 2746 2822 custodivi
2780 2767 2942 2838 legem
2969 2777 3134 2822 tuam.
3178 2768 3304 2823 "(ec
3324 2768 3467 2838 facta
3489 2781 3567 2822 est

1991 2859 2142 2924 mihi,
2182 2864 2306 2930 quia
2331 2859 2744 2929 justiﬁcationes
2776 2871 2894 2914 tuas
2923 2860 3202 2930 exquisivi.

2062 2950 2228 3008 Vsus.
2276 2951 2366 3006 57.
2406 2951 2596 3006 Portio
2652 2969 2770 3006 mea
2807 2969 2883 3019 es,
2925 2951 3146 3007 Domine
3182 2952 3348 3006 :dixi
3385 2961 3560 3006 custo-

1991 3041 2107 3097 dire
2133 3042 2296 3114 legem
2317 3053 2486 3103 tuam.
2527 3044 2632 3110 Qui
2655 3043 3014 3100 saecularibus
3044 3043 3208 3114 hujus
3248 3045 3372 3098 vitae
3405 3044 3567 3100 rebus

1991 3133 2295 3199 renuntiat,
2338 3133 2656 3205 nullamque
2719 3135 2775 3188 in
2834 3141 2981 3188 terra
3031 3135 3336 3204 portionem
3383 3135 3565 3199 habet,

1993 3242 2173 3298 neque
2202 3242 2295 3283 res
2324 3226 2637 3283 istiusmodi
2667 3227 3032 3297 concupiscit,
3070 3227 3162 3282 sed
3190 3225 3420 3280 Domino
3450 3227 3570 3282 vice

1993 3321 2235 3375 omnium
2268 3326 2560 3375 contentus
2585 3329 2689 3382 est,
2721 3318 2866 3374 dicet
2893 3339 2905 3373 :
2939 3317 3124 3372 Portio
3151 3335 3266 3372 mea
3290 3317 3564 3373 Dominus.

1992 3409 2133 3466 Huic
2166 3418 2347 3465 autem
2379 3410 2642 3480 competit
2672 3409 2856 3464 dicere
2893 3425 2906 3461 :
2941 3409 3069 3463 Dixi
3105 3409 3374 3463 custodire
3405 3409 3568 3478 legem

1993 3509 2161 3568 tuam,
2194 3501 2405 3556 scilicet
2428 3501 2790 3570 spiritualem,
2832 3500 2899 3554 de
2921 3515 3030 3570 qua
3069 3499 3273 3555 Paulus
3297 3499 3418 3553 ait:
3453 3497 3571 3553 Sci-

1991 3610 2108 3648 mus
2161 3593 2300 3646 enim
2355 3591 2495 3662 quod
2553 3591 2636 3646 lex
2697 3590 2997 3660 spiritualis
3054 3598 3134 3644 est
3164 3592 3231 3654 υ,
3261 3597 3316 3643 et
3349 3595 3567 3644 uetera.

1991 3683 2277 3752 Quomodo
2305 3683 2450 3739 enim
2486 3683 2657 3752 legem
2683 3691 2736 3738 et
2761 3689 3029 3752 praecepta
3075 3680 3290 3736 Domini
3324 3695 3436 3736 non
3467 3695 3568 3734 cu-

1992 3777 2250 3844 stodieut,
2287 3775 2380 3846 qui
2414 3775 2568 3828 illum
2600 3774 2655 3828 in
2698 3773 3004 3843 portionem
3038 3774 3264 3838 habent,
3301 3773 3567 3844 quemad-

1989 3867 2210 3922 modum
2258 3874 2314 3922 et
2348 3864 2572 3930 Levitre,
2605 3865 2808 3935 quibus
2840 3865 3072 3921 vetitum
3121 3872 3204 3919 est
3256 3863 3458 3935 aliquid
3512 3863 3568 3918 in

1989 3961 2101 4016 vita
2125 3959 2448 4031 possidere?
2473 3957 2608 4012 Nam
2641 3956 2848 4011 dictum
2902 3963 2987 4012 est
3015 3975 3030 4011 :
3087 3955 3276 4011 Levitis
3306 3966 3356 4010 et
3391 3971 3565 4009 sacer-

1991 4053 2202 4108 dotibus
2234 4052 2364 4122 ﬁliis
2395 4053 2576 4105 Aaron
2608 4067 2710 4105 non
2733 4059 2811 4104 est
2850 4066 2974 4119 pars
3005 4066 3166 4120 neque
3200 4047 3480 4104 hwreditas
3511 4051 3564 4104 in

1991 4143 2121 4213 ﬁliis
2157 4141 2353 4203 Israel,
2376 4142 2503 4212 quia
2535 4142 2796 4195 Dominus
2825 4157 2950 4210 pars
2979 4157 3160 4195 eorum
3181 4142 3246 4195 ".

2057 4235 2230 4290 Vens.
2263 4235 2445 4289 58-61.
2503 4233 2825 4303 Deprecatus
2885 4250 3003 4287 sum
3051 4234 3244 4302 faciem
3299 4243 3447 4287 tuam
3507 4235 3565 4286 in

1991 4339 2098 4384 toto
2154 4331 2308 4384 corde
2357 4345 2470 4382 meo
2509 4329 2801 4383 :miserere
2835 4329 2935 4382 mei
2968 4327 3252 4382 secundum
3301 4327 3563 4398 eloquium

1989 4432 2156 4474 tuum.
2195 4419 2436 4490 Cogitavi
2465 4420 2575 4473 vias
2625 4429 2768 4481 tuas,
2795 4429 2845 4473 et
2897 4421 3126 4474 converti
3158 4418 3310 4488 pedes
3341 4435 3481 4472 meos
3511 4419 3564 4472 in

1991 4513 2290 4568 testimonia
2323 4522 2436 4568 tua.
2465 4511 2704 4566 Paratus
2739 4528 2878 4574 sum,
2909 4521 2960 4566 et
2999 4528 3105 4564 non
3138 4526 3253 4564 sum
3301 4509 3563 4575 turbatus,

307 4595 642 4665 ἐταράχθην
690 4597 796 4651 τοῦ
841 4597 1224 4667 φυλάξασθαι
1274 4599 1381 4665 τὰς
1429 4599 1684 4666 ἐντολάς
1743 4616 1880 4656 σου.

1996 4615 2044 4658 ut
2071 4604 2370 4658 custodiam
2402 4601 2656 4656 mandata
2691 4613 2804 4657 tua.
2863 4601 3040 4654 Funes
3080 4609 3412 4669 peccatorum
3457 4600 3566 4652 cir-

309 4687 552 4754 Σχοινία
577 4687 940 4757 ἁμαρτωλῶν
970 4689 1464 4758 περιεπλάκησάν
1488 4708 1612 4760 μοι,
1643 4690 1743 4744 καὶ
1775 4691 1880 4745 τοῦ

308 4779 494 4846 νόμου
516 4795 631 4833 σου
648 4782 757 4834 οὐκ
775 4781 1174 4851 ἐπελαθόμην.
1200 4783 1611 4836 Μεσονύκτιον
1633 4785 1743 4836 οὐκ
1761 4780 1879 4851 (sic)

307 4871 686 4941 ἐξεγειρόμην
713 4871 819 4926 τοῦ
845 4871 1338 4942 ἐξομολογεῖσθαι
1378 4887 1477 4926 σοι
1518 4873 1616 4926 ἐπὶ
1650 4872 1725 4926 τὰ
1756 4873 1880 4942 κρί-

301 4980 461 5032 ματα
508 4962 620 5031 τῆς
674 4962 1064 5030 δικαιοσύνης
1104 4979 1237 5018 σου.
1306 4963 1571 5033 Μέτοχος
1615 4963 1730 5034 ἐγώ
1765 4967 1882 5034 εἰμι

307 5055 547 5109 πάντων
591 5054 706 5109 τῶν
761 5055 1146 5125 φοϐουμένων
1180 5071 1274 5120 σε,
1328 5057 1426 5111 καὶ
1477 5057 1597 5110 τῶν
1643 5061 1880 5126 φυλασ-

307 5148 540 5200 σόντων
591 5149 696 5213 τὰς
747 5147 1000 5214 ἐντολάς
1040 5163 1178 5204 σου.
1251 5148 1361 5202 Τοῦ
1410 5149 1620 5214 ἐλέους
1664 5151 1882 5218 Κιιοίου

307 5237 544 5306 πλήρης
574 5240 610 5306 ὴ
649 5237 747 5308 γῆ,
806 5237 878 5291 τὰ
929 5237 1289 5308 δικαιώματά
1338 5253 1455 5292 σου
1504 5238 1751 5302 δίδαξόν
1781 5256 1877 5307 με.

321 5328 444 5381 Ἐὰν
474 5329 812 5400 κατανοήσῃς
841 5329 902 5382 τὸ
937 5329 1138 5401 πλῆθος
1159 5329 1268 5382 τῶν
1298 5330 1740 5399 ἁμαρτανόντων,
1772 5330 1880 5382 τῶν

308 5419 664 5481 ἀσεϐούντων,
697 5421 804 5473 τῶν
852 5421 1062 5474 ἀδικίαν
1093 5422 1172 5484 εἰς
1220 5419 1392 5489 ’Ὕψος
1443 5419 1761 5486 λαλούντων,
1791 5422 1884 5474 καὶ

309 5510 425 5582 ῐδῃς
469 5510 562 5564 τοῦ
615 5511 750 5564 Θεοῦ
806 5513 902 5582 τὴν
960 5509 1338 5582 μακροθυμίαν
1394 5511 1486 5563 ἐπὶ
1534 5510 1604 5564 τὰ
1645 5511 1880 5564 τοσαῦτα

309 5603 696 5675 ἁμαρτήματα,
727 5605 844 5668 πῶς
873 5605 966 5658 καὶ
999 5604 1135 5675 μετὰ
1166 5603 1400 5656 τοσαῦτα
1450 5603 1624 5657 πάντα
1655 5602 1878 5656 ἀνατέλ-

309 5693 390 5750 λει
427 5697 519 5750 τὸν
548 5697 698 5768 ἥλιον
729 5697 893 5752 αὑτοῦ
921 5698 1012 5751 ἐπὶ
1044 5700 1311 5771 πονηροὺς
1370 5698 1462 5750 καὶ
1502 5696 1754 5764 ἀγαθοὺς,
1789 5698 1882 5749 καὶ

1988 4694 2395 4762 cumplexisunt
2426 4711 2525 4756 me,
2583 4705 2632 4748 et
2683 4694 2843 4764 legem
2884 4702 3028 4746 tuam
3067 4709 3171 4746 non
3199 4708 3314 4746 sum
3344 4691 3560 4745 oblitus.

1989 4783 2170 4838 Media
2201 4795 2348 4838 nocte
2378 4785 2651 4855 surgebam
2685 4783 2754 4836 ad
2781 4781 3135 4851 confitendum
3172 4780 3266 4835 tibi
3289 4797 3446 4850 super
3467 4782 3561 4849 ju-

1987 4875 2131 4928 dicia
2159 4875 2394 4945 justitite
2436 4886 2560 4929 tute.
2600 4875 2869 4944 Particeps
2917 4890 3008 4944 ego
3059 4890 3176 4926 sum
3222 4873 3455 4925 omnium
3493 4873 3562 4924 ti-

1988 4969 2242 5022 mentium
2275 4978 2323 5022 te
2354 4977 2403 5022 et
2434 4967 2839 5022 custodientium
2890 4965 3145 5019 mandata
3185 4975 3295 5018 tua.
3358 4963 3564 5017 Miseri-

1989 5057 2172 5112 cordia
2202 5057 2416 5112 Domini
2470 5059 2624 5126 plena
2646 5067 2724 5112 est
2770 5067 2954 5120 terra;
2977 5054 3396 5124 justiﬁcationes
3441 5063 3559 5105 tuas

1988 5147 2115 5201 doce
2144 5163 2242 5200 me.
2281 5145 2340 5201 Si
2385 5146 2820 5201 consideraveris
2873 5145 3275 5200 multitudinem
3328 5158 3560 5212 peccan-

1991 5239 2148 5303 tium,
2198 5239 2364 5309 impie
2413 5241 2713 5309 agentium,
2757 5247 2812 5293 et
2853 5238 3192 5309 iniquitatem
3233 5243 3425 5290 contra
3455 5235 3561 5288 Ex-

1989 5333 2194 5386 celsum
2224 5332 2585 5401 loquentium,
2616 5331 2819 5401 Deique
2848 5331 2900 5384 in
2942 5336 3019 5384 tot
3054 5332 3296 5399 peccatis
3323 5329 3560 5383 toleran.

1991 5425 2122 5478 tiam
2151 5424 2527 5494 perpenderis,
2563 5425 2835 5494 quomodo
2863 5424 3026 5477 etiam
3058 5430 3182 5492 post
3226 5421 3340 5475 lucc
3374 5419 3558 5474 omnia

1990 5513 2120 5566 oriri
2161 5512 2325 5566 iaciat
2373 5514 2542 5567 solem
2580 5530 2737 5568 suum
2779 5528 2944 5582 super
2975 5513 3147 5566 malos
3178 5519 3231 5565 et
3276 5512 3469 5569 bonos.
3503 5519 3558 5563 et

1986 5604 2136 5672 pluat
2167 5619 2330 5672 super
2356 5603 2534 5673 justos
2553 5611 2607 5658 et
2640 5603 2873 5672 injustos
2892 5602 2956 5664 “,
2976 5601 3158 5655 dices:
3182 5598 3555 5653 Misericordia

1987 5695 2201 5750 Domini
2236 5698 2387 5765 plena
2419 5706 2493 5751 est
2527 5707 2686 5752 terra.
2719 5696 3128 5765 justiﬁcationes
3162 5703 3281 5747 tuas
3303 5698 3426 5746 doce
3452 5705 3549 5745 me.

386 5849 428 5886 ¹¹
469 5848 625 5904 Rom.
659 5865 763 5916 vn,
801 5851 883 5905 ll.
965 5853 1004 5882 "
1044 5849 1200 5904 Num.
1241 5865 1404 5906 xvul.
1437 5849 1526 5904 ‘30.
1608 5850 1650 5880 ’³
1693 5847 1877 5904 Matth.
1913 5865 1966 5908 ν.
2003 5848 2093 5904 45.
