3992 6404
409 404 547 462 1575
1112 399 1381 456 EUSEBH
1417 396 1893 453 CESARIENSIS
1915 394 2064 451 OPP.
2101 390 2279 446 PARS
2316 389 2404 444 Ill.
2434 420 2504 430 —
2540 380 2949 441 EXEGETICA.
3551 369 3709 427 1576

414 527 597 598 βρέχει
643 528 734 581 ἐπὶ
760 526 996 590 δικαίους
1026 525 1121 579 καὶ
1147 526 1385 587 ἀδίκους,
1429 524 1603 592 ἐρεῖς·
1648 519 1756 575 Τςῦ
1786 517 1997 582 ἐλέους
2043 515 2263 583 Κυρίου
2300 513 2535 579 πλήρης
2576 508 2615 575 ἡ
2672 504 2770 575 γῆ,
2808 503 2880 558 τὰ
2944 498 3300 570 δικαιώματὰ
3346 512 3467 551 σου
3516 492 3708 546 5150-

414 620 525 683 ξόν
542 638 636 689 με.

488 638 525 672 ν
623 661 636 674 .

488 638 653 768 V3185.
683 710 773 775 65,
807 710 897 767 66.
958 710 1259 766 Bonitatem
1315 711 1487 779 fecisti
1538 726 1654 763 cum
1692 722 1837 762 servo
1878 716 1989 763 tuo,
2023 708 2064 765 Α

2167 690 2552 760 Χρηστότητα
2597 685 2891 751 ἐποίησας
2938 681 3089 752 μετὰ
3126 680 3232 734 τοῦ
3282 678 3515 733 δούλου
3546 695 3705 745 σου,

416 805 661 868 Domine,
687 805 973 858 secundum
995 802 1205 857 verbum
1234 813 1402 859 tuum.
1433 802 1734 857 Bouitatem
1761 814 1809 855 et
1829 800 1992 853 disci~

2122 786 2291 851 ἰύριε,
2316 781 2467 835 κατὰ
2491 779 2598 832 τὸν
2623 778 2809 847 λόγον
2832 791 2969 829 σου.
3001 773 3383 841 Χρηστὼητα
3414 772 3517 824 καὶ
3551 786 3698 822 παι-

416 895 616 962 ριίηαηι
642 904 691 948 et
710 895 986 948 scientiam
1016 893 1143 948 doce
1166 911 1265 959 me,
1291 895 1416 963 quia
1452 894 1719 948 mandatis
1746 894 1848 946 tuis
1882 909 1992 946 ere-

2122 876 2263 929 πειάν
2302 871 2401 926 καὶ
2446 869 2674 941 γνῶσιν
2702 866 2952 930 δίδαξόν
2992 883 3087 935 με,
3122 864 3211 917 ὅτι
3250 864 3378 925 ταῖς
3403 864 3698 927 ἐντολαῖς

417 956 553 1037 uidi.
586 983 692 1037 Pro
737 984 827 1036 illo
862 1003 873 1038 :
913 984 1213 1038 Bonitatem
1244 956 1439 1053 fecisti,
1483 983 1843 1055 Symmachus
1878 983 1993 1039 edi-

2117 984 2209 1022 rov
2229 966 2580 1019 ἐπίστευσα.
2617 961 2760 1014 Ἀντ)⁵
2804 958 2927 1012 τοῖν
2959 957 3341 1025 Χρηστότητα
3360 956 3693 1020 ἐποίησας,

418 1074 497 1129 dit
526 1090 537 1125 :
577 1075 890 1143 Benefecisti
946 1091 1093 1129 servo
1122 1084 1232 1128 tuo.
1289 1073 1525 1129 Docetur
1572 1083 1751 1129 autem
1785 1075 1831 1130 is
1852 1115 1867 1139 ,
1898 1074 1993 1144 qui

2120 1055 2507 1125 τὺηργέτησας
2538 1052 2646 1105 τὸν
2678 1050 2905 1104 δοῦλόν
2934 1065 3072 1110 σου,
3097 1046 3355 1113 ἐξέδωκεν
3380 1048 3409 1097 ὁ
3448 1046 3696 1114 Σύμμα-

421 1166 623 1221 divinis
653 1168 940 1223 institutus
970 1175 1077 1232 est,
1114 1184 1184 1223 ne
1224 1170 1472 1239 ingratus
1508 1170 1579 1225 sit
1611 1184 1709 1237 pro
1732 1168 1995 1223 beneﬁcio

2120 1169 2208 1223 [ος.
2262 1147 2583 1201 Διδάσκεται
2639 1143 2695 1196 δὲ
2748 1144 2777 1195 ὁ
2823 1140 2890 1194 τά
2930 1140 3046 1193 θεῖα
3108 1136 3547 1207 πεπαιδευμένος
3618 1135 3696 1203 μὴ

420 1274 517 1326 per
551 1257 719 1313 Deum
758 1260 861 1314 sibi
890 1261 1129 1328 collato;
1191 1262 1285 1316 sed
1336 1264 1493 1322 sciat,
1530 1262 1772 1317 bonitate
1806 1261 1901 1317 Dei
1926 1261 1996 1316 ad

2120 1241 2438 1312 ιναισθήτως
2500 1238 2641 1307 ἔχειν
2678 1234 2780 1305 τῆς
2830 1234 2910 1296 εἰς
2964 1231 3123 1285 αὑτὸν
3174 1229 3550 1298 γεγενημένος
3596 1230 3696 1282 τοῦ

422 1364 481 1403 se
515 1351 886 1417 perveniente,
913 1367 972 1405 se
1004 1351 1227 1422 dignum
1280 1353 1524 1406 habitum
1562 1352 1732 1407 fuisse
1762 1352 1854 1421 qui
1882 1367 1995 1406 ser-

2120 1334 2233 1387 )aoﬁ
2264 1328 2609 1401 εύεργεσίας’
2661 1325 2856 1379 εἰδέναι
2884 1323 2959 1385 δὲ,
2996 1324 3099 1384 δτι,
3148 1322 3522 1392 χρηστότητος
3555 1322 3696 1374 Θεοῦ

419 1456 522 1495 vus
547 1440 637 1495 Dei
673 1452 980 1509 vocaretur,
1016 1445 1318 1499 secundum
1342 1445 1565 1498 verbum
1597 1445 1718 1513 ejus
1750 1443 1873 1497 talis
1917 1441 1995 1497 ef-

2122 1422 2406 1494 ρθανούσης
2434 1424 2513 1483 εἰς
2544 1419 2724 1482 αὑτὸν,
2763 1415 3093 1485 κατηξίωται
3132 1413 3315 1476 δοῦλος
3346 1413 3698 1484 χρηματίσαι

421 1531 619 1588 fectus.
966 1505 975 1509 ν
1626 1505 1644 1513 ⁷
2099 1513 2256 1576 Θεοῦ,
2281 1513 2423 1567 κατά
2452 1511 2541 1564 τὸν
2570 1510 2726 1577 λόγον
2757 1506 2918 1560 αὑτοῦ
2944 1505 3254 1576 γενόμενος.

496 1622 663 1678 Vens.
696 1623 785 1678 67.
840 1623 1165 1694 Priusquam
1238 1628 1574 1690 humiliarer,
1633 1644 1725 1697 ego
1778 1626 1995 1697 deliqui,

2171 1603 2290 1671 Πρὸ
2323 1601 2429 1657 τοῦ
2466 1597 2900 1666 ταπεινωθῆναι
2950 1596 3063 1665 ἐγὼ
3092 1595 3564 1664 ἐπλημμέλησα,
3599 1594 3702 1647 διὰ

422 1724 698 1782 propterea
725 1716 987 1785 eloquium
1014 1728 1158 1770 tuum
1203 1720 1482 1773 custodivi.
1511 1718 1739 1788 Propter
1788 1721 1998 1789 priora,

2122 1696 2276 1751 τοῦτο
2310 1695 2375 1748 τὸ
2412 1695 2619 1763 λόγιόν
2652 1709 2767 1746 σου
2797 1691 3091 1759 ἐφύλαξα.
3128 1688 3224 1741 Διά
3263 1688 3362 1751 τὰς
3394 1688 3698 1759 προτέρας,

426 1809 626 1878 inquit,
668 1821 891 1878 peccata
923 1827 1045 1880 quae
1076 1812 1429 1875 admiseram,
1456 1813 1711 1876 traditus,
1746 1814 2000 1867 humilia-

2123 1789 2256 1858 ρησὶ,
2290 1785 2626 1857 πραχθείσας
2652 1784 2922 1855 ἁμαρτίας
2950 1780 3269 1852 παραδοθεὶς
3294 1780 3699 1850 smmum“

2184 1878 2196 1889 ρ
2320 1876 2355 1889 Λ
2424 1875 2449 1884 ~
2560 1874 2585 1884 ~
2773 1872 2834 1889 Λο
2935 1864 3001 1889 n7
3040 1870 3083 1889 οἱ
3152 1872 3211 1889 ,\
3314 1869 3427 1889 L_,,,
3477 1870 3697 1889 __.!_3#

426 1910 513 1952 tus
545 1914 689 1963 sum,
720 1899 925 1970 Deique
947 1901 1157 1969 judicio
1184 1902 1236 1956 id
1270 1919 1391 1957 sum
1431 1919 1747 1974 perpessus.
1793 1904 1983 1970 Quam-

2127 1878 2284 1951 ιρίσει
2316 1875 2452 1929 Θεοῦ
2486 1874 2659 1928 ταῦτα
2694 1872 2898 1927 παθών.
2932 1870 3006 1925 Oi)
3036 1870 3100 1943 δὴ
3128 1872 3220 1923 καὶ
3269 1870 3429 1940 χάριν
3473 1870 3703 1938 παιδείᾳ.

425 1992 613 2047 obrem
661 1992 965 2062 disciplina:
1020 1995 1277 2061 traditus,
1309 1964 1615 2051 doctrinam
1664 1999 1903 2067 postulo,
1937 2004 1998 2051 ut

2127 1969 2451 2042 παραδοθεὶς,
2485 1967 2673 2029 δέομαι
2703 1966 3069 2027 διδασκαλίας,
3100 1965 3175 2027 ὡς
3211 1964 3273 2017 ἄν
3299 1964 3411 2030 γνῶ
3430 1964 3519 2014 ὅτι
3541 1964 3579 2032 ἡ
3608 1978 3703 2014 τα-

426 2099 756 2153 cognoscam
783 2086 923 2139 hanc
958 2086 1414 2153 bumiliationem,
1452 2105 1573 2159 qua:
1607 2089 1738 2143 mihi
1782 2089 2001 2153 accidit,

2129 2065 2362 2125 τείνωσις
2398 2063 2432 2132 ἡ
2463 2061 2725 2131 γενομένη
2766 2076 2853 2130 μοι
2883 2056 3021 2111 κατὰ
3057 2055 3398 2128 χρηστότητα
3435 2054 3539 2105 καὶ
3574 2070 3705 2105 παι-

426 2190 494 2227 ειι
523 2175 764 2230 bonitate
799 2186 853 2229 et
882 2175 1174 2247 disciplina
1210 2155 1650 2234 evenisse—milii.

1578 2180 1650 2234 hi.
2104 2156 2247 2209 δείαν
2273 2155 2505 2223 ἐγένετο.

501 2265 664 2320 Vnus.
699 2267 789 2321 68.
826 2267 1087 2339 Benignus
1117 2288 1169 2324 es
1196 2281 1272 2335 tu,
1302 2270 1540 2337 Domine,
1567 2282 1617 2326 et
1662 2274 1715 2326 in
1773 2272 2005 2328 bonitate

2174 2246 2447 2315 Χρηστὸς
2489 2240 2549 2298 εἷ
2578 2242 2680 2306 σὺ,
2716 2243 2910 2310 Κύριε,
2946 2240 3043 2294 καὶ
3081 2238 3155 2308 τῇ
3186 2238 3557 2308 χρηστότητι
3583 2252 3706 2291 σου

430 2364 523 2409 tua
552 2357 678 2411 doce
721 2358 1229 2429 mejustiﬁcationes
1266 2371 1404 2415 tuas.
1460 2360 1610 2431 Opus
1656 2362 1792 2431 justi
1825 2372 1927 2427 est,
1951 2364 2004 2415 in

2132 2338 2353 2402 ῖίὸαξόν
2397 2354 2474 2408 με
2514 2336 2586 2391 τὰ
2635 2334 2992 2404 δικαιώματά
3046 2349 3182 2387 σου.
3250 2332 3475 2385 Δικαίου
3540 2334 3708 2403 ἔργον

430 2450 688 2503 erunibus
714 2468 835 2520 quae
893 2454 1173 2513 accidunt,
1212 2454 1469 2509 alacriter
1502 2471 1560 2509 se
1602 2455 1824 2517 habere,
1859 2454 2005 2524 quod

2139 2432 2274 2494 στὶν,
2293 2430 2385 2483 ἐπὶ
2401 2432 2535 2483 πᾶσι
2560 2431 2671 2493 τοῖς
2703 2427 3087 2500 συμῦαίνουσιν
3113 2426 3586 2497 εὐαρεστούμενον
3614 2426 3709 2479 καὶ

428 2538 545 2592 haec
576 2554 605 2591 a
632 2519 978 2596 Providentia
1002 2544 1408 2614 dispensentur,
1436 2554 1599 2616 atque
1622 2547 1704 2603 vel
1722 2519 2004 2601 acerbiora

2132 2520 2454 2594 ιατακληρού
2464 2539 2622 2593 μενον
2654 2522 2761 2574 ἀπὸ
2789 2522 2886 2591 τῆς
2922 2521 3207 2593 Προνοίας,
3236 2521 3435 2592 ἱλαρῶς
3467 2519 3708 2590 δεχομέ-

428 2626 679 2684 hilariter
709 2633 1029 2702 accipiendo
1055 2633 1165 2690 Deo
1185 2635 1367 2691 dicere
1393 2654 1405 2689 :
1440 2607 1704 2707 Benignus
1730 2654 1784 2691 es
1809 2645 1861 2688 tu
1880 2653 1898 2699 ;
1917 2646 2003 2691 et:

2131 2630 2196 2666 νου
2220 2613 2416 2681 λέγειν,
2436 2613 2528 2665 καὶ
2548 2613 2638 2665 ἐπὶ
2660 2614 2768 2673 τοῖς
2781 2612 3121 2682 πικροτέροις
3137 2607 3273 2665 εἶναι
3294 2613 3707 2683 νομιζομένοις,

430 2722 748 2777 Benedicam
770 2725 996 2781 Domino
1021 2729 1075 2781 in
1115 2730 1258 2781 omni
1291 2738 1536 2796 tempore,
1568 2730 1623 2783 in
1656 2730 1759 2784 hoc
1794 2744 2006 2796 semper

2213 2704 2331 2776 Θεῷ
2358 2705 2446 2757 τό·
2489 2702 2761 2772 Χρηστὸς
2784 2699 2843 2755 εἷ
2866 2703 2967 2767 σὺ,
3001 2704 3092 2755 καί⁵
3116 2703 3205 2755 τό’
3232 2702 3579 2772 Eulog-rictu
3598 2702 3710 2755 τὸν

431 2821 715 2890 proposito
748 2822 1073 2876 insistendo.
1096 2820 1201 2877 Pro
1228 2823 1321 2875 illo
1347 2842 1358 2875 :
1382 2823 1647 2892 Benignus
1674 2840 1728 2876 es
1770 2833 1847 2888 tu,
1878 2822 2007 2877 reli-

2132 2796 2330 2863 ϊύριον
2386 2794 2456 2847 ἐν
2514 2792 2690 2847 παντὶ
2757 2792 2958 2861 καιρῷ,
3024 2792 3124 2862 τῆς
3191 2792 3358 2863 αὐτῆς
3438 2792 3708 2862 ἐχόμενον

432 2881 553 2980 qua:
584 2908 854 2965 editiones
889 2911 1103 2965 :b'onus
1134 2927 1187 2964 es
1212 2920 1289 2975 tu,
1317 2881 1687 2981 interpretum
1711 2920 1859 2966 sunt.
1880 2910 2008 2966 Scio

2132 2885 2501 2958 προαιρέσεως.
2549 2884 2692 2937 Ἀντὶ
2723 2885 2839 2951 τοῦ,
2874 2886 3144 2953 Χρηστὸς
3169 2881 3225 2938 εἴ
3266 2884 3369 2949 σὺ,
3404 2887 3460 2938 αἱ
3512 2884 3708 2937 λοιπαὶ

434 2972 645 3065 utique,
678 2996 775 3057 ait,
814 3014 991 3067 neque
1023 2998 1214 3053 dubito
1250 2972 1317 3053 de
1362 2972 1559 3053 natura
1586 3011 1696 3065 tua,
1735 3003 1878 3071 quod
1923 3003 2001 3055 ni-

2128 2977 2349 3040 ικδόσεις
2370 2994 2381 3006 ·
2414 2976 2645 3046 Ἀγαθῶς
2672 2972 2731 3030 εἷ
2749 2976 2852 3035 σὺ,
2879 2978 3251 3046 ἡρμήνευσαν.
3273 2976 3402 3028 Οἶδα
3436 2976 3541 3044 μὲν
3584 2972 3704 3038 οὖν,

433 3088 633 3141 mirum
692 3087 809 3157 ipsa
866 3083 1236 3154 bonitas‘sit;
1276 3089 1371 3144 sed
1428 3093 1645 3160 postulo
1701 3068 2007 3147 doctrinam

2132 3070 2267 3143 μησὶ,
2286 3069 2378 3122 καὶ¹
2401 3070 2500 3122 οὐκ
2538 3068 2862 3139 ἀμφιϐάλλω
2888 3069 3014 3140 περὶ
3036 3069 3133 3138 τῆς
3159 3069 3258 3138 σῆς
3285 3068 3498 3132 οὐσίας,
3532 3068 3623 3121 ὅτι
3644 3070 3708 3137 δὴ

428 3177 885 3248 justiﬁcatiunum
947 3189 1189 3245 tuarum,
1237 3197 1344 3251 qua
1392 3197 1479 3236 me
1544 3183 1759 3238 institui
1824 3199 2004 3254 rogo:

2134 3162 2448 3230 ιὺτοάγαθον
2486 3161 2766 3231 πέφυκεν·
2794 3160 2928 3214 ἀλλὰ
2968 3160 3157 3231 δέομαι
3194 3161 3551 3224 διδασκαλίας
3600 3163 3710 3215 τῶν

434 3286 559 3324 nam
593 3272 843 3325 doctrina
882 3288 1037 3343 egeo,
1072 3281 1129 3328 ut
1177 3290 1461 3331 sermones
1497 3276 1564 3331 de
1608 3278 1861 3347 superbis
1917 3292 2010 3330 co-

2134 3252 2492 3324 ἱικαιωμάτων
2524 3270 2638 3315 σου,
2670 3252 2736 3323 ἣν
2769 3252 2904 3316 ἀξιῶ
2942 3250 3150 3316 διδάξαι
3210 3268 3307 3322 με·
3346 3251 3710 3315 διδασκαλίας

434 3379 717 3433 εηοερτηη.
926 3342 935 3343 ί
1679 3342 1695 3347 ”
2112 3343 2221 3415 γάρ
2269 3361 2359 3414 μοι
2406 3344 2507 3405 δεῖ,
2565 3346 2644 3407 είς
2687 3343 2749 3397 τὸ
2794 3342 2994 3411 γνῶναι
3035 3344 3160 3407 τοὺς
3209 3344 3336 3415 περὶ
3381 3343 3491 3395 τῶν
3536 3345 3713 3417 ὑπερ-

2039 3425 2081 3480 C
2113 3436 2338 3507 ηφάνων
2370 3436 2580 3503 λόγους.

507 3522 674 3579 Vens.
710 3524 799 3579 69.
838 3523 1202 3594 Multipticata
1226 3534 1303 3578 est
1334 3540 1489 3593 super
1522 3540 1603 3577 me
1634 3524 1887 3594 iniquitas
1919 3540 2005 3577 su-

2196 3529 2569 3596 Ἐπληθύνθη
2592 3528 2687 3580 ἐπ’
2730 3526 2834 3597 ἐμὲ
2876 3526 3079 3581 ἀδικία
3120 3526 3559 3596 ὑπερηφάνωνο
3595 3528 3713 3598 ἐγὼ

434 3613 749 3684 pet-borum;
780 3632 871 3685 ego
902 3624 1073 3667 autem
1111 3615 1166 3666 in
1219 3623 1328 3668 toto
1384 3613 1539 3667 corde
1591 3629 1702 3667 meo
1734 3614 2010 3666 scrutabor

2137 3620 2180 3673 ῗὲ
2205 3619 2408 3689 ὲνὸλῃ
2456 3620 2667 3688 καρδίᾳ
2696 3638 2815 3687 μου
2862 3620 3243 3689 ἑξερευνήσω
3290 3620 3395 3685 τὰς
3442 3620 3713 3686 ἐντολάς

437 3706 695 3761 mandata
731 3716 843 3761 tua.
873 3706 1089 3771 Quanto
1124 3706 1326 3774 justior
1351 3705 1625 3775 quispiam
1652 3713 1756 3769 est,
1798 3703 2012 3773 Deoque

2137 3726 2247 3766 που.
2267 3712 2415 3782 Ὅσῳ
2433 3712 2639 3775 δίκαιός
2665 3713 2747 3776 τίς
2771 3714 2911 3777 ἐστι,
2930 3712 3356 3783 προστιθέμενος
3394 3712 3489 3765 ἐπὶ
3521 3712 3713 3765 πλεῖον

437 3800 615 3871 magis
663 3799 921 3862 adbmret,
956 3815 1020 3853 ac
1068 3799 1123 3853 in
1172 3814 1239 3854 eo
1279 3814 1384 3869 pax
1438 3798 1532 3853 Dei
1579 3799 2012 3868 multiplicatur;

2135 3804 2191 3875 τῷ
2227 3802 2366 3874 Θεῷ,
2404 3805 2497 3857 καὶ
2522 3804 2849 3875 πληθύνεται
2878 3807 2935 3858 ὲν
2960 3803 3109 3875 αὐτῷ
3137 3807 3172 3875 ἡ
3198 3806 3390 3875 εἰρήνη
3416 3804 3515 3857 τοῦ
3543 3805 3711 3869 Θεοῦ,

438 3899 592 3947 tanto
626 3895 797 3963 magis
828 3894 883 3947 in
904 3908 992 3959 eo,
1023 3901 1211 3962 utpote
1239 3892 1605 3963 praastantiori
1643 3892 1868 3959 athleta,
1901 3892 1985 3945 vir

2138 3895 2371 3966 τοσούτῳ,
2408 3894 2483 3959 ὡς
2519 3896 2611 3949 ἐπὶ
2669 3894 2906 3967 ἀθλητὴν
2947 3895 3171 3965 μείζονα
3231 3896 3317 3949 ἐπ’
3370 3897 3520 3968 αὐτῷ
3570 3898 3714 3969 πλη-

438 3992 530 4039 tus
574 3984 864 4049 accrescit,
932 3985 1222 4055 plusquam
1274 3982 1637 4052 superborum
1694 3982 1873 4051 ipsum
1920 3981 2013 4035 lae-

2133 3986 2353 4051 ὶύνεται,
2389 3988 2421 4059 ἢ
2452 3987 2559 4041 τῶν
2588 3987 2789 4041 ἀδικεῖν
2813 3988 2974 4041 αὑτὸν
3011 3988 3272 4041 θελόντων
3311 3988 3709 4059 ὑπερηφάνων,

440 4078 572 4132 dere
601 4076 936 4144 volentium;
967 4077 1082 4131 sive
1110 4074 1551 4129 adversariarum
1584 4074 1870 4135 virtutum,
1902 4074 2016 4129 sive

2149 4080 2227 4132 ετε
2282 4080 2566 4149 δυνάμεων
2608 4080 3023 4149 ἀντικειμένων,
3058 4081 3169 4132 εἴτε
3201 4078 3527 4149 ἀνθρώπων.
3567 4080 3715 4132 Τού-

443 4170 748 4223 hominum.
784 4167 899 4222 Hoc
955 4178 1137 4222 autem
1184 4175 1431 4238 peracto,
1484 4182 1554 4221 ne
1590 4167 1669 4221 vel
1730 4166 2014 4219 minimum

2135 4189 2208 4225 :ou
2238 4170 2295 4223 δὲ
2326 4170 2634 4241 γινομένου,
2668 4171 2789 4224 οὐδὲ
2820 4170 2963 4223 κατά
3000 4170 3064 4223 τὸ
3113 4172 3265 4225 ποιὸν
3306 4170 3585 4223 ἐνδίδωσιν
3614 4170 3711 4223 τοῦ

442 4263 661 4333 quidem
694 4263 976 4317 remissior
1012 4262 1211 4328 evadit,
1246 4260 1541 4329 quominus
1608 4260 1661 4313 in
1710 4266 1827 4313 toto
1852 4258 2017 4313 corde

2136 4263 2195 4334 ιὴ
2233 4264 2290 4317 ἐν
2329 4262 2424 4333 ὅλῃ
2457 4262 2654 4332 καρδίᾳ
2700 4262 2990 4333 ὲξερευνᾷν
3022 4262 3123 4325 τὰς
3152 4262 3370 4325 ἐντολὰς
3420 4262 3517 4315 τοῦ
3565 4263 3712 4317 Θεοῦ

444 4363 722 4410 scrutetur
755 4355 1009 4407 mandata
1039 4352 1155 4416 Dei,
1189 4362 1245 4408 ut
1273 4353 1441 4408 faciat
1469 4369 1554 4409 ea.

1366 4354 1441 4408 iat
1469 4369 1554 4409 ea.
2120 4356 2255 4425 πρὸς
2287 4356 2347 4407 τὸ
2385 4356 2476 4408 καὶ
2502 4355 2724 4425 ποιῆσαι
2747 4355 2934 4418 αὑτάς.

514 4442 680 4496 Vens.
714 4442 899 4497 70-72.
925 4442 1279 4512 Coagulatum
1300 4452 1378 4497 est
1411 4445 1547 4497 sicut
1568 4443 1650 4496 lac
1682 4460 1772 4497 cor
1804 4458 2017 4497 eorum:

2202 4447 2495 4515 Ἐτυρώθη
2534 4448 2615 4512 ὠς
2652 4446 2807 4517 γάλα
2849 4449 2887 4516 ἠ
2936 4447 3149 4515 καρδία
3206 4445 3434 4501 αὐτῶνθ
3472 4445 3593 4514 ἐγὼ
3642 4446 3718 4499 δὲ

442 4552 535 4605 ego
571 4553 688 4589 vero
720 4536 880 4605 legem
926 4546 1074 4589 tuam
1115 4536 1399 4590 meditatus
1452 4554 1591 4591 sum.
1634 4538 1842 4591 Bonum
1892 4538 2018 4590 mihi

2140 4540 2225 4591 τὸν
2249 4540 2437 4607 νόμον
2471 4553 2586 4592 σου
2624 4538 2976 4607 ἑμελέτησα.
3019 4539 3257 4609 Ἀγαθόν
3276 4555 3398 4607 μοι,
3449 4537 3539 4590 ὅτι
3568 4537 3716 4592 ἑτα-

443 4630 571 4698 quia
601 4627 898 4683 humiliasti
932 4646 1031 4691 me,
1066 4638 1123 4681 ut
1162 4628 1364 4682 discam
1411 4630 1824 4699 justiﬁcationes
1875 4638 2014 4682 tuas.

2137 4628 2418 4695 τείνωσάς
2449 4645 2546 4697 με,
2588 4628 2746 4695 ὅπως
2783 4629 2860 4683 ἂν
2880 4628 3047 4697 μάθω
3077 4630 3148 4682 τὰ
3172 4627 3531 4697 δικαιώματά
3563 4645 3713 4683 σου.

445 4722 652 4776 Bonum
682 4722 813 4775 mihi
841 4724 925 4775 lex
949 4725 1053 4777 oris
1084 4725 1161 4777 tui
1185 4739 1338 4793 super
1355 4725 1527 4778 millia
1560 4725 1680 4777 auri
1710 4736 1761 4779 et
1792 4726 2015 4795 argenti.

2136 4717 2365 4785 Ἀγαθός
2392 4735 2493 4785 μοι
2522 4720 2555 4772 ό
2592 4718 2776 4787 νόμος
2808 4718 2913 4771 τοῦ
2947 4720 3244 4788 στόματός
3280 4734 3395 4773 σου
3422 4718 3576 4786 ὑπὲρ
3610 4739 3712 4788 χι-

443 4811 577 4866 Nam
627 4824 751 4868 ante
795 4815 1108 4883 superbiam
1148 4815 1388 4885 quidem,
1426 4816 1727 4872 incolumes
1762 4823 1815 4871 et
1852 4815 2017 4870 corde

2140 4810 2332 4876 ἰιάδας
2377 4810 2632 4879 χρυσίου
2676 4812 2772 4864 καὶ
2825 4810 3127 4881 ἀργυρίου.
3181 4813 3295 4882 Πρὸ
3328 4812 3426 4883 μὲν
3466 4812 3577 4885 γὰρ
3604 4815 3716 4884 τῆς

448 4906 693 4975 vigentes
747 4917 922 4971 erant,
955 4916 1137 4976 atque,
1177 4917 1236 4961 ut
1282 4908 1355 4961 ita
1398 4908 1600 4972 dicam,
1633 4907 1923 4978 potabiles,
1956 4915 2017 4961 ut.

2140 4901 2501 4972 inepqtpaviag
2528 4901 2739 4955 εὔεκτοί
2764 4919 2906 4965 τινες
2932 4903 3025 4955 καὶ
3048 4903 3245 4957 ἁπαλοὶ
3273 4900 3412 4975 ἦσαν
3434 4906 3536 4976 τὴν
3568 4923 3716 4977 καρ-

444 5000 610 5054 etiam
643 5001 768 5053 lacti
814 5000 883 5054 ad
940 5016 1125 5056 escam
1182 5001 1478 5056 utilissimo
1530 5009 2015 5071 compararentur;

2136 4993 2261 5059 Βίαν,
2310 4994 2406 5046 καὶ
2463 4994 2683 5064 πότιμοι
2735 4994 2811 5058 ὼς
2864 4995 2942 5065 τῷ
2996 4996 3228 5063 γάλακτι
3286 4996 3455 5066 αὐτὴν
3519 5014 3712 5067 παρα-

447 5100 732 5161 postquam
765 5099 945 5147 autem
996 5093 1307 5162 superbiam
1367 5092 1683 5159 induerunt,
1710 5110 1900 5149 omnes
1929 5094 2016 5148 in-

2137 5084 2410 5138 Ξάλλεσθαι
2444 5088 2865 5157 τροφιμωτάτῳ’
2908 5089 3069 5159 ἡνίκα
3109 5088 3166 5141 δὲ
3198 5088 3295 5159 τὴν
3324 5089 3713 5159 ὑπερηφανίαν

445 5182 628 5236 durati
681 5182 840 5252 quasi
876 5199 907 5237 e
945 5183 1085 5237 lacte
1135 5181 1191 5235 in
1219 5197 1442 5237 caseum
1495 5182 1815 5236 commutati
1865 5189 2014 5236 sunt.

2136 5178 2439 5232 ὲνεδύσαντο
2490 5180 2710 5243 πάντες,
2754 5180 2848 5234 καὶ
2897 5181 3341 5250 πληρυνθὲντες,
3380 5182 3543 5234 οἱονεὶ
3592 5183 3712 5236 ἀπὸ

446 5272 555 5328 Pro
604 5274 698 5328 illo
731 5283 937 5335 autem,
968 5275 1307 5344 coagulatum
1326 5284 1425 5337 est,
1464 5274 1658 5343 Aquila
1688 5273 1823 5328 dicit
1855 5290 1869 5325 :
1905 5272 2020 5326 Im-

2132 5267 2391 5335 γάλακτος
2423 5270 2504 5332 εἰς
2548 5270 2709 5341 τυρὸν
2745 5270 3232 5342 μεταδεϐλήκασιν.
3281 5271 3423 5323 Ἀντὶ
3472 5271 3531 5323 δὲ
3579 5271 3708 5335 τοῦ,

447 5364 758 5433 piuguatum
785 5376 863 5419 est
895 5366 1052 5435 quasi
1093 5365 1252 5435 adeps
1301 5382 1393 5421 cor
1407 5380 1622 5427 eorum;
1655 5363 2018 5435 Symmachus

2136 5361 2415 5429 ἐτυρώθη,
2462 5365 2490 5415 ὁ
2544 5363 2644 5433 μὲν
2701 5362 2927 5426 Ἀκύλας
2991 5363 3189 5433 φησιν’
3236 5361 3555 5429 Ἐλιπὰνθη
3618 5364 3712 5429 ὠς

450 5463 633 5511 autem
673 5472 687 5509 :
718 5455 1075 5511 Medullinum
1095 5468 1174 5512 est
1195 5459 1333 5513 sicut
1364 5457 1522 5527 adeps
1543 5474 1634 5511 cor
1664 5473 1865 5511 eorum.
1901 5456 2020 5511 Cae-

2136 5453 2305 5522 J'zéap
2320 5456 2359 5522 ἡ
2378 5454 2588 5525 καρδία
2616 5455 2813 5510 αὐτῶν
2831 5472 2844 5485 ·
2871 5456 2969 5509 ὁδὲ
3000 5456 3292 5527 Σύμμαχος
3312 5474 3325 5485 ·
3360 5455 3712 5525 Ἐμυαλὼθη

450 5556 630 5603 terum
659 5549 788 5605 licet
828 5550 903 5603 illi
938 5550 993 5605 in
1028 5551 1114 5606 his
1139 5560 1515 5615 versarentur,
1550 5566 1651 5621 ego
1679 5566 1708 5603 a
1740 5550 2025 5620 proposito

2133 5547 2207 5612 ὡς
2242 5547 2426 5617 στέαρ
2462 5550 2501 5617 ἡ
2530 5549 2741 5618 καρδία
2780 5550 2997 5604 αὐτῶν.
3030 5551 3179 5621 Πλὴν
3212 5550 3327 5602 ἀλλ’
3358 5550 3409 5603 εί
3454 5551 3709 5603 κάκεῖνοι

450 5638 676 5695 minime
696 5642 936 5709 recessi;
973 5644 1067 5697 sed
1103 5651 1217 5697 toto
1242 5644 1408 5699 corde
1441 5644 1728 5699 scrutabar
1762 5643 2015 5697 mandata

2132 5642 2187 5693 ἐν
2224 5640 2430 5705 τούτοις
2479 5638 2640 5713 ἦσαν,
2697 5642 2806 5711 ἐγὼ
2860 5644 2967 5697 τῶν
3004 5645 3126 5713 ἐμοὶ
3176 5643 3550 5714 προκειμένων
3600 5644 3708 5696 οὐκ

451 5736 545 5783 tua
581 5748 594 5783 :
629 5731 697 5785 ab
744 5732 1061 5787 earumdem
1130 5736 1470 5790 scrutatione
1511 5735 1869 5804 providentiae
1913 5744 2019 5789 tua:

2128 5735 2449 5806 ἀνεχώρουν,
2477 5738 2533 5789 ὲν
2554 5736 2650 5809 ὅλῃ
2677 5736 2869 5807 καρδίᾳ
2892 5735 3185 5807 ἐξερευνῶν
3204 5736 3304 5799 τὰς
3331 5735 3548 5800 ἐντολάς
3582 5752 3704 5797 σου,

453 5837 517 5877 ac
546 5825 925 5880 universorum
958 5826 1448 5884 administrationis
1477 5828 1723 5884 notitiam
1772 5837 2017 5898 captans.

2133 5826 2234 5879 ἀπὸ
2279 5826 2375 5895 τῆς
2411 5824 2613 5880 τούτων
2660 5825 2886 5896 ἐρεύνης
2912 5826 3008 5897 τὴν
3049 5824 3248 5895 γνῶσιν
3290 5824 3392 5894 τῆς
3425 5827 3526 5895 σῆς
3568 5838 3709 5894 προ-
