3992 6404
300 341 437 397 15ἶῖ

1482 339 1993 397 COMMENTARIA
2031 339 2097 396 1N
2139 339 2484 397 PSALMOS.

3428 348 3454 403 1
3465 346 3572 405 578

293 460 442 521 νοίας
476 457 570 511 καὶ
611 459 707 528 τῆς
756 456 987 511 καθόλου
1037 456 1355 528 διοικήσεως
1410 453 1747 528 θηρώμενος,
1796 474 1863 509 κα

1995 456 2174 526 Atque
2208 457 2429 511 illorum
2461 454 2683 527 quidem
2727 470 2824 511 eor
2866 457 3120 528 praesenti
3170 457 3297 512 cibo
3342 475 3445 515 suo
3473 463 3575 519 im-

290 552 400 608 τῶν
433 550 529 621 μὲν
560 552 593 621 ἡ
630 550 825 621 καρδία
868 549 1176 602 ὲλιπαίνετο
1221 552 1278 603 ὲν
1310 551 1379 621 τῇ
1408 549 1663 620 παρούσῃ
1701 548 1885 612 αὐτοῖς

290 643 461 714 τροφῇ
482 658 495 671 ·
530 640 640 709 ἐγὼ
661 640 717 693 δὲ
740 642 832 695 τὸν
860 641 1021 713 νόμον
1046 659 1139 695 σου
1178 640 1504 713 ὲμελέτησα.

350 737 419 787 At
457 732 655 801 χεῖρές
703 746 820 787 σου
868 734 1169 803 ἐποίησάν
1196 751 1275 805 με
1322 733 1423 788 καὶ
1455 734 1736 788 ἔπλασαν
1765 752 1877 804 με’

288 827 618 880 σ-υνέπσόν
653 842 732 896 με
775 827 875 880 καὶ
907 827 1254 897 μαθήσομαι
1304 826 1413 893 τὰς
1454 827 1709 894 ἐντολάς
1740 843 1877 884 σου.

287 919 527 991 Οὐρανὸν
563 919 660 989 μὲν
698 917 805 989 γὰρ
855 919 951 973 καὶ
1002 919 1107 990 γῆν
1152 920 1246 973 καὶ
1285 921 1463 974 πάντα
1507 920 1577 973 τὰ
1609 923 1666 975 ὲν
1699 922 1881 985 αὐτοῖς

285 1011 428 1082 λόγῳ
455 1012 866 1083 δημιουργήσας
920 1012 1013 1065 καὶ
1049 1013 1454 1084 προστάγματι,
1484 1014 1571 1067 ὅτε
1595 1010 1759 1086 ἦλθεν
1788 1015 1880 1069 ἐπὶ

283 1105 374 1157 τὸν
408 1104 693 1175 ἄνθρωπον
720 1100 873 1157 εἶπεν
889 1121 903 1135 ο
931 1104 1287 1175 Ποιήσωμεν
1313 1105 1629 1175 ἄνθρωπον
1654 1110 1780 1161 κατ’
1801 1111 1881 1162 εὶ-

283 1197 435 1247 κόνα
468 1194 626 1248 ἰδίαν
646 1194 745 1249 καί
784 1196 911 1250 καθ’
951 1196 1257 1266 ὁμοίωσιν.
1290 1197 1409 1250 Τίνι
1443 1197 1499 1250 δὲ
1533 1198 1678 1268 ἄλλῳ
1708 1198 1875 1267 λέγει,

282 1286 636 1355 Ποιήσωμεν
682 1289 1017 1356 ἄνθρωπον,
1052 1290 1086 1361 ἢ
1140 1290 1219 1361 τῷ
1248 1291 1546 1359 Μονογενεῖ
1591 1291 1752 1345 αὑτοῦ
1786 1292 1879 1345 καὶ

282 1380 359 1449 τῷ
391 1380 669 1452 Πνεύματι
720 1382 878 1453 ἁγίῳ,
928 1381 1023 1445 οὒς
1069 1382 1163 1435 καὶ
1213 1386 1399 1453 χεῖρας
1444 1382 1539 1437 νῦν
1573 1383 1874 1449 ἀποκαλεῐ;

284 1472 396 1524 Καὶ
424 1473 481 1525 ἐν
513 1472 591 1544 τῷ
627 1471 744 1524 Ἰὼϐ
772 1472 829 1525 δὲ
851 1472 1160 1543 γέγραπται
1179 1490 1193 1504 ο
1221 1477 1291 1527 Αἱ
1324 1473 1519 1543 χεῖρές
1540 1490 1656 1529 σου
1675 1473 1878 1542 ἐποίη-

278 1559 403 1616 σάν
423 1578 521 1631 με,
555 1561 653 1615 καὶ
690 1559 972 1615 ἔπλασαν
992 1580 1070 1631 με
1092 1575 1107 1589 ⁸
1143 1562 1293 1632 μετὰ
1320 1563 1507 1617 ταῦτα
1524 1561 1877 1631 μεταϐαλὼ-

202 1666 215 1673 “
274 1671 353 1723 με
400 1653 609 1720 δεινῶς
663 1654 917 1722 ὀλέκεις,
964 1655 1439 1717 ἐπανακαινίζων
1474 1656 1567 1710 ἐπ’
1605 1655 1711 1726 ἐμὲ
1761 1656 1875 1724 τὴν

280 1745 499 1800 ἕτασίν
518 1763 658 1816 μου.
699 1746 909 1800 Οὐκοῦν
940 1748 995 1799 att
1054 1750 1233 1817 χεῖρες
1258 1747 1352 1801 τοῦ
1381 1746 1516 1801 Θεοῦ
1551 1749 1646 1801 καὶ
1684 1748 1873 1818 ἐποίη-

1993 548 2383 619 pinguabatur,
2414 549 2544 603 dum
2577 564 2678 620 ego
2708 550 2883 621 legem
2916 555 3065 604 tuam
3100 550 3412 605 meditarer.

2062 724 2229 781 Vens.
2263 726 2350 780 75.
2376 724 2570 780 Manus
2601 734 2705 781 tuw
2727 726 2967 797 fecerunt
2999 744 3078 782 me
3112 737 3160 782 et
3178 727 3574 797 plasmaverunt

1990 835 2071 873 me
2103 836 2121 873 :
2152 818 2224 871 da
2254 819 2385 873 mihi
2423 819 2773 884 intellectum,
2805 828 2857 874 et
2902 820 3111 875 discam
3153 822 3413 875 mandata
3456 831 3568 877 tua.

1987 910 2124 967 Cum
2164 910 2309 968 Deus
2336 914 2535 969 coelum
2570 922 2624 969 et
2678 922 2881 969 terram
2923 920 2977 969 et
3036 916 3221 969 omnia
3253 931 3375 987 quae
3403 916 3457 970 in
3489 917 3569 973 eis

1987 1012 2118 1060 sunt
2165 1005 2333 1060 verbo
2382 1015 2436 1061 et
2489 1016 2763 1077 praecepto
2807 1022 2910 1062 suo
2958 1008 3315 1073 condidisset,
3349 1012 3569 1079 quando

1986 1099 2138 1154 venit
2164 1099 2233 1153 ad
2273 1099 2576 1164 hominem,
2630 1098 2768 1153 dixit
2801 1117 2815 1154 :
2851 1097 3146 1154 Faciamus
3185 1100 3443 1156 hominem
3498 1102 3566 1155 ad

1984 1192 2267 1262 imaginem
2295 1200 2344 1245 et
2372 1191 2774 1247 similitudinem
2805 1203 3043 1246 nostram
3069 1194 3133 1249 ".
3164 1193 3394 1248 Cuinam
3437 1210 3569 1250 vero

1986 1282 2077 1336 alii
2102 1282 2237 1336 dicit
2272 1302 2285 1337 :
2322 1282 2613 1338 Faciamus
2654 1284 2937 1349 hominem,
2970 1286 3077 1340 nisi
3136 1284 3429 1356 Uuigenito
3464 1302 3566 1341 suo

1984 1383 2038 1428 et
2058 1371 2286 1444 Spiritui
2314 1385 2526 1438 sancto,
2546 1392 2686 1447 quos
2707 1377 2818 1447 jam
2846 1392 3044 1431 manus
3074 1378 3347 1448 appellat?
3374 1378 3430 1432 ln
3461 1376 3565 1432 Job

1983 1464 2112 1520 item
2145 1466 2408 1521 scribitur
2440 1486 2453 1520 :
2488 1467 2681 1522 Manus
2722 1478 2826 1522 tua:
2850 1468 3082 1537 fecerunt
3108 1486 3207 1535 me,
3238 1478 3285 1523 et
3326 1470 3565 1539 plasma~

1981 1567 2163 1611 verunt
2187 1576 2267 1613 me
2288 1576 2307 1613 :
2328 1568 2508 1627 postea
2548 1570 2783 1615 mutatus
2812 1578 2894 1616 me
2922 1563 3036 1617 dire
3069 1562 3270 1630 perdis,
3305 1580 3561 1617 renovans

1981 1651 2034 1702 in
2062 1666 2142 1703 me
2161 1666 2381 1705 examen
2408 1668 2581 1705 meum
2602 1653 2666 1707 ¹⁵.
2698 1650 2886 1723 Itaque
2924 1670 3121 1711 manus
3170 1654 3263 1711 Dei
3314 1655 3563 1711 fecerunt

1980 1749 2034 1796 et
2082 1743 2517 1812 plasmaverunt.
2567 1744 2646 1800 Ac
2688 1744 2958 1818 Origenes
2978 1749 3198 1819 quidem
3224 1759 3278 1805 et
3308 1750 3560 1805 nonnulli

282 1854 382 1891 σαν
411 1838 506 1890 καὶ
533 1837 792 1890 ἔπλασαν.
819 1838 929 1890 Καὶ
960 1838 1241 1909 Ὠριγένης
1278 1840 1376 1910 μὲν
1400 1841 1494 1894 καὶ
1526 1840 1701 1910 ἕτεροί
1730 1857 1863 1903 τινες

1977 1836 2068 1890 alii
2099 1836 2251 1901 illud,
2283 1836 2540 1905 fecerunt,
2567 1837 2635 1893 de
2655 1839 2839 1894 auiuia
2866 1840 3077 1896 dictum
3106 1843 3183 1895 ait
3210 1860 3225 1908 ;
3248 1843 3381 1897 illud
3405 1859 3556 1911 vero,

278 1929 360 1991 τὸ,
403 1929 721 1997 ἐποίησαν,
777 1929 871 1982 ἐπὶ
915 1929 1018 2000 τῆς
1076 1929 1253 2001 ψυχῆς
1288 1931 1541 2003 εἰρῆσθαί
1575 1948 1759 2001 φασιν,
1810 1932 1872 1985 τὸ

278 2020 358 2083 δὲ,
388 2020 688 2086 ἔπλασαν,
747 2020 841 2073 ἐπὶ
890 2019 985 2074 τοῦ
1046 2019 1318 2092 σώματος.
1357 2022 1541 2075 Ἄλλοι
1569 2022 1624 2075 δὲ
1653 2022 1715 2075 τὸ
1747 2022 1866 2092 μὲν,

280 2114 598 2180 ἐποίησαν,
648 2112 742 2165 ἐπὶ
774 2114 873 2185 τῆς
915 2112 1138 2186 πρώτης
1192 2114 1553 2186 δημιουργίας
1600 2116 1763 2185 φασὶν
1795 2117 1871 2169 εί-

282 2205 501 2276 ρῆσθαι,
531 2205 591 2258 τὸ
610 2205 1001 2271 δὲ,ἕπλασαν,
1036 2207 1129 2259 ἐπὶ
1160 2207 1258 2279 τῆς
1294 2207 1389 2261 τοῦ
1417 2207 1644 2278 λουτροῦ
1672 2208 1869 2277 παλιγ-

279 2297 528 2365 γενεσίας
562 2297 656 2350 καὶ
688 2298 1065 2362 ὰναπλάσεως.

353 2391 417 2442 Οἱ
451 2389 814 2458 φοϐούμενοί
838 2405 913 2444 σε
956 2390 1212 2458 ὄψονται
1244 2407 1341 2459 με,
1403 2391 1501 2444 καὶ
1529 2390 1869 2461 εὐφρανθή-

279 2494 509 2542 σονται,
526 2478 615 2533 ὅτι
629 2481 715 2545 εἰς
730 2480 873 2546 τοὺς
890 2481 1113 2550 λόγους
1128 2495 1245 2535 σου
1266 2480 1601 2551 ἐπήλπισα.
1614 2483 1863 2551 Ἕγνων,

280 2575 476 2639 Κυριε,
520 2572 609 2625 ὅτι
635 2573 997 2642 δικαιοσύνη
1026 2573 1098 2626 τὰ
1130 2573 1385 2644 κρίματά
1417 2590 1554 2639 σου,
1592 2576 1689 2628 καί
1718 2575 1868 2642 ἀλη-

280 2664 408 2731 θείᾳ
438 2663 843 2730 ἐταπείνωσάς
862 2681 959 2734 με.
1000 2663 1320 2733 Γενηθήτω
1347 2664 1424 2733 δὴ
1451 2664 1519 2718 τὸ
1541 2664 1715 2732 ἔλεός
1748 2681 1865 2720 σου

278 2757 386 2812 τοῦ
427 2756 842 2826 παρακαλέσαι
899 2775 1007 2829 με,
1054 2758 1207 2813 κατὰ
1266 2757 1332 2811 τὸ
1379 2759 1593 2829 λόγιόν
1634 2773 1751 2813 σου
1784 2757 1866 2825 τῷ

276 2849 479 2915 δούλῳ
531 2865 666 2905 σου.
714 2850 1085 2905 Ἐλθέτωσάν
1126 2868 1229 2921 μοι
1282 2854 1337 2905 οὶ
1391 2852 1682 2920 οἰκτιρμοί
1724 2866 1862 2917 σου,

278 2946 376 2998 καὶ
407 2944 677 3014 ζήσομαι,
706 2944 795 2997 ὅτι
837 2947 870 2997 ὀ
894 2944 1079 3013 νόμος
1107 2960 1225 2997 σου
1248 2943 1470 3013 μελέτη
1508 2962 1628 3013 μου
1666 2944 1859 2999 ἐστίν.

278 3038 341 3091 Εἰ
374 3035 517 3089 ἔλθοι
548 3036 634 3089 ἐπ’
668 3035 769 3107 ἐμὲ
803 3035 863 3088 τὸ
902 3035 1049 3099 ἔλεός
1086 3052 1202 3100 σου,
1243 3034 1337 3088 καὶ
1360 3033 1627 3106 φθήσαιεν
1653 3036 1779 3107 ἐμοὶ
1813 3040 1861 3090 oi

277 3129 552 3201 οἰκτιρμοί
581 3145 693 3193 σου,
742 3128 803 3180 οὐ
838 3127 1293 3199 καταποθήσομαι
1333 3127 1438 3181 ὑπὸ
1469 3129 1568 3199 τῆς
1596 3129 1863 3183 ταπεινώσ

279 3237 437 3285 σεως,
473 3219 586 3272 ἀλλ’
615 3220 1033 3290 ἐγκαρτερήσας
1060 3217 1148 3271 διὰ
1168 3219 1267 3290 τῆς
1306 3220 1606 3291 ὑπομονῆς,
1649 3216 1709 3273 εὖ
1742 3216 1859 3273 οἶδα

278 3311 359 3364 ὅτι
412 3310 673 3384 ζήσομαι.
732 3312 927 3381 Τυχεῖν
985 3310 1041 3363 δὲ
1086 3310 1180 3363 τοῦ
1230 3310 1411 3375 ἐλέους
1464 3329 1556 3365 σου
1615 3312 1711 3365 καὶ
1755 3313 1864 3366 τῶν

277 3402 580 3475 οἰκτιρμῶν
610 3419 702 3456 σου
734 3402 899 3468 ἀξιῶ·
938 3404 1061 3455 ἐπεὶ
1101 3404 1194 3456 καὶ
1228 3404 1389 3466 αὐτὸς
1426 3403 1494 3457 τὰ
1530 3407 1658 3477 παρ’
1688 3406 1862 3476 ἐμαυ-

277 3494 370 3549 τοῦ
396 3495 575 3549 πάντα
612 3495 834 3569 πληρῶν
876 3496 936 3548 οὐ
970 3496 1351 3567 διαλιμπάνω,
1393 3499 1486 3550 καὶ
1527 3500 1586 3550 ὲν
1630 3498 1765 3568 αὐτῇ
1794 3500 1859 3567 τῇ

276 3586 603 3641 ταπεινώσει
629 3588 719 3642 τὸν
746 3587 908 3658 νόμον
938 3605 1031 3640 σου
1071 3587 1371 3660 μελετήσω.

347 3679 864 3749 Αίσχυνθήτωσαν
907 3679 1300 3749 ὑπερήφανοι,
1342 3679 1431 3735 ὅτι
1468 3680 1689 3746 ἀδίκως
1718 3682 1861 3749 ήνό-

272 3787 483 3841 μησαν
514 3775 603 3839 είς
644 3772 769 3843 ἐμὲ,
797 3771 912 3842 ἐγὼ
954 3771 1022 3825 δὲ
1062 3771 1466 3842 ἀδολεσχήσω
1497 3773 1566 3825 ἐν
1594 3773 1723 3838 ταῖς
1758 3774 1859 3826 ἐν·

279 3863 488 3931 τολαῖς
520 3880 660 3918 σου.
709 3863 1283 3933 Ἐπιστρεψάτωσάν
1313 3882 1392 3933 με
1423 3867 1476 3919 οἱ
1502 3866 1860 3936 φοϐούμενοί

276 3970 371 4019 σε,
405 3956 502 4009 καὶ
530 3959 584 4009 οἱ
622 3954 1027 4025 γινώσκοντες
1075 3954 1147 4009 τὰ
1181 3955 1477 4024 μαρτύριά
1505 3971 1640 4009 σου.
1672 3958 1859 4023 Γενη-

276 4047 433 4118 θήτω
475 4050 514 4117 ἡ
555 4048 771 4117 καρδία
793 4066 913 4119 μου
964 4050 1203 4118 ἄμωμος
1245 4049 1316 4102 ἐν
1348 4047 1470 4113 τοῖς
1508 4048 1860 4118 δικαιώμασί

274 4156 414 4205 σου,
444 4141 605 4209 ὅπως
636 4143 713 4197 ἂν
734 4141 820 4213 μὴ
854 4141 1183 4212 αὶσχυνθῶ.
1218 4142 1404 4196 Πάντα
1432 4141 1539 4214 γὰρ
1575 4142 1644 4194 τὰ
1675 4144 1857 4214 ἁμαρ-

275 4237 499 4306 τήματα
542 4236 806 4308 αἰσχύνης
848 4236 998 4289 ἐστὶν
1033 4234 1178 4302 ἄξια.
1232 4236 1377 4299 Ἕως
1422 4236 1521 4307 μὲν
1568 4237 1675 4308 γὰρ
1718 4254 1855 4308 καρ-

273 4328 362 4382 δία
398 4329 595 4399 ὰτελὴς
622 4329 903 4400 τυγχάνει,
937 4329 1105 4400 πολλὴ
1134 4326 1366 4401 ’φροντὶς
1400 4333 1493 4384 καὶ
1530 4331 1740 4400 ἀγωνία
1782 4334 1854 4404 μή

275 4437 352 4492 πη
383 4421 492 4493 ἄρα
540 4421 634 4475 καὶ
666 4421 939 4495 ἀσθενήσῃ
990 4423 1085 4476 καὶ
1137 4422 1331 4494 χείρων
1365 4423 1563 4494 ἑαυτῆς
1590 4424 1809 4495 γένηται
1839 4443 1851 4453 ·

1972 1928 2389 1998 plasmaverunt,
2418 1930 2487 1985 de
2513 1946 2766 2001 corpore.
2798 1931 2904 1987 Alii
2938 1950 3068 1989 vero
3115 1935 3270 1999 illud,
3300 1938 3555 2004 fecerunt,

1972 2022 2040 2077 de
2055 2022 2232 2091 prima
2271 2024 2553 2078 creatione
2604 2024 2813 2079 dictum
2848 2024 3155 2094 alIirmant;
3188 2028 3319 2083 illud
3351 2037 3555 2098 autem,

1968 2115 2387 2182 ptasmaverunt,
2421 2116 2488 2172 de
2523 2117 2745 2173 lavacro
2800 2119 3236 2190 regenerationis
3267 2135 3331 2175 ac
3378 2120 3556 2177 refor-

1970 2219 2231 2265 mattone.

2037 2389 2205 2445 Vens.
2238 2391 2426 2446 74-77.
2470 2390 2575 2457 Qui
2609 2391 2793 2445 timent
2828 2400 2894 2455 te,
2929 2392 3175 2447 videbunt
3210 2410 3311 2459 me,
3360 2405 3411 2449 et
3458 2394 3553 2449 lte-

1970 2482 2245 2547 tabuntur,
2276 2484 2403 2553 quia
2445 2484 2500 2537 in
2543 2482 2700 2538 verba
2746 2493 2839 2538 tua
2874 2487 3252 2555 supersperavi.
3297 2485 3548 2558 Cognovi,

1969 2576 2215 2641 Domine,
2247 2577 2372 2646 quia
2404 2577 2627 2645 aequitas
2655 2576 2867 2646 judicia
2903 2587 3015 2641 tua,
3043 2588 3092 2632 et
3125 2580 3178 2632 in
3211 2580 3430 2633 veritate
3450 2579 3552 2632 hu-

1967 2669 2191 2722 mitiasti
2224 2684 2322 2723 me.
2363 2666 2489 2721 Fiat
2523 2667 2888 2722 misericordia
2919 2678 3011 2722 tua
3042 2679 3098 2722 ut
3133 2669 3432 2724 consoletur
3448 2687 3549 2735 me,

1967 2762 2253 2814 secundum
2289 2762 2553 2831 eloquium
2605 2771 2752 2815 tuum
2797 2779 2941 2817 servo
2995 2773 3106 2819 tuo.
3162 2763 3382 2818 Veniant
3424 2766 3553 2818 mihi

1966 2852 2334 2907 miserationes
2367 2862 2469 2906 tute
2505 2861 2557 2906 et
2606 2853 2795 2919 vivam,
2821 2855 2947 2925 quia
2997 2856 3081 2908 lex
3126 2864 3218 2909 tua
3275 2855 3548 2910 meditatio

1967 2963 2084 3001 mea
2117 2956 2217 3002 est.
2262 2944 2320 3000 Si
2354 2946 2608 3002 adveniat
2640 2948 2775 3002 mihi
2810 2947 3186 3003 misericordia
3222 2957 3336 3017 tua,
3360 2956 3413 3005 et
3442 2948 3546 3004 mi-

1966 3040 2272 3097 serationes
2305 3049 2412 3096 tua;
2449 3039 2516 3095 ad
2563 3055 2652 3095 me
2685 3041 3043 3105 accesserint,
3074 3056 3419 3112 nequaquam
3449 3042 3549 3098 ab-

1968 3132 2238 3187 sorbebor
2313 3132 2730 3201 lmmiliatione;
2771 3133 2869 3188 sed
2912 3149 3007 3203 per
3054 3134 3372 3204 patientiam
3417 3150 3548 3205 per-

1968 3240 2247 3289 severans,
2281 3223 2420 3280 bene
2465 3225 2591 3280 novi
2644 3241 2730 3280 me
2780 3226 2836 3279 in
2876 3228 2988 3280 vita
3037 3242 3359 3283 mansurum
3404 3242 3545 3284 esse.

1966 3316 2402 3372 Misericordiam
2454 3330 2586 3370 vero
2632 3325 2687 3372 et
2731 3318 3117 3373 miserationes
3168 3326 3294 3375 tuas
3352 3335 3547 3377 conse—

1964 3409 2058 3479 qui
2108 3423 2281 3479 rogo;
2314 3410 2441 3479 quia
2474 3418 2527 3464 et
2560 3410 2676 3479 ipse
2706 3410 2891 3464 omnia
2927 3426 3048 3479 qua:
3102 3411 3379 3469 facultatis
3413 3430 3547 3469 mea!

1964 3509 2094 3557 sunt
2123 3502 2348 3572 implere
2370 3518 2477 3557 non
2507 3503 2858 3567 desino,etin
2890 3504 3006 3574 ipsa
3023 3504 3402 3561 bumiliatione
3425 3522 3545 3563 mea

1964 3593 2137 3664 legem
2169 3603 2314 3648 tuam
2351 3595 2677 3649 meditabor.

2034 3683 2202 3740 Vnus.
2260 3685 2444 3740 78-80.
2474 3685 2888 3754 Confundanlur
2920 3687 3151 3753 superbi,
3196 3688 3320 3757 quia
3351 3687 3546 3755 injuste

1961 3779 2294 3848 iniquitatem
2322 3778 2553 3847 fecerunt
2584 3779 2639 3831 in
2688 3795 2791 3841 me,
2822 3794 2915 3847 ego
2963 3787 3137 3831 autem
3180 3779 3460 3832 exercebar
3487 3779 3542 3831 in

1962 3868 2232 3924 mandatis
2278 3870 2401 3924 tuis.
2436 3867 2823 3923 Convertuntur
2852 3868 2979 3921 mihi
3010 3870 3245 3923 timentes
3275 3879 3339 3934 te,
3380 3879 3431 3922 et
3453 3872 3543 3939 qui

1962 3972 2213 4016 noverunt
2245 3963 2549 4016 testimonia
2599 3970 2709 4015 tua.
2746 3959 2873 4014 Fiat
2904 3978 2996 4015 cor
3026 3978 3194 4015 meum
3226 3962 3542 4015 immacuta-

1962 4060 2073 4104 tum
2103 4052 2644 4121 injustiﬁcationibus
2680 4055 2807 4115 tuis,
2843 4063 2899 4105 ut
2927 4070 3029 4106 non
3056 4052 3381 4122 confundor.
3412 4052 3543 4108 Om:

1960 4146 2053 4198 nia
2085 4159 2325 4214 namque
2353 4153 2577 4215 peccata
2618 4145 2943 4200 confusione
2973 4146 3133 4216 digna
3161 4155 3311 4203 sunt.
3353 4149 3539 4215 Quan-

1957 4236 2051 4291 diu
2097 4237 2242 4290 enim
2284 4251 2381 4289 cor
2422 4236 2803 4305 imperfectum
2848 4237 3087 4299 exsistit,
3131 4239 3300 4291 multa
3333 4239 3540 4294 sollici-

1958 4327 2092 4379 tudo
2130 4334 2185 4381 et
2237 4326 2521 4381 contentio
2568 4334 2675 4388 est,
2722 4343 2792 4382 ne
2822 4328 3127 4383 iutirmetur
3179 4336 3234 4384 et
3290 4330 3535 4386 deterius

1956 4418 2151 4472 evadat
2186 4419 2445 4488 :quando
2480 4427 2664 4474 autem
2714 4421 3024 4490 pervenerit
3063 4420 3130 4474 ad
3166 4422 3375 4491 apicem
3408 4439 3533 4493 per-

275 4513 364 4565 ὂτε
398 4513 454 4566 δὲ
489 4515 568 4577 εἰς
620 4513 790 4586 ἄκρον
842 4514 1027 4588 φθάσῃ
1078 4515 1176 4584 τῆς
1224 4514 1581 4584 τελειότητος,
1632 4517 1691 4569 ἐν
1741 4516 1851 4583 ἕξει

1973 4509 2235 4576 'ectionis,
2268 4511 2326 4564 in
2372 4510 2593 4565 virtutis
2638 4511 2827 4566 habitu
2866 4518 2921 4566 et
2952 4510 3353 4568 consuetudine
3406 4529 3535 4570 con-

274 4605 478 4677 ἀρετῆς
525 4607 864 4669 καταστᾶσα,
924 4604 1028 4670 ἔξω
1080 4607 1370 4678 γενήσεται
1422 4607 1622 4670 παντὸς
1667 4608 1853 4676 φόϐου,

274 4700 456 4751 οὐκέτι
484 4697 899 4768 ἀμφιδάλλουσα
937 4699 1011 4770 μή
1052 4715 1182 4751 ποτε
1215 4700 1323 4772 ἄρα
1354 4699 1745 4771 καταισχυνθῇ.

360 4792 658 4845 Ἐκλείπει
690 4793 778 4857 εὶς
822 4790 888 4844 τὸ
943 4790 1242 4858 σωτήριόν
1284 4808 1401 4844 σου
1435 4794 1474 4860 ἡ
1513 4792 1684 4861 ψυχή
1710 4812 1852 4862 μου,

271 4888 359 4950 είς
398 4884 540 4951 τοὺς
588 4886 810 4954 λόγους
843 4899 960 4938 σου
1002 4882 1336 4951 ἐπήλπισα.
1375 4885 1587 4957 Σφόδρα
1629 4885 1854 4939 ἀκολού-

273 4976 379 5041 θως
408 4976 727 5048 ἑρμηνεύων
771 4978 824 5030 τί
859 4977 989 5029 ποτέ
1036 4979 1152 5030 ἐστι
1198 4976 1259 5029 τὸ
1292 4978 1557 5049 σωτήριον
1607 4978 1848 5048 ἐπιλέγει

272 5070 400 5140 ἑξῆς
421 5087 435 5101 ·
478 5072 583 5135 Είς
604 5070 712 5124 τὸν
732 5070 917 5140 λόγον
938 5085 1055 5123 σου
1079 5069 1412 5139 ἐπήλπισα,
1435 5071 1736 5142 σημαίνων,
1768 5074 1850 5125 ὃτι

272 5162 332 5215 τὸ
349 5162 615 5235 σωτήριον
628 5162 656 5214 ὁ
669 5161 794 5225 Υἱὸς
810 5160 904 5215 τοῦ
925 5161 1060 5215 Θεοῦ
1078 5164 1214 5215 ἐστι.
1232 5163 1549 5227 Ἐξέλιπον
1565 5166 1619 5217 οἱ
1636 5165 1852 5233 ὀφθαλ-

268 5257 371 5323 μοί
402 5272 522 5324 μου
550 5256 639 5320 εὶς
651 5254 717 5308 τὸ
742 5255 950 5325 λόγιόν
971 5268 1109 5319 σου,
1139 5254 1445 5325 λέγοντος
1485 5259 1635 5311 Πότε
1665 5273 1851 5325 παρα-

273 5344 553 5413 καλέσεις
572 5363 683 5417 με;
722 5346 809 5399 ὅτι
847 5346 1140 5416 ἐγενήθην
1175 5347 1255 5414 ὡς
1291 5347 1484 5414 ἀσκὸς
1517 5348 1587 5403 ἐν
1619 5348 1844 5419 πάχνη,

271 5437 344 5491 τὰ
388 5437 751 5509 δικαιώματά
792 5455 909 5494 σου
947 5442 1058 5495 οὐκ
1096 5442 1495 5512 ἐπελαθόμην.
1537 5444 1729 5498 Πόσαι
1772 5446 1850 5498 εί-

271 5531 378 5583 σὶν
409 5534 469 5585 αὶ
500 5532 713 5602 ἡμέραι
763 5533 870 5587 τοῦ
908 5532 1133 5588 δούλου
1184 5548 1301 5590 σου
1316 5552 1337 5601 ;
1396 5536 1539 5590 πότε
1576 5536 1850 5604 ποιήσεις

1956 4600 2230 4665 stitutum,
2265 4602 2414 4654 omni
2458 4609 2605 4655 metu
2636 4616 2870 4657 vacuum
2909 4603 3036 4665 erit,
3061 4617 3240 4672 neque
3274 4602 3536 4660 haesitans

1954 4692 2234 4747 verebitur
2264 4708 2333 4747 ne
2358 4692 2753 4747 confundatur.

2024 4784 2192 4842 Vnus.
2227 4786 2316 4841 8i.
2358 4785 2551 4855 Deﬁcit
2595 4788 2651 4841 in
2681 4791 2919 4841 salutare
2959 4796 3107 4840 tuum
3143 4786 3327 4841 anima
3359 4803 3473 4841 mea
3515 4804 3533 4841 :

1953 4878 2006 4930 in
2038 4878 2194 4932 verba
2230 4887 2322 4931 tua
2360 4880 2750 4949 supersperavi.
2786 4877 3098 4933 Admodum
3130 4889 3536 4947 consequenter

1955 4971 2238 5040 explicans
2266 4972 2399 5041 quid
2425 4973 2497 5027 sit
2530 4972 2773 5028 salutare
2812 4972 2969 5035 illud,
2995 4971 3183 5040 adjicit
3205 4977 3395 5042 postea
3426 4991 3438 5026 :
3466 4971 3535 5025 In

1956 5064 2167 5118 verbum
2193 5075 2340 5117 tuum
2368 5066 2750 5135 supersperavi,
2792 5065 3109 5136 signiﬁcans
3134 5064 3372 5119 salutare
3396 5061 3534 5117 illud

1954 5173 2078 5214 esse
2098 5156 2309 5213 'Filium
2343 5158 2459 5215 Dei.
2494 5190 2565 5199 —-
2596 5158 2762 5215 Vens.
2796 5158 2986 5214 82-88.
3029 5158 3341 5227 Defecerunt
3391 5155 3533 5209 oculi

1955 5253 2056 5305 mei
2084 5253 2140 5305 in
2166 5252 2430 5322 eloquium
2470 5261 2637 5320 tuum,
2664 5252 2889 5307 dicentes
2920 5269 2938 5305 :
2969 5250 3195 5319 Quando
3227 5247 3533 5304 consolaba-

1952 5345 2026 5398 ris
2065 5346 2191 5400 me?
2223 5346 2361 5412 Quia
2398 5345 2570 5415 factus
2600 5362 2717 5398 sum
2749 5346 2884 5399 sicut
2914 5355 3030 5398 uter
3062 5344 3115 5397 in
3133 5344 3344 5413 pruina,
3366 5341 3532 5411 justi-

1956 5439 2229 5508 ﬁcationes
2265 5450 2384 5494 tuas
2406 5456 2509 5494 non
2537 5455 2658 5494 sum
2696 5438 2911 5493 oblitus.
2937 5437 3079 5505 Quot
3103 5446 3225 5491 sunt
3252 5435 3364 5491 dies
3397 5433 3533 5489 servi

1960 5532 2084 5588 tui?
2108 5533 2318 5603 quando
2348 5534 2509 5598 facies
2544 5533 2675 5588 mihi
2703 5533 2766 5587 de
2803 5531 3228 5603 persequentibus
3265 5547 3347 5585 me
3377 5528 3530 5600 judi-

268 5639 370 5694 μοι
421 5624 491 5676 ὲκ
548 5622 669 5676 τῶν
718 5623 1210 5680 καταδιωκόντων
1248 5645 1327 5698 με
1378 5630 1613 5699 κρίσιν;
1643 5630 1853 5701 Διητή-

1973 5629 2101 5683 :ium
2124 5632 2149 5685 Ζ)
2174 5627 2543 5687 Narraverunt
2563 5627 2692 5683 mihi
2719 5629 2883 5699 iniqui
2911 5625 3287 5698 [abttlationes,
3314 5626 3404 5680 sed
3428 5638 3531 5678 non

237 5806 243 5812 ’
346 5797 771 5869 “Gen.t,26.
850 5801 1217 5871 “Jobx,8.
