3992 6404
475 385 606 441 1379

1178 385 1444 442 EUSEBII
1475 383 1958 440 CESARIENSIS
1995 356 2144 439 ΟΡί).
2187 382 2368 440 PARS
2405 384 2493 441 Ill.
2535 415 2604 427 —-
2639 386 3045 444 EXEGETICA.

3604 387 3750 443 1³580

472 514 530 558 ut
569 506 652 559 (ex
709 515 820 571 tua,
862 505 1105 560 Domine.
1141 506 1336 562 Omnia
1371 507 1629 562 mandata
1691 517 1779 560 tua
1806 509 1996 561 veritas
2029 526 2036 561 λ

2151 521 2341 561 σαντο
2366 526 2468 577 μοι
2501 507 2829 579 παράνομοι
2871 509 3235 578 ἀδολεσχίας
3255 549 3270 574 ,
3321 509 3458 564 ἀλλ’
3499 511 3622 577 οὐχ
3664 510 3750 573 ὡς

471 597 644 666 inique
672 599 931 666 persecuti
985 607 1107 652 sunt
1160 615 1261 660 me,
1291 599 1489 668 adjuva
1526 616 1626 652 me.
1665 598 1839 660 Paulo
1874 601 2046 653 minus

471 701 964 743 consummaverunt
999 708 1080 745 me
1104 693 1155 744 in
1190 702 1352 746 terra.
1403 691 1514 762 Ego
1552 701 1727 746 autem
1769 710 1871 745 non
1900 692 2048 746 dere-

471 777 601 846 liqui
635 779 892 833 mandata
923 789 1035 833 tua.
1084 779 1382 834 Secundum
1433 782 1851 835 misericordiam
1901 794 2048 836 tuam

469 871 679 940 vivi/ica
718 888 818 938 me,
842 880 892 925 et
928 873 1226 925 custodiam
1253 874 1554 927 testimonia
1583 875 1691 927 oris
1715 876 1812 928 tui.
1847 873 2048 928 Secun-

470 964 598 1018 dum
658 964 932 1034 eloquium
977 964 1070 1019 Dei
1105 965 1304 1029 vivere,
1338 974 1422 1020 est
1459 983 1584 1021 cum
1632 969 1832 1037 pietate
1877 969 2044 1022 vitam

470 1070 650 1126 agere,
681 1072 857 1126 neque
903 1057 1161 1112 sensilem
1202 1060 1582 1114 tantumnodo
1617 1061 1784 1113 vitam
1821 1059 2042 1116 ducere.

468 1145 604 1200 Nam
639 1148 892 1218 quisquis
924 1149 979 1202 id
1008 1149 1402 1219 consequitur,
1437 1151 1634 1205 bonam
1668 1151 1935 1222 transiget
1964 1152 2046 1206 vi-

469 1247 612 1305 tam;
647 1240 720 1293 ita
769 1250 829 1294 ut
862 1241 1152 1296 .custodiat
1205 1242 1516 1297 testimonia
1549 1241 1662 1296 oris
1693 1241 1789 1296 Dei
1826 1257 1984 1312 :quze
2013 1257 2044 1295 a

468 1328 650 1386 Verbo
678 1331 794 1397 Dei,
825 1334 970 1403 quod
999 1349 1060 1389 os
1090 1333 1211 1404 ejus
1239 1350 1364 1392 esse
1399 1334 1536 1399 dixi,
1567 1334 1882 1390 testimonio
1911 1350 2044 1389 con-

471 1424 681 1478 Iirmata
709 1433 764 1480 et
797 1426 1076 1481 declarata
1099 1435 1251 1482 sunt.

539 1603 709 1660 Vsus.
742 1605 933 1661 89-91.
957 1605 1023 1659 1η
1051 1616 1328 1670 ωῑενηιιηι,
1364 1607 1607 1672 Domine,
1640 1611 1848 1661 verbum
1896 1620 2042 1662 tuum

465 1707 732 1764 permanet
765 1698 820 1750 in
849 1698 996 1754 coelo.
1040 1697 1105 1752 In
1131 1701 1519 1768 generationem
1563 1712 1610 1753 et
1654 1702 2040 1770 generationem

468 1790 660 1843 veritas
693 1799 803 1854 tua,
829 1790 1068 1858 fundasti
1088 1802 1304 1854 terram,
1333 1801 1381 1845 et
1410 1802 1698 1859 permanet.
1729 1792 2041 1847 Ordinatio-

2154 602 2188 653 ό
2218 600 2402 667 νόμος
2429 617 2568 666 σου,
2612 602 2808 669 Κύριε.
2843 601 3040 658 Πᾶσαι
3077 605 3137 656 at
3175 602 3414 656 ὲντολαί
3445 616 3569 655 σου
3596 599 3752 668 ἀλή-

2153 693 2298 753 θεια,
2325 691 2546 758 ἀδίκως
2571 691 2938 758 κατεδίωξαν
2956 710 3053 762 με,
3076 693 3395 762 ,βοήθησόν
3414 711 3536 760 μοι.
3564 696 3748 759 Παρὰ

2145 784 2346 853 ,ϐραχὺ
2374 785 2663 838 ἐτέλεσαν
2684 803 2761 854 με
2783 786 2853 838 ἐν
2878 784 2953 854 τῇ
2989 784 3067 853 τῇ
3083 804 3097 817 ·
3131 785 3246 856 ἐγὼ
3283 785 3351 838 δὲ
3380 787 3493 838 οὐκ
3525 784 3745 853 ἐγκατ-

2150 875 2366 930 έλιπον
2433 877 2539 942 τὰς
2593 875 2846 943 ἐντολάς
2895 892 3033 932 σου.
3090 877 3250 932 Κατὰ
3287 877 3352 931 τὸ
3394 877 3574 942 ἔλεός
3614 893 3740 930 σου

2152 964 2339 1033 ζῆσόν
2387 985 2484 1035 με,
2522 967 2622 1020 καὶ
2665 967 2919 1036 φυλάξω
2981 969 3053 1022 τὰ
3093 970 3383 1037 μαρτύρια
3428 967 3540 1021 τοῦ
3591 968 3744 1020 στό-

2144 1060 2335 1126 ματός
2389 1075 2525 1112 σου.
2579 1059 2652 1112 Τὸ
2697 1059 2839 1113 κατὰ
2885 1060 2946 1113 τὸ
2987 1060 3166 1130 λόγιον
3205 1060 3298 1113 τοῦ
3353 1059 3489 1112 Θεοῦ
3524 1059 3632 1130 ζῇν
3681 1059 3744 1112 τὸ

2153 1151 2248 1204 σὺν
2274 1151 2529 1222 εὐσεϐείᾳ
2560 1152 2659 1222 ζῇν
2715 1153 2885 1217 ἐστιν,
2934 1155 3032 1223 οὐχ
3083 1152 3269 1216 ἁπλῶς
3316 1152 3414 1223 τὴν
3460 1151 3744 1221 αἰσθητὴν

2149 1241 2352 1314 ταύτην
2385 1241 2551 1314 ζωήν.
2604 1243 2807 1297 Τούτου
2841 1243 2951 1316 γὰρ
2986 1244 3186 1314 τυχὼν,
3226 1247 3284 1297 ὲν
3312 1243 3518 1314 εὐζωῖᾳ
3557 1242 3740 1302 ἔσται,

2147 1332 2223 1397 ὡς
2252 1335 2545 1403 φυλάσσειν
2579 1337 2648 1389 τὰ
2684 1336 2962 1408 μαρτύρια
2992 1336 3085 1389 τοῦ
3133 1336 3400 1406 στόματος
3437 1335 3538 1388 τοῦ
3574 1334 3742 1398 Θεοῦ,

2150 1427 2563 1499 μαρτυρηθέντα
2586 1430 2679 1482 καὶ
2703 1429 3090 1499 ἀποδειχθέντα
3116 1429 3220 1482 ὑπὸ
3245 1429 3419 1496 Λόγου
3445 1427 3544 1480 τοῦ
3571 1425 3741 1488 Θεοῦ,

2145 1509 2208 1570 οὖ
2240 1513 2394 1573 εἷπον
2427 1519 2590 1573 αὐτοῦ
2625 1521 2798 1591 στόμα
2824 1517 2983 1574 εἶναι.

2217 1611 2322 1673 Εἰς
2368 1609 2476 1662 τὸν
2499 1609 2707 1673 αἰῶνα,
2767 1611 2964 1678 Κύριε,
3011 1612 3044 1663 ὀ
3077 1610 3258 1678 λόγος
3306 1626 3426 1664 σου
3461 1607 3742 1677 διαμένει

2145 1697 2215 1752 ἐν
2225 1698 2303 1764 τῷ
2317 1699 2681 1767 οὐρανῷ.Είς
2695 1700 2907 1769 γενεὰν
2921 1701 3016 1754 καί
3038 1701 3248 1771 γενεὰν
3263 1701 3300 1768 ή
3314 1698 3576 1768 ἀλήθειά
3592 1714 3740 1762 σου,

2144 1791 2542 1860 ἐθεμελίωσας
2574 1793 2690 1862 τὴν
2721 1793 2858 1862 γῆν,
2883 1793 2981 1846 καὶ
3021 1793 3299 1861 διαμένει.
3343 1791 3422 1859 Τῇ
3459 1791 3743 1854 διατάξει

467 1896 530 1934 ne
561 1891 652 1933 tua
682 1889 979 1948 perseverat
1011 1881 1146 1944 dies.
1181 1885 1433 1951 quoniam
1457 1884 1637 1938 omnia
1661 1886 1892 1938 serviunt
1923 1885 2034 1938 tibi.

2144 1895 2259 1936 σου
2295 1882 2553 1951 διαμένει
2581 1884 2790 1952 ἡμέρα,
2830 1882 2918 1936 ὅτι
2951 1883 3023 1936 τὰ
3045 1884 3367 1952 σύμπαντα
3386 1881 3591 1935 δοῦλα
3629 1881 3739 1933 σά.

467 1971 766 2028 Veritatem
799 1984 979 2029 autem
1023 1984 1182 2029 vocat
1225 1977 1368 2030 hanc
1401 1977 1844 2046 promissionem,
1875 1994 2038 2048 quam

465 2066 678 2122 sciebat
705 2069 930 2122 omnino
957 2067 1195 2122 futuram
1229 2071 1283 2122 in
1315 2070 1714 2138 generationem
1745 2079 1798 2125 et
1821 2086 2043 2141 genera-

467 2159 692 2215 tionem.
747 2157 807 2213 ln
850 2159 1084 2230 singulis
1118 2161 1321 2230 quippe
1369 2161 1818 2231 generationibus
1859 2171 2041 2232 partes

465 2252 732 2322 quasdam
791 2252 1038 2307 veritatis
1097 2253 1408 2308 hominibus
1461 2254 1677 2318 mittis,
1743 2267 2041 2323 omnesque

465 2344 655 2399 mundi
693 2351 897 2417 partes,
930 2352 985 2401 et
1031 2360 1094 2401 ea
1144 2361 1266 2416 qua:
1319 2347 1424 2402 sub
1480 2355 1762 2417 aspectum
1809 2348 2034 2410 cadunt,

466 2438 814 2492 ordinatione
847 2446 941 2493 tua
984 2446 1261 2502 constant,
1295 2453 1408 2492 non
1443 2439 1745 2494 aterminis
1779 2439 1894 2494 suis
1923 2455 2040 2494 mo-

464 2539 544 2594 ta,
607 2545 786 2601 neque
837 2530 944 2584 sibi
998 2537 1261 2584 statutam
1313 2529 1488 2600 legem
1553 2530 2033 2600 transgredientia.

465 2621 644 2678 Causa
675 2637 804 2677 vero
830 2621 1026 2676 horum
1057 2621 1302 2676 omnium
1330 2619 1730 2691 permansionis
1766 2629 1869 2685 est,
1893 2622 2036 2690 quod

464 2723 525 2768 tu
554 2714 705 2770 solus
745 2712 1009 2768 Dominus
1045 2713 1120 2768 sis
1165 2713 1577 2778 universorum;
1614 2712 1823 2784 reliqua
1855 2721 2034 2766 autem

463 2806 647 2861 omnia
683 2806 781 2862 tibi
811 2806 1072 2874 serviant,
1096 2821 1160 2859 ac
1192 2812 1451 2877 tanquam
1484 2806 1755 2875 mancipia
1790 2806 2037 2874 subjecta

463 2899 594 2953 sint.

536 2989 702 3046 Vsus.
741 2989 832 3045 92.
857 2987 980 3042 Nisi
1011 2987 1149 3059 quod
1195 2989 1278 3043 lex
1325 2997 1418 3042 tua
1466 2988 1742 3045 meditatio
1785 3009 1898 3046 rrea
1931 3003 2030 3060 est,

463 3095 587 3139 tunc
627 3084 764 3152 forte
813 3082 1086 3152 periissem
1133 3081 1188 3134 in
1231 3081 1598 3136 humiliatione
1648 3100 1786 3140 mea.
1818 3084 2032 3141 Dictum

461 3185 568 3236 est,
603 3183 818 3244 tempus
850 3173 1214 3228 tentationum
1247 3188 1310 3226 ac
1355 3173 1729 3228 calamitatum
1778 3175 2032 3229 humilia—

463 3269 667 3320 tionem
695 3264 1019 3335 nuncupari.
1049 3261 1164 3316 Viri
1197 3264 1362 3331 igitur
1386 3263 1528 3318 beati
1551 3271 1634 3318 est
1655 3263 1824 3320 fuisse
1854 3265 1908 3318 iu
1934 3265 2037 3318 hu-

462 3355 789 3420 miliatione,
823 3364 878 3409 et
907 3370 1018 3409 non
1067 3354 1299 3424 periisse
1342 3374 1354 3408 :
1390 3366 1450 3407 ut
1478 3355 1546 3419 si,
1589 3351 1642 3410 γ.
1689 3371 1763 3426 g.,
1796 3356 2037 3410 venerim

461 3447 912 3502 intentationem
957 3446 1229 3517 martyrii,
1273 3446 1320 3500 si
1372 3446 1590 3516 quidem
1652 3456 1942 3517 antequam
1979 3449 2037 3502 in

460 3554 580 3593 eam
619 3539 918 3593 inciderem
950 3537 1033 3593 lex
1058 3546 1150 3592 tua
1189 3537 1469 3592 meditatio
1507 3538 1639 3591 mihi
1666 3553 1882 3607 semper
1917 3537 2036 3591 fue-

460 3633 554 3695 rit,
579 3637 634 3685 et
669 3647 790 3686 eam
821 3638 1119 3685 exsecutus
1161 3631 1296 3695 sim;
1328 3645 1451 3683 cum
1491 3631 1547 3683 in
1599 3630 2034 3684 humiliationem

459 3739 556 3792 per
587 3724 946 3778 tentationem
985 3723 1235 3793 martyrii
1275 3737 1496 3787 venero,
1535 3737 1642 3774 non
1675 3723 1887 3790 peribo.
1941 3721 2036 3775 Sic

458 3814 516 3868 in
564 3815 715 3867 omni
762 3814 1068 3867 tentatione
1122 3812 1272 3882 loqui
1301 3826 1401 3881 par
1437 3811 1638 3867 fuerit:
1668 3820 1743 3876 at,
1781 3813 2036 3883 malignis

459 3905 885 3974 cogitationibus
926 3913 975 3958 et
1023 3903 1358 3960 adversariis
1390 3905 1685 3961 virtutibus
1725 3921 1813 3960 me
1857 3906 2036 3976 impu-

461 3994 776 4062 gnantibus,
808 3993 1148 4062 pereundum
1191 3995 1323 4048 mihi
1353 4003 1493 4059 erat,
1526 3995 1632 4050 nisi
1667 3996 1752 4051 lex
1783 4004 1876 4051 tua
1925 3998 2033 4051 ful-

459 4100 555 4140 cro
580 4086 710 4138 mihi
734 4085 946 4139 fuisset.
1228 4082 1234 4088 ’

530 4173 696 4230 Vnus.
731 4177 822 4229 95.
855 4175 921 4228 1η
963 4187 1215 4232 reternum
1249 4193 1353 4230 non
1387 4177 1670 4232 obliviscar
1695 4179 2038 4249 justiﬁcatio-

460 4285 549 4323 nes
577 4282 718 4331 tuas,
749 4269 874 4337 quia
904 4269 957 4320 in
981 4269 1109 4336 ipsis
1147 4269 1425 4338 viciﬁcasti
1461 4285 1562 4322 me.
1596 4268 1794 4323 Verum
1827 4285 2034 4323 memor

459 4376 556 4416 ero
605 4361 1020 4430 disciplinarum
1072 4369 1326 4425 tuarum,
1356 4376 1493 4431 quas
1531 4361 1586 4415 in
1624 4363 1733 4414 vita
1778 4361 1977 4416 edidici
2015 4382 2028 4416 :

461 4467 557 4522 per
582 4452 704 4506 illas
720 4453 862 4505 enim
889 4466 918 4504 a
943 4461 1090 4505 terra
1117 4451 1172 4505 in
1193 4452 1392 4506 cculqu
1422 4454 1720 4515 transiens,
1754 4467 1876 4506 cum
1932 4469 2031 4506 an-

2157 1971 2433 2042 Ἀλήθειαν
2463 1973 2518 2025 δὲ
2546 1973 2693 2041 λέγει
2727 1973 2824 2044 τὴν
2852 1971 3181 2041 ἐπαγγελίαν
3222 1971 3450 2044 ταύτην,
3505 1972 3582 2042 ἣν
3624 1968 3738 2023 οἶδε

2145 2065 2361 2128 πάντως
2393 2065 2765 2136 γενησομένην
2816 2067 2896 2127 είς
2945 2065 3140 2133 γενεὰν
3184 2065 3278 2119 καὶ
3319 2064 3545 2132 γενεάν.
3594 2064 3742 2118 Καθ’

2145 2157 2378 2227 ἑκάστην
2396 2158 2507 2228 γὰρ
2527 2157 2722 2225 γενεὰν
2756 2158 2898 2229 μέρη
2923 2157 3045 2212 τινὰ
3076 2156 3175 2226 τῆς
3207 2155 3467 2227 ἀληθείας
3515 2155 3744 2226 ἀνθρώ-

2144 2265 2266 2311 ποις
2293 2248 2661 2314 ἀποστέλλεις,
2686 2250 2781 2302 καὶ
2805 2249 2874 2302 τὰ
2902 2248 3193 2319 σύμπαντα
3217 2247 3309 2301 τοῦ
3335 2247 3552 2316 κόσμου
3590 2248 3739 2318 μέρη

2142 2340 2212 2392 τά
2240 2357 2299 2416 τε
2328 2341 2501 2411 ὁρατὰ
2540 2343 2604 2411 τῇ
2639 2343 2703 2412 σῇ
2751 2340 2992 2407 διατάξει
3027 2339 3376 2409 συνέστηκεν,
3431 2339 3508 2409 μὴ
3549 2337 3742 2391 κινού-

2147 2449 2282 2504 μενα
2312 2432 2418 2485 τῶν
2447 2433 2608 2503 ὁρῶν,
2665 2432 2799 2503 μηδὲ
2831 2433 2920 2486 τὸν
2959 2432 3121 2503 νόμον
3163 2431 3254 2484 τὸν
3303 2431 3606 2502 ὁρισθέντα
3635 2431 3738 2484 αὐ-

2141 2526 2254 2588 τοῖς
2292 2525 2710 2596 παραϐαίνοντα.
2760 2526 2939 2580 Δῐτιον
2992 2524 3048 2578 δὲ
3084 2525 3182 2595 τῆς
3213 2523 3417 2576 τούτων
3464 2524 3738 2577 ἁπάντων

2141 2614 2402 2688 διαμονῆς
2433 2618 2492 2670 τὸ
2547 2618 2604 2669 σὲ
2641 2619 2798 2688 μόνον
2837 2617 3041 2689 Κύριον
3075 2613 3212 2671 εἶναι
3252 2617 3362 2670 τῶν
3409 2615 3560 2668 ὅλων
3603 2633 3620 2647 ο
3666 2617 3739 2669 τὰ

2139 2704 2197 2759 δὲ
2229 2706 2387 2760 λοιπὰ
2433 2707 2611 2761 πάντα
2654 2713 2724 2760 σὰ
2749 2707 2941 2772 δοῦλα,
2998 2709 3094 2760 καὶ
3135 2707 3210 2770 ὡς
3246 2705 3411 2760 δοῦλα
3451 2707 3735 2761 ὑπατέτα-

2140 2812 2287 2850 κται.

2212 2896 2279 2946 Et
2313 2892 2399 2961 μὴ
2431 2893 2520 2946 ὅτι
2560 2897 2592 2947 ό
2620 2894 2803 2962 νόμος
2835 2909 2950 2947 σου
2984 2893 3208 2962 μελέτη
3241 2909 3362 2963 μου
3389 2895 3557 2956 ἐστὶ,
3597 2895 3738 2948 τότε

2141 2988 2220 3041 ἄν
2245 2990 2572 3058 ἀπωλόμην
2610 2990 2678 3042 ἐν
2704 2989 2777 3058 τῇ
2811 2989 3164 3044 ταπεινώσει
3198 3006 3338 3058 μου.
3367 2989 3616 3059 Εἴρηται
3655 2993 3733 3053 ῶς

2138 3082 2167 3132 ὁ
2199 3079 2388 3151 καιρὸς
2420 3081 2527 3133 τῶν
2574 3080 2894 3152 πειρασμῶν
2936 3080 3030 3134 καὶ
3072 3080 3179 3133 τῶν
3208 3079 3593 3150 περιστάσεων
3644 3098 3736 3135 τα-

2139 3172 2396 3236 πείνωσις
2425 3172 2764 3242 ὀνομάζεται.
2802 3173 3089 3242 Μακαρίου
3119 3171 3299 3226 τοίνυν
3337 3172 3491 3225 ἐστὶν
3527 3173 3734 3244 ἀνδρὸς

2137 3264 2199 3317 τὸ
2226 3264 2475 3333 γενέσθαι
2507 3267 2563 3317 ὲν
2607 3268 2674 3336 τῇ
2727 3264 3076 3329 ταπεινώσει,
3120 3265 3214 3318 καὶ
3252 3265 3326 3336 μὴ
3378 3265 3726 3318 ἀπολέσθαιο

2135 3356 2298 3408 οἱονεὶ
2328 3356 2560 3426 ἐλήλυθα
2591 3359 2670 3420 εἰς
2706 3357 3008 3431 πειρασμὸν
3060 3356 3396 3428 μαρτυρίουο
3446 3357 3498 3408 εί
3549 3359 3656 3427 μὲν
3699 3360 3729 3410 ὀ

2135 3445 2297 3517 νόμος
2324 3447 2417 3500 τοῦ
2453 3448 2587 3502 Θεοῦ
2625 3448 2822 3519 μελέτη
2875 3465 2976 3518 μου
3017 3443 3086 3518 ἦν
3127 3447 3213 3498 ἀεὶ
3259 3445 3366 3517 πρὸ
3409 3445 3506 3498 τοῦ
3542 3447 3726 3516 ἐμπε-

2137 3541 2271 3602 σεῖν,
2323 3538 2414 3590 καὶ
2448 3539 2651 3608 ἤσκουν
2683 3539 2864 3602 αὐτὸν,
2910 3537 3081 3590 ἐλθὼν
3126 3537 3218 3588 ἐπὶ
3249 3536 3347 3606 τὴν
3379 3537 3723 3589 ταπείνωσιν

2132 3627 2230 3699 τὴν
2264 3629 2405 3682 κατὰ
2431 3629 2523 3682 τὸν
2563 3630 2867 3700 πειρασμὸν
2912 3627 3007 3680 τοῦ
3051 3626 3374 3698 μαρτυρίου,
3410 3628 3516 3679 οὐκ
3549 3628 3723 3680 ἀπόλ-

2133 3719 2320 3791 λυμαι.
2359 3721 2544 3784 Οὕτως
2582 3721 2810 3793 ἁρμόζει
2855 3722 2949 3774 καὶ
2997 3721 3090 3773 ἐπὶ
3149 3719 3350 3782 παντὸς
3397 3718 3719 3790 πειρασμοῦ

2133 3814 2338 3865 εἰπεῖν·
2372 3812 2506 3866 ἀλλὰ
2553 3814 2649 3867 καὶ
2685 3813 2791 3866 τῶν
2839 3812 3091 3884 πονηρῶν
3122 3812 3394 3881 λογισμῶν
3451 3813 3550 3864 καὶ
3607 3814 3718 3866 τῶν

2132 3903 2524 3972 ἀντικειμένων
2573 3905 2850 3975 δυνάμεων
2887 3903 3239 3974 πολεμουσῶν
3271 3904 3414 3974 ἐμοί.
3449 3901 3622 3974 Εἶχον
3651 3904 3720 3958 ἂν

2133 3992 2475 4057 ἀπολεῖσθαι,
2525 3997 2573 4047 εἰ
2619 3995 2691 4066 μὴ
2737 3998 2765 4048 ὁ
2799 3997 2889 4059 σὸς
2935 3995 3099 4065 νόμος
3142 3995 3550 4066 ἁντιστήριγμά
3611 4014 3717 4066 μου

2132 4087 2374 4158 γένηται.

2193 4179 2296 4242 Εἰς
2333 4178 2439 4230 τὸν
2473 4175 2656 4229 αἰῶνα
2685 4179 2758 4230 οὺ
2785 4177 2869 4246 μὴ
2912 4175 3276 4246 ἐπιλάθωμαι
3314 4175 3430 4229 τῶν
3471 4175 3715 4228 δικαιω-

2127 4269 2329 4338 μάτων·
2343 4283 2482 4331 σου,
2512 4269 2599 4322 ὅτι
2619 4271 2689 4322 ἐν
2705 4270 2908 4334 αὐτοῖς
2935 4268 3150 4336 ἕζὴσιὶς
3164 4286 3259 4337 με.
3294 4267 3454 4321 Ἀλλὰ
3494 4285 3562 4339 με
3571 4269 3717 4338 μνή-

2134 4378 2297 4430 σομαι
2317 4361 2426 4413 τῶν
2449 4361 2785 4431 μαθημάτων
2809 4378 2923 4423 σου,
2961 4355 3036 4413 ὧν
3065 4361 3264 4431 ἔμαθον
3295 4361 3352 4412 ἐν
3383 4359 3461 4428 τῷ
3487 4359 3615 4429 βίῳ·
3651 4361 3719 4412 δι’

2134 4456 2314 4506 ἐκεῖνα
2340 4452 2448 4524 γὰρ
2479 4452 2585 4506 ἀπὸ
2610 4452 2712 4522 γῆς
2739 4453 2818 4514 είς
2853 4452 3080 4522 οὐρανὸν
3123 4449 3391 4520 μετελθὼν
3425 4450 3562 4502 οἰκῶ
3593 4453 3720 4520 μετ’

459 4545 594 4615 gelis
641 4543 846 4598 habito.
910 4542 1380 4609 Quemadmodum
1430 4547 1574 4597 enim
1622 4543 1715 4612 qui
1765 4559 1830 4597 ex
1876 4545 2025 4614 gravi

2144 4545 2396 4614 ὶγγέλων.
2431 4547 2644 4615 ’Ὠσπερ
2691 4544 2799 4614 γὰρ
2851 4546 2879 4597 ὁ
2931 4545 2995 4597 ἐκ
3043 4542 3283 4614 μεγάλης
3316 4543 3472 4595 νόσου
3507 4542 3604 4595 διά
3637 4561 3722 4594 τι-

459 4637 653 4691 morbo
686 4635 1022 4690 medicorum
1054 4636 1313 4692 subsidiis
1345 4637 1554 4690 ﬁrmam
1583 4645 1636 4691 et
1669 4637 1914 4692 stabilem
1941 4654 2024 4691 sa-

459 4727 687 4781 nitatem
720 4727 938 4796 accipit,
968 4726 1114 4796 quod
1145 4727 1437 4781 incolumis
1471 4735 1523 4781 et
1552 4727 1692 4780 bona
1721 4728 2030 4781 valetudine

459 4820 553 4884 sit,
591 4834 697 4872 non
739 4817 861 4873 ideo
889 4818 1232 4873 obliviscitur
1261 4817 1609 4878 medicinam,
1644 4832 1750 4886 qua
1797 4818 1913 4886 ipse
1942 4835 2032 4872 sa-

459 4910 684 4964 nitatem
707 4919 1036 4964 consecutus
1064 4916 1180 4975 est;
1206 4910 1278 4962 ita
1308 4909 1410 4963 iste
1438 4916 1661 4962 sanctus
1685 4925 1715 4961 a
1739 4908 1849 4964 Deo
1874 4910 2033 4976 justi-

460 5000 806 5055 ﬁcationibus
828 5013 965 5070 quas
998 5000 1210 5068 accepit
1243 4999 1574 5063 viviﬁcatus,
1605 5015 1701 5069 per
1735 5016 1896 5055 omne
1929 5017 2030 5054 sae-

457 5093 642 5147 culum
677 5093 751 5146 ait
784 5108 842 5147 se
865 5107 1054 5147 earum
1089 5093 1314 5146 minime
1341 5093 1570 5146 oblitum
1608 5093 1709 5157 iri;
1740 5093 1882 5148 hanc
1907 5095 2032 5148 red-

457 5185 592 5240 dens
622 5185 918 5248 rationem,
947 5199 1006 5239 se
1047 5184 1100 5236 in
1131 5184 1200 5239 iis
1229 5198 1259 5236 a
1303 5183 1411 5238 Deo
1441 5183 1773 5238 viviﬁcatum
1811 5199 1953 5241 esse.

527 5358 694 5419 Vsus.
718 5363 904 5420 94-96.
929 5364 1072 5418 Tuus
1101 5380 1216 5417 sum
1254 5381 1366 5433 ego,
1390 5364 1593 5418 saluum
1635 5381 1715 5418 me
1759 5365 1866 5434 fac,
1897 5385 2024 5438 quo-

456 5459 602 5510 niam
640 5458 1053 5527 justi/icationes
1094 5465 1213 5510 tuas
1257 5457 1531 5525 exquisivi.
1569 5455 1656 5510 Me
1697 5471 2027 5527 exspectaue—

459 5556 582 5600 runt
607 5559 926 5615 peccatores,
960 5557 1019 5602 ut
1055 5549 1328 5618 perderent
1355 5565 1455 5613 me,
1482 5551 1785 5604 testimonia
1818 5561 1908 5605 tua
1942 5553 2025 5605 in-

458 5639 656 5694 tellexi.
702 5641 886 5695 Omnis
947 5642 1417 5696 consummationis
1460 5642 1565 5695 vidi
1604 5644 1762 5711 finem
1853 5645 2020 5699 latum

457 5731 762 5786 mandatum
790 5743 935 5786 tuum
955 5735 1133 5788 nimis.

535 5823 697 5880 Vnus.
730 5825 944 5882 97-100.
990 5825 1264 5893 Quomodo
1304 5825 1467 5880 dilexi
1509 5825 1669 5896 legem
1711 5837 1874 5894 (nam,
1910 5830 2012 5887 Do-

2133 4655 2238 4690 νων
2275 4635 2530 4707 ἰατρικῶν
2566 4635 2926 4706 βοηθημάτων
2950 4635 3151 4702 παγίαν
3189 4631 3282 4685 καὶ
3313 4631 3539 4701 βεϐαίαν
3575 4633 3719 4684 ἀνα.-

2131 4727 2310 4782 λαϐὼν
2348 4729 2560 4796 ὑγίειαν
2588 4729 2653 4780 δι’
2688 4727 2852 4780 αὑτοῦ
2894 4727 2985 4778 τοῦ
3020 4725 3283 4792 ὑγιαίνειν
3328 4725 3423 4777 καὶ
3462 4723 3722 4776 εὐεκτεῖν

2130 4819 2232 4872 οὐκ
2278 4819 2693 4872 ἐπιλανθάνεται
2730 4819 2838 4870 τῶν
2895 4817 3151 4888 ἰατρικῶν
3183 4816 3405 4868 ἐκείνων
3450 4811 3537 4877 οἷς
3575 4815 3721 4883 ﬁxo.

2130 4911 2359 4981 λούθησε
2394 4912 2455 4963 τὸ
2487 4910 2658 4973 οὕτως
2690 4911 2851 4963 αὑτὸν
2885 4911 3000 4979 μετ’
3035 4907 3246 4971 εὐεξίας
3280 4907 3576 4974 ὑγιαίνειν·
3622 4907 3720 4960 οὖ-

2128 5021 2237 5066 τως
2281 5007 2309 5056 ὁ
2356 5004 2508 5071 ἅγιος
2557 4995 2731 5066 οὗτος,
2775 5001 2880 5054 ὑπὸ
2929 4998 3064 5054 Θεοῦ
3112 4997 3474 5068 ζωοποιηθεὶς
3522 4999 3582 5051 ἐν
3633 4993 3720 5062 οἷς

2129 5094 2254 5164 ἔσχε
2313 5097 2442 5164 παρ’
2492 5092 2656 5146 αὐτοῦ
2712 5093 3042 5162 δικαιώμασι
3089 5090 3235 5158 λέγει
3280 5089 3410 5159 παρ’
3445 5089 3572 5142 ὅλον
3621 5092 3718 5144 τὸν

2127 5186 2298 5240 αἰῶνα
2331 5187 2403 5257 μὴ
2439 5185 2890 5239 ἐπιλανθάνεσθαι
2944 5183 3142 5247 αὐτῶν,
3172 5182 3457 5244 ἀποδιδοὺς
3486 5182 3590 5254 τὴν
3630 5186 3720 5236 αἰ-

2126 5279 2269 5340 τίαν,
2300 5279 2360 5330 τὸ
2393 5281 2451 5330 ὲν
2479 5279 2662 5341 αὐτοῖς
2687 5276 2776 5330 τὸν
2804 5276 2936 5329 Θεὸν
2966 5275 3126 5330 αὑτὸν
3156 5274 3411 5345 ἐζηκέναι
3443 5273 3602 5344 (sic).

2197 5368 2312 5432 Σός
2359 5369 2476 5435 εἰμι
2526 5365 2660 5434 ἐγὼ,
2713 5365 2922 5418 σῶσόν
2947 5382 3043 5434 με,
3083 5364 3172 5416 ὅτι
3220 5363 3291 5416 τὰ
3334 5362 3716 5434 δικαιώματά

2125 5475 2241 5513 σου
2279 5457 2626 5524 ἑξεζήτησα.
2698 5457 2828 5528 Ἐμὲ
2869 5457 3196 5526 ὑπέμειναν
3253 5459 3306 5510 ot
3361 5458 3719 5526 ἁμαρτωλοὶ

2124 5552 2230 5606 τοῦ
2255 5551 2555 5606 ἀπολέσαι
2583 5568 2679 5619 με,
2705 5553 2776 5604 τὰ
2803 5549 3096 5620 μαρτύριὰ
3128 5567 3245 5604 σου
3285 5549 3555 5619 συνῆκα.
3598 5553 3720 5606 Hd-

2124 5660 2242 5712 σης
2270 5644 2624 5710 συντελείας
2656 5640 2820 5698 εἶδον
2853 5642 3058 5711 πέρας,
3111 5642 3367 5697 πλατεῖα
3399 5645 3438 5712 ἡ
3479 5645 3714 5714 ἐντολή

2123 5758 2238 5794 σου
2269 5740 2522 5808 σφόδρα.
3723 5733 3727 5735 ’

2209 5833 2298 5897 Ὡς
2324 5830 2608 5901 ἠγάπησα
2648 5831 2752 5886 τὸν
2779 5833 2964 5902 νόμον
2993 5849 3132 5900 σου,
3163 5833 3362 5903 Κύριε,
3402 5834 3566 5904 ὅλην
3599 5833 3718 5906 τήν
