3992 6404
253 409 386 468 {3.2.31

1411 402 1913 461 COMMENTARIA
1951 402 2018 457 IN
2058 402 2394 460 PSALMOS.

3365 406 3506 463 1382

250 524 475 594 ἡμέραν
514 524 738 593 μελέτη
774 540 891 591 μου
927 523 1121 576 ἐστίν.
1169 520 1347 590 ’Υπὲρ
1396 522 1537 588 τοὺς
1572 522 1824 592 ἐχθρούς

1946 522 2091 584 nine,
2112 529 2223 574 tota
2250 520 2336 574 die
2363 522 2633 575 meditatio
2654 540 2769 577 mea
2790 532 2888 577 est.
2915 523 3083 591 Super
3104 522 3345 575 inimicos
3370 539 3509 576 meos

248 634 367 688 μου
404 614 702 682 ἐσόφισάς
742 631 817 682 με
860 615 975 681 τὴν
1013 613 1272 679 ἐντολήν
1318 629 1454 677 σου,
1491 613 1581 667 ὅτι
1607 616 1694 679 εὶς
1721 614 1828 666 τὸν

252 704 436 761 αἰῶνα
474 702 585 772 ἐμή
621 705 811 758 ἐστιν.
854 704 913 755 ’Υ
910 703 1022 772 πὲρ
1065 703 1295 769 πάντας
1341 703 1482 769 τοὺς
1516 702 1829 756 διδάσκον-

250 797 358 863 τάς
380 814 458 866 με
488 796 754 865 συνῆκα,
786 795 877 850 ὅτι
902 796 976 850 τὰ
996 796 1289 866 μαρτύριά
1311 812 1429 851 σου
1452 796 1673 866 μελέτη
1708 814 1827 866 μου

249 890 444 943 ἐστίν.
499 887 670 957 Ὑπὲρ
695 887 1138 957 πρεσϐυτέρους
1157 888 1420 957 συνῆκα,
1462 888 1551 943 ὅτι
1587 890 1695 954 τὰς
1733 888 1830 941 ὲν-

248 979 432 1045 τολάς
484 995 600 1033 σου
645 977 993 1048 ἐξεζήτησα.
1034 980 1097 1032 Εἰ
1125 979 1182 1031 δὲ
1213 978 1361 1047 λέγοι
1401 996 1504 1033 που
1539 981 1567 1032 ὁ
1615 980 1824 1050 Σωτήρσ

254 1072 375 1123 Οὐκ
403 1069 535 1124 ἐστι
560 1070 835 1139 μαθητὴς
871 1069 1024 1138 ὑπὲρ
1061 1069 1168 1124 τὸν
1196 1068 1594 1133 διδάσκαλον,
1628 1071 1721 1123 καὶ
1762 1069 1829 1123 τὰ

250 1160 402 1230 ἑξῆς,
453 1161 693 1226 λεκτέον,
749 1162 830 1214 ὅτι
885 1161 1030 1225 τοῦτ’
1063 1162 1273 1234 εἴρηται
1302 1162 1381 1233 τῷ
1408 1163 1620 1234 Σωτῆρι
1659 1180 1829 1233 προσ-

250 1252 701 1323 διαστειλαμένῳ,
743 1253 837 1306 καὶ
869 1254 1029 1322 φάντι
1048 1270 1060 1283 ·
1092 1254 1189 1322 Μὴ
1223 1253 1517 1322 καλέσητε
1549 1252 1832 1307 διδάσκα-

249 1348 367 1398 λον
395 1345 495 1398 ἐπὶ
528 1344 639 1413 τῆς
676 1345 791 1415 γῆς
812 1363 826 1376 ·
864 1342 951 1411 εἷς
975 1348 1085 1416 γάρ
1105 1347 1277 1401 ἐστιν
1296 1347 1462 1417 ὑμῶν
1485 1350 1519 1401 ό
1540 1345 1830 1400 διδάσκα-

250 1440 362 1500 λος
391 1439 424 1491 ὁ
468 1437 538 1489 ἐν
564 1438 690 1504 τοῖς
731 1438 1029 1506 οὐρανοῖς.
1079 1438 1166 1500 Ὦς
1200 1438 1337 1509 πρὸς
1366 1439 1571 1490 ἐκεῖνον
1609 1433 1700 1490 οὖν
1739 1437 1830 1489 τὸν

251 1527 576 1581 διδάσκαλον
629 1530 729 1583 οὐκ
766 1530 881 1582 ἔστι
917 1530 1164 1602 μαθητὴς
1212 1530 1496 1601 κρείττων.
1557 1531 1619 1583 Ol.
1647 1530 1705 1583 δὲ
1752 1531 1832 1582 ὲν-

252 1616 427 1670 ταῦθα
457 1618 775 1690 δηλούμενοι
826 1619 1012 1672 πολλοὶ
1064 1620 1377 1673 διδάσκαλοι
1418 1620 1594 1692 ἕτεροι
1639 1622 1833 1691 τυγχά-

253 1724 454 1775 νουσιν,
485 1703 561 1763 ὧν
590 1710 849 1774 πολλάκις
877 1712 905 1763 ὁ
940 1710 1188 1782 μαθητὴς
1220 1712 1502 1783 κρείττων.
1540 1712 1753 1765 Γίνεται
1774 1712 1831 1764 δὲ

256 1802 501 1867 πλείονος
531 1804 625 1856 καὶ
661 1803 917 1874 συνεχοῦς
948 1803 1048 1874 τῆς
1087 1804 1215 1874 περὶ
1258 1804 1385 1868 τοὺς
1422 1804 1600 1869 θείους
1641 1803 1832 1872 λόγους

254 1890 564 1962 ἀσκήσεως.

339 1983 433 2037 Ἐκ
462 1984 664 2053 πάσης
689 1985 831 2039 ὀδοῦ
864 1983 1131 2055 πονηρᾶς
1154 1984 1434 2040 ἐκώλυσα
1463 1986 1605 2052 τοὺς
1644 1986 1833 2053 πόδας

249 2094 390 2146 μου,
416 2076 575 2143 ὅπως
605 2077 682 2131 ἂν
704 2077 953 2147 φυλάξω
981 2078 1124 2144 τοὺς
1151 2079 1375 2147 λόγους
1405 2092 1541 2132 οόυ.
1561 2078 1693 2133 Ἀπὸ
1719 2077 1837 2131 τῶν

255 2169 557 2238 χριμάτων
587 2184 703 2222 σου
735 2170 846 2222 οὐκ
877 2167 1178 2232 ἐξέκλινα,
1226 2168 1315 2221 ὅτι
1361 2166 1443 2221 σὺ
1488 2167 1836 2237 ἐνομοθέτη-

256 2264 375 2331 σάς
389 2281 510 2333 μοι.
530 2261 623 2327 Ὠς
646 2258 872 2330 γλυκέα
901 2258 982 2325 τῷ
1004 2258 1259 2329 λάρυγγί
1273 2277 1392 2328 μου
1412 2260 1484 2314 τὰ
1504 2258 1677 2327 λόγιά
1695 2274 1831 2311 σου·

255 2355 408 2423 ὑπὲρ
439 2352 580 2423 μέλι
604 2350 684 2417 τῷ
703 2350 954 2418 στόματί
966 2367 1107 2419 μου.
1126 2349 1257 2404 Ἀπὸ
1279 2350 1397 2403 τῶν
1421 2351 1685 2404 ἐντολῶν
1718 2362 1835 2403 σου

258 2444 529 2515 συνῆκα,
577 2443 675 2497 διὰ
723 2441 898 2496 τοῦτο
950 2440 1216 2510 ἐμίσησα
1260 2439 1468 2497 πᾶσαν
1517 2440 1660 2494 ὁδὸν
1708 2439 1835 2495 ἀδι-

259 2539 415 2604 κίας.

331 2628 569 2698 Λύχνος
618 2625 743 2693 τοῖς
786 2628 935 2682 ποσί
971 2643 1093 2695 μου
1139 2626 1173 2678 ό
1200 2625 1383 2692 νόμος
1411 2636 1547 2689 σου,
1583 2622 1682 2676 καὶ
1713 2621 1839 2691 φῶς

258 2718 392 2784 ταῖς
438 2718 657 2787 τρίϐοις
696 2719 1077 2786 μου.Ὤμοσα
1119 2716 1217 2771 καὶ
1247 2716 1482 2783 ἕστησα
1510 2714 1615 2767 τοῦ
1644 2713 1838 2782 φυλά-

262 2811 478 2874 ξασθαι
524 2810 597 2863 τὰ
646 2810 899 2879 κρίματα
938 2806 1048 2876 τῆς
1087 2807 1478 2875 δικαιοσύνης
1509 2821 1645 2860 σου.
1665 2806 1836 2873 Ἐπεὶ,

265 2901 493 2971 μηδενὸς
537 2900 959 2971 ὲκδιασαμένου,
991 2898 1169 2970 οἰκείᾳ
1197 2898 1539 2970 χρησάμενος
1568 2899 1712 2969 ὁρμῇ
1746 2898 1839 2950 καὶ

261 2992 579 3066 προαιρέσει
607 2991 807 3063 ἀγαθῇ,
837 2992 983 3062 ὅρκῳ
1007 2990 1198 3043 ἑαυτὸν
1232 2989 1561 3061 κατεδήσατο
1586 2989 1678 3042 καὶ
1696 2986 1841 3058 ὦμο-

266 3099 326 3136 σε
352 3082 445 3136 τοῦ
476 3081 814 3151 φυλάξασθαι
856 3082 922 3134 τὰ
958 3082 1203 3151 κρίματα
1242 3082 1340 3151 τῆς
1369 3079 1713 3151 δικαιοσύνης
1745 3079 1840 3132 τοῦ

265 3173 422 3237 θεοῦ,
458 3172 672 3244 εὔχεται
702 3174 793 3227 τὸν
822 3173 982 3243 ὅρκον
1022 3172 1184 3226 αὑτοῦ
1218 3172 1489 3242 ἀποδοχῆς
1514 3170 1661 3235 ἄξιον
1692 3170 1840 3242 παρὰ

1933 616 2219 683 sapientem
2257 630 2338 668 me
2371 614 2540 683 fecisti
2576 616 2827 671 mandato
2870 626 2978 684 tuo,
3018 618 3143 687 quia
3174 618 3227 669 in
3258 626 3511 670 a'ternum

1933 722 2105 760 meum
2144 714 2241 760 est.
2270 705 2438 775 Super
2472 722 2646 760 omnes
2682 705 2923 761 docentes
2965 723 3047 761 me
3094 706 3364 769 intellexi,
3387 707 3512 775 quia

1937 797 2239 851 testimonia
2270 807 2361 849 tua
2398 797 2671 853 meditatio
2699 815 2815 851 mea
2854 806 2951 853 est.
2992 796 3161 866 Super
3183 814 3325 851 senes
3350 797 3509 850 intel-

1937 888 2061 951 lexi,
2088 888 2214 956 quia
2262 888 2517 942 mandata
2548 899 2639 942 tua
2689 890 2924 959 quasivi.
2960 889 3117 956 Quod
3163 890 3210 945 si
3262 890 3512 944 Salvator

1937 980 2137 1035 alicubi
2155 980 2301 1035 dicat
2327 1000 2339 1034 :
2362 979 2487 1035 Non
2516 981 2901 1051 estdiscipulus
2933 997 3087 1050 super
3115 982 3424 1052 magistrum
3446 983 3510 1038 ¹⁶ν

1938 1080 1991 1127 et
2018 1080 2234 1135 caetera,
2268 1073 2560 1127 dicendum
2600 1080 2685 1128 est
2725 1073 2829 1127 hoc
2874 1075 3286 1143 pronuntiatum
3318 1088 3348 1125 a
3394 1071 3515 1125 Sal-

1936 1171 2124 1218 vatore
2155 1163 2344 1226 fuisse,
2385 1178 2508 1217 cum
2553 1164 2705 1232 prius
2750 1164 3094 1219 distinxisset
3132 1178 3197 1216 ac
3233 1163 3464 1219 dixisset
3495 1182 3509 1218 :

1938 1253 2022 1309 Ne
2046 1256 2234 1309 vocetis
2268 1256 2581 1325 magistrum
2621 1269 2779 1322 super
2812 1263 3009 1307 terram
3042 1270 3061 1307 :
3091 1270 3225 1307 unus
3259 1254 3398 1307 enim
3435 1258 3517 1307 est

1938 1344 2196 1417 Magister
2224 1356 2390 1400 vester
2422 1345 2513 1417 qui
2532 1353 2609 1398 est
2640 1346 2692 1396 in
2724 1346 2867 1399 caelis
2899 1347 2961 1399 ¹⁷.
2998 1344 3146 1399 illius
3186 1346 3368 1414 itaque
3396 1358 3514 1397 ma-

1939 1440 2097 1508 gistri
2124 1439 2532 1509 comparatione
2558 1456 2666 1493 non
2697 1447 2781 1494 est
2808 1438 3113 1507 discipulus
3143 1436 3511 1508 pra‘stantior.

1940 1530 2185 1601 Magistri
2206 1539 2412 1595 autem,
2449 1533 2542 1601 qui
2575 1531 2664 1585 hic
2693 1530 2849 1584 multi
2878 1545 2999 1585 esse
3030 1528 3396 1593 declarantur,
3420 1524 3513 1581 alti

1940 1631 2089 1687 sunt,
2152 1624 2353 1693 quibus
2403 1624 2723 1693 plerumque
2784 1621 3089 1693 discipulus
3142 1621 3358 1675 doctior
3404 1628 3510 1674 est.

1940 1717 2096 1783 Quod
2146 1716 2329 1771 evenit
2378 1732 2446 1770 ex
2496 1720 2703 1783 majore
2725 1724 2777 1770 et
2813 1713 3185 1785 frequentiore
3226 1713 3282 1767 in
3312 1711 3513 1767 divinis

1941 1806 2290 1864 sermonibus
2325 1806 2738 1861 exercitatione.
3354 1802 3360 1807 ⁷

2008 1978 2173 2035 Vens.
2214 1978 2311 2032 101
2341 1978 2497 2032 -104,
2527 1976 2607 2030 Ab
2630 1976 2772 2031 omni
2799 1975 2883 2029 via
2912 1974 3055 2027 mala
3087 1973 3328 2043 prohibui
3360 1973 3513 2042 pedes

1936 2088 2099 2135 meos,
2141 2078 2197 2123 ut
2247 2068 2544 2123 custodiam
2588 2066 2742 2121 verba
2776 2075 2889 2118 tua.
2924 2065 2966 2116 Α
3005 2065 3229 2135 judiciis
3275 2066 3387 2139 tuis
3409 2081 3512 2118 non

1936 2159 2219 2223 declinavi,
2265 2158 2391 2227 quia
2426 2166 2481 2209 tu
2513 2157 2671 2227 legem
2704 2156 2929 2225 posuisti
2974 2154 3118 2208 mihi.
3172 2154 3345 2219 Quam
3390 2154 3513 2207 dui-

1937 2253 2021 2305 cia
2051 2250 2295 2321 faucibus
2339 2251 2467 2303 meis
2499 2249 2708 2318 eloquia
2754 2259 2843 2301 tua
2859 2248 2880 2301 .'
2919 2263 3073 2317 super
3111 2247 3214 2302 mel
3250 2248 3330 2302 ori
3374 2263 3508 2301 meo.

1935 2344 1980 2399 Α
2038 2343 2306 2398 mandatis
2357 2343 2461 2396 tuis
2498 2341 2754 2405 intellexi,
2813 2351 3086 2408 propterea
3133 2339 3272 2393 odivi
3308 2356 3511 2393 omnem

1936 2440 2075 2492 viam
2108 2437 2424 2502 iniquitatis.

2014 2612 2183 2668 Vens.
2228 2610 2353 2675 105,
2398 2608 2521 2665 106.
2573 2606 2814 2660 Lucerna
2864 2606 3079 2673 pedibus
3123 2609 3248 2661 meis
3300 2608 3511 2663 verbum

1942 2718 2111 2773 tuum,
2139 2714 2188 2759 et
2225 2707 2401 2758 lumen
2430 2702 2630 2756 semitis
2670 2700 2819 2754 meis.
2843 2697 3034 2752 Juravi
3061 2708 3107 2752 et
3138 2700 3303 2752 statui
3328 2710 3509 2754 custo-

1940 2800 2054 2854 dare
2077 2798 2287 2868 judicia
2304 2796 2676 2865 justiticetute.
2709 2792 2849 2859 Quia
2897 2793 3047 2847 nullo
3076 2793 3183 2846 vim
3224 2792 3510 2857 inlerente,

1941 2891 2036 2946 sed
2067 2890 2288 2961 proprio
2309 2895 2445 2942 nutu
2469 2895 2523 2941 et
2555 2887 2698 2941 bono
2723 2886 3024 2957 proposito,
3060 2900 3180 2939 sese
3201 2885 3515 2955 jurejuran-

1941 2988 2012 3042 do
2043 2985 2319 3047 astrinxit,
2350 2992 2405 3037 et
2430 2982 2636 3052 juravit
2666 2998 2726 3037 se
2772 2990 3115 3037 servaturum
3160 2997 3281 3037 esse
3305 2981 3513 3051 judicia

1941 3076 2167 3145 iustitia:
2199 3073 2313 3137 Dei,
2342 3082 2497 3143 rogat
2526 3082 2585 3126 ut
2609 3072 2981 3140 juramentum
3011 3086 3172 3126 suum
3200 3073 3515 3142 acceptione

1945 3168 2165 3238 dignum
2199 3165 2338 3234 apud
2372 3164 2541 3219 Deum
2570 3163 2763 3219 evadat
2797 3184 2808 3217 :
2844 3180 2968 3218 nam
3007 3163 3247 3235 cognitio
3279 3164 3517 3234 judicio-

264 3266 343 3337 τῷ
375 3234 493 3335 Θεῷ
518 3234 769 3334 γενέσθαι
785 3282 797 3295 ·
837 3234 1004 3318 δεῖται
1028 3264 1135 3335 γὰρ
1159 3262 1356 3332 πολλῆς
1382 3234 1727 3325 διδασκαλίας
1750 3234 1839 3315 καὶ

1946 3234 2065 3316 ruin
2095 3260 2189 3315 Dei
2219 3259 2391 3313 multa
2421 3259 2670 3313 doctrina
2694 3268 2834 3328 eget.

264 3360 298 3428 ἦ
329 3356 525 3427 γνῶσις
563 3357 670 3409 τῶν
697 3357 981 3428 χριμάτων
1016 3356 1109 3408 τοῦ
1144 3355 1299 3408 Θεοῦ.

347 3468 774 3537 Ἐταπεινώθην
817 3468 927 3534 ἕως
976 3467 1227 3536 σφόδρα,
1278 3468 1489 3534 Κύριε·
1539 3465 1724 3536 ζῆσόν
1767 3484 1844 3535 με

265 3559 415 3614 κατὰ
462 3559 568 3613 τὸν
610 3560 795 3628 λόγον
832 3571 968 3610 σου.
1009 3556 1087 3609 Τὰ
1116 3556 1364 3608 ἑκούσια
1410 3554 1515 3608 τοῦ
1547 3554 1845 3621 στόματός

260 3666 378 3717 μου
422 3647 763 3716 εὐδόκησον
818 3645 918 3713 δὴ,
954 3645 1148 3712 Κύριε,
1181 3643 1282 3697 καὶ
1326 3644 1399 3697 τὰ
1449 3641 1700 3712 κρίματά
1729 3658 1844 3695 σου

266 3737 515 3801 δίδαξον
538 3755 631 3808 με.
651 3737 711 3791 Ἠ
740 3734 911 3804 ψυχή
941 3749 1058 3799 μου
1088 3733 1158 3785 ἐν
1184 3731 1312 3797 ταῖς
1355 3732 1528 3799 χερσί
1564 3747 1684 3798 μου
1718 3728 1843 3781 δια-

266 3829 512 3894 παντὸς,
553 3827 650 3881 καὶ
704 3824 812 3879 τοῦ
844 3826 1057 3893 νόμου
1119 3836 1235 3875 σου
1285 3824 1395 3875 οὐκ
1441 3821 1839 3888 ἐπελαθόμην.

272 3926 509 3976 Ἔθεντο
543 3917 871 3988 ἁμαρτωλοὶ
905 3914 1127 3985 παγίδα
1153 3931 1276 3982 μοι,
1308 3912 1405 3966 καὶ
1431 3913 1498 3965 ἐκ
1531 3910 1647 3964 τῶν
1678 3912 1843 3963 ἐντο-

270 4012 392 4068 λῶν
423 4028 536 4065 σου
569 4010 679 4061 οὐκ
711 4003 1081 4069 ἐπλανήθην.
1100 4002 1161 4053 Ἢ
1191 4001 1334 4071 ψυχή
1367 4017 1509 4062 τινος
1556 3999 1613 4051 ὲν
1660 3999 1845 4070 χερσὶν

272 4100 431 4154 αὐτοῦ
462 4102 630 4160 ἐστιν,
648 4096 701 4148 εἴ
716 4111 844 4147 ποτε
872 4094 929 4145 ἐν
962 4090 1223 4153 κινδύνοις
1251 4089 1559 4159 γεγένηται,
1580 4088 1845 4141 καὶτοῦτο

271 4199 304 4266 ἡ
339 4192 593 4264 συνήθεια
630 4188 777 4256 λέγει
806 4187 919 4239 ὅτι·
957 4184 1068 4255 Τὴν
1089 4182 1266 4253 ψυχήν
1302 4198 1404 4253 μου
1438 4176 1580 4250 εἶχον
1620 4183 1699 4242 εὶς
1746 4180 1844 4242 τὰς

271 4285 456 4359 χεῖράς
507 4299 628 4354 μου.
648 4278 789 4347 Ἐγὼ
837 4272 950 4340 οὖν,
987 4276 1148 4344 φησὶν
1193 4275 1221 4325 ὁ
1262 4273 1485 4335 δίκαιος,
1525 4269 1844 4342 καθημὲραν

270 4377 619 4446 ἀποθνήσκω,
648 4372 734 4425 ἀεὶ
761 4366 1051 4423 κινδυνεύω
1082 4366 1168 4420 διὰ
1194 4366 1283 4418 τὸν
1315 4364 1469 4432 λόγον
1498 4382 1611 4426 σου,
1637 4363 1723 4416 διὰ
1748 4363 1844 4434 τὴν

269 4468 548 4540 ἀλήθειαν,
578 4466 665 4518 διὰ
698 4462 789 4516 τὸν
827 4460 1066 4530 ἔλεγχον,
1097 4459 1184 4511 διὰ
1212 4458 1307 4528 τὴν
1339 4457 1613 4528 βασιλείαν
1651 4457 1715 4526 ἦν
1753 4456 1847 4526 βα-

2015 3457 2181 3512 Vnus.
2226 3457 2524 3513 107-112.
2582 3456 2909 3509 Humiliatus
2962 3471 3078 3509 sum
3128 3472 3513 3528 usquequaque,

1944 3551 2167 3606 Domine
2203 3565 2220 3603 :
2260 3551 2466 3619 vivi/ica
2507 3566 2587 3603 me
2625 3547 2909 3603 secundum
2943 3547 3153 3601 verbum
3206 3558 3369 3602 tuum.
3415 3550 3517 3604 Vo-

1944 3644 2181 3697 luntaria
2222 3643 2329 3695 oris
2359 3642 2459 3695 mei
2491 3640 2815 3708 beneplacita
2849 3637 2957 3705 fac,
2996 3636 3243 3702 Domine,
3281 3648 3331 3691 et
3362 3640 3517 3708 judi-

1944 3735 2027 3788 cia
2059 3744 2151 3787 tua
2190 3732 2315 3786 doce
2346 3747 2445 3785 me.
2474 3731 2670 3783 Anima
2700 3745 2815 3781 mea
2842 3729 2896 3781 in
2926 3727 3171 3781 manibus
3218 3730 3345 3781 meis
3376 3747 3515 3783 sem-

1941 3845 2053 3898 per,
2085 3837 2133 3881 et
2165 3827 2326 3896 legem
2356 3836 2501 3877 tuam
2532 3839 2637 3877 non
2664 3837 2781 3875 sum
2820 3820 3034 3873 oblitus.
3070 3819 3369 3873 Posuerunt
3404 3836 3517 3887 pec-

1944 3931 2147 3973 catores
2173 3917 2414 3987 laqueum
2438 3914 2590 3977 mihi,
2613 3922 2661 3966 et
2685 3911 2748 3964 de
2767 3910 3033 3964 mandatis
3064 3908 3167 3962 tuis
3197 3927 3298 3963 non
3319 3913 3511 3964 erravi.

1942 4010 2140 4065 Anima
2181 4008 2424 4076 cujusvis
2456 4006 2511 4060 in
2541 4003 2796 4058 manibus
2824 4004 2943 4072 ejus
2989 4012 3094 4063 est,
3129 4001 3174 4057 si
3210 4004 3429 4071 quando
3459 4004 3515 4057 in

1944 4102 2203 4172 periculis
2228 4106 2497 4161 versetur,
2530 4103 2692 4167 atque
2720 4110 2785 4150 ex
2819 4095 3213 4149 consuetudine
3249 4096 3349 4149 hoc
3376 4096 3515 4150 dici-

1945 4200 2033 4247 tur
2066 4190 2355 4245 :Animam
2389 4203 2563 4243 meam
2595 4188 2649 4241 in
2697 4187 2951 4241 manibus
2984 4185 3120 4240 meis
3165 4187 3345 4239 habui.
3404 4186 3514 4255 Ego

1945 4283 2150 4352 itaque,
2175 4282 2251 4335 ait
2274 4282 2482 4349 justus,
2520 4278 2764 4348 quotidie
2795 4278 3019 4340 morior,
3060 4293 3270 4345 srmper
3297 4278 3366 4330 ob
3392 4294 3510 4331 scr-

1946 4391 2161 4430 monem
2195 4383 2347 4428 tuum
2376 4375 2428 4427 in
2461 4372 2703 4442 periculo
2730 4388 2937 4437 versor,
2970 4383 3187 4441 propter
3211 4371 3512 4435 veritatem,

1948 4478 2170 4542 propter
2198 4466 2698 4536 reprehensionem,
2722 4473 2946 4536 propter
2978 4480 3199 4534 regnum
3225 4464 3309 4517 cui
3339 4464 3408 4516 im
3418 4481 3514 4533 pe-

272 4564 495 4619 σιλεύιιν
529 4561 623 4613 καὶ
655 4558 742 4613 διὰ
773 4557 947 4611 ταῦτα
981 4557 1019 4623 ἡ
1050 4552 1219 4622 ψυχή
1255 4570 1373 4621 μου
1412 4551 1481 4604 ἐν
1508 4550 1636 4616 ταῖς
1674 4551 1839 4618 χερσὶ

1950 4576 2011 4616 ro
2043 4579 2057 4627 ;
2086 4568 2139 4615 et
2160 4560 2281 4614 ideo
2305 4558 2485 4611 anima
2508 4572 2622 4609 mea
2646 4556 2700 4609 in
2724 4556 2965 4608 manibus
2994 4556 3120 4608 meis
3150 4570 3363 4622 semper.
3396 4554 3515 4609 Non

266 4674 384 4726 μου
406 4651 748 4715 διαπαντός.
766 4650 840 4701 Οὐ
862 4648 969 4718 γὰρ
988 4649 1015 4699 ὁ
1032 4644 1275 4706 κίνδυνος
1297 4640 1389 4695 τοῦ
1414 4641 1643 4695 θανάτου
1674 4640 1846 4692 ἐποίει

278 4743 727 4819 με’,ὲπιλαθέσθαι
757 4740 849 4795 τοῦ
900 4741 1065 4811 νόμου
1094 4755 1205 4792 σου.
1241 4736 1471 4789 Δύναται
1519 4735 1577 4787 δέ
1626 4751 1709 4796 τις
1754 4732 1849 4786 καὶ

273 4839 600 4909 ὑψηλότερον
634 4835 821 4904 νοῆσαι
852 4830 913 4884 τὸ
942 4829 1122 4902 ῥητὸν,
1155 4829 1248 4882 καὶ
1282 4829 1474 4891 εἰπεῖν,
1496 4827 1575 4879 ὅτι
1611 4826 1648 4892 ἡ
1675 4821 1846 4892 ψυχή

269 4953 388 5007 μου
420 4934 488 4986 ἐν
518 4930 646 4996 ταῖς
680 4928 853 4998 χερσί
879 4943 997 4994 μου
1032 4919 1111 4993 ἦν
1138 4918 1481 4985 διαπαντὸς,
1511 4918 1630 5007 ἀντὶ
1655 4915 1769 4979 τοῦ,
1791 4915 1848 5007 εν

277 5005 538 5096 ήράξεσιν
562 5019 818 5088 ἀγαθαῖς·
851 5018 883 5086 ή
915 5015 1032 5084 χεὶρ
1056 5012 1164 5082 γὰρ
1192 5011 1282 5063 ἐπὶ
1308 5008 1414 5062 τῶν
1451 5006 1700 5077 πράξεων
1724 5005 1850 5058 πολ-

276 5115 434 5177 λὰκις
467 5107 842 5181 παραδέδοται.
886 5105 947 5156 Εἰ
972 5103 1027 5155 δὲ
1057 5103 1115 5153 ἐν
1140 5103 1261 5163 ταῖς
1289 5098 1443 5170 χερσί
1474 5115 1566 5150 σου
1596 5096 1703 5167 εἴη,
1726 5096 1851 5181 νοήέ

281 5224 460 5278 σωμεν
483 5204 669 5276 χεῖρας
692 5194 826 5252 εἶναι
848 5195 942 5249 τοῦ
970 5193 1103 5247 Θεοῦ
1119 5193 1217 5264 τὴν
1230 5190 1586 5262 δημιουργίαν
1608 5187 1791 5251 αὑτοῦ,

279 5298 562 5373 προσιτέον
603 5290 909 5373 διαπαντός.
929 5286 1415 5354 Ἐκληρονόμησα
1456 5283 1527 5373 τα
1557 5279 1851 5373 μαρτυριά

277 5370 394 5445 σου
424 5391 509 5454 εἰς
543 5385 651 5440 τὸν
680 5370 864 5437 αἰῶνα
886 5397 899 5410 ο
949 5380 1038 5432 ὅτι
1069 5376 1410 5445 ἀγαλλίαμα
1452 5371 1563 5441 τῆς
1604 5371 1850 5441 καρδίας

272 5499 393 5554 μου
416 5479 852 5535 εὶσίν.Ἔκλινα
876 5470 991 5540 τὴν
1020 5467 1269 5536 καρδίαν
1305 5484 1423 5534 μου
1461 5464 1568 5519 τοῦ
1600 5462 1847 5532 ποιῆσαι

276 5574 353 5629 τὰ
378 5566 736 5641 δικαιώματά
762 5581 877 5621 σου
909 5564 997 5629 εις
1020 5559 1127 5615 τὸν
1152 5558 1339 5613 αἰῶνα
1356 5558 1430 5611 δι’
1460 5556 1841 5626 ἀντάμειψιν.

245 5846 265 5875 ι’
355 5838 404 5873 ⁸⁸
442 5837 628 5896 llattb.
664 5854 732 5907 ι,
765 5840 855 5897 24.
936 5846 979 5878 ιτ
1022 5838 1211 5899 Matth.
1250 5851 1421 5903 χχιιι,
1456 5835 1524 5903 9,
1564 5836 1652 5892 10.

1951 4652 2096 4719 enim
2130 4650 2429 4721 periculum
2464 4648 2657 4703 mortis
2686 4648 2821 4717 legis
2850 4660 2950 4701 tua:
2976 4647 3223 4701 oblivisci
3248 4662 3335 4701 me
3363 4646 3513 4703 fecit.

1945 4745 2215 4799 Caeterum
2248 4750 2430 4813 potest
2480 4741 2754 4811 quispiam
2812 4740 3100 4794 sublimius
3156 4739 3259 4793 hoc
3308 4740 3514 4794 dictum

1947 4836 2249 4905 intelligere
2280 4849 2345 4888 ac
2378 4833 2559 4888 dicere
2592 4852 2605 4886 :
2640 4833 2832 4885 Anima
2880 4848 2994 4885 mea
3024 4832 3076 4883 in
3119 4832 3358 4885 manibus
3388 4832 3515 4885 meis

1946 4935 2065 4983 erat
2098 4942 2336 4996 semper;
2375 4926 2427 4979 id
2457 4934 2562 4989 est,
2597 4928 2648 4979 in
2679 4926 2837 4979 bonis
2872 4925 3084 4979 actibus
3114 4941 3128 4977 :
3164 4938 3290 4977 nam
3318 4940 3517 4979 manus

1946 5030 2046 5086 pro
2077 5015 2289 5070 actibus
2320 5014 2632 5084 frequenter
2666 5014 2921 5068 traditur.
2956 5012 3011 5067 Si
3047 5024 3227 5068 autem
3258 5014 3312 5067 in
3340 5015 3516 5070 mani—

1949 5110 2053 5163 bus
2074 5107 2185 5163 tuis
2209 5107 2392 5171 fuerit,
2414 5108 2776 5177 intelligamus
2804 5121 2999 5161 manus
3026 5105 3119 5161 Dei
3145 5121 3267 5162 esse
3286 5106 3516 5160 creatio-

1949 5217 2072 5257 nem
2098 5200 2241 5270 ejus,
2268 5201 2357 5255 cui
2383 5214 2598 5269 semper
2630 5198 2847 5252 animus
2879 5207 2961 5252 est
2991 5196 3353 5251 adhibendus.
3382 5195 3515 5249 Ηω·

1948 5293 2174 5346 reditate
2221 5291 2475 5361 acquisiui
2513 5289 2813 5344 testimonia
2847 5299 2940 5341 tua
2975 5290 3027 5340 in
3073 5298 3348 5350 wternum,
3390 5287 3515 5353 quia

1946 5388 2232 5441 exsultatio
2263 5384 2435 5439 cordis
2465 5385 2567 5437 mei
2606 5392 2747 5438 sunt.
2800 5380 3060 5435 Inclinavi
3095 5396 3187 5434 cor
3230 5394 3399 5433 meum
3447 5378 3514 5429 ad

1951 5476 2222 5546 faciendas
2244 5475 2657 5546 justiﬁcationes
2707 5484 2826 5527 tuas
2884 5475 2937 5527 in
2984 5482 3257 5539 retentum,
3306 5480 3519 5540 propter

1950 5569 2361 5625 retributionem.
