3992 6404
499 373 641 431 1385

1241 370 1506 427 EUSEBH
1537 369 2015 427 CAESARlENSIS
2052 369 2202 427 OPP.
2245 369 2427 426 PARS
2458 368 2548 426 lll.
2587 402 2656 412 -—
2687 368 3096 427 EXEGETICA.

3659 369 3802 426 I384

573 495 736 550 Vens.
762 494 1035 551 115-116.
1073 492 1290 563 Iniquos
1321 493 1440 547 odio
1463 493 1644 558 habui,
1667 503 1716 547 et
1741 493 1901 563 legem
1929 502 2065 546 tuam

2247 494 2637 562 Παρανόμους
2682 494 2969 564 ἐμίσησα,
2996 493 3102 546 τὸν
3138 493 3205 546 δὲ
3240 495 3428 563 νόμον
3465 507 3591 548 σου
3649 492 3803 562 ἠτόν-

497 588 686 642 dilexi.
719 587 950 655 Adjutor
978 594 1028 639 et
1058 595 1330 653 susceptor
1357 602 1502 639 meus
1527 602 1580 640 es
1609 597 1687 652 tu,
1711 587 1767 639 in
1797 585 1955 640 verba
1987 594 2081 640 tua

497 678 878 746 supersperavi.
925 675 1192 730 Declinate
1229 693 1263 730 a
1291 693 1390 741 me,
1437 676 1678 747 maligni,
1706 685 1758 731 et
1802 676 2082 732 scrutabor

499 767 758 821 mandata
791 766 884 821 Dei
911 767 1033 822 mei.
1083 764 1301 836 Suscipe
1337 784 1417 822 me
1447 767 1732 822 secundum
1779 768 2082 822 misericor-

496 859 644 914 diam
679 871 847 922 tuam,
889 869 937 913 et
964 861 1169 929 vivi/ica
1211 875 1313 924 me,
1351 869 1401 912 et
1434 876 1538 913 non
1565 859 1865 928 confundas
1894 877 1976 914 me
2014 860 2080 914 ab

495 952 880 1020 exspectatione
914 969 1049 1006 mea.
1082 951 1376 1022 Postquam
1411 952 1551 1006 dixit
1586 967 1598 1003 :
1632 952 1900 1008 Declinate
1923 970 1956 1007 α
1976 969 2076 1018 me,

497 1040 738 1110 maligni,
773 1049 1174 1110 consequenter
1217 1040 1384 1095 Deum
1412 1041 1483 1096 ad
1518 1056 1638 1097 eam
1669 1057 1784 1095 rem
1837 1043 2077 1108 invocat,

496 1136 556 1181 ut
585 1129 705 1198 ejus
732 1130 930 1184 virtute
959 1131 1180 1200 maligni
1205 1131 1272 1186 ab
1299 1132 1480 1186 anima
1508 1147 1608 1187 sua
1643 1132 1917 1202 pellantur
1948 1151 1961 1186 :
1996 1141 2080 1186 at-

495 1235 603 1290 que
633 1222 805 1274 otium
855 1232 1072 1286 nactus,
1112 1224 1278 1277 vitam
1310 1233 1364 1279 et
1414 1226 1673 1290 salutem,
1701 1217 1832 1296 quae
1881 1240 2080 1280 secun-

495 1313 625 1368 dum
657 1313 826 1368 Deum
859 1323 962 1380 est,
998 1324 1389 1386 consequatur,
1423 1332 1601 1388 neque
1633 1318 1851 1372 excidat
1885 1317 1954 1372 ab
1983 1333 2080 1372 ex-

493 1404 832 1472 spectatione
861 1419 960 1458 sua
996 1424 1008 1458 :
1041 1420 1107 1458 ac
1137 1421 1354 1460 rursum
1380 1420 1538 1476 opem
1566 1397 1808 1478 postulat
1832 1406 1900 1461 ad
1931 1407 2079 1462 salu-

494 1502 624 1550 tem.
657 1526 729 1536 -—
769 1496 933 1553 Vens.
969 1497 1074 1550 117
1095 1498 1265 1552 ⁸1⁸20.
1294 1498 1504 1568 Adjuva
1539 1485 1639 1563 me,
1669 1509 1720 1553 et
1755 1500 1934 1554 salvus
1963 1516 2074 1564 ero,

491 1594 542 1638 ct
573 1586 866 1642 meditabor
892 1589 945 1641 in
970 1589 1450 1658 justiﬁcationibus
1481 1591 1586 1644 tuis
1617 1607 1837 1659 semper.
1873 1591 2078 1660 Sprevi-

491 1680 564 1733 sti
619 1697 798 1735 omnes
849 1681 1229 1736 discedentesa
1271 1683 1492 1751 judiciis
1534 1684 1662 1748 tuis,
1694 1685 1821 1754 quia
1875 1685 2076 1752 injusta

491 1772 742 1841 cogitatio
786 1789 988 1827 eorum.
1025 1773 1442 1828 Prwvaricantes
1473 1777 1710 1844 reputavi
1748 1791 1926 1830 omnes
1955 1793 2076 1845 pec-

2181 601 2370 654 πησα.
2402 588 2629 655 Βοηθός
2653 604 2774 657 μου
2804 587 2901 641 καὶ
2927 585 3306 653 ἁντιλήπτωρ
3323 601 3446 654 μου
3476 581 3539 638 εἷ
3566 585 3683 649 σὺ,
3707 585 3800 650 εις

2180 678 2324 746 τοὺς
2345 680 2567 748 λόγους
2599 693 2716 734 σου
2736 678 3070 746 ἐπήλπισα.
3097 677 3446 731 Ἐκκλίνατε
3476 676 3586 730 ἀπ’
3615 672 3797 744 ἐμοῦ,

2181 771 2666 842 ποντψευόμενοι,
2694 773 2790 826 καὶ
2823 769 3200 840 ἐξερευνήσω
3231 768 3335 834 τὰς
3369 767 3642 831 ἐντολὰς
3686 766 3797 819 τοῦ

2184 865 2332 918 Θεοῦ
2358 882 2497 934 μου.
2517 861 2856 918 Ἂντιλαϐοὗ
2877 881 2998 932 μου
3028 861 3176 916 κατὰ
3212 862 3276 914 τὸ
3305 861 3482 924 ἔλεός
3521 873 3650 911 σου
3689 856 3794 909 καὶ

2181 954 2366 1024 ζῆσόν
2393 972 2488 1025 με,
2519 954 2620 1008 καὶ
2640 954 2724 1024 μὴ
2755 954 3168 1023 καταισχύνῃς
3192 969 3268 1021 με
3294 950 3414 1004 ἀπὸ
3448 948 3566 1017 τῆς
3595 963 3795 1015 προσ-

2180 1045 2387 1112 δοκίας·
2424 1063 2567 1115 μου.
2623 1043 2828 1109 Εἰπὼν,
2861 1044 3206 1098 Ἐκκλίνατε
3239 1043 3339 1096 ἀπ’
3371 1040 3525 1109 ἐμοῦ
3546 1079 3562 1103 ,
3604 1054 3795 1103 πονη-

2171 1141 2505 1209 ρευόμενοι,
2539 1136 2848 1200 ἀκολούθως
2875 1137 2966 1190 τὸν
2997 1135 3128 1188 Θεὸν
3155 1135 3250 1188 καὶ
3281 1135 3360 1196 είς
3393 1131 3558 1185 τοῦτο
3590 1133 3793 1182 ἐπικα-

2179 1232 2371 1293 λεῖται,
2407 1231 2482 1295 ὡς
2518 1230 2584 1285 ἂν
2612 1233 2678 1301 τῇ
2704 1229 2868 1283 αὑτοῦ
2895 1228 3119 1299 δυνάμει
3153 1224 3480 1280 ἁπελαθεῖεν
3517 1222 3629 1291 τῆς
3656 1223 3791 1274 ἐαυ-

2178 1324 2271 1378 τοῦ
2299 1325 2475 1394 ψυχῆς
2503 1325 2552 1377 οἱ
2575 1322 3014 1395 πονηρευόμενοι,
3041 1319 3234 1390 σχολῆς
3257 1335 3316 1370 τε
3345 1313 3532 1386 τυχὼν
3561 1313 3670 1383 τῆς
3691 1328 3792 1365 κα-

2177 1416 2246 1468 τὰ
2277 1416 2408 1470 Θεὸν
2439 1415 2583 1485 ζωῆς
2612 1432 2673 1467 τε
2699 1415 2792 1468 καὶ
2825 1413 3099 1484 σωτηρίας
3121 1410 3298 1480 τύχοι,
3333 1407 3429 1462 καὶ
3457 1406 3536 1477 μὴ
3569 1403 3791 1458 ἀποπέ-

2179 1523 2261 1560 σοι
2288 1508 2386 1577 τῆς
2414 1506 2606 1560 ἑαυτοῦ
2639 1505 2993 1578 προσδοκίαςο
3029 1504 3122 1556 καὶ
3155 1501 3316 1554 πάλιν
3345 1500 3490 1564 ἀξιοῖ
3524 1496 3790 1566 βοηθείας

2175 1600 2356 1666 τυχεῖν
2381 1600 2459 1660 είς
2491 1597 2550 1650 τὸ
2580 1597 2929 1666 διασωθῆναι.
2950 1593 3271 1662 Βοήθησόν
3294 1608 3417 1660 μοι,
3448 1588 3557 1641 καὶ
3591 1585 3790 1649 σωθή-

2175 1705 2378 1757 σομαι,
2407 1689 2504 1742 καὶ
2529 1687 2843 1758 μελετήσω
2879 1689 2948 1741 ἑν
2981 1686 3105 1751 τοῖς
3129 1679 3484 1750 δικαιώμασί
3512 1695 3638 1732 σου
3666 1676 3790 1729 δια-

2175 1779 2420 1844 παντός.
2441 1777 2884 1844 Ἐξουδένωσας
2917 1776 3150 1841 πάντας
3183 1773 3324 1838 τοὺς
3353 1767 3790 1824 ἀποστατοῦν-

490 1873 694 1917 catores
735 1874 911 1925 teme,
947 1865 1062 1919 ideo
1112 1865 1279 1919 dilexi
1343 1843 1644 1921 testimonia
1707 1876 1817 1920 tua.
1856 1843 2065 1939 Conﬁge

2173 1884 2281 1933 τας
2313 1843 2429 1923 dato
2457 1867 2576 1922 τῶν
2603 1843 3009 1938 δικαιωμάτων
3033 1881 3171 1929 σου,
3203 1865 3293 1918 ὅτι
3331 1863 3550 1916 ἄδικον
3577 1862 3647 1914 τὸ
3680 1860 3784 1913 ὲν-

492 1955 677 2007 timorc
725 1965 814 2008 tuo
847 1971 1050 2019 ,carnes
1109 1972 1273 2024 meas,
1328 1973 1362 2011 a
1396 1957 1619 2027 judiciis
1663 1959 1802 2012 enim
1847 1960 1950 2014 tuis
2005 1961 2068 2013 ti-

489 2060 600 2098 mus
610 2085 622 2098 .

2174 1962 2412 2030 θύμημα
2437 1959 2654 2014 αὐτῶν.
2691 1961 3176 2028 Παραϐαίνοντας
3204 1955 3588 2026 ἐλογισάμην
3621 1952 3782 2005 πάν-

2171 2067 2278 2117 τας
2327 2051 2466 2116 τοὺς
2515 2051 2903 2121 ἁμαρτωλοὺς
2953 2048 3064 2116 τῆς
3096 2048 3229 2119 γῆς,
3269 2047 3367 2100 διὰ
3403 2044 3592 2099 τοῦτο
3634 2039 3786 2114 ἠτά-

488 2151 656 2203 πησα
680 2136 751 2190 τὰ
766 2136 1058 2206 μαρτύριά
1089 2154 1224 2192 σου.
1252 2138 1623 2208 Καθήλωσον
1645 2141 1715 2195 ἐκ
1743 2141 1852 2197 τοῦ
1876 2144 2067 2212 φόϐου
2103 2157 2220 2199 σου
2253 2145 2354 2211 τὰς
2389 2143 2622 2212 σάρκας
2647 2161 2767 2214 μου
2784 2160 2796 2173 ·
2823 2141 2941 2197 ἀπὸ
2966 2143 3076 2213 γὰρ
3125 2141 3246 2195 τῶν
3301 2138 3611 2209 χριμάτων
3660 2153 3779 2193 σου

485 2231 806 2300 ἐφοϐήθην.

564 2324 728 2380 Vsus.
761 2324 884 2378 121.
915 2321 1041 2378 Feci
1070 2323 1336 2393 judicium
1360 2325 1720 2392 etjustitiam,
1748 2343 1852 2380 non
1880 2328 2063 2383 tradas

487 2435 568 2472 me
596 2418 850 2487 injuriam
875 2415 1221 2486 inferentibus
1252 2416 1402 2472 mihi.
1431 2415 1537 2483 Qui
1584 2419 1638 2472 in
1668 2419 1939 2491 principio
1988 2421 2068 2475 in-

487 2513 710 2566 stitutus
742 2509 938 2574 fuerat,
983 2517 1044 2563 ut
1072 2510 1186 2577 jam
1235 2509 1468 2563 multum
1503 2510 1802 2581 profectus,
1841 2527 1904 2567 ac
1945 2529 2064 2567 ma-

485 2616 589 2672 gna
621 2609 900 2671 operatus,
947 2608 1106 2671 rogat
1161 2615 1231 2655 ne
1279 2615 1310 2654 a
1365 2601 1612 2671 profectu
1671 2618 1772 2658 suo
1819 2605 2056 2662 excidat.

485 2692 691 2748 Deinde
721 2693 1079 2747 considerans
1117 2691 1385 2761 plurimos
1424 2707 1546 2747 esse
1571 2693 1662 2762 qui
1703 2695 1888 2762 probis
1919 2696 2058 2750 invi-

485 2784 670 2848 deant,
707 2799 834 2838 cum
876 2783 1015 2838 nihil
1061 2784 1186 2836 mali
1227 2783 1295 2838 de
1325 2783 1458 2852 ipsis
1491 2783 1778 2838 dicendum
1808 2786 2064 2850 habeant,

481 2877 896 2947 calumniasque
927 2885 1108 2931 tamen
1156 2877 1687 2950 struant;iobsecrat
1720 2887 1773 2932 et
1819 2890 1972 2950 rogat
1999 2883 2068 2937 ab

485 2968 554 3024 iis
585 2969 830 3024 liberari.
872 2967 981 3023 Pro
1021 2968 1114 3021 illo
1157 2974 1339 3020 autem
1377 2949 1681 3034 :injuriam
1722 2949 2066 3036 inferentibus

483 3061 634 3125 mihi,
684 3060 882 3132 Aquila
912 3078 925 3115 :
961 3057 1044 3113 Ne
1077 3057 1317 3112 dimittas
1359 3073 1439 3111 me
1474 3059 1924 3115 calumniantibus
1957 3079 2057 3128 me,

482 3150 675 3205 edidit.

557 3241 721 3295 Vens.
764 3239 888 3295 122.
931 3239 1055 3294 Feci
1086 3240 1358 3310 judicium
1396 3250 1443 3294 et
1464 3241 1757 3309 justitiam,
1800 3259 1900 3296 non
1947 3213 2131 3298 tra-c

481 3336 580 3390 das
615 3351 696 3389 me
727 3333 983 3404 injuriam
1005 3331 1349 3398 inferentibus
1386 3332 1534 3386 mihi.
1590 3330 1806 3401 Suscipe
1849 3351 2060 3389 servum

480 3435 630 3479 tuum
656 3426 711 3478 in
745 3423 962 3488 bonum,
999 3440 1104 3478 non
1142 3423 1537 3476 calumnientur
1566 3439 1644 3476 me
1692 3424 1920 3492 superbi.
1955 3425 2061 3492 Qui

481 3515 862 3587 paenitentiam
898 3515 1028 3586 egit,
1064 3528 1096 3578 a
1131 3513 1457 3569 vexantibus
1498 3528 1556 3569 se
1585 3523 1798 3580 erutus,
1836 3525 1999 3586 atque
2029 3533 2060 3572 a

481 3607 794 3677 captivitate
827 3605 1143 3675 redemptus
1171 3604 1247 3658 ait
1288 3620 1300 3654 :
1337 3602 1556 3673 Suscipe
1593 3622 1799 3659 servum
1830 3613 1974 3660 tuum
2005 3609 2060 3662 in

482 3698 711 3760 bonum;
739 3695 792 3750 hi
829 3711 1066 3765 namque
1102 3709 1189 3749 me
1219 3694 1274 3746 in
1301 3693 1506 3770 malum
1540 3703 1912 3764 susceperant.
1943 3696 2060 3751 Nisi

479 3793 626 3846 enim
667 3803 752 3843 me
778 3803 997 3843 servum
1032 3794 1184 3839 tuum
1213 3785 1453 3840 inimicis
1483 3787 1768 3840 subactum
1802 3801 2060 3857 suscepe-

479 3883 596 3949 ris;
649 3881 704 3935 bi
752 3879 996 3950 superbi,
1037 3878 1293 3932 videlicet
1355 3878 1686 3934 adversariae
1734 3885 2056 3950 potestates,

478 3992 566 4031 me
591 3973 1004 4030 calumniatore:
1029 3978 1178 4026 sunt.
1201 3969 1486 4036 Quomodo
1507 3978 1690 4026 autem
1719 3971 2060 4027 calumnian-

479 4069 607 4123 tur?
638 4067 774 4137 lpsze
797 4081 883 4121 me
913 4065 1219 4119 incitarunt
1247 4062 1491 4132 mihique
1527 4070 1819 4119 suaserunt
1843 4070 1903 4117 ut
1933 4079 2058 4133 pec-

477 4168 633 4216 cator
664 4159 949 4216 evaderem
982 4176 996 4212 :
1027 4172 1090 4212 ac
1123 4157 1256 4227 ipsae
1283 4156 1396 4226 jam
1441 4170 1526 4210 me
1571 4162 1854 4218 accusant.
1886 4162 2057 4210 totam

480 4252 686 4322 peccati
721 4265 948 4306 causam
980 4249 1035 4303 in
1078 4264 1167 4303 me
1199 4247 1564 4303 conferentes.
1599 4246 1923 4302 Necessario
1968 4263 2059 4302 ro-

478 4355 569 4416 gat
619 4343 790 4399 Deum
845 4351 904 4398 ut
953 4352 1238 4413 susceptor
1273 4342 1448 4411 ipsius
1480 4341 1572 4408 sit,
1599 4340 2057 4411 quemadmodum

478 4447 532 4492 et
560 4452 824 4507 sponsor;
873 4442 932 4489 ut
971 4435 1089 4504 ipse
1131 4440 1324 4489 custos
1359 4433 1530 4502 ipsius
1563 4431 1850 4497 efﬁciatur,
1893 4448 2057 4504 spon-

2244 2325 2533 2390 Ἐποίησα
2570 2322 2747 2391 κρίμα
2776 2322 2872 2374 καὶ
2907 2321 3329 2389 δικαιοσυνην,
3359 2318 3446 2387 μὴ

2155 2433 2233 2487 με
2265 2415 2388 2480 τοῖς
2420 2413 2706 2467 ἀδικοῦσί
2730 2429 2827 2482 με.
2847 2413 2903 2464 Ὀ
2933 2411 3074 2464 κατὰ
3104 2411 3200 2482 τὴν
3242 2411 3418 2482 ἀρχὴν
3459 2416 3773 2484 στοιχειού-

2165 2525 2347 2580 μενος,
2371 2507 2447 2569 ὼς
2478 2506 2541 2560 ἂν
2566 2506 2666 2576 ἤδη
2699 2505 2978 2578 προκόψας
3006 2505 3099 2558 ἐπὶ
3130 2505 3284 2570 πολὺ,
3321 2504 3509 2558 καὶτὰ
3550 2508 3772 2576 μεγάλα

2166 2599 2537 2672 κατορθώσας,
2559 2597 2776 2668 εὔχεται
2809 2598 2881 2667 μὴ
2912 2599 3162 2652 ἐκπεσεῖν
3185 2596 3283 2667 τῆς
3306 2599 3619 2668 προκοπῆς.
3635 2596 3770 2652 Εἶτα

2167 2691 2428 2764 συνορῶν,
2455 2691 2537 2743 ὅτι
2573 2693 2683 2752 τοῖς
2708 2689 2890 2752 καλοῖς
2921 2688 3109 2741 πολλοὶ
3135 2687 3515 2758 βασκαίνουσι,
3549 2692 3651 2743 καὶ
3685 2691 3772 2744 λέ-

2163 2799 2282 2852 γειν
2319 2781 2420 2851 μὲν
2443 2798 2494 2833 τι
2533 2780 2735 2848 φαῦλον
2767 2779 2893 2850 περὶ
2932 2779 3110 2832 αὐτῶν
3143 2780 3293 2832 οὐδὲν
3326 2777 3573 2850 ἔχουσιν,
3610 2799 3768 2854 περι-

2163 2873 2421 2925 πλέκουσι
2447 2871 2504 2924 δὲ
2531 2873 2914 2940 συκοφαντίας,
2950 2869 3178 2923 ἱκετεύει
3212 2872 3304 2923 καὶ
3334 2871 3518 2924 δέεται
3559 2873 3766 2928 τούτων

2167 2964 2452 3037 ῥυσθῆναι.
2472 2965 2616 3019 Ἀντὶ
2639 2965 2716 3027 δὲ,
2745 2963 2870 3029 τοῖς
2897 2963 3178 3018 ἀδικοῦσί
3199 2980 3296 3032 με,
3315 2963 3557 3028 Ἀκύλας
3580 2964 3767 3030 ἐξέδω-

2167 3075 2257 3112 κε·
2291 3060 2345 3110 Μ
2356 3057 2388 3126 ἡ
2422 3055 2582 3125 ἀφῇς
2604 3074 2681 3126 με
2716 3057 2839 3122 τοῖς
2868 3055 3324 3125 συκοφαντοῦσί
3345 3072 3444 3126 με.

2245 3239 2530 3306 Ἐποίησα
2560 3239 2739 3308 κρίμα
2771 3239 2868 3292 καὶ
2900 3238 3316 3306 δικαιοσύνην,
3357 3238 3445 3308 μὴ
3475 3239 3756 3309 παραδῷς

2159 3347 2236 3401 με
2261 3330 2384 3396 τοῖς
2412 3331 2693 3385 ἀδικοῦσί
2715 3330 3106 3400 με.”Εκδεξαι
3134 3329 3242 3383 τὸν
3265 3330 3499 3385 δοῦλόν
3519 3348 3649 3386 σου
3680 3337 3763 3400 εὶς

2161 3423 2407 3493 ἀγαθὸν,
2436 3422 2522 3492 μὴ
2559 3421 3200 3491 συκοφαπησάτωσὰν
3230 3439 3307 3490 με
3347 3421 3754 3492 ὑπερήφανοι.

2174 3511 2233 3564 '0
2271 3514 2606 3583 μετανοήσας
2632 3513 2725 3565 καὶ
2764 3513 2872 3565 άπὸ
2900 3512 3007 3565 τῶν
3035 3512 3447 3585 ἐνεργησάντων
3482 3516 3567 3577 εἰς
3595 3515 3758 3567 αὑτὸν

2161 3604 2393 3670 ἐξελθὼν
2423 3607 2518 3659 καὶ
2544 3606 2641 3676 τῆς
2674 3605 3047 3676 αἰχμαλωσίας
3071 3605 3365 3677 λυτρωθείς
3391 3624 3564 3677 φησιν
3584 3625 3598 3634 ·
3631 3610 3758 3661 Ἕκα

2159 3695 2328 3761 δεξαι
2350 3697 2456 3751 τὸν
2481 3697 2707 3751 δοῦλόν
2733 3713 2849 3751 σου
2871 3701 2957 3762 εὶς
2983 3684 3208 3766 ἀγαθόν
3226 3715 3239 3727 °
3277 3691 3420 3751 οὗτοι
3444 3699 3561 3770 γάρ
3591 3717 3657 3770 με
3681 3701 3760 3762 εἰς

2160 3788 2394 3860 πονηρὸν
2423 3787 2890 3853 ὲξεδέξαντο.Ἐὰν
2925 3788 3030 3860 γὰρ
3065 3789 3138 3860 μὴ
3167 3788 3357 3860 ἐκδὲξῃ
3394 3808 3466 3860 με
3507 3793 3603 3846 τὸν
3640 3793 3760 3846 δοῦ-

2159 3880 2250 3935 λόν
2280 3897 2371 3934 σου
2405 3881 2712 3952 ὑποχείριον
2740 3882 3030 3952 γενόμενον
3053 3884 3164 3945 τοῖς
3200 3883 3506 3952 πολεμίοις,
3537 3879 3680 3937 οὗτοι
3705 3887 3754 3937 oi

2161 3972 2520 4045 ὑπερήφανοι,
2550 3975 2605 4026 αἱ
2648 3975 3016 4044 ἀντικείμεναι
3057 3975 3335 4046 δυνάμεις,
3374 3975 3635 4045 μέλλουσί
3682 3995 3753 4048 με

2162 4069 2535 4135 συκοφαντεῖν.
2569 4067 2694 4130 Πῶς
2731 4067 2789 4120 δὲ
2822 4066 3280 4136 συκοφαντοῦσιν;
3311 4063 3488 4123 Α’ὗται
3521 4071 3757 4143 ἐνήργη-

2162 4174 2261 4212 σαν
2301 4159 2395 4211 καὶ
2439 4158 2661 4212 ἔπεισαν
2697 4159 2762 4212 ἵν’
2796 4159 3118 4231 ἁμαρτωλὸς
3143 4160 3393 4231 γένωμαι
3413 4179 3426 4192 ·
3455 4164 3558 4216 καὶ
3594 4156 3758 4216 αὗταί

2163 4266 2254 4320 μοι
2285 4251 2582 4321 κατήγοροι
2600 4252 2996 4321 γίνονται,ὅλην
3023 4252 3121 4322 τὴν
3151 4253 3332 4306 αἰτίαν
3360 4253 3473 4307 τῶν
3499 4256 3759 4325 άμαρτηυ

2162 4340 2349 4412 μάτων
2391 4343 2471 4404 εἰς
2516 4342 2616 4411 ἐμὲ
2658 4342 3404 4413 άναφέρουσαι.Ἀναγκαίως
3437 4347 3757 4416 παρακαλεῖ

2157 4432 2248 4487 τὸν
2277 4432 2408 4487 Θεὸν
2433 4433 2692 4503 ἀνάδοχον
2722 4433 2886 4487 αὑτοῦ
2909 4435 3181 4503 γενέσθαι,
3209 4436 3397 4508 ὥσπερ
3420 4437 3518 4490 καὶ
3545 4440 3752 4508 ἐγγυη-

480 4530 689 4584 sionem
723 4542 951 4584 servans
980 4541 1046 4580 ac
1087 4524 1426 4587 custodiens,
1459 4529 1518 4576 ut
1549 4537 1617 4578 ne
1648 4522 1929 4576 minimam
1966 4537 2057 4576 an-

2170 4525 2286 4594 τήν·
2323 4524 2388 4579 ἵν’
2418 4523 2579 4587 αὐτὸς
2623 4523 2795 4592 φύλαξ
2838 4524 3002 4577 αὐτοῦ
3050 4525 3295 4596 γένηται,
3333 4527 3519 4597 τηρῶν
3571 4528 3754 4597 ἐαυτῷ

479 4637 595 4679 sam
619 4621 856 4693 praebeat
885 4617 1275 4674 insidiantibus
1310 4615 1413 4671 sibi
1437 4613 1946 4670 calumniatoribus.

551 4800 716 4854 Vsus.
750 4795 1031 4853 125-126.
1078 4794 1233 4851 Oculi
1271 4794 1372 4847 mei
1413 4791 1710 4862 defecerunt
1738 4794 1792 4846 in
1820 4793 2056 4848 salutare

480 4907 648 4962 tuum,
686 4905 734 4948 et
774 4895 828 4946 in
872 4891 1136 4959 eloquium
1158 4887 1390 4959 justitiae
1427 4893 1549 4941 tute.
1592 4883 1707 4940 Fac
1749 4903 1867 4940 cum
1910 4903 2056 4940 servo

480 4999 569 5043 tuo
602 4987 888 5041 secundum
916 4981 1338 5037 misericordiam
1374 4989 1542 5045 tuam,
1571 4987 1621 5033 et
1644 4977 2054 5047 justiﬁcationes

481 5092 600 5135 tuas
643 5079 770 5133 doce
807 5094 906 5132 me.
941 5075 1131 5132 Servus
1165 5083 1285 5126 tuus
1317 5088 1434 5127 sum
1466 5089 1560 5142 ego
1592 5086 1610 5123 :
1645 5069 1714 5123 da
1739 5071 1867 5123 mihi
1902 5071 2056 5124 intel-

483 5176 670 5227 lectum
696 5210 710 5236 ,
767 5181 815 5224 et
850 5170 1018 5223 sciam
1061 5165 1364 5220 testimonia
1414 5173 1525 5216 tua.
1572 5161 1793 5230 Tempus
1824 5160 2054 5230 faciendi

479 5266 730 5328 Domino,
747 5263 1130 5331 dissipaverunt
1154 5259 1312 5330 legem
1339 5267 1505 5311 tuam.
1531 5254 1761 5310 Sursum
1783 5254 2054 5324 aspiciens

466 5357 549 5411 ad
601 5356 836 5412 salutare
865 5363 1020 5408 tuum
1053 5358 1106 5407 et
1135 5351 1362 5406 verbum
1393 5356 1571 5414 tuum,
1617 5353 1808 5410 totam,
1855 5346 2050 5415 inquit,

482 5465 632 5518 spem
664 5463 840 5503 meam
888 5445 1018 5500 hinc
1050 5442 1288 5514 pendere
1330 5439 1457 5506 feci,
1488 5439 1606 5495 erui
1647 5453 1732 5493 me
1771 5438 2053 5508 postulans

481 5542 548 5594 ab
577 5539 942 5596 inridentibus
972 5535 1133 5594 saluti
1170 5548 1325 5589 meae.

552 5729 719 5784 Vens.
756 5730 880 5782 127.
922 5727 1049 5781 Ideo
1079 5724 1241 5778 dilexi
1269 5721 1522 5776 mandata
1553 5730 1644 5773 tua
1671 5734 1825 5788 super
1858 5735 2050 5772 aurum

481 5829 533 5876 et
562 5823 824 5890 topazicn.
860 5819 970 5892 Ego
1003 5816 1223 5889 quidem
1250 5813 1354 5872 ieci
1381 5812 1647 5886 judicium
1679 5819 1732 5868 et
1749 5811 2044 5882 justitiam,

2161 4614 2257 4667 καὶ
2304 4613 2582 4682 φυλάττων
2610 4613 2706 4684 τὴν
2734 4613 2957 4685 ἐγγύην,
2997 4615 3132 4686 πρὸς
3174 4614 3236 4668 τὸ
3277 4616 3549 4687 μηδεμίαν
3577 4617 3752 4688 λαϐὴν

2158 4709 2457 4777 παρασχεῖν
2489 4709 2599 4769 τοῖς
2635 4705 3015 4776 ἐφεδρεύουσιν
3048 4706 3197 4778 αὺτῷ
3225 4709 3620 4776 συκοφάνταις.

2230 4802 2293 4852 Ol
2327 4800 2622 4868 ὀφθαλμοί
2637 4816 2756 4867 μου
2781 4799 3061 4862 ἐξέλιπον
3078 4801 3164 4865 εὶς
3191 4800 3257 4852 τὸ
3281 4800 3582 4866 σωτήριόν
3600 4815 3744 4862 σου,

2155 4889 2253 4942 καὶ
2289 4893 2377 4956 εὶς
2413 4889 2479 4942 τὸ
2506 4893 2716 4960 λόγιον
2750 4889 2861 4959 τῆς
2886 4889 3274 4957 δικαιοσύνης
3297 4906 3432 4944 σου.
3471 4891 3749 4958 Ποίησον

2149 4983 2301 5050 μετὰ
2326 4981 2433 5035 τοῦ
2469 4981 2693 5036 δούλου
2721 4995 2837 5035 σου
2866 4981 3017 5036 κατὰ
3048 4980 3115 5034 τὸ
3151 4981 3324 5046 ἔλεός
3355 4998 3496 5046 σου,
3535 4983 3638 5035 καὶ
3670 4981 3746 5035 τὰ

2153 5071 2512 5141 δικαιώματά
2537 5089 2652 5127 σου
2680 5072 2928 5137 διδαξόν-
2942 5089 3038 5141 με.
3057 5071 3284 5138 Δοῦλός
3309 5089 3427 5126 σου
3451 5073 3572 5142 εἰμὶ
3600 5073 3740 5145 ἐγὼ,

2154 5165 2482 5219 συνέτισόν
2524 5182 2622 5234 με,
2653 5165 2750 5218 καὶ
2789 5163 3090 5234 γνώσομαι
3141 5164 3212 5218 τὰ
3257 5164 3552 5234 μαρτύριὰ
3595 5183 3737 5219 σου.

2153 5257 2369 5326 Καιρὸς
2400 5257 2506 5312 τοῦ
2538 5256 2785 5326 ποιῆσαι
2831 5255 2911 5322 τῷ
2947 5257 3162 5324 Κυρίῳ,
3193 5256 3599 5310 διεσκέδασαν
3629 5259 3739 5310 τὸν

2152 5350 2338 5418 νόμον
2363 5351 2656 5404 σου.”Δνω
2679 5348 2888 5419 βλέπων
2917 5349 3010 5402 ἐπὶ
3040 5348 3100 5402 τὸ
3132 5349 3394 5420 σωτήριόν
3417 5367 3510 5403 σου
3527 5349 3622 5403 καὶ
3643 5350 3735 5404 τὸν

2152 5439 2309 5508 λόγον
2345 5458 2458 5508 σου,
2497 5442 2697 5506 πάσας,
2731 5442 2921 5514 φησιν,
2956 5442 3239 5514 άνήρτησα
3283 5442 3377 5496 ἐπὶ
3419 5443 3594 5497 ταῦτα
3633 5442 3734 5506 τὰς

2153 5533 2391 5604 ἐμαυτοῦ
2425 5534 2662 5598 ἐλπίδας,
2692 5534 2952 5603 ῥωσθῆναι
2976 5528 3356 5606 δεόμενοξὰπὸ
3372 5535 3481 5588 τῶν
3509 5535 3734 5604 διαφθο-

2153 5624 2388 5680 νούντων
2424 5643 2524 5696 μου
2552 5629 2619 5696 τῇ
2653 5625 2915 5697 σωτηρίᾳ.

2190 5746 2202 5763 ι
2223 5716 2326 5770 Διά
2350 5714 2524 5770 τοῦτο
2552 5713 2842 5782 ἠγάπησα
2874 5713 2980 5779 τὰς
3004 5711 3255 5779 ἐντολάς
3275 5729 3392 5766 σου
3414 5713 3567 5782 ὑπὲρ
3593 5728 3730 5782 χρυ-

2154 5810 2293 5865 σίον
2322 5809 2421 5864 καὶ
2460 5806 2749 5868 τοπάζιον.
2772 5807 2911 5878 Ἐγὼ
2942 5807 3040 5880 μὲν
3063 5809 3294 5880 ἐποίησα
3329 5807 3503 5881 κρίμα
3532 5807 3628 5864 καὶ
3649 5804 3727 5862 δι-
