3992 6404
303 363 441 430 1383
1394 366 1894 427 COMMENTARIA
1930 368 1997 428 IN
2032 363 2366 429 PSALMOS.
3409 366 3541 433 I386

304 490 610 563 ⁴ιιιςιιοσύνην,
642 489 734 544 καὶ
771 486 853 543 σοὶ
893 488 1053 561 δὲτῷ
1081 488 1201 560 Θεῷ
1240 489 1392 543 ἔσται
1429 492 1560 544 ποτὲ
1588 491 1683 545 τοῦ
1724 491 1843 561 ποιῆ

1947 498 2145 563 _atque
2184 491 2300 557 tibi,
2335 478 2499 555 Deu's,
2536 496 2748 563 tempus
2796 491 3091 563 aliquando
3122 492 3295 549 aderit
3344 508 3408 550 ea
3462 493 3547 549 fit-

303 600 392 635 σαι
424 582 632 653 καιρὸς,
659 582 898 652 δηλονότι
948 584 1118 653 κρῖμα
1163 583 1257 635 καὶ
1287 582 1628 655 δικαιοσύνην
1649 584 1737 639 διὰ
1765 584 1843 638 τῶ

1976 583 2176 647 ciendi,
2211 583 2459 639 videlicet
2488 583 2758 653 judicium
2785 593 2841 639 et
2866 586 3162 655 justitiam,
3198 595 3425 657 propter
3446 601 3545 643 eos

303 675 817 730 κατασκεδασάντων
848 674 939 728 τὸν
970 659 1132 744 νόμον
1162 673 1452 729 σου.Τοῦτο
1470 672 1563 731 οὖν
1588 676 1743 740 εἰδὼς
1763 676 1843 745 ὲγέ

1972 674 2064 744 qui
2088 675 2259 744 legem
2290 681 2438 728 tuam
2471 675 2845 744 pessumdant.
2876 675 3053 748 Hujus
3086 678 3271 747 itaque
3310 679 3387 733 rei
3410 694 3545 749 gna-

301 770 393 822 καὶ
417 768 815 838 φυλαττόμενος
848 769 1164 839 περιπεσεῖν
1197 765 1273 836 τῷ
1296 768 1471 840 καιρῷ
1503 770 1842 842 ὲκείνῳ,ήγά

1971 777 2065 817 rus
2096 778 2217 833 ego,
2252 778 2316 817 ac
2345 779 2544 820 cavens
2569 780 2638 819 ne
2669 766 2908 821 incidam
2949 768 3005 822 in
3035 777 3247 838 tempus
3272 769 3425 833 illud,
3457 770 3543 823 di~

300 875 449 929 πησα
490 859 588 924 τὰς
633 859 849 923 ἐντολάς
882 875 975 911 σου
1010 856 1150 928 ὑπὲρ
1186 857 1363 910 πάντα
1409 859 1539 930 παρ’
1568 858 1839 931 ἀνθρώποι

1970 853 2080 908 lexi
2120 854 2377 910 mandata
2407 862 2503 911 tua
2547 871 2711 926 super
2747 858 2929 912 omnia
2958 874 3079 929 quae
3118 859 3261 930 apud
3293 848 3541 917 homines

299 949 453 1020 τίμια
479 951 862 1021 νενομισμένα.

368 1064 472 1117 Διὰ
499 1064 673 1118 τοῦτο
709 1065 857 1133 πρὸς
906 1064 1107 1135 πάσας
1149 1069 1256 1137 τὰς
1287 1064 1538 1134 ἐντολάς
1584 1078 1702 1122 σου
1729 1073 1868 1121 κατ-

300 1154 626 1223 ψθούμην,
671 1154 880 1209 πᾶσαν
929 1156 1074 1211 ὁδὸν
1110 1151 1318 1213 ἄδικον
1352 1160 1638 1230 ἐμίσησα.
1684 1158 1748 1212 Ἡ
1782 1159 1871 1212 ἀνα

301 1243 543 1315 θρωπίνη
580 1245 726 1317 ψυχή
756 1247 1204 1321 συμπληρώσασα
1230 1244 1321 1303 τὸν
1357 1252 1533 1320 λόγον,
1566 1242 1782 1313 πάντως
1811 1251 1870 1303 ὲν

299 1335 466 1407 κακία
513 1336 742 1406 γίνεται.
789 1338 1071 1395 Ἀδύνατον
1117 1341 1225 1413 γὰρ
1269 1342 1384 1414 ἅμα
1416 1341 1495 1413 τῷ
1542 1341 1871 1413 συμπληρω-

300 1426 455 1497 θῆναι
487 1422 578 1482 τὸν
624 1428 786 1502 νόμον
817 1431 906 1485 τὸν
935 1432 1161 1502 φυσικὸν
1198 1434 1257 1487 ὲν
1294 1432 1597 1504 ἀνθρώποις
1633 1433 1706 1504 μὴ
1745 1433 1870 1487 ὑπο-

301 1520 490 1590 στῆναι
536 1521 631 1594 τὴν
682 1524 971 1594 ἁμαρτίαν.
1028 1524 1195 1579 Ἐπάν
1234 1521 1325 1579 οὖν
1354 1526 1578 1596 γένηται
1626 1527 1660 1596 ή
1704 1518 1869 1578 κακία

299 1610 393 1667 καὶ
423 1604 731 1687 στρεϐλωθῇ
775 1618 808 1688 ή
845 1616 1012 1689 ψυχὴ,
1060 1617 1227 1671 δεῖται
1277 1617 1685 1690 κατορθώσεως.
1735 1617 1869 1672 Τίνα

1970 947 2204 1017 pretiosa
2235 948 2580 1003 existimantu
2589 964 2632 1002 r.

2038 1059 2204 1116 Vsus.
2264 1060 2385 1117 I28.
2414 1056 2699 1131 Propterea
2730 1062 2800 1116 ad
2820 1064 3001 1118 omnia
3040 1064 3298 1119 mandata
3328 1075 3419 1120 tua
3453 1055 3540 1120 die

1969 1152 2197 1222 rigebar,
2220 1168 2425 1207 omnem
2454 1156 2591 1208 viam
2621 1155 2860 1225 iniquam
2910 1155 3032 1210 odio
3077 1156 3257 1213 habui.
3290 1156 3539 1212 Humana

1969 1246 2150 1299 anima
2189 1255 2476 1315 postquam
2508 1262 2817 1302 sermonem
2851 1249 3224 1319 compleverit,
3253 1250 3307 1303 in
3331 1250 3538 1304 malitia

1969 1344 2194 1407 prorsus
2219 1346 2488 1393 versatur.
2522 1336 2668 1393 Fieri
2702 1338 2847 1394 enim
2893 1342 3104 1411 nequit,
3140 1350 3201 1396 ut
3246 1351 3535 1413 postquam

1969 1428 2054 1483 lex
2094 1428 2361 1485 naturalis
2397 1429 2452 1484 in
2482 1430 2798 1488 hominibus
2847 1433 3067 1502 impleta
3117 1441 3222 1499 est,
3250 1442 3533 1505 peccatum

1969 1531 2077 1572 non
2112 1518 2363 1573 exsistat.
2397 1516 2535 1573 Cum
2567 1519 2752 1590 itaque
2776 1521 2982 1575 malitia
3013 1523 3248 1577 accessit
3275 1531 3329 1577 et
3353 1524 3535 1577 anima

1967 1614 2216 1664 tortuosa
2239 1615 2345 1675 est,
2382 1608 2684 1666 directione
2711 1626 2850 1681 opus
2878 1612 3060 1668 habet.
3098 1612 3356 1679 Quaenam
3402 1629 3532 1670 vero

297 1699 389 1758 οὖν
420 1707 534 1759 ἐστι
575 1706 645 1759 τά
674 1708 1075 1779 κατορθοῦντας
1111 1709 1223 1762 Μία
1256 1710 1441 1781 ἐντολὴ
1488 1710 1708 1765 δύναταί
1750 1728 1843 1764 πως

1968 1707 2096 1754 sunt
2118 1713 2240 1769 qua;
2283 1699 2527 1770 dirigunt
2584 1708 2640 1754 et
2697 1702 3015 1772 corrigunt?
3051 1701 3231 1758 Unum
3268 1703 3533 1761 duntaxat

295 1796 395 1878 τῂν
427 1794 691 1868 στρέϐλαν
741 1799 839 1893 ιξ’ἦς
881 1800 1080 1872 ψυχῆς,
1132 1801 1229 1872 τὴν
1275 1801 1570 1873 γενομένην
1622 1802 1730 1855 ἀπὸ
1777 1820 1843 1856 κα

1968 1791 2280 1846 mandatum
2314 1792 2511 1848 anima;
2539 1796 2959 1860 tortuositatem,
2997 1810 3118 1865 quis
3152 1811 3247 1866 per
3267 1797 3532 1851 malitiam

1969 1882 2297 1904 ,,,,,,.,,,.
2606 1886 2868 1904 suae”-
2928 1885 2991 1904 π.
3519 1900 3527 1904 -

296 1876 441 1951 κίας,
487 1876 830 1943 κατευθῦναι.
880 1888 953 1944 Τὸ
1004 1891 1186 1961 μέντοι
1236 1891 1422 1964 ἄκρως
1460 1892 1866 1965 κατορθωθῆναι
1900 1876 1941 1904 υ
1966 1882 2192 1937 advecta
2214 1890 2319 1949 est,
2362 1891 2543 1954 potest
2599 1886 2895 1955 corrigere.
2927 1885 2994 1940 Et
3044 1887 3265 1956 quidem
3294 1888 3531 1942 animam

294 1975 392 2047 τὴν
427 1974 603 2049 ψυχὴν
638 1979 870 2034 ἐνταῦθα
896 1982 1174 2053 ἀμήχανόν
1197 1984 1313 2035 ἐστι
1336 1983 1503 2054 χωρὶς
1545 1984 1734 2037 πασῶν
1759 1984 1843 2038 τῶ·

1964 1976 2056 2030 hic
2112 1976 2181 2031 ad
2239 1992 2549 2048 supremam
2602 1978 2981 2034 rectitudinem
3029 1978 3361 2049 pertingere,
3394 1980 3532 2034 citra

294 2067 541 2122 δντολῶν.
588 2070 649 2122 Et
688 2069 868 2139 μέντοι
911 2088 974 2140 γε
1026 2071 1213 2126 σκολιὰ
1254 2072 1584 2144 παραληφθῇ
1626 2076 1659 2145 ή
1696 2073 1841 2145 ψυχὴ

1963 2071 2207 2123 omnium
2238 2069 2620 2124 mandatorum
2664 2069 3101 2125 observationem
3158 2070 3275 2125 ﬁeri
3318 2071 3526 2142 nequit.

292 2162 473 2216 οὐκέτι
503 2163 742 2226 ἐντολαῖς
766 2164 1260 2237 κατορθωθήσεται,
1278 2166 1413 2221 ἁλλά
1444 2169 1578 2239 πυρὶ
1606 2169 1640 2239 ἢ
1666 2169 1840 2240 σκότῳ

1964 2160 2022 2216 Si
2054 2163 2239 2232 itaque
2266 2163 2446 2217 anima
2494 2169 2741 2218 tortuosa
2784 2162 3244 2233 deprehendatur,
3279 2178 3389 2218 non
3412 2179 3529 2218 am-

290 2248 325 2326 ἢ
359 2254 658 2327 διχοτομία,
687 2256 720 2329 ή
747 2274 851 2312 τινι
880 2256 988 2311 τῶν
1026 2256 1495 2332 σκυθρωποτέρων
1521 2261 1843 2333 προσαγομέι

1962 2253 2160 2323 pliusa
2192 2253 2464 2310 mandatis
2516 2255 2857 2325 corrigetur;
2905 2253 3003 2311 sed
3060 2255 3206 2325 igne,
3258 2256 3527 2322 tenebris,

290 2364 396 2403 νων
424 2349 529 2402 ὑπὸ
557 2348 712 2403 Θεοῦ.
761 2350 883 2403 Ἐὰν
914 2351 1092 2405 τοίνυν
1127 2351 1201 2423 μὴ
1225 2354 1538 2424 ποιήσωμεν
1564 2353 1743 2418 πάσας
1765 2355 1843 2408 τὰς

1961 2344 2204 2400 sectione
2265 2345 2497 2415 aliisque
2530 2338 2864 2401 tristioribus
2919 2359 2950 2400 a
3004 2333 3115 2402 Deo
3170 2336 3432 2403 advectis.
3470 2346 3528 2401 Si

289 2438 525 2504 ἐντολὰς,
546 2440 607 2494 οὐ
634 2441 1062 2513 κατορθούμεθα.
1096 2442 1257 2497 Ὅθεν
1283 2443 1599 2515 θαυμασίως
1620 2446 1831 2517 εἴρηται

1960 2451 2090 2508 ergo
2121 2452 2231 2493 non
2252 2438 2432 2491 omnia
2450 2436 2706 2492 mandata
2741 2451 3043 2503 servemus,
3068 2452 3179 2492 non
3202 2438 3523 2509 dirigemur.

288 2532 393 2586 Διὰ
429 2531 607 2586 τοῦτο
634 2532 782 2601 πρὸς
825 2532 1027 2600 πάσας
1070 2533 1178 2601 τὰς
1204 2535 1458 2602 ἐντολάς
1496 2550 1613 2591 σου
1642 2555 1843 2606 κατωρ⁴

1958 2525 2085 2584 ldeo
2134 2528 2527 2584 admirabiliter
2582 2528 2784 2583 dicitur
2835 2546 2848 2583 :
2898 2520 3185 2599 Propterea
3229 2531 3297 2584 ad
3351 2532 3530 2585 omnia

288 2625 558 2694 θούμεθα,
596 2623 802 2680 πᾶσαν
824 2625 969 2680 ὁδὸν
993 2625 1201 2680 ἄδικον
1222 2626 1618 2698 ἐμισήσαμεν.
1647 2629 1719 2682 Οὐ
1753 2628 1843 2701 γάε

1958 2620 2214 2675 mandata
2266 2629 2361 2674 tua
2421 2620 2797 2692 dirigebantur,
2833 2638 3039 2676 omnem
3096 2622 3237 2676 viam
3288 2621 3525 2694 iniquam

284 2715 366 2768 ἔτι
397 2716 812 2788 περισπώμενος
842 2718 946 2770 ὑπὸ
989 2718 1087 2789 τῆς
1116 2720 1196 2781 είς
1228 2719 1288 2771 τὸ
1312 2719 1514 2772 ἀδικεῖν
1543 2720 1843 2791 ἐπιθυμίας.

1958 2713 2078 2768 odio
2109 2714 2405 2768 habuimus.
2441 2712 2559 2768 Non
2591 2714 2737 2768 enim
2762 2713 2905 2768 ultra
2928 2713 3224 2770 diStractus
3255 2729 3287 2769 a
3314 2729 3524 2770 concue

287 2806 551 2878 ἀπέχεται
594 2809 692 2880 τῆς
734 2810 965 2877 ἀδικίας,
1017 2810 1131 2863 ἀλλ’
1170 2810 1430 2880 ἀπέχεται
1489 2813 1723 2881 μισήσας
1762 2812 1843 2884 sip

1957 2804 2223 2875 piscentia
2254 2805 2438 2876 inique
2466 2805 2678 2875 agendi,
2711 2805 2778 2860 ab
2799 2805 3089 2876 iniquitate
3120 2795 3394 2872 abstinet,
3427 2798 3526 2863 sed

284 2901 498 2956 ἀδικίαν
548 2904 577 2956 ὁ
625 2901 987 2974 κατορθωθεὶς
1033 2902 1168 2975 πρὸς
1219 2903 1399 2966 πάσας
1439 2903 1537 2967 τὰς
1574 2902 1667 2957 τοῦ
1720 2903 1843 2958 Θεοξ

1956 2897 2195 2953 abstinet
2260 2897 2469 2967 utique,
2522 2897 2650 2967 quia
2717 2896 3062 2965 iniquitatem
3121 2897 3258 2963 odit,
3305 2896 3400 2968 qui
3455 2892 3525 2952 ad

286 2992 527 3056 ἰντολάς.

1958 2991 2141 3045 omnia
2165 2988 2259 3046 Dei
2283 2990 2537 3046 mandata
2569 2991 2838 3061 dirigitur.

353 3106 674 3175 Θαυμαστὰ
708 3105 779 3160 τὰ
800 3108 1092 3178 μαρτύριά
1113 3125 1251 3176 σου,
1285 3109 1381 3164 διὰ
1411 3106 1585 3165 τοῦτο
1622 3105 1843 3179 ἐξερεύ-

2027 3099 2192 3157 Vens.
2237 3101 2488 3157 129-151.
2552 3100 2830 3156 Mirabilia
2880 3102 3184 3157 testimonia
3240 3111 3352 3169 tua,
3405 3101 3522 3158 ideo

277 3207 468 3264 νησεν
502 3192 656 3252 αὑτὰ
695 3200 733 3267 ἡ
765 3199 934 3269 ψυχή
971 3209 1107 3270 μου.
1143 3202 1206 3259 Ἠ
1227 3194 1490 3269 δήλωσις
1519 3200 1638 3256 τῶν
1659 3197 1843 3274 λόγων

1955 3202 2197 3248 scrutata
2246 3201 2325 3246 est
2355 3209 2417 3247 ea
2456 3194 2637 3247 anima
2689 3209 2826 3247 mea.
2868 3192 3174 3248 Declaratio
3222 3209 3523 3248 sermonum

276 3298 395 3342 σου
441 3288 659 3357 Samaei,
693 3290 791 3344 καὶ
816 3292 1085 3347 συνετιεῐ
1104 3293 1375 3361 νηπίους.
1411 3295 1479 3348 Τὸ
1508 3294 1701 3364 στόμα
1732 3312 1843 3364 μου

1954 3295 2163 3339 tuorum
2190 3284 2532 3349 illuminabit,
2560 3293 2611 3338 et
2636 3284 2955 3339 intellectum
2985 3283 3133 3338 dabit
3165 3284 3420 3354 parvulis.
3446 3284 3521 3340 Os

276 3375 491 3447 ἤνοιξα
533 3382 630 3436 καὶ
676 3384 934 3438 εἵλκυσα
982 3385 1219 3454 πνεῦμα
1240 3426 1255 3450 ,
1303 3384 1391 3439 ὅτι
1440 3385 1546 3453 τὰς
1598 3378 1843 3453 ἐντολάς

1952 3394 2121 3433 meum
2150 3379 2353 3446 aperui,
2379 3387 2428 3431 et
2466 3377 2670 3430 attraxi
2703 3376 2969 3444 spiritum,
2994 3376 3119 3445 quia
3149 3375 3406 3429 mandata
3427 3385 3519 3429 tua

275 3483 394 3527 σου
434 3473 788 3529 ἐπεπόθουν.
832 3474 897 3527 Ἡ
931 3474 1120 3546 πρώτη
1156 3475 1356 3544 γνῶσις
1395 3475 1489 3529 καὶ
1529 3477 1563 3546 ἦ
1607 3477 1665 3529 ἐν
1703 3476 1847 3547 ἀρχῇ

275 3563 678 3635 παραδιδομένη
714 3564 1030 3618 διδασκαλία
1072 3564 1179 3618 τῶν
1211 3563 1383 3634 λόγων
1413 3582 1506 3618 σου
1539 3567 1730 3633 φωτιεῖ
1757 3566 1850 3618 καὶ

275 3657 511 3707 συνετιεί
553 3655 798 3726 νηπίους.
848 3657 928 3709 Τὰ
975 3650 1033 3710 δὲ
1076 3654 1351 3728 μαρτύριά
1400 3673 1495 3709 σου
1531 3655 1841 3727 θαυμαστὰ,

272 3746 369 3799 καὶ
428 3747 741 3817 ἐκπλήξεως
803 3749 1006 3820 πλήρη.
1072 3749 1310 3813 Εἰκότως
1364 3750 1425 3803 τὸ
1494 3749 1697 3820 δοχεϊον
1748 3744 1846 3819 τῆς

270 3837 512 3903 ἐμαυτοῦ
563 3838 740 3909 ψυχῆς
781 3841 1148 3905 ἀναπετάσας,
1201 3843 1296 3894 καὶ
1349 3840 1537 3914 ῶσπερ
1560 3844 1620 3897 τὸ
1674 3846 1845 3916 στόμα

268 3930 521 3995 ἀνοίξας,
571 3928 632 3985 τὸ
684 3932 833 4004 παρὰ
893 3932 986 3986 σοῦ
1041 3931 1180 3987 θεῖον
1230 3934 1452 4005 Πνεῦμα
1504 3932 1845 4010 ὑπεδεχόμην

268 4023 565 4088 πιστεύσας
598 4022 899 4097 ἐπαγγελίᾳ
938 4025 1167 4097 λεγούσῃ
1188 4042 1200 4054 ο
1253 4027 1531 4092 Ἀνοιξον
1559 4030 1621 4083 τὸ
1652 4030 1844 4100 στόμα

266 4119 385 4167 σου
409 4114 506 4167 καὶ
548 4115 845 4184 πληρώσω
872 4119 1038 4172 αὐτό.
1070 4114 1178 4173 Καὶ
1211 4119 1352 4173 τοῦτ’
1382 4120 1647 4193 ἔπραττον
1681 4120 1841 4190 ἐφελ-

266 4199 494 4277 κόμενος
526 4210 606 4272 είς
631 4203 818 4263 ἑαυτὸν
846 4208 905 4262 τὸ
928 4210 1079 4280 παρά
1116 4210 1211 4266 σοῦ
1249 4212 1484 4284 πνεῦμα,
1514 4213 1599 4267 ἵνα
1638 4216 1730 4267 καὶ
1771 4214 1842 4267 τὰ

268 4299 546 4371 μαρτύριά
590 4318 683 4353 σου
712 4302 779 4355 τὰ
802 4301 1087 4372 θαυμαστὰ
1118 4303 1250 4372 γνῶ,
1284 4301 1378 4358 καὶ
1406 4305 1513 4359 τῶν
1542 4305 1712 4374 λόγων
1745 4323 1837 4359 σου

263 4390 356 4445 τὸν
387 4393 664 4462 φωτισμὸν
680 4393 986 4463 κτήσωμαι,
1011 4392 1099 4449 διὰ
1136 4390 1227 4448 τοῦ
1264 4390 1356 4450 σοῦ
1389 4396 1695 4468 πνεύματος
1739 4398 1838 4469 τὴν

262 4481 467 4536 τούτων
499 4481 735 4553 εἰληφὼς
767 4484 1086 4555 κατάληψιν.
1123 4487 1192 4539 Τὸ
1230 4489 1425 4555 στόμα
1462 4505 1582 4556 μου
1617 4488 1833 4557 ἤνοιξα

262 4572 361 4624 καὶ
386 4572 643 4625 εἵλκυσα
667 4570 920 4642 πνεῦμα,
948 4573 1036 4627 ὅτι
1060 4576 1166 4639 τὰς
1188 4575 1439 4642 ἐντολάς
1472 4591 1588 4630 σου
1612 4576 1829 4631 ἐπεπό-

260 4666 441 4716 θουν·
486 4663 654 4732 αὐτῆς
682 4662 781 4731 τῆς
817 4662 1123 4726 ὑποθέσεως
1165 4662 1273 4716 τῶν
1314 4663 1540 4716 ἐντολῶν
1581 4666 1829 4718 ἐπισπω-

262 4744 433 4824 μένης
479 4754 573 4807 καὶ
620 4754 983 4825 ἐφελκομένης
1026 4754 1087 4807 τὸ
1117 4753 1357 4824 πνεῦμα.
1401 4750 1535 4825 Περὶ
1573 4755 1668 4809 τοῦ
1703 4753 1829 4809 στό-

261 4861 428 4917 ματος
442 4845 535 4899 τοῦ
562 4846 803 4919 κρυπτοῦ
835 4843 1120 4916 ἀνθρώπου
1152 4846 1303 4918 φησί·
1324 4846 1418 4899 καὶ
1442 4846 1661 4900 δύναται
1691 4841 1832 4899 εἶναι

255 4936 433 5007 ψυχῆς
460 4937 633 5007 στόμα
652 4940 685 5007 ή
712 4936 1023 5009 διαὸοητικὴ
1049 4938 1217 5008 αὐτῆς
1234 4937 1482 5008 δύναμις,
1526 4940 1558 5007 ἢ
1590 4937 1828 4990 διανοου-

261 5027 397 5097 μένη
428 5027 687 5099 προφέρει
717 5029 806 5081 τὸν
838 5030 896 5080 ὲν
922 5027 1129 5100 διανοίᾳ
1160 5028 1331 5096 λόγον.
1373 5024 1539 5081 Οὐδὲν
1578 5028 1824 5098 διαφέρει

1949 3467 2332 3523 desiderabam.
2367 3464 2549 3520 Prima
2598 3464 2860 3536 cognitio,
2891 3472 2947 3519 et
2988 3479 3109 3534 qua:
3148 3463 3305 3518 initio
3347 3464 3519 3519 tradi-

1950 3567 2040 3614 tur
2066 3559 2317 3613 doctrina
2348 3571 2663 3613 sermonum
2711 3562 2953 3619 tuorum,
2990 3554 3325 3609 illuminabit
3350 3562 3405 3609 et
3434 3555 3518 3608 in-

1950 3650 2223 3707 tellectum
2279 3647 2431 3704 dabit
2476 3646 2720 3718 parvulis
2753 3661 2764 3695 :
2795 3645 3109 3700 testimonia
3135 3658 3265 3699 vero
3296 3652 3390 3698 tua
3415 3644 3519 3698 mia-

1947 3741 2139 3796 rabilia
2174 3748 2303 3796 sunt
2331 3747 2385 3795 et
2414 3737 2703 3809 stupenda.
2737 3734 2933 3793 Merito
2960 3735 3129 3806 igitur
3159 3736 3356 3791 animae
3382 3749 3515 3792 mea:

1946 3832 2348 3902 receptaculum
2387 3828 2723 3900 expandens,
2760 3838 2814 3883 et
2841 3827 2999 3898 quasi
3028 3841 3092 3882 os
3124 3825 3398 3897 aperiens,
3428 3827 3515 3882 di-

1947 3925 2130 3979 vinum
2165 3939 2194 3977 a
2224 3930 2279 3978 te
2339 3921 2604 3993 Spiritum
2664 3920 2870 3990 accepi,
2898 3918 3127 3974 credens
3163 3918 3514 3988 promissioni

1943 4017 2148 4071 dicenti
2182 4031 2195 4067 :
2227 4016 2385 4083 Aperi
2412 4030 2470 4067 os
2495 4022 2663 4077 tuum,
2715 4020 2765 4065 et
2811 4010 3035 4080 implebo
3068 4009 3281 4064 illud".
3311 4010 3377 4066 Et
3406 4013 3511 4068 hoc

1942 4106 2046 4162 feci
2103 4106 2295 4176 spiritu
2321 4113 2416 4159 tuo
2440 4105 2493 4157 in
2517 4117 2604 4158 me
2629 4109 2927 4171 pertracto,
2960 4110 3019 4156 ut
3061 4099 3371 4156 testimonia
3415 4103 3509 4157 illa

1942 4209 2035 4255 tua
2073 4197 2342 4254 mirabilia
2365 4210 2777 4268 cognoscerem,
2816 4202 2870 4250 et
2920 4196 3236 4253 sermonum
3290 4208 3506 4254 tuorum

1941 4290 2364 4347 illustrationem
2414 4288 2739 4352 obtinerem,
2795 4301 2891 4355 per
2936 4286 3191 4356 spiritum
3231 4297 3383 4343 tuum
3413 4303 3507 4344 σοι

1939 4380 2188 4437 rumdem
2240 4380 2574 4435 intellectum
2632 4383 2688 4433 et
2746 4376 2995 4431 notitiam
3083 4376 3381 4447 accipiens.
3431 4375 3505 4431 0s

1941 4489 2110 4528 meum
2136 4471 2316 4541 aperui
2344 4480 2394 4524 et
2434 4469 2636 4523 attraxi
2666 4468 2932 4536 spiritum,
2966 4468 3091 4536 quia
3136 4472 3389 4521 mandata
3412 4475 3505 4519 tua

1863 4544 1907 4599 Β
1936 4563 2300 4620 desiderabam
2336 4577 2354 4615 :
2386 4561 2503 4632 ipsa
2523 4559 2905 4615 mandatorum
2936 4559 3207 4614 sententia
3246 4558 3502 4628 spiritum

1939 4657 2245 4715 attrahente
2274 4662 2326 4711 et
2363 4654 2693 4725 pelliciente.
2738 4651 2844 4706 De.
2865 4666 2961 4705 ore
2992 4659 3174 4707 autem
3222 4652 3502 4707 interioris

1936 4749 2175 4807 hominis
2229 4747 2472 4818 loquitur
2506 4764 2519 4799 :
2553 4754 2838 4815 potestque
2884 4759 2948 4799 os
3004 4744 3197 4798 anima:
3240 4743 3370 4810 dici,
3418 4744 3501 4799 vis

1933 4844 2052 4914 ejus
2083 4840 2401 4898 enuntiandi
2430 4854 2553 4910 quae
2593 4837 2885 4909 cogitando
2927 4836 2983 4890 in
3040 4843 3221 4891 mente
3274 4835 3499 4892 verbum

1931 4934 2155 5006 profert.
2193 4932 2337 4989 Nihil
2366 4932 2568 4999 differt,
2604 4932 2650 4988 si
2674 4931 2826 4987 dicas
2864 4944 3141 4986 assumere
3169 4944 3496 4993 sermonem,

1930 5034 1983 5082 et
2013 5025 2285 5080 attrahere
2310 5024 2567 5095 spiritum
2613 5042 2625 5076 :
2661 5022 2897 5089 idipsum
2937 5020 3083 5075 enim
3129 5026 3214 5075 est
3247 5019 3492 5090 spiritus,

255 5116 439 5172 λαϐεῖν
466 5118 622 5186 λόγον
674 5121 768 5173 καὶ
815 5118 1035 5172 ὲλκῦσαι
1092 5119 1306 5188 πνεῦμα
1361 5121 1567 5171 εἰπεῖν’
1620 5118 1818 5171 ταυτὸν

1947 5119 2070 5191 ιιιοά
2098 5117 2317 5173 divinus
2343 5131 2542 5172 sermo.
2578 5113 2943 5181 Quamobrem
2970 5110 3232 5167 Servator
3269 5112 3337 5168 de
3377 5127 3497 5167 ser-

252 5210 359 5279 γάρ
394 5203 456 5262 τὸ
513 5210 727 5280 πνεῦμα
772 5210 849 5280 τῷ
885 5211 1011 5281 θείῳ
1056 5210 1215 5280 λόγῳ.
1266 5204 1358 5263 Διὸ
1393 5206 1486 5263 καὶ
1523 5211 1552 5262 ό
1609 5210 1818 5280 Σωτὴρ,

252 5301 382 5372 περὶ
421 5292 481 5353 οὗ
515 5300 667 5370 ἔλεγε
707 5301 864 5371 λόγου
903 5302 994 5355 καὶ
1041 5302 1299 5373 ῥημάτων
1332 5304 1519 5374 εἴρηκε
1544 5320 1556 5332 ·
1602 5303 1676 5357 Τὰ
1711 5301 1823 5371 ῥή-

1931 5224 2092 5265 mone
2120 5216 2174 5265 et
2201 5208 2382 5265 verbis
2407 5207 2483 5261 ait
2514 5223 2529 5260 :
2571 5204 2741 5259 Verba
2764 5219 2880 5274 quae
2926 5202 3131 5257 locutus
3168 5217 3285 5255 sum
3327 5200 3488 5262 vobis,

1928 5300 2144 5369 spiritus
2168 5306 2217 5351 et
2244 5296 2353 5349 vita
2376 5304 2500 5349 sunt
2522 5294 2585 5345 η.

245 5410 405 5461 ματα
450 5391 490 5446 ἂ
518 5392 827 5461 λελάληκα
849 5393 1021 5462 ὑμῖν,
1069 5393 1306 5463 πνεῦμα
1355 5395 1487 5448 ἐστι
1547 5394 1645 5449 καὶ
1709 5392 1819 5461 ζωή
1852 5394 2005 5448 ἐστι.

331 5494 686 5571 Ἐπίϐλεψον
730 5503 824 5559 ἐπ’
848 5502 952 5573 ἐμὲ
1002 5503 1098 5556 καὶ
1132 5503 1392 5570 ἐλέησόν
1414 5521 1510 5573 με,
1558 5504 1708 5557 κατὰ
1753 5504 1820 5556 τό

250 5592 426 5663 κρῖμα
466 5583 586 5646 τῶν
621 5590 983 5663 ἀγαπώντων
1014 5594 1081 5648 τὸ
1131 5593 1318 5664 ὄνομά
1368 5612 1504 5650 σου.
1554 5596 1673 5651 Τῶν
1716 5588 1821 5649 ὑπὸ

328 5810 371 5842 ³⁸
407 5808 547 5867 Psal.
588 5826 760 5877 uxx,
795 5810 881 5865 II.
960 5810 1003 5842 ¹⁹
1040 5807 1198 5864 Joan.
1233 5824 1287 5863 vr
1312 5850 1328 5873 ,
1361 5809 1449 5865 64.

567 5905 839 5967 ΡΑτιιοι.
896 5902 1013 5965 Gn.
1092 5902 1331 5964 XXIII.

2002 5492 2168 5558 Vsus.
2212 5490 2336 5555 I32.
2368 5496 2580 5567 Respice
2631 5496 2685 5549 in
2736 5502 2817 5549 me
2861 5501 2912 5549 et
2959 5492 3204 5547 miserere
3254 5491 3377 5556 mei,
3411 5507 3494 5545 se-

1929 5592 2160 5650 cundum
2188 5586 2449 5664 judicium
2502 5587 2833 5661 diligentiam
2873 5601 3060 5642 nomen
3094 5592 3263 5638 tuum.
3314 5582 3393 5638 Ex
3423 5582 3492 5637 iis

3096 5884 3172 5950 bis
