3992 6404
490 418 628 478 1587

1122 409 1390 470 EUSEBII
1425 403 1903 466 CAESABIENSIS
1940 402 2093 462 OPP.
2132 401 2315 459 PARS
2357 400 2447 457 Ill.
2485 433 2555 444 —
2585 399 2991 460 EXEGETICA.

3604 395 3753 453 1388

488 536 638 608 quia
678 513 1281 604 Deo_’.inisericordiam
1319 533 1749 597 consequuntur,
1787 523 1877 577 alii
1926 536 2046 577 eam

2167 521 2284 574 9εοῦ
2308 518 2661 590 ὲλεουμένων,
2692 520 2740 572 οἱ
2785 520 2885 590 μὲν
2923 516 3247 589 τυγχάνουσι
3277 516 3471 569 τούτου
3505 512 3607 567 διὰ
3644 531 3747 583 με-

491 646 586 701 per
614 627 986 699 paenitentiam
1013 624 1278 689 obtinent,
1306 622 1419 691 jam
1451 635 1481 673 a
1514 618 1757 688 peccatis
1791 614 2048 671 receden-

488 730 571 775 tes
604 734 775 789 eaque
800 715 1159 781 conﬁtentes;
1204 712 1297 768 alii
1337 711 1725 767 misericordiae
1754 708 1851 763 Dei
1884 722 2047 778 expe-

490 812 779 865 rimentum
816 814 1061 869 sumunt,
1098 804 1243 875 quod
1273 802 1525 874 profectu
1557 801 1704 856 aucti
1756 799 1824 853 ad
1875 800 2052 869 ipsum

489 902 709 958 virtutis
728 901 889 956 ﬁnem
920 906 1214 954 maturent.
1262 895 1362 951 Hic
1388 896 1573 965 itaque
1602 900 1859 965 precatur
1885 890 2053 944 mise-

492 998 785 1053 ricordiam
809 993 1094 1064 consequi,
1119 1008 1226 1046 non
1258 988 1555 1047 secundum
1573 986 1839 1057 judicium
1866 994 2058 1037 eorum

493 1091 585 1159 qui
620 1086 996 1158 paenitentiam
1042 1090 1241 1152 agunt;
1287 1081 1383 1135 sed
1438 1092 1626 1133 eorum
1682 1076 1777 1146 qui
1825 1074 2057 1142 diligunt

495 1193 692 1235 nomen
748 1176 1006 1231 Domini:
1038 1188 1163 1227 nam
1213 1185 1447 1241 persona
1496 1184 1616 1239 quae
1672 1166 1915 1236 loquitur
1973 1168 2057 1216 est

493 1283 705 1332 eorum,
737 1266 831 1338 qui
852 1265 1084 1321 multum
1128 1264 1184 1317 in
1236 1263 1438 1316 virtute
1474 1270 1528 1315 et
1564 1257 1811 1313 veritatis
1860 1252 2073 1309 notitia.

494 1359 860 1432 profecerunt.
912 1354 1280 1423 Quamobrem
1330 1351 1674 1406 conﬁdenter
1704 1345 1945 1417 postulat
2000 1342 2053 1395 in

492 1456 845 1522 conspectum
886 1447 981 1502 Dei
1011 1462 1070 1502 se
1119 1445 1323 1500 venire.
1354 1441 1604 1513 Respice,
1635 1440 1831 1510 inquit,
1864 1438 1916 1491 in
1946 1450 2051 1498 me,

2154 610 2390 674 τανοίας,
2419 610 2542 681 ἄρτι
2583 610 2865 680 ἁμαρτιῶν
2904 608 3306 681 ἀναχωροῦντες
3343 608 3438 661 καὶ
3484 604 3745 675 ἐξομολο-

2157 703 2408 773 γούμενοι
2428 720 2440 731 ·
2475 704 2524 755 οἱ
2554 702 2611 755 δὲ
2654 706 2849 775 πεῖραν
2876 702 3026 756 ὲλέου
3055 702 3190 755 Θεοῦ
3215 699 3616 771 λαμϐάνουσιν,
3648 698 3748 750 ἐπὶ

2158 795 2235 865 τῷ
2287 795 2693 866 προκόπτοντας
2742 793 2973 848 σπεῦσαι
3008 795 3101 848 ἐπὶ
3150 794 3210 848 τὸ
3248 793 3401 857 τέλος
3450 792 3593 845 αὐτὸ
3642 792 3749 862 τῆς

2159 884 2378 954 ἀρετῆς.
2427 882 2661 954 Εὖχεται
2702 878 2795 937 οὖν
2843 880 2995 947 οὗτος
3043 883 3325 955 ἐλεηθῆναι
3374 883 3435 935 οὑ
3487 882 3639 936 κατὰ
3680 882 3747 934 τὸ

2157 975 2332 1047 κρῖμα
2355 974 2462 1029 τῶν
2494 977 2917 1046 μετανοούντων,
2945 975 3079 1029 ἀλλὰ
3102 975 3210 1029 τῶν
3237 973 3587 1044 ἀγαπώντων
3626 976 3745 1027 δνο-

2160 1086 2235 1139 μα
2282 1068 2487 1139 Κυρίου
2516 1088 2526 1098 ·
2561 1071 2669 1124 τῶν
2711 1053 2842 1141 γὰρ’
2869 1072 2989 1125 κατ’
3021 1069 3218 1142 ἀρετὴν
3267 1068 3360 1122 καὶ
3393 1067 3603 1136 γνῶσιν
3644 1067 3747 1136 τῆς

2159 1159 2416 1231 ἀληθείας
2461 1161 2595 1214 πολὺ
2642 1161 3028 1232 προκοψάντων
3077 1160 3139 1213 τὸ
3189 1159 3345 1227 λέγον
3406 1159 3743 1229 πρόσωπον

2158 1247 2239 1301 διὸ
2266 1250 2360 1302 καὶ
2386 1250 2817 1321 παρρησιάζεται
2848 1251 3078 1321 ὀφθῆναι
3103 1250 3181 1321 τῷ
3212 1250 3349 1321 Θεῷ.
3384 1249 3749 1317 Ἐπίὸλεψον,

2161 1339 2269 1409 γάρ
2298 1358 2461 1412 φησιν
2486 1384 2500 1407 ,
2528 1345 2612 1397 ἐπ’
2642 1345 2740 1414 ἐμὲ
2754 1344 2847 1397 καὶ⁵
2872 1343 2930 1409 ἐξ
2956 1343 3198 1415 ἀνάγκης
3217 1342 3402 1411 ἕψεται
3426 1341 3490 1395 τὸ
3514 1340 3750 1410 ἐλεηθῆ-

2166 1430 2252 1483 ναί
2295 1447 2381 1501 με.

492 1552 546 1600 et
598 1544 727 1599 hinc
786 1540 1099 1597 necessario
1164 1545 1423 1608 sequetur
1490 1551 1577 1591 me
1619 1530 2051 1589 misericordiam
2088 1526 2374 1595 consequi.

566 1653 730 1711 Vens.
762 1654 885 1709 155.
916 1650 1139 1707 Gressus
1180 1667 1321 1704 meos
1370 1648 1539 1717 dirige
1596 1645 1882 1701 secundum
1942 1642 2053 1697 elo-

488 1749 669 1819 quium
694 1756 861 1811 tuum,
895 1754 945 1799 et
974 1760 1075 1797 non
1103 1741 1401 1795 dominetur
1424 1740 1549 1793 mihi
1579 1739 1747 1791 omnis
1768 1736 2053 1806 injustitia.

2236 1641 2319 1695 Τὰ
2358 1640 2686 1710 διαδήματά
2732 1658 2852 1711 μου
2894 1643 3263 1697 κατεύθυνον
3311 1641 3465 1696 κατὰ
3509 1644 3584 1697 τὸ
3646 1647 3757 1700 λό-

2163 1732 2295 1801 γιόν
2353 1747 2470 1786 σου
2489 1772 2504 1795 ,
2557 1733 2651 1785 καὶ
2698 1731 2784 1801 μὴ
2841 1733 3356 1801 κατακυριευσάτω
3400 1752 3529 1805 μου
3576 1736 3756 1793 πᾶσα

493 1839 802 1895 Secundum
824 1834 1100 1903 eloquium
1137 1832 1227 1887 Dei
1262 1831 1435 1901 dirige
1477 1844 1701 1901 gressus
1756 1841 1933 1891 meos,
1966 1824 2057 1896 qui

2167 1824 2398 1893 ἀνομία.
2432 1823 2588 1878 Κατὰ
2628 1824 2691 1877 τὸ
2730 1824 2907 1893 λόγιον
2940 1825 3032 1880 τοῦ
3077 1825 3212 1879 Θεοῦ
3265 1827 3602 1882 κατευθύνει
3636 1834 3655 1849 ⁴
3680 1830 3756 1884 τὰ

489 1944 556 1984 ex
590 1927 795 1981 malitia
822 1934 876 1980 et
896 1923 1200 1994 ignorantia
1235 1921 1303 1975 ad
1334 1922 1590 1975 virtutem
1620 1929 1674 1973 et
1691 1917 2056 1989 cognitionem

489 2020 735 2076 veritatis
759 2016 1097 2089 proﬁciscor.
1131 2012 1266 2067 Nam
1300 2020 1487 2069 rectus
1528 2025 1709 2065 sermo
1736 2010 1973 2065 director
2002 2017 2059 2061 et

489 2113 598 2167 dux
626 2110 813 2166 talium
845 2122 1127 2180 gressuum
1151 2113 1251 2162 est.

562 2308 729 2367 Vens.
797 2308 919 2365 1³54.
958 2304 1167 2362 Redime
1200 2320 1279 2358 me
1311 2320 1343 2357 α
1373 2302 1641 2357 calumnia
1688 2300 1979 2361 hominum,
2010 2305 2059 2351 et

491 2403 791 2459 custodiam
815 2400 1069 2455 mandata
1095 2409 1207 2454 tua.
1237 2398 1295 2452 In
1333 2394 1638 2452 mercedem
1670 2390 2061 2447 misericordiae

490 2512 597 2566 qua
638 2494 901 2550 liberatus
946 2499 1029 2548 est
1072 2506 1103 2545 a
1141 2489 1430 2545 calumniis
1470 2486 1772 2548 hominum,
1814 2498 1875 2538 se
1907 2495 2061 2535 man-

491 2588 618 2640 data
666 2583 884 2641 Domini
937 2583 1355 2640 observaturum
1421 2578 1708 2650 pollicetur
1750 2595 1764 2630 :
1812 2576 1895 2630 vel
1947 2590 2059 2629 non

492 2684 606 2732 tam
635 2677 965 2743 mercedem,
1009 2689 1172 2745 quam
1233 2670 1533 2743 gratiarum
1588 2668 1854 2722 actionem
1920 2680 2059 2736 prae-

496 2766 617 2830 beo,
650 2774 711 2821 ut
742 2764 980 2829 redimar
1009 2778 1038 2817 a
1071 2762 1340 2817 calumnia
1399 2758 1701 2813 hominum.
1746 2754 1900 2811 Hauc
1929 2770 2060 2810 vero

496 2856 725 2925 gratiam
763 2856 1125 2925 impetrarunt
1153 2850 1354 2920 Joseph
1389 2856 1442 2903 et
1486 2846 1757 2903 Susanna.
1791 2845 2058 2901 Caeterum

495 2944 702 3014 tropice
735 2942 985 2997 homines
1029 2941 1135 2996 dici
1172 2939 1385 3010 possint
1422 2938 1672 2992 diabolus
1700 2942 1755 2991 et
1804 2938 2060 2990 adversa-

495 3043 591 3096 ria:
623 3041 742 3111 ejus
794 3038 957 3095 socia:
1006 3044 1324 3108 potestates,
1356 3049 1385 3087 a
1417 3047 1649 3104 quarum
1703 3030 2058 3104 sycopltantia

496 3131 761 3187 redimere
781 3130 952 3185 solius
977 3126 1069 3183 Dei
1098 3138 1200 3183 est.

2160 1914 2471 1986 διαδήματα
2500 1934 2623 1987 μου,
2674 1917 2738 1968 ὲκ
2782 1916 2980 1980 κακίας
3020 1918 3111 1971 καὶ
3145 1919 3364 1986 ἀγνοίας
3408 1922 3494 1983 είς
3544 1921 3757 1992 ἀρετὴν

2161 2008 2253 2060 καὶ
2303 2007 2504 2075 γνῶσιν
2553 2008 2652 2078 τῆς
2702 2008 2954 2079 ἀληθείας
3003 2010 3385 2074 διαϐαίνοντος.
3453 2012 3757 2083 Εὐθυντὴρ

2160 2096 2268 2166 γὰρ
2300 2098 2394 2150 καὶ¹
2445 2096 2666 2169 ἡγεμὼν
2698 2098 2806 2152 τῶν
2845 2098 3098 2153 τοιούτων
3136 2100 3493 2171 διαδημάτων
3519 2103 3550 2153 ὁ
3588 2103 3756 2174 ὀρθὸς

2160 2188 2335 2243 λόγος.

2221 2205 2543 2349 ἳύτρωσαί
2572 2300 2650 2351 με
2684 2282 2800 2337 ἀπὸ
2825 2285 3234 2353 συκοφαντίας
3264 2285 3622 2354 ἀνθρώπω,
3652 2289 3757 2343 sal

2160 2376 2409 2445 φυλάξω
2437 2375 2544 2442 τὰς
2572 2375 2824 2442 ἐντολάς
2855 2392 2991 2431 σου.
3026 2378 3228 2430 Μισθὸν
3260 2377 3355 2430 τοῦ
3395 2379 3560 2432 ἐλέου
3596 2380 3759 2435 λελυ-

2158 2467 2401 2537 τρῶσθαι
2462 2468 2571 2523 ἀπὸ
2623 2469 2985 2536 συκοφαντίας
3037 2469 3337 2540 ἀνθρώπων
3394 2472 3755 2542 ὑπισχνεῖται

2159 2555 2351 2611 δώσειν
2389 2556 2486 2627 τὴν
2518 2557 2628 2609 τῶν
2673 2556 2903 2610 ἐντολῶν
2954 2559 3157 2629 Κυρίου
3198 2559 3448 2631 φυλακήν
3475 2580 3489 2591 θ
3532 2564 3569 2631 ἣ
3630 2564 3755 2616 οὐδὲ

2164 2647 2374 2717 μισθὸν,
2394 2648 2506 2701 ἀλλ’
2532 2648 2882 2719 εὐχαριστίαν
2924 2650 3004 2713 είς
3036 2650 3095 2702 τὸ
3126 2650 3466 2722 λυτρωθῆναί
3517 2671 3593 2723 με
3642 2656 3754 2708 ἀπὸ

2162 2740 2524 2807 συκοφαντίας
2565 2737 2885 2810 ἀνθρώπων.
2939 2739 3047 2793 Καὶ
3071 2742 3433 2812 τετυχήκασιν
3458 2744 3755 2815 αἰσθηῄ

2158 2830 2257 2901 τῆς
2286 2832 2551 2901 αἰτήσεως
2596 2831 2787 2902 Ἰωσὴφ
2831 2832 2923 2884 καὶ
2950 2833 3243 2887 Σουσάννα.
3288 2835 3541 2905 Ῥηθεῖεν
3570 2837 3630 2890 δὲ
3661 2840 3753 2892 ἄν·

2161 2919 2366 2991 Ορωποι
2393 2921 2666 2992 τροπικῶς
2709 2924 2738 2975 ὁ
2765 2922 3011 2986 διάϐολος
3060 2924 3153 2977 καὶ
3199 2926 3256 2978 αἱ
3296 2927 3417 2979 κατ’
3454 2930 3628 2981 αὑτὸν
3659 2949 3751 2983 πο-

2159 3013 2321 3081 νηραὶ
2363 3011 2638 3082 δυνάμεις,
2673 3013 2763 3082 ἀφ’
2794 3006 2868 3068 ὧν
2890 3015 2990 3085 τῆς
3031 3018 3393 3084 συκοφαντίας
3435 3022 3611 3090 μόνου
3657 3024 3775 3077 τοῦ·

2160 3101 2295 3155 Θεοῦ
2322 3102 2664 3173 λυτροῦσθαι.

568 3222 732 3277 Vsns.
764 3220 887 3282 155,
916 3220 1039 3275 156.
1072 3217 1291 3273 Faciem
1313 3228 1459 3271 tuam
1488 3216 1732 3271 illumina
1763 3232 1920 3287 super
1949 3233 2059 3271 ser-

2236 3197 2306 3250 Τὸ
2356 3198 2679 3264 πρόσωπόν
2725 3213 2841 3254 σου
2892 3202 3187 3271 ἐπίφανον
3218 3204 3314 3257 ἐπὶ
3361 3206 3471 3259 τὸν
3517 3206 3753 3262 δοῦλέν

495 3329 614 3369 vum
659 3322 825 3375 tuum,
858 3322 907 3367 et
947 3315 1073 3366 doce
1102 3326 1181 3364 me
1215 3311 1624 3380 justi/icationes
1669 3319 1809 3363 tuas.
1848 3308 2058 3364 Secun-

495 3410 625 3464 dum
677 3405 980 3462 Salvatoris
1033 3407 1301 3460 illustrem
1355 3404 1649 3460 adventum
1698 3402 1884 3458 videre
1939 3418 2061 3473 per-

494 3509 712 3571 optans,
771 3516 870 3572 pro
930 3514 994 3554 eo
1036 3497 1186 3552 Patri
1236 3498 1507 3569 supplicat
1544 3498 1732 3553 dicens
1775 3515 1789 3551 :
1842 3496 2061 3552 Faciem

498 3605 662 3657 tuam,
699 3591 945 3655 Domine,
974 3590 1220 3645 illumina
1259 3604 1276 3641 :
1310 3604 1473 3659 quam
1527 3591 1619 3659 qui
1652 3589 1806 3653 vidit,
1835 3590 1971 3643 vidit
2005 3598 2062 3643 et

497 3685 733 3741 Patrem.
783 3683 917 3738 Nam
970 3685 1088 3753 ipse
1135 3682 1202 3736 de
1252 3682 1436 3751 seipso
1491 3682 1567 3734 ait
1603 3699 1615 3731 :
1645 3681 1750 3747 Qui
1792 3682 1921 3735 vidit
1958 3698 2059 3744 me,

2161 3303 2297 3351 σου,
2325 3289 2421 3343 καὶ
2442 3289 2690 3356 δίδαξον
2716 3309 2792 3362 με
2820 3294 2893 3346 τὰ
2920 3293 3275 3364 δικαιώματά
3304 3312 3445 3351 σου.
3488 3300 3607 3370 Τὴν
3640 3302 3752 3353 δευ-

2160 3380 2323 3451 τέραν
2354 3381 2447 3434 τοῦ
2476 3384 2724 3455 Σωτῆρος
2756 3385 3050 3457 ἐπίλαμψιν
3080 3388 3204 3442 ἰδεῖν
3240 3389 3421 3444 ποθῶν
3442 3391 3594 3456 ἀξιοῖ
3626 3396 3755 3466 περὶ

2160 3474 2349 3544 αὐτῆς,
2378 3472 2455 3543 τῷ
2473 3473 2647 3544 Πατρὶ
2676 3477 2919 3543 φάσκων,
2940 3479 3009 3532 Τὸ
3031 3481 3356 3549 πρόσωπόν
3379 3498 3525 3545 σου,
3548 3485 3750 3555 Κύριε,

2160 3563 2455 3631 ἐπίφανον
2482 3581 2494 3593 ·
2526 3565 2663 3635 ὅπερ
2704 3565 2824 3619 ἰδών
2864 3584 2945 3631 τις
2976 3568 3183 3639 ἑώρακε
3231 3573 3445 3626 καὶτὸν
3494 3575 3750 3647 Πατέρα.

2160 3654 2331 3717 Αὐτὸς
2376 3654 2482 3725 γὰρ
2519 3655 2646 3728 περὶ
2672 3656 2860 3709 ἑαυτοῦ
2890 3658 3063 3725 λέγει·
3095 3660 3147 3712 Ὁ
3180 3660 3449 3728 ἑωρακὼς
3479 3664 3619 3732 ἐμὲ,

498 3778 629 3832 vidit
688 3786 738 3831 et
796 3745 1013 3830 Patrem
1031 3776 1098 3829 ὀ.
1154 3745 1352 3827 Exitus-
1412 3745 1680 3844 aquarum
1733 3774 2103 3840 deduxerunt_
2152 3762 2301 3844 ea”?
2330 3745 3675 3844 ῖὸνιηατέοοξί·έίεξόδους’ὐδάτίιηέκατέδυσαν
3702 3762 3757 3811 εἰ

493 3868 636 3923 oculi
676 3867 796 3930 mei,
821 3867 945 3936 quia
974 3881 1074 3919 non
1099 3864 1458 3919 custodierunt
1492 3866 1650 3936 legem
1692 3875 1858 3920 tuam.

565 3959 728 4015 Vens.
761 3957 1020 4013 157-145.
1067 3955 1257 4011 Justus
1298 3973 1373 4020 es,
1428 3956 1671 4022 Domine,
1703 3967 1751 4012 et
1801 3967 1943 4012 recta
1975 3958 2062 4027 ju-

492 4052 641 4105 dicia
666 4059 777 4104 tua.
816 4047 1091 4103 Mandasti
1116 4048 1389 4117 justitiam
1421 4050 1716 4102 testimonia
1758 4058 1871 4113 tua,
1903 4057 1951 4103 et
1980 4055 2062 4102 ue;

497 4140 707 4192 ritatem
735 4146 879 4191 tuam
930 4138 1100 4193 valde.
1157 4138 1441 4192 Tabescere
1475 4154 1554 4190 me
1590 4137 1707 4205 fecit
1736 4138 1878 4191 zelus
1916 4148 2058 4203 tuus,

495 4229 622 4298 quia
648 4227 799 4281 obliti
830 4236 953 4281 sunt
988 4228 1142 4282 verba
1177 4237 1268 4281 tua
1295 4227 1493 4282 inimici
1519 4228 1636 4280 mei.
1678 4225 1909 4297 Ignitum
1948 4229 2059 4283 elo-

495 4321 674 4388 quium
703 4327 849 4371 tuum
882 4320 1224 4382 vehementer,
1256 4328 1304 4373 et
1326 4334 1503 4372 servus
1538 4327 1661 4371 tuus
1687 4318 1874 4374 dilexit
1902 4319 2058 4376 illud.

494 4410 930 4466 Adolescentulus
955 4428 1072 4466 sum
1101 4428 1193 4482 ego
1218 4424 1267 4465 et
1292 4421 1634 4479 contemptus,
1649 4410 2059 4480 iustiﬁcationes

499 4510 617 4556 tuas
638 4518 740 4557 non
771 4518 887 4557 sum
927 4501 1140 4557 oblitus.
1174 4501 1399 4556 Iustitia
1439 4512 1532 4555 tua
1562 4502 1781 4570 justitia
1818 4504 1875 4556 in
1906 4512 2062 4558 wter-
2094 4533 2136 4588 Β

497 4609 646 4658 num,
674 4602 725 4647 et
764 4593 847 4649 lea:
878 4604 969 4649 tua
1001 4596 1213 4649 veritas.
1244 4592 1635 4648 Tribulationes
1680 4604 1731 4648 et
1772 4596 2061 4649 necessita—

499 4695 573 4741 tes
624 4688 928 4742 invenerunt
980 4686 1389 4743 me:mandata
1437 4697 1531 4740 tua
1589 4686 1863 4741 meditatio
1924 4704 2061 4743 mea.

499 4778 861 4851 Symmachus
884 4782 1043 4835 aliam
1066 4780 1220 4837 effert
1251 4780 1574 4835 sententiam
1601 4780 1788 4836 dicens
1824 4798 1838 4836 :
1874 4780 2067 4836 Tribu-

498 4878 719 4933 lationes
757 4887 809 4933 et
854 4880 1154 4950 alﬂictiones
1202 4879 1699 4948 comprehenderunt
1744 4897 1872 4936 me:
1912 4899 2067 4936 man-

499 4968 628 5023 data
652 4984 767 5023 vero
792 4970 1120 5024 delectabant
1151 4987 1230 5025 me
1264 4984 1283 5023 :
1308 4985 1373 5025 ac
1428 4971 1472 5027 si
1513 4974 1691 5028 omnis
1735 4972 1829 5028 Dei
1888 4976 2067 5029 cultor

498 5058 734 5130 graviter
766 5067 819 5115 et
841 5075 983 5130 aegre
1023 5059 1160 5114 ferat
1190 5060 1353 5129 hujus
1384 5063 1504 5116 vitae
1536 5064 1771 5132 negotia,
1805 5072 1966 5135 atque
1999 5081 2063 5120 ex

498 5151 781 5206 hominum
804 5151 1015 5205 malitia
1050 5160 1293 5215 vexetur,
1329 5154 1615 5225 solamque
1642 5156 1836 5211 habeat
1861 5173 2065 5214 conso-

500 5246 778 5307 lationem,
809 5246 1200 5301 recrcationem
1245 5255 1298 5300 et
1342 5247 1755 5306 delectationem
1792 5251 1847 5305 in
1894 5266 2049 5307 man-

499 5335 749 5391 datorum
779 5335 870 5392 Dei
900 5336 1267 5391 meditatione.

572 5471 735 5526 Vens.
768 5472 887 5526 144.
947 5471 1170 5527 Iustitia
1203 5474 1498 5527 testimonia
1540 5481 1630 5526 tua
1682 5474 1735 5527 in
1782 5483 2063 5537 internum,

501 5561 819 5615 intellectum
845 5562 913 5615 da
936 5563 1084 5627 mihi,
1133 5572 1180 5615 et
1216 5564 1401 5617 vivam.
1442 5560 1564 5616 Haec
1605 5562 1842 5631 justitia,
1895 5579 2060 5634 quam

571 5696 616 5727 ²⁰
652 5696 809 5751 Joan.
851 5715 961 5764 xw,
995 5700 1054 5755 9.

534 5803 548 5861 ἑ
580 5796 600 5819 ⁶
628 5794 892 5867 interpres
930 5800 1054 5869 legit
1084 5801 1391 5855 κατεύθυνε.
1435 5802 1591 5856 Eot'r.
1634 5802 1871 5858 Pnnoa.

2162 3837 2456 3906 ὀφθαλμοί
2471 3856 2610 3908 μου,
2636 3841 2768 3894 ἐπεὶ
2784 3842 2894 3895 οὐκ
2912 3843 3225 3911 ἐφύλαξαν
3241 3843 3347 3896 τὸν
3363 3848 3563 3914 νόμον
3607 3866 3750 3905 σου.

2231 3927 2465 3994 Δίκαιος
2499 3924 2572 3994 εἷ,
2607 3931 2805 3998 Κύριε,
2841 3931 2938 3984 καὶ
2984 3933 3176 3997 εὐαεῖς
3219 3936 3278 3985 al
3315 3936 3556 4001 κρίσεις
3608 3954 3749 3993 σου.

2175 4019 2482 4074 Ἑνετείλω
2527 4020 2923 4090 δικαιοσύνην
2968 4024 3039 4077 τὰ
3081 4025 3376 4093 μαρτύριά
3429 4044 3594 4095 σου,
3651 4031 3752 4084 καὶ

2159 4110 2448 4179 ἀλήθειαν
2490 4112 2743 4181 σφόδρα.
2790 4113 3060 4181 Ἐξέτηξέ
3085 4131 3159 4183 με
3185 4118 3218 4168 ό
3246 4114 3425 4182 ζῆλός
3470 4134 3618 4184 σου,
3662 4123 3753 4174 ὅτι

2159 4201 2523 4258 ἐπελάθοντο
2555 4203 2673 4257 τῶν
2700 4206 2896 4274 λόγων
2919 4221 3035 4258 σου
3063 4211 3115 4260 οἱ
3144 4208 3347 4276 ἐχθροί
3370 4228 3516 4278 μου.
3554 4215 3755 4266 Hesu-

2153 4293 2425 4364 ρωμένον
2465 4296 2531 4349 τὸ
2576 4298 2784 4366 λόγιόν
2825 4312 2943 4351 σου
2986 4299 3240 4367 σφόδρα,
3286 4303 3383 4355 καὶ
3432 4306 3469 4357 ὀ
3519 4304 3751 4372 δοῦλός

2162 4400 2277 4440 σου
2314 4386 2629 4456 ἠγάπησεν
2650 4390 2816 4445 αὑτό.
2843 4391 3136 4459 Νεώτερος
3161 4391 3274 4459 ἐγώ
3297 4396 3413 4463 εἰμι
3448 4396 3547 4448 καὶ
3581 4398 3752 4461 ἐξου-

2163 4477 2510 4548 δενωμένος,
2526 4483 2597 4537 τὰ
2616 4482 2972 4554 δικαιώματά
2987 4500 3102 4539 σου
3117 4488 3226 4540 οὐκ
3242 4486 3650 4558 ἐπελαθόμην.
3681 4494 3750 4545 Ἡ

2165 4570 2518 4643 δικαιοσύνη
2553 4590 2669 4629 σου
2706 4576 3059 4645 δικαιοσύνη
3094 4580 3179 4644 εὶς
3209 4578 3318 4631 τὸν
3344 4578 3551 4643 αἰῶνα,
3581 4582 3682 4634 καὶ
3715 4585 3750 4635 d

2164 4665 2346 4733 νόμος
2365 4680 2479 4719 σου
2494 4666 2761 4733 ἀλήθεια.
2782 4670 3041 4737 Θλίψειςν
3058 4670 3156 4723 καὶ
3197 4670 3451 4739 ἀνάγκαι
3475 4672 3751 4739 εὖροσάν

2160 4772 2237 4821 με
2254 4773 2267 4787 ο
2288 4758 2346 4809 αἱ
2359 4757 2601 4811 ἐντολαί
2618 4773 2732 4812 σου
2747 4758 2964 4829 μελέτη
2976 4778 3095 4829 μου
3117 4801 3131 4814 .
3148 4762 3204 4814 '0
3226 4761 3521 4831 Σύμμαχος
3546 4764 3750 4831 ἑτέραν

2166 4846 2474 4917 παρέστησε
2519 4848 2754 4903 διάνοιαν
2807 4849 3005 4914 εἰπὼν,
3045 4851 3289 4919 Θλίψεις
3330 4852 3427 4904 καὶ
3478 4852 3745 4921 ἐγκακή-

2166 4951 2296 5003 σεις
2324 4938 2654 4994 κατέλαϐόν
2674 4958 2751 5009 με
2771 4958 2784 4971 ·
2810 4944 2869 4995 αἱ
2890 4941 2958 4994 δὲ
2983 4943 3219 4995 ἐντολαὶ
3251 4942 3507 5009 ἔτερπον
3534 4960 3611 5009 με
3632 4962 3645 4972 ο
3670 4943 3746 5005 ὡς

2168 5025 2681 5106 παντὸςθθεοσεϐοῦς
2730 5029 3066 5101 βαρουμένου
3110 5032 3207 5101 μὲν
3238 5033 3329 5085 καὶ
3359 5032 3747 5103 δυσχεραίνον-

2165 5134 2256 5180 τος
2286 5119 2377 5172 ὲπὶ
2408 5122 2518 5182 τοῖς
2548 5121 2637 5173 τοῦ
2685 5121 2798 5191 βίου
2847 5124 3185 5193 πράγμασιν.
3229 5124 3643 5189 ἀποκακοῦντός
3683 5144 3745 5179 τε

2165 5210 2229 5262 ὲκ
2253 5210 2353 5281 τῆς
2381 5212 2487 5263 τῶν
2514 5212 2811 5279 ἀνθρώπων
2837 5216 3052 5278 κακίας,
3098 5216 3263 5286 μόνην
3296 5217 3351 5268 δὲ
3385 5217 3602 5286 ἔχοντος
3637 5236 3743 5270 παρ

2168 5303 2438 5373 ραμυθίαν
2462 5305 2555 5357 καὶ
2579 5305 2875 5377 ἀνάκτησιν
2904 5309 2993 5360 καὶ
3021 5308 3211 5379 τέρψιν
3237 5308 3333 5379 τὴν
3363 5309 3598 5379 μελέτην
3632 5310 3742 5361 τῶν

2166 5394 2392 5448 ἐντολῶν
2421 5396 2514 5448 τοῦ
2557 5396 2712 5449 Θεοῦ.

2236 5488 2588 5556 Δικαιοσύνη
2642 5488 2713 5541 τὰ
2758 5490 3049 5558 μαρτύριά
3100 5506 3215 5544 σου
3263 5493 3350 5555 εἰς
3397 5490 3505 5543 τὸν
3532 5490 3737 5551 αἰῶνα,

2165 5578 2491 5634 συνέτισόν
2509 5596 2606 5651 με,
2637 5580 2735 5634 καὶ
2763 5581 3030 5651 ζήσομαι.
3063 5581 3210 5653 Αὕτη
3242 5582 3274 5654 ἡ
3301 5582 3639 5654 δικαιοσύνη,
3675 5585 3739 5653 ῆν

3930 1148 3937 1229 ξ
