3992 6404
276 434 417 492 1⁸589

1407 435 1911 497 COMMENTARIA
1952 437 2018 493 IN
2055 437 2386 495 PSALMOS.

3386 446 3411 501 ι
3423 445 3528 501 590

272 550 549 622 ἀσκοῦμεν
590 549 681 604 ἐπὶ
726 550 821 604 τοῦ
855 552 1137 623 παρόντος,
1174 554 1273 608 οὐκ
1310 555 1617 611 ἀποδίδοται
1644 560 1774 629 ἡμῖν
1800 559 1840 611 ἐκ

1961 560 2015 613 in
2057 559 2312 630 praesenti
2348 572 2689 624 exercemus,
2725 573 2841 614 non
2887 557 3049 615 datur
3079 558 3237 615 nobis
3280 559 3345 613 ad
3392 575 3529 631 pau-

272 642 477 709 ὀλίγαις
518 641 771 713 ἡμέραις,
803 642 915 695 ἀλλ’
940 645 1019 706 εἰς
1044 643 1133 697 τὸν
1162 644 1351 698 αἰῶνα.
1372 645 1460 698 Ἐν
1499 646 1706 710 τούτοις
1742 648 1848 700 πᾶ-

273 750 358 786 σιν
391 735 529 787 αίτεῖ
546 736 575 787 6
596 735 886 805 Προφήτης
918 735 1025 788 ἀπὺ
1048 734 1142 789 τοῦ
1171 735 1306 789 Θεοῦ
1337 737 1572 798 σύνεσιν,
1600 740 1662 792 τὸ
1684 740 1850 808 ἀναγ-

273 825 555 879 καιότατον
576 825 685 878 τῶν
712 827 806 880 τοῦ
829 824 962 879 Θεοῦ
990 825 1347 898 δωρηματων,
1374 828 1469 882 καὶ
1486 828 1633 899 λέγει
1651 846 1664 859 ·
1694 833 1846 885 Συν-

268 916 475 970 ἐτισόν
491 934 588 986 με,
614 918 711 970 ἵνα
737 916 891 983 ζήσω
910 935 923 949 θ
958 920 1043 971 ἐπ’
1073 918 1285 989 ἐκείνην
1306 919 1413 990 γὰρ
1440 920 1538 989 τὴν
1572 921 1847 992 μακαρίαν

268 1008 413 1079 ζωὴν
444 1008 669 1081 ἀνόητος
696 1011 796 1063 οὐκ
826 1010 1043 1082 ἔρχεται
1072 1010 1104 1081 ἦ
1139 1010 1413 1075 ἀσύνετος,
1440 1011 1575 1066 ἀλλὰ
1597 1013 1675 1067 δεῖ
1695 1015 1846 1085 αἰτῆ-

268 1119 361 1154 σαι
396 1102 545 1173 παρὰ
573 1101 667 1155 τοῦ
692 1102 826 1156 Θεοῦ
854 1102 1086 1166 σύνεσιν,
1109 1103 1203 1156 τοῦ
1233 1103 1461 1167 διδόντος
1491 1106 1625 1158 πᾶσι
1648 1109 1759 1170 τοῖς
1785 1107 1843 1174 ἐξ

267 1194 395 1264 ὅλης
419 1193 595 1264 ψυχῆς
618 1194 857 1249 αἰτοῦσιν
882 1194 1066 1257 αὐτὸν,
1093 1194 1179 1247 ἵνα
1209 1195 1465 1260 λαϐόντες
1499 1196 1733 1262 σύνεσιν,
1753 1198 1845 1252 δυ-

268 1286 522 1357 νηθῶμεν
559 1288 761 1340 εἰπεῖν·
800 1287 1130 1341 Συνέτισόν
1164 1304 1262 1357 με,
1297 1288 1398 1341 καὶ
1431 1288 1701 1359 ζήσομαι.

349 1374 672 1444 Ἐκέκραεα
702 1376 771 1430 ἐν
791 1376 903 1445 ὅλῃ
927 1376 1141 1445 καρδίᾳ
1159 1394 1299 1446 μου,
1326 1376 1677 1432 ἐπάκουσόν
1698 1394 1843 1447 μου,

267 1468 463 1535 Κύριε,
503 1468 574 1521 τὰ
614 1466 974 1537 δικαιώματά
1021 1484 1138 1523 σου
1185 1467 1846 1537 ἐκζητήσω.Ἐκέκραξά

268 1575 387 1623 σοι,
433 1558 641 1613 σῶσόν
676 1576 766 1627 με,
811 1559 911 1614 καὶ
962 1558 1212 1630 φυλάξω
1262 1560 1335 1616 τὰ
1371 1560 1665 1630 μαρτύριά
1703 1577 1841 1615 σου.

186 1658 193 1661 ’
266 1652 624 1720 Προέφθασα
645 1653 829 1720 ἀωρίςι
865 1653 961 1706 καὶ
988 1651 1303 1721 ἐκέκραξα,
1329 1655 1417 1719 είς
1451 1651 1592 1718 τοὺς
1622 1653 1844 1722 λόγους

266 1729 382 1798 σου
405 1744 733 1812 ἐπήλπισα.
753 1746 1144 1816 Προέφθασαν
1166 1750 1219 1801 οὶ
1242 1748 1535 1816 ὀφθαλμοί
1558 1729 1675 1817 μού
1698 1747 1846 1815 πρὸς

267 1838 499 1905 ὄρθρον,
524 1839 631 1892 τοῦ
648 1836 910 1908 μελετᾶν
933 1839 1005 1892 τὰ
1030 1839 1203 1910 λόγια
1217 1856 1354 1895 σου.
1371 1840 1428 1893 Ὀ
1447 1841 1503 1892 ὲν
1520 1838 1694 1911 ἀωρίᾳ
1712 1855 1845 1910 προ-

1957 669 2053 707 cos
2085 654 2224 716 dies,
2250 652 2345 709 sed
2368 653 2422 707 in
2448 660 2735 707 aeternum.
2762 651 2819 707 ln
2844 652 2930 707 his
2964 652 3221 707 omnibus
3254 652 3527 723 Propheta

1957 745 2307 815 prudentiam
2334 758 2365 797 a
2412 742 2521 798 Deo
2554 745 2780 815 expetit,
2830 745 2974 815 quod
3015 752 3101 801 est
3133 746 3377 800 omnium
3430 744 3525 801 Dei

1954 836 2222 891 donorum
2246 835 2482 890 maxime
2533 836 2945 905 necessarium;
3007 851 3071 891 ac
3111 835 3525 892 dicit:1ntelle-

1950 935 2094 980 ctum
2126 925 2202 980 da
2232 926 2381 989 mihi,
2407 933 2466 979 ut
2492 928 2681 981 vivam.
2708 926 2766 981 In
2794 927 2941 982 illam
2971 928 3171 999 quippe
3186 929 3398 991 beatam
3436 928 3523 982 vi-

1950 1026 2062 1073 tam
2098 1033 2289 1074 amens
2315 1026 2370 1074 et
2403 1018 2677 1088 insipiens
2703 1034 2811 1075 non
2846 1018 3192 1090 ingreditur;
3235 1020 3330 1076 sed
3359 1019 3523 1075 intel-

1948 1111 2148 1165 lectum
2181 1125 2213 1164 a
2262 1108 2373 1165 Deo
2406 1117 2657 1181 petamus
2706 1120 2942 1181 oportet,
2992 1111 3087 1182 qui
3138 1111 3232 1166 dat
3266 1111 3523 1168 omnibus

1950 1208 2068 1257 toto
2099 1200 2264 1256 corde
2292 1201 2360 1256 ab
2401 1215 2461 1257 se
2497 1201 2809 1270 petentibus
2839 1217 2852 1253 :
2885 1208 2944 1254 ut
2974 1210 3199 1275 accepto
3243 1202 3522 1258 intellectu

1947 1294 2130 1348 dicere
2152 1293 2432 1348 valeamus
2460 1310 2473 1346 :
2504 1291 2839 1347 Intellectum
2862 1293 2933 1347 da
2964 1293 3115 1360 mihi,
3147 1295 3411 1349 et'vivam.

2020 1380 2188 1440 Vens.
2213 1382 2471 1439 145-148.
2509 1380 2753 1437 Clamavi
2778 1383 2833 1436 in
2853 1392 2964 1438 toto
2981 1382 3138 1438 corde
3162 1400 3297 1451 meo,
3327 1383 3522 1437 exaudi

1947 1492 2047 1539 me,
2086 1474 2323 1539 Domine,
2348 1473 2767 1545 justiﬁcationes
2808 1483 2927 1529 tuas
2958 1476 3239 1547 requiram.
3281 1475 3522 1531 Clamavi

1948 1565 2015 1620 ad
2049 1573 2115 1630 te,
2158 1565 2364 1621 salvum
2398 1581 2481 1619 me
2516 1565 2624 1634 fac,
2654 1574 2702 1620 et
2735 1566 3034 1621 custodiam
3078 1565 3377 1621 testimonia
3407 1576 3518 1621 tua.

1947 1654 2192 1710 Prteveni
2221 1655 2275 1707 in
2305 1654 2611 1722 crepusculo
2641 1664 2691 1709 et
2734 1656 2982 1721 clamavi,
3033 1658 3089 1711 in
3119 1656 3273 1711 verba
3307 1666 3399 1718 tua
3426 1673 3519 1712 su-

1948 1748 2267 1816 persperavi.
2297 1746 2671 1803 Prtevenerunt
2701 1748 2844 1803 oculi
2866 1749 2969 1802 mei
2991 1746 3225 1804 diluculo
3266 1749 3334 1803 ad
3356 1749 3522 1804 medi-

1958 1842 2175 1891 tandum
2204 1837 2415 1909 eloquia
2439 1848 2551 1894 tua.
2598 1838 2705 1905 Qui
2736 1839 2792 1893 in
2823 1840 3150 1910 crepusculo
3175 1841 3435 1911 praevenit
3467 1847 3522 1896 et

266 1930 447 1984 λαϐὼν
478 1931 571 1984 καὶ
606 1907 696 1984 τδν
724 1931 856 1984 Θεὸν
882 1907 1311 2002 ἐπικαλοῦμενος
1336 1907 1711 2004 ἐλευθεροῦται
1734 1907 1840 1985 τῶν

1951 1928 2123 1984 Deum
2171 1907 2408 1993 invocat,
2464 1943 2496 1984 a
2540 1929 2826 1985 nocturnis
2879 1930 3097 1987 insidiis
3132 1931 3417 1996 liberatur,
3466 1939 3523 1987 et

269 2024 590 2094 νυκτερινῶν
620 2024 943 2088 ἐπιϐουλῶν,
974 2026 1066 2078 καὶ
1094 2028 1151 2078 ὲν
1172 2025 1251 2095 τῷ
1280 2024 1462 2096 ὄρθρῳ
1482 2023 1669 2089 αὑτοῦ,
1692 2042 1846 2077 τουτ-

269 2112 412 2167 έστιν
436 2114 494 2166 ἐν
526 2116 592 2183 τῇ
630 2113 859 2185 ἀνατολῇ
902 2112 995 2166 τοῦ
1034 2113 1207 2181 φωτὸς
1247 2113 1644 2185 προφθάνοντος
1683 2112 1845 2183 δηλα-

264 2203 349 2275 δὴ,
376 2205 504 2268 τοὺς
552 2205 862 2275 ὀφθαλμοὺς
911 2202 1372 2275 προαπαντῶντας
1412 2203 1698 2274 κέκτηται,
1748 2202 1843 2255 καὶ

268 2297 466 2369 μελετᾷ
493 2296 589 2350 τοῦ
619 2297 755 2350 Θεοῦ
785 2296 881 2349 σὺν
911 2297 1193 2369 παρρησίᾳ
1215 2295 1285 2349 τὰ
1303 2297 1476 2365 λόγια.
1495 2295 1708 2365 Ἐκείνη
1737 2293 1845 2365 γὰρ

1946 2020 2209 2085 diluculo,
2252 2020 2307 2073 id
2333 2028 2417 2076 est
2447 2027 2570 2075 ortu
2600 2020 2761 2085 lucis,
2821 2020 2936 2090 jam
2972 2020 3287 2086 accedente,
3328 2022 3521 2078 oculos

1948 2110 1999 2166 ei
2028 2116 2385 2166 occurrentes
2424 2110 2608 2177 habet,
2656 2125 2722 2165 ac
2755 2125 2881 2165 cum
2930 2109 3129 2165 ﬁducia
3174 2109 3270 2167 Dei
3305 2110 3521 2181 eloquia

1950 2199 2265 2255 meditatur.
2301 2197 2400 2255 Illa
2431 2215 2669 2271 namque
2704 2200 2889 2257 anima
2919 2200 3265 2270 potissimum
3305 2200 3361 2257 in
3402 2199 3522 2271 lege

1953 2290 2174 2365 gaudet,
2207 2308 2329 2364 qua:
2361 2292 2467 2349 sibi
2501 2292 2870 2349 exsecutionis
2900 2292 3022 2364 ejus
3052 2293 3275 2350 conscia
3304 2300 3411 2350 est.

267 2389 500 2459 μάλιστα
541 2389 619 2461 τῷ
652 2391 800 2461 νόμῳ
839 2390 1017 2461 χαίρει
1054 2387 1224 2459 ψυχὴ,
1251 2388 1373 2459 ἥτις
1420 2388 1558 2458 αὑτὴ
1607 2388 1844 2443 σύνοιδεν
1872 2385 2041 2455 ἑαυτῇ
2072 2382 2168 2456 τὴν
2205 2382 2564 2454 κατόρθωσιν.

337 2499 452 2567 Τῆς
489 2499 693 2569 φωνῆς
707 2517 826 2569 μου
850 2499 1137 2561 ἄκουσον,
1161 2500 1355 2567 Κύριε,
1389 2500 1540 2554 κατὰ
1568 2500 1638 2555 td
1669 2499 1843 2565 ἔλεός

263 2608 400 2659 σου,
425 2592 574 2646 κατὰ
604 2592 670 2645 τὸ
690 2592 866 2662 κρῖμά
885 2608 1001 2647 σου
1024 2590 1206 2659 ζῆσόν
1219 2610 1314 2661 με.
1341 2593 1765 2663 Προσήγγισαν
1787 2596 1841 2647 ol

265 2683 727 2751 καταδιώκοντές
749 2702 826 2753 με
864 2686 1108 2754 ἀνομίᾳ·
1141 2684 1260 2740 ἀπὸ
1285 2685 1354 2738 δὲ
1385 2685 1490 2739 τοῦ
1511 2686 1699 2754 νόμου
1726 2700 1843 2739 σου

262 2774 743 2843 ἐμακρύνθησαν.
762 2777 970 2846 Ἐγγὺς
991 2774 1048 2831 εἷ
1071 2776 1174 2842 σὺ,
1211 2778 1408 2844 Κύριε,
1436 2776 1533 2829 καὶ
1562 2774 1752 2831 πᾶσαι
1781 2778 1841 2829 αἱ

263 2867 392 2921 ὁδοί
422 2883 538 2923 σου
569 2868 838 2935 ἀλήθεια.
878 2869 1190 2938 Καταρχὰς
1218 2869 1407 2938 ἔγνω
1437 2870 1505 2922 ἐκ
1534 2868 1656 2922 τῶν
1688 2885 1838 2937 papa

263 2961 477 3029 τυρίων
507 2976 643 3026 σου,
661 2961 750 3014 ὅτι
776 2962 862 3027 είς
893 2963 999 3015 τὸν
1024 2961 1210 3016 αἰῶνα
1243 2961 1639 3031 ἐθεμελίωσας
1664 2961 1832 3015 αὑτά.

334 3156 447 3211 Ἴδε
487 3154 602 3224 τὴν
636 3156 1000 3209 ταπείνωσίν
1034 3173 1172 3224 μου,
1217 3155 1315 3208 καὶ
1341 3152 1555 3217 ἐξέλου
1597 3169 1695 3222 με,
1751 3152 1838 3205 ὅτι

264 3248 367 3301 τοῦ
394 3250 582 3317 νόμου
624 3262 740 3302 σου
765 3250 877 3302 οὐκ
909 3247 1309 3315 ἐπελαθόμην.
1335 3244 1554 3313 Κρῖνον
1582 3244 1696 3313 τὴν
1724 3244 1840 3311 κρί-

263 3357 365 3395 σιν
385 3360 505 3411 μου
545 3342 641 3396 καὶ
677 3342 982 3410 λύτρωσαί
1018 3358 1107 3406 με,
1141 3340 1239 3394 διὰ
1260 3339 1367 3393 τὸν
1394 3339 1577 3408 λόγον
1605 3353 1722 3391 σου
1753 3334 1841 3405 ζῆ-

263 3436 378 3487 σόν
394 3451 491 3504 με.
526 3433 797 3506 ΚριΘῆναι
823 3434 958 3505 πρὸς
987 3434 1113 3497 τοὺς
1141 3430 1367 3503 ἐχθροὺς
1390 3433 1532 3483 αίτεῖ
1563 3430 1686 3493 τοὺς
1707 3431 1841 3499 ἀφα-

264 3526 367 3590 νῶς
398 3527 430 3597 ἥ
459 3526 715 3598 ἐμφανῶς
742 3525 1129 3597 πολεμοῦντας,
1153 3526 1247 3580 καὶ
1271 3522 1608 3597 λυτρωθῆναι
1627 3539 1641 3553 ⁸
1680 3521 1840 3594 μόνος

263 3621 368 3690 γάρ
400 3621 545 3672 ἐστιν
572 3620 600 3671 ὁ
632 3618 761 3681 Θεὸς
786 3619 814 3670 6
845 3617 902 3684 ἐξ
934 3616 1206 3688 ἑκατέρων
1230 3613 1611 3687 λυτρούμενος,
1640 3613 1738 3667 καὶ
1776 3613 1838 3665 οὐ

263 3712 492 3766 θανάτου
543 3712 700 3782 μόνον
744 3710 890 3781 ἡμᾶς
933 3707 1310 3774 ἀπαλλάττων,
1335 3706 1393 3759 ὃν
1421 3705 1703 3760 ἀπειλοῦσι
1745 3704 1839 3757 καῖ¹

261 3801 571 3874 ἐνεργοῦσιν
602 3803 651 3854 οἱ
678 3800 947 3872 δαίμονες,
980 3799 1116 3852 ἀλλὰ
1161 3798 1251 3851 καὶ
1295 3795 1438 3867 ζωὴν
1468 3796 1722 3869 παρέχων
1752 3793 1840 3848 διὰ
1906 3858 1913 3863 ε

262 3894 353 3947 τὸν
386 3893 544 3946 αὐτὸν
582 3893 758 3962 λόγον.
790 3892 1040 3961 Μακρὰν
1090 3889 1207 3947 ἀπὸ
1254 3886 1616 3958 ἁμαρτωλῶν
1648 3901 1839 3965 σωτη-

263 3991 377 4056 ρία,
415 3989 504 4042 ὅτι
536 3988 609 4042 τὰ
652 3984 1012 4056 δικαιώματὰ
1052 3999 1167 4039 σου
1201 3984 1311 4036 οὐκ
1350 3978 1737 4053 ἐξεζήτησαν.
1774 3980 1836 4032 Ol

265 4079 546 4148 οἰκτιρμοί
572 4095 687 4131 σου
714 4077 953 4140 πολλοὶ,
984 4078 1177 4145 Κύριε,
1209 4072 1359 4129 κατὰ
1401 4072 1467 4126 τὸ
1513 4070 1688 4141 κρῖμά
1721 4087 1836 4125 σου

264 4166 447 4235 ζῆσόν
471 4168 764 4238 με.’¹Ελεος
804 4166 1093 4239 ἀνθρώπου
1137 4167 1228 4219 ἐπὶ
1256 4165 1346 4218 τὸν
1375 4164 1598 4235 πλησίον
1627 4159 1792 4216 αὐτοῦ
1818 4178 1832 4191 ·

263 4258 409 4323 ἔλεος
446 4259 502 4312 δὲ
548 4260 752 4331 Κυρίου
789 4260 880 4312 ἐπὶ
928 4260 1105 4311 πᾶσαν
1134 4258 1331 4329 σάρκα,
1360 4255 1418 4320 ὃς
1466 4255 1559 4309 καὶ
1588 4253 1727 4309 πάνυ
1753 4253 1835 4306 διο

261 4354 543 4416 καιότατος
585 4349 723 4406 εἷναι
763 4354 929 4406 δοκεῖ.
976 4352 1265 4423 Συγκρίσει
1295 4349 1403 4419 γὰρ
1428 4345 1728 4420 ἀνθρώπων
1761 4345 1836 4410 ὡς

262 4445 398 4516 πρὸς
424 4446 521 4514 τὴν
554 4445 754 4516 ἀκριϐῆ
782 4445 962 4515 κρίσιν
995 4443 1085 4497 τοῦ
1119 4442 1273 4506 Θεοῦ,
1306 4441 1453 4501 ἐλέου
1480 4440 1648 4493 δεῖται
1674 4438 1734 4490 τὸ
1762 4437 1835 4490 δί-

2023 2493 2190 2550 Vsns.
2222 2493 2479 2549 H9452.
2520 2493 2710 2550 Vocem
2758 2510 2930 2550 meam
2962 2492 3112 2561 audi,
3155 2492 3399 2559 Domine,
3440 2511 3520 2550 se-

1947 2585 2176 2639 cundum
2226 2583 2647 2639 misericordiam
2698 2594 2843 2639 tuam
2870 2625 2885 2651 ,
2939 2584 3225 2639 secundum
3254 2585 3520 2654 judicium

1945 2683 2093 2727 tuum
2120 2673 2323 2743 vivi/ica
2347 2689 2447 2727 me.
2476 2673 3037 2744 Appropinquaveutnt
3058 2683 3416 2745 persequentes
3438 2692 3520 2732 me

1942 2764 2259 2834 iniquitati:
2296 2781 2328 2817 a
2367 2764 2475 2834 lege
2501 2774 2675 2819 autem
2705 2776 2795 2819 tua
2825 2764 2976 2835 longe
2993 2764 3123 2828 facti
3157 2774 3301 2820 sunt.
3348 2766 3519 2836 Prope

1942 2872 1996 2909 es
2028 2865 2105 2917 tu,
2165 2855 2418 2919 Domine,
2472 2865 2523 2911 et
2561 2872 2740 2912 omnes
2779 2858 2878 2912 viae
2930 2866 3033 2912 tute
3078 2857 3292 2913 veritas.
3351 2856 3518 2914 Initia

1944 2947 2163 3017 cognovi
2208 2946 2273 3001 de
2317 2948 2632 3003 testimoniis
2665 2950 2791 3014 tuis,
2834 2950 2961 3019 quia
2997 2950 3054 3004 in
3084 2957 3339 3004 wternum
3380 2950 3519 3019 fun-

1944 3036 2090 3091 dasti
2133 3054 2216 3093 ea.

2022 3148 2191 3206 Vrsas.
2220 3150 2478 3205 155-156.
2545 3149 2673 3205 Vide
2710 3150 3063 3206 humilitatem
3096 3169 3265 3207 meam
3302 3162 3351 3207 et
3381 3153 3519 3221 eripe

1949 3257 2050 3305 me,
2078 3242 2204 3311 quia
2235 3241 2393 3312 legem
2425 3251 2570 3296 tuam
2604 3259 2708 3297 non
2745 3259 2865 3297 sum
2893 3244 3112 3299 oblitus.
3145 3244 3341 3299 Judica
3366 3244 3519 3313 judi-

1943 3334 2083 3387 cium
2115 3350 2287 3387 meum
2312 3343 2362 3388 et
2391 3334 2588 3389 redime
2615 3351 2716 3399 me,
2767 3347 2979 3405 propter
3015 3336 3226 3391 verbum
3259 3346 3407 3406 tuum
3444 3340 3518 3393 vi-

1942 3426 2099 3493 viﬁca
2144 3441 2243 3479 me.
2282 3423 2488 3479 Contra
2518 3425 2770 3481 inimicos
2813 3426 2899 3482 vel
2935 3426 3076 3482 clam
3124 3428 3208 3483 vel
3244 3429 3423 3500 palam
3458 3443 3520 3486 se

1942 3523 2323 3586 oppugnantes
2343 3514 2614 3585 judicium
2648 3515 2801 3580 ferri,
2833 3523 2887 3573 et
2917 3516 3137 3572 liberari
3168 3534 3227 3574 se
3252 3520 3513 3589 postulat.

1947 3607 2111 3663 Solus
2142 3624 2379 3679 namque
2411 3608 2554 3664 Deus
2577 3616 2681 3674 est,
2714 3609 2811 3680 qui
2857 3607 2927 3665 ab
2962 3611 3210 3680 utrisque
3256 3612 3514 3681 redimit;

1941 3709 1996 3756 et
2026 3717 2135 3756 non
2166 3716 2197 3756 a
2229 3709 2406 3756 morte
2438 3702 2615 3757 solum
2660 3717 2762 3758 nos
2794 3702 3008 3766 liberat,
3048 3719 3211 3773 quam
3239 3705 3517 3761 daemones

1940 3791 2221 3846 minantur
2257 3799 2312 3846 et
2364 3790 2627 3859 inferunt,
2676 3806 2867 3846 verum
2919 3792 3083 3846 etiam
3129 3793 3201 3848 ob
3267 3794 3513 3850 eamdem

1942 3883 2210 3937 rationem
2240 3880 2407 3935 vitam
2439 3882 2663 3951 praebet.
2690 3880 2863 3952 Longe
2891 3897 2923 3934 a
2953 3882 3316 3950 peccatoribus
3339 3885 3510 3947 salus,

1938 3976 2066 4045 quia
2103 3973 2513 4044 iustiﬁcationes
2562 3983 2680 4027 tuas
2730 3990 2833 4027 non
2874 3975 3251 4045 exquisierunt.
3306 3974 3517 4031 Miseri:

1938 4066 2133 4121 cordia:
2187 4074 2295 4120 tua:
2344 4066 2547 4129 multas,
2608 4064 2858 4132 Domine,
2918 4066 3207 4121 secundum
3247 4067 3514 4137 judicium

1940 4166 2087 4210 tuum
2135 4156 2343 4225 vivi/ica
2379 4172 2481 4210 me.
2526 4153 2898 4210 Misericordia
2942 4156 3180 4212 hominis
3215 4157 3273 4211 in
3322 4157 3513 4227 υτοιεί⁴

1940 4264 2088 4302 mum
2122 4263 2284 4304 suum
2317 4254 2440 4314 est;
2480 4245 2864 4302 misericordia
2904 4262 3037 4301 vero
3066 4246 3163 4303 Dei
3210 4248 3267 4303 in
3294 4263 3511 4303 omnem

1939 4354 2185 4405 carnem,
2214 4340 2307 4410 qui
2330 4340 2495 4394 etiam
2519 4339 2678 4409 longe
2703 4337 3047 4409 iustissimus
3068 4346 3173 4394 est.
3202 4337 3336 4392 Nam
3363 4354 3515 4393 com-

1943 4433 2228 4503 paratione
2259 4432 2542 4486 hominum
2589 4430 2731 4485 facta
2767 4431 2836 4485 ad
2870 4438 3189 4486 accuratum
3232 4428 3326 4484 Dei
3363 4429 3513 4499 judi-
3584 4416 3587 4419 ’

260 4552 431 4588 καιον.
466 4537 580 4590 Πᾶν
631 4535 736 4607 γὰρ
781 4535 809 4588 ὃ
862 4536 1009 4588 δοκεῖ
1041 4534 1316 4603 γεγονέναι
1346 4532 1465 4586 κατ’
1494 4531 1658 4595 ἔλεον,
1697 4528 1833 4599 ἐλέῳ

1949 4521 2129 4583 cium,
2173 4520 2389 4589 justitia
2443 4519 2825 4575 misericordia
2870 4520 3095 4591 indiget.
3140 4518 3514 4590 Quodcunque

260 4625 393 4679 Θεοῦ
424 4626 649 4694 γίνεται.
676 4628 740 4679 Τί
761 4627 869 4698 γάρ
896 4643 979 4689 τις
1011 4624 1158 4690 ἄξιον
1188 4622 1449 4694 πεποίηκε
1480 4620 1695 4675 αἰωνίου
1728 4634 1832 4691 μα-

263 4718 578 4789 καριότητος
616 4718 710 4770 καὶ
740 4716 1012 4787 βασιλείας
1033 4715 1293 4786 οὐρανῶν,
1326 4714 1400 4785 μὴ
1431 4714 1534 4766 ὑπὸ
1557 4710 1691 4764 Θεοῦ
1718 4710 1835 4781 βοη-

261 4808 351 4861 θοῦ
360 4827 516 4879 μενος
531 4809 838 4876 ;-Πολλοὶ
857 4812 909 4862 οὶ
929 4805 1309 4871 ἐκδιώκοντές
1319 4823 1395 4875 με
1417 4805 1511 4858 καὶ
1530 4801 1833 4867 θλίϐοντές

256 4918 352 4968 με,
387 4901 455 4953 ἑκ
486 4900 604 4953 τῶν
632 4901 971 4970 μαρτυρίων
1022 4916 1139 4953 σου
1175 4900 1285 4951 οὐκ
1324 4896 1623 4961 ἐξέκλινα.
1652 4891 1833 4948 Εἶδον

260 4988 705 5056 ἀσυνετοῦντας
760 4989 858 5042 καὶ
927 4989 1312 5056 ἐξετηκόμην,
1358 4987 1447 5039 ὅτι
1524 4987 1596 5040 τὰ
1661 4984 1834 5054 λόγιά

261 5094 376 5133 σου
407 5082 518 5134 οὐκ
555 5079 1097 5149 ἐφυλάξαντοπιδε,
1143 5079 1233 5133 ὅτι
1280 5081 1385 5144 τὰς
1425 5076 1676 5142 ἐντολάς
1716 5092 1831 5129 σου

258 5162 563 5231 ἠγάπησα,
586 5166 782 5232 Κύριε,
807 5164 877 5217 ἐν
900 5164 979 5229 τῷ
1008 5165 1162 5217 ἐλέει
1194 5178 1309 5217 σου
1344 5162 1527 5233 ζῆσόν
1660 5160 1830 5231 Ἀρχὴ

235 5253 377 5341 ἐῶν
404 5256 602 5324 λόγων
629 5270 748 5309 σου
774 5254 1023 5319 ἀλήθεια
1041 5272 1054 5285 ⁸
1092 5256 1189 5309 καὶ
1217 5259 1303 5322 εἰς
1328 5257 1435 5310 τὸν
1463 5255 1649 5310 αἰῶνα
1686 5253 1834 5307 πάν.

260 5362 332 5398 τα
352 5345 425 5399 τὰ
455 5348 706 5417 κρίματα
733 5346 843 5416 τῆς
870 5347 1256 5416 δικαιοσύνης
1284 5364 1418 5402 σου.

332 5544 650 5614 ’Ἄρχοντες
682 5544 1046 5610 κατεδίωξάν
1060 5563 1137 5615 με
1166 5546 1410 5616 δωρεὰν,
1440 5548 1537 5601 καὶ
1568 5548 1682 5604 ἀπὸ
1716 5547 1833 5602 τῶν

259 5638 453 5706 λόγων
473 5654 589 5691 σου
617 5637 956 5692 ἑδειλίασεν
991 5639 1030 5707 ἠ
1060 5638 1271 5707 καρδία
1291 5658 1428 5709 μου.
1448 5639 1829 5710 Ἀγαλλιάσο-

254 5744 359 5795 μαι
390 5728 502 5798 ἐγὼ
526 5729 623 5782 ἐπὶ
656 5729 730 5782 τὰ
765 5729 939 5798 λόγιά
960 5744 1095 5795 σου,
1124 5731 1204 5798 ὡς
1237 5734 1270 5785 ό
1304 5732 1601 5800 εὑρίσκων
1631 5734 1833 5789 σκῦλα

258 5818 475 5880 πολλά.
494 5821 742 5889 Ἀδικίας
766 5822 1030 5893 ἐμίσησα
1055 5824 1150 5880 καὶ
1176 5823 1607 5896 ἑϐδελυξάμην,
1641 5826 1742 5885 τὸν
1765 5826 1831 5883 δὲ

1941 4613 2089 4668 enim
2123 4613 2425 4669 secundum
2459 4612 2895 4668 misericordiam
2938 4613 3123 4683 peragi
3148 4611 3385 4679 videtur,
3411 4613 3513 4666 mi-

1940 4705 2241 4760 sericordia
2286 4704 2378 4761 Dei
2414 4702 2668 4759 efﬁcitur.
2725 4703 2867 4771 Quid
2900 4704 3046 4760 enim
3093 4703 3219 4773 quis
3271 4718 3510 4775 unquam

1939 4804 2144 4850 aeterna
2170 4794 2511 4851 beatitudine
2547 4801 2603 4851 et
2635 4810 2802 4866 regno
2845 4795 3109 4849 caelorum
3137 4794 3364 4865 dignum
3393 4810 3513 4865 ges-

1941 4886 2094 4951 serit,
2131 4886 2238 4941 nisi
2270 4886 2378 4941 Deo
2402 4886 2742 4957 Opitulante?
2769 4917 2839 4927 —
2870 4884 3037 4942 Vens.
3066 4885 3322 4941 157-160.
3349 4884 3513 4940 Multi

1937 4977 2027 5046 qui
2066 4988 2445 5046 persequuntur
2477 4993 2557 5031 me
2584 4985 2634 5031 et
2682 4976 2939 5030 tribulant
2972 4992 3075 5043 me,
3121 4992 3155 5029 a
3199 4976 3510 5030 testimoniis

1938 5069 2042 5121 tuis
2074 5085 2179 5121 non
2209 5068 2487 5123 declinavi.
2554 5067 2671 5122 Vidi
2708 5068 3034 5138 insipientes,
3076 5080 3125 5124 et
3159 5069 3506 5134 tabescebam,

1938 5154 2064 5223 quia
2096 5154 2305 5225 eloquia
2362 5166 2454 5209 tua
2499 5173 2603 5210 non
2650 5158 3030 5213 custodierunt.
3092 5158 3221 5213 Vide
3264 5163 3512 5229 quoniam

1939 5244 2198 5299 mandata
2229 5256 2321 5299 tua
2373 5248 2557 5313 dilexi,
2612 5248 2854 5315 Domine,
2905 5251 2959 5304 in
3007 5251 3374 5306 misericordia
3420 5262 3513 5305 tua

1936 5340 2143 5407 viviﬁca
2177 5357 2277 5395 me.
2314 5340 2645 5409 Principium
2679 5342 2952 5397 verborum
2981 5353 3192 5398 tuorum
3219 5346 3429 5411 veritas,
3460 5354 3512 5399 et

1938 5433 1993 5484 in
2029 5441 2285 5486 internum
2308 5434 2486 5487 omnia
2506 5432 2716 5502 judicia
2741 5434 2967 5504 justitia
2992 5444 3117 5491 tute.

2006 5546 2174 5605 Vens.
2195 5548 2445 5605 161-164.
2470 5549 2737 5621 Principes
2752 5551 3011 5622 persecuti
3026 5557 3147 5605 sunt
3162 5567 3245 5604 me
3253 5551 3444 5621 gratis,
3463 5560 3511 5605 et

1938 5657 1971 5692 a
2005 5639 2172 5695 verbis
2204 5642 2308 5694 tuis
2338 5642 2643 5711 formidavit
2675 5660 2765 5697 cor
2797 5660 2990 5697 meum.
3025 5640 3271 5698 Ltetabor
3296 5660 3389 5714 ego
3417 5660 3511 5698 su-

1937 5752 2027 5804 per
2053 5734 2263 5805 eloquia
2287 5746 2399 5801 tua,
2433 5737 2568 5791 sicut
2601 5738 2689 5808 qui
2717 5736 2907 5791 invenit
2934 5736 3104 5805 spolia
3142 5736 3332 5793 multa.
3396 5735 3510 5791 lni-

1935 5828 2166 5901 quitates
2220 5826 2340 5884 odio
2386 5828 2558 5884 habui
2578 5840 2626 5884 et
2659 5830 2995 5886 abominatus
3027 5846 3167 5897 sum,
3213 5829 3371 5902 legem
3412 5846 3510 5884 au-
