3992 6404
492 421 628 487 1391
1232 416 1497 474 EUSEBII
1535 415 2010 473 CIESARIENSIS
2046 414 2195 473 OPP.
2225 414 2402 470 PARS
2438 412 2529 469 Ill.
2572 443 2641 453 —
2679 411 3085 468 EXEGETICA.
3599 413 3744 467 i392

496 552 598 599 tem
643 551 789 599 tuam
823 538 1004 593 dilexi.
1049 536 1247 605 Septies
1294 538 1350 591 in
1398 536 1482 590 die
1532 535 1742 589 laudem
1798 534 1911 587 dixi
1966 533 2061 587 tibi

2173 535 2349 601 νόμον
2369 547 2485 585 σου
2512 529 2823 599 ἠγάπησα.
2841 528 3112 595 Ἑπτάκις
3139 528 3247 596 τῆς
3282 528 3510 598 ἡμέρας
3546 528 3749 597 ᾔνεσά

491 650 647 702 super
667 634 875 703 judicia
901 634 1129 703 justitiae
1155 641 1278 686 tute.
1324 630 1437 687 Hoc
1476 632 1603 686 item
1644 631 1917 701 intelligas
1955 630 2059 685 hac

2174 640 2241 678 σε
2262 624 2359 677 ἐπὶ
2386 623 2459 676 τὰ
2482 623 2735 691 κρίματα
2771 620 2879 688 τῆς
2919 621 3310 688 δικαιοσύνης
3334 637 3472 673 σου.
3505 621 3750 691 Nonae-4

490 729 721 793 ratione,
762 727 907 797 quod
937 726 1196 780 nimirum
1227 735 1351 778 ante
1379 724 1548 779 solem
1575 724 1768 778 electo
1806 738 2057 793 surgens,

2172 716 2256 769 καὶ
2286 715 2456 778 οὕτως
2482 715 2781 784 ἐπιστήσας
2798 712 2873 775 ὡς
2894 713 2999 784 πρὸ
3024 711 3173 782 ἡλίου
3206 712 3619 781 διανιστάμενος
3647 711 3748 780 τῆς

493 820 791 875 secundum
824 819 956 880 illud
994 839 1007 873 :
1046 818 1123 873 De
1169 826 1315 872 nocte
1344 834 1494 871 mane
1529 817 1793 887 consurgit
1842 817 2059 885 spiritus

2168 807 2344 877 κοίτης
2369 807 2508 860 κατά
2542 806 2637 859 τὸν
2673 805 2900 873 λέγοντα
2926 822 2938 834 ·
2982 806 3074 856 Ἐκ
3116 802 3336 869 νυκτὸς
3381 802 3635 871 ὀρθρίζει
3679 802 3744 854 τὸ

490 927 635 969 meus
671 910 740 963 ad
776 920 845 975 te,
893 910 1032 964 Deus
1060 912 1134 976 ²¹;
1167 916 1219 964 et
1251 928 1263 963 :
1307 908 1479 973 Deus,
1526 907 1663 960 Deus
1700 923 1866 971 meus,
1911 906 1979 958 ad
2011 915 2060 959 te

2168 899 2396 968 πνεῦμά
2414 916 2534 969 μου
2559 898 2709 966 πρὸς
2736 897 2829 961 σὲ,
2862 900 2895 951 ὀ
2927 898 3069 963 Θεός
3088 914 3101 926 ·
3136 898 3247 957 καὶ,
3280 900 3313 949 ὀ
3343 896 3509 961 Θεὸς,
3537 899 3572 949 ὀ
3597 896 3744 961 Θεός

489 1012 553 1065 de
580 1006 691 1059 lace
713 1006 868 1074 vigilo
887 1006 953 1067 “,
986 1005 1223 1074 primum
1249 1004 1519 1058 emitteret
1545 1002 1836 1072 hymnum;
1864 1000 2061 1056 deinde

2164 1012 2294 1062 μου,
2313 993 2461 1061 πρὸς
2481 992 2556 1046 σὲ
2574 991 2827 1059 ὀρθρίζω,
2858 991 2947 1044 τὸν
2971 989 3183 1060 πρῶτον
3209 990 3526 1059 ἀνέπεμπεν
3546 989 3740 1058 ὕμνον

488 1100 729 1155 instante
760 1096 868 1160 die,
928 1096 1098 1164 prima
1149 1095 1280 1147 hora
1326 1094 1454 1157 diei,
1515 1093 1670 1163 quasi
1727 1093 2055 1147 sacriﬁcium

2171 1081 2256 1137 εἶτ’
2272 1084 2568 1152 ἐπιστάσης
2586 1081 2813 1153 ἡμέρας,
2837 1080 2977 1133 κατά
2996 1080 3093 1151 τὴν
3116 1078 3336 1152 πρώτην
3354 1079 3527 1151 ὥραν,
3549 1081 3747 1151 ὥσπερ

489 1187 842 1249 matutinum,
899 1186 1199 1240 secundum
1234 1185 1495 1256 hymnum
1544 1183 1654 1239 Deo
1684 1184 2054 1252 persolveret;

2171 1175 2325 1228 ἕωθεν
2363 1174 2460 1245 τήν
2507 1174 2696 1227 θυσίαν
2746 1172 3050 1244 προσέφερε
3088 1171 3165 1240 τῷ
3196 1171 3314 1242 Θεῷ
3344 1172 3435 1224 τὸν
3463 1172 3747 1243 δεύτερον,

487 1277 623 1338 liora
679 1277 929 1332 similiter
974 1277 1159 1339 tertia,
1212 1276 1338 1330 item
1400 1276 1651 1343 tertium;
1700 1284 1853 1331 sexta
1902 1275 2053 1338 item,

2176 1266 2249 1318 ιαί
2278 1265 2417 1318 κατά
2437 1265 2535 1335 τὴν
2568 1265 2757 1334 τρίτην
2793 1262 3053 1326 ὡσαύτως
3089 1262 3187 1332 τὴν
3212 1263 3413 1332 τρίτον,
3446 1264 3546 1314 καὶ
3584 1263 3752 1315 πάλιν

487 1378 778 1446 quartum;
825 1384 990 1433 nona,
1029 1368 1315 1439 quintum;
1364 1368 1687 1422 duodecima
1723 1367 1878 1431 hora,
1932 1382 2056 1421 sex—

2172 1354 2299 1407 ιατά
2343 1353 2441 1425 τὴν
2486 1352 2652 1424 ἕκτην
2693 1353 2784 1405 τὸν
2833 1352 3108 1423 τέταρτον,
3142 1352 3279 1405 κατά
3328 1351 3385 1404 δὲ
3418 1351 3519 1423 τὴν
3545 1354 3748 1424 ἐνάτην

490 1441 605 1512 tum
633 1476 647 1524 ;
682 1458 881 1514 deinde
912 1475 1139 1529 vespera
1167 1466 1291 1532 post
1317 1459 1613 1513 adhibitam
1648 1460 1863 1528 corpori
1896 1472 2057 1512 cura-

2166 1444 2306 1515 ὦραν
2336 1443 2426 1496 τὸν
2450 1443 2715 1513 πέμπτον,
2748 1442 2887 1497 κατὰ
2920 1441 2976 1495 δὲ
3000 1442 3094 1511 τὴν
3116 1442 3420 1512 δωδεκάτην
3439 1444 3533 1496 τὸν
3556 1445 3742 1509 ἕκτον,

485 1547 714 1613 tionem,
760 1547 825 1601 ad
851 1547 1051 1601 lectum
1084 1531 1431 1610 accessurus,
1475 1547 1762 1617 septimum
1795 1547 2053 1617 hymnum

2169 1531 2256 1588 εἷθ’
2289 1535 2528 1606 ἑσπέρας
2576 1534 2711 1605 μετά
2757 1534 2854 1603 τὴν
2881 1534 2976 1586 τοῦ
3007 1532 3255 1603 σώματος
3288 1534 3617 1605 θεραπείαν,
3647 1537 3745 1588 ἐπὶ

486 1637 790 1697 effunderet
816 1657 830 1705 ;
864 1646 1027 1708 atque
1064 1638 1139 1691 ita
1168 1638 1423 1715 implebat
1453 1638 1583 1692 illud
1611 1656 1625 1691 :
1663 1636 1859 1707 Septies
1890 1638 1945 1692 in
1972 1638 2057 1691 die

2166 1628 2341 1696 κοίτην
2372 1626 2576 1697 μέλλων
2601 1625 2895 1697 τρέπεσθαι
2940 1624 3029 1678 τὸν
3077 1624 3300 1696 ἕϐδομον
3345 1625 3519 1695 ὕμνον
3545 1628 3742 1680 ἀπεδε-

486 1729 695 1793 ιαηάερη
726 1731 839 1789 ἀίετέ
867 1731 977 1785 (ibi.
2155 1719 2268 1783 δον,
2307 1718 2401 1771 καὶ
2450 1716 2622 1780 οὓτως
2650 1716 2884 1787 ἐπλήρου
2919 1717 3014 1770 τόο
3057 1716 3329 1783 Ἐπτάκις
3360 1716 3475 1786 τῆς
3510 1718 3743 1788 ἡμέρας

2156 1809 2349 1878 ῇνεσὰ
2386 1823 2478 1862 σε.

556 1902 723 1959 Vens.
758 1903 883 1959 165.
936 1902 1056 1957 Pax
1094 1904 1260 1957 multa
1294 1904 1627 1975 diligentibus
1675 1906 1835 1975 legem
1883 1913 2049 1971 tuam,
2088 1884 2129 1938 Β

2222 1900 2447 1969 Εἰρήνη
2476 1899 2674 1967 πολλὴ
2700 1899 2825 1965 τοῖς
2854 1899 3125 1969 ἀγαπῶσι
3141 1899 3245 1953 τὸν
3266 1901 3454 1969 νόμον
3482 1917 3628 1966 σου,
3645 1902 3747 1956 καί

484 2004 536 2051 et
565 2012 667 2049 non
687 2004 766 2049 est
796 1995 907 2049 illis
933 1995 1267 2053 scandalum.
1335 1996 1429 2051 Dei
1467 2010 1665 2051 nomen
1706 1995 1925 2068 [legem]
1969 1996 2053 2049 di-

2170 1994 2262 2047 ›ὐκ
2290 1992 2461 2046 ἐστιν
2486 1992 2689 2058 αὐτοῖς
2714 1992 3083 2049 σκάνδαλον.
3122 1994 3247 2056 Τοῖς
3276 1993 3368 2045 τοῦ
3393 1993 3537 2046 Θεοῦ
3567 1995 3746 2066 δνομα

486 2086 778 2156 ligentibus
805 2101 908 2156 pax
936 2087 1077 2141 inest
1101 2088 1268 2140 multa
1291 2106 1306 2154 ;
1343 2102 1452 2142 non
1478 2088 1657 2158 qualis
1676 2095 1899 2143 externa
1926 2103 1938 2139 :
1961 2087 2052 2141 illa

2169 2085 2407 2138 ποθοῦσιν
2439 2086 2628 2156 εἰρήνη
2662 2085 2914 2155 τυγχάνει
2946 2085 3135 2156 πολλὴ,
3170 2086 3231 2138 οὑ
3259 2085 3519 2138 τοσοῦτον
3545 2088 3580 2157 ή
3612 2087 3745 2151 ἐξω-

485 2181 686 2255 quippe
710 2193 818 2232 non
850 2193 1019 2256 penes
1076 2195 1178 2235 nos
1223 2188 1343 2246 est;
1380 2180 1475 2234 sed
1506 2194 1568 2234 ea
1601 2196 1721 2250 qua:
1752 2179 1805 2233 in
1842 2179 2051 2249 cogita-

2159 2176 2243 2230 θεν
2262 2194 2276 2207 ·
2307 2177 2368 2229 οὐ
2398 2176 2507 2247 γὰρ
2534 2178 2617 2245 ἐφ’
2643 2179 2775 2246 ήμῖν
2801 2176 2940 2246 αὕτη
2961 2193 2974 2209 ·
3004 2176 3117 2229 ἀλλ’
3149 2179 3181 2247 ή
3208 2177 3268 2231 ὲν
3288 2180 3400 2241 τοῖς
3422 2177 3735 2248 λογισμοῖς,

484 2270 729 2329 tionibus
759 2271 861 2324 sita
896 2276 1000 2333 est,
1038 2286 1103 2325 ex
1133 2285 1241 2340 qua
1284 2270 1617 2326 turbationis
1661 2277 1715 2326 et
1762 2271 2048 2334 tumultus,

2171 2268 2271 2320 ιαθ’
2301 2269 2365 2337 ἢν
2397 2267 2683 2338 συμϐαίνει
2705 2266 3002 2338 ἀταραξίαν
3028 2267 3119 2319 καὶ
3140 2267 3531 2337 ἀνενοχλησίαν
3558 2268 3671 2337 τῆς
3687 2266 3747 2333 εξ

482 2377 605 2431 qua:
645 2376 709 2414 ex
754 2360 1045 2417 aliectuum
1111 2363 1385 2417 vacuitate
1437 2363 1678 2434 gignitur
1733 2362 2051 2417 immunitas

2173 2358 2419 2422 ιπαθείας
2438 2358 2600 2428 ἔχειν.
2625 2357 2837 2429 Ταύτην
2864 2358 2982 2427 ἆμα
3010 2360 3075 2428 τῇ
3100 2356 3420 2428 καταλλήλῳ
3446 2356 3645 2427 χάριτι
3672 2360 3749 2410 εἰς

483 2449 722 2504 exsistit.
755 2448 909 2503 Hanc
936 2464 1044 2504 una
1076 2464 1200 2505 cum
1248 2451 1571 2521 congruenti
1618 2452 1789 2522 gratia
1821 2466 2050 2521 accepe-

2170 2450 2382 2520 ιήφασιν
2408 2451 2454 2502 οἰ
2486 2448 2698 2519 ἔχοντες
2722 2449 2829 2501 ἀπὸ
2861 2448 2996 2502 Θεοῦ
3027 2450 3119 2502 καὶ
3148 2448 3359 2519 Πατρὸς
3392 2448 3493 2501 καὶ
3529 2449 3746 2519 Κυρίου

482 2549 633 2604 runt,
660 2542 754 2611 qui
787 2556 905 2596 eam
931 2557 960 2595 a
985 2540 1096 2595 Deo
1128 2540 1287 2596 Patre
1315 2551 1370 2596 et
1407 2541 1633 2597 Domino
1668 2542 1798 2598 Jesu
1830 2543 2052 2598 Christo

2172 2538 2335 2609 Ἰησοῦ
2367 2538 2622 2611 Χριστοῦ.
2647 2538 2985 2609 Κεκτημένοι
3018 2538 3149 2607 γοῦν
3176 2538 3341 2610 αὐτὴν
3362 2538 3451 2591 διὰ
3480 2540 3549 2592 τὸ
3568 2540 3748 2609 ὄνομα

484 2631 633 2686 nacti
669 2638 817 2685 sunt.
850 2629 986 2685 Cum
1019 2632 1166 2685 illam
1192 2633 1379 2701 itaque
1417 2633 1471 2687 in
1510 2634 1729 2687 nomine
1752 2632 1845 2687 Dei
1872 2634 2052 2703 possi-

2172 2632 2244 2686 ποῦ
2278 2631 2434 2697 Θεοῦ,
2463 2631 2905 2702 ὑπερϐαλλόντως
2935 2631 3269 2703 ὑπάρχοντες
3310 2631 3536 2696 τέλειοι,
3574 2634 3748 2686 σκαν-

482 2719 673 2785 deant,
700 2726 889 2790 utpote
930 2721 1128 2775 eximie
1161 2719 1410 2790 perfecti.
1464 2720 1781 2777 scandalum
1816 2738 1925 2776 non
1951 2722 2052 2776 ba-

2169 2722 2305 2777 ἰαλον
2346 2723 2446 2775 οὐκ
2477 2721 2688 2791 ἔχουσιν
2727 2724 2783 2773 ὲν
2817 2724 3026 2785 ἑαυτοῖς
3047 2739 3059 2752 ·
3111 2721 3320 2793 μικρῶν
3367 2721 3480 2793 γάρ
3534 2723 3658 2776 ἀλλ’
3686 2724 3745 2775 οὐ

482 2812 613 2867 bent
645 2812 700 2865 in
749 2811 1062 2881 semetipsis
1114 2829 1126 2864 :
1181 2827 1307 2865 nam
1368 2812 1688 2881 pusillorum
1734 2813 1887 2877 illud,
1940 2829 2050 2869 non

2167 2815 2404 2883 ιεγάλων
2429 2814 2490 2866 τὸ
2524 2814 2668 2883 ἔχειν
2710 2815 2884 2877 τοῦτο,
2913 2812 2988 2875 ὥς
3022 2830 3184 2883 φησιν
3213 2816 3241 2866 ὁ
3271 2814 3490 2884 Σωτήρο
3541 2814 3743 2882 Ὁρᾶτε

479 2917 613 2957 vero
646 2902 1087 2973 praestantiorum
1123 2910 1228 2965 est,
1284 2902 1741 2972 quemadmodum
1798 2904 1873 2957 ait
1923 2904 2050 2960 Scr-

2165 2905 2229 2974 νὴ
2264 2905 2715 2973 σκανδαλίσητε
2741 2905 2849 2959 ἕνα
2876 2904 2994 2958 τῶν
3012 2904 3240 2976 μικρῶν
3273 2907 3524 2958 τούτων.
3576 2908 3643 2959 Εἰ
3684 2908 3741 2961 δὲ

482 3001 640 3048 valor
692 3010 707 3047 :
770 2993 952 3047 Videte
1001 3010 1063 3047 ne
1095 2994 1470 3048 scandalizetis
1520 3011 1679 3048 unum
1728 2994 1792 3049 de
1839 2998 2049 3065 pusillis

2161 2998 2234 3068 εἴη
2262 2998 2448 3069 εἰρήνη
2483 2998 2650 3067 πολλὴ
2681 2999 2791 3060 τοῖς
2819 2995 3073 3064 ἀγαπῶσι
3104 2997 3195 3049 τὸν
3240 2996 3402 3066 νόμον
3444 2996 3547 3049 τοῦ
3574 2998 3737 3061 Θεοῦ,

388 3138 391 3143 ,
480 3088 599 3141 istis
630 3087 695 3143 ⁸³.
738 3084 896 3152 Quod
944 3086 990 3141 si
1039 3086 1209 3144 multa
1244 3101 1346 3155 pax
1393 3086 1463 3140 sit
1494 3087 1849 3157 diligentibus
1878 3087 1964 3158 legi

2165 3092 2367 3161 εἰρήνην
2388 3089 2497 3159 ἔχει
2526 3090 2744 3160 πολλὴν,
2772 3090 3007 3160 πόλεμος
3031 3091 3128 3161 οὐχ
3162 3090 3392 3151 ἅπτεται
3419 3092 3527 3163 τῆς
3559 3093 3741 3163 ψυχῆς

481 3177 599 3239 Dei,
637 3192 825 3246 pacem
859 3176 949 3230 ille
981 3176 1207 3229 multam
1240 3176 1425 3239 habet,
1468 3176 1780 3247 bellumque
1811 3177 2044 3230 animam

2166 3180 2315 3233 ιύτοῦ
2336 3198 2348 3210 ·
2379 3181 2529 3236 οὐδὲν
2556 3181 2660 3252 γὰρ
2692 3181 2798 3234 τῶν
2829 3182 3237 3252 ἁμαρτημάτων
3265 3181 3483 3235 ἐκκαίει
3510 3184 3614 3255 τὴν
3649 3185 3742 3252 ψυ-

477 3268 598 3336 ejus
619 3283 725 3320 non
744 3266 957 3337 attingit
977 3286 989 3320 :
1010 3267 1218 3327 nullum
1238 3267 1379 3321 enim
1394 3275 1674 3335 peccatum
1691 3268 1799 3320 urit
1815 3268 2050 3322 animam

2163 3270 2250 3342 [ὴν
2275 3269 2462 3334 αὐτοῦ,
2494 3271 2588 3329 καὶ
2615 3271 2708 3323 ἆτε
2748 3272 2970 3344 εἰρήνη)
2996 3270 3133 3340 ἔχων
3170 3270 3411 3334 τοιοῦτος
3438 3273 3739 3343 γεγένηται

478 3358 631 3425 ejus:
666 3364 719 3412 et
744 3356 872 3426 quia
907 3371 1096 3427 pacem
1125 3357 1451 3423 habet,talis
1472 3358 1668 3423 evasit,
1699 3366 1809 3412 uta
1831 3357 2051 3418 nemine

2168 3361 2225 3423 bc;
2261 3359 2365 3413 ὑπὸ
2410 3359 2636 3435 μηδενὸς
2678 3359 2756 3412 ἔτι
2796 3358 3154 3431 σκανδαλισθῇ
3194 3360 3399 3429 λέγων·
3439 3363 3541 3428 Τίς
3581 3361 3744 3431 ἡμᾶς

483 3448 624 3509 ultra
668 3446 1093 3513 scandalizetur,
1127 3448 1358 3503 dicens:
1394 3448 1524 3515 Quis
1577 3466 1670 3505 nos
1711 3449 1976 3518 separabit
2017 3466 2049 3503 a

2161 3454 2388 3521 χωρίσει
2417 3452 2535 3511 ἀπὸ
2561 3452 2671 3521 τῆς
2696 3453 2931 3521 ἀγάπης
2956 3453 3061 3506 τοῦ
3095 3454 3389 3522 Χριστοῦ;
3435 3456 3668 3523 exigi-cc
3704 3456 3737 3525 ἢ

476 3541 736 3597 charitate
785 3538 1029 3594 Christi?
1065 3538 1381 3603 Tribulatio,
1420 3558 1489 3596 an
1515 3542 1759 3610 angustia
1779 3542 1844 3605 “,
1876 3548 1982 3596 etc.

1366 3580 1381 3603 ,
1420 3558 1489 3596 an
1515 3542 1759 3610 angustia
1779 3542 1844 3605 “,
1876 3548 1982 3596 etc.
2149 3545 2533 3614 στενοχωρία,
2571 3546 2664 3597 καὶ
2695 3544 2762 3598 τὰ
2792 3545 2935 3615 ἑξῆς.

554 3629 719 3686 VERS.
749 3630 874 3685 166.
912 3629 1300 3699 Exspectabam
1332 3631 1579 3689 Salutare
1608 3642 1776 3699 tuum,
1802 3631 2045 3694 Domine.

2217 3636 2609 3703 Προσεδόκων
2650 3636 2715 3689 τὸ
2758 3636 3056 3707 Σωτήριόν
3095 3652 3232 3703 σου,
3265 3639 3462 3705 Κύριε,
3495 3640 3604 3692 καί
3634 3640 3742 3707 τὰς

478 3732 529 3780 et
558 3721 816 3778 mandata
860 3730 954 3775 tua
1008 3721 1194 3776 dilexi.
1257 3722 1395 3778 Cum
1444 3731 1558 3778 ate
1596 3738 1779 3783 veram
1816 3724 2047 3778 salutem

2168 3728 2399 3795 ἓντολάς
2422 3742 2536 3787 σου
2558 3727 2861 3796 ἠγάπησα.
2890 3729 3207 3800 Προσδοκῶν
3236 3729 3334 3799 τὴν
3363 3728 3473 3781 ἀπὸ
3507 3731 3611 3783 σοῦ
3640 3749 3744 3785 σω-

477 3823 875 3889 exspectarem,
925 3829 1032 3869 non
1079 3814 1243 3867 modo
1272 3815 1515 3878 servavi,
1552 3814 1647 3869 sed
1690 3814 1853 3871 etiam
1885 3812 2047 3869 dilexi

2168 3820 2343 3891 τηρίαν
2398 3819 2496 3891 τὴν
2549 3820 2827 3891 ἀληθινήν,
2855 3820 2915 3872 οὐ
2960 3820 3120 3889 μόνον
3166 3821 3428 3890 ἐτήρησα,
3460 3820 3611 3873 ἀλλά
3649 3821 3744 3874 καὶ

488 3907 750 3961 mandata
797 3914 911 3962 tua.
954 3903 1089 3958 Nam
1125 3920 1250 3958 cum
1292 3914 1446 3969 actus
1490 3920 1599 3962 una
1644 3922 1767 3961 cum
1809 3906 2046 3977 perlecta

2167 3910 2412 3980 dejaa
2440 3925 2530 3960 σου
2570 3908 2667 3968 τὰς
2699 3908 2935 3971 ἐντολάς.
2961 3907 3073 3981 Τῆς
3111 3908 3218 3985 γὰρ
3252 3909 3368 3978 μετ’
3397 3910 3743 3980 ἀγαπήσεως

478 3997 859 4055 mandatorum
887 3995 1179 4056 dilectione
1208 3995 1487 4066 jungatur,
1530 4004 1903 4067 exspectatum
1944 3996 2045 4051 Sa-

2164 4002 2255 4054 :th
2297 4001 2524 4065 ἐντολῶν
2570 3998 3008 4071 κατωρθωμένης
3057 3999 3335 4071 ἐνεργείας
3378 4000 3740 4070 ὑπαρξάσης,

479 4094 655 4147 lutare
711 4091 1001 4148 confestim
1053 4099 1333 4161 sequetur,
1383 4091 1525 4161 quod
1582 4108 1691 4146 non
1741 4092 1887 4147 aliud
1940 4102 2042 4157 est,

2166 4094 2308 4157 εὐθὺς
2332 4093 2682 4163 ἀκολουθήσει
2715 4091 2774 4144 τὸ
2803 4090 3247 4167 προσδοκώμενον
3292 4091 3604 4161 Σωτήριον,
3640 4094 3742 4162 οὐχ

479 4201 645 4255 quam
678 4186 828 4240 salus
861 4200 1054 4239 eorum
1098 4185 1190 4255 qui
1236 4186 1408 4254 ipsam
1452 4194 1839 4255 assequuntnr.
1889 4187 2044 4253 Quod

2166 4185 2330 4254 ἓτερον
2358 4181 2416 4243 ὃν
2448 4183 2547 4257 τῆς
2577 4182 2685 4237 τῶν
2718 4179 3036 4251 σωζομένων
3078 4180 3369 4252 σωτηρίας.
3412 4182 3477 4233 Εἰ
3531 4182 3595 4235 δὲ
3643 4185 3742 4235 καὶ

479 4275 527 4330 si
558 4274 723 4330 etiam
757 4275 1092 4330 Salvatorem
1124 4285 1423 4345 exspectet,
1458 4278 1525 4332 de
1554 4292 1662 4348 quo
1678 4279 1884 4333 dictum
1914 4288 1994 4335 est
2028 4299 2041 4335 :

2164 4275 2236 4327 τὸν
2266 4274 2489 4351 Σωτῆρα
2518 4273 2808 4351 προσδοκᾷ,
2840 4271 2965 4347 περ)⁸
2993 4266 3054 4325 οὗ
3082 4271 3322 4343 εἴρηται·
3355 4270 3543 4326 Πᾶσα
3576 4273 3740 4340 σὰρξ

487 4365 693 4419 Videbit
736 4366 906 4419 omnis
954 4380 1079 4417 caro
1112 4362 1361 4419 Salutare
1399 4364 1497 4419 Dei
1518 4366 1585 4432 ",
1647 4373 2047 4437 consequenter

2166 4368 2355 4435 5ψεται
2386 4366 2451 4419 τὸ
2485 4364 2782 4436 Σωτήρων
2826 4364 2933 4419 τοῦ
2973 4364 3142 4427 Θεοῦ,
3192 4363 3503 4428 ἀκολούθως
3540 4366 3742 4435 ἀγαπᾷ

474 4457 729 4512 mandata
749 4455 840 4510 Dei
870 4455 1064 4526 diligit,
1087 4456 1245 4525 cujus
1270 4458 1432 4511 etiam
1467 4456 1716 4513 Salutare
1758 4469 2043 4527 exspecta-

2166 4460 2247 4523 τὰς
2271 4458 2488 4524 ἐντολὰς
2518 4457 2610 4510 τοῦ
2633 4456 2790 4521 Θεοῦ,
2816 4451 2875 4510 οὗ
2896 4458 2989 4516 καὶ
3011 4456 3072 4508 τὸ
3095 4457 3365 4531 Σωτήρων
3391 4458 3742 4527 προσεδόκη-

475 4548 572 4617 vit,
605 4561 662 4606 ut
692 4560 747 4607 et
775 4553 988 4607 actione
1028 4568 1199 4623 purus
1245 4562 1298 4607 et
1347 4552 1755 4622 exspectatione
1800 4558 2044 4605 contem-

2168 4570 2259 4616 τεν,
2293 4553 2378 4604 ἵνα
2422 4551 2514 4613 καὶ
2545 4550 2643 4621 τὴν
2680 4549 2876 4621 πρᾶξιν
2984 4549 3255 4624 καθαρῶς,
3301 4550 3393 4602 καὶ
3425 4549 3527 4620 τήν
3563 4568 3744 4620 προσ-

475 4644 783 4713 plabundus
832 4645 924 4707 sit,
956 4652 1285 4713 exspectans
1321 4657 1538 4712 semper
1568 4651 1623 4697 et
1668 4641 2044 4712 contemplans

2167 4646 2333 4698 ioxlav
2366 4640 2732 4715 θεωρητικῶς,
2764 4641 3077 4713 προσδοκῶν
3105 4642 3191 4694 ἀεὶ
3227 4643 3321 4698 καὶ
3352 4640 3581 4713 θεωρῶν
3608 4643 3743 4711 ὲλη-

474 4734 643 4790 Deum
679 4734 917 4790 Verbum
952 4736 1258 4790 venientem
1288 4750 1534 4805 quaerere
1584 4743 1638 4790 et
1697 4736 1907 4790 salvum
1962 4733 2044 4789 fa-

2163 4735 2346 4789 tueéca.
2371 4735 2462 4788 τὸν
2482 4735 2614 4788 Θεὸν
2642 4735 2816 4802 Λόγον
2846 4734 3076 4805 ζητῆσαι
3102 4733 3197 4787 καὶ
3226 4733 3398 4793 σῶσαι
3423 4735 3488 4785 τὸ
3513 4734 3739 4787 ἀπολω-

472 4842 597 4883 ccre
623 4827 767 4897 quod
808 4827 1064 4895 perierat.
2145 4830 2253 4892 λός,

544 4918 710 4973 Vens.
754 4918 877 4982 {67,
912 4920 1035 4973 168.
1057 4917 1352 4976 Custodivit
1383 4920 1564 4973 anima
1596 4935 1711 4975 mea
1741 4921 2044 4977 testimonia

2230 4919 2559 4992 Ὲφύλαξεν
2589 4919 2627 4986 ἡ
2661 4916 2830 4985 ψυχή
2853 4934 2971 4985 μου
3015 4914 3087 4968 τὰ
3122 4912 3413 4984 μαρτύριά
3455 4931 3601 4979 σου,
3634 4918 3740 4970 καὶ

471 5019 597 5071 tua,
632 5017 681 5061 et
711 5006 897 5063 dilexit
936 5025 1000 5065 ea
1032 5009 1377 5064 vehementer.
1411 5006 1531 5062 Non
1568 5010 1744 5065 solum
1782 5010 2039 5064 mandata

2161 5012 2462 5081 ἧγάπησεν
2489 5009 2641 5064 αὐτὰ
2674 5009 2926 5078 σφόδρα.
2963 5009 3037 5061 Οὐ
3067 5008 3224 5078 μόνον
3248 5007 3346 5070 τὰς
3375 5007 3605 5071 ἐντολάς
3635 5027 3737 5062 σου

473 5110 565 5153 tua
592 5098 792 5163 dilexi,
823 5114 1011 5153 verum
1040 5098 1204 5155 etiam
1240 5099 1554 5154 testimonia
1587 5106 1680 5152 tua
1715 5099 1871 5153 valde
1903 5099 2041 5155 dile-

2162 5105 2426 5175 wcitrrqcat,
2454 5102 2589 5161 ἀλλά
2617 5102 2712 5163 καὶ
2738 5100 2805 5153 τά
2835 5098 3110 5170 μαρτύριά
3142 5116 3235 5150 σου
3270 5098 3479 5169 σφόδρα
3500 5100 3738 5171 ἠγάπη-

470 5190 551 5244 xit
602 5190 785 5244 anima
831 5205 983 5253 mea,
1030 5197 1086 5245 et
1123 5190 1421 5245 custodivit
1460 5206 1542 5245 ea.
1589 5189 1773 5246 Primo
1820 5190 2041 5260 quidem

2163 5215 2236 5250 rev
2267 5198 2299 5266 ἡ
2330 5195 2474 5265 ψυχή
2507 5212 2628 5265 μου,
2669 5193 2763 5247 καὶ
2811 5192 3071 5260 ἐφύλαξεν
3119 5191 3275 5244 αὑτά.
3309 5191 3589 5263 Πρότερον
3634 5195 3739 5263 μὲν

473 5280 787 5350 singulatim
828 5280 1078 5344 dicebat,
1109 5280 1413 5351 diligebam,
1439 5290 1528 5346 et,
1576 5280 1741 5334 dilexi
1788 5281 2044 5336 mandata

2272 5300 2286 5339 t
2310 5286 2388 5351 ἓν,
2418 5286 2685 5356 ἠγάπων,
2715 5287 2827 5348 καὶ,
2857 5283 3143 5353 ἠγάπησα
3169 5285 3274 5350 τὰς
3295 5284 3558 5350 ἐντολάς
3589 5302 3733 5339 cev
3836 5340 3848 5349 _

478 5380 610 5431 tua;
643 5372 885 5427 secundo
920 5383 1131 5433 autem,
1178 5373 1473 5432 Custodivit
1519 5374 1701 5427 anima
1738 5391 1853 5427 mea
1896 5375 2043 5427 testi-

2160 5381 2428 5451 Ξεύτερονο
2491 5377 2822 5447 Ἐφύλαξεν
2859 5378 2897 5444 ἦ
2932 5376 3101 5444 ψυχή
3150 5394 3271 5445 μου
3320 5379 3394 5429 τὰ
3428 5376 3736 5446 μαρτύρίά

471 5466 648 5523 monia
700 5475 831 5530 tua;
884 5469 1047 5523 tertio
1097 5470 1223 5524 item
1277 5479 1508 5541 utraque
1555 5471 1892 5542 conjungens
1929 5470 2037 5525 ait:

2158 5487 2259 5524 που
2280 5488 2291 5499 ·
2314 5470 2454 5523 κατὰ
2489 5469 2547 5521 δὲ
2572 5469 2631 5521 τὸ
2664 5467 2842 5539 τρίτον
2876 5466 3193 5535 συναγαγὼν
3221 5467 3512 5537 ἀμφότερα
3536 5470 3622 5531 εἰς
3646 5468 3734 5531 ἓν,

473 5552 687 5617 Servavi
721 5557 974 5611 mandata
1004 5569 1095 5613 tua
1123 5570 1173 5615 et
1206 5563 1509 5616 testimonia
1547 5573 1678 5626 tua;
1707 5564 1834 5634 quia
1863 5579 2039 5617 omnes

2160 5561 2309 5632 ρησίν
2329 5578 2341 5588 ·
2387 5558 2685 5628 Ἐφύλαξα
2714 5558 2819 5622 τὰς
2842 5554 3092 5621 ἐντολάς
3118 5571 3236 5608 σου
3279 5555 3375 5608 καί
3405 5556 3480 5609 τὰ
3504 5556 3736 5625 μαρτύ-

472 5645 566 5709 vt'a:
596 5664 723 5702 mew
748 5650 803 5703 in
826 5662 1102 5719 conspectu
1126 5663 1235 5720 tuo,
1268 5654 1506 5711 Domine.
1532 5654 1794 5711 Peccator
1819 5671 1929 5710 non
1960 5655 2044 5710 di-

2157 5654 2246 5721 ριά
2272 5670 2409 5719 σου,
2440 5653 2528 5708 ὅτι
2554 5652 2739 5708 πᾶσαι
2763 5656 2821 5707 αἱ
2850 5652 2979 5707 ὁδοί
3001 5668 3121 5720 μου
3150 5650 3431 5703 ἐναντίον
3455 5650 3733 5715 σου,Κύ-ν

554 5803 592 5841 υ
638 5802 754 5857 lsa.
802 5821 967 5876 χχιι,
1006 5808 1057 5863 9.
1137 5812 1179 5843 ²²
1221 5808 1364 5871 Psal.
1402 5828 1549 5882 imi,
1586 5812 1639 5867 2.
1718 5814 1761 5845 ’³
1802 5810 1990 5869 Matth.
2030 5827 2130 5867 xvn

1861 5810 1990 5869 atth.
2030 5827 2198 5876 xvul,
2233 5810 2317 5866 10.
2396 5807 2637 5882 “_Rom.
2676 5825 2805 5875 un,
2841 5808 2927 5864 55.
3011 5807 3054 5840 ³⁸
3095 5810 3201 5863 lsa.
3241 5821 3343 5873 τι..
3384 5806 3437 5861 5.
