3992 6404
267 457 406 516 1593

1417 443 1919 507 COMMENTARIA
1956 443 2025 500 IN
2062 445 2402 504 PSALMOS.

3395 451 3533 510 1594

258 596 372 648 με.
387 578 447 630 Ὃ
463 574 783 647 ἁμαρτωλὸς
814 574 914 627 οὐκ
936 573 1052 645 ἐρεῖ
1068 589 1080 603 ι
1101 570 1294 627 Πᾶσαι
1320 574 1379 625 al
1409 571 1539 625 ὁδοί
1553 587 1670 640 μου
1690 571 1825 624 erm

1957 577 2075 635 cet,
2114 568 2306 624 Omnes
2347 570 2447 623 uiae
2498 584 2625 623 mete
2666 568 2721 623 in
2762 576 3042 639 conspectu
3083 577 3172 623 tuo
3200 586 3220 624 :
3261 585 3387 625 nam
3435 572 3535 626 via:

265 669 397 721 τίον
426 682 572 719 σουο
601 665 656 717 αἱ
688 666 796 733 γὰρ
828 664 936 717 ὁδοὶ
978 661 1074 715 τοῦ
1120 659 1446 732 ἁμαρτωλοῦ
1479 658 1578 711 οὐκ
1624 658 1761 710 εἰσὶν
1790 659 1848 733 ὲν

267 758 563 827 ὀφθαλμοῖς
599 731 887 817 τοῦγΘ-εοῦ,
922 754 1056 807 ἀλλὰ
1088 753 1246 823 μόνον
1288 754 1342 804 αἱ
1380 749 1472 804 τοῦ
1508 749 1741 802 δικαίουσ
1779 731 1847 801 iv?

265 846 356 902 οὖν
392 850 483 901 καὶ
514 852 570 901 αἱ
600 849 862 920 ἡμέτεραι
889 847 1154 915 γένωνται
1184 845 1354 897 πᾶσαι
1381 846 1436 895 αἱ
1468 842 1576 895 ὁδοὶ
1609 840 1845 894 ἐναντίον

265 939 356 992 τοῦ
386 939 542 1003 Θεοῦ,
567 942 614 991 οί
643 940 815 1009 νόμοι,
848 940 897 991 οἱ
926 937 1225 1009 προφῆται,
1262 938 1295 1007 η
1325 936 1418 988 ἐπὶ
1463 935 1598 987 πᾶσι
1638 934 1839 998 τελεία,

263 1030 489 1101 ἀληθινὴ
521 1031 613 1083 καὶ
642 1030 818 1103 ἀγαθὴ
840 1030 976 1097 ὁδὸς,
1001 1033 1030 1083 ὁ
1054 1028 1221 1082 εἰπών
1242 1047 1255 1059 ·
1300 1026 1439 1097 Ἑγὼ
1463 1029 1577 1096 ειμι
1605 1026 1643 1093 ἠ
1680 1025 1837 1091 ὁδὸς,

263 1121 498 1193 Χριστὸς
534 1122 759 1193 Ἰησοῦς,
793 1120 1077 1191 εὐξώμεθα
1115 1122 1173 1172 ὲν
1215 1122 1280 1190 τῇ
1328 1118 1430 1189 ὁδῷ
1462 1118 1622 1189 μέχρι
1653 1116 1839 1179 τέλους

262 1213 543 1277 ὁδεύοντας
568 1214 766 1283 φθάσαι
791 1214 927 1285 πρὸς
950 1212 1040 1267 τὸν
1062 1213 1191 1266 Θεὸν
1216 1212 1310 1264 καὶ
1333 1211 1552 1283 Πατέρα
1573 1209 1680 1262 τῶν
1700 1209 1837 1262 ὅλων

261 1304 351 1358 διὰ
378 1304 612 1372 Χριστοῦ
656 1304 850 1375 Ἰησοῦ.

347 1394 663 1466 Ἐ’τιγισάτω
710 1397 748 1463 ἠ
795 1395 1003 1463 δέησίς
1031 1411 1149 1464 μου
1185 1392 1439 1447 ἐνώπιόν
1469 1406 1604 1456 σου,
1634 1392 1831 1459 Κύριε,

261 1484 411 1539 κατὰ
461 1486 525 1538 τὸ
576 1486 784 1553 λόγιόν
821 1499 937 1539 σου
983 1483 1308 1538 συνέτισόν
1332 1500 1427 1551 με.
1458 1481 1735 1535 Εὶσέλθοι
1765 1480 1833 1533 τὸ

260 1572 489 1643 ἀξίωμὰ
518 1591 636 1643 μου
661 1573 917 1629 ἐνώπιόν
943 1592 1079 1639 σου,
1108 1575 1302 1642 Κύριε,
1343 1571 1493 1626 κατὰ
1527 1570 1593 1625 τὸ
1628 1572 1833 1640 λόγιόν

261 1682 377 1719 σου
400 1666 590 1733 ῥῦσαί
605 1683 702 1735 με.
720 1666 1147 1735 Ἐξηρεύξαντο
1172 1665 1244 1718 τὰ
1264 1665 1431 1734 χείλη
1465 1682 1583 1733 μου
1615 1664 1828 1733 ὕμνον,

260 1757 405 1811 ὅταν
426 1756 674 1827 διδάξῃς
696 1775 772 1826 με
798 1759 871 1812 τὰ
896 1756 1254 1827 δικαιώματά
1274 1773 1388 1811 σου
1405 1774 1418 1787 °
1455 1756 1769 1826 φθέγξαιτο
1792 1757 1830 1824 ἠ

258 1848 509 1919 γλῶσσά
529 1867 649 1919 μου
677 1850 749 1903 τὰ
771 1850 945 1920 λόγια
974 1866 1110 1914 σου,
1139 1850 1228 1903 ὅτι
1264 1849 1451 1904 πᾶσαι
1490 1851 1549 1902 αἱ
1588 1847 1832 1901 ἐντολαί

1952 662 2260 731 peccatoris
2294 677 2404 715 non
2451 669 2578 717 sunt
2610 661 2664 715 in
2706 670 3003 732 conspectu
3044 663 3174 728 Dei,
3219 664 3314 719 sed
3355 665 3530 719 solum

1949 754 2047 807 viae
2068 753 2223 822 justi.
2257 751 2326 807 Ut
2357 753 2522 823 igitur
2546 768 2736 807 omnes
2786 754 2887 808 viae
2915 762 3115 809 nostra:
3147 756 3201 809 in
3234 765 3531 826 conspectu

1948 846 2037 902 Dei
2075 848 2224 909 sint;
2268 846 2523 901 videlicet
2551 846 2733 916 leges,
2772 848 3079 917 prophetae,
3117 846 3356 917 perfecta
3398 848 3528 903 item

1942 952 2071 993 vera
2113 944 2167 992 et
2210 938 2351 992 bona
2391 937 2480 990 illa
2513 940 2632 1003 via,
2677 953 2875 1008 nempe
2929 936 3021 1007 qui
3056 935 3231 1002 dixit,
3268 936 3381 1008 Ego
3409 955 3528 992 sum

1940 1030 2027 1083 via
2054 1030 2122 1094 ’⁸,
2155 1030 2413 1085 Christus
2444 1027 2637 1098 Jesus,
2687 1044 2978 1102 precemur
3014 1030 3071 1084 in
3116 1030 3207 1085 via
3252 1045 3427 1099 usque
3469 1030 3527 1084 in

1939 1116 2145 1182 ﬁnem;
2200 1127 2261 1172 ut
2306 1117 2409 1173 iter
2450 1129 2673 1189 agentes
2719 1119 3106 1189 perveniamus
3153 1120 3221 1174 ad
3264 1119 3434 1175 Deum
3472 1127 3527 1175 et

1938 1206 2156 1264 Patrem
2187 1209 2574 1265 universorum
2606 1225 2703 1281 per
2721 1209 3004 1266 Christum
3030 1209 3241 1266 Jesum.

1933 1390 1964 1447 Ι
2010 1387 2181 1444 Vens.
2222 1387 2484 1444 169-172.
2529 1388 2927 1458 Appropinquet
2971 1386 3271 1457 deprecatio
3314 1402 3431 1439 mea
3470 1385 3525 1438 in

1934 1491 2213 1549 conspectu
2236 1490 2323 1534 tuo
2343 1521 2359 1545 ,
2383 1480 2607 1534 Domine
2624 1522 2641 1547 ,
2658 1480 2822 1549 juxta
2844 1480 3107 1547 eloquium
3130 1488 3278 1532 tuum
3301 1478 3371 1531 da
3395 1467 3529 1531 mihi3

1936 1572 2282 1628 intellectum.
2323 1569 2493 1625 Intret
2522 1571 2815 1639 postulatio
2850 1587 2965 1623 mea
2995 1571 3047 1622 in
3074 1580 3351 1637 conspectu
3394 1579 3481 1624 tuo
3503 1609 3520 1634 ,

1937 1663 2194 1729 Domine,
2228 1663 2516 1718 secundum
2543 1663 2807 1732 eloquium
2835 1672 2982 1715 tuum
3004 1662 3143 1730 eripe
3173 1679 3270 1715 me.
3301 1660 3523 1715 Eructa—

1939 1766 2123 1810 uerunt
2156 1755 2302 1810 labia
2328 1772 2443 1811 mea
2466 1756 2715 1825 hymnum
2736 1794 2751 1819 ,
2781 1771 2899 1807 cum
2938 1753 3178 1808 docueris
3216 1770 3296 1808 me
3324 1754 3522 1822 iustiﬁ-

1945 1848 2178 1901 cationes
2211 1856 2352 1904 tuas.
2398 1846 2715 1900 Pronuntiet
2759 1846 2940 1917 lingua
2982 1862 3101 1899 mea
3141 1846 3351 1915 eloquia
3395 1856 3518 1911 tua,

259 1958 373 1995 σου
397 1943 770 2010 δικαιοσύνη.
804 1943 1016 2013 Σφόδρα
1044 1942 1351 2006 ἀκολούθως
1388 1941 1526 2012 μετὰ
1556 1941 1649 1995 τοῦ
1679 1939 1825 2006 εὖξα-

1940 1938 2065 2009 quia
2092 1939 2270 1992 omnia
2303 1938 2557 1992 mandatu
2577 1947 2691 2000 tua,
2713 1936 2953 2006 justitia.
2988 1937 3295 1991 Admodum
3330 1952 3522 1994 conse—

261 2032 381 2087 σθαι
410 2034 538 2088 περὶ
584 2035 684 2105 τῆς
726 2034 965 2099 διανοίας
984 2054 997 2067 ο
1025 2037 1087 2089 τὸ
1118 2036 1226 2108 γὰρ
1260 2036 1641 2105 συνετισθῆναι
1674 2035 1740 2088 τὰ
1764 2034 1825 2088 λό

1943 2039 2175 2102 quenter
2221 2039 2509 2101 postquam
2558 2047 2657 2101 pro
2704 2039 2884 2087 mente
2913 2045 3012 2087 sua
3044 2040 3298 2100 precatus
3330 2038 3514 2095 esset;

258 2138 350 2191 για
376 2122 470 2176 τοῦ
499 2123 634 2178 Θεοῦ
662 2124 762 2177 οὐκ
794 2120 864 2195 ἦν
890 2126 1111 2196 χειλέων
1137 2127 1259 2181 οὐδὲ
1289 2126 1561 2198 γλώσσης,
1587 2125 1721 2179 ἀλλὰ
1747 2126 1840 2179 τοῦ

256 2217 395 2271 κατὰ
414 2217 590 2289 ψυχὴν
614 2218 956 2290 διανοητικοῦ
972 2236 984 2249 ’
1011 2218 1079 2273 τὰ
1104 2219 1380 2291 ἡγούμενα
1404 2220 1583 2272 τοίνυν
1614 2220 1841 2290 αἰτήσας

254 2305 347 2357 ἐπὶ
377 2305 447 2358 τὰ
473 2305 700 2376 δεύτερα
735 2308 964 2378 μέτεισι,
991 2310 1085 2362 καὶ
1109 2309 1250 2375 ἀξιοῖ
1276 2308 1345 2362 τὰ
1380 2307 1475 2361 τοῦ
1501 2309 1561 2362 ὲν
1585 2307 1733 2378 αὐτῷ
1761 2306 1842 2360 λό-

254 2411 351 2465 γου
376 2396 581 2467 ὄργανα
626 2395 696 2454 τὰ
720 2399 997 2469 χείληκαὶ
1040 2400 1140 2470 τὴν
1169 2399 1413 2468 γλῶτταν
1444 2398 1836 2471 ἀφιερωθῆναι,

253 2487 326 2551 ὼς
360 2488 426 2541 ἂν
454 2489 745 2555 διαπαντὸς
770 2490 839 2545 τὰ
872 2492 970 2562 μὲν
999 2491 1147 2563 χείλη
1183 2491 1349 2563 ὕμνον
1374 2492 1753 2563 διερεύγοιντο,
1769 2490 1839 2549 δι-

253 2580 583 2652 δασκομένου
631 2583 725 2636 τοῦ
778 2585 868 2637 νοῦ
918 2587 1008 2638 ὑπ’
1048 2585 1214 2641 αὑτοῦ
1245 2584 1340 2638 τοῦ
1368 2584 1502 2639 Θεοῦ
1528 2585 1597 2642 τὰ
1617 2584 1837 2639 δικαιὼ-

255 2689 399 2742 ματα
430 2673 593 2727 αὑτοῦ
613 2692 627 2705 ·
660 2679 693 2747 ή
726 2676 781 2730 δὲ
805 2677 1018 2745 γλῶττα
1054 2676 1345 2746 φθέγγοιτο
1382 2677 1546 2752 μηδὲν
1572 2677 1756 2748 ἕτερον
1797 2676 1831 2746 ἢ

258 2763 316 2819 τὰ
344 2764 496 2833 λόγια
520 2765 613 2819 τοῦ
638 2766 794 2833 Θεοῦ,
832 2768 925 2821 καὶ
952 2767 1109 2822 τοῦτο
1136 2768 1395 2840 πράσσοι,
1428 2767 1517 2821 ὅτι
1555 2765 1743 2823 πᾶσαι
1773 2770 1833 2821 αἱ

250 2855 375 2913 ὁδοὶ
399 2859 585 2913 αὐτοῦ
616 2859 1010 2914 δικαιοσύναι.

318 3032 594 3088 Γενέσθω
619 3036 658 3102 ἠ
685 3036 813 3103 χείρ
842 3050 957 3090 σου
979 3035 1083 3090 τοῦ
1110 3034 1306 3090 σῶσαί
1327 3054 1423 3108 με,
1467 3037 1558 3092 ὅτι
1601 3037 1707 3105 τὰς
1733 3039 1829 3093 ἐν·

250 3123 430 3191 τολάς
465 3139 582 3179 σου
637 3127 1024 3196 ᾐρετισάμην.
1071 3128 1302 3181 Συνιδὼν
1347 3128 1409 3181 τὸ
1456 3130 1681 3201 μέγεθος
1730 3129 1825 3183 τοῦ

247 3215 483 3286 ἑτοίμου,
520 3216 769 3289 βοηθείας
799 3219 966 3276 δεῖται
1015 3222 1112 3292 τῆς
1152 3220 1305 3292 παρά
1348 3221 1441 3274 τοῦ
1475 3222 1609 3275 Θεοῦ
1651 3225 1732 3286 εἰς
1763 3224 1824 3277 τὸ

246 3307 586 3379 κατορθῶσαι
611 3310 680 3363 τὰ
707 3311 1112 3382 προλελεγμένα
1131 3329 1144 3342 ο
1176 3313 1385 3384 μεγάλα
1411 3312 1466 3365 δὲ
1488 3315 1652 3366 αἰτῶν
1675 3314 1823 3387 παρὰ

244 3398 338 3457 τοῦ
359 3400 513 3464 Θεοῦ,
537 3402 631 3454 καὶ
650 3402 712 3454 τὸ
732 3405 861 3473 παρ’
879 3403 1071 3456 ἑαυτοῦ
1102 3404 1444 3479 συνεισφέρει
1464 3404 1639 3474 λέγων
1659 3422 1672 3436 ·
1708 3407 1825 3460 Ὅτι

242 3490 350 3558 τὰς
372 3491 625 3559 ἐντολάς
647 3507 765 3546 σου
801 3493 1374 3564 ῄρετισάμην.’¹υπερ
1403 3494 1510 3564 γὰρ
1545 3490 1612 3564 ἦν
1638 3496 1729 3548 ἐπὶ
1756 3498 1822 3569 τῇ

242 3584 351 3655 ὲμῂ
386 3584 624 3655 ἐξουσίᾳ,
644 3585 787 3638 τοῦτ’
814 3586 874 3650 ἐξ
912 3585 1045 3657 ἐμοῦ
1072 3586 1246 3657 πεπλή
1258 3604 1444 3658 ρωται.
1471 3589 1581 3651 Τὰς
1608 3589 1826 3654 ἐντολάς

244 3692 336 3729 σου
363 3677 721 3748 ᾑρετισάμην,
757 3677 1051 3747 ἀγαπήσας
1098 3678 1269 3743 αὐτὰς
1302 3680 1444 3734 κατὰ
1476 3679 1547 3735 τὰ
1591 3680 1824 3753 πρόσθεν

240 3767 528 3839 εἰρημένα.

325 3858 701 3926 Ἐπεπόθησα
720 3856 787 3913 τὸ
818 3858 1118 3927 Σωτήριόν
1148 3874 1286 3926 σου,
1313 3860 1410 3914 καὶ
1443 3859 1682 3930 θνόμος
1706 3874 1824 3915 σου

237 3950 452 4019 μελέτη
479 3968 599 4019 μου
626 3950 780 4003 ἐστι.
824 3952 886 4003 0i
928 3950 1113 4004 πολλοὶ
1143 3951 1250 4005 τῶν
1291 3950 1590 4023 ἀνθρώπων
1633 3953 1824 4005 ἐπιπο-

243 4040 391 4095 θοῦσι
425 4041 720 4112 σωτηρίαν,
743 4040 857 4094 ἀλλ’
882 4041 942 4094 οὐ
970 4040 1031 4094 τὸ
1058 4042 1152 4095 τοῦ
1183 4040 1338 4106 Θεοῦ,
1363 4042 1498 4096 ἀλλὰ
1528 4044 1588 4097 τὸ
1621 4045 1823 4116 σαρκὸς

245 4132 503 4203 σωτήριον
530 4132 591 4185 τὸ
622 4134 678 4184 έν
712 4132 1130 4202 κόσμῳ.”Εργον
1154 4132 1210 4184 δέ
1230 4133 1377 4185 ἐστιν
1409 4132 1741 4204 ὲπιποθῆσαι
1759 4134 1820 4187 τὸ

239 4222 333 4280 τοῦ
366 4223 497 4276 Θεοῦ
531 4224 826 4295 Σωτήριον,
860 4221 999 4275 ὥστε
1041 4224 1097 4277 ἐν
1135 4222 1253 4292 Θεῷ
1299 4222 1556 4294 σωθῆναι,
1584 4226 1641 4276 ὲν
1669 4224 1819 4295 αὐτῷ

238 4315 632 4379 ἀναπαύεσθαι,
659 4315 1063 4386 κληρονομῆσαι
1104 4316 1172 4369 τὰ
1202 4317 1362 4384 ἅγια·
1407 4317 1467 4368 τὸ
1496 4317 1603 4388 γὰρ
1637 4318 1819 4388 Σωτή-

240 4426 353 4480 ριον
375 4407 467 4461 τοῦ
500 4406 636 4461 Θεοῦ
666 4407 821 4460 τοῦτό
850 4410 998 4461 ἐστιν
1038 4410 1071 4478 ἡ
1108 4407 1322 4472 αἰώνιος
1348 4408 1481 4481 ζωή.
1502 4410 1626 4463 Ἐὰν
1657 4409 1815 4483 θέλῃς

235 4498 571 4569 ἐπαναϐῆναι
601 4497 679 4568 τῷ
714 4498 876 4569 λόγῳ,
906 4499 967 4551 τὸ
997 4499 1269 4569 Σωτήριον
1299 4499 1393 4552 τοῦ
1435 4498 1569 4553 Θεοῦ
1613 4502 1641 4553 ὁ
1682 4502 1815 4571 Χρι-

1941 2139 2051 2179 ηοιι
2081 2125 2224 2179 enim
2259 2123 2526 2178 labiorum
2569 2132 2624 2180 et
2655 2124 2856 2194 lingua:
2906 2132 2992 2179 est
3034 2124 3373 2192 eloquiorum
3420 2121 3517 2178 Dei

1942 2213 2359 2285 intelligentiam
2393 2214 2671 2284 accipere,
2720 2215 2811 2269 sed
2842 2215 3016 2270 solius
3064 2230 3188 2284 qua:
3235 2214 3290 2268 in
3333 2214 3517 2270 anima

1938 2313 2023 2361 est
2051 2305 2387 2378 intelligendi
2421 2305 2697 2363 facultatis
2725 2324 2739 2373 ;
2774 2322 2899 2361 cum
2925 2307 3108 2378 priora
3143 2307 3475 2378 postulasset
3496 2345 3511 2369 ,

1938 2398 2005 2453 ad
2036 2400 2276 2455 secunda
2308 2407 2498 2470 postea
2527 2401 2762 2466 transit,
2794 2416 2859 2456 ac
2903 2408 3060 2472 rogat
3102 2408 3159 2454 ut
3208 2402 3361 2456 verbi
3391 2417 3515 2472 qua:

1938 2490 1994 2545 in
2025 2506 2085 2545 se
2110 2491 2346 2547 habebat
2375 2493 2738 2548 instrumenta
2758 2532 2774 2557 ,
2808 2508 3003 2562 nempe
3038 2492 3181 2546 labia
3208 2502 3264 2548 et
3290 2493 3473 2563 lingua
3493 2534 3509 2559 ,

1935 2589 2432 2648 consecrarentur;
2465 2589 2524 2636 ut
2552 2583 2693 2638 labia
2741 2584 2958 2653 quidem
2992 2582 3255 2653 hymnum
3295 2599 3511 2653 semper

1933 2680 2283 2737 eructarent,
2317 2681 2605 2743 postquam
2653 2674 2763 2730 Deo
2818 2675 3045 2729 doctore
3084 2674 3508 2743 justiﬁcaliones

1929 2764 2051 2833 ejus
2078 2779 2233 2819 mens
2264 2765 2623 2832 edidicisset;
2660 2766 2848 2834 lingua
2884 2779 3015 2820 vero
3054 2764 3192 2818 nihil
3224 2764 3373 2819 aliud
3424 2766 3507 2819 lo-

1930 2864 2190 2925 queretur
2235 2872 2396 2927 quam
2419 2857 2637 2926 eloquia
2671 2856 2765 2912 Dei
2793 2876 2804 2915 :
2830 2865 2993 2927 atque
3024 2856 3078 2911 id
3114 2862 3339 2926 ageret,
3384 2857 3510 2925 quia

1929 2961 2105 3000 omnes
2131 2948 2226 3001 via:
2254 2948 2368 3016 ejus
2390 2948 2640 3017 justitiaz.

1998 3036 2167 3094 Vens.
2210 3038 2333 3092 175.
2374 3038 2505 3094 Fiat
2537 3056 2726 3094 manus
2770 3050 2895 3107 tua,
2940 3049 3000 3095 ut
3031 3044 3197 3098 solvet
3229 3061 3309 3099 me
3329 3088 3344 3113 ,
3375 3062 3507 3117 quo-

1926 3132 2073 3186 niam
2102 3131 2364 3187 mandata
2398 3141 2492 3189 tua
2525 3134 2676 3204 elegi.
2707 3132 2913 3190 Videns
2964 3137 3395 3207 magnitudinem
3441 3141 3505 3194 il-

1927 3222 2034 3278 lius
2067 3221 2210 3292 quod
2244 3222 2300 3276 in
2333 3232 2585 3294 promptu
2616 3232 2762 3287 erat,
2795 3239 2952 3295 apem
3003 3241 3033 3279 a
3084 3226 3194 3282 Deo
3226 3230 3501 3298 postulat,

1930 3323 1989 3368 ut
2018 3314 2277 3386 praedicta
2307 3314 2575 3384 perﬁciat.
2606 3315 2743 3370 Cum
2774 3332 2940 3386 porro
2972 3333 3169 3389 magna
3199 3323 3439 3390 postulet
3467 3338 3499 3379 a

1926 3404 2057 3469 Deo,
2089 3407 2250 3460 etiam
2279 3406 2423 3475 quod
2457 3420 2487 3459 a
2516 3421 2577 3463 se
2606 3413 2691 3462 est
2721 3407 2929 3477 profert
2959 3409 3150 3466 dicens
3184 3426 3200 3465 :
3236 3412 3503 3479 Quoniam

1925 3495 2181 3549 mandata
2207 3504 2300 3548 tua
2327 3496 2478 3565 elegi.
2504 3494 2639 3549 Nam
2664 3496 2811 3566 quod
2833 3497 2887 3552 in
2910 3513 3029 3553 mea
3055 3506 3320 3568 potestate
3346 3508 3498 3568 erat,

1924 3587 1977 3641 id
2011 3603 2039 3641 a
2072 3603 2157 3643 me
2188 3587 2467 3657 impletum
2499 3596 2601 3643 est.
2636 3586 2887 3643 Mandata
2919 3601 3011 3643 tua
3044 3590 3217 3662 elegi,
3250 3593 3377 3662 quia
3411 3593 3497 3648 di-

1923 3680 2151 3752 ligebam
2180 3695 2244 3735 ea
2263 3721 2278 3748 ,
2309 3690 2370 3734 ut
2400 3680 2655 3750 superius
2689 3680 2897 3736 dictum
2928 3688 3035 3739 est.

1991 3855 2157 3912 Vsns.
2202 3857 2323 3916 174.
2364 3856 2650 3926 Concupivi
2694 3857 2947 3914 Salutare
2989 3870 3169 3928 tuum,
3199 3872 3248 3916 et
3272 3862 3356 3916 lea:
3402 3873 3495 3918 tua

1922 3950 2193 4005 meditatio
2221 3966 2337 4003 mea
2369 3960 2469 4005 est.
2498 3950 2653 4005 Multi
2687 3951 2969 4007 hominum
3011 3954 3243 4009 salutem
3284 3970 3493 4011 concu-

1920 4040 2174 4110 piscunt;
2207 4041 2300 4096 sed
2326 4056 2436 4095 non
2463 4043 2704 4097 salutare
2732 4041 2859 4107 Dei,
2889 4044 2985 4099 sed
3017 4046 3200 4101 carnis
3229 4047 3492 4111 salutare,

1918 4131 2063 4202 quod
2098 4133 2150 4186 in
2186 4133 2390 4187 mundo
2422 4142 2525 4189 est.
2580 4132 2729 4205 Opus
2771 4142 2957 4189 autem
2985 4144 3069 4192 est
3099 4140 3494 4209 concupiscere

1920 4223 2170 4279 Salutare
2198 4223 2331 4290 Dei;
2365 4232 2426 4277 ut
2464 4226 2518 4279 in
2551 4224 2661 4280 Deo
2686 4227 2932 4281 salutem
2980 4230 3388 4295 nanciscamur,
3436 4231 3489 4284 in

1917 4315 2036 4386 ipso
2080 4316 2463 4387 quiescamus,
2511 4326 2700 4372 sancta
2742 4318 2797 4372 in
2839 4319 3207 4376 haereditatem
3252 4323 3489 4392 accipia-

1916 4422 2078 4463 mus:
2130 4422 2257 4461 nam
2286 4407 2539 4463 Salutare
2587 4407 2681 4463 Dei
2723 4416 2809 4464 est
2831 4417 3035 4464 aeterna
3055 4411 3185 4465 vita.
3230 4411 3386 4477 Quod
3442 4416 3487 4469 si

1921 4497 2058 4553 velis
2092 4498 2258 4552 verbo
2290 4498 2579 4554 sublimius
2606 4501 2885 4571 progredi,
2924 4500 3175 4556 Salutare
3206 4500 3299 4556 Dei
3329 4502 3491 4558 Chri-

238 4591 361 4654 στός
383 4592 529 4643 ὲστιν
552 4608 565 4620 ·
615 4590 818 4661 Ἰησοῦς
842 4591 949 4661 γὰρ
978 4590 1360 4662 ἑρμηνεύεται,
1388 4590 1523 4643 Θεοῦ
1548 4593 1811 4664 σωτηρία.

1930 4596 2038 4643 stus
2065 4594 2148 4643 est
2182 4606 2195 4643 :
2243 4587 2404 4644 Jesus
2434 4604 2672 4661 namque
2700 4591 3026 4661 explicatur,
3055 4590 3151 4647 Dei
3182 4594 3354 4647 salus.
3389 4593 3491 4650 llic

235 4676 404 4744 Οὗτος
435 4683 565 4751 ἡμῖν
593 4680 867 4751 ἐπέμφθη.
885 4680 1034 4743 Ὁδὸς
1065 4680 1157 4733 τοῦ
1187 4680 1576 4744 ἐπιποθοῦντος
1614 4681 1675 4734 τὸ
1703 4682 1818 4736 Σω-

234 4773 419 4843 τήριον
444 4771 536 4825 τοῦ
567 4770 720 4835 Θεοῦ,
750 4772 810 4825 τὸ
846 4772 938 4827 τὸν
966 4772 1127 4843 νόμον
1168 4768 1307 4826 εἶναι
1332 4772 1560 4843 μελέτην
1592 4773 1667 4844 τῷ
1693 4776 1815 4827 ὲπι-

238 4860 510 4925 ποθοῦντι,
540 4862 1028 4933 προαναφωνοῦντα
1071 4865 1168 4935 τὴν
1212 4863 1368 4935 δεῦρο
1404 4864 1566 4918 αὐτοῦ
1609 4866 1811 4934 ἄφιξιν.

238 4954 420 5024 Νόμον
442 4954 498 5007 δὲ
523 4954 758 5010 ἐνταῦθα
776 4956 929 5009 καλεῖ
957 4958 1137 5010 πᾶσαν
1164 4956 1262 5029 τὴν
1286 4957 1517 5013 παλαιὰν
1537 4960 1632 5013 καὶ
1664 4960 1812 5015 θείαν

234 5047 276 5099 Γ
281 5050 478 5119 ραφήν.

305 5137 560 5204 Ζήσεται
585 5139 623 5207 ἡ
644 5137 813 5207 ψυχή
831 5156 972 5208 μου,
990 5138 1087 5194 καὶ
1112 5140 1338 5193 αἰνέσει
1361 5158 1453 5208 σε,
1477 5142 1578 5195 καὶ
1600 5142 1671 5197 τὰ
1689 5144 1811 5212 κρι-

229 5226 388 5296 ματά
432 5242 548 5281 σου
587 5228 884 5296 βοηθήσει
921 5246 1043 5299 μοι.
1084 5231 1177 5293 El;
1204 5231 1295 5283 τὸν
1330 5232 1589 5301 μέλλοντα
1620 5234 1810 5304 χρόνον

234 5319 502 5372 ἐνέκλειεν
527 5320 628 5390 τὴν
650 5317 796 5391 ζωὴν
821 5320 923 5390 τῆς
943 5320 1141 5392 ψυχῆς.
1160 5322 1220 5377 Ἠ
1244 5323 1353 5394 γὰρ
1391 5322 1502 5392 ζωὴ
1523 5326 1693 5394 ἡμῶν
1720 5325 1810 5379 κέ-

235 5428 486 5480 κρυπται
514 5413 636 5467 σὺν
664 5412 894 5481 Χριστῷ
917 5416 987 5467 ἐν
1016 5414 1095 5479 τῷ
1125 5413 1265 5480 Θεῷ.
1286 5417 1416 5469 Τότε
1450 5417 1681 5489 ὑμνήσει
1705 5438 1805 5473 κυ-

235 5505 365 5575 ρίως
392 5504 482 5557 τὸν
511 5504 663 5559 Θεόν.
697 5506 806 5560 Καὶ
838 5506 910 5561 τὰ
946 5508 1200 5576 κρίματα
1225 5523 1341 5562 σου
1363 5509 1659 5578 βοηθήσει
1680 5529 1801 5579 μοι.

246 5595 368 5647 Ἐπὶ
400 5594 621 5667 βοηθείᾳ
647 5596 755 5650 τῶν
789 5600 1121 5670 κρινομένων
1153 5599 1221 5652 τὰ
1255 5599 1492 5671 κρίματα
1534 5601 1625 5655 τοῦ
1669 5593 1803 5657 Θεοῦ

232 5684 459 5758 γίνεται.
506 5687 663 5741 Ἀλλὰ
708 5688 840 5762 ἄλλη
889 5690 1169 5762 παρρησία
1220 5690 1469 5763 βοηθείας
1521 5694 1803 5767 χριμάτων

312 5858 358 5893 ³⁸
396 5857 550 5919 Joan.
588 5877 700 5929 xw,
737 5862 789 5918 6.
865 5866 907 5899 ³⁷
950 5864 1159 5931 Coloss.
1196 5882 1285 5935 ιιι,
1316 5868 1369 5924 5.

1892 4689 2001 4749 est
2027 4679 2122 4751 qui
2153 4678 2315 4734 nobis
2366 4680 2571 4735 missus
2613 4688 2717 4737 est.
2763 4680 2857 4736 Via
2903 4682 3348 4752 concupiscentis
3383 4682 3486 4737 Sa-

1886 4758 2094 4829 rlutare
2131 4772 2226 4827 Dei
2252 4781 2374 4838 est,
2410 4781 2471 4827 ut
2500 4773 2604 4828 sibi
2647 4775 3060 4844 concupiscenti
3100 4776 3379 4831 meditatio
3411 4777 3487 4832 sit

1915 4866 1997 4922 lex
2020 4906 2035 4931 ,
2069 4881 2189 4935 qua:
2219 4865 2338 4935 ejus
2363 4864 2431 4919 ad
2460 4881 2563 4921 nos
2596 4866 2887 4921 adventum
2909 4868 3256 4937 praznuntiat.
3288 4867 3483 4939 Legem

1912 4966 2093 5014 autem
2121 4957 2211 5013 hic
2238 4964 2400 5012 vocat
2442 4964 2609 5013 totam
2659 4967 2896 5014 veterem
2938 4973 3003 5014 ac
3050 4958 3292 5015 divinam
3331 4959 3484 5015 Scri-

1912 5059 2149 5118 pturam.

1985 5144 2155 5201 Vens.
2194 5145 2328 5211 175,
2371 5144 2495 5200 176.
2545 5145 2692 5200 Vivet
2730 5147 2913 5200 anima
2950 5164 3102 5214 mea,
3150 5156 3200 5202 et
3238 5147 3483 5204 laudabit

1912 5247 1991 5300 te,
2024 5247 2073 5293 et
2100 5237 2306 5306 judicia
2331 5246 2422 5292 tua
2452 5238 2778 5306 adjuvabunt
2810 5256 2909 5292 me.
2940 5237 2998 5292 ln
3030 5238 3215 5294 futuro
3236 5248 3483 5310 tempore

1908 5329 2071 5383 vitam
2099 5328 2294 5382 animae
2324 5329 2575 5383 includit.
2625 5329 2745 5383 Vita
2774 5331 2920 5384 enim
2953 5339 3136 5385 nostra
3167 5332 3481 5387 abscondita

1907 5430 1985 5475 est
2013 5437 2134 5474 cum
2162 5420 2372 5476 Christo
2402 5422 2457 5475 in
2490 5421 2595 5475 Deo
2634 5422 2701 5475 ".
2734 5420 2888 5477 Tunc
2918 5421 3085 5477 Deum
3119 5425 3336 5494 proprie
3363 5426 3480 5480 lau-

1912 5513 2082 5567 dabit.
2119 5511 2188 5566 Et
2236 5512 2445 5583 judicia
2478 5522 2571 5566 tua
2616 5513 2938 5582 adjuuabunt
2972 5532 3072 5587 me,
3107 5516 3188 5570 Ad
3217 5519 3479 5574 auxilium

1906 5620 2094 5660 eorum
2115 5646 2129 5671 ,
2159 5605 2227 5661 de
2252 5607 2451 5677 quibus
2478 5606 2782 5676 judicatur,
2804 5607 3013 5679 judicia
3055 5610 3147 5666 Dei
3176 5609 3328 5666 ﬁunt.
3365 5610 3474 5668 Ve-

1904 5713 2024 5752 rum
2078 5699 2183 5754 alia
2231 5698 2416 5756 auxilii
2472 5700 2528 5756 in
2563 5699 2788 5771 judiciis
2814 5700 3020 5758 ferendi
3062 5702 3260 5765 ﬁducia
3304 5718 3472 5775 penes
