4212 6454
206 448 219 457 ε
242 449 384 456 -οα--ν-
414 446 487 454 -οι
511 448 527 453 σ-
564 446 655 451 —-—
760 444 839 450 ἡ...
878 444 883 447 -
900 440 1279 449 ..—_._.__-————
1298 429 1947 446 .-__-.-_—.g.'—.-~——r—.——‘--H
1972 429 2025 433 κς
2090 426 2119 432 --
2144 423 2350 431 -..ω-
2363 412 3239 430 ῌῄ-ναψα¹οσο-
3252 412 3281 418 ...-
3346 411 3373 420 --

204 414 3385 501 WW..-W-._#
1640 457 3214 484 ...μμ-...Μη-η-..κ-η--φα--η-ω-
3238 457 3255 463 -
3303 456 3306 459 λ

1232 707 2301 874 ΡΒᾹΞΡΑΤΙΟ.

1726 1101 1794 1112 '—

250 1346 601 1415 Quanquam
652 1332 920 1412 prmtixas
954 1324 1236 1407 singulis
1290 1322 1557 1403 hujusce
1613 1318 1773 1380 tomi
1823 1314 2092 1377 secundi
2148 1312 2332 1374 lihris
2366 1308 2821 1369 admonitio-nes
2870 1301 3174 1383 prmt‘andi
3207 1317 3405 1363 onere

194 1397 550 1498 ma‘xima‘me
588 1397 667 1493 es
694 1438 872 1508 parte
906 1397 1138 1495 levent,
1173 1397 1461 1502 quadam
1498 1412 1924 1479 nihilominus
1957 1426 2099 1470 esse
2138 1408 2348 1473 video.
2391 1408 2469 1466 de
2506 1403 2744 1483 quibus
2776 1401 3083 1460 lectorem
3142 1398 3207 1457 in
3261 1397 3407 1472 ipso

193 1535 365 1593 statim
398 1533 564 1590 aditu
607 1493 1053 1605 prmmonitum
1095 1493 1298 1581 fuisse
1330 1532 1457 1577 non
1497 1513 1724 1589 pigeat.
1784 1512 1866 1568 Ac
1906 1507 2177 1583 primum
2213 1501 2504 1564 instituti
2533 1500 2651 1560 mei
2694 1498 2856 1558 ratio
2912 1493 3238 1556 reddenda
3284 1501 3405 1561 est,

193 1632 325 1701 quod
359 1587 730 1701 HieronS'mi
764 1616 1105 1699 Opuscula,
1139 1587 1723 1695 quascunque—huc
1774 1603 1935 1664 illuc
1967 1600 2541 1677 dispertiebantur,
2600 1606 2661 1657 et
2698 1595 2834 1653 sive
2869 1592 2930 1652 in
2968 1587 3406 1667 Epistolarum

192 1683 327 1786 serie
360 1683 715 1801 peregrinas
748 1683 936 1779 se‘des
984 1683 1371 1779 incolebant,
1411 1683 1543 1767 sive
1568 1701 1837 1764 aliorum
1855 1704 2186 1759 auctorum
2208 1686 3076 1772 scriptionibusintermista,
3121 1683 3408 1744 nondum

192 1781 473 1899 illI,Cl;jl]S
502 1781 719 1893 partes
740 1821 915 1885 sunt,
937 1804 1448 1885 Hieronymiano
1468 1798 1723 1878 corpori
1756 1800 2181 1865 accesserant,
2213 1794 2300 1853 ita
2326 1794 2389 1851 in
2426 1808 2628 1851 unum
2664 1787 2962 1848 volumen
2999 1781 3409 1859 conjecerim,

194 1928 245 1979 ut
274 1876 394 1979 iste
435 1876 630 1976 ferme
672 1928 879 1972 novus
932 1876 1249 1985 justaaque
1305 1899 1492 1962 molis
1528 1876 1739 1958 tomus
1778 1898 2175 1968 exsurgeret.
2236 1890 2362 1964 Ego
2398 1903 2545 1947 vero
2584 1884 2779 1955 istud,
2850 1888 2916 1941 ut
2951 1896 3106 1940 mea)
3141 1876 3412 1940 editioni

194 2017 429 2094 pretium
462 2010 868 2073 conciliarem
902 1975 979 2066 a'c
1019 1975 1423 2077 dignitatem,
1458 2009 1603 2055 cum
1651 1989 1878 2069 primis
1923 1984 2229 2065 proposui
2286 1982 2472 2052 mihi,
2522 1989 2591 2041 ut
2658 1978 2913 2056 singula
2966 1992 3155 2055 quam
3193 1975 3413 2035 rectis-

194 2072 331 2173 imo
360 2106 885 2186 poterantordine
927 2104 1411 2178 digererentur;
1450 2092 1700 2166 hocque
1743 2084 2136 2162 praecipuum
2173 2078 2560 2144 existimavi.
2599 2077 2679 2137 ad
2707 2076 2879 2151 quod
2917 2072 3410 2149 respiciendum

194 2211 259 2269 iis
290 2166 379 2276 sit:
410 2206 518 2285 qui
551 2203 909 2263 studiorum
944 2166 1207 2258 suorum
1242 2210 1318 2255 ex
1352 2192 1733 2252 Sanctorum
1769 2184 2018 2241 Patrum
2046 2177 2318 2237 lectione
2356 2172 2479 2233 sibi
2513 2169 2806 2249 prmsidia
2831 2174 3163 2245 cXpetunt.
3200 2166 3417 2239 Quare

197 2308 237 2364 si
265 2264 390 2364 illas
418 2264 980 2365 jelucnbrationes,
1019 2305 1296 2370 quarum
1352 2303 1468 2346 nec
1500 2279 1716 2344 dictati
1758 2274 2321 2356 prolixitas-tanta,
2350 2278 2415 2331 ut
2456 2286 2755 2330 seorsum
2793 2264 3120 2328 reccnseri
3151 2272 3414 2340 queant,

196 2414 291 2455 nec
328 2412 390 2454 ea
417 2400 504 2454 est
540 2387 915 2465 scriptionis
967 2358 1225 2442 indoles
1275 2394 1346 2439 ac
1380 2383 1627 2442 natura,
1677 2378 1869 2448 atque
1921 2373 1986 2431 in
2031 2369 2162 2430 illis
2197 2366 2560 2429 disserendi
2598 2365 2854 2432 modus,
2884 2370 2950 2423 ut
2987 2360 3135 2422 aliis
3169 2358 3416 2419 diversi

198 2489 510 2567 argumenti
575 2456 768 2563 atque
823 2478 1071 2557 ingenii
1109 2476 1285 2537 libris
1341 2471 1661 2550 patiantur
1688 2469 2083 2547 permisceri,
2123 2468 2190 2528 in
2226 2482 2427 2527 unum
2464 2463 2762 2526 collectas
2810 2458 3046 2522 nativis
3082 2456 3277 2519 veluti
3313 2474 3419 2517 se-

201 2553 351 2645 dibus
384 2553 753 2661 postliiuiiiii
805 2578 950 2655 jure
1016 2570 1471 2639 restituissem,
1534 2582 1695 2626 nova
1729 2582 1941 2627 rerum
2001 2573 2194 2643 atque
2232 2563 2480 2625 ordinis
2512 2561 2879 2624 accessione
2914 2556 3249 2618 maximam
3286 2553 3417 2615 illis

201 2653 591 2757 comparatum
625 2674 703 2735 iri
743 2653 992 2732 laudem
1027 2685 1098 2729 ac
1135 2666 1349 2727 lucem
1409 2678 1548 2723 sum
1584 2659 1948 2724 arbitratus.
1993 2661 2245 2723 Scilicet
2278 2661 2662 2732 editionum,
2698 2675 2839 2736 quae.
2880 2655 3190 2717 hactenus
3229 2653 3416 2725 ador-

202 2750 336 2835 natae
363 2783 524 2845 sunt,
564 2785 837 2848 qumque
877 2762 1183 2841 Epistolis
1221 2758 1471 2820 libellos
1506 2757 1664 2817 istos
1701 2760 2013 2821 continuo
2044 2760 2340 2830 miscent,
2377 2758 2483 2817 vix
2521 2765 2655 2817 erat
2689 2754 2950 2816 ferenda
2990 2750 3414 2829 perturbatio.

199 2872 479 2940 Erasmus,
544 2882 693 2928 eum
724 2845 827 2940 rue
901 2868 1172 2921 secutus
1234 2854 1577 2922 Victorius.
1630 2853 1869 2931 quibus
1916 2855 2317 2916 materiarum
2352 2855 2511 2914 ordo
2549 2852 2723 2913 cordi
2768 2856 2919 2920 erat,
2963 2846 3312 2907 nonnullos
3349 2845 3416 2905 in

202 2972 364 3029 attera
395 2971 610 3037 classe,
645 2963 779 3022 sive
823 2969 1019 3030 tomo,
1056 2962 1310 3031 arrepta
1348 2953 1698 3014 identidem
1737 2968 1816 3010 ex
1848 2950 2151 3027 Epistolis
2183 2949 2518 3010 occasione
2552 2948 3079 3024 collocant.quod
3118 2956 3420 3021 ἐλεγκτικά

202 3074 281 3126 aut
305 3072 655 3137 ἁποὶογετικά
685 3057 1114 3123 continerent,
1144 3050 1278 3111 sive
1314 3065 1456 3127 qua)
1488 3046 1811 3123 pertinent
1844 3047 1921 3106 ad
1940 3046 2227 3107 diversas
2262 3045 2560 3117 limreses,
2594 3050 2655 3105 et
2695 3045 3149 3104 maledicorum
3182 3045 3419 3104 calum-

205 3162 316 3219 nias
348 3175 360 3217 :
391 3158 541 3217 alios
580 3156 655 3215 ad
695 3151 923 3229 prioris
951 3148 1102 3209 tomi
1134 3147 1369 3207 calcem
1410 3148 1771 3210 recensent,
1821 3142 1963 3220 ipso
1995 3142 2317 3203 interdum
2354 3140 2683 3218 proposito
2719 3149 2780 3200 et
2820 3144 3177 3216 argumenti
3213 3141 3421 3202 dissi-

206 3256 533 3316 militudine
574 3251 961 3311 reluctante.
992 3248 1288 3321 Nuperus
1324 3256 1475 3303 vero
1516 3240 1734 3300 Editor
1762 3237 2236 3310 Benedictinus,
2266 3255 2455 3316 quem
2490 3236 2614 3296 sibi
2656 3236 3080 3311 Epistolarum
3118 3238 3417 3298 ordinent

206 3348 681 3425 chronologicum
718 3346 1167 3421 prOposuerat,
1207 3336 1444 3414 passim
1504 3333 1893 3394 immanibus
1922 3334 1997 3394 ad
2034 3331 2164 3394 base
2194 3332 2572 3409 excipienda
2614 3332 2848 3409 scripta
2899 3332 3185 3394 hiatibus
3219 3332 3421 3392 inter-

209 3450 389 3525 rupit:
424 3447 484 3506 in
510 3444 589 3503 iis
621 3456 835 3502 autem
872 3433 1242 3514 digerendis
1274 3431 1518 3493 nullam
1558 3437 1948 3505 temporum,
1985 3428 2059 3488 ad
2099 3444 2241 3506 quin
2285 3427 2745 3499 referebantur,
2808 3428 3120 3489 rationem
3172 3428 3421 3495 habuit,

207 3523 294 3603 sed
326 3542 582 3602 fortasse
617 3553 828 3598 rerum
862 3551 876 3606 ;
924 3533 1093 3592 unde
1127 3530 1363 3590 factum
1388 3536 1509 3599 est,
1550 3534 1618 3587 ut
1650 3525 1803 3585 dum
1841 3525 2101 3603 utrique
2150 3524 2390 3585 semine
2425 3523 2615 3584 simul
2650 3523 3007 3593 insisteret,
3039 3525 3117 3584 ab
3153 3533 3424 3599 utraque

209 3649 409 3721 sapius
436 3645 778 3710 aberraret,
844 3633 1345 3715 perturbatoque
1398 3629 1818 3691 materiarum
1870 3645 1995 3689 una
2034 3639 2221 3706 atque
2249 3629 2549 3707 temporis
2589 3629 2844 3701 ordine,
2881 3628 3181 3689 lectorem
3216 3636 3421 3689 trans-

208 3759 425 3802 versum
488 3745 755 3816 raperet.
788 3736 990 3793 Erunt
1031 3736 1434 3809 argumento,
1475 3743 1555 3787 ne
1590 3725 1658 3787 in
1692 3724 1808 3786 hac
1839 3745 1957 3804 ego
1991 3744 2259 3788 censura
2314 3727 2567 3787 diutius
2628 3744 2875 3800 verser,
2909 3743 3066 3803 quas
3129 3727 3423 3787 obtinent

212 3838 364 3896 sedes
394 3838 453 3896 in
486 3854 554 3895 ea
588 3830 969 3893 recensione
1004 3827 1133 3889 duo
1166 3834 1407 3887 tantum
1442 3821 1612 3897 libri,
1664 3836 1941 3901 quorum
1978 3839 2144 3883 unus
2185 3822 2351 3901 (Vita
2386 3824 2446 3883 S.
2485 3820 2666 3881 Pauli
2705 3822 3021 3899 Eremitm)
3050 3829 3230 3881 (Plato
3268 3821 3421 3881 reli-

211 3948 339 4008 quas
366 3946 578 3991 omnes
603 3930 663 3989 S.
700 3925 987 3986 Doctoris
1018 3919 1544 3984 elucubrationes
1573 3924 1871 3992 superat:
1908 3916 2066 3977 alter
2100 3916 2425 3994 (Dialogus
2460 3925 2678 3977 contra
2711 3916 3115 3993 Pelagianos)
3170 3917 3421 3975 castoris

212 4028 376 4087 ferme
406 4026 700 4085 omnibus
736 4020 1054 4101 posterior
1091 4026 1209 4079 est.
1257 4017 1374 4076 Ille
1405 4022 1616 4077 autem
1655 4012 1964 4089 Epistolis
1990 4014 2065 4072 ad
2104 4014 2464 4073 Marcellam
2506 4020 2566 4071 et
2600 4012 2853 4070 Paulam
2892 4011 3146 4086 scriptis
3184 4018 3422 4071 decen-

216 4124 301 4182 nio
329 4130 455 4200 post
482 4120 801 4189 subditur,
843 4119 977 4193 ipsa
1011 4120 1536 4191 argumentorum
1572 4109 1737 4169 serie
1772 4109 2047 4168 immane
2101 4117 2411 4185 quantum
2452 4107 2788 4165 ablndente
2825 4123 2841 4165 :
2880 4106 2978 4166 hic
3021 4124 3169 4165 vero
3202 4106 3309 4183 qui
3343 4108 3423 4168 ad

212 4234 413 4280 annum
446 4217 718 4296 pertinet
750 4208 1463 4291 quadringentesimum
1498 4204 1819 4265 decimum
1844 4203 2165 4280 quintum,
2206 4202 2507 4279 Epistolis
2536 4202 2677 4261 aliis
2721 4202 3122 4277 praaponitur
3154 4201 3231 4260 ab
3254 4220 3422 4261 anno

211 4313 624 4374 trecentesimo
670 4311 1068 4384 octogesimo
1100 4314 1277 4365 sexto
1323 4301 1625 4363 exaratis.
1660 4300 1903 4376 Nempe
1936 4302 2020 4360 ita
2076 4308 2516 4376 comparatum
2553 4307 2649 4358 est
2680 4314 2712 4357 a
2742 4310 2989 4367 natura,
3033 4308 3089 4357 ut
3132 4299 3303 4359 nulla
3341 4300 3425 4359 sit

212 4410 584 4471 dissimilium
646 4407 924 4468 societas
983 4420 1225 4472 rerum,
1258 4415 1417 4480 quas
1446 4399 1499 4459 si
1530 4399 1608 4459 ad
1657 4413 1845 4458 unam
1904 4397 2140 4476 pariter
2193 4396 2413 4456 referri
2465 4394 2696 4455 seriem
2732 4394 3000 4470 ingratis
3051 4394 3422 4469 Οῡιιηωίθᾶδ,

214 4508 489 4584 ejusmodi
524 4522 749 4568 cavere
778 4503 1324 4581 perturbationem
1375 4498 1543 4558 haud
1581 4496 1811 4571 possis.
1846 4494 1908 4551 Si
1960 4494 2039 4553 ad
2097 4507 2290 4569 quem
2345 4490 2663 4564 Epistolas
2718 4490 3009 4564 exegeris
3067 4498 3424 4563 temporum

217 4604 489 4675 ordinem,
527 4603 863 4661 Tractatus
904 4615 1029 4658 una
1059 4596 1307 4674 exigas,
1354 4590 1627 4653 deformi
1663 4589 2035 4665 trajemione
2100 4586 2488 4663 peccandum
2556 4586 2661 4651 sit.
2729 4595 2922 4663 atque
2973 4584 3172 4656 unius,
3216 4602 3424 4643 rausro

217 4704 588 4757 monumenta
622 4696 747 4755 liuc
774 4694 1060 4769 illucque
1089 4688 1544 4767 discerpenda;
1571 4684 1623 4745 si
1652 4684 2059 4744 materiarum
2089 4682 2269 4743 malis
2306 4681 2595 4758 vestigiis
2625 4680 2964 4753 inhmrere,
2991 4679 3426 4755 chronologiaa

218 4800 455 4870 regulas,
484 4811 630 4872 quae
660 4790 1085 4868 Epistolarum
1117 4796 1213 4849 est
1249 4784 1710 4864 prOpemodum
1765 4783 2002 4853 anima,
2060 4785 2421 4856 pervertere
2474 4795 2739 4838 necesse
2777 4777 3032 4838 habeas.
3077 4778 3298 4854 Neque
3348 4795 3424 4836 eo

216 4892 449 4963 inﬁcit,
482 4894 593 4952 tria
628 4907 773 4950 esse
809 4897 916 4948 aut
949 4896 1222 4967 quatuor
1251 4880 1837 4962 epuscula,quibus
1870 4876 2129 4938 totidem
2157 4874 2458 4953 Epistolas
2495 4874 2696 4933 lucem
2728 4872 3024 4933 afferrent
3061 4873 3424 4948 argumenti

216 4988 577 5063 proximitate
613 5005 627 5046 :
667 4986 868 5046 satius
897 4985 1036 5045 dico
1076 5000 1245 5052 esse,
1283 4984 1585 5043 lectorem
1614 4978 1690 5038 de
1728 4976 1856 5035 illis
1916 4973 2289 5042 admonere,
2347 4985 2541 5048 quam
2601 4970 2738 5029 suis
2780 4968 3044 5029 sedibus
3123 4986 3233 5043 per
3293 4967 3423 5026 viui

214 5086 515 5145 avulsasin
549 5084 832 5144 alienum
864 5082 1070 5143 solum
1113 5078 1478 5149 transferre,
1511 5084 1572 5137 et
1602 5074 1767 5134 lucis
1823 5069 2187 5130 mutuandm
2240 5069 2536 5135 obtentu,
2605 5081 2795 5124 morm
2826 5074 2887 5125 et
2961 5064 3427 5139 impedimento

218 5179 541 5257 legentibus
573 5198 743 5242 esse.
784 5179 875 5239 Ad
905 5180 1076 5237 hunc
1106 5184 1276 5238 certe
1312 5177 1571 5234 modum
1602 5176 1665 5231 et
1700 5166 2134 5229 accuratiores
2182 5163 2456 5223 aliorum
2505 5170 2787 5221 veterum
2832 5163 3082 5219 Patrum
3111 5159 3427 5219 editiones

215 5255 495 5336 adornata
550 5285 723 5346 sunt,
756 5275 819 5333 in
873 5271 1113 5349 quibus
1163 5271 1250 5331 ita
1282 5285 1442 5330 suus
1476 5265 1715 5344 cuique
1757 5261 2181 5338 scriptionum
2236 5257 2453 5333 generi
2518 5258 2694 5317 locus
2750 5255 3077 5327 tribuitur,
3116 5262 3178 5315 ut
3215 5272 3428 5332 neque

216 5374 540 5449 epistolaris
571 5386 782 5433 sermo
817 5370 1048 5447 planus
1079 5363 1646 5428 dissertationibus
1700 5367 1761 5420 et
1804 5355 1988 5417 libris
2019 5400 2033 5428 ,
2077 5370 2288 5429 neque
2326 5353 2390 5412 in
2432 5351 2918 5411 Corn‘uentariis
2953 5361 3012 5411 et
3092 5350 3422 5421 Homiliis,

217 5446 331 5527 etsi
360 5486 470 5546 qua
510 5474 663 5528 sunt
700 5446 1221 5541 aliaidisparibus
1282 5458 1598 5538 auspiciis
1630 5464 1775 5519 nata
1806 5450 2347 5533 permisceantur.
2405 5449 2586 5520 Quod
2628 5457 2691 5507 ut
2759 5464 2877 5526 ego
2920 5447 3171 5509 meliori
3220 5446 3430 5507 adhuc

212 5562 334 5639 jure
366 5542 422 5624 in
452 5566 851 5635 Hieronymo
891 5560 1265 5620 exornando
1301 5563 1692 5633 praestarem,
1753 5550 1899 5611 dum
1924 5552 2229 5625 praeterea
2268 5544 2483 5605 causa}
2524 5544 2947 5619 impulerunt.
2980 5544 3216 5610 Altera,
3257 5542 3431 5619 quod

218 5660 488 5719 nonnulla
520 5663 657 5735 ejus
682 5657 1016 5734 opuscula,
1056 5671 1199 5731 quae
1231 5653 1329 5714 vel
1370 5652 1436 5712 in
1493 5647 1639 5710 aliis
1688 5644 1877 5707 tomis
1927 5642 2357 5721 vagabantur,
2414 5652 2482 5701 ut
2542 5640 2795 5718 Didymi
2862 5640 3028 5700 liber
3073 5641 3152 5699 de
3186 5638 3434 5715 Spiritu

220 5764 408 5815 sancto
438 5773 511 5815 ex
537 5756 756 5814 Graeco
780 5752 997 5813 Latine
1028 5751 1339 5822 redditus,
1378 5745 1472 5806 vel
1507 5743 1789 5805 nondum
1825 5736 2355 5816 Hieronymianis
2383 5744 2813 5809 accesserant;
2845 5735 3058 5812 qualis
3102 5740 3199 5795 est
3229 5735 3290 5793 S.
3317 5735 3432 5793 Pa-

222 5850 421 5910 cliomii
454 5850 670 5927 regula
736 5849 886 5907 item
917 5849 1133 5911 Latine
1163 5861 1466 5909 conversa
1504 5858 1584 5904 ex
1615 5840 1857 5913 Greece,
1894 5841 1962 5899 ut
2002 5850 2174 5897 nunc
2205 5831 2327 5896 alia
2354 5840 2746 5912 prmtercam,
2785 5830 2906 5895 huc
2930 5828 3201 5892 adscisci
3221 5844 3430 5906 aperte

432 5951 703 6012 PATBOL.
766 5947 994 6009 XXIII.
3016 5933 3040 5993 1
