4212 6448
753 416 821 487 1-1
2160 424 2584 488 PILEFATlO.
3950 414 4022 474 12

753 538 1026 620 pretium
1062 544 1214 611 erat,
1242 554 1316 601 ex
1348 554 1549 619 eaque
1588 542 1964 619 scriptorum
1999 544 2358 605 accessione
2390 543 2686 604 collectio
2723 541 2781 601 in
2842 538 3109 617 peculia.
3134 540 3184 597 is
3245 536 3397 598 tomi
3439 533 3669 596 molet.
3705 547 4017 593 accreve-

752 643 866 697 rat.
904 636 1132 708 Altera,
1167 637 1338 716 quod
1368 654 1492 698 uno
1526 649 1791 716 excepto
1826 640 1987 701 libro
2045 640 2123 702 de
2175 640 2611 718 Scriptoz‘ibus
2671 636 3133 698 Ecclesiasticis
3160 680 3176 707 ,
3249 634 3651 713 reliquorum
3711 629 4016 691 omnium

751 733 1128 811 farraginem
1162 738 1313 795 satis
1348 742 1609 797 venuste
1648 752 1770 795 non
1803 739 1877 797 al
1910 755 2119 799 rerun
2169 738 2381 810 modo,
2415 740 2525 798 sed
2568 735 2640 796 ad
2679 747 3036 811 temporum
3081 749 3338 811 quoque
3372 729 3669 789 ordinem
3703 726 4015 803 digerere

752 830 816 892 in
860 839 1155 909 promptu
1190 838 1343 893 erat.
1382 832 1696 893 Nimirum
1730 832 2026 893 universa
2070 835 2287 895 istlirec
2318 838 2624 911 Opuscuta
2665 834 2729 894 in
2774 834 2928 893 duas
2959 833 3152 892 veluti
3180 834 3415 891 classes
3452 826 3819 886 tribuuntur
3853 837 4016 882 sua-

753 936 857 1006 pte
893 935 1110 989 natura
1145 946 1159 987 :
1200 930 1292 989 vel
1324 928 1491 988 enim
1529 928 1815 988 Ascctica
1856 938 2029 1002 sunt,
2062 938 2123 990 et
2169 932 2247 993 de
2279 932 2736 993 monachorum
2770 929 2931 989 Vitis
2964 947 3034 989 ac
3082 928 3343 1006 Ite-gulis
3379 932 3668 993 tractant,
3708 922 3830 991 viil,
3866 935 4019 999 quas

754 1024 1053 1103 majorem
1097 1035 1333 1101 partem
1367 1023 1678 1095 obtinent,
1715 1024 2054 1097 Polemica,
2106 1032 2171 1085 ut
2222 1025 2463 1101 vulgari
2491 1028 2619 1104 jam
2690 1026 2951 1087 nomine
2997 1024 3297 1092 audiunt,
3338 1032 3399 1083 et
3433 1027 3647 1081 natura
3686 1011 4017 1077 variatum

751 1121 1083 1184 litereseon
1124 1124 1489 1183 conditores
1571 1122 1961 1188 scribuntur.
2025 1124 2155 1184 Hac
2190 1123 2593 1184 materiarum
2637 1123 2979 1201 partitione
3016 1121 3384 1189 tonstituta,
3418 1116 3537 1177 sibi
3588 1116 3842 1185 simula
3884 1120 4017 1171 tau

749 1232 896 1299 apte
933 1238 1045 1298 per
1087 1236 1265 1281 suam
1301 1237 1573 1299 qureqne
1612 1226 1858 1281 aetatem
1888 1222 2258 1297 succedent,
2306 1230 2373 1284 ut
2418 1236 2610 1301 quem
2668 1222 2988 1281 nascendo
3042 1215 3261 1279 sortita
3289 1227 3440 1276 sunt
3493 1215 3732 1286 locum,
3771 1212 3832 1271 in
3867 1209 3933 1286 ip
3976 1223 4017 1267 a

749 1318 1147 1402 recensione.
1176 1329 1488 1394 perpetuo
1516 1325 1800 1379 teneant.

829 1414 890 1474 Si
930 1432 963 1474 e
997 1413 1313 1473 sententia
1344 1416 1759 1488 successerit,
1816 1417 1977 1477 bene
2026 1416 2299 1494 positam
2350 1432 2608 1495 operam
2645 1414 2921 1477 studiosi
2961 1420 3185 1493 sponte
3223 1408 3631 1474 allirmabunt
3664 1430 3679 1478 ;
3708 1407 3839 1485 jam
3878 1419 4022 1481 quo

750 1510 813 1570 id
847 1518 1022 1586 pado
1058 1506 1458 1584 perfecerim.
1494 1511 1712 1585 paucis
1745 1511 1985 1573 indico.
2019 1512 2299 1573 Priorem
2338 1514 2545 1573 locum
2580 1514 2881 1572 Ast-elicis
2923 1512 3101 1571 libris
3140 1508 3316 1579 dedi,
3354 1518 3487 1567 tum
3521 1507 3604 1566 ob
3632 1500 4019 1578 argumenti

751 1602 1177 1678 priestantiam
1208 1616 1280 1661 ac
1313 1600 1714 1675 dignitatem,
1756 1610 1887 1664 tum
1923 1621 1991 1663 ea
2018 1602 2203 1664 etiam
2237 1606 2313 1665 de
2344 1622 2560 1682 causa,
2592 1609 2765 1686 quod
2799 1627 2830 1669 a
2864 1608 2931 1669 S.
2961 1606 3149 1669 Pauli
3184 1607 3372 1685 primi
3408 1603 3693 1665 eremitre
3736 1600 3872 1659 l'im
3912 1600 4024 1657 in-

748 1696 1083 1766 choentur,
1119 1712 1262 1774 quae
1299 1696 1577 1774 reliquas
1608 1712 1832 1759 omnes
1871 1698 2407 1775 Hieronyrnianas
2471 1702 2991 1764 elucubrationes
3020 1748 3035 1772 ,
3094 1704 3234 1779 ipso
3300 1708 3563 1762 auctore
3623 1705 3808 1764 teste,
3850 1702 4026 1754 tem-

752 1792 924 1872 p0ris
957 1792 1262 1870 suffragio
1314 1793 1674 1852 antevertit.
1725 1794 2221 1870 Subseqnuntur
2250 1797 2491 1859 Malchi
2516 1810 2573 1860 ct
2611 1797 2966 1859 Hilarionis
3002 1800 3144 1860 dum
3186 1800 3361 1862 alim;
3398 1805 3530 1857 tum
3576 1796 3641 1856 S.
3679 1789 4031 1854 Pachumii

747 1887 993 1963 regula,
1027 1887 1645 1967 ejusque-Episton
1681 1895 1739 1947 et
1783 1889 1977 1948 Verba
2016 1895 2300 1969 mystica,
2336 1914 2410 1971 qu

2364 1913 2480 1971 tum
2533 1897 2595 1955 S.
2629 1895 2855 1957 Doctor
2906 1895 3127 1956 Latine
3168 1894 3402 1954 refudit
3439 1907 3515 1951 ex
3550 1892 3767 1951 Grzeea
3812 1888 3968 1947 inte
3995 1916 4027 1931 -

748 1986 1140 2065 pretatione,
1180 2001 1353 2045 nunc
1383 1983 1656 2062 primum
1690 1985 1828 2062 ejus
1866 2002 2129 2058 Opernm
2166 1991 2358 2052 Collet
2383 1992 2539 2052 tioni
2602 1992 2936 2061 accedunt,
2974 2000 3033 2051 et
3069 1991 3345 2068 priorem
3400 1986 3565 2047 hanc
3602 1992 3843 2062 partem
3896 1998 4028 2041 ex-

750 2086 947 2159 plent.
975 2082 1183 2142 Unum
1219 2080 1422 2141 habeo
1455 2080 1625 2158 quod
1660 2080 1869 2140 adhuc
1900 2081 1977 2141 de
2009 2082 2137 2141 illis
2195 2102 2646 2161 pruinioneam,
2693 2085 3129 2163 aenigmatieas
3165 2100 3393 2163 nempe
3432 2081 3738 2161 loquendi
3764 2079 4030 2139 formu-

747 2178 863 2247 las,
904 2177 1012 2237 ubi
1043 2177 1280 2239 classes
1341 2175 1801 2236 monachorum
1833 2177 2246 2254 designantur
2306 2198 2414 2257 per
2447 2179 2683 2242 litteras
2724 2180 2926 2241 Graeci
2984 2179 3332 2257 alphabeti,
3396 2194 3672 2256 quregue
3735 2175 4023 2255 mystira

744 2275 935 2337 verba
964 2273 1444 2343 inscribuntur;
1503 2288 1538 2334 a
1570 2272 1910 2335 Kircberio
1943 2273 2009 2333 in
2052 2275 2373 2335 Prodromi
2413 2287 2474 2335 et
2508 2276 2719 2337 Lexici
2745 2276 2921 2351 Copti
2960 2274 3173 2353 Sttpplt
3200 2280 3416 2334 mento
3447 2270 3771 2333 curiosius
3806 2268 4030 2345 expli-

748 2373 907 2444 cari,
940 2371 1114 2451 quod
1148 2371 1286 2444 ejus
1312 2368 1872 2447 interpretationis
1908 2368 2099 2430 homo
2151 2373 2427 2439 cupidus
2457 2376 2789 2436 consulat.
2841 2374 3094 2434 Exinde
3155 2372 3421 2433 alterius
3457 2370 3718 2448 generis
3773 2368 4030 2445 scripta

746 2467 1092 2544 incipiunt,
1146 2482 1294 2543 quae
1349 2470 1564 2525 contra
1629 2463 1965 2525 hmreticos
2026 2465 2159 2526 sive
2217 2465 2663 2532 haereticorum
2724 2477 3026 2547 patronos
3064 2467 3295 2529 acriori
3332 2465 3503 2543 style
3535 2472 3906 2533 exarantzir,
3955 2473 4027 2523 et

748 2571 983 2641 quanta
1016 2561 1212 2623 fuerit
1256 2561 1323 2622 in
1362 2561 1505 2638 ipso
1540 2569 1758 2622 contra
1796 2561 1939 2622 fidei
1981 2560 2196 2621 hostes
2252 2569 2601 2628 certamine
2658 2568 2719 2628 S.
2759 2565 3049 2627 Doctoris
3090 2565 3289 2624 virtus
3322 2608 3340 2637 ,
3373 2580 3521 2641 quae
3553 2562 3721 2623 intra
3758 2559 4025 2619 cellnlm

750 2659 1024 2736 parietes
1062 2666 1304 2718 tantum
1336 2656 1623 2718 docendo
1656 2654 1980 2727 excelluit,
2012 2656 2528 2723 luculentissima
2568 2661 2866 2739 exemplo
2931 2667 3108 2722 sunt.
3150 2658 3407 2719 Primus
3446 2657 3728 2719 occurrit
3756 2657 4031 2735 Didymi

749 2760 915 2821 liber
944 2759 1022 2819 de
1058 2759 1298 2835 Spiritu
1334 2767 1552 2821 sancto
1598 2759 1677 2821 ab
1722 2758 1863 2837 ipso
1926 2758 2147 2819 Latine
2187 2758 2543 2836 explicatus
2578 2782 2610 2825 e
2641 2768 2879 2837 Giazco,
2918 2772 3110 2842 atque
3174 2762 3285 2823 ille
3337 2762 3607 2840 quidem
3658 2760 4028 2838 singularis

754 2871 877 2916 una
908 2863 969 2915 et
1002 2854 1302 2915 continua
1358 2854 1550 2929 serie,
1586 2871 1710 2915 non
1748 2864 1814 2915 ut
1846 2856 2153 2916 hactenus
2196 2855 2560 2921 obtinuerat
2585 2862 2776 2922 stulta
2808 2862 3082 2939 quadam
3121 2870 3417 2938 περιιργξᾳ
3449 2858 3513 2918 ἱιι
3544 2868 3670 2917 tres
3694 2857 4029 2918 distribu-

747 2960 874 3011 tus.
908 2948 1218 3010 Scribitur
1248 2956 1468 3009 contra
1504 2948 1957 3010 nonnullorum
1995 2962 2333 3013 commenta
2358 2955 2529 3016 circa
2558 2957 2869 3036 Spiritum
2892 2966 3199 3025 sanctum,
3232 2972 3581 3035 quinneque
3618 2955 3681 3015 in
3713 2954 4029 3031 Scriptu-

747 3048 840 3108 ris
873 3046 1050 3115 lecta,
1082 3062 1277 3124 neque
1306 3065 1343 3103 α
1372 3064 1685 3124 quoquam
1750 3045 2323 3107 ecclesiasticarum
2380 3062 2657 3112 veterum
2715 3054 2970 3130 fuerant
3032 3061 3384 3131 usurpata:
3438 3059 3635 3126 atque
3676 3050 3843 3111 lia-ie
3884 3066 4025 3111 non

674 3146 678 3149 ’
748 3142 1029 3221 Didymo
1078 3140 1342 3220 quidem
1375 3142 1724 3217 scribendi,
1780 3144 1889 3205 sed
1927 3144 2319 3221 Hieronymo
2351 3159 2603 3204 causam
2645 3145 2970 3205 exstitisse
3006 3142 3497 3221 interpretandi,
3530 3143 3702 3202 donli
3740 3143 4023 3219 quidam

753 3240 871 3302 viri
933 3244 1290 3299 autumant.
1348 3236 1654 3315 Sequitur
1708 3236 2103 3299 Luciferiani
2154 3246 2216 3299 et
2249 3238 2604 3299 Orthodoxi
2665 3237 3038 3312 Altcrcatio,
3077 3256 3224 3317 quas
3251 3236 3672 3314 etsuperiori
3719 3237 3890 3299 libro
3939 3239 4028 3298 do

751 3345 1112 3414 temporum
1159 3336 1465 3397 amussim
1499 3335 1782 3413 praeponi
1815 3335 2146 3409 debuerat,
2180 3336 2307 3397 nisi
2350 3343 2503 3395 tunc
2534 3332 2639 3391 illa
2681 3334 2882 3410 magis
2913 3332 3237 3393 arrisisset
3271 3332 3461 3401 ratio.
3498 3350 3647 3409 quae
3676 3333 3759 3393 ab
3790 3342 4028 3394 aucto-

752 3433 863 3503 ris,
897 3448 1089 3511 quam
1120 3447 1261 3510 qua)
1304 3448 1381 3493 ex
1412 3430 1782 3508 interpretis
1805 3438 1985 3493 mtate
2018 3431 2298 3493 ducitur.
2333 3432 2510 3491 Hanc
2542 3430 2875 3505 excipiunt
2924 3429 3087 3490 liber
3114 3438 3340 3489 contra
3367 3428 3733 3489 L’elridium
3777 3431 3857 3490 de
3891 3432 4033 3490 vir-

750 3528 1016 3605 ginitate
1058 3527 1274 3589 Marim
1305 3533 1605 3605 perpetua
1642 3543 1656 3587 :
1690 3535 1753 3589 et
1786 3528 1914 3587 duo
1957 3538 2177 3588 contra
2215 3527 2649 3597 Iovinianum,
2691 3542 2822 3604 quo
2859 3525 2937 3587 de
2970 3524 3231 3587 homine
3263 3543 3410 3587 cum
3455 3529 3654 3586 multa
3705 3522 4028 3603 prmfatus

747 3623 1026 3694 fuerim,
1087 3641 1288 3684 unum
1356 3622 1476 3683 hoc
1544 3629 1845 3700 ['irmterea
1907 3623 2188 3700 suppetit
2247 3624 2740 3683 annotandum:
2781 3625 2986 3701 legem
3048 3633 3269 3685 contra
3325 3640 3477 3684 eum
3538 3625 3723 3684 latam
3785 3626 4025 3685 Hunn-

749 3720 849 3781 rio
882 3738 951 3781 ix
980 3730 1040 3780 et
1073 3719 1439 3781 Theodosio
1475 3738 1507 3780 ν
1541 3721 1590 3779 Α
1626 3723 1700 3780 Α.
1731 3734 1928 3792 coss.,
1956 3718 2094 3779 sive
2125 3736 2292 3779 anno
2327 3718 2483 3792 ΗΞ,
2520 3735 2660 3796 quae
2713 3726 2775 3779 et
2840 3720 2903 3779 in
2957 3717 3488 3793 Eieronymianis
3544 3718 3799 3797 aliquot
3859 3738 4024 3783 mss.

751 3816 821 3877 in
860 3817 1030 3877 calce
1083 3816 1220 3894 ejus
1262 3816 1478 3893 Operis
1518 3815 1889 3887 invenitur,
1960 3823 2020 3875 et
2063 3814 2130 3875 in
2169 3815 2624 3875 Theodosiano
2686 3817 2828 3875 cod.
2888 3815 3059 3877 titul.
3094 3815 3128 3873 5
3178 3814 3251 3873 de
3288 3815 3628 3875 Hererici:
3657 3862 3675 3885 .
3739 3819 3869 3893 leg.
3920 3817 4027 3889 53,

751 3929 784 3973 a
820 3917 898 3972 cl.
954 3909 1341 3973 Gothofredo
1399 3921 1811 3984 recensetur,
1864 3909 2221 3984 suSpicatus
2271 3926 2413 3969 sum
2479 3917 2583 3970 aut
2638 3908 3113 3985 supposititiam
3150 3927 3317 3985 esse,
3368 3916 3480 3969 aut
3541 3912 3716 3988 quod
3784 3912 4031 3971 verisi-

751 4008 971 4069 milius
1007 4007 1359 4067 etiamnum
1425 4016 1620 4083 puto,
1677 4007 1741 4067 in
1788 4005 2068 4066 hasretici
2117 4012 2331 4064 contra
2371 4023 2561 4083 quem
2615 4006 2955 4083 irrogatur.
3012 4006 3274 4066 nomine
3334 4005 3794 4082 depravatum,
3854 4007 4029 4071 falso

748 4102 1164 4164 Jovinianum
1227 4099 1547 4179 praeferre.
1614 4100 2029 4179 Argumentis
2093 4098 2185 4159 ibi
2264 4116 2341 4159 ex
2398 4099 2796 4175 Hieronymo
2872 4100 3208 4174 adductis,
3281 4101 3735 4162 testimonium
3813 4102 4029 4166 hocce

749 4202 1020 4260 alterum
1088 4198 1247 4257 adde
1306 4213 1386 4257 ex
1451 4197 1823 4266 Gennadio,
1902 4212 2041 4271 cap.
2093 4194 2170 4255 75
2232 4195 2298 4254 in
2377 4194 2572 4255 Paulo
2612 4239 2627 4265 ,
2692 4194 2797 4253 ubi
2881 4194 3213 4255 Joviniani
3294 4195 3578 4254 heretici
3666 4199 4027 4269 meminit,

750 4293 1149 4371 voluptatum
1171 4311 1239 4351 ac
1274 4290 1559 4351 libidinis
1580 4290 2045 4368 pradicatoris,
2078 4291 2181 4350 cui
2216 4291 2277 4349 in
2303 4299 2548 4349 tantum
2580 4290 2963 4351 continentis
3002 4293 3146 4352 vitae
3199 4300 3257 4351 et
3284 4300 3470 4351 castra
3500 4292 3836 4355 institutio
3868 4314 4032 4354 con-

750 4391 953 4452 traria
978 4390 1127 4468 fuit,
1157 4396 1226 4447 ut
1260 4388 1429 4447 inter
1463 4387 1832 4447 luxuriosas
1884 4385 2097 4463 epulas
2148 4386 2415 4444 animam
2448 4392 2789 4444 eructant.
2859 4386 2947 4446 Ex
2975 4386 3095 4446 hoc
3127 4404 3383 4446 rursum
3419 4389 3768 4462 constabit,
3816 4390 4031 4450 liuere-

750 4488 945 4547 ticum
988 4500 1114 4545 non
1150 4483 1218 4543 in
1260 4483 1581 4545 Dalmatia;
1612 4483 1827 4543 insula
1862 4482 2113 4542 exsiliis
2140 4482 2328 4554 clara,
2363 4487 2430 4539 ut
2474 4480 2597 4538 Lex
2648 4479 2855 4557 jubet,
2911 4482 3252 4556 plumbatis
3287 4500 3522 4544 caesum
3564 4502 4022 4549 aerumnosam

749 4583 943 4640 vitam
980 4579 1275 4649 traxisse,
1308 4578 1422 4639 sed
1451 4578 1793 4639 confertam
1834 4576 2223 4652 voluptatum
2258 4575 2548 4633 omnium
2578 4575 2879 4635 varietate
2908 4578 3140 4638 mediis
3175 4579 3238 4638 in
3266 4579 3517 4642 deliciis
3541 4584 3825 4645 animam
3865 4602 4029 4648 evo-

750 4676 991 4737 muisse
1037 4690 1180 4734 cum
1212 4674 1499 4752 crapula.
1538 4674 1673 4731 lam
1714 4688 1861 4732 vero
1894 4672 2244 4730 succedunt
2282 4678 2501 4727 contra
2545 4669 2947 4746 Vigilantiam
2985 4672 3241 4733 libellus
3264 4691 3377 4749 pro
3411 4680 3799 4739 Sanctorum
3829 4693 4026 4744 cutu

750 4788 823 4834 ac
855 4769 1174 4847 reliquiis,
1210 4775 1399 4847 atque
1425 4768 1590 4829 alius
1628 4765 1856 4826 fusiori
1895 4767 2138 4825 calamo
2171 4772 2468 4822 exaratus
2488 4774 2710 4822 contra
2746 4768 3049 4824 Joannem
3070 4768 3752 4849 Hierosolymitanum,
3782 4776 4028 4853 Οισὶέε-

751 4867 955 4929 ιιὶωιω
1009 4863 1304 4924 factionis
1365 4863 1767 4942 primipilnm
1863 4862 2073 4937 Atque
2134 4856 2305 4917 bene
2368 4874 2631 4935 quoque
2678 4858 2907 4919 librum
2958 4862 3052 4920 illi
3097 4862 3397 4940 prtel‘erre
3434 4868 3737 4930 videatur
3776 4872 4023 4943 aetatis,

749 4979 940 5042 quam
976 4967 1226 5039 egomet
1260 4975 1503 5032 assero,
1549 4960 1959 5035 prmrogativa
1990 4977 2004 5032 ;
2039 4960 2144 5019 sed
2195 4957 2453 5033 quando
2482 4953 2685 5012 varias
2721 4952 2835 5013 hac
2867 4954 2946 5014 de
2982 4974 3049 5017 re
3084 4960 3444 5021 sententias
3491 4961 3712 5024 ferunt
3744 4970 4025 5039 erudit',

749 5067 894 5143 ipse
924 5075 1136 5126 autem
1184 5066 1344 5126 liber
1378 5082 1493 5125 nec
1537 5064 1612 5123 ad
1648 5062 1835 5122 linem
1894 5079 2101 5138 usque
2137 5060 2479 5137 perductus
2511 5056 2588 5115 ab
2642 5068 2904 5118 auctore
2970 5071 3088 5133 est,
3144 5080 3263 5123 nec
3298 5064 3426 5126 nisi
3490 5070 3696 5130 multo
3754 5082 3902 5145 post
3937 5077 4020 5135 ad

756 5161 933 5235 vulgi
964 5177 1189 5220 manus
1217 5160 1501 5231 devenit,
1546 5166 1609 5217 ut
1660 5159 1847 5217 etiam
1914 5157 2211 5216 Ruﬁnum
2250 5160 2639 5231 quaerentem
2701 5152 2768 5212 in
2828 5156 3035 5233 scirpo
3072 5160 3315 5220 nodum
3356 5162 3651 5238 latuerit;
3686 5166 3751 5227 in
3808 5188 4017 5245 quam

752 5255 1034 5333 quisque
1069 5256 1243 5314 malit
1272 5254 1647 5331 Opinionem
1674 5252 2061 5319 concedere,
2105 5252 2422 5327 integrum
2458 5252 2575 5312 hoc
2610 5253 2746 5327 ipso
2771 5254 2999 5316 ordine
3034 5261 3381 5321 reservavi.
3412 5264 3737 5324 Snbneeto
3776 5271 4029 5343 Apolo-

752 5349 991 5425 geticos
1018 5356 1143 5409 tres
1181 5347 1377 5407 libros
1410 5357 1633 5406 contra
1661 5346 1972 5423 Ruﬁnum,
2000 5345 2235 5422 quibus
2268 5348 2601 5420 ipsinsmet
2626 5348 3060 5423 Aquileiensis
3094 5356 3452 5434 presbyteri
3487 5359 3569 5418 ad
3604 5363 4031 5425 Λιιαεταείυηι

753 5457 979 5519 papam
1003 5442 1405 5518 ApOIOgiam,
1429 5448 1618 5513 atque
1644 5439 1830 5518 hujus
1848 5440 1929 5498 ad
1945 5440 2248 5496 Joannem
2271 5441 2909 5517 Hierosolymimmmt
2934 5446 3011 5505 de
3039 5448 3268 5509 Ruﬁno
3287 5455 3623 5525 epistolam
3655 5460 4028 5539 subjungo:

751 5551 899 5614 quia
930 5541 1057 5593 duo
1089 5535 1568 5611 praeclarissima
1597 5545 2033 5601 monumenta,
2071 5535 2316 5592 tametsi
2350 5536 2404 5592 Il

2362 5536 2875 5609 liieronymianis
2905 5542 3094 5612 probe
3138 5543 3578 5623 i:',t.3llig.;n;jj.
3619 5535 3952 5619 πιρρρεεωῆ
3982 5586 4025 5630 ,θ

751 5630 838 5689 iis
873 5638 1053 5689 antea
1089 5648 1214 5690 non
1250 5630 1766 5691 acrensebantur.
1823 5634 2320 5708 Subsequuntur
2356 5630 2817 5687 Ιειγριςιίκοςνυιιι
2855 5634 3063 5693 itutizzi
3094 5652 3317 5696 comm
3357 5644 3807 5723 Il'tt‘l'Utn'ynlui/l
3844 5653 4027 5721 libri,

750 5726 830 5784 de
864 5739 1138 5800 quorum
1190 5740 1451 5783 numero
1492 5737 1920 5801 ;ll‘-‘.CCOl}C'3plt
1956 5726 2283 5784 doctorum
2327 5723 2405 5781 bo
2436 5725 2655 5782 ninnri
2692 5724 2940 5797 opinio,
2998 5745 3110 5788 seu
3168 5736 3387 5794 verius
3426 5738 3877 5813 ltltliut‘ltmlitt,
3926 5750 4032 5809 hac

749 5826 1012 5885 demum
1045 5832 1134 5884 est
1171 5825 1585 5885 sustollenda.
1630 5827 1981 5901 llaec-ptum
2018 5824 2187 5885 enim
2224 5835 2315 5882 est
2353 5824 2559 5897 vulgo,
2600 5833 2747 5894 t'es,
2788 5843 2912 5884 non
2956 5828 3115 5886 duos
3168 5842 3409 5895 tantum
3480 5842 3593 5917 qui
3662 5864 4020 5923 superant,
