4212 6446
202 414 256 473 13
1116 404 1195 463 IN
1243 399 1696 474 saeuex'rrs
1736 360 1959 460 VlTAS
1997 396 2450 459 ADMONITIO.
3352 395 3416 458 1t

200 523 431 599 scriptos
496 518 573 581 ab
608 518 715 580 illo
757 516 985 594 fuisse,
1025 537 1057 581 e
1112 522 1355 600 quibus
1387 521 2011 600 tertius'temporum
2074 517 2313 597 injuria
2376 514 2797 575 interciderit.
2869 513 3112 590 Nempe
3153 512 3417 574 totidem

204 619 349 680 libris
379 616 717 693 respondet
748 616 1185 694 Hieronymus
1220 637 1235 675 :
1270 626 1667 695 testaturque
1703 618 1841 698 ipse
1874 623 1993 682 sub
2042 620 2299 681 initium
2330 612 2728 693 Apologetiti
2762 630 2936 674 num.
2968 614 3007 672 2
3032 630 3184 674 sane
3236 614 3421 674 lucu-

201 720 371 777 lenter
400 716 475 774 de
513 715 882 775 adversario
919 732 1037 776 suo
1069 735 1227 779 rans
1256 726 1479 777 contra
1519 736 1581 777 se
1615 717 1814 778 libros
1850 726 2173 779 venustate
2201 715 2416 774 Attica
2443 712 2743 771 texuisse.
2783 711 2870 770 lla
2897 709 3159 787 quidem
3196 711 3418 788 μηρίω-

199 822 317 873 runt
346 828 570 871 excusa
608 811 1037 888 exemplaria,
1071 831 1102 875 a
1147 815 1387 893 quibus
1441 815 1684 891 absque
1721 831 1874 875 mss.
1927 811 2238 889 suffragio
2279 826 2357 871 ne
2422 808 2614 869 latum
2657 806 2921 885 quidem
2977 823 3251 884 unguem
3287 806 3419 867 dis-

198 910 496 972 cessimus.
538 909 769 969 Verum
811 918 919 970 aut
958 910 1113 972 duos
1147 915 1595 991 reponendum
1627 911 1742 982 ibi,
1783 917 1892 973 aut
1918 924 2262 971 numerum
2300 905 2562 986 penitus
2589 902 3083 982 expungendum
3118 901 3416 975 arbitror;

199 1018 336 1067 certe
364 1022 489 1067 non
528 1005 748 1083 plures
781 1025 975 1084 quam
1007 1008 1172 1072 duos
1225 1011 1301 1071 ab
1347 1008 1752 1086 Aquileiensi
1790 1009 2171 1087 presbytero
2206 1009 2495 1065 exaratos
2530 1000 2880 1063 contendo.
2916 998 3195 1061 Palmare
3228 1017 3418 1075 argu-
3464 1041 3467 1045 ‹

196 1113 445 1165 mentum
473 1104 639 1164 duco
670 1120 748 1163 ex
777 1105 1077 1185 EpiIOgo,
1114 1122 1247 1185 quo
1286 1106 1426 1185 ipse
1476 1113 1700 1167 auctor
1731 1112 1793 1168 et
1824 1119 2013 1165 suum
2074 1118 2237 1178 opus
2272 1099 2622 1170 concludit,
2660 1107 2719 1158 et
2760 1113 2869 1174 per
2899 1096 3155 1173 singula
3213 1096 3417 1173 capita

196 1211 434 1261 recenset
467 1202 536 1261 in
559 1201 681 1277 ﬁne
708 1220 801 1273 ea,
835 1222 973 1283 qua:
996 1204 1266 1283 sparsim
1294 1220 1412 1281 pro
1442 1222 1558 1263 sua
1586 1200 1965 1282 purgatione
2009 1200 2462 1278 responderat;
2500 1212 2687 1275 quem
2727 1194 2997 1255 lustrare
3027 1194 3233 1256 oculis
3264 1197 3418 1257 satis

202 1301 263 1358 sit
288 1300 353 1357 ad
386 1299 573 1360 tinem
606 1300 989 1375 posterioris
1028 1300 1172 1361 libri
1207 1317 1388 1363 num.
1425 1299 1495 1361 ιιι
1534 1309 1591 1361 et
1625 1315 1834 1378 seqq.,
1862 1304 1928 1357 ut
1969 1297 2129 1359 nihil
2164 1297 2444 1372 amplius
2474 1293 2758 1365 dubites,
2811 1292 3010 1352 totius
3057 1292 3272 1370 Operis
3306 1295 3417 1353 Iu-

202 1392 555 1453 vectivarum
593 1411 731 1453 eam
769 1410 911 1457 esse
958 1412 1276 1457 summam
1307 1440 1323 1468 ,
1375 1394 1763 1471 nullumque
1830 1394 1986 1454 adeo
2044 1395 2279 1455 librum
2335 1398 2635 1468 prrrterea
2696 1403 2839 1447 esse
2879 1386 3187 1461 nouisse,
3230 1388 3417 1466 cujus

203 1490 409 1564 integra
434 1490 640 1566 capita
681 1491 756 1549 ad
785 1494 1267 1561 ἀνακεφαλαίωσιν
1299 1505 1428 1550 non
1470 1490 1807 1550 revocarit.
1845 1494 2058 1551 Series
2102 1506 2363 1568 quoque
2421 1486 2945 1563 lliernnj'mianze
2972 1483 3360 1545 velitationis
3398 1532 3416 1556 ,

205 1588 511 1657 rraasertim
553 1601 705 1647 vero
738 1594 1106 1663 postremas,
1141 1603 1331 1665 quam
1366 1587 1644 1663 acceptis
1686 1587 1893 1647 Ruﬁni
1941 1588 2126 1648 libris
2180 1586 2497 1663 reposuit,
2534 1600 2661 1644 non
2696 1583 2815 1643 nisi
2860 1582 3019 1642 duos
3064 1583 3212 1642 illos
3257 1600 3413 1642 cou-

202 1683 323 1743 t'utat
357 1685 655 1743 :tertium
702 1701 898 1762 quem
940 1684 1308 1757 somniant,
1368 1684 1641 1744 omnino
1686 1684 1955 1760 ignorat.
2007 1682 2291 1759 Denique
2344 1682 2505 1742 duos
2556 1678 2997 1738 tantummodo
3042 1678 3419 1737 Gennadius

201 1778 339 1834 navit
372 1794 507 1853 cap.
548 1781 648 1850 17,
685 1779 871 1856 cujus
914 1779 1359 1839 testimonium
1394 1778 1507 1839 hac
1540 1779 1606 1838 in
1650 1796 1713 1838 re
1745 1794 2015 1838 summa)
2069 1780 2232 1838 duco
2273 1774 2667 1836 auctoritatis
2703 1818 2718 1845 ,
2789 1775 2960 1852 quod
3007 1773 3161 1833 nulli
3218 1774 3416 1851 magis

202 1873 367 1933 ltuﬁni
402 1875 603 1948 gloria
638 1875 813 1935 cordi
843 1874 1060 1947 fuerit,
1095 1888 1196 1937 aut
1252 1875 1735 1936 lucubrationes
1780 1884 2146 1953 perspecta).
2200 1873 2656 1946 OL-trectatori,
2695 1871 2934 1951 inquit,
2966 1871 3420 1950 opusculorum

200 1987 409 2026 suorum
446 1972 719 2045 (scilicet
750 1972 1175 2049 Hieronymo)
1210 1970 1538 2048 respondit
1572 1971 1886 2049 (Ruﬁnus)
1925 1988 2175 2033 uuonus
2211 1970 2677 2037 voluminibus,
2714 1987 2983 2045 arguens
3044 1978 3100 2027 et
3154 1971 3418 2027 convin-

197 2084 323 2133 ecns,
356 2086 415 2126 se
452 2069 564 2127 Dei
598 2069 866 2139 intuitu,
902 2078 961 2128 et
988 2068 1285 2129 Ecclesia:
1315 2069 1619 2140 utilitate,
1655 2067 2011 2129 auxiliante
2041 2068 2334 2139 Domino,
2378 2067 2699 2143 ingenium
2732 2066 3028 2140 agitasse,
3068 2063 3247 2124 illum
3272 2083 3418 2123 vero

197 2163 572 2223 anmlationis
603 2164 860 2223 stimulo
895 2166 1229 2225 incitatum
1257 2164 1342 2225 ad
1364 2164 1817 2243 obloquendum
1875 2163 2109 2239 stylum
2170 2163 2454 2222 vertisse.
2491 2162 2610 2222 Sed
2647 2160 2776 2220 iure
2802 2160 3033 2231 obiter,
3085 2170 3147 2219 et
3194 2164 3257 2221 in
3295 2162 3419 2222 mei

198 2274 417 2335 quoque
456 2260 722 2337 gratiam
764 2261 929 2321 dicta
963 2262 1115 2334 sint,
1152 2260 1263 2339 qui
1306 2278 1385 2323 ex
1430 2268 1872 2337 prmconcepta
1911 2258 2230 2320 sententia
2295 2259 2358 2317 in
2394 2258 2844 2318 Admonitione
2880 2266 3005 2318 tres
3056 2258 3278 2318 videor
3308 2262 3420 2321 ad-

198 2370 560 2418 numerasse.
602 2358 735 2417 Hos
783 2373 951 2433 pone
992 2364 1365 2433 sequuntur
1418 2356 1832 2433 Dialogorum
1894 2366 2113 2415 contra
2148 2356 2519 2431 Pelagianos
2556 2365 2680 2415 tres
2742 2352 2929 2426 libri,
2978 2356 3107 2415 sive
3144 2363 3211 2415 ut
3268 2374 3421 2417 mss.

199 2452 453 2513 nonnulli
490 2453 859 2531 prezferunt,
885 2462 1131 2532 partes,
1180 2454 1427 2532 quibus
1460 2451 1683 2513 isthme
1722 2450 2196 2513 Polemicarum
2232 2454 2663 2529 scriptionum
2695 2452 2897 2511 series
2941 2450 3186 2513 ﬁnitur.
3227 2455 3421 2513 Porro

200 2549 394 2608 librum
426 2550 498 2608 de
526 2550 969 2627 Scriptoribus
1001 2548 1449 2610 ecclesiasticis
1482 2550 1741 2609 demum
1770 2555 2067 2623 annueto,
2102 2567 2291 2627 quem
2326 2550 2540 2612 serius
2576 2566 2644 2609 ea
2684 2548 3087 2625 potissimum
3123 2549 3200 2608 de
3235 2566 3420 2609 causa

195 2645 407 2717 distuli,
438 2646 607 2723 quod
636 2646 713 2706 ad
736 2653 1026 2707 neutram
1059 2646 1327 2708 classem
1351 2646 1686 2705 commode
1721 2644 1944 2705 referri
1968 2663 2042 2707 ex
2074 2648 2430 2723 argumenti
2472 2654 2695 2707 natura
2731 2655 2964 2723 posset.
2998 2652 3083 2706 Ad
3124 2649 3254 2710 hinc
3277 2669 3421 2712 eum

197 2741 472 2801 tiennadii
503 2744 863 2819 catalogum
902 2744 1204 2805 Virorum
1244 2741 1622 2814 lllustrium,
1660 2759 1812 2819 quos
1844 2743 1921 2804 Β.
1959 2744 2414 2820 Hieronymum
2447 2760 2703 2822 sequens
2762 2754 3220 2816 commemorat,
3272 2748 3421 2807 sub-

195 2848 425 2919 iungere
476 2856 741 2899 necesse
774 2847 945 2901 esset
981 2840 1058 2901 ad
1107 2839 1541 2918 antiquiorum
1584 2838 1946 2899 editionum
2004 2846 2064 2900 et
2120 2856 2271 2900 mss.
2336 2838 2632 2900 codicum
2681 2839 3031 2917 exemplar,
3072 2859 3148 2901 ne
3208 2842 3421 2903 alieno

198 2940 395 3009 St‘l‘lplo
424 2936 624 2996 series
651 2936 1308 3015 Hieronymianorum
1353 2938 1692 2997 invenuste
1726 2934 2252 3012 interciperetur,
2287 2952 2589 3014 perquam
2622 2935 2733 2997 ille
2767 2941 3200 2999 commodead
3234 2941 3420 3001 ﬁnem

200 3031 326 3089 tomi
356 3030 586 3091 dilatus
631 3040 751 3099 est,
789 3029 891 3092 hic
929 3032 1325 3110 Appendieis
1360 3036 1498 3093 loco
1524 3032 1935 3110 subjunetus.
1976 3034 2279 3093 Caeterum
2313 3050 2393 3094 ne
2441 3050 2514 3093 ex
2562 3049 2662 3106 eo,
2698 3051 2890 3112 quem
2942 3033 3183 3094 obtinet
3242 3038 3378 3098 loco
3407 3085 3421 3110 ,

202 3126 482 3187 recemior
513 3128 676 3187 forte
705 3136 1063 3204 putaretur,
1096 3128 1175 3189 de
1200 3129 1337 3207 ejus
1374 3137 1553 3191 aetate
1589 3146 1981 3207 praemoneo,
2018 3138 2077 3190 et
2115 3130 2562 3209 superioribus
2616 3147 2881 3210 quoque
2928 3133 3203 3201 singu‘is
3245 3134 3421 3193 libris

202 3226 450 3283 eamdem
484 3239 743 3302 operam
798 3223 862 3284 in
895 3224 1153 3302 propria
1197 3224 1515 3304 cujusque
1569 3227 1813 3305 epocha
1866 3227 2335 3306 investiganda,
2396 3228 2676 3307 aliisque
2746 3229 3174 3305 pricnotandis
3231 3232 3422 3292 rebus

202 3317 489 3392 impendo.

268 3416 592 3494 Reliquum
630 3434 832 3477 unum
867 3428 981 3489 est,
1022 3427 1090 3478 ut
1127 3419 1313 3498 cujus
1351 3420 1439 3482 rei
1475 3422 1675 3500 gratia
1711 3422 1882 3483 hunc
1906 3438 2028 3500 ego
2062 3420 2345 3481 laborem
2385 3437 2527 3482 sum
2558 3437 2926 3499 aggressus,
2963 3420 3156 3482 hosce
3195 3422 3421 3484 Hiero-

206 3516 345 3587 nymi
380 3514 543 3575 fetus
596 3524 910 3577 nocturna
957 3517 1319 3595 diurnaque
1354 3537 1547 3579 manu
1607 3537 1845 3580 verses.
1880 3521 2033 3579 Cum
2084 3517 2259 3577 enim
2326 3518 2456 3577 sint
2506 3535 2660 3579 sane
2725 3519 2934 3579 omnia
2984 3536 3125 3594 quae
3168 3522 3246 3580 ab
3306 3521 3421 3579 illo

206 3609 597 3671 Ecclesiarum
658 3614 969 3689 Magistro
1033 3614 1305 3690 posteris
1368 3614 1590 3675 relicta
1666 3624 1816 3676 sunt
1866 3612 2222 3675 litterarum
2286 3622 2699 3674 monumenta
2757 3614 2938 3675 utilia
2992 3632 3138 3676 cum
3200 3616 3422 3694 primis

202 3714 357 3779 atque
389 3705 685 3777 illustria,
722 3709 1163 3787 mihiquidem
1196 3709 1398 3771 multo
1436 3712 1989 3787 praestantissima,
2041 3711 2377 3791 multoque
2414 3712 2737 3773 uberrima
2789 3714 3005 3774 istbeee
3040 3716 3378 3774 exisimau

204 3805 303 3871 tur,
350 3818 486 3877 qute
522 3803 684 3863 alter
731 3804 833 3863 bic
871 3815 1084 3865 tomus
1139 3806 1609 3881 complectitur,
1658 3808 1841 3887 cujus
1908 3820 2120 3887 partes
2182 3827 2408 3871 omnes
2473 3813 2792 3890 ejusmodi
2847 3820 3019 3884 sunt,
3088 3823 3153 3872 ut
3208 3813 3298 3872 vel
3341 3815 3419 3875 ad

207 3906 357 3954 rectae
391 3896 533 3957 ﬁdei
585 3899 954 3972 depositum
997 3901 1499 3963 custodiendum
1565 3912 1782 3965 contra
1818 3907 2264 3969 hmreticorum
2316 3917 2623 3970 venenata
2681 3909 2996 3983 dogmata,
3038 3912 3201 3971 vires
3233 3921 3423 3989 atque

206 4004 342 4049 arma
379 3995 816 4069 suppeditent,
872 3996 966 4056 vel
1020 3997 1095 4058 ad
1134 4009 1364 4059 rectam
1409 3999 1659 4059 vivendi
1718 4004 2029 4064 rationem
2074 4005 2401 4080 sapienter
2435 4006 2894 4067 instituendam
2937 4006 3212 4067 maximo
3244 4011 3423 4084 adju-

206 4097 380 4149 mento
418 4092 539 4152 sint
578 4113 593 4151 :
637 4093 924 4170 denique
957 4093 1294 4169 generosis
1333 4112 1402 4156 ac
1456 4098 1617 4159 bene
1649 4100 1816 4159 natis
1842 4099 2146 4177 ingeniis
2178 4102 2568 4163 eruditionis
2623 4119 2693 4163 ac
2741 4102 3027 4164 scientia:
3075 4104 3423 4181 plurimum

206 4184 511 4253 conferant.

1184 4414 1420 4425 m

1497 4416 1764 4428 “~—

1769 4418 1917 4427 -υ
1926 4418 2090 4428 -ι--ισ
2119 4416 3419 4430 *Μ’

1320 4542 1382 4596 ΙΝ
1417 4544 1826 4611 ΞΞίΟΕΕΝΪΕΞ
1865 4550 2044 4606 ἸῚὶΕδ
2077 4551 2277 4607 VITAS

805 4719 1205 4832 mum,
1318 4722 2045 4817 HlLAltIONIS
2117 4731 2269 4819 ET
2342 4730 2838 4834 MALCHI,

1558 4922 2013 4981 ADKIONITI”.

1748 5100 1815 5111 Aa-

262 5222 424 5279 Trium
451 5225 681 5279 maxime
714 5224 1011 5291 insignium
1042 5223 1466 5285 monachorum,
1506 5222 1684 5290 Pauli,
1721 5226 2043 5292 Hilarionis,
2085 5241 2139 5284 et
2192 5230 2409 5297 Malclii,
2436 5234 2589 5289 Vitas
2621 5234 2800 5289 tribus
2855 5237 3004 5291 hisce
3031 5238 3227 5295 libellis
3289 5240 3417 5297 lli:-

210 5322 426 5379 tmiyaius
454 5322 640 5366 narrat
670 5328 686 5365 :
725 5314 817 5380 qui
847 5312 1074 5365 totidem
1109 5311 1383 5375 epistolis,
1428 5327 1567 5379 quas
1593 5315 1643 5366 in
1676 5316 1843 5381 priori
1872 5328 2023 5369 tonio
2056 5320 2171 5371 suis
2196 5319 2335 5373 locis
2358 5323 2702 5385 exhibemus.
2739 5326 2901 5377 trium
2932 5328 3239 5382 sanctitatis
3263 5328 3420 5385 laude

212 5401 538 5460 [instantium
572 5400 921 5458 ferninarum,
952 5394 1212 5460 Fabiolae,
1246 5395 1448 5457 Paulm,
1487 5413 1557 5452 ac
1583 5400 1872 5461 Marcellae.
1916 5401 2148 5454 virtutes
2178 5404 2243 5454 ad
2278 5403 2528 5458 Yitarum
2556 5421 2723 5473 prope
2753 5409 2923 5460 instar
2958 5411 3274 5465 celebravit.
3309 5413 3418 5467 Nec

212 5482 302 5534 alue
333 5500 574 5553 prreterea
605 5495 753 5548 sunt,
789 5500 930 5553 quas
967 5481 1026 5537 S.
1062 5484 1264 5537 Doctor
1300 5485 1662 5549 elucubrarit,
1697 5486 1826 5541 Vita:
1850 5501 2158 5543 sanctorum
2208 5492 2480 5559 Patrum,-
2516 5499 2733 5551 tametsi
2776 5499 2935 5566 longe
2970 5500 3179 5566 plures,
3213 5514 3419 5567 easque

213 5577 490 5637 prs-scrtim,
527 5588 664 5641 quas
705 5571 1034 5624 Heribertus
1061 5569 1389 5624 Rosweidus
1412 5578 1683 5626 recensuit
1705 5576 1945 5627 secundo
1977 5576 2137 5637 libre,
2160 5578 2233 5631 illi
2264 5579 2579 5645 adjudxcent
2610 5582 2819 5648 antiqui
2854 5583 3149 5651 scriptores
3187 5586 3413 5652 aliquot.

213 5668 403 5735 vitiorum
442 5660 753 5714 teStimonia
790 5660 1061 5727 sequioris
1093 5659 1191 5710 invi
1222 5658 1451 5711 eruditis
1482 5659 1886 5727 imposuerunt.
1925 5660 2201 5720 Gelasius.
2261 5681 2359 5719 seu
2418 5669 2670 5735 quisquis
2728 5669 2816 5721 ille
2863 5682 2948 5722 est
3014 5679 3168 5724 t‘ctus
3224 5683 3416 5725 auctor

216 5734 463 5797 [terretide
490 5748 807 5799 authentiris
842 5746 1017 5804 libris.
1052 5760 1174 5813 cap.
1212 5745 1265 5808 4,
1302 5745 1471 5806 Vitas,
1500 5746 1698 5813 inquit,
1738 5748 1963 5801 l’atrum
1993 5749 2178 5817 Pauli,
2210 5734 2449 5818 Antonii,
2496 5734 2817 5819 Hilarionis,
2858 5769 2905 5810 ct
2941 5762 3173 5813 omnium
3209 5760 3413 5813 Eremi-

217 5835 373 5894 τίπκηιι
403 5848 529 5899 quas
555 5846 730 5888 tamen
753 5836 827 5887 rir
858 5832 920 5886 Β.
958 5832 1317 5901 Hieronymus
1355 5834 1660 5901 descripsit,
1688 5852 1807 5888 cum
1841 5840 1984 5890 omni
2027 5842 2221 5896 honore
2250 5845 2592 5912 suscipimus.
2641 5844 2837 5901 Verum
2882 5846 3100 5902 Antmtii
3144 5850 3313 5901 Vitam
3349 5851 3415 5903 ab
