4212 6454
779 390 846 460 i5
1934 395 1996 458 S.
2044 392 2356 455 EUSEBII
2399 395 2442 455 Π

2399 392 2837 455 ΠΙΕΗΟΝΥΜῙ
3950 388 4019 454 16

776 508 1074 563 Athanasio
1099 506 1282 562 Graece
1311 505 1663 576 descriptam,
1695 504 1762 559 ab
1786 505 2017 574 Evagrio
2057 505 2403 559 Antiocheno
2434 505 2624 561 Latine
2656 505 2829 560 fuisse
2852 505 3142 565 redditam.
3174 511 3514 573 compertum
3552 509 3658 558 est.
3697 499 3874 556 Tanto
3900 513 4022 566 post

774 593 1066 648 Gratianus
1104 594 1311 648 Decrct.
1346 609 1397 663 p.
1433 611 1492 660 tt,
1526 608 1679 647 caus.
1712 593 1805 654 27,
1839 593 1925 654 Ut,
1958 593 2159 661 inquit,
2197 592 2351 660 refert
2380 593 2440 646 Β.
2466 593 2842 663 Hieronymus,
2874 592 3148 646 Macarius
3169 591 3463 659 pra'cipuus
3501 593 3641 644 inter
3663 590 3860 644 Christi
3883 588 4020 642 Ere-

775 684 956 740 mitas.
996 682 1258 735 celebrato
1294 683 1598 749 nuptiarum
1639 681 1870 733 convivio
1897 695 2013 732 cum
2047 697 2253 746 vespere
2288 683 2575 734 thalamum
2612 692 2744 735 esset
2780 683 3140 750 ingressurus,
3167 697 3230 733 ex
3261 679 3395 734 Urbe
3413 681 3707 748 egrediens.
3744 687 4020 731 transma-

775 773 896 822 rina
921 772 1093 838 petiit,
1123 779 1172 825 et
1205 773 1370 824 eremi
1403 772 1744 822 solitudinem
1773 770 1874 822 sibi
1915 772 2090 837 elegit.
2125 771 2248 826 Haec
2303 787 2432 826 vero
2462 774 2681 824 minime
2718 772 2959 826 omnium
3015 769 3405 838 Hieronymus.
3439 769 3529 821 sed
3596 767 3837 835 germani
3903 765 4024 833 ejus

775 855 912 910 Vita:
936 871 1193 913 auctores
1227 858 1590 926 TheOphilus,
1630 857 1853 925 Sergius
1883 869 1936 912 et
1970 861 2213 930 Hyginus
2284 860 2528 914 tradunt.
2574 859 2846 912 Praetereo
2910 873 3031 926 qua:
3091 873 3156 909 ex
3205 856 3468 923 suppositi
3503 857 3564 906 iis
3617 853 4026 917 scriptionil-us

777 943 1216 1015 Hieronymianis
1249 946 1602 1015 proferuntur
1627 947 1902 1015 ejusmodi
1939 950 2285 1010 testimonia,
2325 957 2378 999 et
2411 965 2531 1015 qum:
2568 948 2815 1000 nomnrlli
2849 963 2914 1000 ex
2958 944 3274 999 Cassiodori
3307 944 3552 995 Divinar.
3595 942 3844 995 Lection.
3877 954 4010 1007 cap.

777 1035 868 1098 52,
909 1047 961 1086 et
990 1049 1053 1088 ex
1091 1035 1341 1089 Cassiani
1375 1033 1704 1091 Praeiatione
1743 1042 1809 1090 aal
1849 1039 2017 1091 libros
2047 1037 2456 1091 Institntionum
2491 1039 2654 1088 nimis
2684 1035 2960 1089 subtiliter
2987 1035 3269 1102 colligunt.
3306 1032 3446 1084 Sane
3498 1039 3797 1083 occurrunt
3847 1040 4012 1082 vetu-

785 1123 1010 1176 stissitni
1039 1138 1172 1178 mss.
1206 1125 1354 1190 libri,
1402 1127 1494 1194 qui
1534 1140 1631 1195 pro
1669 1126 1821 1179 hisce
1872 1136 1924 1179 et
1958 1126 2228 1194 plerisque
2256 1125 2376 1179 aliis
2411 1125 2546 1179 Vitis
2589 1125 2939 1193 ﬁdejubeant.
3010 1121 3154 1175 Duos
3214 1120 3481 1185 ejrsmodi
3547 1121 3834 1172 Varii-arms
3891 1121 4028 1171 u'iim

779 1210 998 1278 Regina:
1022 1211 1322 1266 Succorum
1358 1214 1460 1281 ipsi
1483 1213 1811 1277 evolrirnus,
1847 1229 1875 1266 e
1913 1214 2268 1267 Coislininnis
2298 1215 2500 1268 multos
2537 1213 2722 1267 haberi
2764 1211 2918 1266 testis
2963 1211 3135 1264 estcl.
3167 1208 3633 1262 Montfauronius.
3673 1207 3889 1259 Mentiri
3928 1222 4032 1258 an-

775 1308 880 1351 tem
912 1300 1031 1353 illos
1062 1302 1143 1354 vel
1187 1303 1288 1354 hoc
1318 1319 1422 1354 uno
1450 1313 1595 1369 patet
1632 1301 1856 1365 indicio,
1888 1302 2032 1368 quod
2069 1303 2202 1355 Vitae
2242 1303 2345 1354 illa:
2374 1303 2507 1354 nihil
2575 1302 2640 1351 ab
2673 1299 2758 1362 iis,
2790 1313 2911 1366 quae
2944 1298 3046 1350 sub
3071 1295 3295 1349 Palladii
3332 1299 3553 1348 nomine
3617 1297 3902 1347 Cirl’lllltiL’I
3924 1312 4024 1345 nn-

781 1396 890 1448 tnr,
924 1389 1152 1441 diversae
1177 1391 1306 1442 sint.
1347 1387 1498 1443 Unus
1523 1389 1894 1451 Colbertinus,
1931 1399 2069 1443 teste
2094 1389 2322 1456 Cangio,
2357 1399 2477 1459 post
2513 1390 2834 1441 Lausiacam
2893 1384 3186 1438 historiam
3215 1387 3328 1437 haec
3354 1386 3540 1436 Salii-il
3577 1401 3588 1435 :
3641 1385 3834 1450 Ἑτέρα
3877 1385 4033 1434 isto-

775 1473 866 1542 ρια
901 1475 980 1534 εἰς
1015 1477 1138 1538 τοὺς
1171 1476 1316 1544 βίους
1339 1477 1447 1528 τῶν
1468 1479 1638 1542 ἁγίων
1667 1478 1764 1546 τῆς
1796 1479 2073 1544 Αἰγύπτου
2114 1480 2288 1546 (srrpp,
2343 1497 2438 1530 παπ

2368 1479 2615 1544 ῖειτέρωι)
2670 1491 2798 1540 suam
2817 1475 3049 1541 ραφεῖστι
3081 1471 3233 1534 supra
3275 1472 3606 1541 'iepwv.y.ou
3663 1472 3898 1539 prava/pi
3930 1473 4031 1523 καὶ

772 1566 1151 1634 πρεσϐειτέρου
1179 1565 1272 1617 τοῦ
1299 1567 1359 1618 ὲκ
1391 1567 1706 1632 Δαλματίας
1739 1587 1752 1621 :
1789 1570 1910 1620 Alia
1949 1568 2190 1621 Historia
2222 1569 2282 1620 de
2325 1568 2427 1620 Viti

2367 1569 2455 1620 itis
2479 1574 2786 1616 sanctarum
2833 1561 3054 1613 Patrum
3095 1557 3315 1627 zEgypti
3369 1560 3462 1610 abs
3520 1559 3842 1626 Hieronymo
3893 1558 4029 1610 Dal-

771 1663 918 1704 mata
955 1654 1208 1705 monacho
1241 1663 1287 1705 et
1318 1655 1615 1721 presbytero
1642 1658 1960 1721 conscripta.
2026 1657 2130 1708 Sed
2173 1656 2337 1708 verbo
2373 1663 2528 1707 tenus
2568 1650 2862 1704 Palladium
2922 1650 2972 1700 iu
3002 1664 3062 1702 ea
3092 1647 3436 1708 describi.“
3479 1649 3594 1716 ipso
3627 1650 3816 1717 Call-aii
3875 1649 4028 1702 le-Sli-

770 1743 956 1793 rnonio
984 1739 1273 1811 Fabricius
1307 1750 1493 1803 notat;
1529 1757 1627 1795 nec
1659 1743 1880 1795 dubium
1914 1743 2152 1808 videtur,
2183 1742 2488 1795 Gr'mcultIm
2523 1739 2837 1806 quempiam
2897 1733 3210 1803 Hierongmi
3272 1750 3468 1788 nomen
3525 1735 3646 1789 ideo
3698 1739 4022 1802 mentitum,

771 1829 917 1892 quod
942 1830 995 1880 in
1033 1828 1122 1881 illa
1152 1826 1486 1882 Collectione
1520 1838 1630 1882 tres
1662 1845 1882 1898 quoque
1907 1831 2023 1883 ista:
2058 1830 2115 1884 S.
2161 1831 2335 1881 Patris
2375 1841 2645 1897 gentianae
2692 1825 2932 1878 historia
2962 1824 3287 1875 habeantur.
3319 1820 3426 1875 Hoc
3454 1834 3506 1875 et
3531 1820 3748 1876 Gelasio
3781 1827 4026 1892 primum

772 1914 950 1968 fraudi
989 1915 1184 1979 fuerit;
1217 1917 1340 1968 cum
1384 1919 1526 1969 enim
1562 1918 1658 1970 abs
1695 1916 2013 1986 Hieronymi
2043 1917 2174 1980 ictu,
2206 1919 2352 1969 Pauli
2419 1916 2556 1975 Vita,
2590 1913 2846 1967 Collectio
2872 1913 2960 1966 illa
3016 1909 3224 1977 jamdiu
3283 1909 3412 1962 olim
3465 1911 3750 1977 inciperet,
3805 1913 3875 1963 ab
3931 1926 4025 1968 eo,

785 2017 946 2070 quem
981 2002 1249 2056 liminaris
1285 2003 1478 2070 pagina
1510 2005 1835 2072 praeferebat
1867 2015 2117 2067 auctore,
2167 2014 2309 2057 totus
2355 2005 2490 2056 liber
2531 2004 2826 2066 inSClipll‘S
2851 2011 2950 2054 est.
2977 1997 3242 2052 Czeterum
3263 2007 3316 2051 et
3343 1997 3409 2050 ad
3433 2000 3814 2053 declinandam
3849 2002 4033 2052 nomi-

770 2104 902 2142 num
944 2088 1126 2143 Rulini
1154 2103 1216 2142 ac
1248 2089 1486 2144 Palladii
1524 2091 1806 2157 invidiam,
1840 2103 1892 2146 et
1923 2092 1986 2144 ad
2020 2091 2362 2145 librariorum
2384 2091 2766 2158 cernpenlium
2799 2088 3040 2141 fraudem
3064 2085 3336 2139 interdum
3372 2086 3679 2140 institutam
3715 2087 3885 2141 l'u‘sse
3912 2104 4026 2140 non

770 2176 983 2230 dubito.

844 2261 980 2318 Tres
1036 2264 1219 2332 itaque
1264 2264 1381 2319 ista:
1413 2265 1678 2319 duntaxat
1707 2281 1738 2320 e
1769 2266 1827 2321 S.
1858 2267 2107 2324 Doetoris
2155 2271 2329 2322 nostri
2358 2268 2567 2321 calamo
2607 2265 2863 2333 proferte:
2889 2273 3042 2330 sunt,
3089 2279 3226 2333 quas
3245 2271 3299 2317 et
3325 2263 3524 2315 eximia
3581 2262 3858 2316 sermonis
3915 2261 4032 2314 cle-

769 2352 978 2423 gantia,
1006 2360 1057 2405 et
1091 2351 1343 2406 asceticte
1375 2351 1495 2406 vita:
1527 2353 1944 2421 praeclarissima
1974 2357 2217 2423 exempla
2249 2355 2654 2408 commendant.
2686 2353 2934 2407 Proicere
2956 2369 3019 2406 ex
3046 2351 3486 2420 Hieronymianis
3508 2351 4030 2405 elucubrationibus

772 2446 922 2498 trulla
958 2460 1154 2499 recusa
1205 2455 1285 2499 est
1317 2445 1537 2514 saepius,
1575 2445 1721 2498 nulla
1759 2447 1942 2514 plures
1973 2447 2178 2500 invenit
2211 2449 2470 2508 eJitores,
2506 2461 2569 2498 ac
2634 2447 2806 2513 magis
2856 2445 3118 2499 eruditos.
3155 2444 3284 2497 Duae
3315 2448 3526 2513 priores
3555 2457 3609 2500 et
3680 2446 3870 2500 Graece
3926 2445 4029 2498 ha-

769 2535 1003 2597 bentur;
1055 2535 1166 2586 imo
1217 2535 1442 2587 alteram
1500 2533 1720 2586 vixdum
1756 2535 1823 2586 ab
1851 2546 2072 2588 auctore
2118 2535 2415 2602 vulgatam,
2477 2533 2814 2600 Sophronius
2839 2532 2889 2583 itr
2923 2533 3172 2585 Graecum
3214 2534 3380 2586 vertit
3411 2551 3430 2586 :
3459 2533 3675 2587 tametsi
3711 2549 3835 2601 qua
3872 2547 4031 2587 nunc

767 2629 1042 2689 superest,
1087 2629 1140 2673 et
1167 2619 1326 2688 cujus
1358 2620 1575 2674 initium
1599 2629 1682 2674 est
1717 2638 1730 2674 :
1760 2621 1861 2673 Ἐν
1901 2623 2242 2690 Παλαιστίνῃ
2293 2622 2430 2680 πόλις

2368 2622 2445 2680 >.ις
2490 2621 2636 2671 ὲςτίν
2666 2620 2763 2670 οὐκ
2807 2619 3026 2670 ἔλαττον
3067 2620 3289 2686 ῆπέντε
3323 2622 3420 2673 καὶ
3447 2623 3856 2689 τεσσαράκοντα
3894 2637 4031 2672 στει-

759 2708 918 2770 ’δίους
953 2707 1240 2776 ἀπέχουσα
1269 2709 1472 2776 Γάζης,
1501 2708 1746 2762 Simeoni
1776 2709 2163 2777 Melapbrastm
2188 2711 2330 2762 docti
2363 2711 2422 2761 vir

2364 2709 2458 2761 viri
2486 2707 2674 2760 malint
2700 2721 2776 2760 asi
2797 2707 2997 2760 ribere.
3033 2707 3224 2761 Latine
3249 2720 3428 2763 autem
3459 2725 3575 2771 eas,
3605 2719 3801 2775 prater
3824 2709 4027 2763 Hirro-

771 2794 1157 2863 nymianorum
1187 2809 1412 2862 operum
1452 2795 1714 2857 editores,
1757 2794 1954 2849 Snrins
1982 2812 2043 2849 ac
2076 2797 2453 2863 Liponrannns
2471 2803 2757 2848 recensent
2782 2811 2800 2846 :
2822 2795 3106 2859 expoliunt
3129 2794 3309 2848 denuo
3327 2805 3493 2863 atque
3515 2797 3791 2850 illustrant
3816 2799 4031 2849 doctis-

767 2880 924 2934 simis
959 2881 1408 2935 annotationibus
1439 2882 1781 2945 Rosweidus,
1813 2881 2134 2944 Bollandus,
2168 2887 2369 2951 quique
2425 2899 2678 2951 magnum
2715 2883 2846 2935 illud
2875 2883 3149 2952 inceptum
3202 2896 3629 2952 persequuntur.
3664 2885 3864 2938 Parum
3895 2886 4029 2938 dili-

772 2967 974 3035 gentia:
1007 2975 1216 3021 nostra:
1250 2968 1523 3037 reliquum
1555 2967 1724 3022 fuisse
1753 2969 2002 3022 videatur
2042 2987 2056 3034 ;
2092 2971 2446 3023 nihilominus
2469 2970 2614 3038 quod
2658 2981 2970 3024 nostrarum
3031 2972 3268 3041 partium
3295 2972 3420 3034 fuit,
3456 2990 3522 3028 ne
3551 2974 3758 3028 frustra
3793 2988 4024 3042 cperam

776 3054 1111 3117 locaremus.
1138 3055 1315 3110 sicubi
1350 3057 1632 3110 emendari
1669 3059 1968 3126 ornarique
2002 3067 2298 3126 potuerunt
2348 3059 2588 3122 uberius,
2647 3056 3052 3111 contendimus.
3084 3056 3549 3125 Prestojnerunt
3597 3070 3838 3128 quatuor
3869 3059 4029 3113 Vati-

768 3143 886 3195 cani
916 3141 1043 3196 olim
1065 3141 1284 3211 Regina:
1315 3145 1619 3196 Succorum
1645 3144 1858 3212 antiqui
1898 3160 2036 3199 mss.
2062 3145 2300 3204 codices,
2335 3141 2618 3212 prmnouti
2681 3143 2927 3196 numeris
2965 3143 3092 3204 459..
3120 3143 3244 3205 500,
3279 3145 3405 3205 589,
3438 3145 3563 3198 797.
3601 3145 3753 3198 Cons
3797 3162 4027 3214 tutoque

767 3244 798 3282 e
821 3230 1046 3292 nostris,
1073 3244 1212 3299 quos
1240 3230 1491 3299 privatim
1526 3231 1671 3284 domi
1707 3246 2094 3286 asservamus:
2135 3248 2239 3284 non
2273 3233 2362 3285 ille
2386 3231 2606 3300 quidem
2635 3231 3010 3284 rernotissinne
3066 3233 3378 3289 vetustatis.
3439 3234 3532 3284 sed
3605 3234 3788 3301 probae
3849 3245 4024 3287 notae.

770 3315 1102 3372 Laudandus
1131 3333 1262 3372 vero
1293 3327 1381 3372 est
1407 3333 1518 3385 przn
1546 3318 1762 3372 caeteris
1805 3335 1946 3372 unus
1975 3319 2296 3387 amplissimi
2337 3317 2643 3374 Veronens.
2681 3319 2915 3385 Capituli
2971 3318 3062 3385 qui
3099 3335 3290 3370 omnes
3345 3321 3408 3370 ad
3459 3321 3597 3374 hanc
3653 3336 3827 3388 uSqne
3875 3322 4024 3375 diem

771 3406 1024 3476 cognitos
1054 3403 1216 3459 facile
1250 3414 1495 3474 superat.
1529 3403 1783 3475 Scriptus
1812 3423 2005 3475 nempe
2031 3417 2114 3460 est
2148 3423 2293 3460 anno
2320 3407 2758 3475 quingentesimo
2784 3406 2996 3457 decimo
3017 3405 3249 3470 Septimo
3273 3405 3338 3457 ab
3369 3404 3646 3468 llr-sicine,
3679 3407 3863 3459 nescio
3883 3423 4024 3474 quo.

770 3503 970 3546 nostra:
1009 3492 1174 3561 hujus
1204 3491 1463 3546 Ecclesia:
1497 3492 1726 3556 lectore,
1757 3497 1900 3561 quod
1948 3499 2058 3562 ipse
2097 3495 2182 3546 his
2218 3495 2396 3547 verbis
2452 3495 2612 3560 paulo
2645 3494 2770 3545 licet
2801 3493 3010 3544 vitiosis
3035 3493 3104 3544 ob
3136 3507 3323 3545 corum
3353 3507 3656 3560 temporum
3689 3496 4018 3562 pronuntia-

770 3581 973 3633 tionenr
1006 3581 1311 3649 proﬁtetur.
1343 3579 1499 3633 PER.
1536 3579 1898 3634 SCRIBTUS.
1923 3580 2137 3634 CODIX
2171 3577 2302 3633 HEC
2334 3580 2433 3634 SUI

2357 3580 2464 3634 SUB
2491 3581 2602 3635 DIE
2660 3581 2814 3635 KAL.
2847 3581 3005 3634 AVG.
3036 3580 3338 3636 AGAPH‘O
3374 3581 3504 3637 ΥΟΕ
3531 3581 3694 3638 ιΝω.
3755 3582 4020 3638 DECIMA

771 3668 904 3722 PER
940 3667 1334 3724 URSICINUM.
1372 3667 1568 3724 LI‘LCT.
1597 3668 1955 3724 ECCLESle
1991 3668 2537 3738 VERONENSISW).

841 3759 1084 3822 Annum,
1118 3774 1225 3827 quo
1255 3757 1410 3810 Pauli
1443 3755 1564 3812 Vita
1597 3759 1805 3824 scripta
1835 3767 1942 3820 est,
1977 3759 2063 3810 vix
2108 3759 2467 3811 dubitandum
2503 3757 2714 3811 videtur
2745 3775 2863 3812 esse
2890 3759 2994 3812 ὅτι
3044 3769 3137 3811 aut
3192 3770 3545 3827 sequentem.
3596 3759 3702 3815 Per
3762 3761 3815 3815 id
3871 3774 4030 3817 certe

771 3845 1031 3913 temporis
1059 3849 1126 3899 ad
1162 3846 1547 3912 cognominem
1582 3842 1811 3898 Paulum
1853 3844 2322 3898 Concordicnsem
2357 3844 2524 3897 missa
2567 3855 2649 3896 est
2673 3861 2795 3898 cum
2841 3843 3012 3912 Epist.
3043 3847 3096 3897 in
3137 3858 3325 3898 nostra
3357 3850 3678 3902 recensione
3719 3851 3786 3902 tu
3821 3853 3921 3918 (ὁ).
3965 3852 4026 3904 In

774 3931 1038 4001 Catalogo
1088 3945 1267 3986 autem
1303 3933 1538 4002 primum
1571 3933 1710 3986 inter
1743 3931 2194 4002 Hieronymi-nas
2225 3934 2547 4000 scriptiones
2611 3947 2803 3983 onrnes
2838 3932 3045 3984 obtinet
3109 3933 3311 3984 locum.
3379 3934 3521 3987 Duas
3574 3935 3812 4004 reliquas
3873 3953 4027 3992 anno

771 4021 1104 4073 ascribinrus
1157 4017 1283 4083 590,
1313 4021 1508 4073 eodem
1537 4021 1685 4073 ducti
1717 4029 2058 4088 argumento,
2096 4023 2235 4073 serie
2261 4021 2488 4080 scilicet,
2513 4032 2619 4085 qua
2655 4018 2706 4068 in
2735 4017 2989 4087 Catalogo
3037 4029 3413 4084 recensentur,
3453 4032 3575 4091 post
3602 4025 4030 4094 interpretatio-

772 4121 894 4160 nem
918 4104 1275 4162 Houriliarum
1304 4106 1526 4176 Origen.
1571 4107 1625 4161 in
1657 4105 1885 4174 Lucam,
1917 4122 2081 4178 quam
2115 4107 2386 4176 superiori
2421 4104 2522 4162 589
2553 4103 2917 4172 assignamus.

841 4341 917 4412 (α)
945 4339 1100 4395 llunc
1133 4341 1379 4395 omnium
1423 4344 1873 4412 antiquissimum
1926 4343 2554 4412 praestantissimuqu
2581 4341 2702 4395 cod.
2775 4357 2880 4395 ms.
2915 4342 3074 4395 homo
3107 4356 3210 4393 non
3249 4340 3340 4393 ille
3391 4341 3612 4410 quidem
3675 4342 4028 4408 illitteratus,

776 4411 935 4477 cujus
960 4413 1162 4482 nomini
1188 4426 1374 4482 parco,
1421 4415 1528 4466 sibi
1562 4411 1658 4467 uni
1687 4411 2075 4482 sumpsitcum
2103 4416 2247 4468 edito
2296 4411 2714 4467 conferendum.
2746 4411 3196 4464 Contnlttautem
3255 4426 3353 4482 nec
3408 4414 3545 4465 satis
3601 4416 3843 4478 curiose,
3921 4430 4027 4467 nec

774 4491 827 4532 ut
857 4480 1197 4549 propositum
1236 4481 1435 4543 fuerat,
1480 4497 1605 4535 cum
1639 4480 1987 4536 Benedictiua
2015 4484 2275 4546 editione,
2306 4484 2399 4536 sed
2449 4499 2569 4535 cum
2601 4483 2704 4533 alia
2735 4482 2968 4548 quadam
3028 4480 3338 4534 Coloniensi
3393 4497 3558 4547 quam
3596 4497 3704 4549 prie
3751 4484 4022 4538 manibus

774 4548 1023 4602 habebat.
1077 4548 1216 4604 Hinc
1249 4554 1473 4612 laetum,
1501 4563 1559 4605 ut
1587 4552 1722 4606 falso
1761 4553 2055 4606 identidem
2095 4556 2370 4605 variantes
2404 4552 2664 4604 lectiones
2719 4551 3102 4616 exscripserit,
3160 4564 3374 4615 nosque
3405 4548 3666 4602 credulos
3701 4556 3748 4601 ei
3787 4569 4026 4606 nrrntnin

774 4620 1040 4688 habuerit.
1075 4618 1172 4673 Cui
1207 4622 1348 4673 malo
1382 4621 1432 4672 in
1477 4623 1728 4688 praesenti
1767 4624 1926 4688 hujus
1965 4622 2129 4674 libelli
2165 4624 2403 4674 editione
2437 4621 2666 4688 singulis
2698 4619 3008 4688 quibusque
3041 4620 3179 4671 locis
3225 4622 3571 4672 occorrinius
3610 4631 3664 4672 et
3701 4623 4020 4675 medemur.

862 4687 915 4753 ό)
940 4689 994 4742 In
1019 4688 1313 4756 Chronico,
1347 4689 1415 4744 ad
1449 4686 1648 4744 annum
1687 4686 1990 4745 Cousiantii
2030 4693 2114 4752 i9,
2153 4701 2381 4744 testatur
2417 4705 2474 4743 se
2505 4686 2706 4741 exitum
2741 4686 2902 4739 Pauli
2933 4686 3140 4740 Thebari
3173 4689 3311 4739 brevi
3352 4688 3524 4740 hbetto
3558 4691 3878 4755 explicasse.
