4212 6490
726 403 797 466 "27
1909 403 1970 461 S.
2019 402 2328 463 EUSEBII
2368 403 2805 464 tlIERONYMI

799 512 885 570 15.
925 512 1144 566 Antonii
1170 513 1466 569 Imm'litas.
1503 545 1568 555 —
1603 513 1843 568 Tandem
1869 513 2294 586 fatigatus[Ver.
2329 519 2369 575 Α
2404 516 2627 573 haberet
2663 517 2704 567 ⁸.
2733 515 3030 570 Fluctuans
3055 514 3238 580 itaque
3262 513 3414 566 rario
3451 511 3651 565 mentis
3707 521 3865 572 .rstn,
3926 519 3984 564 et

729 601 1080 676 defatigatus]
1113 613 1165 658 et
1195 605 1422 658 anhelus
1481 606 1546 659 ad
1580 606 1950 660 habitaculum
1985 624 2138 661 suum
2173 622 2305 660 cnn-

731 697 874 751 fecto
914 698 1106 751 itinere
1141 699 1408 767 pervenit.
1441 698 1538 754 Cui
1575 715 1697 754 cum
1730 700 1837 754 duo
1882 702 2160 768 discipuli,
2209 703 2300 771 qui

728 791 774 843 ci
808 789 917 858 iam
945 791 1184 861 longzevo
1215 792 1530 845 ministrare
1561 803 1838 860 cceperant
1874 794 2301 857 ‘,occurrisscnt

735 881 831 952 ιι
869 885 1111 937 dicentes
1160 900 1176 940 :
1225 882 1323 938 Ubi
1361 887 1548 938 tandin
1588 897 1828 938 moratos
1870 901 1950 947 es,
1984 888 2173 955 pater?
2223 905 2304 940 re-

729 977 944 1041 spondit
982 991 996 1031 :
1041 974 1129 1031 Va!
1161 979 1291 1030 mihi
1333 979 1626 1045 pet-calori,
1663 983 1756 1048 qui
1811 979 2007 1033 falsum
2043 984 2296 1036 monachi

733 1084 929 1120 nomen
964 1069 1097 1121 fero.
1126 1067 1242 1121 Vidi
1280 1069 1475 1132 Eliatn,
1507 1071 1614 1123 vidt
1660 1069 1922 1124 Joannem
1978 1073 2030 1125 in
2065 1075 2301 1139 deserto,

729 1169 776 1209 et
810 1173 932 1211 vere
964 1157 1068 1210 vidi
1111 1157 1334 1211 Paulum
1373 1159 1427 1213 in
1463 1161 1739 1228 paradiso.
1771 1161 1831 1214 Et
1867 1161 1946 1214 sic
2001 1176 2096 1214 ore
2155 1177 2298 1214 cmu-

730 1265 941 1316 presso,
989 1264 1037 1301 et
1085 1266 1245 1304 manu
1277 1254 1574 1306 verberans
1608 1264 1820 1321 pectus,
1849 1268 1910 1305 ex
1962 1253 2158 1304 cellula
2191 1255 2305 1323 pal-

733 1344 860 1396 lium
898 1345 1145 1408 protulit.
1177 1345 1631 1412 litigantibusqoe
1660 1345 1965 1408 discipulis.
2002 1356 2060 1399 ttt
2093 1348 2305 1412 plenius

733 1439 991 1502 quidnam
1020 1442 1096 1490 rei
1133 1450 1278 1492 esset
1334 1448 1651 1504 crponcrrt,
1683 1440 1790 1494 ait:
1827 1438 2048 1507 Tempus
2077 1443 2302 1506 tacendi,

731 1537 778 1576 et
802 1538 1002 1593 tempus
1034 1527 1280 1594 loquendi
1306 1527 1506 1595 (Eccle.
1542 1544 1621 1590 llt,
1658 1531 1737 1594 7).

809 1617 890 1669 H.
931 1617 1092 1669 Pauli
1121 1618 1300 1670 anima
1329 1619 1469 1671 inter
1520 1620 1826 1688 angelorum
1863 1621 2302 1676 charon—Tunc

732 1720 986 1771 egressus
1021 1707 1186 1772 foras,
1217 1718 1267 1762 ct
1303 1711 1652 1762 nento'licutn
1675 1712 1893 1778 quidem
1918 1715 2022 1764 cibi
2059 1730 2304 1776 sumens,

735 1814 832 1866 per
862 1799 1002 1850 viam
1035 1816 1138 1866 qua
1178 1815 1220 1851 v-
1245 1809 1421 1860 uerat.
1462 1817 1744 1868 regressus
1769 1815 1849 1853 est
1902 1800 2058 1873 [Ven
2125 1819 2308 1873 regre-

735 1889 1034 1959 dirhaturl.
1072 1891 1220 1943 illum
1257 1890 1468 1954 sitiens,
1507 1893 1654 1944 illum
1723 1893 1909 1946 videre
1961 1894 2304 1952 tlesiderans.

738 1982 887 2033 illum
916 1983 1088 2034 oculis
1121 1997 1183 2035 ac
1223 1991 1333 2035 tota
1397 1995 1576 2036 tuente
1615 1986 2007 2045 complectens.
2061 1985 2311 2040 Tino-hat

736 2072 905 2127 cnim.
945 2073 1086 2138 quod
1113 2086 1165 2126 et
1197 2074 1399 2145 evenit.
1436 2090 1502 2127 ne
1527 2090 1583 2126 sc
1607 2076 1853 2136 absente,
1886 2076 2108 2130 Christo
2160 2078 2310 2128 dehi-

737 2172 852 2216 tum
893 2168 912 2197 '
953 2166 1204 2232 spititutn
1255 2167 1526 2219 redderet.
1571 2166 1820 2234 Cumque
1871 2169 1982 2236 jam
2037 2169 2153 2221 dies
2207 2170 2307 2221 alia

738 2257 1031 2316 illuxisset,
1067 2269 1119 2311 et
1151 2259 1312 2311 trittut
1351 2259 1610 2311 horarum
1641 2260 1814 2328 spatio
1842 2261 1944 2314 iter
1976 2273 2306 2325 remaneret,

738 2347 789 2400 vi
816 2348 873 2400 :‘it
907 2348 926 2378 ³
959 2348 1094 2401 inter
1122 2349 1440 2416 angelorum
1475 2364 1741 2417 catervas,
1767 2353 2308 2420 interpmphetarum

738 2449 790 2490 et
823 2443 1198 2503 apostolorum
1229 2443 1450 2504 choros,
1491 2443 1650 2496 niveo
1684 2444 1925 2498 candore
1954 2445 2177 2497 Paulum
2209 2445 2310 2499 [ιιι.

739 2542 952 2597 gentem
983 2534 1035 2586 in
1067 2535 1297 2588 sublime
1324 2537 1714 2589 conscendere.
1739 2534 1794 2587 Et
1819 2539 2000 2589 statim
2032 2539 2082 2589 in
2118 2537 2310 2591 faciem

741 2639 895 2676 suam
962 2626 1276 2694 procidens.
1340 2627 1594 2681 sabulum
1652 2628 1818 2695 capiti
1874 2629 2306 2697 superjaciebat,

741 2719 1064 2787 ploratusque
1104 2727 1157 2773 et
1193 2720 1425 2785 ejnlans,
1475 2721 1658 2774 aiebat
1724 2718 1880 2792 [Ven
1928 2722 2137 2792 tacet]:
2200 2724 2312 2778 Cur

743 2828 847 2870 me,
887 2810 1069 2872 Paule,
1100 2811 1369 2866 dimittis?
1431 2825 1532 2865 cur
1594 2812 1921 2867 insalutatus
1975 2813 2131 2869 abis?
2180 2815 2311 2868 Tant

743 2903 899 2956 tarde
934 2913 1116 2961 notus.
1152 2914 1260 2957 tam
1291 2906 1400 2956 cito
1433 2904 1680 2958 recedis?

821 2995 904 3048 t5.
940 2995 1447 3062 Ret‘erebatpostea
1494 2997 1686 3050 beatus
1724 2995 1995 3051 Antonius
2040 3007 2190 3052 tanta
2255 3014 2316 3054 se

745 3085 1054 3146 velocitate,
1080 3085 1224 3144 quod
1263 3085 1534 3154 reliquum
1563 3095 1682 3140 erat
1739 3089 1836 3141 via:
1875 3087 2207 3150 cucurrisse.
2257 3100 2318 3144 ut

745 3179 810 3228 al
873 3178 1044 3230 instar
1096 3179 1210 3231 avis
1266 3178 1574 3246 pervolaret
1605 3172 1632 3234 τ’
1675 3195 1776 3232 nec
1823 3179 2134 3244 immerito;
2189 3179 2314 3234 tiam
2349 3217 2390 3278 ϐ

747 3269 1118 3335 introgressus
1149 3268 1488 3336 speluncam,
1524 3268 1657 3322 vidit
1683 3266 1838 3341 [Ven
1879 3268 2050 3341 videt]
2074 3270 2322 3339 gentibus

744 3360 1116 3428 complicatis.
1147 3367 1331 3413 erecta
1375 3361 1610 3424 cervice,
1646 3359 2005 3427 extensisque
2060 3362 2112 3412 in
2149 3359 2320 3412 altum

748 3452 1028 3516 tnanbus,
1062 3467 1262 3520 cmpus
1318 3453 1590 3508 exanime.
1646 3453 1724 3505 Ac
1779 3450 2014 3514 primum
2089 3461 2142 3504 et
2210 3452 2324 3521 ipse

746 3546 931 3598 vivere
960 3561 1081 3597 eutn
1115 3546 1368 3607 credens,
1401 3545 1605 3611 pariter
1623 3543 1838 3597 orabat.
1870 3541 2170 3611 Postquam
2196 3557 2326 3596 vero

754 3635 919 3694 nulla,
952 3646 1008 3686 ιιι
1047 3635 1277 3698 solebat,
1337 3635 1573 3703 suspiria
1635 3633 1910 3700 precantis
1970 3633 2201 3696 audivit,
2271 3633 2325 3687 in

754 3720 926 3774 ﬂebile
951 3723 1192 3777 osculum
1230 3739 1417 3786 ruens,
1438 3724 1697 3778 intellexit
1725 3724 1872 3794 quod
1901 3723 2063 3778 ctiam
2091 3723 2327 3778 cadaver

751 3815 1132 3869 sancti'Deutn
1169 3818 1214 3880 ⁵.
1259 3818 1347 3871 cui
1413 3819 1596 3872 omnia
1649 3819 1857 3884 vivunt,
1914 3816 2092 3874 olIicio
2143 3827 2328 3886 gestus

753 3919 1098 3976 precaretur.

826 3999 912 4053 16.
943 4000 1249 4054 Christiana
1291 4001 1532 4057 traditio.
1570 4029 1635 4042 -—
1658 3999 1828 4071 Igitur
1849 4002 2110 4058 obvoluto
2134 4010 2334 4074 etpro-

757 4097 867 4144 lato
893 4091 1040 4145 foras
1076 4107 1327 4159 corpore,
1365 4095 1597 4164 hymnos
1633 4109 1856 4163 quoque
1894 4102 1949 4149 et
1986 4095 2226 4164 psalmos
2260 4095 2328 4151 de

757 4182 1069 4236 Christiana
1128 4185 1422 4239 traditione
1453 4187 1778 4249 decantatis,
1845 4185 2332 4241 contristabatur'

759 4276 1050 4336 Antonius.
1079 4277 1225 4345 quod
1254 4279 1553 4345 sarculum,
1583 4292 1693 4348 quo
1731 4290 1932 4333 terrain
1961 4278 2195 4347 foderet,
2224 4296 2330 4334 non

833 4441 848 4471 ¹
880 4439 1028 4497 Erat.
1064 4455 1168 4493 non
1205 4442 1335 4495 satis
1358 4455 1601 4501 congruo
1640 4457 1830 4504 sensu,
1871 4443 1924 4494 io
1956 4443 2190 4512 vulgatis
2218 4462 2336 4500 om-

762 4511 943 4566 nibus.
979 4512 1071 4578 qui
1096 4513 1142 4563 ei
1175 4512 1329 4580 longo
1346 4513 1459 4578 jam
1490 4523 1718 4575 tempore
1758 4511 2072 4565 ministrare
2110 4532 2334 4570 consue-

2407 625 2594 663 secum
2623 607 2788 661 multa
2823 615 3102 675 reputans.
3134 605 3352 659 diechat
3378 621 3391 657 :
3418 604 3473 656 Si
3503 604 3566 656 al
3589 605 3982 657 monasterium

2407 709 2671 762 revertar,
2688 700 2964 766 qttatridtli
3000 695 3322 770 [Attridui]
3359 696 3460 749 iter
3497 702 3581 750 est
3617 711 3630 749 :
3660 695 3704 747 si
3743 694 3827 747 hic
3866 705 3984 745 nta-

2408 810 2590 856 neant,
2625 793 2756 846 nihil
2795 793 2934 847 ultra
2969 793 3270 862 proficiam.
3306 791 3409 860 12
3439 789 3637 843 Moriar
3660 803 3790 856 ergo
3829 787 3870 850 τ,
3919 792 3984 839 ιιι

2408 887 2628 954 dignum
2679 897 2784 952 est,
2825 887 2980 957 juxta
3024 888 3338 939 bellatorem
3405 895 3579 944 tuum,
3633 882 3868 940 Christe.
3924 889 3984 934 et

2409 995 2594 1039 ruens.
2622 990 2923 1032 extremum
2961 979 3189 1033 halitum
3220 977 3467 1030 fundant.
3501 975 3654 1029 Talia
3695 988 3757 1028 co
3790 973 3982 1027 animo

2409 1061 2679 1133 volvente.
2715 1088 2842 1125 erce
2862 1072 2972 1124 duo
3007 1073 3192 1125 leones
3223 1086 3286 1124 es
3327 1067 3602 1123 interioris
3625 1066 3791 1120 8r~3ttli
3821 1071 3978 1132 parte

2408 1177 2717 1227 currentes,
2751 1166 3064 1217 volantibus
3093 1177 3189 1232 per
3222 1162 3361 1215 colla
3397 1160 3569 1228 iubis.
3603 1157 3925 1212 ferebantur
3957 1170 3975 1208 :

2408 1254 2606 1320 quibus
2666 1257 2900 1321 aspecth
2961 1254 3138 1323 primo
3177 1251 3481 1306 exhorruit.
3532 1249 3852 1318 Rursusque
3911 1247 3985 1303 ad

2411 1346 2580 1398 Deum
2622 1345 2864 1400 referens
2897 1356 3156 1402 tuentem.
3184 1345 3338 1414 quasi
3403 1343 3687 1398 columbas
3749 1342 3985 1407 videret,

2411 1438 2958 1504 mansitinttepidus.
2998 1435 3062 1490 Et
3101 1437 3175 1490 illi
3215 1435 3434 1500 quidem
3467 1435 3678 1488 directo
3705 1448 3869 1487 cursu
3913 1429 3984 1485 ad

2412 1527 2642 1580 cadaver
2685 1527 2828 1581 beati
2865 1526 3011 1579 senis
3046 1526 3411 1580 substiterunt
3448 1561 3464 1586 .
3517 1522 3987 1590 adulantibusth

2412 1619 2606 1671 caudis
2632 1618 2777 1671 circa
2818 1617 2938 1686 ejus
2971 1619 3134 1680 pedes
3161 1617 3507 1671 accubuere:
3540 1614 3757 1668 fremitu
3778 1611 3986 1681 ingenti

2417 1709 2719 1775 rugientes,
2763 1725 2996 1778 pretsus
3019 1719 3076 1763 ut
3107 1709 3437 1779 intelligeres
3476 1706 3585 1776 [ΑΙ.
3629 1701 3990 1775 intelligeret]

2413 1819 2508 1856 eos
2539 1801 2813 1870 plangere.
2854 1817 2964 1869 quo
3033 1800 3198 1854 modo
3261 1807 3529 1867 poterant.
3587 1797 3790 1851 Deinde
3839 1795 3987 1849 haud

2418 1895 2600 1965 procul
2643 1905 2922 1960 ctepcrunt
2957 1894 3182 1946 humum
3220 1893 3448 1961 pedibus
3499 1890 3744 1959 scalpere
3777 1889 3832 1953 ’ς
3867 1902 3990 1942 are-

2420 2002 2654 2054 namque
2693 1984 2941 2038 certatim
2978 1994 3285 2052 egerentes,
3322 1984 3486 2036 unius
3529 1981 3774 2050 hominis
3822 1994 3994 2048 capa-

2419 2094 2534 2130 cem
2569 2079 2595 2130 ιι
2623 2093 2742 2129 cum
2770 2078 3023 2130 foderunt
3049 2075 3199 2146 [t'cr.
3221 2073 3548 2128 ctioderunt.
3586 2070 3784 2142 Et].Ac
3805 2069 3991 2124 statim

2418 2171 2573 2237 quasi
2609 2170 2908 2223 merCedem
2951 2188 3049 2236 pro
3081 2185 3249 2239 opere
3284 2169 3644 2238 postulantes.
3680 2181 3801 2218 cum
3837 2175 3993 2218 motu

2419 2261 2630 2312 aurium
2660 2261 2876 2314 c-‘rvice
2909 2260 3140 2328 dt-jerta,
3176 2259 3242 2312 ad
3279 2259 3577 2311 Antonium
3609 2264 3991 2325 perrexerunt.

2423 2367 2617 2404 manus
2651 2353 2766 2420 ι’]ηὸ
2791 2356 3066 2419 pedesque
3097 2351 3383 2420 lingentes.
3413 2349 3478 2403 Ai
3523 2348 3613 2402 ille
3645 2345 3994 2401 animadver-

2422 2444 2480 2493 tit
2521 2444 2540 2473 θ
2567 2443 3005 2496 benmlictionem
3042 2458 3137 2496 eos
3174 2459 3202 2496 a
3236 2457 3296 2497 se
3325 2441 3560 2510 precari.
3599 2441 3705 2494 Nec
3734 2455 3911 2499 mora.
3937 2437 3991 2493 in

2423 2533 2790 2587 laudationem
2834 2533 3037 2589 ChriSIi
3073 2535 3304 2593 eliusus.
3364 2533 3508 2602 qttod
3572 2541 3720 2585 muta
3777 2546 3995 2599 quoque

2422 2626 2676 2680 animalia
2708 2629 2874 2679 lteunt
2904 2642 3027 2682 esse
3078 2625 3368 2683 sentirent.
3399 2624 3474 2677 ait
3503 2639 3518 2678 :
3577 2622 3824 2684 Domine,
3876 2623 3996 2676 sine

2423 2719 2578 2783 cujus
2645 2727 2775 2770 nutu
2809 2733 2910 2770 nec
2947 2717 3134 2770 folium
3169 2714 3384 2770 arbOtis
3421 2714 3633 2779 deﬂuit,
3697 2729 3797 2767 nec
3851 2729 3996 2768 unus

2424 2824 2710 2877 passerum
2743 2809 2808 2861 ad
2831 2819 3030 2862 terram
3063 2809 3231 2868 cadit.
3274 2807 3340 2861 da
3366 2807 3472 2861 illis
3497 2807 3640 2860 sicut
3673 2815 3728 2858 ttt
3759 2805 3889 2857 scis.
3928 2805 3998 2858 Et

2425 2916 2586 2952 manu
2611 2916 2862 2953 annuens
2897 2900 3008 2971 [AL
3039 2896 3296 2968 innueus]
3325 2896 3428 2964 eis,
3469 2905 3526 2949 ttt
3559 2897 3795 2956 abirent.
3828 2895 3998 2958 impe-

2425 2993 2586 3047 ravit.
2621 2993 2880 3058 ,Cumque
2939 2992 3013 3045 illi
3066 2991 3447 3052 recessissent,
3507 2987 3682 3041 sancti
3743 2987 4000 3056 corporis

2425 3083 2575 3140 0"!el'i
2609 3083 2718 3155 [Αι.
2748 3081 2934 3154 onere]
2963 3082 3164 3136 seniles
3189 3079 3438 3135 curvavit
3496 3077 3792 3141 humeros;
3818 3085 3874 3131 et
3906 3078 4001 3131 de-

2425 3177 2606 3246 posito
2639 3191 2705 3230 eo
2731 3175 2982 3230 effossam
3014 3175 3078 3238 ¹⁰,
3100 3176 3337 3242 desuper
3364 3173 3590 3226 humum
3633 3186 4002 3242 congregans,

2427 3269 2697 3323 tumulum
2724 3284 2788 3322 ex
2835 3283 2988 3320 more
3026 3269 3204 3335 posuit
3257 3265 3368 3337 [AL
3432 3262 3787 3336 composuit].
3849 3263 4004 3318 Post-

2425 3375 2590 3429 quam
2632 3370 2808 3412 autem
2834 3359 2940 3410 alia
2972 3357 3090 3411 dies
3128 3356 3330 3417 illusit.
3375 3369 3444 3410 ne
3472 3356 3602 3425 quid
3646 3355 3769 3424 pius
3828 3354 4006 3409 haeres

2429 3464 2492 3506 ex
2526 3451 2769 3504 intestati
2803 3438 2966 3503 bonis
2987 3463 3096 3502 non
3130 3447 3461 3518 possideret,
3489 3447 3730 3502 tunicam
3749 3449 3870 3514 ejus
3895 3445 4004 3500 sibi

2427 3543 2744 3606 vindicavit,
2780 3556 2942 3611 quam
2975 3541 3031 3594 in
3063 3550 3378 3609 sportarum
3406 3537 3630 3593 modum
3680 3539 3749 3594 de
3806 3539 4008 3607 palmae

2433 3635 2547 3707 [ΑΙ.
2575 3631 2907 3703 palmarum]
2932 3632 3077 3686 foliis
3119 3633 3235 3701 ipse
3265 3631 3370 3687 sibi
3403 3641 3781 3686 contexuerat.
3817 3631 3894 3685 Ac
3923 3631 4008 3685 sic

2429 3726 2495 3779 ad
2569 3725 2966 3778 monasterium
3030 3738 3307 3787 reversus,
3355 3723 3642 3792 discipulis
3684 3734 3876 3778 cuncta
3935 3737 4008 3776 ex

2433 3816 2620 3869 ordine
2651 3816 2975 3882 replicavit;
3008 3814 3313 3882 diebusque
3345 3813 3681 3868 solemnibus
3702 3812 3926 3867 Pascha:
3951 3821 4009 3867 et.

2432 3907 2784 3966 Pettlﬂt'OSlL’S
2809 3921 3022 3978 senum
3043 3905 3195 3964 Pau'i
3226 3903 3410 3963 tunica
3438 3903 3668 3964 vestitas
3686 3913 3789 3965 est.

2506 4003 2592 4056 i7.
2615 4002 2956 4067 Comparatio
2991 4000 3152 4054 Pauli
3177 4009 3226 4054 et
3264 4002 3486 4056 diuitum
3520 4002 3723 4056 seculi.
3751 4029 3820 4042 -—
3854 4002 4014 4058 Libet

2434 4091 2490 4147 in
2514 4091 2618 4145 ftue
2643 4093 2892 4162 opusculi
2918 4105 3013 4147 eos
3041 4093 3401 4163 interrogare.
3427 4094 3519 4161 qui
3551 4109 3648 4148 sua
3678 4084 4010 4163 patrimonia

2436 4186 2708 4256 ignorant,
2734 4185 2827 4254 qui
2866 4184 3058 4239 domos
3089 4185 3457 4241 marmoribus
3490 4187 3751 4248 vestiunt.
3780 4186 3870 4255 qui
3902 4203 4016 4241 uno

2437 4277 2529 4332 [ilo
2559 4278 2807 4331 villarum
2858 4277 3090 4332 insuunt
3141 4276 3460 4348 praedia“:
3503 4279 3631 4333 huic
3689 4280 3811 4334 seni
3863 4281 4015 4334 nudo

2442 4446 2616 4499 locum
2645 4441 2874 4509 eﬁ'odere
2894 4456 2914 4496 :
2942 4457 3069 4494 mox
3103 4450 3623 4512 quoqtte__contntottt
3646 4441 3861 4494 aurium
3897 4458 4014 4495 uno

2443 4519 2608 4567 verbo
2637 4528 2877 4575 procum
2929 4509 3281 4574 ntotufalter
3331 4509 3506 4566 Vatic.
3564 4513 3841 4580 antiquior
3890 4529 4014 4565 cum

762 4591 944 4634 verant
970 4558 1004 4643 ;1
1020 4589 1168 4634 certe
1195 4558 1382 4634 coiitr’a
1419 4558 1732 4650 llieronytni
1769 4594 2028 4649 utentem,
2087 4593 2142 4638 et
2201 4558 2332 4641 mss.
2370 4558 2410 4612 θ
2443 4595 2593 4637 nutu.
2632 4558 2754 4636 Ver.
2788 4558 3130 4650 postulaturi.

766 4655 951 4704 tidem.

836 4722 855 4752 ³
893 4720 1024 4773 lllttd
1070 4720 1304 4775 debitum
1360 4719 1414 4774 in
1461 4722 1677 4777 duobus
1726 4720 1906 4775 Valic.
1971 4721 2336 4778 desideratur.

770 4789 890 4844 Mox
925 4806 1184 4859 veropro
1239 4795 1339 4844 iter
1396 4803 1713 4857 remaneret,
1779 4791 1922 4859 quod
1975 4806 2038 4845 ex
2094 4797 2338 4848 omnium

762 4876 1040 4914 enttsensu
1087 4877 1221 4917 mss.
1257 4863 1651 4927 expressimus,
1705 4869 1932 4930 cogente
1987 4865 2150 4915 etiam
2199 4865 2338 4918 infe-

765 4932 900 5011 riori
922 4940 1198 5012 eottlextu,
1228 4934 1509 5000 hucusque
1524 4933 1837 4986 obtinuerat
1855 4934 2133 4986 contrario
2153 4949 2340 5006 sensu,

765 5017 907 5052 nam
947 5011 1311 5055 rettteartsset.

843 5074 862 5101 ³
889 5069 1084 5121 Veron.
1117 5073 1170 5124 itt
1211 5071 1456 5137 prtesenti
1481 5072 1643 5126 ridet.

843 5140 863 5170 ⁸
891 5138 979 5194 Sic
1012 5156 1146 5194 tuss.
1175 5151 1226 5193 et
1259 5140 1549 5194 Victorius.
1618 5138 1828 5194 Vitiose
1901 5143 2045 5194 enim
2092 5142 2338 5196 Martiae.

771 5221 892 5277 [t'ist
928 5210 1166 5274 Erasm.,
1204 5212 1355 5276 Quod
1396 5211 1555 5263 etiam
1609 5212 1831 5264 cudacer
1889 5224 2134 5265 sanctum
2177 5215 2341 5266 etiam

775 5281 960 5339 Deum,
1005 5294 1108 5333 etc.

841 5352 861 5382 ⁸
906 5350 1252 5413 Veronensis,
1289 5349 1490 5418 aliique
1539 5366 1686 5421 Amss.
1748 5350 1963 5404 Prolata
2021 5354 2160 5421 foras
2223 5369 2342 5405 cor-

774 5434 920 5487 pore.
957 5421 1176 5488 psalmis
1201 5436 1402 5487 quoque
1434 5437 1496 5472 ex
1519 5419 1826 5475 Christiana
1873 5419 2163 5475 traditione
2219 5439 2344 5476 can-

777 5489 929 5551 tatis,
958 5491 1400 5553 contristaltatur,
1424 5503 1526 5543 etc.

850 5557 950 5612 "ln
989 5557 1188 5612 Veron.
1224 5576 1350 5630 tns.,
1394 5559 1655 5614 Habebat.
1719 5558 2115 5630 Fluctuansque
2171 5565 2342 5628 rario,

775 5637 1208 5746 ataui-epulatis:
1259 5629 1340 5695 Si,
1387 5641 1494 5685 etc.
1544 5633 1752 5698 abSque
1801 5629 2126 5698 interposito
2179 5636 2344 5687 verbo

820 5709 1004 5750 ρειαί.

855 5768 871 5838 έ
911 5769 1023 5821 ά-δ-ιιυ
1054 5767 1249 5838 Υνπιὶεη
1288 5769 1491 5822 Moriar
1517 5780 1562 5822 et
1591 5787 1702 5838 ego,
1736 5779 1814 5832 nt,
1849 5780 1956 5822 etc.

857 5837 873 5862 ‘
907 5838 1056 5893 L'aus
1092 5837 1241 5892 \‘atie
1294 5841 1522 5907 :t'ubcrc,
1551 5846 1685 5896 alter
1715 5856 1985 5904 carm-air,
2022 5848 2073 5894 ct
2097 5857 2340 5905 capacem

2512 4657 2532 4686 ⁹
2564 4653 2695 4707 Mss.
2735 4669 2840 4721 una
2867 4654 3028 4721 serie,
3060 4649 3125 4703 Ut
3146 4649 3234 4703 ille
3267 4651 3743 4721 animadrerterel;
3772 4661 3821 4704 et
3847 4652 4015 4721 paulo

2444 4735 2568 4786 post
2599 4725 2708 4776 duo
2731 4719 2982 4774 Vaticani
3004 4721 3104 4772 sibi
3129 4722 3378 4773 servirent
3405 4736 3501 4788 pro
3531 4720 3694 4772 Deum
3726 4719 3860 4774 esse
3889 4738 4016 4774 sen-

2446 4798 2638 4855 tirent;
2663 4794 2796 4843 alter
2817 4795 2953 4859 quod
2982 4806 3098 4841 eum
3125 4801 3268 4842 muta
3291 4805 3494 4860 quoque
3547 4791 3811 4843 animalia
3849 4793 4020 4846 senti-

2446 4874 2577 4918 tcnt.
2620 4860 2742 4914 Ver.
2779 4861 2940 4912 Deum
2981 4875 3090 4912 esse
3116 4869 3276 4913 tacet.

2522 4935 2564 4965 ⁸ο
2590 4933 2736 4986 llaud
2771 4941 2917 4984 recte
2939 4939 3054 4982 erat
3090 4931 3142 4981 in
3174 4937 3394 4995 (ossam.
3421 4926 3615 4984 Verius
3635 4946 3774 4984 unus
3795 4929 4018 4997 Regina

2446 5020 2576 5067 nts.,
2610 5003 2829 5068 infossa
2863 5015 2880 5053 :
2912 5001 3201 5053 verissima
3249 5009 3426 5053 autem
3485 5001 3816 5066 reliquorum
3875 5015 4014 5068 tuss.

2449 5075 2610 5126 lectio
2646 5067 2757 5123 visa
2781 5084 2860 5122 ρει
2895 5070 3168 5136 elfossant,
3197 5072 3405 5123 scilicet
3430 5073 3668 5131 ltttmum,
3702 5079 3810 5123 etc.
3871 5067 4013 5124 Tum

2450 5142 2598 5199 Ver,
2633 5143 2741 5193 dies
2773 5140 3022 5192 illuxtrat
3057 5140 3189 5191 alia.

2518 5215 2557 5242 ¹¹
2583 5212 2731 5268 Erat,
2761 5212 2892 5272 lino,
2919 5210 3165 5278 quodque
3179 5210 3430 5263 vitiosum
3456 5224 3483 5261 a
3507 5207 3752 5264 \‘ictorio
3771 5217 4015 5264 notatum

2449 5295 2632 5342 antea,
2669 5282 2871 5341 ῃῖαιιιια
2904 5296 2999 5346 pro
3027 5279 3215 5345 pretia.
3254 5295 3420 5347 penes
3474 5279 3720 5334 Martian.
3778 5281 3868 5332 cui
3921 5295 4019 5333 so-

2448 5356 2625 5405 lemne
2694 5361 2780 5403 est
2833 5348 3143 5407 Erastnunt,
3194 5351 3408 5402 cu'tetis
3464 5350 3616 5404 libris
3667 5348 4011 5412 inconsultis,

2448 5422 2778 5476 describere.
2827 5418 3187 5486 Hieronymus
3213 5433 3339 5472 \‘rro
3401 5419 3577 5472 locum
3630 5422 3877 5474 imitatus
3926 5428 4014 5471 est

2449 5509 2514 5545 is
2538 5492 2855 5544 Tertulliani
2888 5485 3120 5539 libi-ove
3155 5487 3334 5541 llabt't.
3368 5487 3642 5548 .llultebr..
3666 5505 3715 5543 c.
3744 5491 3777 5544 9
3811 5504 3826 5543 :
3862 5486 4015 5542 «Uno

2447 5568 2560 5615 lino
2593 5561 2772 5613 decies
2803 5558 3113 5612 sestertium
3151 5559 3461 5612 inserimus
3507 5558 3604 5612 Est
3633 5571 3813 5614 autem
3859 5562 4010 5610 tilunt

2448 5635 2535 5683 eoi
2577 5631 2882 5695 margaritae
2905 5638 2957 5679 ct
3006 5641 3230 5694 gemmae
3279 5628 3620 5692 inseruntur,
3683 5639 3735 5682 et
3787 5630 4014 5681 monilia

2450 5702 2605 5754 fiunt.
2639 5699 2836 5751 Veron.
2874 5709 3052 5749 tamen
3077 5705 3129 5749 et
3157 5695 3265 5748 lino
3305 5711 3401 5766 pro
3444 5699 3556 5764 filo,
3614 5711 3663 5752 ct
3689 5699 3858 5768 pretia
3915 5714 4014 5766 pro

2447 5772 2646 5835 rrtt'tltu
2676 5769 2854 5821 habet.
