4212 6448
776 401 839 458 31
1957 399 2017 459 S.
2057 398 2373 461 EUSEBII
2407 397 2854 460 HIERONYMI
3990 399 4061 463 32

770 514 856 559 est
877 503 1159 570 omnibus,
1211 506 1447 563 credens
1505 507 1559 562 in
1610 508 1905 563 Dominum
1968 507 2177 576 Jesum,
2236 527 2344 566 non
2379 515 2421 569 Α
2452 520 2727 565 sueverat.
2762 507 2904 576 Quid
2937 506 3051 581 [ΑΙ.
3081 506 3408 564 mansitans.
3449 507 3615 582 Quid]
3674 509 3881 566 faceret
3928 514 4061 567 dia-

769 597 905 653 circi
941 599 1239 666 furoribus,
1265 615 1372 657 non
1413 616 1595 657 arenae
1628 602 1916 673 sanguine,
1974 619 2081 658 non
2147 605 2347 660 theatri

773 692 990 746 luxuria
1027 693 1573 750 delectabaturzsed
1599 702 1713 749 tota
1776 695 1851 749 illi
1916 697 2172 752 voluntas
2234 694 2348 769 [ΑΙ.

770 784 1044 858 Voluptas]
1079 787 1132 841 in
1156 786 1417 843 Ecclesiae
1450 794 1567 841 erat
1593 789 2051 858 congregatione.

847 877 900 931 3.
924 880 1168 935 Audiens
1193 890 1373 935 autem
1422 888 1555 936 tunc
1603 882 1820 938 celebre
1859 898 2056 938 nomen
2103 883 2349 950 Antonii,

772 973 920 1041 quod
967 989 1058 1042 per
1085 990 1272 1027 omnes
1307 973 1523 1047 A‘Zpypti
1563 978 1791 1045 populos
1826 977 2124 1043 ferebatur,
2164 979 2353 1032 incen-

775 1084 870 1121 sus
899 1068 1109 1122 visendi
1143 1069 1263 1141 ejus
1294 1071 1498 1135 studio,
1532 1071 1772 1141 perrexit
1832 1072 1897 1126 ad
1946 1088 2219 1126 eremom.
2285 1070 2353 1125 Et

770 1161 954 1215 statim
992 1170 1046 1215 ut
1076 1177 1198 1215 eum
1232 1163 1388 1226 vidit,
1428 1175 1639 1220 mutato
1683 1165 1913 1235 pristino
1948 1165 2159 1231 habitu,
2214 1166 2352 1218 duo-

778 1255 880 1310 bus
906 1254 1032 1327 [ms.
1066 1255 1267 1329 tribus]
1291 1256 1395 1328 l5
1429 1257 1539 1312 fere
1562 1258 1847 1314 mensibus
1873 1259 2026 1328 juxta
2058 1274 2177 1313 eum
2201 1274 2352 1313 man-

774 1350 866 1412 sit,
901 1350 1283 1418 contemplans
1346 1350 1599 1404 ordinem
1663 1353 1788 1406 vitae
1843 1353 1962 1420 ejus
2020 1367 2345 1421 morumque

774 1457 867 1509 gra
911 1441 1092 1493 itatem
1123 1457 1138 1493 :
1174 1456 1332 1510 quam
1367 1442 1557 1494 creber
1590 1442 1643 1494 in
1707 1444 1980 1502 oratione,
2045 1459 2210 1512 quam
2251 1446 2353 1497 hu-

774 1534 919 1587 milis
972 1536 1026 1587 in
1086 1534 1461 1601 suSi-ipiendis
1523 1533 1812 1597 fratribus,
1845 1551 2071 1591 severus
2129 1538 2179 1591 in
2221 1552 2350 1592 cor-

775 1627 948 1694 ripien
974 1628 1063 1691 lis,
1092 1628 1276 1682 alacer
1308 1629 1359 1682 in
1389 1630 1744 1684 exhortandis
1780 1640 1923 1685 esset
1957 1647 1973 1688 :
2025 1642 2077 1686 et
2112 1640 2168 1685 ut
2223 1648 2355 1686 con-

776 1722 1084 1786 tinentiain,
1120 1723 1339 1792 cibique
1372 1722 1492 1791 ejus
1522 1724 1871 1793 asperitatem
1906 1725 2053 1778 nulla
2109 1742 2350 1795 unquam

775 1811 1068 1869 infirmitas
1120 1816 1416 1884 frangeret.
1490 1817 1662 1870 Porro
1720 1816 2089 1886 frequentiam
2128 1833 2349 1884 eorum,

774 1905 863 1970 qni
920 1907 984 1956 ad
1056 1921 1177 1959 eum
1235 1908 1542 1961 ob‘varias
1596 1910 1884 1976 passiones
1921 1910 2055 1964 ‘aut
2112 1910 2350 1980 impuris

776 2002 1083 2051 daemonum
1121 2000 1549 2065 concurrebant,
1617 2002 1756 2055 ultra
1828 2017 1933 2056 noii
2001 2002 2216 2059 ferens:
2260 2021 2359 2059 nec

776 2106 1077 2160 congruum
1118 2107 1240 2147 esse
1264 2095 1488 2151 ducens.
1511 2093 1619 2162 pati
1671 2092 1725 2147 in
1761 2108 1947 2147 eremo
1994 2095 2222 2162 populos
2282 2096 2361 2150 ci-

776 2186 1011 2237 vitatum
1058 2202 1072 2242 ;
1133 2185 1324 2253 sicque
1378 2185 1482 2238 sibi
1554 2186 1727 2255 magis
1794 2186 2166 2255 incipiendum
2212 2203 2357 2252 esse,

779 2276 1120 2341 utcmpissct
1154 2275 1467 2342 Antonius;
1516 2275 1668 2328 illum
1732 2277 1890 2345 quasi
1940 2279 2115 2331 virum
2162 2277 2356 2334 fortem

779 2364 1027 2416 victoria!
1086 2366 1308 2433 praemia
1362 2365 1665 2432 accipere:
1716 2382 1775 2421 se
1831 2366 2061 2421 necdum
2127 2369 2361 2423 militare

777 2456 1013 2525 cepisse
1050 2473 1063 2524 ;
1108 2472 1363 2511 reversus
1392 2467 1476 2512 est
1525 2474 1647 2512 cum
1696 2460 2023 2529 quihusdam
2080 2463 2361 2517 monachis

778 2550 843 2600 ad
884 2551 1117 2617 patriam
1153 2558 1249 2604 :et
1297 2552 1746 2621 parentibusjam
1776 2552 2081 2619 defunctis,
2150 2565 2357 2623 partem

778 2643 1104 2697 substantia
1138 2642 1428 2704 fratribus,
1486 2654 1694 2712 partem
1754 2646 2086 2715 pauperibus
2137 2647 2362 2713 largitus

777 2746 884 2796 est,
919 2734 1062 2788 nihil
1104 2734 1209 2787 sibi
1244 2736 1472 2787 omnino
1529 2750 1846 2800 reservans,
1885 2746 1937 2791 et
1970 2738 2171 2792 timens
2229 2737 2361 2791 illud

779 2828 846 2881 de
872 2827 1103 2881 Actibus
1130 2827 1545 2894 Apostolorum,
1603 2828 1829 2881 Ananiae
1855 2836 1909 2881 et
1942 2828 2225 2897 Sapphirre
2280 2838 2362 2892 vel

779 2922 1114 2989 exemplum,
1181 2921 1267 2974 vel
1319 2921 1685 2988 supplicium;
1752 2921 2101 2989 maximeque
2147 2918 2361 2975 Domini

783 3028 1023 3076 memor,
1055 3013 1297 3067 dicentis
1327 3031 1341 3066 :
1370 3014 1476 3078 Qui
1507 3031 1611 3067 non
1670 3015 2053 3069 renuntiaverit
2119 3016 2363 3068 omnibus

780 3123 899 3175 qua:
934 3107 1108 3170 liabet,
1142 3124 1246 3159 non
1280 3116 1447 3174 potest
1503 3123 1647 3160 meus
1702 3122 1814 3160 esse
1880 3105 2170 3174 discipulus
2210 3104 2362 3174 (Luc.

2462 603 2668 659 holus?
2727 616 2838 672 quo
2899 615 2960 657 se
3010 600 3295 656 verteret?
3338 600 3441 668 Qui
3502 603 3843 673 gloriabatur
3900 613 4061 667 ante,

2461 700 2699 755 dicens:
2755 697 2821 753 In
2870 698 3062 755 calum
3105 699 3414 765 ascendam,
3478 715 3635 768 super
3694 701 3875 755 sidera
3927 703 4057 756 caeli

2460 807 2653 859 ponam
2687 792 2935 845 thronum
2962 807 3160 857 meum,
3183 801 3234 845 et
3260 806 3350 845 ero
3370 790 3563 845 simiJis
3596 792 3868 847 Altissimo
3899 792 4056 864 (ιω.

2461 901 2572 951 xrv,
2605 886 2716 957 H),
2754 884 3014 940 cernebat
3040 899 3100 939 se
3126 883 3323 939 vincia
3357 898 3551 954 puero,
3594 895 3645 938 et
3685 886 3841 954 prius
3881 888 3954 939 ab
3988 900 4058 939 eo

2459 978 2730 1034 calcatum
2769 977 2963 1046 fuisse,
3029 992 3195 1049 quam
3246 992 3343 1049 per
3393 986 3607 1034 aetatem
3665 993 3893 1049 peccare
3948 994 4055 1047 po-

2461 1072 2673 1126 tuisxct.

2536 1187 2642 1258 16
2670 1186 2721 1240 3.
2757 1184 3040 1239 Titillabat
3076 1185 3096 1217 ⁸
3131 1187 3319 1257 itaque
3378 1198 3578 1241 sensus
3641 1187 3784 1256 ejus,
3826 1194 3886 1241 et
3947 1200 4058 1255 pu-

2459 1279 2703 1335 bescenti
2730 1279 2950 1350 corpori
2982 1280 3145 1333 solita
3179 1280 3526 1349 voluptatum
3558 1279 3812 1335 incendia
3842 1295 4058 1349 sugge-

2460 1373 2643 1427 rebat.
2675 1372 2990 1441 Cogebatur
3020 1372 3329 1428 tirunculus
3359 1371 3567 1427 Christi
3604 1372 3847 1442 cogitare
3898 1374 4056 1441 quod

2460 1466 2761 1526 nesciebat.
2788 1474 2841 1518 et
2874 1465 2994 1535 ejus
3026 1465 3103 1518 rei
3125 1465 3309 1518 animo
3336 1478 3590 1533 pompam
3621 1464 3861 1531 volvere,
3887 1464 4061 1532 cujus

2460 1556 2837 1624 experimenta
2895 1570 3005 1609 non
3062 1564 3311 1610 noverat.
3337 1552 3531 1609 .lratus
3580 1555 3764 1624 itaque
3821 1554 3948 1620 sibi,
4006 1562 4064 1607 ct

2461 1657 2650 1718 pectus
2676 1648 2873 1718 pugnis
2910 1649 3213 1703 verberans
3238 1647 3420 1718 (quasi
3478 1647 3846 1717 cogitationes
3900 1648 4061 1701 caede

2464 1757 2660 1795 manus
2695 1750 2879 1811 posset
2921 1740 3291 1812 excludere):
3351 1740 3485 1811 Ego,
3536 1742 3735 1810 inquit,
3796 1740 3963 1795 aselle
4014 1741 4058 1801 '.

2464 1834 2683 1900 faciam,
2716 1844 2773 1888 ut
2812 1849 2919 1888 non
2953 1833 3252 1889 calcitres:
3284 1848 3385 1889 nec
3426 1842 3478 1888 te
3512 1832 3720 1888 hordeo
3746 1833 3913 1897 alam,
3951 1833 4061 1888 sed

2466 1922 2657 1991 paleis.
2692 1921 2857 1977 Fame
2886 1934 2937 1978 te
2967 1923 3255 1978 conficiam
3295 1932 3349 1977 et
3383 1923 3474 1977 siti
3508 1942 3521 1980 :
3582 1924 3732 1992 gravi
3804 1925 4062 1979 onerabo

2465 2014 2704 2083 pendere
2737 2030 2753 2080 ;
2782 2030 2879 2083 per
2914 2025 3082 2070 aestus
3112 2014 3386 2084 iudagabo
3424 2026 3479 2068 et
3508 2012 3733 2084 frigora.
3766 2025 3824 2069 ut
3854 2016 4053 2069 cibum

2464 2104 2648 2173 potius
2686 2119 2848 2174 quam
2920 2105 3202 2159 lasciviam
3246 2105 3476 2174 cogites.
3528 2103 3835 2159 Herbarum
3901 2120 4050 2174 ergo

2464 2213 2628 2253 succo
2652 2208 2706 2252 et
2732 2198 3131 2267 pauciscaricis
3164 2207 3284 2266 post
3304 2197 3547 2251 triduum
3575 2198 3658 2252 vel
3680 2198 4050 2267 quatriduum

2464 2291 2808 2345 deiicientem
2834 2291 3072 2365 animam
3106 2289 3478 2353 sustentabat,
3503 2304 3670 2344 orans
3725 2290 4064 2360 frequenter

2463 2392 2518 2437 ct
2549 2384 2811 2451 psallens,
2879 2391 2933 2436 et
2998 2394 3180 2436 rastro
3240 2382 3466 2435 [mnium
3514 2380 3730 2437 fodiens
3762 2421 3777 2446 ,
3804 2395 3863 2436 ut
3907 2382 4063 2450 jeju-

2467 2477 2685 2531 niorum
2747 2476 2994 2530 laborem
3058 2474 3211 2528 labor
3273 2475 3457 2543 Operis
3483 2473 3808 2543 duplicaret.
3846 2474 4065 2529 Simul-

2465 2584 2571 2637 que
2630 2568 2864 2623 ﬁscellas
2918 2569 3087 2637 junco
3149 2577 3336 2621 texens
3373 2606 3386 2629 ,
3440 2567 3805 2623 annulabatur
3881 2565 4063 2639 Egy-

2468 2662 2708 2730 ptiorum
2745 2660 3141 2713 monachorum
3181 2658 3551 2726 disciplinam,
3577 2657 3891 2728 etApostoli
3929 2674 4067 2714 sen-

2469 2754 2718 2813 tentiam,
2750 2751 3026 2805 dicentis:
3082 2750 3189 2816 Qui
3243 2762 3421 2802 autent
3490 2766 3593 2803 non
3649 2761 3925 2817 operatur,
3956 2767 4067 2803 non

2469 2844 2749 2896 manducet
2778 2842 2857 2913 (11
2896 2843 3077 2899 Thess.
3113 2844 3196 2906 iii,
3232 2843 3359 2911 10):
3389 2845 3471 2898 sic
3512 2850 3851 2908 attenuatus,
3896 2853 3954 2898 et
3993 2845 4056 2898 in

2469 2945 2679 2987 tantum
2709 2950 2872 2989 exeso
2898 2949 3151 3003 corpore,
3181 2942 3239 2987 ut
3272 2935 3500 2988 ossibus
3528 2934 3619 2986 vis
3650 2934 3909 2988 haereret.

2540 3030 2593 3083 6.
2620 3028 2865 3095 Quadam
2898 3038 3079 3092 nocte,
3108 3028 3381 3082 infantum
3406 3027 3572 3097 coepit
3598 3028 3787 3083 audire
3816 3028 4066 3099 vagitus,

2475 3122 2687 3175 balatus
2716 3136 2999 3191 pecorum,
3042 3121 3285 3191 mugitus
3319 3120 3507 3185 boum,
3546 3119 3829 3189 planctum
3897 3122 4069 3189 quasi

785 3215 894 3263 λιν,
1070 3199 1195 3254 Erat
1221 3211 1400 3253 autem
1446 3208 1575 3253 lliﬂf‘.
1608 3213 1879 3252 annorum
1911 3198 2254 3266 quindecim.
2280 3199 2369 3254 Sic
2399 3211 2442 3268 ς
2484 3214 2937 3267 muliercularum
3165 3211 3509 3284 mulierum],
3559 3212 3779 3267 leonum
3818 3214 4067 3283 rugitus,

785 3293 985 3358 nudus,
1023 3304 1074 3347 et
1109 3303 1359 3348 armatus
1396 3295 1449 3347 in
1497 3293 1752 3355 Christo,
1806 3294 2191 3357 solitudinem,
2255 3309 2378 3363 qua:

787 3385 838 3436 in
875 3384 1107 3454 septimo
1143 3386 1402 3439 milliario
1430 3401 1459 3440 a
1494 3385 1728 3456 Majoma
1754 3386 1775 3416 ’
1802 3384 1963 3440 Gaza:
1987 3387 2237 3454 emporio
2285 3401 2381 3456 per

789 3477 941 3530 littus
989 3478 1251 3531 euntibus
1281 3478 1602 3548 ASgyptum,
1638 3478 1703 3532 ad
1747 3478 1936 3533 laevam
1983 3476 2242 3544 ﬂectitur,
2293 3478 2378 3531 in-

784 3581 1005 3635 gressus
1044 3580 1149 3622 est.
1211 3569 1464 3638 Cumque
1526 3580 1711 3624 essent
1774 3580 2002 3625 cruenta
2063 3570 2379 3624 latrociniis

790 3662 930 3723 loca,
960 3672 1011 3714 et
1040 3662 1340 3731 propinqui
1379 3663 1653 3731 amicique
1707 3662 1826 3732 ejus
1872 3662 2168 3718 imminens
2223 3664 2373 3734 peri-

788 3753 1429 3821 culum.denuntiareut,
1479 3756 1814 3825 contempsit
1850 3764 2106 3822 mortem,
2142 3765 2199 3810 ut
2233 3770 2381 3810 mor-

791 3854 898 3898 tem
950 3846 1227 3900 evaderet.

860 3957 915 4012 4.
951 3956 1221 4027 Jejunium
1246 3958 1543 4014 Hilarionis
1584 3960 2212 4029 -Mirabantur;omnes
2247 3961 2380 4015 ani-

792 4065 939 4103 mum
1000 4068 1014 4106 :
1085 4051 1429 4104 mirabantur
1493 4061 1759 4116 aztatem;
1817 4052 1925 4104 nisi
1992 4052 2138 4118 quod
2223 4050 2379 4105 ﬂam-

794 4158 880 4197 ma
929 4143 1176 4213 qnmdam
1244 4145 1481 4213 Pectoris
1506 4144 1545 4211 ³,
1589 4155 1643 4198 et
1683 4144 1935 4198 scintilla:
1993 4144 2114 4197 fidei
2147 4146 2197 4196 in
2245 4159 2380 4198 ocu-

791 4241 859 4292 lis
913 4237 1255 4293 relucebant.
1321 4238 1525 4301 Laeves,
1556 4238 1577 4269 δ
1622 4235 1734 4309 [Αἰ.
1780 4234 1953 4308 lenes]
1996 4244 2155 4291 erant
2202 4252 2376 4305 gena»,

792 4330 1086 4383 delicatum
1125 4345 1327 4396 corpus
1358 4338 1411 4381 et
1446 4338 1634 4390 tenue,
1676 4338 1730 4383 et
1767 4331 1843 4387 ad
1872 4344 2089 4382 onmem
2121 4329 2377 4399 injuriam

794 4420 1084 4488 impatiens
1117 4439 1128 4474 :
1161 4422 1303 4488 quod
1334 4420 1437 4473 levi
1473 4420 1555 4473 vel
1596 4419 1822 4489 frigore,
1857 4419 1938 4474 vel
1965 4430 2124 4484 aestu,
2193 4429 2378 4489 posset

793 4512 977 4582 affligi.
1014 4512 1184 4579 igitur
1206 4527 1367 4566 επεοο
1408 4521 1618 4566 tantum
1655 4514 1899 4567 membra
1944 4521 2262 4581 coopertus,
2321 4521 2375 4565 et

2486 3321 2738 3360 murmur
2757 3306 3092 3369 excercitus,
3121 3312 3173 3359 et
3201 3320 3401 3361 rursus
3432 3302 3452 3336 ⁷
3482 3303 3758 3359 variarum
3810 3315 4070 3375 portenta

2483 3413 2703 3461 vocum,
2737 3407 2789 3452 ut
2826 3407 2963 3452 ante
2993 3400 3177 3452 sonitu
3203 3411 3363 3466 quam
3396 3408 3618 3467 aSpectu
3647 3398 3874 3452 territus
3900 3399 4070 3453 cede-

2482 3500 2589 3545 ret.
2643 3490 2917 3545 lntellexit
2968 3491 3276 3544 daemonum
3327 3488 3610 3545 ludibria:
3646 3499 3701 3544 et
3738 3490 4071 3559 provolutus

2484 3582 2743 3652 genibus,
2770 3582 2978 3637 Christi
3032 3598 3251 3637 crucem
3316 3581 3632 3650 signavitin
3669 3582 3888 3637 fronte:
3946 3583 4045 3636 tali

2482 3694 2589 3747 que
2618 3689 2884 3741 armatus,
2920 3678 3114 3746 jaceus
3143 3674 3343 3730 fortius
3374 3675 3762 3745 praeliabatur;
3794 3674 4072 3743 quodam-

2483 3770 2650 3824 modo
2711 3771 2901 3824 videre
2968 3769 3315 3831 desiderans,
3367 3782 3511 3836 quos
3563 3766 3825 3821 horrebat
3850 3767 4071 3833 audire,

2480 3872 2535 3916 et
2592 3862 2847 3916 sollicitis
2906 3863 3082 3916 oculis
3140 3862 3252 3915 huc
3302 3859 3538 3929 illucque
3584 3859 4071 3929 circumspiciens.

2480 3954 2615 4008 Cum
2648 3955 2865 4009 interim
2893 3970 2958 4008 ex
2986 3955 3305 4021 improviso,
3340 3953 3663 4022 splendente
3713 3952 3868 4017 luna,
3941 3968 4075 4009 cer-

2480 4049 2561 4101 nit
2600 4047 2820 4100 rhedam
2858 4045 3205 4099 ferventibus
3262 4045 3420 4114 equis
3479 4059 3647 4114 super
3697 4059 3757 4099 se
3805 4046 4071 4099 irruere:

2480 4152 2720 4205 cumque
2752 4137 3109 4190 inclamasset
3149 4134 3361 4197 .lesum,
3393 4144 3522 4188 ante
3571 4133 3762 4188 oculos
3786 4134 3907 4203 ejus
3981 4151 4073 4189 re-

2480 4229 2705 4295 pentino
2740 4239 2894 4280 teme
2947 4226 3096 4279 hiatu
3153 4240 3349 4295 pompa
3400 4226 3581 4280 onmis
3640 4226 3898 4291 absorpta
3958 4236 4071 4279 est.

2480 4316 2638 4370 Tunc
2687 4317 2779 4389 ille
2836 4318 2945 4370 ait:
2992 4316 3201 4384 Equum
3235 4323 3283 4367 et
3336 4330 3668 4368 ascensorem
3726 4314 3944 4383 projecit
4002 4316 4064 4365 in

2484 4427 2635 4465 mare
2690 4409 2890 4481 (Exod.
2930 4425 3020 4472 xv,
3060 4410 3135 4479 1).
3198 4408 3287 4473 Et,
3349 4406 3421 4461 Ηὶ
3455 4408 3511 4460 in
3540 4407 3811 4469 curribus,
3837 4419 3886 4459 et
3912 4406 3969 4457 Iri
4020 4408 4075 4459 in

2478 4506 2651 4575 equis,
2693 4521 2787 4556 nos
2846 4511 3020 4555 autent
3072 4502 3125 4554 in
3176 4502 3385 4555 nomine
3441 4499 3538 4553 Dei
3595 4499 4074 4569 magni/itabimur

797 4603 1081 4672 pelliccum
1158 4602 1362 4655 habens
1418 4599 1743 4667 epv-ndyten,
1805 4616 1969 4669 quem
2037 4602 2111 4655 illi
2178 4583 2652 4670 beatusD(Psal.
2695 4598 2944 4663 avt,i8).

796 4696 1066 4748 Antonius
1100 4691 1467 4762 proficiscenti
1493 4693 1739 4757 dederat,
1767 4708 2067 4762 sagumqne
2087 4696 2382 4763 rusticum,

798 4771 939 4837 inter
967 4797 1116 4836 mare
1150 4792 1200 4836 et
1234 4783 1510 4851 paludem,
1547 4788 1697 4835 vasta
1731 4790 1785 4834 et
1818 4783 2053 4837 terribili
2086 4785 2384 4841 solitudine

799 4877 1103 4941 fruebatur,
1155 4875 1475 4945 quindecim
1536 4883 1751 4928 tantum
1806 4874 2021 4929 caricas
2076 4886 2199 4945 post
2249 4880 2383 4934 solis

797 4988 1052 5028 occasum
1086 4972 1407 5027 comedens.
1436 4969 1502 5025 Et
1532 4974 1662 5040 quia
1699 4972 1849 5038 regio
1878 4970 2183 5025 latrociniis
2231 4972 2380 5026 infa-

803 5068 905 5121 mis
935 5079 1072 5132 erat,
1118 5080 1401 5134 nunquam
1460 5065 1513 5118 in
1543 5063 1735 5118 eodem
1763 5064 1888 5119 loco
1939 5064 2187 5119 habitare
2241 5080 2381 5120 con-

890 5248 904 5277 ¹
935 5246 1184 5301 Vaticani
1240 5247 1301 5298 ob
1349 5251 1531 5300 varias
1601 5245 1942 5314 inﬁrmitates
1973 5253 2021 5298 et
2069 5246 2382 5314 passiones;

805 5321 968 5387 paulo
1000 5327 1141 5385 post,
1173 5317 1349 5369 dicens
1379 5332 1487 5387 pro
1526 5318 1741 5387 ducens.

880 5390 900 5420 '
935 5383 1062 5441 Mss.
1089 5387 1335 5456 Majnma
1364 5396 1418 5440 et
1438 5386 1678 5442 Mauma.
1713 5383 1834 5439 Vid.
1860 5384 2247 5452 Sozomenum,
2281 5385 2379 5442 lib.

810 5475 864 5523 v,
898 5474 1019 5526 cap.
1041 5460 1095 5511 5.
1588 5524 1597 5526 4
1820 5492 1825 5496 -

887 5530 907 5561 ³
931 5524 1039 5582 Vox
1068 5529 1297 5597 pectoris
1329 5528 1380 5581 in
1411 5540 1546 5597 mss.
1580 5524 1694 5580 fere
1732 5525 2100 5597 desideratur.

882 5601 903 5631 ⁵
933 5596 1106 5653 Laevos
1137 5609 1289 5653 erant
1325 5613 1493 5667 gente.
1522 5596 1578 5650 In
1616 5597 1857 5650 editione
1900 5596 2215 5651 Erasmiana
2251 5596 2381 5668 legi-

812 5686 962 5729 mus,
997 5669 1137 5721 lenes
1159 5682 1311 5721 erant
1332 5684 1477 5738 genre
1507 5682 1527 5731 ;
1557 5668 1650 5721 sed
1681 5667 1839 5729 falso,
1873 5682 1996 5720 cum
2026 5682 2216 5721 omnes
2247 5667 2381 5723 [ηδε.

814 5740 1035 5795 codices
1062 5740 1307 5793 melioris
1340 5752 1479 5792 noue
1506 5749 1673 5804 atque
1703 5753 1923 5799 manus,
1958 5741 2235 5791 retineant
2289 5754 2383 5791 vo-

818 5827 937 5863 rem
972 5810 1148 5864 la'rcs.
1187 5807 1385 5862 Eadem
1424 5809 1612 5862 fraude
1655 5809 1736 5861 vel
1798 5808 2067 5873 imperitia
2135 5816 2378 5861 veterum

820 5892 1220 5945 exsenptoium
1280 5890 1455 5948 putuit
1505 5879 1746 5949 irrepere
1810 5882 2034 5934 verbum
2092 5878 2222 5933 lenis
2281 5898 2380 5951 plu

2560 4692 2615 4744 7.
2650 4691 2828 4743 Multa:
2863 4696 2990 4742 sunt
3026 4686 3356 4740 teutationcs
3383 4685 3525 4753 cjus,
3562 4692 3618 4737 et
3646 4683 3734 4737 die
3787 4693 4073 4753 noctuque

2489 4786 2658 4838 variae
2695 4784 3008 4837 daemonum
3047 4779 3299 4833 insidia:
3333 4792 3473 4845 quas
3501 4778 3544 4829 si
3581 4790 3771 4828 omnes
3826 4790 4060 4829 narrare

2488 4879 2674 4941 velim,
2737 4875 2960 4929 modum
3032 4872 3295 4926 excedam
3353 4869 3674 4923 voluminis.
3730 4866 3960 4931 Quoties
3990 4869 4070 4921 illi

2491 4971 2652 5024 nuda:
2704 4968 2964 5021 mulieres
2988 4964 3233 5026 cubanti,
3272 4961 3487 5030 quoties
3517 4959 3785 5014 esurienti
3817 4960 4072 5027 largissi’

2490 5080 2591 5116 nne
2627 5073 2932 5131 apparuere
2964 5057 3183 5127 dapes!
3248 5054 3524 5108 Interdum
3588 5061 3833 5105 orantem
3905 5052 4070 5119 lupus

2486 5243 2655 5297 lavis.
2690 5241 2890 5296 Cenes.
2918 5240 3089 5300 xxvii,
3126 5236 3213 5296 ll.
3246 5252 3341 5303 ego
3370 5250 3487 5288 t'ero
3520 5232 3955 5303 ΜήιΜλιιῃλκ.

2558 5315 2578 5344 ⁵
2623 5312 2899 5365 Ίὶιὶιιαίιαι
2962 5311 3163 5375 itaque.
3233 5301 3363 5359 Mss.
3408 5306 3676 5358 Aveninn.
3714 5316 3768 5355 et
3824 5301 4066 5375 Tolos.:

2489 5383 2770 5438 Titillabal
2799 5385 2976 5450 itaque
3003 5374 3185 5432 sensus
3208 5379 3320 5445 ejus
3347 5376 3588 5428 naturali
3633 5375 3812 5497 eglrnis
3849 5374 4068 5437 ardore,

2489 5465 2554 5497 pl-
2584 5465 2687 5497 plr‘-
3718 5458 3848 5497 ART-

2485 5465 2557 5516 et,
2584 5465 2688 5505 etc.
3664 5465 3848 5497 MART.

2559 5526 2579 5556 '
2611 5520 3034 5593 Elegantissime
3057 5518 3115 5575 S.
3149 5518 3412 5573 Paulinus
3440 5515 3626 5571 Poeni.
3665 5529 3799 5569 XXI:

2581 5629 2658 5679 Sit
2690 5628 2834 5678 fortis
2868 5629 3028 5677 anima
3053 5624 3355 5675 mortiﬁcans
3378 5624 3571 5671 asinum
3594 5634 3755 5679 suum,

2486 5752 2685 5804 corpus
2721 5750 2917 5802 nempe
2942 5735 2995 5786 in
3024 5730 3277 5787 libidines
3318 5744 3576 5804 pronum.

2560 5800 2740 5863 'Cum
2776 5800 3023 5861 Victorio
3048 5818 3182 5857 mss.
3214 5800 3385 5856 nostri
3415 5814 3633 5865 prorsus
3679 5815 3776 5872 pro
3831 5818 4041 5860 rursus.
