4212 6446
164 382 229 448 33
1202 384 1377 449 VITA
1414 386 1479 447 S.
1509 386 1692 446 111LA
1706 388 1741 446 ll

1839 391 1974 453 NIS
2009 395 2404 464 ΕΗΕΜΙΤΕ.
3353 408 3424 471 34

164 498 398 563 ululans,
430 503 488 553 et
515 496 805 566 vulpecula
843 496 1109 568 ganniens
1140 499 1462 563 transilivit,
1497 500 1732 568 pS‘llit‘n-
1768 510 1810 564 Α
1843 517 2100 576 mortem,
2132 526 2161 564 a
2189 514 2534 579 sexagesimo
2569 525 2764 584 quarto
2796 534 2942 573 anno
2976 535 3151 590 usque
3177 522 3243 576 ad
3272 530 3426 579 octo-

158 591 303 660 tique
345 589 731 659 gladiatorum
790 605 976 660 pugna
1038 591 1416 660 spectaculum
1464 591 1740 661 praebuit:

157 694 207 736 et
232 698 377 737 unus
409 682 578 751 quasi
614 683 966 749 interfectus,
1006 693 1062 738 et
1085 694 1210 738 ante
1242 685 1412 755 pedes
1430 684 1554 755 ejus
1614 701 1744 739 cor-

158 789 343 835 ruens,
366 776 728 843 sepulturam
774 777 1008 843 rogarit.

221 867 275 921 8.
298 865 496 922 Oravit
532 865 662 940 [ms.
690 866 907 939 orabat]
940 869 1111 923 semel
1140 867 1249 923 tlxo
1279 869 1331 922 in
1372 877 1571 923 terram
1597 868 1746 939 capi-

161 959 532 1029 te,l7etut
588 972 785 1016 natura
851 960 958 1015 fert
1022 962 1333 1026 hominum,
1397 962 1632 1015 abducta
1677 964 1744 1016 ab

159 1054 407 1106 oratione
448 1068 632 1118 mens,
668 1052 858 1107 nescio
886 1054 1018 1123 quid
1045 1054 1190 1107 aliud
1225 1054 1506 1123 cegitahat
1536 1071 1551 1113 ;
1605 1056 1743 1111 insi-

156 1144 235 1198 liit
268 1145 439 1198 dorso
475 1149 600 1214 ejus
642 1147 882 1215 agitator
922 1147 938 1177 ⁸
972 1156 1026 1201 et
1055 1146 1224 1201 latere
1256 1146 1528 1211 calcibus,
1566 1148 1743 1203 cerri-

158 1252 265 1290 cem
323 1236 549 1302 ﬂagello
602 1238 900 1292 Verberans
944 1236 1109 1299 :Eia,
1146 1239 1345 1308 inquit,
1390 1253 1491 1293 cur
1537 1240 1744 1294 dormi-

159 1331 283 1383 las?
337 1331 805 1401 cachinnausqoe
854 1331 1113 1400 desuper,
1164 1334 1211 1387 si
1274 1330 1386 1403 [ΔΙ.
1445 1342 1592 1401 cum)
1647 1334 1743 1387 de-

160 1420 395 1487 iecisset,
455 1438 530 1475 an
592 1423 858 1478 hordeum
914 1423 1077 1478 vellet
1134 1426 1382 1495 accipere
1414 1426 1741 1482 sciscitaba-

160 1523 209 1566 tu
220 1530 260 1565 ι’.

226 1606 278 1660 9.
338 1606 706 1678 Tugurielum
771 1612 1092 1669 Hilarionis.
1131 1645 1202 1657 —
1268 1616 1442 1685 Igitur
1497 1631 1527 1670 a
1584 1626 1741 1671 sexto

159 1695 362 1749 decimo
389 1716 570 1769 usque
606 1703 674 1756 ad
729 1705 1048 1760 vicesimum
1114 1722 1228 1761 sua:
1298 1708 1477 1761 artatis
1504 1722 1738 1774 annum,

158 1799 313 1842 astus
345 1802 401 1845 et
462 1793 688 1860 pluvias
750 1797 904 1850 brevi
960 1798 1355 1863 tuguriuncnlo
1407 1799 1739 1862 declinavit,

158 1884 295 1947 quod
322 1884 502 1949 junco
530 1895 584 1940 et
613 1888 793 1943 carice
823 1900 1088 1943 texuerat.
1142 1891 1429 1944 Exstructa
1477 1892 1738 1961 deinceps

162 1972 306 2028 brevi
338 1977 566 2041 cellula,
595 1993 716 2048 qua
745 1995 917 2049 usque
940 1981 1101 2036 hodie
1131 1984 1737 2055 permanegaltitudine

159 2064 352 2132 pedum
385 2069 667 2138 quinque,
726 2071 833 2125 hoc
870 2080 954 2127 est
997 2082 1209 2128 statura
1270 2089 1368 2129 sua
1411 2076 1732 2140 humiliore,

158 2169 316 2220 porro
380 2156 741 2228 longitudine
800 2165 968 2231 paulo
1024 2166 1317 2234 ampliore,
1375 2182 1541 2235 quam
1611 2168 1734 2236 ejus

158 2248 549 2316 corpusculum
634 2254 944 2322 patiebatur
986 2256 1124 2323 ’,ιιι
1180 2257 1495 2327 sepulcrum
1551 2260 1735 2328 potius

158 2353 312 2406 quam
346 2342 583 2396 domum
614 2347 895 2401 crederes.

225 2433 310 2487 10.
334 2433 534 2490 Cultus
565 2436 890 2493 Hilarionis.
910 2469 980 2481 —
1000 2440 1267 2510 Capillum
1288 2443 1453 2497 semel
1484 2444 1536 2497 in
1586 2458 1732 2498 anno

158 2523 237 2576 die
266 2523 499 2582 Pascha:
538 2531 820 2584 totondit:
849 2547 1014 2601 super
1043 2532 1244 2586 nudam
1307 2535 1533 2587 humum
1589 2544 1731 2588 stra—

159 2626 377 2684 tumque
401 2620 674 2689 junccuin
714 2638 889 2693 usque
913 2625 978 2679 ad
1014 2638 1241 2678 mortem
1277 2625 1567 2679 cubitavit.
1602 2626 1735 2680 Sac-

158 2723 276 2762 cum
304 2724 419 2778 quo
445 2712 626 2766 semel
670 2712 848 2768 luerat
885 2714 1126 2779 indutus,
1186 2730 1468 2783 nunquam
1516 2716 1731 2781 lavaris;

162 2810 593 2859 etscrzanccsi
643 2821 771 2861 esse
832 2807 1021 2863 dicens
1084 2808 1382 2862 munditias
1434 2809 1485 2860 in
1554 2809 1733 2862 cilirio

166 2909 423 2963 qna-rere.
446 2896 563 2952 Nec
600 2899 833 2953 mutavit
866 2900 1090 2954 alteram
1125 2902 1389 2964 tunicam,
1434 2902 1535 2955 iiisi
1603 2917 1729 2955 cum

162 2988 305 3056 prior
364 2990 597 3057 penitus
658 2992 831 3046 scissa
891 3003 1059 3048 esset.
1146 2995 1469 3062 Scripturas
1513 3009 1733 3063 quoque

162 3089 368 3134 sanctas
400 3082 734 3137 memoriter
765 3096 979 3145 tenens,
1023 3091 1145 3153 post
1170 3085 1451 3139 orationes
1486 3095 1541 3138 et
1587 3087 1731 3153 psal-

164 3184 274 3224 mos
295 3174 455 3239 quasi
491 3172 607 3227 Deo
632 3185 900 3241 praesente
932 3176 1221 3229 recitabat.
1256 3176 1321 3229 Et
1351 3177 1477 3245 quia
1504 3180 1725 3245 longum
1755 3195 1800 3257 ρ
1834 3217 1971 3253 eum.
2010 3231 2078 3243 ___
2107 3200 2306 3265 vigil,”
2351 3210 2403 3253 ει
2439 3172 2577 3254 duos
2626 3201 2737 3268 iam
2777 3203 2827 3253 in
2865 3172 2991 3255 έοιίι

167 3272 244 3315 est
269 3279 363 3330 per
416 3264 648 3320 diversa
704 3275 957 3336 tempora
1015 3269 1242 3336 carptim
1281 3284 1569 3322 ascensum
1624 3268 1732 3340 [ΑΙ.

167 3357 450 3429 ascensus]
484 3359 608 3427 ejus
680 3358 919 3425 edicere,
977 3361 1442 3431 comprehendam
1492 3362 1737 3416 breviter

161 3456 283 3499 ante
321 3449 545 3502 lectoris
581 3450 800 3515 oculos,
837 3449 1011 3505 Vitam
1039 3455 1158 3520 ejus
1188 3455 1394 3521 pariter
1426 3467 1730 3521 exponens,

163 3546 214 3590 et
241 3539 496 3610 deinceps
524 3541 592 3596 ad
632 3544 895 3597 narrandi
933 3547 1178 3599 ordinem
1225 3546 1522 3616 regrediar.

231 3654 312 3707 ll.
368 3653 554 3709 Victus
621 3656 945 3711 Hilarionis.
991 3688 1059 3700 —-
1118 3664 1157 3713 Α
1220 3662 1482 3715 vicesimo
1545 3664 1725 3731 primo

165 3760 303 3799 anno
341 3763 517 3817 usque
543 3751 611 3802 ad
649 3751 962 3804 vicesimum
997 3754 1311 3821 septimum.
1363 3755 1543 3808 tribus
1575 3758 1735 3811 annis

164 3839 440 3892 dimidium
500 3840 667 3897 lentis
722 3848 1024 3898 sextarium
1081 3846 1444 3901 madefactum
1475 3863 1612 3916 aqua
1646 3847 1742 3900 tri-

164 3934 277 3997 gida
342 3933 629 3998 comedit,
698 3945 752 3989 et
807 3937 931 3991 aliis
1012 3938 1187 3992 tribus
1254 3954 1446 4007 panem
1521 3940 1733 3993 aridum

164 4037 279 4075 cum
340 4025 453 4079 sale
522 4036 579 4079 et
632 4040 795 4094 aqua.
869 4027 1043 4082 Porro
1106 4044 1135 4082 a
1185 4030 1450 4083 vicesimo
1506 4035 1741 4099 septimo

166 4128 328 4181 usque
389 4115 457 4168 ad
529 4116 893 4181 tricesimum,
943 4117 1128 4171 herbis
1179 4120 1506 4187 agrestibus,
1538 4131 1589 4173 et
1621 4122 1742 4173 vir-

164 4204 428 4270 gultorum
483 4204 855 4273 quorumdam
916 4208 1193 4261 radicibus
1229 4209 1414 4263 crudis
1454 4219 1738 4265 sustenta-

166 4306 246 4349 tus
296 4307 399 4349 est.
453 4300 498 4348 Δ
569 4295 854 4351 tricesimo
913 4308 1094 4353 autem
1119 4302 1295 4367 primo
1322 4317 1497 4368 usque
1537 4303 1603 4356 ad
1639 4303 1739 4357 tri-

164 4388 419 4440 cesimum
478 4387 760 4457 quintum,
829 4403 921 4443 sex
981 4392 1171 4445 uncias
1221 4392 1508 4445 hordeacei
1559 4395 1739 4461 panis,

1846 600 2114 668 gesiinutn
2148 604 2254 672 18
2312 620 2450 672 pane
2497 606 2783 672 abst'nuit,
2844 612 3149 668 incredibili
3207 616 3422 670 let-vote

1848 694 2071 757 mentis,
2116 707 2259 749 utco
2326 706 2571 767 tempOrc
2609 703 2763 769 quasi
2815 719 2989 759 novus
3031 709 3311 763 accederet
3353 710 3422 764 ad

1845 788 2164 841 servitutem
2200 789 2438 856 Domini,
2487 809 2596 859 quo
2648 795 2833 849 caetcii
2883 798 3064 852 solent
3130 803 3418 856 remissius

1846 878 2052 933 vivere.
2088 878 2277 936 Flebat
2316 894 2497 937 autem
2525 887 2571 938 ei
2627 886 2694 942 de
2750 886 2923 943 farina
2986 899 3039 944 et
3086 896 3422 947 eoinniinuto

1845 972 1993 1025 olere
2023 973 2444 1042 sorbitioneola,
2474 980 2597 1033 cibo
2629 989 2676 1033 et
2700 990 2827 1048 potu
2854 984 2935 1035 vix
2963 988 3205 1051 quinque
3233 988 3425 1040 tinctas

1855 1063 2338 1131 appendentibus,
2397 1068 2588 1138 sicque
2639 1075 2923 1141 complens
2975 1073 3222 1125 ordinent
3278 1077 3425 1139 vitat,

1848 1170 2133 1225 nunquam
2169 1171 2294 1213 ante
2319 1161 2451 1216 Solis
2480 1178 2762 1228 occasum,
2799 1182 2896 1220 nec
2933 1169 2983 1219 in
3011 1167 3205 1221 diebus
3244 1170 3421 1234 festis,

1844 1264 1945 1304 nec
1976 1251 2028 1304 in
2060 1254 2377 1321 gravissima
2412 1258 2721 1311 valetudine
2752 1258 2864 1330 [ΑΙ.
2900 1260 3245 1333 aegritudine]
3310 1264 3421 1317 Sol-

1845 1343 2235 1413 vitjejunitiin.
2267 1350 2369 1403 Sed
2404 1349 2514 1418 jain
2554 1361 2763 1420 tempus
2795 1362 2882 1406 est
2932 1367 2989 1407 ut
3054 1356 3121 1408 ad
3172 1358 3419 1411 ordinent

1847 1455 2213 1499 revertamur.

1917 1536 2005 1591 12.
2038 1536 2292 1589 Latrones
2323 1538 2531 1591 veniunt
2560 1540 2627 1591 ad
2662 1541 2988 1595 llilarionem
3010 1544 3418 1597 nocte—Cum

1848 1628 2121 1683 habitaret
2152 1632 2330 1683 adhuc
2364 1632 2415 1684 in
2450 1634 2730 1698 tuguriolo
2765 1650 2938 1688 annos
2972 1645 3132 1687 natus
3166 1638 3348 1688 deveni
3373 1646 3426 1690 οτι

1845 1732 1990 1784 octo,
2036 1724 2275 1777 latroiies
2323 1724 2388 1777 ad
2425 1741 2544 1777 eum
2601 1738 2763 1779 nocte
2801 1736 3092 1791 venerunt,
3141 1729 3221 1779 vel
3276 1732 3425 1781 aesti-

1848 1826 2062 1871 mantes
2094 1817 2294 1870 habere
2327 1817 2529 1886 aliquid
2580 1819 2725 1887 quod
2765 1820 3035 1887 tollerent,
3086 1825 3166 1877 vel
3202 1825 3252 1876 in
3292 1841 3422 1878 eon-

1846 1919 2105 1977 teinptum
2168 1911 2252 1963 sui
2312 1922 2623 1978 reputantes
2678 1916 2812 1978 ﬁeri,
2848 1916 2894 1968 si
2952 1932 3085 1985 puer
3138 1919 3421 1972 solitarius

1839 2013 2025 2053 eorum
2083 2000 2319 2069 impetus
2376 2018 2480 2055 non
2545 2005 2975 2071 pertimesceret.
3037 2007 3225 2076 Itaque
3279 2012 3420 2063 inter

1839 2106 1988 2145 mare
2031 2104 2080 2144 et
2111 2092 2362 2161 paludem
2401 2110 2429 2145 a
2472 2108 2700 2161 chpere
2732 2112 2906 2165 usque
2947 2100 3010 2150 ad
3052 2101 3183 2154 silis
3232 2113 3414 2156 ortum

1840 2183 2238 2245 discurrentes,
2280 2202 2560 2253 nunquam
2602 2189 2778 2241 locum
2822 2190 3020 2243 cubilis
3054 2192 3073 2222 ³
3102 2193 3221 2257 ejus
3274 2195 3421 2247 inie-

1839 2273 1957 2327 nire
2004 2282 2320 2342 potuerunt.
2373 2276 2546 2330 Porro
2602 2280 2749 2332 clara
2805 2281 2922 2335 luce
2957 2295 3174 2350 reporto
3226 2301 3418 2352 puero,

1836 2366 1995 2434 quasi
2037 2382 2131 2435 per
2166 2369 2353 2437 jocum
2396 2384 2410 2420 :
2447 2366 2614 2431 Ouid,
2651 2373 2925 2438 inquiunt,
2972 2373 3200 2439 laceres,
3259 2377 3304 2429 si
3344 2379 3420 2429 la-

1838 2468 2022 2514 trones
2085 2463 2148 2514 ad
2226 2471 2276 2514 te
2322 2463 2615 2516 venirent?
2666 2464 2875 2528 Quibus
2944 2468 3034 2519 ille
3090 2470 3412 2537 respondit:

1836 2547 2022 2603 Nudus
2059 2551 2296 2605 latrones
2332 2568 2436 2605 llOlI
2510 2556 2679 2607 timet.
2731 2556 2795 2608 Et
2843 2557 2918 2608 illi
2957 2574 2968 2609 :
3016 2558 3191 2621 Certe,
3244 2560 3420 2624 aiunt,

1837 2644 2012 2696 occidi
2045 2654 2215 2713 potes.
2249 2644 2503 2711 Possum,
2561 2649 2760 2715 inquit,
2792 2664 3011 2717 possntn
3054 2667 3067 2705 :
3103 2660 3154 2703 tt
3187 2652 3307 2703 ideo
3339 2654 3416 2703 la.

1840 2746 2023 2790 trones
2074 2752 2178 2791 non
2234 2740 2421 2802 timeo,
2454 2740 2577 2807 quia
2614 2741 2751 2791 mori
2803 2754 3027 2806 paratus
3081 2757 3220 2794 sitm.
3265 2740 3421 2796 Tunc

1836 2828 2090 2881 admirati
2129 2830 2498 2883 constaniiain
2542 2834 2658 2901 «jus
2689 2841 2740 2883 et
2776 2834 2955 2896 lidein,
3002 2835 3240 2888 confessi
3288 2844 3420 2888 sntit

1838 2920 2014 2974 noctis
2079 2937 2345 2985 errorem,
2405 2935 2742 2992 caacatosque
2787 2926 2998 2989 oculos,
3039 2928 3420 2981 correctiorem

1836 3015 2091 3081 deinceps
2126 3015 2288 3069 vitain
2341 3018 2685 3083 pollicentes.

1912 3109 1996 3163 15.
2036 3108 2221 3161 Muh’er
2259 3110 2456 3162 sterilis
2490 3110 2660 3173 prima
2711 3115 3004 3181 irrumpere
3045 3131 3174 3166 ausa
3224 3126 3301 3168 est
3352 3115 3421 3167 ad

3004 3206 3162 3256 udine
3188 3206 3425 3259 halielrat

1848 3308 2048 3351 annos.
2086 3292 2227 3345 latina
2285 3303 2495 3346 tantum
2529 3304 2689 3346 ηοιηιις
2720 3295 2997 3358 omnibus,
3034 3306 3085 3348 et
3137 3312 3230 3364 per
3282 3308 3423 3352 totas

1850 3385 2152 3438 Palestina!
2217 3387 2467 3453 vulgatus
2530 3387 2717 3451 urbes,
2772 3403 2893 3439 cum
2955 3388 3171 3441 interim
3225 3392 3424 3443 mulier

1851 3479 2099 3546 quaedam
2156 3478 2694 3546 Eleutheropolitaua
2760 3495 2991 3533 cernens
3044 3483 3321 3549 tlespectui
3365 3500 3423 3536 se

1853 3571 2034 3624 haberi
2070 3586 2096 3621 a
2132 3571 2245 3623 viro
2285 3574 2350 3623 ob
2378 3572 2721 3625 sterilitatem
2761 3572 2887 3642 (iatn
2922 3574 3065 3625 enim
3117 3590 3211 3641 per
3247 3590 3423 3628 annos

1849 3664 2161 3731 quindecim
2196 3664 2374 3715 nullos
2405 3664 2645 3732 conjttgii
2687 3663 2896 3717 fructus
2940 3664 3212 3735 dederat),
3247 3667 3325 3735 pii
3354 3684 3420 3719 ita

1851 3755 2161 3823 irrumpere
2187 3770 2318 3808 ausa
2354 3764 2435 3807 est
2480 3759 2544 3807 ail
2587 3758 2804 3810 beatum
2854 3757 3226 3811 llilarioneiu:
3266 3769 3313 3811 et
3342 3760 3423 3811 iii-

1853 3847 1926 3900 hil
1953 3846 2057 3899 tale
2096 3847 2418 3913 suspicanti,
2457 3858 2676 3915 repente
2705 3850 2865 3917 genib
2890 3865 2933 3901 :s
2970 3850 3088 3915 ejus
3124 3851 3375 3903 advoluta
3406 3868 3420 3903 :

1850 3938 2099 4007 Ignosce,
2128 3939 2326 4006 inquit,
2356 3938 2632 3991 audaciae:
2671 3941 2890 4006 ignosce
2921 3958 3028 3994 nec
3054 3944 3229 3995 ssitati
3268 3958 3416 3994 mere.

1852 4030 1990 4096 Quid
2035 4032 2236 4084 avertis
2272 4030 2668 4100 oculos?qnid
2732 4044 3007 4102 rogantem
3068 4036 3249 4103 iugis?
3298 4035 3420 4088 Noli

1851 4123 2133 4176 mulierem
2167 4125 2427 4191 aspicere,
2455 4126 2551 4177 sed
2592 4126 2873 4178 miserant.
2915 4125 3013 4178 Hic
3044 4141 3211 4180 sexus
3235 4128 3421 4194 genuit

1850 4216 2207 4270 Salvatoreni.
2245 4215 2363 4267 Non
2391 4217 2581 4269 habent
2607 4219 2724 4269 sani
2762 4233 2889 4282 opus
2920 4220 3141 4283 medico,
3207 4219 3295 4271 scd
3322 4221 3413 4289 qui

1850 4308 1986 4361 male
2007 4308 2191 4360 habent
2221 4305 2372 4377 (an.
2408 4323 2458 4369 v,
2490 4309 2548 4362 3i
2576 4309 2614 4377 ).
2661 4308 2897 4362 Tandem
2928 4312 3186 4373 substitit,
3224 4321 3332 4380 etp
3372 4323 3425 4366 st

1851 4405 2061 4450 tantum
2098 4400 2357 4466 temporis
2391 4398 2504 4451 visa
2536 4399 2783 4464 muliere,
2816 4401 3172 4467 interrogavit
3200 4417 3418 4455 eausmu

162 4488 212 4530 cl
257 4488 473 4530 COCIIIm
544 4478 759 4531 "Iudice
821 4479 945 4534 Olus
998 4482 1210 4548 absque
1238 4482 1356 4534 01εο
1399 4482 1451 4534 iu
1480 4482 1603 4535 Cibo
1637 4482 1738 4535 ha-
1769 4512 1815 4567 ι)
1844 4490 2114 4545 adventus
2189 4491 2306 4559 ejus
2359 4506 2425 4544 ac
2463 4490 2710 4545 ﬂetuum.
2764 4493 2827 4546 Et
2880 4503 3164 4563 postquam
3210 4493 3416 4557 didicit,

167 4569 293 4621 buit.
357 4567 624 4623 Sentiens
682 4579 862 4623 autem
920 4571 1156 4640 caligare
1214 4573 1401 4627 oculos
1450 4588 1617 4637 suos,
1681 4581 1735 4627 et

164 4669 325 4714 tutum
358 4676 564 4729 corpus
590 4661 905 4730 impetigine
935 4670 986 4715 et
1012 4662 1260 4730 pumicea
1312 4663 1545 4732 quadam
1611 4679 1732 4718 sca-

164 4753 378 4806 bredine
428 4753 709 4818 contrahi,
766 4753 831 4807 ad
885 4755 1227 4822 superiorem
1284 4756 1488 4809 victum
1533 4755 1734 4825 adjecit

166 4845 330 4899 oleum
358 4888 375 4911 ,
415 4858 470 4900 et
503 4860 680 4913 usque
732 4846 801 4899 ad
847 4847 1256 4915 sexagesimum
1317 4848 1547 4903 tertium
1612 4851 1737 4903 vitae

165 4949 271 4988 sua:
318 4951 531 4990 annum
587 4937 735 4991 hunc
770 4937 1120 4992 continentiae
1169 4938 1419 4993 cucurrit
1481 4942 1734 5009 gradum,

165 5026 290 5081 nihil
309 5030 662 5084 extrinsecus
692 5041 787 5082 aut
815 5043 1128 5098 pontorum,
1165 5040 1257 5084 ant
1285 5030 1601 5100 leguminis,
1632 5044 1730 5087 aut

166 5119 451 5185 cujuslibet
478 5122 557 5176 rei
583 5130 831 5191 gustatis.
859 5122 987 5176 lude
1021 5137 1143 5177 cum
1165 5138 1225 5178 se
1248 5123 1455 5177 videret
1503 5139 1738 5194 corpore

167 5209 548 5284 defatigatum,
602 5221 660 5268 et
719 5214 1091 5286 propinquam
1159 5222 1383 5285 putaret
1445 5214 1739 5273 imminere

230 5438 246 5469 ¹
279 5436 492 5510 Victor.
528 5440 752 5509 festinus
782 5440 1037 5510 agitator,
1063 5454 1161 5509 pro
1182 5452 1293 5507 quo
1339 5436 1466 5491 olim
1515 5439 1735 5509 gladia-

168 5518 258 5561 tor.
283 5507 406 5563 lox
472 5507 657 5564 autem
720 5507 833 5565 duo
886 5507 1136 5565 Vaticani
1169 5524 1324 5562 curre
1359 5523 1379 5562 :
1423 5507 1681 5563 dormites
1706 5511 1731 5563 .7

170 5591 259 5645 pro
298 5596 396 5633 cur
421 5580 705 5633 dormites.

202 5651 250 5724 ν’
278 5650 396 5724 Duo
428 5653 590 5705 codd.
620 5651 961 5717 spatiabatur
987 5647 1095 5703 alio
1127 5663 1293 5705 sensu
1326 5650 1465 5707 forte
1497 5663 1565 5702 an
1599 5662 1731 5705 con-

170 5722 421 5772 (iuniori.

232 5786 251 5815 ³
288 5788 457 5841 [idem
484 5788 594 5842 duo
619 5789 803 5855 codd.,
835 5790 1085 5845 cubiculi.

230 5858 250 5885 ‘
296 5860 389 5913 Dic
438 5874 575 5915 mss.
626 5858 809 5916 Graeca
867 5860 1042 5915 (arma
1106 5860 1504 5933 'Apiotaivétq.
1572 5862 1767 5927 lianc.

1839 4582 2029 4636 levatis
2061 4584 2126 4637 ad
2160 4584 2355 4637 coelum
2385 4582 2585 4645 oculis.
2651 4585 2815 4637 littere
2838 4585 3002 4652 jussit
3030 4602 3043 4638 :
3086 4595 3419 4656 euntemquo

1839 4673 2096 4745 lacrymis
2181 4687 2524 4744 prosecutus,
2590 4685 2785 4730 exacto
2852 4691 2996 4730 anno
3072 4677 3212 4731 vidit
3293 4692 3417 4733 coni

1840 4767 1976 4820 lilio.

1912 4861 2001 4915 Η.
2045 4858 2237 4915 Mulier
2256 4862 2443 4916 nobilis
2471 4879 2605 4916 uxor
2628 4866 2863 4932 prafecti
2893 4866 3167 4933 praetorio.
3210 4865 3401 4920 Mona-

1842 4955 1924 5007 ehi
1953 4972 2057 5007 non
2093 4968 2244 5008 erant
2275 4956 2329 5009 in
2364 4954 2524 5025 Syria
2567 4966 2689 5012 ante
2717 4956 2775 5012 S.
2824 4958 3176 5014 (litationem.
3211 4989 3273 5002 —-
3305 4960 3416 5013 lloc

1844 5048 2124 5115 signorum
2153 5048 2272 5116 ejus
2306 5049 2630 5118 principium
2667 5054 2843 5119 majus
2887 5052 3035 5106 aliud
3069 5053 3284 5121 signum
3319 5069 3417 5105 noc

1847 5137 2102 5191 bilitavit.
2136 5138 2462 5194 Aristanete
2487 5138 2511 5171 θ
2536 5140 2642 5210 19
2682 5142 2899 5210 Elpidii,
2927 5143 3017 5209 qui
3057 5151 3241 5209 postea
3278 5156 3415 5210 prie-

1842 5227 2017 5282 lectus
2048 5230 2305 5297 praetorio
2334 5231 2458 5293 luit,
2485 5247 2646 5297 uxor,
2682 5233 2835 5288 valde
2859 5232 3065 5287 nobilis
3095 5233 3237 5288 inter
3261 5249 3414 5306 suos,

1844 5467 2005 5523 porro
2038 5452 2301 5508 Libanius
2333 5453 2625 5522 plurimum
2654 5454 2838 5511 laudat
2877 5456 2948 5511 lib
3005 5472 3077 5519 iv,
3127 5456 3286 5523 epist.
3324 5455 3416 5519 Η,

1842 5523 2251 5595 a‘d‘llelpidiutn
2285 5541 2299 5576 :
2340 5526 2555 5590 Ἐγνων
2583 5526 2682 5595 τὴν
2708 5528 2941 5595 ἀρίστην
2974 5527 3412 5595 Ἀρισταινέτῳ.

1844 5592 2091 5660 llelpidto
2136 5606 2318 5646 autem
2379 5592 2934 5662 Marcellinus—paulo
2976 5592 3059 5648 est
3114 5592 3357 5663 iniquior
3396 5611 3413 5661 ς

1843 5663 2103 5716 nimirum
2135 5664 2204 5716 ob
2239 5664 2501 5717 invidiam
2533 5664 2833 5718 Christiani
2869 5664 3128 5719 nominis.

1916 5733 2245 5805 ᾼνξξιανηειω
2281 5732 2499 5805 Elpidii.
2538 5732 2612 5788 De
2642 5734 2851 5805 Elpidio
2878 5734 3136 5805 prtelecto
3162 5743 3358 5802 przetor
3384 5748 3415 5782 o

1843 5802 1966 5858 vide
1998 5802 2365 5858 Marcellinum
2402 5804 2493 5859 lib.
2529 5820 2641 5857 XXI.
2708 5802 2723 5805 ⁷
2878 5802 2891 5804 “
3069 5803 3344 5858 Maurus.
