4212 6450
176 376 246 440 53
1208 380 1383 438 VlTA
1425 378 1487 441 S.
1539 376 1995 438 lllLARlONlS
2041 380 2426 441 EREMI'I‘J‘I.
3386 376 3457 441 Μ

175 507 294 561 que
320 480 595 545 vorantur
628 492 850 549 Bucolia
888 492 927 558 ί,
969 508 1034 549 eo
1062 492 1205 562 quod
1255 494 1437 548 nullus
1480 493 1551 547 ibi
1582 494 1741 549 Chri-
1778 499 1815 546 Α
1850 491 1952 555 psit
1982 491 2499 558 epismlainmmues
2532 490 2754 545 divitias
2786 505 2918 547 suas
2948 490 2996 546 ei
3029 489 3457 561 derelinquens.

178 586 487 639 stianorum
526 594 699 647 esset,
732 585 829 639 sed
862 585 1097 641 barbara
1135 594 1351 640 tantum
1388 596 1443 641 et
1493 586 1643 641 ferox
1678 603 1771 640 na—

181 678 277 741 tio,
308 674 492 729 suasit
538 683 600 729 ut
645 676 699 730 in
731 676 849 747 ipsa
894 676 1071 743 magis
1104 670 1278 733 insula
1315 678 1382 733 ad
1417 679 1770 733 secretiorem

180 769 354 821 locum
407 770 813 826 conscenderet
866 773 914 825 '.
968 769 1141 836 Quem
1198 785 1326 826 cum
1378 772 1471 827 diu
1522 773 1768 826 lustrans

180 862 388 926 omnia,
430 864 753 932 repet-isset,
784 863 1037 934 perduxit
1065 879 1195 920 eum
1225 864 1512 919 duodecim
1533 866 1773 920 millibus

180 972 210 1007 a
260 956 401 1009 mari
432 958 629 1025 procul
680 956 827 1012 inter
872 968 1115 1013 secretos
1165 973 1502 1029 asperosque
1539 972 1770 1021 montes.

181 1052 234 1098 et
265 1060 381 1111 quo
430 1046 525 1099 vis
573 1048 843 1117 reptando
891 1048 1146 1104 manibus
1180 1050 1539 1119 genubusque
1592 1060 1773 1118 posset

184 1138 434 1193 ascendi.
496 1138 600 1205 Qui
631 1141 1027 1210 introgressus,
1060 1141 1461 1211 contemplatus
1490 1183 1505 1207 ,
1549 1142 1770 1211 quidem

183 1238 267 1283 est
305 1229 617 1285 terribilem
670 1231 829 1288 valde
884 1241 940 1287 et
973 1242 1240 1288 remotum
1292 1233 1510 1298 locum,
1559 1234 1771 1289 arbori-

187 1324 286 1377 bus
335 1324 473 1380 hinc
554 1324 685 1380 inde
764 1327 1206 1392 circumdatum,
1264 1327 1555 1383 habentem
1612 1330 1771 1383 etiam

188 1434 357 1485 aquas
391 1421 698 1487 supercilio
729 1422 888 1476 collis
928 1422 1186 1488 irrigttas,
1217 1431 1272 1477 et
1302 1424 1579 1478 hortulum
1618 1439 1775 1493 pera-

188 1524 452 1576 matnum,
519 1519 575 1567 et
630 1515 873 1581 pomaria
939 1512 1197 1581 plurima,
1249 1530 1483 1582 quorum
1540 1512 1772 1568 fructum

190 1618 489 1673 numquam
543 1606 598 1659 in
632 1606 757 1661 cibo
804 1609 1039 1677 sumpsit
1092 1626 1106 1664 :
1161 1608 1255 1664 sed
1295 1620 1350 1662 et
1400 1609 1771 1677 antiquissimi

182 1695 339 1758 jnsta
381 1698 580 1766 templi
626 1700 845 1754 ruinam
896 1716 961 1757 ex
991 1718 1098 1771 quo
1135 1705 1216 1767 (ut
1261 1703 1375 1772 ipse
1409 1703 1682 1758 referebat
1722 1713 1778 1757 et

184 1788 301 1850 ejus
369 1788 633 1859 discipuli
667 1800 935 1848 testantur
963 1795 1010 1862 ’)
1042 1806 1149 1847 tam
1183 1795 1659 1851 innumerabilium
1686 1814 1778 1867 per
1816 1844 1830 1857 ,

190 1889 379 1935 noctes
430 1892 489 1936 et
550 1883 668 1938 dies
726 1886 1034 1940 daatnonum
1086 1902 1248 1942 voces
1298 1890 1777 1955 resonabant,.ut

186 1974 491 2028 esercilum
530 1976 806 2032 crederes.
843 1975 964 2043 Quo
1000 1979 1089 2033 ille
1121 1981 1280 2034 valde
1311 1981 1633 2044 delectatus,
1667 1999 1777 2052 quo

188 2070 395 2123 scilicet
417 2071 802 2137 antagonistas
828 2072 1053 2127 haberet
1102 2073 1156 2126 in
1205 2075 1473 2141 proximo,
1518 2076 1778 2129 habitavit

192 2161 256 2213 ubi
292 2176 390 2228 per
430 2177 610 2217 annos
654 2165 919 2234 quinque,
951 2172 1004 2220 et
1065 2180 1207 2235 saepe
1262 2167 1530 2222 invisente
1570 2184 1629 2222 se
1680 2167 1780 2220 lle-

191 2251 398 2319 sycbio,
456 2252 515 2305 in
571 2253 676 2307 hoc
725 2264 975 2308 extremo
1025 2255 1137 2326 jam
1192 2258 1315 2311 vitae
1375 2272 1491 2312 suae
1535 2266 1778 2327 tempore

191 2343 536 2399 rel’ocillatus
565 2356 671 2411 est,
708 2348 855 2418 quod
905 2357 1130 2417 prapter
1163 2352 1513 2417 asperitatem
1546 2352 1777 2408 didicul-

190 2445 471 2504 tatemque
523 2436 650 2497 loci,
683 2447 739 2491 et
791 2439 1106 2493 umbrarum
1154 2442 1235 2508 (ut
1287 2442 1563 2498 ferebatur
1591 2445 1775 2515 vulgo)

184 2529 620 2591 multitudinem,
650 2540 744 2583 aut
768 2532 970 2596 nullus,
1004 2542 1099 2586 aut
1126 2548 1285 2588 rarus
1315 2534 1381 2587 ad
1414 2549 1475 2588 se
1508 2540 1589 2589 vel
1646 2552 1776 2604 pos-

189 2631 288 2683 set,
336 2622 422 2675 vel
487 2623 715 2676 auderet
775 2626 1095 2679 ascendere.
1148 2625 1398 2690 Quodam
1456 2634 1637 2680 autem
1692 2630 1775 2682 die

187 2729 439 2781 egressus
494 2715 804 2775 hortulum.
855 2716 988 2769 vidit
1048 2716 1324 2769 hominem
1373 2726 1487 2770 toto
1544 2731 1775 2786 corpore

190 2806 557 2875 paralyticum
608 2808 883 2875 jacentem
923 2817 1050 2862 ante
1108 2807 1275 2865 fores.
1314 2809 1777 2877 interrogavitque

193 2898 521 2970 llesychium
584 2900 836 2968 quisnam
898 2909 1068 2961 esset,
1130 2900 1215 2953 vel
1270 2902 1545 2968 quomodo
1581 2901 1772 2956 luisset

190 2992 481 3047 adductus.
540 2991 646 3058 Qui
701 2992 1059 3058 respondens.
1126 2994 1224 3051 ait.
1277 3003 1686 3062 procuratorem
1719 3011 1777 3049 se

192 3082 353 3135 [nise
390 3083 623 3145 villulae,
658 3084 722 3136 ad
759 3084 918 3148 cujtts
961 3082 1052 3152 jus
1106 3084 1354 3137 hortulus
1392 3083 1413 3115 ⁸
1450 3100 1689 3156 quoque,
1722 3087 1773 3140 in

1876 578 2255 651 (Evattgelittm
2295 586 2525 647 scilicet,
2560 594 2613 640 ct
2663 585 2906 639 tunicam
2944 600 3192 642 sacceam
3218 625 3233 652 ,
3268 584 3463 641 cucul-

1879 676 1983 729 lam
2021 685 2073 731 et
2107 678 2439 746 palliolum),
2477 694 2602 733 nam
2652 679 2907 735 minister
2938 679 3059 748 ejus
3096 688 3223 734 ante
3253 693 3463 749 paucos

1877 768 1996 824 dies
2039 754 2277 825 obierat.
2314 771 2597 826 Venerunt
2648 772 2832 844 itaque
2883 772 2949 827 ad
2996 781 3347 842 aegrotantem
3397 771 3465 825 de

1882 859 2066 933 Papho
2102 865 2262 919 multi
2306 865 2553 935 religiosi
2588 867 2690 922 viri
2716 884 2733 932 ς
2762 874 2817 923 et
2864 864 3106 920 maxime
3154 862 3302 934 quod
3340 879 3461 917 eum

1877 953 2084 1008 dixiSse
2119 959 2447 1027 audierant,
2494 958 2609 1028 jam
2642 974 2701 1014 se
2747 961 2812 1013 ad
2864 958 3155 1013 Dominum
3192 957 3461 1027 migratu-

1878 1062 2024 1112 rum,
2061 1055 2113 1103 et
2157 1049 2224 1103 de
2258 1051 2507 1121 corporis
2540 1050 2782 1107 vinculis
2820 1049 3166 1107 liberandum
3197 1068 3211 1117 ;
3256 1048 3352 1104 sed
3407 1057 3463 1102 et

1878 1137 2194 1192 Constantia
2228 1141 2475 1210 qua-dam
2524 1153 2714 1197 sancta
2746 1139 2971 1205 femina,
3009 1138 3162 1207 cujus
3192 1154 3453 1210 generum

1878 1242 1931 1284 et
1962 1230 2127 1285 ﬁliam
2176 1230 2244 1286 de
2281 1243 2452 1289 morte
2480 1234 2812 1290 liberaverat
2840 1234 3101 1288 unctione
3144 1232 3290 1288 olei:
3326 1245 3468 1300 quos

1880 1338 2071 1378 omnes
2117 1322 2429 1391 adjuravit.
2467 1335 2526 1378 ut
2575 1341 2641 1381 ne
2673 1340 2881 1396 puncto
2909 1324 3132 1394 quidem
3171 1324 3317 1378 horae
3347 1330 3467 1391 post

1884 1424 2113 1469 mortem
2170 1426 2592 1475 reservaretur:
2629 1419 2722 1473 sed
2770 1418 2955 1475 statim
3004 1432 3131 1473 eum
3190 1416 3243 1470 in
3274 1414 3465 1471 eodem

1884 1508 2107 1560 hortulo
2144 1518 2289 1562 terra
2324 1511 2630 1579 operirent,
2655 1510 2801 1567 sicut
2818 1513 3046 1569 vestitus
3068 1517 3189 1569 erat
3212 1510 3266 1565 in
3288 1510 3468 1565 tunica

1881 1597 2096 1651 ciliciua
2134 1600 2456 1665 et‘cucttlla,
2489 1609 2543 1655 et
2580 1614 2715 1671 sago
2751 1602 2981 1656 rustico.

1954 1690 2044 1745 45.
2087 1689 2317 1760 Jamque
2373 1694 2623 1749 modicus
2657 1693 2810 1749 calor
2860 1693 3079 1764 tepebat
3130 1696 3180 1751 in
3228 1704 3470 1766 pectore.

1887 1798 1985 1837 nec
2018 1795 2215 1851 praeter
2242 1799 2463 1839 sensum
2494 1786 2792 1856 quidquam
2824 1786 2931 1840 vivi
2963 1786 3207 1841 hominis
3241 1802 3469 1857 supere-

1885 1887 1989 1937 rat.
2021 1888 2069 1929 et
2103 1886 2285 1931 tamen
2320 1880 2527 1947 apertis
2552 1880 2728 1934 oculis
2758 1879 3087 1949 loquebatur
3120 1897 3134 1933 :
3177 1878 3466 1949 Egredere,

1883 1966 2013 2035 quid
2066 1966 2270 2021 times?
2304 1969 2565 2037 egredere
2590 2008 2605 2034 ,
2642 1970 2825 2024 anima
2870 1984 3012 2031 mea,
3046 1969 3176 2039 quid
3210 1969 3468 2024 dubitas?

1888 2058 2240 2127 Septuaginta
2290 2076 2457 2130 prope
2509 2062 2670 2115 annis
2708 2062 2927 2116 servisti
2960 2060 3205 2126 Christo,
3243 2069 3297 2114 et
3324 2075 3470 2114 mor-

1884 2160 1985 2204 tem
2004 2152 2259 2206 times?ln
2286 2153 2401 2207 haec
2424 2154 2587 2206 verba
2615 2152 2893 2206 exhalavit
2926 2152 3209 2221 spiritum.
3242 2152 3469 2207 Statim-

1880 2259 1989 2312 que
2037 2246 2205 2299 humo
2258 2247 2539 2308 obrutum,
2598 2254 2725 2299 ante
2782 2245 2903 2300 urbi
2958 2244 3252 2316 sepultum,
3298 2260 3464 2315 quam

1881 2344 2156 2387 mortuum
2191 2334 2614 2388 nuntiaverunt.

1950 2424 2061 2496 ω
2100 2426 2187 2482 46.
2240 2425 2542 2496 Hesychius
2580 2428 2802 2498 furatur
2827 2443 3024 2495 corpus
3057 2425 3112 2483 S.
3143 2426 3462 2481 Hilarionis.

1886 2516 2158 2588 [ntegrum
2191 2535 2377 2585 corpus
2408 2518 2709 2574 Hilarionis
2742 2532 2789 2574 et
2820 2521 3004 2575 illtesa:
3037 2521 3463 2588 νεμεαν-Ωιιοά

1883 2619 2171 2679 postquam
2207 2624 2432 2666 sanctus
2473 2614 2554 2666 vir
2588 2615 2801 2667 audivit
2841 2614 3173 2685 Hesychius,
3222 2617 3465 2683 perrexit

1880 2706 1943 2756 ad
1981 2703 2238 2772 Cyprum,
2265 2713 2322 2756 et
2351 2705 2621 2759 simulans
2652 2720 2711 2760 se
2738 2705 2876 2760 velle
2908 2706 3153 2759 habitare
3181 2706 3234 2759 in
3273 2708 3463 2760 eodem

1882 2796 2121 2855 hortulo,
2156 2806 2211 2845 ιιι
2248 2794 2526 2863 diligentis
2557 2796 2823 2850 custodia:
2852 2795 3223 2864 suspicionem
3256 2798 3463 2851 accolis

1881 2885 2118 2947 toleret,
2161 2900 2283 2938 cum
2320 2891 2521 2953 ingenti
2572 2887 2694 2941 vitae
2748 2902 2861 2941 suae
2897 2888 3164 2956 periculo,
3203 2896 3325 2957 post
3367 2888 3467 2941 de-

1883 2993 2000 3031 veni
2060 2980 2173 3031 lere
2213 2994 2434 3033 thelta‘cs
2463 3012 2467 3017 ι
2500 2994 2706 3046 corpus
2740 2980 2861 3046 ejus
2898 2981 3108 3035 furatus
3158 2990 3262 3035 est.
3310 2980 3465 3046 Quod

1884 3070 2175 3137 ilajumam
2244 3072 2523 3135 deferens,
2557 3072 2686 3125 totis
2730 3074 3120 3126 monachorum
3152 3082 3206 3127 et
3235 3072 3467 3142 oppido.

190 3190 296 3241 quo
340 3176 443 3241 ipsi
502 3188 685 3239 enm,
742 3176 1060 3244 pertineret.
1120 3174 1183 3227 El
1235 3175 1327 3230 me
1379 3176 1777 3248 mllacrymans
1805 3176 1846 3235 (ς
1886 3177 2001 3214 rum
2036 3162 2211 3214 turbis
2246 3165 2728 3231 prosequentibus,
2762 3164 2815 3217 in
2865 3168 3094 3232 antiquo
3136 3166 3467 3221 monasterio
3516 3195 3525 3202 -

193 3273 539 3337 tendensque
590 3268 660 3321 ad
710 3268 982 3335 jacentem
1043 3282 1266 3322 manum
1324 3282 1336 3318 :
1386 3268 1529 3335 Tihi,
1582 3271 1779 3340 inqttit,

192 3360 306 3413 dico
332 3360 384 3413 in
420 3360 654 3414 nomine
679 3361 893 3416 Domini
926 3362 1097 3417 nostri
1143 3360 1273 3417 Jesu
1316 3361 1545 3428 Christi,
1598 3378 1779 3429 surge.

192 3465 241 3502 et
272 3454 518 3505 ambula.
556 3454 690 3506 Slira
724 3454 1005 3509 velocitas.
1052 3454 1248 3508 Adhuc
1279 3454 1446 3509 verba
1474 3455 1526 3508 in
1561 3470 1657 3508 ore
1698 3456 1777 3509 lo-

200 3547 415 3607 queritis
462 3545 856 3605 volvebantur.
899 3555 953 3599 et
995 3547 1105 3613 jam
1162 3547 1400 3600 membra
1442 3546 1667 3601 solidata
1716 3550 1780 3601 ad

196 3637 481 3696 standum,
524 3638 805 3691 hominem
854 3638 1217 3706 surrigebaut.
1279 3637 1436 3703 Quod
1491 3647 1781 3706 postquam

196 3730 435 3781 auditum
468 3738 579 3791 est,
602 3728 771 3782 etiam
801 3728 1178 3784 dillicultatem
1210 3729 1338 3791 loci,
1364 3737 1417 3783 et
1448 3728 1549 3783 iter
1577 3728 1781 3783 invium

197 3820 554 3884 plurimorum
574 3821 705 3873 vicit
730 3810 1049 3876 necessitas.
1070 3820 1214 3875 Nihil
1233 3836 1385 3889 reque
1408 3836 1505 3889 per
1528 3821 1784 3876 circumi-

198 3921 305 3963 tum
328 3927 452 3965 cum
474 3912 551 3964 tis
574 3910 718 3967 villis
731 3911 1170 3976 observantibus,
1191 3928 1354 3982 quam
1394 3928 1461 3967 ne
1480 3927 1584 3978 quo
1620 3913 1784 3965 modo

197 4003 525 4058 elaberetur.
550 4002 1173 4058 Disseminaveratenim
1220 4006 1322 4058 hoc
1359 4005 1425 4059 de
1458 4019 1525 4058 eo
1568 4018 1782 4069 rumor,

198 4095 289 4147 diu
308 4110 432 4149 eum
486 4098 543 4148 in
596 4094 785 4148 eodem
832 4096 952 4150 loco
996 4110 1217 4149 manere
1266 4110 1371 4149 non
1415 4110 1595 4162 posse.
1627 4094 1781 4160 Quod

200 4186 287 4241 ille
326 4201 440 4240 non
494 4185 720 4240 levitate
749 4187 1006 4253 quadam,
1045 4194 1138 4239 aut
1183 4184 1378 4255 puerili
1411 4200 1573 4239 sensu
1605 4186 1783 4238 vietus

202 4276 477 4342 faciebat;
516 4274 611 4327 sed
646 4275 909 4328 honorem
947 4274 1162 4344 lingiens
1186 4285 1240 4327 et
1270 4273 1779 4341 importunitatem;

203 4380 418 4434 setnper
478 4364 594 4435 39
644 4366 788 4418 enim
843 4365 1121 4419 silentium
1171 4375 1227 4418 et
1273 4364 1437 4419 vitam
1492 4362 1781 4434 ignobilem

199 4456 576 4512 desiderabat.

1890 3254 2171 3317 tontlidit;
2210 3256 2374 3307 illam
2413 3256 2620 3320 tunica,
2657 3258 2897 3316 cuculla.
2930 3267 2982 3309 et
3012 3257 3251 3325 palliolo,
3276 3266 3329 3310 et
3354 3267 3466 3312 toto

1890 3356 2145 3411 corpore,
2176 3342 2333 3410 quasi
2386 3344 2567 3397 adhuc
2626 3343 2853 3408 viveret,
2906 3347 3140 3415 integro,
3195 3347 3467 3418 tantisque

1888 3434 2162 3500 fragrante
2186 3433 2543 3497 odoribus,ut
2560 3434 2869 3488 delibutum
2901 3438 3193 3504 unguentis
3214 3448 3456 3507 putares.

1955 3524 2043 3577 Π.
2104 3525 2419 3579 Constantia
2471 3527 2655 3582 dolore
2708 3538 2917 3581 mortua
2963 3542 3176 3597 propter
3227 3531 3461 3601 [stratum

1887 3633 2076 3686 corpus
2117 3619 2179 3672 8.
2214 3619 2532 3677 Hilarionis.
2556 3650 2625 3660 --
2652 3621 2772 3675 Non
2803 3623 2934 3675 mihi
2977 3622 3191 3676 videtur
3225 3622 3278 3675 in
3310 3622 3459 3677 calce

1888 3708 2007 3762 libri
2044 3710 2269 3762 tacenda
2309 3710 2641 3765 Constantia:
2688 3713 2834 3767 illius
2871 3714 3229 3768 sanctissima:
3265 3714 3458 3769 mulie-

1887 3801 1964 3855 ris
1992 3801 2231 3865 devotio,
2256 3817 2377 3869 quae
2410 3804 2616 3871 perlato
2636 3803 2701 3858 ad
2725 3821 2784 3858 se
2804 3806 3021 3867 nuntio,
3041 3806 3188 3873 quod
3221 3820 3455 3872 corpus-

1883 3893 2063 3947 culum
2126 3893 2424 3948 Hilarionis
2474 3894 2773 3951 Palestina:
2827 3903 2992 3959 esset,
3044 3896 3228 3950 statim
3270 3896 3462 3950 exani-

1888 3994 2031 4038 mata
2057 3993 2162 4045 est,
2220 3999 2402 4039 veram
2446 3986 2500 4039 in
2536 4000 2752 4040 servum
2798 3986 2891 4041 Del
2920 3987 3262 4041 dilectionem
3294 3989 3458 4041 etiam

1887 4084 2062 4129 morte
2095 4057 2499 4142 coniprobans.
2530 4075 2660 4128 Erat
2698 4077 2847 4132 enim
2899 4078 3059 4131 solita
3089 4078 3375 4147 pervigiles
3410 4081 3460 4131 in

1884 4165 2138 4233 sepulcro
2156 4162 2277 4231 ejus
2304 4170 2491 4218 noctes
2517 4164 2745 4231 ducere,
2776 4174 2830 4220 et
2861 4168 3017 4234 quasi
3048 4182 3172 4221 cum
3201 4179 3465 4236 praesente

1884 4262 1952 4317 ad
1985 4261 2325 4330 adjuvandas
2365 4259 2649 4314 orationes
2680 4273 2809 4315 suas
2842 4262 3223 4315 sermocinari.
3255 4253 3463 4315 Ceruas

1887 4369 2061 4423 usque
2125 4353 2289 4409 hodie
2348 4353 2541 4407 miram
2598 4354 2739 4407 inter
2785 4352 3109 4408 Palaestinos
3132 4362 3187 4407 et
3235 4354 3465 4425 Cyprios

1888 4447 2319 4506 contentionem.
2355 4446 2440 4499 his
2467 4459 2661 4513 corpus
2697 4444 3014 4508 Hilarionis,
3054 4446 3161 4502 illis
3207 4448 3458 4516 spiritum

267 4550 357 4603 μ,
420 4547 809 4601 nummum";
876 4544 1195 4601 Hilarionis,
1251 4574 1321 4585 --
1374 4544 1490 4600 Ole:
1539 4518 1951 4600 ωιειὶοηευεο
2013 4538 2213 4593 habere
2268 4537 2630 4592 certantibus.
2688 4535 2756 4592 Et
2816 4546 3000 4592 tamen
3079 4539 3133 4593 itt
3216 4540 3464 4609 utrisque

200 4643 372 4694 curati
422 4640 541 4708 ﬁlia
576 4649 626 4693 et
674 4655 830 4708 gener
861 4638 1209 4692 Constantina
1249 4637 1418 4708 Igitur
1447 4642 1782 4707 octogesimo

201 4739 372 4789 :rlalis
419 4748 537 4788 sua:
587 4747 773 4794 anno,
829 4746 953 4803 cum
1013 4732 1211 4785 absens
1262 4740 1409 4786 esset
1457 4731 1778 4802 Hesychius.

202 4826 352 4895 quasi
404 4824 723 4877 testamenti
756 4822 873 4875 vice
922 4820 1140 4875 brevem
1176 4835 1340 4874 manu
1391 4806 1613 4890 propria
1644 4818 1781 4873 seri-

272 5006 288 5034 ι
326 5001 381 5055 In
435 5001 648 5066 aliquot
688 5013 846 5063 mss.,
889 4996 1160 5051 Batholia.
1197 4998 1519 5053 Heliodorus
1548 4997 1774 5050 Βουκόλι

206 5076 426 5139 σ’-ἷειπας
472 5071 740 5136 κέκληται.
786 5068 1287 5139 πρὸςΑΑίγυπτεῳν
1328 5069 1357 5120 ὁ
1404 5068 1607 5128 τόπος.
1665 5078 1772 5121 etc.

208 5136 340 5197 om
368 5144 532 5193 etiam
566 5140 806 5193 Bacolici
834 5136 1026 5190 milites
1059 5154 1146 5199 per
1177 5137 1467 5208 .Egyptum
1515 5147 1777 5191 notantur

207 5212 566 5280 aCapitolino
599 5212 835 5277 aliisque
882 5224 910 5258 τι
947 5208 1156 5278 vulgari
1201 5210 1567 5277 appellatiOuc
1614 5208 1776 5276 hujus
1835 5265 1841 5272 ,

210 5285 328 5348 lori,
356 5297 517 5352 quem
554 5281 894 5334 insidebant.

1891 4630 2029 4683 locis
2070 4645 2262 4697 magna
2317 4628 2561 4697 quotidie
2611 4628 2766 4697 signa
2820 4629 2990 4691 liunt;
3041 4630 3134 4682 sed
3186 4630 3358 4697 magis
3411 4631 3460 4683 iu

1891 4720 2111 4775 hortulo
2159 4720 2367 4789 Cypri,
2444 4718 2671 4772 forsitan
2727 4719 2851 4787 quia
2908 4720 3031 4786 plus
3080 4717 3230 4774 illum
3285 4718 3461 4771 locum

1886 4811 2135 4865 dilexerit
2171 4812 2215 4863 ⁸.

1954 4996 1973 5026 ³
2018 4991 2171 5047 Unus
2212 4991 2412 5046 Vatic..
2445 4996 2766 5044 concederet.

1957 5066 1976 5095 ³
2019 5064 2175 5123 Mss,
2213 5064 2579 5127 testabantur;
2627 5069 2679 5113 ct
2731 5061 2890 5129 patilo
2919 5068 3039 5129 post
3083 5060 3220 5128 quod
3263 5060 3461 5113 scilicet

1888 5146 2064 5187 tantos
2096 5136 2365 5203 agonistus
2390 5132 2620 5203 haberet.
2644 5142 2754 5184 etc.

1958 5205 1978 5235 ’⁵
2026 5200 2317 5264 Victorius,
2356 5204 2423 5252 ad
2458 5202 2607 5266 cujus
2634 5200 2866 5268 conﬁnia
2895 5200 3159 5259 hortulus,
3192 5212 3300 5256 etc.

1959 5276 1978 5306 "
2020 5274 2170 5329 Unus
2206 5272 2402 5334 Vatia,
2446 5274 2568 5337 quia
2596 5272 2849 5336 pusillum
2876 5272 3042 5325 locum
3069 5272 3329 5328 dilexerit.
