4212 6454
744 376 813 450 59
1935 381 1993 435 s.
2042 377 2344 437 EUSEml
2397 380 2832 441 umuowut
3934 393 4005 458 so

746 492 1133 549 confodimur?
1169 492 1328 547 Verte
1354 492 1479 547 inte
1514 493 1792 560 gladium;
1838 503 1930 548 tua
1967 493 2138 562 magis
2178 509 2325 547 mors
2362 503 2393 549 Α
2435 495 2712 547 lat-oratur
2762 496 2815 548 in
2868 496 3106 551 medium
3135 538 3150 563 ,
3210 513 3448 570 cumque
3496 503 3627 557 nihil
3673 506 4001 577 cujusquam

748 586 984 639 timenda
1015 595 1113 649 est,
1150 600 1311 656 quam
1337 590 1607 655 corporis.
1644 586 1816 641 liabet
1838 598 1892 641 et
1915 598 2127 641 servata
2158 587 2318 654 pudi-

745 681 875 733 citia
932 697 1092 734 suum
1144 682 1492 751 martyrium.
1543 680 1729 735 Jaceat
1771 680 2319 749 insepultusICbristi

746 776 902 829 testis
930 775 982 828 iu
1017 790 1225 837 eremo.
1254 776 1369 844 ipse
1400 775 1533 829 mihi
1555 789 1651 829 ero
1672 785 1725 830 et
1743 786 2064 845 persecutor
2093 783 2148 829 et
2182 790 2323 828 mar-

748 879 851 938 tyr.
883 868 976 924 Sic
1012 868 1176 932 fatus,
1202 868 1366 922 eduxi
1396 867 1449 922 in
1484 868 1726 924 tenebris
1759 884 1977 939 quoque
2027 869 2319 923 micantem

746 960 1011 1030 gladium,
1072 971 1127 1017 et
1188 962 1438 1018 acumine
1476 971 1669 1019 centra
1729 978 1815 1017 nte
1890 977 2100 1018 verso:
2167 961 2320 1027 Vale,

748 1058 992 1125 inquam,
1027 1057 1213 1112 infelix
1250 1057 1444 1113 mulier
1480 1077 1494 1124 ;
1528 1058 1725 1113 habeto
1758 1074 1844 1112 me
1875 1068 2173 1131 martyrem
2231 1074 2326 1128 po-

748 1152 859 1207 tius
895 1168 1055 1220 quam
1081 1153 1361 1209 maritum.
1395 1153 1549 1209 Tunc
1574 1153 1659 1208 illa
1694 1154 1926 1223 pedibus
1961 1155 2100 1209 meis
2127 1168 2325 1225 provo-

749 1249 900 1301 luta:
938 1247 1237 1315 Precorte,
1270 1249 1469 1320 inquit,
1517 1264 1614 1319 per
1674 1247 1862 1303 Jesum
1910 1249 2212 1314 Christum,
2270 1256 2327 1303 et

749 1356 845 1408 per
885 1341 1052 1411 hujus
1084 1342 1234 1397 hora!
1257 1345 1640 1398 necessitatem
1697 1344 1908 1413 adjuro.
1970 1358 2036 1397 ne
2075 1341 2326 1398 eﬂundas

748 1434 1071 1504 sanguinem
1109 1445 1261 1488 tuum
1306 1434 1359 1487 in
1388 1435 1596 1489 crimen
1627 1450 1806 1489 meum
1844 1436 1881 1489 ί.
1935 1432 2027 1489 Vel
2081 1434 2126 1488 si
2185 1434 2322 1487 mori

747 1525 946 1595 placet,
978 1524 1142 1578 inme
1179 1524 1415 1595 primum
1450 1537 1603 1580 verte
1631 1541 1968 1580 mucronem.
2018 1524 2113 1579 Sic
2169 1524 2328 1579 nobis

748 1618 928 1687 potius
950 1613 1374 1688 conjungamur.
1409 1619 1583 1673 Etiam
1615 1619 1660 1673 si
1687 1620 1767 1671 vir
1804 1633 1959 1672 meus
1978 1617 2043 1671 ad
2076 1631 2159 1670 me
2185 1616 2326 1670 redi-

750 1722 854 1775 ret,
878 1729 1153 1769 servarem
1184 1713 1515 1775 castitatem,
1556 1727 1717 1780 quam
1753 1728 1838 1766 me
1884 1710 2171 1778 captivitas
2232 1709 2329 1763 do-

758 1808 901 1872 cuit;
932 1808 1015 1861 vel
1056 1808 1335 1860 interirem
1401 1807 1583 1875 potius
1642 1821 1807 1875 quam
1862 1805 2167 1873 perderem.
2212 1802 2322 1858 Cur

750 1899 999 1958 moreris,
1032 1914 1099 1953 ne
1134 1897 1265 1950 mihi
1296 1896 1584 1967 iungaris?
1610 1896 1720 1965 Ego
1775 1912 2043 1960 morerer,
2094 1898 2138 1949 si
2189 1895 2319 1949 mihi

745 1989 902 2057 jungi
949 1989 1141 2044 velles.
1173 1987 1385 2042 Habeto
1416 2004 1502 2042 me
1529 2002 1660 2058 ergo
1692 1988 1978 2057 coniugem
2017 1986 2324 2057 pudicitiae;

748 2092 802 2135 et
838 2082 1009 2151 magis
1037 2082 1237 2136 animae
1277 2081 1531 2151 copulam
1578 2091 1783 2145 amato,
1837 2097 1998 2150 quam
2054 2079 2325 2148 corporis.

746 2176 979 2238 Sperent
1013 2174 1220 2227 domini
1240 2175 1520 2234 maritum,
1543 2173 1800 2229 Christus
1827 2172 2041 2245 noverit
2076 2172 2324 2227 fratrem.

748 2264 929 2319 Facile
962 2265 1320 2319 suadebimus
1345 2264 1596 2334 nuptias,
1626 2278 1751 2317 eum
1798 2277 1901 2317 nos
1958 2260 2194 2316 viderint
2249 2261 2329 2315 sic

748 2374 957 2413 amare.
1012 2357 1232 2421 Fateor,
1272 2356 1569 2426 obstupui;
1616 2364 1670 2409 et
1714 2353 2019 2409 admiratus
2071 2352 2327 2405 vir-atem

752 2454 994 2517 feminae,
1026 2450 1314 2520 coniugem
1377 2449 1495 2517 plus
1542 2447 1746 2501 amavi.
1805 2444 2098 2516 Nunquam
2148 2453 2327 2498 tamen

751 2548 895 2601 illius
918 2548 1122 2600 nudum
1161 2561 1359 2613 corpus
1389 2546 1619 2599 intuitus
1644 2559 1765 2599 sum
1804 2560 1821 2609 ;
1856 2557 2136 2613 nunquam
2208 2540 2330 2606 eius

748 2656 970 2693 carnem
1006 2639 1208 2710 attigi;
1243 2639 1442 2692 timens
1485 2637 1539 2691 in
1596 2651 1728 2707 pace
1778 2636 2030 2706 perdere,
2082 2633 2226 2704 quod
2275 2634 2328 2687 in

752 2731 939 2794 pra-lio
973 2744 1347 2784 servaverant.
1379 2726 1692 2782 Transeunt
1738 2727 1789 2779 in
1826 2726 1918 2780 tali
1974 2726 2329 2780 matrimonio

751 2826 867 2876 dies
914 2821 1132 2890 plurimi
1187 2838 1201 2877 :
1256 2819 1608 2874 amabiliores
1672 2834 1774 2885 nos
1824 2818 2060 2872 dominis
2093 2816 2331 2871 fecerant

754 2915 980 2983 nuptiae.
1015 2912 1169 2966 Nulla
1200 2913 1339 2979 fuga:
1382 2910 1653 2980 suspicio,
1690 2909 1968 2964 interdum
2024 2918 2078 2962 et
2142 2923 2333 2963 mense

763 3020 880 3063 toto
913 3009 1132 3061 aberam
1173 3007 1312 3059 fidus
1353 3005 1531 3075 gregis
1552 3014 1737 3073 pastor
1764 3018 1859 3071 per
1887 3002 2258 3057 solitudinem.

822 3124 876 3176 7.
926 3121 1297 3174 Formicarum
1338 3120 1571 3186 exemplo
1592 3116 2090 3173 excitatur.-—Post
2123 3115 2332 3183 grande

2428 587 2704 657 proprium
2746 589 2836 651 sit,
2867 589 3110 643 omnium
3148 592 3330 646 omnia
3368 605 3519 651 sunt.

2497 680 2551 734 8.
2588 680 2772 751 Fugit.
2798 711 2870 722 -
2906 682 3173 750 Regressi)
3196 685 3262 740 ad
3305 688 3487 742 cubile
3516 691 3727 745 occurit
3764 693 3999 748 mulier:

2428 773 2702 827 tristitiam
2733 774 2902 828 animi
2936 777 3084 830 vultu
3110 776 3462 835 dissimulare
3495 797 3602 836 non
3636 785 3806 852 potui.
3834 785 4001 856 Roga!

2427 883 2525 920 cur
2554 868 2623 922 ita
2656 869 3007 925 exanimatus
3036 869 3164 925 sint.
3196 874 3367 928 Audit
3392 889 3590 930 causas
3618 874 3642 908 ⁸
3671 895 3686 931 :
3720 878 3916 932 hortor
3938 895 4001 934 ac

2428 965 2607 1033 fugam
2654 981 2671 1024 :
2709 983 2815 1022 non
2873 980 3217 1038 aspernatur.
3270 970 3404 1026 Peto
3452 972 3732 1028 silentium
3788 993 3805 1030 :
3843 975 4003 1029 (idern

2428 1061 2656 1116 tribuit:
2683 1070 2735 1116 et
2764 1061 2878 1133 jugi
2913 1077 3143 1119 susurro
3182 1063 3322 1118 inter
3343 1080 3495 1131 spem
3526 1073 3583 1119 et
3611 1076 3814 1121 metum
3840 1068 4005 1121 medii

2430 1155 2780 1212 tluctuamus.
2830 1156 3000 1211 Erant
3049 1155 3181 1210 mihi
3234 1157 3287 1211 in
3326 1173 3489 1227 grege
3521 1160 3635 1213 duo
3680 1160 3815 1215 hirci
3851 1161 4008 1214 mirae

2432 1247 2820 1317 magnitudinis
2845 1285 2861 1309 ,
2895 1248 3099 1318 quibus
3130 1248 3354 1312 occisis,
3398 1258 3551 1305 utres
3586 1250 3748 1312 facio.
3784 1267 4009 1305 eorum—

2428 1356 2532 1411 que
2564 1356 2761 1396 carnes
2790 1342 2993 1399 viatico
3028 1357 3298 1414 praeparo.
3339 1344 3401 1397 Et
3425 1344 3603 1413 primo
3635 1345 3873 1414 vesperi,
3906 1360 4008 1411 pu-

2430 1431 2668 1489 tantibus
2712 1435 2950 1490 dominis
2997 1451 3101 1492 nos
3132 1444 3349 1492 secreto
3392 1437 3660 1498 cubitare,
3694 1437 4010 1491 int-adimus

2429 1527 2554 1591 iter,
2591 1536 2742 1582 utres
2791 1535 2845 1581 et
2897 1536 3078 1597 partes
3128 1528 3376 1583 carnium
3410 1536 3717 1597 portantes.
3756 1527 4011 1596 Cumque

2430 1619 2875 1689 pervenisseutus
2903 1621 2969 1675 ad
3018 1617 3265 1682 ﬂuvium,
3315 1634 3443 1673 nam
3507 1619 3698 1674 decem
3759 1619 4007 1672 millibus

2430 1712 2658 1779 aberat;
2694 1711 2897 1767 inﬂatis
2936 1713 3370 1782 couseensisque
3418 1711 3674 1772 utribus.
3714 1711 3875 1779 aquis
3911 1725 4011 1764 nos

2437 1806 2731 1870 credimus,
2790 1806 3052 1875 paulatim
3114 1804 3341 1875 pedibus
3401 1805 3886 1875 subremigantes.
3954 1814 4012 1856 ut

2438 1899 2693 1953 deorsum
2747 1912 2848 1952 nos
2893 1897 3116 1952 ﬂumine
3163 1897 3463 1959 deferente,
3495 1908 3550 1951 et
3580 1897 3754 1951 multo
3794 1896 4011 1961 longius

2432 2006 2595 2062 quam
2631 1990 3157 2055 conscenderamtts,
3190 1990 3245 2044 in
3290 1992 3516 2045 alteram
3551 2003 3652 2042 nos
3699 1995 4009 2047 exoouente

2433 2087 2630 2153 ripam,
2672 2082 2965 2151 vestigium
3003 2091 3298 2150 sequentes
3348 2082 3661 2151 perderent.
3706 2078 3811 2134 Sed
3868 2079 4013 2133 inter

2435 2182 2549 2233 haec
2584 2174 2903 2230 madefactae
2936 2189 3149 2233 carnes.
3177 2182 3232 2227 et
3254 2188 3320 2226 ex
3362 2182 3516 2242 parte
3564 2173 3752 2241 lapse,
3785 2170 3875 2224 vix
3917 2171 4016 2225 tri-

2433 2271 2524 2324 dtti
2556 2269 2737 2325 cibum
2768 2267 3187 2337 pollicebantur.
3214 2264 3457 2319 Bibimus
3486 2279 3663 2333 usque
3693 2263 3759 2317 ad
3789 2265 4018 2319 satieta-

2435 2372 2569 2423 tem,
2609 2359 2808 2414 futnraa
2856 2373 2957 2413 nos
2990 2358 3079 2412 siti
3113 2364 3508 2426 praeparantes.
3536 2356 3849 2417 Currimus,
3892 2364 4019 2424 post

2436 2464 2649 2520 tergum
2688 2465 2906 2519 semper
2952 2448 3271 2518 aspicimus;
3306 2458 3359 2501 et
3388 2448 3560 2514 magis
3591 2446 3846 2500 noctilms
3887 2460 4017 2514 pro-

2437 2558 2722 2598 movemus
2752 2543 2795 2603 '.
2829 2556 2991 2610 quam
3029 2539 3243 2601 diebus,
3277 2539 3362 2592 vel
3405 2547 3624 2607 propter
3656 2538 3887 2593 insidias
3913 2537 4021 2591 late

2437 2638 2749 2705 vagantium
2790 2634 3214 2691 Saracenorum,
3247 2631 3329 2685 vel
3357 2642 3579 2700 propter
3607 2633 3857 2685 ardorem
3886 2630 4022 2686 solis

2436 2729 2690 2782 nimium.
2744 2723 2988 2779 Pavesco
3034 2722 3056 2753 ⁸
3094 2723 3262 2776 miser
3309 2722 3473 2776 etiam
3518 2722 3761 2776 referens
3810 2735 3825 2774 :
3871 2733 3929 2776 et
3973 2723 4021 2777 si

2440 2828 2550 2874 tota
2587 2827 2768 2873 mente
2821 2832 3074 2882 securus,
3126 2824 3240 2870 tota
3278 2824 3459 2868 tamen
3512 2829 3743 2884 corpore
3785 2815 4020 2885 perhor-

2438 2926 2617 2967 TBSCO.

2508 3025 2563 3080 9.
2599 3024 2768 3077 Herus
2811 3023 3098 3094 fugientem
3145 3032 3387 3087 occupat.
3426 3051 3496 3064 —
3529 3020 3659 3076 Post
3699 3022 3845 3076 diem
3881 3035 4020 3075 vero

2438 3117 2685 3179 tertium,
2722 3117 2893 3171 dubio
2948 3129 3238 3186 prospectu
3301 3116 3489 3185 procul
3538 3114 3837 3183 aspicimus
3880 3115 4022 3169 duos

756 3215 1101 3268 intervallum
1132 3213 1258 3265 dmn
1298 3212 1445 3266 solus
1495 3211 1549 3266 in
1599 3224 1784 3264 eremo
1816 3207 2016 3274 sedeo,
2049 3214 2101 3261 et
2136 3217 2333 3277 praeter
2357 3187 2400 3243 θ
2435 3211 2659 3265 camelis
2705 3210 3007 3263 insidentes
3054 3209 3240 3262 venire
3284 3210 3532 3262 concitos
3566 3208 3717 3281 [nm.
3757 3204 4020 3277 concile].

756 3307 955 3360 cmlum
991 3313 1305 3371 terramque
1336 3302 1469 3354 nihil
1506 3300 1685 3357 video.
1715 3299 1853 3367 ccepi
1886 3313 2095 3377 mecum
2129 3296 2333 3351 tacitus

756 3399 995 3461 volvere,
1029 3405 1083 3449 et
1118 3396 1258 3447 inter
1284 3393 1480 3454 multa,
1514 3390 1863 3445 contubernii
1901 3404 2116 3458 quoque
2142 3403 2334 3441 mona-

758 3495 988 3544 chorum
1024 3485 1322 3547 recordati,
1363 3484 1707 3549 maximeque
1752 3483 1956 3534 vultum
1988 3480 2168 3533 Pati-is
2202 3480 2329 3545 mei,

762 3584 854 3652 qui
912 3595 996 3634 me
1043 3579 1357 3642 erudierat,
1394 3579 1713 3637 teuuerat',
1765 3572 2096 3642 perdiderat.
2134 3572 2333 3637 Sicque

762 3676 1033 3744 rogitans,
1063 3671 1270 3740 aspicio
1306 3668 1658 3723 formicarum
1690 3682 1903 3736 gregem
1937 3676 2173 3734 angusto
2200 3664 2338 3718 calle

761 3765 997 3818 fervere.
1036 3760 1260 3815 Videres
1295 3774 1462 3813 onera
1500 3758 1704 3824 majora
1739 3773 1900 3825 quam
1924 3770 2182 3825 corpora.
2208 3756 2339 3809 Alite

764 3857 1058 3910 herbarum
1097 3854 1342 3924 quaedam
1378 3854 1588 3907 semina
1629 3850 1738 3922 46
1773 3848 1975 3917 forcipe
2010 3848 2124 3903 oris
2159 3848 2340 3902 trahe-

765 3954 928 4013 bant;
959 3948 1079 4002 alia!
1100 3948 1393 4015 cgerebaut
1424 3947 1644 3997 butuutu
1677 3946 1741 3996 tle
1774 3943 1963 4003 foveis;
1992 3951 2045 3994 et
2075 3954 2338 4008 aquarum

766 4058 814 4093 ut
854 4050 977 4094 atus
1010 4039 1296 4107 aggeribus
1324 4036 1712 4089 excludebant.
1743 4033 1851 4085 Illa:
1878 4041 2119 4084 venturae.
2147 4032 2342 4083 hiemis

770 4145 1058 4192 memores,
1104 4146 1169 4184 ne
1210 4127 1509 4182 madefacta
1544 4127 1742 4178 humus
1783 4125 1835 4177 in
1886 4123 2110 4177 herbam
2146 4121 2341 4174 horrea

772 4232 1030 4285 verteret,
1066 4224 1211 4275 illata
1245 4222 1455 4275 semina
1486 4218 1875 4286 prmcidebaut;
1904 4217 1986 4270 lite
2015 4214 2161 4268 lucttt
2194 4215 2334 4267 cele-

769 4318 872 4377 bri,
904 4328 1132 4385 corpora
1168 4313 1425 4368 defuncta
1454 4309 1833 4379 deportabant.
1865 4309 2132 4376 Quodque
2163 4307 2341 4375 magis

769 4408 967 4466 mirum
1001 4416 1085 4461 est
1118 4406 1169 4458 iu
1205 4413 1355 4458 tanto
1383 4401 1621 4470 agmine,
1645 4398 1931 4468 egrediens
1954 4413 2061 4451 non
2085 4395 2346 4451 obstabat

774 4501 1020 4561 rutrauti;
1046 4500 1173 4567 quin
1203 4497 1384 4564 potius
1412 4494 1455 4548 si
1495 4508 1654 4561 quam
1691 4492 1955 4545 vidissent
1986 4490 2090 4544 sub
2124 4487 2271 4542 fasce
2290 4498 2342 4542 et

771 4607 937 4643 onore
971 4589 1300 4648 concidisse.
1355 4585 1652 4654 suppositis
1706 4581 1948 4635 humeris
1991 4578 2340 4648 adjuvabant.

771 4684 911 4749 Quid
962 4682 1176 4736 multa?
1206 4680 1490 4751 pulchrum
1523 4676 1657 4730 mihi
1692 4675 2062 4744 spectaculum
2099 4671 2220 4725 dies
2255 4669 2344 4722 illa

772 4774 1026 4847 praebuit.
1070 4771 1225 4826 Unde
1277 4770 1595 4825 recordatus
1631 4766 1940 4820 Salomonis
1984 4763 2167 4833 (Prov.
2208 4777 2260 4814 vt
2296 4772 2346 4814 et

777 4869 924 4934 mi).
966 4865 1031 4919 ad
1062 4864 1417 4919 formicarum
1448 4858 1726 4915 solertiam
1759 4872 1859 4910 uos
1887 4854 2175 4916 mittentis,
2195 4860 2248 4906 et
2268 4852 2348 4917 pie

777 4982 825 5031 ςςι
843 4977 903 5015 as
937 4968 1145 5014 tuentes
1178 4957 1269 5012 tali
1298 4953 1549 5024 exemplo
1584 4950 1925 5012 suscitanlis,
1962 4949 2101 5015 (καθνὶ
2150 4946 2349 4999 tit-dere

780 5052 1127 5121 :‘zlplltilaliS,
1162 5060 1214 5104 et
1237 5045 1553 5103 monasterii
1589 5044 1815 5101 cellulas
1846 5056 2113 5110 quzererc,
2146 5053 2209 5093 ac
2238 5035 2350 5091 for-

779 5146 1047 5207 .uicarum
1095 5145 1310 5200 illarum
1346 5140 1660 5196 desiderare
1702 5136 1722 5167 ⁸
1765 5133 2180 5188 similitudinem
2209 5170 2222 5193 ,
2261 5128 2351 5183 ubi

856 5368 870 5399 ⁸
914 5367 1115 5423 lterum
1149 5365 1255 5417 duo
1283 5362 1469 5420 codd..
1506 5361 1830 5430 Sanguinem
1867 5369 2013 5409 tuuot
2050 5358 2103 5407 in
2132 5356 2350 5419 sangui-

787 5454 900 5489 nem
933 5453 1102 5489 meum
1130 5452 1146 5489 :
1174 5438 1336 5495 alius,
1373 5434 1641 5502 Sanguine
1672 5443 1762 5482 tuo
1800 5430 2106 5496 sanguinem
2137 5441 2303 5502 meum
2331 5442 2347 5485 ;

782 5519 1012 5565 σμιριτιιις
1037 5508 1282 5561 absolute
1342 5496 1506 5557 habet
1549 5502 1871 5569 Sanguinem
1926 5507 2115 5557 tuum,
2173 5496 2252 5549 vel
2304 5512 2348 5548 st

786 5581 946 5631 mori.
985 5592 1093 5629 etc.

857 5654 872 5678 ²
911 5648 1278 5706 ἒιιιιι·ιίειιι;υιις,
1333 5642 1395 5695 fit
1448 5644 1727 5701 nutrierat,
1786 5652 1831 5694 e.’
1887 5639 2205 5704 perdiderat.
2269 5635 2353 5686 Sir

789 5734 985 5785 »μω-μω
1020 5720 1278 5786 cogitante
1315 5732 1413 5773 mc,
1452 5715 1670 5780 ιιδμὶιὶυ,
1715 5721 1818 5764 etc.
1870 5711 2070 5778 Celtica
2121 5724 2252 5760 mss.
2294 5711 2350 5758 ti~

791 5806 931 5848 Ii‘IHI,
972 5797 1024 5838 tll
1058 5798 1249 5840 Cdflct‘it
1290 5791 1421 5836 ὶιιηιι·
1452 5794 1654 5835 rsu‘ttt.

862 5860 880 5886 ⁸
910 5857 1039 5910 Tw:
1074 5876 1226 5923 tttss.,
1260 5858 1553 5908 desiderati:
1604 5877 1657 5903 .-o
1686 5854 2029 5911 (latratuum;
2089 5865 2115 5901 ρ
2154 5849 2244 5916 qui
2273 5865 2348 5899 'us

2440 3304 2744 3371 Statimque
2777 3319 2931 3355 meus
2961 3303 3084 3355 mali
3122 3316 3382 3371 prtesaga,
3416 3310 3607 3368 putare
3645 3300 3813 3368 cmpit
3846 3299 4026 3354 donti-

2441 3411 2570 3448 tmm
2602 3394 2707 3465 47
2746 3393 2996 3447 ntct'ila'i
3054 3378 3306 3452 mortem,
3344 3393 3517 3446 solem
3567 3404 3796 3445 cernere
3836 3389 4025 3458 nigre-

2441 3496 2704 3540 sceutem.
2745 3486 2993 3552 Dumque
3030 3485 3310 3546 timemus,
3340 3490 3394 3535 et
3420 3480 3667 3549 vestigiis
3696 3494 3792 3546 per
3825 3491 4029 3532 arenas

2443 3591 2543 3629 nos
2591 3577 2836 3644 proditos
2894 3576 2945 3625 in
2975 3575 3292 3643 elligiotus,
3350 3572 3580 3627 ofl‘cttur
3632 3572 3700 3624 ad
3746 3571 4026 3624 dexteram

2446 3678 2687 3721 nostram
2727 3667 2983 3736 spelunca
3014 3667 3171 3735 longe
3204 3665 3307 3717 sub
3345 3674 3551 3718 terram
3581 3671 3896 3732 penetrans.
3930 3661 4031 3727 Igi-

2445 3772 2537 3815 tur
2570 3762 2826 3814 timentes
2862 3769 3128 3813 venenata
3162 3758 3416 3811 animalia
3459 3759 3609 3834 (nam
3660 3755 3841 3808 solent
3871 3756 4026 3821 vipe-

2448 3871 2541 3912 rm.
2582 3856 2777 3923 reguli,
2814 3864 2865 3905 et
2892 3851 3230 3920 scorpiones.
3263 3860 3572 3918 cmteraque
3605 3846 4018 3918 hujuscemodi.

2450 3951 2713 4002 fervorem
2751 3948 2767 3976 ⁷
2804 3946 2937 3999 solis
2966 3945 3320 4002 declinantia,
3350 3944 3574 3996 umbras
3602 3943 3809 4011 petere)
3849 3942 4028 3995 intra-

2444 4041 2623 4092 vimus
2652 4036 2869 4105 quidem
2922 4035 3235 4102 Speluncam
3261 4050 3275 4095 ;
3326 4032 3419 4086 sed
3480 4031 3671 4084 statim
3704 4031 3759 4084 in
3789 4033 3912 4100 ipso
3940 4032 4031 4085 in-

2450 4130 2642 4189 troitu,
2684 4126 2924 4180 sinistrae
2960 4140 3060 4179 nos
3091 4127 3257 4179 fovete
3287 4123 3647 4185 credidimus,
3681 4137 4034 4191 nequaquam

2454 4221 2592 4272 ultra
2632 4221 3044 4289 progredientes
3071 4259 3087 4279 ,
3125 4233 3192 4271 ne
3221 4216 3347 4270 dum
3381 4224 3613 4270 mortem
3648 4212 3915 4284 fugimus,
3952 4216 4038 4269 in-

2452 4328 2798 4366 curreremus
2838 4311 2891 4362 in
2928 4318 3201 4370 mortem;
3237 4307 3489 4377 illudque
3530 4306 3818 4361 nobiscum
3866 4321 4037 4374 repu.

2457 4410 2654 4462 tantes,
2694 4403 2738 4454 si
2791 4402 2939 4467 iuvat
2973 4399 3234 4452 Domitius
3286 4400 3542 4459 miseros,
3586 4399 3851 4450 habemus
3882 4397 4037 4451 saltt-

2381 4535 2420 4585 υ
2456 4506 2597 4559 tem;
2638 4496 2681 4548 si
2727 4493 2951 4558 despicit
2983 4503 3331 4560 peccatores,
3380 4490 3650 4544 habemus
3692 4489 4037 4558 sepulcrum.

2455 4586 2593 4650 Quid
2629 4594 2786 4654 putas
2820 4586 2988 4637 fuisse
3023 4583 3180 4637 nobis
3222 4582 3413 4646 animi,
3451 4582 3582 4651 quid
3620 4583 3870 4644 terroris,
3908 4596 4039 4634 cum

2456 4687 2581 4730 utile
2610 4674 2946 4744 speluncam,
2982 4690 3079 4726 nec
3108 4674 3265 4743 longe
3296 4681 3505 4727 starent
3534 4671 3791 4726 dominus
3818 4683 3873 4732 et
3898 4688 4036 4726 con-

2460 4782 2674 4825 servus.
2715 4777 2771 4819 et
2809 4766 3040 4833 vestigio
3072 4766 3251 4820 indice
3281 4764 3397 4834 jam
3447 4766 3516 4819 ad
3555 4765 3793 4819 latebras
3841 4780 4039 4834 perte-

2462 4854 2742 4911 uisset?0
2798 4855 2970 4910 multo
3021 4855 3240 4925 gravior
3287 4863 3598 4923 expectata,
3661 4869 3828 4923 quam
3890 4854 4042 4907 illata

2465 4946 2642 5003 mors!
2689 4947 2903 5001 llursus
2935 4961 3060 5001 cum
3107 4944 3296 5002 labore
3326 4954 3380 5000 et
3407 4945 3603 5000 timore
3629 4945 3809 5015 lingua
3840 4944 4042 4997 balbu-

2466 5043 2527 5093 tit
2565 5057 2580 5103 ;
2612 5050 2668 5093 et
2706 5040 2859 5107 quasi
2889 5041 3161 5092 clamante
3196 5038 3443 5097 domino,
3478 5037 3679 5090 tuutire
3703 5052 3810 5089 uon
3840 5036 4043 5088 αιιιΙιτυ.

2471 5132 2627 5185 Mittit
2657 5146 2894 5194 servum,
2920 5141 2976 5183 ut
3006 5146 3104 5185 nos
3130 5130 3198 5185 de
3230 5144 3397 5199 specu
3424 5129 3607 5182 trahat
3632 5145 3647 5182 :
3675 5129 3789 5197 ipse
3806 5131 4050 5183 camelos

2471 5376 2632 5416 unus.
2671 5359 2759 5412 ubi
2795 5368 2871 5412 est
2902 5359 3048 5411 labor
3078 5360 3131 5411 in
3168 5358 3418 5409 medium.

2530 5431 2552 5460 “
2588 5430 2821 5491 Victor"
2855 5432 3003 5481 audit
3039 5444 3231 5482 causa:
3258 5444 3275 5480 :
3300 5430 3549 5479 hortatur
3575 5426 3775 5493 (unum.
3816 5420 3941 5477 Peto
3981 5428 4051 5477 si-

2462 5502 2608 5554 lentii
2641 5501 2796 5558 ﬁdem
2829 5517 2847 5553 :
2880 5516 2979 5551 non
3012 5510 3385 5565 usperurmtur,
3419 5506 3467 5549 et
3514 5499 3637 5567 jugt'
3666 5510 3907 5554 susurro,
3940 5507 4052 5547 etc.

2538 5575 2557 5602 ⁵
2592 5573 2758 5633 Ideni,
2794 5572 3143 5634 prut'eltt'nms.
4006 5582 4013 5588 ·

2540 5645 2557 5671 ⁵
2595 5639 2746 5693 [ηαδ
2791 5641 2985 5699 Vatin,
3022 5641 3195 5704 potito
3237 5640 3391 5689 misrr
3435 5648 3595 5691 ιιειιιη
3644 5653 3895 5697 securus;
3936 5648 4051 5694 tres

2470 5714 2582 5765 alii.
2626 5729 2781 5775 νυνι-υ
2814 5713 2967 5762 wiser
3004 5715 3245 5773 iriiri-ua,
3283 5727 3438 5761 clm."
3476 5726 3715 5761 «ci-urnis.

2549 5794 2554 5805 ‘
2600 5783 2712 5831 l'uo
2746 5793 3070 5837 vetustiores
3108 5779 3273 5830 \altm
3312 5789 3509 5842 [citorc
3554 5780 3682 5830 satis
3721 5777 4071 5845 declinante,
