4212 6468
756 383 830 443 63
1916 383 1976 442 S.
2028 379 2341 441 EUSEBH
2388 379 2834 441 HIEHONYMI
3943 372 4030 436 64

754 510 854 550 nes
885 497 1230 550 elaborarent
1254 510 1270 562 ;
1300 495 1393 550 sed
1427 510 1550 551 cum
1579 495 1775 552 exinde
1806 495 1877 549 sit
1908 495 2110 563 saepius
2139 492 2308 557 edita,
2336 493 2561 550 minime
2590 496 2875 550 debuisset
2908 493 2965 548 in
2999 491 3300 549 Martiauaai
3348 489 3589 546 editione
3619 488 3978 560 praetermitti
4008 529 4031 556 ,

755 585 808 637 in
850 600 953 649 qua
988 584 1101 653 ipsa
1139 583 1453 656 Hieronymi
1480 585 1737 655 epistola,
1773 600 1895 654 quae
1936 582 2273 655 praefationis
2320 584 2441 639 loco
2477 595 2584 649 est,
2610 586 2665 639 in
2692 593 2883 641 octava
2919 582 3099 641 classe
3128 593 3185 639 et
3222 583 3309 638 sui
3344 593 3500 651 parte
3536 595 3751 645 manca,
3782 589 3837 635 et
3867 593 4040 633 erro-

758 673 909 725 ribus
942 687 1075 724 sane
1113 672 1302 727 multis
1331 671 1631 726 delormata
1665 685 2111 737 repraesentetur.

828 757 897 812 Ut
929 775 1057 813 vero
1083 760 1150 813 de
1177 759 1290 828 ipsa
1330 759 1656 830 primigenia
1689 758 1967 814 Pachumii
2000 760 2294 829 scriptione
2325 761 2571 831 quaedam
2606 760 2979 832 praelibemus.
3006 761 3141 815 nihil
3173 760 3262 814 illa
3302 760 3476 815 ferme
3509 766 3595 813 est
3624 757 3767 827 apud
3796 756 4040 809 Veteres

757 847 1104 901 celebratius.
1148 846 1343 900 Narrat
1383 846 1661 904 Palladius
1696 847 1749 902 in
1784 847 2049 902 Lausiaca
2104 864 2223 920 cap.
2259 850 2352 913 '58,
2390 848 2659 903 Tabulam
2693 864 2900 904 aeneam
2938 848 3229 903 monastici
3275 847 3725 917 complectentem
3777 842 4036 898 inStituti

757 937 992 1005 Regulus
1032 927 1326 989 Pacliomio
1357 937 1424 989 ab
1454 938 1648 1008 angelo
1683 937 1962 1001 traditam,
1996 938 2155 1007 cuius
2189 940 2353 993 etiam
2387 949 2769 1007 argumentum
2802 936 3051 1006 exponit.
3082 936 3426 999 Gennadius,
3450 937 3513 989 de
3538 933 3846 987 lllustribus
3871 930 4041 991 viris,

757 1039 878 1090 cap.
907 1024 937 1075 7
981 1042 994 1077 :
1030 1024 1371 1090 I’achomius,
1405 1026 1603 1095 inquit,
1636 1028 1945 1090 monachus,
1977 1029 2058 1081 vir
2084 1040 2193 1081 tant
2225 1028 2282 1081 in
2312 1026 2555 1090 dicendo,
2588 1042 2748 1095 quant
2792 1025 2846 1079 in
2878 1026 3030 1096 signa
3063 1024 3309 1094 faciendo
3345 1023 3647 1092 apostolica:
3696 1020 3891 1089 gratia:
3919 1058 3934 1080 .
3986 1027 4041 1070 el

760 1114 1011 1181 fundator
1037 1113 1260 1184 .Egypti
1288 1117 1665 1181 ctenobiarum,
1698 1117 1907 1186 scripsit
1967 1118 2208 1186 regulam
2239 1116 2447 1186 utrique
2472 1116 2649 1185 generi
2694 1115 3072 1169 monachorum
3108 1124 3288 1181 aptam
3315 1155 3331 1179 ,
3377 1130 3536 1183 quam
3574 1110 3759 1182 angelo
3788 1108 4045 1163 dietante

758 1214 1077 1271 perceperat.
1118 1205 1273 1259 Paria
1320 1205 1480 1258 habet
1508 1206 1871 1270 Sozomenus,
1908 1203 2053 1258 Hist.
2094 1204 2294 1259 Eccles.
2325 1204 2361 1258 Ι.
2398 1219 2479 1269 ιιι,
2509 1220 2627 1272 cap.
2676 1205 2732 1267 ’5.
2773 1218 2840 1257 ex
2873 1205 3193 1275 pervulgata
3225 1202 3523 1256 traditione
3556 1199 3860 1254 Pachomio
3900 1212 4045 1249 san-

761 1302 905 1343 ctum
931 1293 1175 1359 angelum
1206 1295 1367 1345 visunt
1402 1309 1534 1356 esse,
1565 1293 1869 1362 dedisseque
1902 1294 1984 1346 illi
2018 1292 2280 1359 tabulam,
2309 1309 2470 1361 quant
2504 1293 2749 1348 monachi
2778 1293 2951 1347 adhuc
2984 1304 3195 1348 servant
3220 1336 3235 1359 ,
3278 1294 3333 1346 in
3364 1309 3467 1363 qua
3498 1303 3615 1345 erat
3649 1291 3935 1358 scriptum.
3978 1294 4045 1338 ηε

765 1380 987 1449 singulis
1022 1381 1324 1433 concederet
1355 1381 1667 1447 facultatem
1703 1391 1909 1435 tantum
1941 1381 2272 1444 comedendi,
2304 1381 2534 1445 bibendi,
2561 1382 2836 1450 onerandi,
2866 1382 3177 1453 jejunandi,
3205 1382 3286 1437 vel
3317 1398 3489 1447 secus,
3522 1390 3777 1451 quantum
3822 1388 4042 1429 natura

769 1468 948 1535 ferret.
981 1467 1075 1520 His
1105 1484 1221 1520 vero
1254 1470 1342 1539 qui
1375 1469 1578 1540 largius
1609 1475 1958 1528 comederent,
1984 1486 2139 1535 opera
2172 1468 2527 1523 laboriosiora
2559 1472 2871 1539 imponeret;
2904 1472 3152 1539 faciliora
3184 1482 3360 1525 autem
3391 1471 3493 1535 his,
3524 1469 3615 1538 qui
3650 1482 3839 1534 corpus
3880 1464 4046 1533 jeju-

768 1556 868 1606 niis
896 1565 946 1606 et
974 1555 1290 1608 abstinentia
1324 1558 1663 1626 castigarem.
1698 1556 2033 1623 Prtescripsit
2082 1567 2359 1625 pra'terea,
2386 1566 2444 1610 ut
2474 1559 2667 1613 multas
2707 1558 2984 1624 wdiculas,
3006 1568 3137 1620 etc.,
3170 1575 3293 1629 qua:
3337 1558 3409 1613 ibi
3441 1558 3661 1627 copiose
3699 1555 3835 1609 satis
3868 1567 4051 1606 enar-

772 1652 1002 1710 rantur;
1039 1644 1131 1698 sed
1159 1646 1434 1714 copiosius
1462 1646 1630 1700 multo
1672 1649 1839 1716 repeti
1879 1658 2109 1717 possunt
2136 1663 2201 1701 ex
2233 1646 2378 1713 Vita,
2411 1661 2574 1715 quam
2606 1649 2847 1702 incertus
2881 1657 3076 1701 auctor
3111 1646 3445 1716 composuit,
3480 1644 3573 1714 qui
3612 1654 3791 1697 tamen
3830 1640 4045 1696 iisdem

770 1747 833 1784 ac
867 1732 1192 1787 Pachumius
1223 1732 1560 1801 temporibus
1590 1734 1791 1789 vixisse
1825 1751 1884 1789 se
1917 1735 2225 1805 profitetur.
2263 1733 2359 1788 His
2386 1734 2515 1788 addi
2546 1742 2757 1804 queunt
2788 1733 3233 1805 Martyrologium
3264 1733 3566 1788 Romanum
3601 1730 3738 1799 prid.
3770 1730 3850 1783 Id.
3880 1726 4049 1789 Maii,

768 1822 1086 1887 Cassianus,
1122 1822 1480 1891 Nicephorus,
1506 1822 1791 1892 Callistus,
1829 1825 1887 1881 S.
1922 1826 2253 1881 Benedictus
2283 1826 2644 1888 Anianensis,
2685 1823 3021 1895 Smaragdus
3045 1864 3060 1889 ,
3107 1834 3164 1878 et
3216 1840 3283 1878 ne
3333 1821 3673 1893 singulorum
3715 1816 4049 1873 testimonia

769 1912 975 1964 diutius
1010 1910 1422 1979 prosequamur,
1466 1913 1747 1983 Rupertus
1777 1916 1962 1969 Abbas
1996 1914 2299 1971 Tuitieusis
2328 1917 2425 1971 lib.
2457 1930 2509 1968 tv
2535 1914 2598 1966 de
2636 1912 2740 1966 l'it.
2769 1913 3087 1978 apostolica.
3114 1913 3217 1967 sub
3250 1912 3495 1975 initiuiu,
3522 1910 3657 1978 qui',
3696 1907 3923 1965 Beatus.
3959 1908 4053 1957 in-

771 1999 910 2067 quit,
955 1998 1275 2054 Parltomius
1306 2001 1564 2071 Regulam
1601 2008 1983 2058 monachorum
2016 2005 2081 2059 ab
2115 2007 2231 2075 ipso
2263 2005 2449 2076 angelo
2485 2004 2549 2056 de
2582 2000 2712 2055 caelo
2746 2003 3024 2066 dictatam,
3060 2018 3162 2055 non
3186 2001 3449 2064 videlicet,
3485 2009 3538 2053 ut
3570 1997 3817 2062 hominis,
3849 1999 3944 2048 sed
3991 2005 4052 2046 ut

773 2087 1007 2139 divinum
1041 2090 1317 2141 oraculum
1352 2091 1621 2146 monac/tis
1656 2094 1903 2152 tradidit.

848 2174 923 2228 De
961 2176 1063 2228 hac
1100 2174 1219 2245 ipsa
1252 2192 1382 2230 vero
1414 2175 1841 2249 Hieronymiana
1877 2184 1994 2252 ejns
2032 2181 2251 2253 Regulae
2284 2182 2482 2236 Latina
2518 2180 2997 2250 interpretatione,
3046 2178 3186 2233 nihil
3219 2176 3448 2232 dubium
3480 2184 3585 2238 est,
3623 2189 3654 2229 e
3680 2172 3738 2227 S.
3778 2170 4051 2226 Doctoris

774 2263 989 2316 ealamo
1014 2262 1186 2317 fctum
1219 2268 1706 2332 germanissimum
1742 2270 2077 2338 profecisse;
2131 2280 2189 2323 ut
2241 2270 2370 2324 illos
2412 2273 2549 2325 adeo
2578 2281 2761 2339 putem
2794 2272 3069 2339 desipere,
3116 2269 3211 2339 qui
3246 2273 3345 2323 hac
3378 2283 3488 2322 una
3515 2269 3582 2322 de
3615 2280 3786 2321 causa
3826 2263 4052 2316 audent

782 2352 1044 2418 inliciari,
1082 2354 1225 2422 quod
1260 2356 1611 2411 l’acbomium
1646 2356 2025 2430 Hieronymus
2074 2360 2217 2412 inter
2264 2357 2692 2413 Ecclesiasticos
2722 2358 3023 2426 scriptores
3056 2371 3167 2411 non
3205 2366 3508 2420 recenseat,
3549 2354 3884 2409 mentionem
3922 2350 4051 2419 ejus

779 2451 927 2495 certe
960 2440 1228 2510 facturus,
1276 2446 1436 2513 cujus
1468 2462 1657 2500 revera
1708 2448 1906 2502 librum
1952 2448 2142 2502 Latine
2180 2447 2376 2501 luisset
2432 2448 2851 2517 interpretatus.
2888 2446 3132 2512 Quorum
3167 2455 3552 2516 argumentum
3606 2455 3803 2511 suapte
3841 2452 4054 2493 natura

781 2531 1254 2598 inﬁrmissimum,
1288 2535 1426 2589 falsa
1462 2537 1625 2591 etiam
1661 2538 1873 2592 laborat
1897 2537 2302 2607 suppositione;
2342 2551 2522 2606 neque
2552 2537 2696 2590 enim
2745 2536 2934 2590 isthacc
2952 2534 3273 2605 Catalogum
3307 2534 3594 2603 praecessit
3630 2528 4047 2598 interpretatio,

783 2620 879 2672 sed
922 2637 951 2673 e
979 2622 1259 2676 contrario
1289 2624 1586 2679 subsecuta
1625 2635 1709 2679 est
1746 2636 1869 2695 post
1904 2625 2168 2681 tredecim
2203 2626 2373 2679 ferme
2407 2640 2676 2681 annorum
2710 2627 2968 2694 spatium,
3011 2626 3157 2690 quod
3191 2624 3330 2683 infra
3368 2624 3587 2704 planius
3620 2621 3969 2676 demonstro.

858 2709 1079 2765 Interim
1110 2728 1233 2778 quae
1265 2711 1425 2779 hujus
1479 2713 1887 2784 llieronymiani
1944 2713 2147 2767 laboris
2204 2713 2460 2767 feruntur
2514 2713 2872 2781 exemplaria,
2929 2714 3189 2767 debemus
3220 2728 3346 2765 cum
3410 2711 3603 2781 primis
3652 2709 3712 2763 S.
3748 2707 4059 2762 Benedicto

786 2802 1113 2855 Atriam-usis
1160 2800 1367 2863 abbati,
1419 2801 1511 2870 qui
1548 2802 1693 2855 circa
1746 2817 1952 2856 annum
2008 2800 2212 2857 Christi
2261 2800 2365 2855 820
2411 2801 2632 2863 claruit,
2664 2810 2716 2854 et
2752 2815 2853 2853 suo
2888 2798 3068 2853 Codici
3107 2798 3426 2869 Regularum
3458 2812 3565 2851 una
3618 2811 3743 2849 cum
3776 2790 4073 2864 epistulis;

786 2905 922 2957 quas
948 2888 1265 2943 Gennadius
1313 2901 1581 2942 memorat
1637 2905 1760 2959 cap.
1811 2906 1967 2960 supr.
2020 2890 2262 2951 laudato,
2314 2889 2547 2956 aliistjue
2595 2888 2881 2942 nonnullis
2931 2888 3184 2941 attesuit.
3241 2885 3504 2954 Equidem
3553 2900 3677 2938 cum
3710 2898 3773 2937 ex
3824 2883 4056 2952 angulis

788 2976 1248 3030 bibliothecarum
1288 2978 1531 3031 nondum
1560 2979 1829 3033 evasisset
1859 2978 2086 3032 Attianze
2130 2976 2359 3031 Abbatis
2388 2976 2672 3039 ColleCtio,
2722 2994 2787 3030 ex
2821 2977 2943 3031 aliis
2974 2990 3109 3029 mss.
3142 2974 3426 3029 codicibus
3458 2972 3651 3027 Latina
3692 2972 3883 3026 isthaec
3930 2972 4047 3025 Re-

788 3065 913 3132 gula
944 3071 1168 3133 excepta
1194 3073 1296 3119 est.
1326 3064 1457 3118 Eam
1495 3065 1729 3133 primum
1768 3066 1950 3119 Hom-.1:
1980 3082 2073 3119 an.
2102 3064 2260 3125 1575.
2288 3064 2531 3119 Achilles
2566 3064 2781 3117 Statius
2809 3062 3089 3132 vulgavit;
3123 3073 3238 3116 tum
3272 3061 3605 3116 Ciacconius
3631 3060 3831 3113 ibidem
3863 3059 4057 3124 1588;

698 3151 703 3157 ’
790 3152 988 3205 deinde
1029 3153 1186 3206 novis
1218 3152 1612 3207 accedentibus
1654 3155 1802 3208 curis
1838 3156 1893 3207 in
1930 3155 2080 3207 calce
2112 3152 2479 3207 Cullationum
2509 3152 2784 3219 Cassiani,
2820 3162 2873 3206 et
2902 3152 2954 3205 in
2992 3150 3212 3204 Patrum
3251 3149 3586 3204 Biblothecis
3639 3149 3727 3201 alii
3762 3146 4059 3201 recudere.

798 3240 907 3293 lllze
943 3250 1122 3293 tamen
1160 3240 1433 3294 editiones
1467 3255 1567 3294 nec
1600 3251 1795 3307 totam,
1827 3240 2282 3309 quemadmodum
2319 3240 2412 3295 hic
2450 3239 2764 3304 exhibetur,
2800 3237 3099 3307 Regulam;
3132 3254 3228 3293 nec
3247 3236 3625 3307 quze,.ludicia
3662 3236 3818 3304 leges,
3854 3245 3903 3287 et
3943 3234 4062 3287 Mo-

795 3329 929 3385 nita.
964 3326 1197 3380 diversis
1232 3328 1408 3380 titulis
1438 3328 1854 3392 inscribuntur;
1890 3344 1987 3383 nec
2042 3328 2277 3397 denique
2336 3328 2630 3394 Epistolas.
2661 3339 2708 3381 et
2766 3326 2933 3381 Verba
2966 3328 3210 3397 Mystica,
3260 3329 3473 3394 aliaque
3517 3327 3566 3378 id
3598 3340 3771 3395 genus
3816 3323 4054 3383 habent,

799 3429 921 3480 qua:
953 3413 1117 3466 simul
1152 3414 1248 3467 abs
1284 3412 1615 3486 Hieronymo
1656 3416 1832 3472 fuisse
1871 3416 2060 3470 Latine
2098 3416 2310 3469 reddita
2342 3432 2409 3469 es
2444 3418 2559 3484 ipsa
2597 3415 2933 3469 Praefatione
2976 3424 3316 3483 compertum
3348 3423 3453 3467 est.
3491 3412 3626 3467 Tota
3663 3416 3799 3465 adeo
3834 3412 3909 3465 cl.
3956 3412 4061 3463 viri

798 3502 959 3554 Lucae
995 3498 1263 3555 llolstenii
1312 3502 1592 3557 sedulitati
1648 3505 1819 3570 gratia
1857 3512 1941 3558 est
1977 3504 2249 3566 habenda,
2286 3503 2378 3572 qni
2436 3518 2561 3557 cum
2615 3504 2669 3557 in
2716 3502 2775 3558 S.
2810 3503 3088 3557 Benedicti
3137 3502 3515 3573 apographum
3567 3500 3849 3554 incidisset
3880 3514 3950 3552 ex
3990 3513 4058 3551 eo

796 3590 1155 3657 descriptum,
1206 3590 1349 3657 quod
1383 3592 1524 3659 apud
1554 3591 1611 3645 S.
1643 3589 1996 3643 Maximinum
2033 3606 2197 3659 prepe
2233 3589 2503 3646 Treveros
2531 3592 2978 3660 antiquissimum
3013 3603 3231 3648 exstare
3258 3592 3486 3652 dicitur,
3516 3605 3639 3642 eum
3670 3588 3792 3641 aliis
3826 3587 4068 3641 vetustis

797 3676 1080 3729 codicibus
1130 3678 1381 3741 contulit,
1411 3678 1503 3747 qui
1530 3679 1770 3747 aliquam
1806 3694 1870 3732 ex
1905 3679 2013 3732 illis
2045 3678 2243 3747 regulis
2276 3680 2628 3741 exhiberem,
2664 3696 2727 3734 ac
2754 3680 2894 3749 typis
2924 3679 3096 3744 dedit,
3134 3679 3319 3734 Romae
3353 3680 3589 3748 primum
3631 3692 3721 3730 an.
3764 3673 3930 3738 1661,
3967 3675 4067 3728 de-

797 3764 923 3816 inde
955 3761 1175 3818 Parisiis
1212 3764 1431 3819 biennio
1464 3777 1589 3834 post
1635 3766 2044 3820 excudenduni.
2097 3764 2211 3819 Hoc
2241 3768 2425 3834 itaque
2456 3782 2556 3821 nos
2580 3769 2786 3821 utimur
2817 3768 3111 3836 exemplari
3146 3776 3333 3837 utpote
3366 3768 3612 3820 omnium
3652 3764 3933 3824 uberiore.
3976 3773 4061 3815 at-

799 3867 904 3917 que
952 3852 1401 3916 accuratissimo;
1455 3862 1664 3907 etcum
1712 3870 1876 3923 porro
1911 3854 2188 3909 variantes
2217 3855 2480 3907 lectiones
2526 3870 2664 3923 quas
2696 3871 2760 3908 ex
2794 3856 2914 3910 aliis
2945 3856 3103 3910 libris
3149 3864 3500 3923 excerpserat
3556 3852 3912 3907 doctissimus
3970 3851 4063 3902 ille

802 3940 906 4000 vir,
936 3950 988 3992 et
1016 3939 1233 3993 notulas
1261 3955 1397 4007 quas
1428 3955 1716 4009 paraverat
1741 3942 1794 3995 in
1821 3942 2023 3995 calcem
2056 3943 2237 4009 operis
2272 3942 2665 4011 conjiciendas,
2700 3952 2873 3998 morte
2910 3944 3284 3997 intercedente
3304 3942 3564 3997 exhibere
3615 3941 3756 3993 haud
3786 3941 4057 4007 potuerit,

805 4043 906 4080 nos
946 4028 1092 4095 quod
1128 4040 1247 4083 erat
1278 4048 1306 4081 e
1335 4047 1389 4083 re
1422 4041 1632 4095 nostra,
1668 4034 1970 4100 principem
2032 4032 2353 4093 editionem,
2403 4032 2635 4085 Achillis
2678 4030 2863 4093 Statii.
2907 4041 3018 4084 tum
3053 4031 3277 4085 alteram
3305 4032 3617 4084 auctiorem
3655 4027 3799 4081 Petri
3828 4025 4065 4081 Ciacco-

803 4114 878 4167 nii
913 4114 979 4167 ad
1020 4115 1167 4167 illam
1203 4118 1491 4186 exegimus
1537 4118 1863 4189 diligenter;
1895 4128 1951 4173 et
1985 4134 2106 4187 qua:
2139 4119 2499 4174 Hulsteniano
2532 4119 2705 4173 labori
2742 4120 2996 4183 deerant,
3031 4119 3210 4189 quoad
3247 4118 3367 4189 ejus
3400 4116 3515 4171 ﬁeri
3549 4114 3749 4187 p0tuit,
3792 4123 3891 4169 aut
3921 4115 4068 4168 inte—

807 4218 957 4256 resse
985 4205 1299 4269 videbatur,
1331 4207 1670 4262 sttﬂ'rcimns.

883 4291 1146 4361 Trtt'pus,
1180 4310 1290 4363 quo
1341 4294 1589 4350 Latinam
1626 4297 1835 4354 hancce
1890 4298 2400 4369 interpretationem
2446 4295 2813 4365 Hieronymus
2864 4296 3181 4358 elaborarit,
3219 4310 3285 4349 ex
3328 4309 3393 4350 eo
3440 4293 3599 4348 facile
3633 4294 3876 4355 eruitur,
3911 4290 4062 4359 quod

805 4382 989 4431 statim
1028 4380 1217 4435 limine
1262 4381 1612 4439 Ptal'atiouis
1642 4397 1963 4441 mmreutem
1999 4403 2057 4441 se
2094 4387 2412 4439 dormitione
2436 4396 2637 4439 sancta:
2662 4396 2707 4436 et
2736 4386 3052 4437 venerabilis
3098 4380 3308 4448 Paulte,
3341 4384 3435 4438 ditt
3474 4384 3710 4438 tacuisse
3746 4382 4063 4451 proﬁtetur,

806 4468 982 4521 donec
1010 4466 1063 4521 in
1094 4470 1194 4523 hoc
1240 4472 1563 4525 exoruaudo
1588 4489 1775 4541 opere,
1809 4478 1940 4527 bono
1973 4486 2028 4527 ut
2068 4477 2217 4527 aiunt
2251 4474 2494 4539 auspicio
2532 4475 2745 4541 longum
2779 4473 3050 4526 silentium
3089 4482 3373 4540 rumperet.
3410 4470 3507 4525 His
3532 4472 3678 4526 enim
3705 4487 3887 4524 annus
3920 4472 4066 4523 iudi-

807 4566 966 4609 catur
990 4556 1115 4617 404,
1146 4556 1249 4611 sub
1283 4560 1446 4628 Cujus
1480 4560 1719 4620 initium,
1751 4563 1995 4615 dormivit
2038 4573 2220 4615 sancta
2250 4572 2299 4614 et
2330 4564 2479 4614 beata
2515 4562 2686 4615 Paula
2713 4563 2939 4630 septimo
2977 4562 3247 4615 Kalendas
3279 4559 3607 4613 Februarias
3646 4560 3803 4612 tertia
3840 4557 4067 4611 Salabnti

810 4653 926 4712 post
959 4644 1086 4697 solis
1121 4647 1439 4711 accubitum,
1474 4645 1711 4701 Honorio
1743 4651 1978 4719 Augusta
2013 4665 2063 4703 vt
2088 4660 2137 4703 et
2172 4650 2474 4703 Aristeneto
2522 4666 2658 4702 coss.
2681 4692 2696 4714 ,
2728 4651 2870 4714 quod
2909 4650 2962 4701 in
2998 4649 3117 4716 ejus
3151 4648 3437 4716 Epitapbio
3484 4648 3925 4701 luculentissiuie
3958 4659 4069 4698 ira-

810 4729 893 4782 dit
920 4726 1308 4800 Hieronymus.
1353 4733 1434 4787 Ad
1474 4735 1746 4803 ejusdetn-
1776 4736 1944 4805 igitur
1978 4737 2106 4790 anni
2152 4736 2343 4798 linem,
2374 4737 2458 4788 vel
2493 4740 2537 4789 si
2573 4736 2743 4796 lubet.
2790 4736 2856 4788 ad
2888 4738 3267 4806 insequentem
3299 4734 3408 4789 4Οὸ
3442 4735 3729 4789 commode
3776 4733 4067 4788 transferri

812 4816 931 4871 ιιωο
966 4826 1145 4887 potest
1176 4820 1586 4890 interpretatio,
1622 4838 1814 4891 quam,
1846 4841 1970 4879 cum
2004 4827 2167 4894 longo
2198 4824 2419 4881 silentio
2453 4824 2697 4880 dolorem
2733 4824 3075 4888 devorasset,
3109 4823 3468 4878 elucubravit.
