4212 6448
178 410 247 473 65
1082 412 1709 477 INTERPRETATIO
1751 418 2080 479 REGUL/E
2111 420 2169 477 S-
2221 420 2626 487 PACHOMlI.
3375 425 3448 491 56

184 562 3443 591 mm

736 733 877 850 Β.
961 737 1675 851 EUSEBII
1754 741 2836 857 HIERONYMI

1258 959 1831 1025 STRIDONENSIS
1870 963 2374 1027 PRESBYTER]

1055 1150 1978 1266 TRANSLATIO
2065 1152 2593 1271 LATINA

475 1403 1312 1564 REGULXE
1430 1399 2117 1559 SANCTI
2199 1404 3136 1569 PACHOMII

1460 1859 2146 1948 ΡΒΑΞΓΑΤΙΟ.

238 2207 348 2281 53
384 2210 437 2263 1.
472 2210 743 2276 Quamvis
792 2220 987 2267 acutus
1028 2211 1239 2282 gladius
1280 2221 1336 2267 et
1372 2211 1660 2282 levigatus,
1703 2210 1748 2266 si
1784 2218 1820 2269 Α
1857 2209 2100 2277 auspicio
2134 2210 2353 2273 longum
2389 2210 2671 2263 silentium
2712 2228 3051 2280 rumporem,
3097 2214 3327 2269 reddi-ns
3358 2232 3442 2268 me

171 2305 256 2356 diu
295 2306 349 2356 in
380 2303 583 2371 vagina
615 2302 872 2357 conditus
921 2303 1107 2368 fuerit,
1154 2304 1427 2360 sordescit
1482 2305 1752 2374 rubigine.

171 2408 222 2450 et
266 2397 628 2465 splendorem
684 2396 896 2464 pristini
948 2397 1163 2452 decoris
1217 2400 1440 2453 amittit.
1495 2398 1653 2453 Unde
1701 2407 1755 2450 et

170 2506 266 2559 ego
309 2504 558 2544 moerens
603 2504 770 2559 super
806 2490 1137 2546 dormitione
1189 2504 1396 2547 sanctae
1440 2503 1496 2546 et
1530 2508 1757 2547 venera-

169 2582 291 2635 bilis
335 2582 545 2647 Paulm,
598 2599 709 2636 non
743 2599 854 2651 quo
889 2593 1075 2638 contra
1122 2595 1450 2653 praeceptum
1504 2584 1752 2655 Apostoli

172 2674 427 2731 facerem.
482 2675 579 2729 sed
640 2689 752 2744 quo
788 2676 1089 2729 multorum
1148 2676 1323 2731 incisa
1379 2676 1524 2731 illius
1578 2684 1754 2730 morte

170 2766 453 2837 refrigeria
492 2767 859 2837 suspirarem,
894 2769 1078 2834 accepi
1112 2769 1279 2823 libros
1308 2770 1377 2823 ab
1406 2771 1624 2825 homine
1660 2768 1751 2824 Dei

173 2858 395 2913 Silvano
422 2861 749 2930 presbytero
773 2860 904 2913 mihi
932 2861 1193 2923 directos.
1225 2877 1364 2929 quos
1393 2861 1481 2915 ille
1510 2862 1752 2916 Alexan-

170 2948 285 3001 dria
322 2950 527 3002 missos
565 2960 906 3017 susceperat,
943 2958 998 3000 ιιι
1029 2948 1193 3004 etiam
1225 2947 1334 3020 [ΑΙ.
1371 2948 1533 3020 mihi]
1570 2950 1753 3018 injun-

168 3053 313 3103 εει-ει
347 3040 787 3096 transferendos.
828 3042 1019 3096 Aiebat
1065 3044 1209 3096 enim
1255 3043 1399 3112 quod
1434 3042 1486 3096 in
1519 3042 1752 3098 Thebai-

164 3140 244 3192 dis
290 3136 593 3195 emnobiis.
642 3136 776 3190 etin
815 3138 1151 3189 monasterio
1178 3135 1479 3197 Metanmae.
1505 3137 1646 3203 quod
1681 3136 1752 3191 de

165 3231 385 3300 Canopo
413 3233 470 3285 in
498 3230 879 3300 potnitentiam
909 3231 927 3261 ¹
954 3230 1098 3285 felici
1128 3231 1367 3284 nominis
1389 3230 1748 3285 conversione

166 3334 435 3377 mutatum
499 3332 612 3384 est,
666 3322 977 3376 habitarent
1012 3321 1231 3390 plurimi
1265 3321 1610 3385 Latinorum.
1658 3323 1748 3392 qui

164 3418 481 3487 ignorarent
536 3415 919 3487 (Egyptiacum
973 3415 1336 3488 Grmcumque
1392 3434 1742 3482 sermonem,

164 3526 265 3577 quo
315 3507 610 3564 Paehomii
657 3520 711 3563 et
746 3508 1017 3563 Theodori
1073 3518 1127 3565 et
1183 3509 1412 3566 Orsiesii
1468 3522 1743 3582 praecepta

163 3605 478 3670 conscripta
544 3611 691 3655 sunt.
755 3600 858 3666 Qui
921 3603 1081 3671 primi
1139 3618 1233 3672 per
1299 3602 1630 3660 Thebaidem
1690 3619 1744 3661 et

162 3695 446 3766 Egyptum
490 3694 868 3748 coenobiorum
914 3694 1268 3751 fundamenta
1296 3696 1544 3765 jecorunt
1583 3698 1739 3766 juxta

164 3800 493 3857 tmeceptum
563 3786 680 3849 Dei,
730 3796 782 3841 et
830 3787 1053 3854 angeli.
1117 3787 1205 3855 qui
1244 3788 1310 3840 ad
1351 3802 1449 3844 eos
1485 3789 1557 3843 ob
1602 3789 1743 3845 hanc

164 3873 329 3947 ip'sam
367 3877 778 3932 institutionem
816 3877 1018 3932 missus
1059 3877 1271 3931 venerit
1307 3879 1351 3930 '.

228 3969 412 4038 Itaque
460 3969 591 4037 quia
656 3968 748 4020 diu
791 3978 1071 4022 tacueram
1113 4008 1130 4029 .
1164 3977 1218 4022 et
1264 3969 1511 4024 dolorem
1560 3987 1738 4025 meum

161 4063 372 4116 silentio
418 4061 818 4115 devoraveram
857 4076 871 4114 :
910 4062 1172 4130 urgebant
1214 4072 1397 4116 autem
1459 4065 1613 4117 missi
1670 4066 1737 4118 ad

164 4169 241 4209 me
266 4154 338 4207 ob
367 4158 516 4207 hanc
553 4152 729 4220 ipsam
777 4167 1000 4207 causam
1051 4153 1311 4207 Leontius
1346 4155 1652 4226 presbyter.
1687 4167 1741 4210 et

161 4248 334 4300 ceteri
370 4262 502 4299 cum
536 4260 604 4299 eo
639 4246 856 4304 fratres.
891 4247 1071 4299 accito
1121 4248 1355 4312 notario,
1392 4258 1453 4302 ut
1484 4257 1643 4303 erant
1673 4250 1740 4304 de

162 4340 483 4410 Egyptiaca
534 4340 589 4391 in
622 4337 863 4392 Graecam
896 4339 1136 4405 linguam
1178 4355 1359 4403 versa,
1403 4350 1593 4395 nostro
1621 4358 1737 4396 ser-

163 4446 316 4484 mone
364 4428 602 4487 dictavi.
639 4438 699 4481 ut
745 4438 797 4482 et
832 4430 996 4483 tantis
1042 4429 1175 4484 viris
1209 4431 1631 4498 imperantibus,
1670 4449 1737 4487 nc

159 4526 328 4577 dicam
382 4522 709 4593 rogantibus
760 4521 1083 4588 obedirem,
1130 4531 1187 4576 et
1235 4522 1399 4587 bono,
1457 4532 1514 4577 ut
1563 4527 1735 4589 aiunt,

228 4680 244 4711 ¹
292 4680 522 4735 Scilicet
573 4677 935 4745 paenitentiam
990 4675 1177 4731 Graece
1227 4687 1388 4731 sonat
1439 4677 1731 4732 Metanma.

162 4751 411 4819 Canopus
432 4761 619 4802 autem
647 4750 854 4800 dudum
883 4745 1098 4798 infamis
1120 4747 1403 4819 obluxum
1429 4764 1490 4801 ac
1512 4750 1736 4819 delicias

160 4818 355 4879 insula.
384 4822 657 4873 Metanma
688 4827 879 4872 vocata
903 4828 1005 4879 est,
1034 4818 1319 4871 translatis
1344 4819 1470 4871 illuc
1496 4832 1523 4870 a
1551 4818 1732 4872 Theo-

164 4895 329 4954 philo,
370 4890 453 4943 ιρι
487 4888 695 4971 Εχιοιιιο
735 4888 1151 4971 monaeliis,qui
1198 4890 1578 4971 paenitentiam
1609 4906 1734 4958 egeo
1769 4920 1809 4971 ο

161 4972 273 5013 rent
311 4964 503 5011 vitam.
542 4960 878 5011 Athanasius
928 4960 1210 5027 presbyter
1240 4960 1291 5011 in
1330 4959 1535 5022 libello,
1573 4976 1734 5027 quem

158 5033 388 5084 eoneilio
414 5029 852 5081 Chalcedoneusi
881 5030 1078 5079 obtulit
1108 5031 1373 5081 adversus
1397 5029 1746 5091 Dioscornm,

158 5102 463 5152 Μετάνοιαν
509 5099 849 5166 πριιαστήῖον
879 5098 973 5164 τῆς
1011 5099 1301 5165 μεγίστης.
1336 5098 1746 5167 Ἀλεξανδρείας

158 5175 184 5221 ὁ
210 5174 336 5221 παῤ-ιε
378 5172 649 5229 Rion-.0;
690 5168 1019 5235 καλούμενος
1045 5208 1060 5233 ,
1097 5176 1203 5222 etc.
1251 5170 1510 5221 Metanazo
1552 5170 1742 5221 subur-

157 5245 341 5291 banum
378 5242 635 5291 maximi?
681 5240 827 5291 urbis
862 5240 1238 5307 Alexandriae,
1276 5239 1417 5307 quod
1457 5241 1599 5291 olim
1642 5240 1744 5294 Cu-

160 5326 319 5373 nopm
378 5309 709 5372 tocabatur,
767 5321 874 5363 etc.
931 5306 1067 5363 Vide
1096 5306 1624 5378 etiam'Eunapium
1687 5316 1736 5363 in

161 5381 276 5432 Vua
315 5379 551 5439 .‘Edesii.
600 5381 688 5432 ubi
739 5381 1036 5433 destructis
1088 5379 1293 5451 Canopi
1343 5380 1588 5435 delubris
1621 5398 1732 5435 mu-

161 5455 363 5503 narhos
389 5465 457 5503 eo
496 5451 659 5502 tradit
685 5452 961 5504 induetos.

230 5522 250 5549 ’
279 5520 547 5587 Princeps
574 5523 763 5582 editio,
806 5531 861 5575 et
912 5519 1157 5574 Romana
1204 5537 1294 5574 an.
1334 5519 1474 5574 1580
1506 5537 1725 5576 accura-

159 5591 280 5651 tior,
308 5594 400 5655 qui
436 5607 469 5641 α
514 5589 621 5642 ι)εο
648 5591 741 5642 sub
775 5592 913 5643 hanc
950 5593 1366 5655 institutionem,
1410 5604 1517 5646 etc.

228 5662 249 5690 ³
278 5662 459 5713 Malim
500 5662 841 5732 coueiuniori
869 5677 1055 5727 sensu,
1084 5662 1386 5732 tegendum.

230 5733 251 5759 ⁸
296 5733 601 5784 Cassianus
651 5730 691 5785 1.
727 5747 797 5794 Iv,
855 5749 902 5787 e.
956 5734 1021 5794 1,
1079 5730 1487 5786 Tnbennesiotoa
1552 5746 1726 5787 vocat.

158 5800 358 5855 Nomen
404 5810 748 5860 mutuantur.
780 5821 807 5852 a
847 5804 1104 5857 'l‘ahenua
1161 5807 1336 5857 insula
1373 5806 1423 5855 in
1481 5804 1601 5857 Nilo
1634 5807 1733 5857 llu-

158 5874 381 5927 nuncin
409 5886 519 5942 qua
552 5872 882 5929 Pacbomius
921 5877 1133 5944 insigne
1169 5879 1566 5929 monasterium
1605 5894 1731 5931 con-

1862 2304 2109 2370 pristiuis
2172 2304 2391 2366 studiis.
2450 2314 2505 2358 et
2571 2316 2774 2359 sancta:
2834 2307 3049 2361 femina:
3109 2309 3441 2378 refrigeratis

1861 2396 2128 2458 animam,
2164 2412 2284 2462 qua:
2325 2398 2786 2450 monasteriormn
2843 2414 3060 2467 semper
3108 2416 3295 2455 amore
3347 2403 3443 2454 ﬂa-

1858 2484 2054 2551 gravit,
2080 2493 2134 2537 et
2302 2485 2448 2553 quod
2482 2486 2664 2537 visura
2698 2497 2816 2539 erat
2847 2487 2899 2540 in
2933 2490 3095 2548 caalo.
3132 2490 3218 2543 hic
3248 2492 3300 2544 in
3333 2500 3443 2543 ter-

1861 2576 1935 2627 ris
1967 2575 2228 2628 meditata
2256 2585 2360 2629 est.
2398 2573 2744 2629 Venerabilis
2774 2593 2996 2645 quoque
3019 2579 3171 2646 virgo
3193 2580 3297 2632 filia
3320 2580 3440 2647 ejus

1860 2666 2212 2720 Eustochium
2270 2668 2495 2722 haberet
2548 2671 2695 2736 quod
2746 2671 3033 2724 sororibus
3115 2672 3381 2741 agendum
3420 2672 3444 2704 ⁸

1864 2760 2151 2815 tribueret.
2202 2762 2485 2829 nostrique
2522 2760 2720 2816 fratres
2754 2762 3155 2832 Ᾱῐεςριίοτιιιιι,
3195 2765 3300 2818 hoc
3334 2775 3439 2825 est.

1856 2853 2300 2908 Tahennensium
2338 2853 2359 2885 ‘
2392 2862 2790 2909 monachorum
2846 2864 3097 2926 exempla
3138 2875 3439 2929 sequeren-

1858 2956 1967 3008 tur.
2000 2948 2094 3016 qui
2140 2949 2341 3002 habent
2393 2964 2488 3018 per
2521 2950 2732 3018 singula
2766 2953 3100 3006 monasteria
3145 2963 3349 3020 patres,
3385 2959 3441 3007 et

1854 3038 2281 3109 dispensatores,
2321 3049 2375 3095 et
2423 3041 2907 3104 hebdomadarios.
2950 3058 3014 3095 ac
3050 3045 3351 3107 ministros,
3382 3055 3436 3097 et

1854 3133 2192 3203 singularum
2231 3135 2521 3187 domorum
2578 3132 2924 3203 Praapositos,
2974 3137 3045 3188 ita
3106 3148 3164 3190 ut
3218 3138 3271 3190 in
3329 3154 3436 3191 una

1853 3225 2016 3278 domo
2062 3224 2425 3293 quadraginta
2469 3226 2590 3291 plus
2634 3229 2886 3281 minusve
2922 3226 3119 3282 fratres
3167 3230 3435 3291 habitent,

1854 3318 1946 3387 qui
1990 3318 2249 3371 obediant
2301 3317 2601 3386 Praeposito
2631 3335 2645 3385 ;
2677 3321 2895 3389 sintque
2931 3338 3027 3388 pro
3060 3338 3289 3377 numero
3323 3322 3437 3378 fra-

1854 3421 1997 3464 trum
2040 3411 2288 3480 triginta,
2334 3412 2419 3464 vel
2477 3412 2833 3480 quadraginta
2864 3415 3057 3467 domus
3093 3414 3146 3468 in
3182 3431 3291 3470 uno
3322 3431 3437 3471 mo-

1856 3504 2118 3562 nasterio.
2152 3510 2230 3567 et,
2267 3516 2454 3568 ternae,
2506 3503 2587 3556 vel
2621 3514 2903 3572 quaterme
2942 3506 3138 3558 domus
3182 3510 3232 3559 in
3269 3524 3432 3563 unam

1855 3596 2052 3649 tribum
2102 3594 2465 3660 laederentur,
2504 3604 2564 3649 ut
2600 3599 2679 3649 vel
2715 3598 2779 3648 ad
2819 3613 2983 3665 opera
3019 3600 3179 3652 simul
3214 3602 3432 3661 vadant.

1854 3689 1938 3742 vel
1970 3689 2021 3741 in
2050 3689 2527 3743 hebdomadarum
2552 3691 2853 3745 ministerio
2879 3694 2981 3746 sibi
3008 3695 3305 3748 succedant
3336 3711 3434 3765 per

1852 3780 2123 3835 ordinem.

1924 3872 1946 3905 ⁸
1976 3873 2317 3942 Quicumque
2355 3885 2535 3928 autem
2573 3878 2969 3931 monasterium
3010 3881 3219 3945 primus
3247 3881 3427 3950 ingre-

1851 3964 2043 4027 ditur,
2101 3963 2309 4033 primus
2372 3964 2548 4027 sedet,
2606 3969 2818 4034 primus
2876 3969 3152 4033 ambulat,
3219 3974 3430 4039 primus

1851 4058 2123 4123 psalmum
2154 4057 2289 4109 dicit
2319 4058 2364 4122 ⁸,
2410 4058 2617 4124 primus
2652 4060 2704 4111 in
2745 4074 2991 4113 mensam
3034 4063 3280 4116 extendit
3315 4079 3429 4116 ma-

1852 4163 2006 4211 num,
2044 4150 2193 4215 prior
2225 4148 2279 4201 in
2307 4147 2551 4204 Ecclesia
2594 4152 3010 4216 communicat;
3044 4170 3142 4207 nec
3169 4165 3308 4208 aetas
3341 4156 3427 4211 iu-

1852 4250 1934 4295 ter
1971 4256 2062 4294 eos
2104 4242 2386 4310 quan-itur,
2431 4240 2524 4295 sed
2562 4244 2853 4311 professio.

1916 4331 1971 4385 4.
2008 4329 2152 4384 Nihil
2202 4331 2403 4385 habent
2440 4332 2493 4385 in
2536 4334 2749 4388 cellulis
2792 4346 2988 4404 prater
3033 4339 3330 4406 psiatliium
3376 4351 3427 4394 et

1846 4440 1969 4494 qua:
2030 4425 2170 4479 intra
2232 4427 2438 4494 scripta
2505 4438 2632 4480 sunt
2665 4427 2702 4491 ⁸,
2742 4429 2849 4481 duo
2881 4429 3199 4485 lcbitouaria
3236 4436 3426 4503 (quod

1847 4517 2118 4589 Egyptiis
2147 4518 2431 4573 monachis
2473 4535 2646 4589 genus
2694 4522 3006 4577 vestimenti
3046 4536 3126 4578 est
3160 4527 3279 4581 sine
3313 4545 3428 4580 ma-

1846 4676 2172 4754 diderat,_ex
2203 4692 2312 4754 quo
2344 4676 2554 4746 reliqua
2589 4679 2830 4754 eiusdem
2875 4672 3146 4754 instituti,
3176 4686 3330 4754 quasi
3362 4702 3427 4740 ex

1849 4748 2160 4815 metropdli,
2193 4748 2380 4802 excisa
2428 4762 2581 4802 sunt.
2630 4750 2748 4804 Vid.
2794 4750 3124 4818 Palladium,
3168 4748 3221 4809 et
3262 4760 3430 4810 δοιο-

1848 4833 2091 4871 menum.

1918 4888 1938 4918 ⁸
1961 4889 2100 4941 Olim
2131 4904 2327 4956 nempe
2358 4890 2558 4959 psalmi
2599 4904 2705 4944 non
2746 4894 3027 4961 utrimque
3077 4895 3308 4950 invicem
3342 4901 3429 4951 in-

1853 4967 1935 5011 ter
1988 4962 2308 5023 monachos,
2371 4966 2482 5013 sive
2536 4962 2767 5015 clericos
2826 4966 3107 5017 decaniari
3144 4974 3238 5021 toti
3285 4972 3427 5021 sole-

1850 5031 2001 5085 haut.
2058 5039 2113 5081 ut
2150 5031 2312 5082 hodie
2344 5028 2441 5093 ﬁt;
2477 5032 2572 5084 sed
2622 5033 2819 5101 singuli
2856 5050 2884 5086 a
2923 5034 3175 5103 singulis,
3221 5053 3274 5091 ut
3321 5058 3426 5093 uno

1848 5102 2113 5161 psalmum
2140 5112 2373 5151 canente.
2401 5116 2467 5153 ex
2494 5103 2713 5164 ordine,
2749 5106 2931 5157 cmtcri
2963 5102 3179 5159 summo
3210 5111 3427 5163 silentio

1842 5170 2239 5245 auscultarent.
2286 5167 2405 5245 Vid.
2439 5187 2557 5238 quze
2598 5175 2650 5225 in
2687 5176 2847 5242 epist.
2888 5176 2988 5230 125
3021 5180 3086 5228 ad
3122 5177 3425 5245 Rusticum,

1842 5255 1995 5291 ntnu.
2026 5240 2114 5302 15,
2158 5244 2221 5293 ad
2232 5244 2556 5294 notavimus.

1912 5311 1931 5340 ⁶
1969 5308 2113 5371 Haec,
2152 5324 2200 5362 et
2241 5315 2549 5381 qua:_iu/‘rn
2594 5316 2795 5381 scripta
2831 5329 2977 5378 sunt,
3035 5329 3245 5373 veteres
3295 5322 3421 5375 editi

1850 5396 1955 5459 non
1991 5394 2318 5449 agnoscunt.
2352 5379 2536 5459 Porro
2560 5379 2884 5459 fastidium»
2918 5391 3048 5455 quid
3089 5396 3270 5453 lttct'it,
3306 5403 3423 5459 post

1846 5451 2195 5504 lioSWenluut
2242 5469 2303 5503 ac
2350 5451 2667 5506 Munardunt
2721 5451 3040 5512 Holsteuius
3078 5466 3128 5513 in
3182 5451 3423 5515 lndtcnlo

1846 5534 2001 5601 notat
2031 5562 2045 5584 ,
2085 5521 2333 5575 Stut'eaut
2366 5539 2559 5601 ueinpe
2580 5540 2644 5577 ex
2672 5527 2864 5591 junco,
2912 5532 3026 5583 sive
3060 5548 3261 5601 papyro
3290 5549 3424 5586 eou-

1843 5595 2062 5654 l'crtaan,
2098 5610 2200 5660 qna
2254 5609 2349 5660 pro
2387 5594 2528 5645 lecto
2576 5607 2669 5647 aut
2718 5604 2962 5659 stragulo
3000 5594 3251 5654 inonaihi
3311 5616 3423 5655 nte—

1844 5611 2062 5654 Icrtaau,
2098 5611 2200 5714 ira
2254 5611 2349 5660 pro
2387 5611 2528 5645 teuto
2576 5611 2669 5647 aut
2718 5611 2962 5659 stragulo
3000 5611 3251 5654 mortalin
3311 5616 3423 5655 nte—

1844 5667 2066 5715 hautur.
2158 5666 2519 5716 cbitonartuin
2556 5665 2760 5718 Glossu:
2804 5668 3161 5724 Uolrﬁum'e'.
3197 5672 3423 5726 Calabe-

1842 5737 1979 5785 rium
2027 5738 2471 5798 interpretantur.
2509 5734 2760 5789 Cassiani.
2800 5737 2836 5790 1.
2878 5756 2912 5794 ι.
2954 5760 3001 5794 c.
3043 5746 3098 5802 ὃ,
3146 5744 3424 5813 Algyptms

1845 5809 2144 5856 monachos
2192 5808 2533 5863 demi-Ibem,
2571 5826 2585 5852 ι
2621 5810 2883 5867 (lutoliiis,
2924 5816 3118 5878 inquit.
3156 5804 3309 5868 huius
3341 5817 3419 5866 in-

1844 5880 1981 5937 duti,
2012 5891 2132 5943 qua:
2167 5892 2249 5929 le
2287 5882 2349 5928 ad
2385 5876 2641 5928 ιιιὼιιυιιι
2669 5900 2696 5927 ιι
2739 5879 2769 5929 i.
2815 5896 2842 5930 υ
2879 5876 3217 5951 υκιιήιιιςιιιι..
3254 5898 3421 5940 inuitas
