4212 6448
791 409 857 467 h'l
1954 400 2013 460 S.
2058 400 2371 461 EUSEBII

2481 400 2861 463 lEltONYMI
4000 403 4072 463 65’

794 520 952 591 nit-is)
990 528 1043 573 et
1090 534 1257 571 unum
1300 520 1411 588 jam
1449 519 1697 574 attritum
1741 519 1806 573 ad
1842 520 2246 583 dormiendum,
2284 524 2369 574 vel
2398 522 2444 581 Α
2474 530 2659 589 caput.
2696 521 2789 590 qni
2841 520 3050 574 habitat
3084 520 3141 573 in
3177 521 3520 574 monasterio
3555 519 3746 573 diebus
3777 516 4006 571 Paschie
4056 538 4065 567 :

791 613 1131 686 operantium
1158 630 1171 677 ;
1197 624 1250 667 et
1270 615 1529 668 amictum
1556 614 1785 675 lineum,
1811 615 2167 685 cucullosque
2189 615 2329 669 duos
2354 631 2367 680 ;

789 720 841 761 et
894 708 1177 775 caprinatu
1237 706 1564 778 pelliculam,
1622 720 1790 773 quam
1838 706 2076 761 meloten
2132 716 2367 774 vocant;

793 801 1091 855 balteolum
1168 801 1407 866 lineum,
1458 808 1512 854 et
1564 799 1790 872 gallicas
1823 798 1937 873 [ΑΙ.
1998 802 2253 875 caligas].
2310 818 2371 857 ac

793 892 1051 948 bacillum
1083 892 1297 947 itineris
1321 893 1559 948 socium.

866 986 920 1040 5.
969 984 1322 1053 Aigrotantes
1350 986 1507 1040 miris
1538 995 1922 1042 sustentantur
1970 988 2275 1055 obsequiis,
2322 998 2369 1042 et

791 1082 858 1136 ad
908 1096 1125 1135 onmem
1163 1083 1376 1151 copiam
1414 1082 1740 1152 praeparatis
1786 1084 1926 1139 cibis
1962 1100 1979 1140 :
2015 1085 2134 1137 sani
2174 1083 2371 1152 majori

793 1176 997 1245 potlcnt
1044 1174 1397 1230 abstinentia.
1451 1174 1543 1230 Bis
1584 1176 1637 1229 iit
1670 1176 2035 1242 hebdomade,
2070 1189 2269 1245 quarta
2318 1188 2374 1231 et

791 1277 943 1322 sexta
1004 1268 1113 1339 55
1171 1269 1381 1323 sabbati
1418 1269 1487 1323 ab
1517 1270 1773 1325 omnilms
1807 1269 2107 1339 jejunatnr,
2145 1283 2373 1333 excepto

792 1373 1041 1430 tempore
1065 1362 1290 1416 Pascha:
1317 1373 1370 1417 et
1394 1362 1770 1418 Pentecostes.
1803 1362 1939 1416 Aliis
1975 1362 2171 1417 diebus
2194 1380 2375 1417 eome-

792 1456 926 1509 dunt
960 1454 1052 1520 qui
1085 1456 1275 1508 volunt
1320 1464 1443 1523 post
1487 1456 1770 1509 meridiem
1806 1469 1820 1505 :
1857 1463 1908 1507 et
1938 1456 1991 1508 in
2021 1470 2184 1513 caena
2220 1455 2373 1508 sitni-

793 1547 916 1598 liter
952 1560 1142 1599 mensa
1192 1545 1432 1614 ponitur,
1470 1558 1692 1615 propter
1726 1546 2077 1615 laborantes,
2109 1564 2287 1611 senes,
2321 1561 2375 1602 et

794 1651 1016 1704 pueros,
1046 1648 1325 1705 aestusque
1358 1639 1741 1707 gravissimos.
1791 1641 1934 1693 Sunt
1985 1642 2074 1708 qui
2133 1644 2375 1696 secundo

798 1744 987 1797 parum
1018 1730 1357 1793 comedunt;
1394 1730 1487 1783 alii
1524 1732 1614 1798 qui
1652 1732 1888 1798 prandii,
1921 1734 2034 1785 sive
2066 1747 2237 1786 omne?
2267 1748 2376 1785 uno

796 1831 1006 1875 tantum
1044 1824 1169 1875 cibo
1204 1823 1458 1876 ecutenti
1502 1836 1650 1877 sunt.
1699 1822 1958 1877 Noouubi
1994 1835 2212 1893 gustato
2246 1842 2374 1893 pan-

796 1914 960 1965 tulum
1004 1928 1145 1983 pane
1179 1914 1560 1980 egrediuntur.
1590 1914 1792 1968 Omnes
1819 1915 2022 1984 pariter
2054 1917 2369 1969 eumeiluut.

793 2004 897 2069 Qui
932 2006 996 2057 ad
1029 2020 1274 2058 mensam
1312 2005 1392 2059 ire
1421 2006 1678 2068 noluerit,
1721 2009 1775 2060 in
1818 2008 2010 2061 eellnla
2044 2022 2140 2062 Sua
2174 2025 2370 2078 panem

796 2110 1008 2151 tantum
1059 2109 1111 2151 et
1152 2114 1375 2165 aquam,
1424 2115 1487 2152 ac
1520 2099 1687 2153 salem
1741 2102 1960 2170 accipit,
2019 2103 2134 2156 sive
2178 2104 2231 2156 in
2265 2121 2373 2157 uno

792 2196 878 2245 ilie
908 2192 1164 2253 voluerit,
1198 2192 1313 2245 sive
1337 2193 1392 2245 in
1428 2192 1595 2243 hiilno
1626 2194 1669 2243 ί.

864 2287 915 2339 6.
962 2283 1180 2338 Fratres
1231 2283 1477 2351 ejusdem
1515 2286 1650 2340 artis
1702 2284 1757 2338 in
1809 2302 1971 2340 tinam
2020 2287 2241 2340 demum
2272 2289 2373 2340 sub

794 2393 903 2430 tim)
947 2376 1238 2446 praeposito
1279 2389 1732 2447 congregantur:
1769 2380 1919 2433 verbi
1944 2382 2142 2447 gratia,
2182 2394 2237 2433 ut
2278 2383 2368 2446 qui

795 2480 991 2523 texunt
1034 2472 1141 2522 lina
1182 2470 1293 2524 sint
1326 2469 1567 2538 pariter;
1599 2470 1692 2537 qui
1729 2480 1950 2532 maltas,
2002 2472 2055 2523 in
2088 2488 2252 2525 uuam
2289 2488 2373 2527 re-

795 2572 1056 2627 putautnr
1099 2560 1401 2625 iamiliam;
1440 2564 1833 2624 sarcinatores,
1866 2564 2217 2631 carpentarii,
2262 2564 2371 2617 l'ul-

793 2656 964 2717 luues,
1000 2652 1265 2723 gallicarii
1311 2668 1559 2708 seorsum
1597 2670 1625 2707 a
1658 2657 1776 2709 suis
1825 2656 2133 2724 praepositis
2176 2660 2374 2723 guber-

793 2754 990 2797 nantur
1038 2760 1053 2797 :
1099 2753 1152 2799 et
1210 2760 1307 2814 per
1361 2744 1606 2815 singulas
1666 2745 2034 2801 hebdomadas
2088 2750 2371 2801 ratiocinia

792 2853 1020 2907 operum
1071 2853 1300 2891 suorum
1352 2840 1417 2891 ad
1464 2838 1682 2893 Patrem
1736 2841 2055 2895 monasterii
2108 2841 2369 2895 referunt.

861 2930 913 2985 7.
932 2928 1188 2984 Omnium
1210 2932 1666 2986 monasteriorum
1690 2934 1941 3002 print-ens
1961 2950 2128 2988 unum
2148 2936 2376 2989 habetur

794 3090 858 3159 de
882 3085 1112 3159 reliquo
1143 3085 1542 3159 circumferunt
1569 3103 1798 3159 manus.
1847 3108 1863 3139 ι
1904 3088 2025 3141 Vid.
2070 3090 2210 3144 infra
2247 3108 2369 3159 cap.

794 3155 883 3208 11.
948 3156 1020 3209 De
1066 3155 1258 3209 Melote
1321 3168 1503 3212 autem
1565 3158 1768 3211 Paulus
1826 3161 2093 3214 diaconus
2153 3155 2375 3217 nomine

2475 616 2715 684 exceptis
2746 615 2833 669 bis
2859 616 2951 685 qui
2994 615 3049 669 in
3082 616 3422 669 monasterio
3471 613 3770 667 necessarii
3803 623 3953 670 sunt,
4004 614 4069 661 ad

2477 709 2629 760 illum
2666 723 2859 763 omnes
2893 719 3322 780 congregantur,
3360 717 3417 759 tit
3450 706 3849 775 quinquaginta
3894 704 4069 756 IIIiIIlJ

2475 800 2591 855 fere.
2620 801 2911 856 hominum
2946 802 3233 858 Passionis
3265 800 3564 855 Dutuinica‘.
3600 797 3709 869 56
3739 797 3907 853 simul
3932 796 4075 851 ceie-

2479 894 2639 948 brent
2669 893 3050 949 festivitatem.

2546 986 2601 1039 8.
2638 986 2842 1050 Mense,
2870 988 2959 1043 cui
3000 988 3325 1043 vocabulum
3362 997 3451 1043 est
3481 987 3711 1049 Mesore,
3748 985 3800 1039 id
3843 994 3927 1036 est
3962 986 4075 1035 Au-

2476 1090 2657 1149 gusto,
2695 1083 2869 1136 instar
2900 1080 3120 1136 Jubilzri
3175 1081 3521 1137 t‘etniSs‘ionis
3562 1082 3681 1134 dies
3712 1091 4072 1137 exercentur.

2476 1185 2534 1230 et
2570 1187 2795 1247 pecrata
2821 1178 3083 1232 onmibus
3107 1178 3486 1241 dimittuntur,
3525 1176 3998 1243 reconciliantqu
4027 1192 4076 1219 re

2477 1272 2580 1325 sibi
2611 1271 2705 1341 qui
2762 1272 3003 1340 aliquam
3042 1272 3355 1326 habuerant
3409 1272 3856 1335 simultatem;et
3888 1268 4076 1336 disp-w-

2478 1376 2688 1419 ttttntur
2725 1366 3190 1420 monasteriorum
3220 1365 3421 1432 capita.
3457 1364 3900 1433 dispensatores.
3937 1378 4075 1429 pia:-

2480 1453 2665 1517 positi,
2702 1453 2967 1517 ministri,
3002 1465 3162 1522 prout
3194 1456 3495 1508 necessitas
3539 1454 3853 1522 postularit.

2551 1546 2606 1598 9.
2641 1545 2807 1598 Aiunt
2840 1542 3022 1601 autem
3073 1546 3291 1601 Thebmi
3321 1548 3463 1618 quod
3500 1547 3821 1609 Pachomio,
3856 1544 4074 1600 Corne-

2482 1635 2662 1702 lioque
2708 1644 2762 1688 et
2794 1634 2953 1704 Syro,
2990 1635 3081 1705 qui
3137 1652 3308 1704 usque
3363 1636 3526 1692 hodie
3576 1638 3715 1691 ultra
3760 1646 3983 1690 centum
4025 1648 4078 1687 ei.

2479 1726 2668 1778 d~.-eem
2704 1743 2876 1780 annos
2901 1730 3081 1781 vivere
3112 1727 3339 1787 dicitur.
3372 1730 3599 1798 angelus
3635 1729 3834 1797 linguae
3873 1734 4073 1799 mysti-

2482 1834 2559 1871 εω
2594 1819 2879 1871 8(’1ι⁹111131η
2922 1820 3154 1885 dederit,
3197 1831 3253 1874 ut
3290 1822 3593 1875 scriberent
3628 1823 3755 1887 sibi,
3790 1831 3846 1874 et
3884 1821 4077 1889 loque-

2487 1925 2676 1966 rentur
2708 1930 2801 1981 ιιςϊ
2837 1913 3191 1977 alphabetum
3239 1913 3496 1982 speciale,
3524 1914 3697 1980 signis
3735 1915 4074 1982 quibusdam

2482 2019 2534 2060 et
2577 2008 2841 2079 symbolis
2889 2008 3248 2062 absconditos
3306 2024 3505 2061 sensus
3558 2009 3842 2061 involvens
3882 2026 3896 2060 :
3934 2025 4075 2077 quas

2484 2117 2603 2173 nos
2637 2102 2911 2169 bpistulas
2945 2102 2963 2129 ²
2998 2102 3068 2156 ita
3122 2111 3181 2155 ut
3210 2104 3350 2170 apud
3406 2100 3692 2171 ngyptios
3737 2099 4078 2168 Greeosilne

2484 2196 2759 2261 leguntur.
2793 2194 2846 2247 itt
2877 2204 3122 2248 nostram
3174 2194 3415 2261 linguam
3452 2195 3742 2256 vertimus,
3776 2195 3974 2248 eadem
4020 2206 4076 2248 ut

2483 2288 2787 2355 reperimus
2813 2289 3086 2340 elementa
3114 2298 3398 2355 ponentes,
3432 2298 3485 2341 et
3510 2302 3618 2356 qua
3650 2287 4073 2355 simplicitatem

2482 2378 2728 2447 Aigyptii
2771 2381 3045 2434 sermonis
3094 2381 3294 2433 imitati
3332 2396 3549 2445 sumus,
3597 2382 4075 2451 interpretationis

2483 2471 2617 2523 li-Jes
2643 2478 2725 2525 est
2760 2486 2775 2523 :
2814 2486 2879 2524 ne
2923 2470 3071 2525 viros
3099 2472 3434 2540 apostolicos
3473 2484 3527 2528 et
3571 2482 3714 2527 totos
3743 2474 3936 2542 gratia:
3964 2476 4077 2541 Spi-

2482 2564 2659 2615 ritalis
2686 2577 2867 2617 sermo
2902 2563 3212 2618 rhetoricus
3246 2565 3580 2619 immutaret.
3635 2566 3844 2618 (Latera
3883 2577 4070 2617 autem

2482 2667 2605 2724 qua:
2632 2670 2683 2705 ιιι
2710 2669 2899 2707 eorum
2926 2656 3249 2711 "aetatibus
3278 2658 3632 2711 continentur
3666 2657 3953 2726 praelibare
3980 2675 4080 2711 no-

2484 2749 2578 2812 lui,
2609 2757 2666 2800 ιιι
2701 2750 2753 2800 in
2786 2750 2903 2801 suis
2930 2750 3220 2803 diseantur
3248 2752 3605 2810 auctoribus;
3638 2760 3693 2803 et
3722 2754 3787 2805 de
3822 2749 4075 2804 Iontibn.

2486 2852 2672 2909 points
2713 2858 2879 2909 quam
2916 2842 2981 2893 de
3016 2843 3205 2898 rivulis
3255 2844 3467 2908 bibant,
3522 2859 3663 2913 quos
3700 2856 3908 2897 sanetae
3944 2860 4049 2897 con

2485 2938 2823 2990 vezsatinuis
2850 2938 3031 2991 studia
3064 2938 3355 2991 delectant.

2483 3094 2627 3159 quod
2659 3094 2889 3163 proprie
2918 3097 3313 3150 monachorum
3356 3099 3604 3165 oesignat
3638 3095 3911 3158 habitum,
3953 3095 4071 3148 Μιε-

2488 3166 2652 3217 lotem
2699 3167 2973 3234 appellare
3002 3168 3291 3230 debemus,
3322 3170 3465 3220 sient
3496 3178 3548 3220 et
3578 3170 3845 3220 hactenus
3878 3169 3935 3218 in
3971 3169 4073 3218 liae

793 3228 1155 3304 'l‘beudemari
1183 3228 1397 3304 abbatis
1423 3232 1487 3304 ad
1513 3228 1768 3281 Cat'oluni
1795 3230 2048 3304 Magnum
2076 3233 2234 3304 scrib:
2259 3249 2320 3285 ns
2354 3253 2365 3287 :
2398 3240 2441 3298 C
2479 3228 2817 3303 provinciae
2850 3238 3177 3304 quibusdam
3214 3228 3466 3292 vocatur.
3508 3254 3526 3286 ο

798 3315 815 3343 ι
870 3295 1041 3370 llltnl,
1087 3298 1287 3363 inquit.
1341 3300 1745 3370 vestimentum,
1804 3303 1948 3370 quod
1998 3317 2026 3353 a
2070 3301 2369 3358 Ga‘lieatt's

794 3369 1079 3420 monachis
1106 3370 1320 3421 cuculIa
1349 3368 1571 3431 dicitur,
1612 3384 1665 3424 et
1698 3388 1728 3421 ll
1756 3390 1796 3425 is
1824 3368 2044 3439 'eapam
2083 3392 2367 3440 vocamus,

2552 3306 2569 3331 ⁷
2603 3305 2851 3358 llnlsten.
2907 3308 3015 3359 sive
3049 3318 3162 3373 post
3196 3312 3437 3361 biduum.

2552 3373 2573 3402 '
2612 3374 2741 3429 liols
2771 3394 2884 3435 en..
2916 3379 3007 3431 sed
3034 3378 3174 3432 forte
3203 3378 3658 3449 typographorum
3690 3376 3913 3443 mendo,
3940 3394 4073 3434 non.

2160 3750 2426 3863 ΒΕΘ
2449 3751 2719 3865 ULA

1112 3991 1537 4084 PATRIS
1610 3995 2050 4086 NOSTRI
2144 3996 2743 4089 PACHOMII
2858 3998 3391 4093 HOMINIS
3476 4006 3722 4125 DEI,

1452 4186 1565 4259 Qui
1619 4185 1900 4248 fundavit
1930 4188 2476 4251 conversationem
2543 4191 3047 4254 cmuobioruma
3097 4194 3405 4277 principio

2073 4334 2189 4393 per
2242 4318 2601 4379 mandatum
2657 4319 2783 4381 Dei.

1862 4633 2283 4699 EXORDIUM
2368 4641 3007 4705 PRIECEP'I'ORUM.

871 4949 975 5021 57
1016 4950 1054 5004 Ι.
1084 4948 1184 5016 Qui
1217 4948 1375 5005 rudis
1420 4949 1472 5004 in
1512 4951 1801 5005 collectam
1852 4964 2171 5009 sanctorum
2207 4957 2386 5023 ittgt‘e—
2421 4966 2460 5018 D
2493 4978 2652 5029 quam
2694 4963 3101 5020 Levitonarium
3138 4978 3356 5033 vocant,
3407 4972 3696 5043 diligenter
3736 4985 4073 5052 εειτξηςεημ,

800 5045 965 5107 tlitur,
997 5052 1051 5096 et
1084 5058 1245 5111 quem
1281 5059 1377 5111 per
1406 5044 1652 5097 ordinem
1674 5044 1881 5113 ianitor
1916 5047 1987 5100 ab
2026 5051 2169 5103 ostio
2199 5068 2385 5104 mona-

803 5136 951 5187 sterii
996 5135 1384 5192 introduxerit.
1422 5146 1476 5187 ct
1525 5137 1716 5189 sedere
1768 5136 1961 5191 iecerit
2012 5141 2061 5192 itt
2111 5155 2383 5196 convmtltt

804 5229 1054 5289 fratrum,
1094 5242 1201 5279 non
1240 5232 1287 5281 ei
1329 5227 1510 5281 licebit
1553 5230 1775 5283 sedendi
1800 5235 1980 5283 locum
2024 5235 2104 5287 vel
2134 5235 2380 5287 ordino-ni

801 5326 1168 5380 iomtnutare,
1196 5316 1370 5370 donee
1409 5334 1530 5370 eum
1556 5320 1850 5374 transferat
1886 5314 2162 5388 Totihi'oe,
2198 5326 2247 5378 id
2278 5340 2382 5387 est,

805 5411 1128 5477 pra-positus
1170 5412 1365 5463 domus
1409 5426 1540 5471 suas.
1576 5414 1640 5465 ad
1670 5413 1847 5467 locum
1902 5415 1995 5483 qui
2039 5419 2083 5468 ei
2124 5416 2227 5470 rite
2294 5421 2386 5471 de-

805 5503 982 5557 Ilt'llll'.

880 5597 941 5649 ll.
978 5596 1199 5650 Sedebit
1241 5605 1421 5649 autem
1464 5613 1586 5649 eum
1629 5598 1775 5649 omni
1809 5597 2005 5652 decore
2046 5599 2387 5655 et‘mansne-

806 5685 1027 5749 tudine;
1072 5687 1495 5753 pelliculamqne
1536 5700 1699 5753 super
1763 5685 2054 5740 humerum
2087 5704 2235 5758 geret
2269 5711 2280 5743 :
2323 5711 2385 5745 ex

808 5780 975 5833 latere
1014 5785 1067 5826 et
1103 5774 1342 5827 inferiori
1391 5786 1542 5843 parte
1569 5760 1809 5831 subdens
1844 5780 2099 5836 natibus:
2145 5794 2195 5833 rt
2226 5788 2387 5837 νυκιὶ-

810 5877 1073 5930 mentum,
1119 5868 1169 5920 id
1198 5878 1301 5931 est,
1345 5878 1585 5923 tunicam
1632 5871 1829 5925 lineam
1867 5875 2076 5943 absque
2137 5890 2386 5945 mantus,

2495 5055 2564 5105 ita
2605 5067 2663 5107 ut
2702 5072 2878 5121 gentia
2904 5071 3131 5126 oper-tat.

2566 5147 2654 5202 IlI.
2690 5150 2937 5218 Cumque
2967 5154 3199 5209 audierit
3242 5172 3437 5211 voci-.m
3488 5168 3629 5212 tuba?
3655 5165 3719 5212 a-I
3774 5164 4068 5216 collectam

2492 5239 2760 5301 vocantis,
2806 5242 2988 5294 statim
3045 5245 3355 5310 egrediatur
3432 5248 3681 5302 cellulam
3751 5267 3928 5311 suam,
4015 5262 4073 5303 (ἰ-

2490 5330 2777 5398 διῖιίριιιιί,
2821 5333 3027 5403 aliquid
3063 5337 3331 5395 meditatis
3366 5356 3539 5411 usque
3565 5343 3630 5394 ad
3673 5344 3873 5397 ostium
3940 5370 4067 5399 wu-

2488 5426 2769 5479 venticuli.

2562 5515 2647 5567 IV.
2683 5517 2745 5571 Et
2781 5522 3002 5586 quando
3035 5522 3087 5574 itt
3124 5523 3242 5578 loco
3291 5526 3543 5583 collectae
3584 5534 3812 5600 coeperit
3874 5535 4070 5588 amba-

2489 5606 2624 5669 lare,
2659 5618 2713 5660 ut
2744 5609 2809 5661 ad
2845 5615 3019 5664 locum
3057 5614 3282 5669 sedendi
3342 5621 3637 5690 Standiqne
3672 5625 3978 5692 perveniat,
4006 5646 4068 5679 ne

2491 5698 2569 5750 vel
2606 5713 2792 5765 parum
2828 5704 3016 5757 damni
3055 5707 3104 5757 in
3145 5710 3482 5763 utetiasterio
3517 5728 3581 5764 ex
3620 5714 3847 5769 alterius
3887 5733 4067 5770 veniat

2493 5792 2835 5859 ttegiigentia.

2570 5884 2625 5935 ν.
2658 5891 2750 5939 ':.~.::
2798 5901 2975 5943 autem
3022 5909 3179 5947 noete
3209 5896 3419 5964 signum
3453 5898 3776 5961 insonuerit.
3816 5920 3879 5959 tte
3906 5918 4069 5962 stete-
