4212 6454
815 429 881 494 71
1989 431 2048 489 S.
2083 430 2393 489 EUSEBII
2431 431 2861 489 IIIERON‘YMI
4009 429 4073 492 72

802 558 1035 613 quisque
1072 543 1267 594 habeat
1306 541 1700 595 necessarium.
1723 541 1978 596 Codieem
2012 544 2057 596 si
2089 543 2152 594 ad
2199 542 2382 609 legcn-
2410 551 2453 602 Α
2485 554 2672 610 erogat
2722 543 2983 599 fratribus
3017 546 3338 616 tragemalia
3385 543 3427 606 ⁵,
3478 543 3530 597 in
3558 542 3853 598 tribuendo
3901 546 4044 599 medi

803 638 933 690 dum
971 638 1244 703 petierint,
1268 636 1573 699 accipiant;
1603 646 1656 688 et
1687 637 1838 688 finita
1871 634 2230 708 hebdomade,
2258 649 2383 702 pro-

805 738 926 793 pter
964 742 1060 777 tet-5
1097 726 1188 791 qui
1223 724 1529 778 succedunt
1559 725 1612 778 in
1650 723 2044 786 ministerium,
2084 736 2188 775 suo
2222 723 2385 776 resti-

806 826 960 868 tuant
994 818 1131 868 loco.

878 909 1068 966 XXVI.
1102 912 1156 966 Si
1192 924 1385 966 mattas
1415 911 1814 980 operabuutur,
1875 912 2251 983 interrOgatur
2279 910 2383 964 mia

807 1007 977 1059 uister
1008 1005 1074 1059 ad
1113 1022 1398 1075 vesperum
1431 1005 1756 1076 praepositos
1785 1005 1801 1036 ¹
1829 1007 2116 1060 domorum
2142 1004 2384 1075 singula-

806 1115 925 1152 rum
944 1101 1143 1168 quibus
1163 1102 1451 1166 juncorum
1481 1101 1714 1170 singulis
1734 1100 1987 1155 domibus
2007 1101 2380 1156 necessarium

812 1195 878 1241 sit
916 1208 930 1255 ;
963 1203 1017 1243 et
1057 1191 1136 1244 sic
1174 1189 1421 1244 infundet
1445 1190 1667 1259 juncos,
1699 1201 1753 1246 et
1797 1207 1955 1246 mane
1990 1207 2084 1261 per
2137 1192 2381 1246 ordinem

806 1284 1100 1350 unicuique
1135 1283 1358 1338 tribttet.
1405 1283 1468 1336 Et
1497 1284 1543 1338 si
1584 1299 1744 1338 mane
1768 1283 1964 1337 viderit
1995 1284 2112 1338 aliis
2167 1299 2386 1352 quoque

797 1375 1131 1443 jcmcisnpus
1159 1393 1300 1438 csse,
1331 1375 1712 1436 infundeteos,
1753 1384 1808 1429 et
1836 1376 1899 1428 ad
1927 1375 2170 1443 singulas
2189 1375 2385 1431 domos

805 1468 1044 1534 perferet
1081 1474 1288 1526 tumltu,
1321 1469 1494 1522 donec
1540 1469 1755 1536 signum
1815 1468 2071 1520 vesrendi
2111 1469 2380 1537 increpet.

875 1557 1092 1612 XXVII.
1125 1559 1457 1628 Prmpositus
1488 1561 1709 1622 domus,
1740 1561 1831 1628 qui
1871 1559 2059 1628 implet
2089 1561 2386 1614 hebdoma-

803 1651 950 1712 dam,
981 1663 1034 1703 et
1063 1653 1201 1705 alius
1225 1653 1315 1718 qui
1347 1660 1634 1706 venturam
1670 1652 1959 1721 suscipiet,
1995 1653 2383 1722 principesque

805 1743 1123 1794 monasterii
1163 1741 1441 1796 habebunt
1481 1758 1670 1796 curam
1741 1743 1958 1798 videndi
2008 1743 2140 1812 quid
2201 1744 2384 1812 operis

805 1843 1230 1898 praeteritussum
1265 1836 1334 1886 sit
1367 1836 1449 1889 vel
1494 1833 1799 1902 neglectum
1836 1852 1850 1898 ;
1891 1843 1944 1886 et
1972 1837 2150 1888 excuti
2180 1835 2385 1889 facient

2489 645 2631 689 tctur
2665 636 2872 699 aliquid
2899 638 2966 692 de
2998 638 3323 708 Scripturis.

2557 726 2850 783 XXXVIII.
2882 728 2985 793 Qui
3013 732 3242 798 suSt-ipit
3294 747 3355 785 ea
3413 747 3532 799 quae
3567 732 3787 790 dantur,
3850 744 3958 782 non
4019 728 4069 778 in

2487 822 2719 884 cucullo,
2751 823 2843 877 sed
2890 822 2944 876 in
2981 825 3116 891 pelle
3139 827 3406 894 accipiat;
3460 841 3635 893 neque
3665 824 3906 896 gustabit
3939 833 4063 874 ante

2487 916 2554 970 de
2588 916 2671 970 his
2697 932 2816 985 quae
2843 917 3138 987 acceperit,
3182 920 3358 973 donec
3384 919 3452 973 ad
3509 920 3729 973 domum
3759 916 4062 986 perveniat.

2560 1003 2804 1060 XXXIX.
2848 1006 2971 1076 Ipse
3003 1019 3208 1066 autem.
3249 1010 3341 1077 qui
3385 1009 3596 1062 caeteris
3629 1006 3857 1065 dividet.
3896 1021 4054 1059 suam

2488 1107 2697 1166 partem
2737 1115 2766 1151 a
2801 1100 3094 1169 przeposito
3121 1101 3370 1170 accipiet.
3421 1099 3576 1168 Quod
3614 1107 3666 1152 et
3694 1100 3874 1153 caeleri
3909 1098 4070 1150 mini-

2489 1189 2588 1242 stri
2614 1188 2809 1243 faciant
2850 1192 3177 1260 accipientes
3209 1191 3276 1244 ab
3310 1192 3444 1255 alin,
3485 1201 3540 1245 et
3576 1189 3648 1242 nil
3699 1189 3801 1244 sibi
3848 1204 3953 1240 suo
3988 1203 4072 1238 ar-

2491 1280 2655 1334 bitrio
2680 1281 3046 1336 vindicantes.
3074 1280 3144 1335 Ea
3175 1297 3296 1350 quze
3328 1282 3658 1350 acceperint,
3697 1296 3788 1348 per
3817 1280 4065 1332 triduum

2490 1374 2568 1426 eis
2593 1371 2904 1428 sufﬁcient:
2939 1377 3059 1430 etsi
3099 1375 3184 1429 cui
3238 1375 3512 1430 residuum
3550 1373 3732 1437 fuerit,
3774 1372 4074 1440 reportubit

2491 1465 2556 1518 ad
2594 1466 2941 1535 prapositum
2973 1467 3188 1526 domus.
3240 1476 3296 1520 et
3335 1466 3424 1521 ille
3455 1476 3681 1535 reponet
3729 1467 3784 1518 in
3815 1466 4070 1525 cellario,

2491 1558 2666 1612 donec
2717 1559 3014 1614 misceatur
3062 1574 3187 1614 cum
3241 1559 3384 1623 aliis,
3423 1567 3479 1613 et
3533 1560 3754 1613 cunctis
3803 1558 4072 1612 fratribus

2491 1651 2828 1718 praebeatur.

2561 1741 2674 1798 XL.
2711 1742 2884 1798 Nemo
2915 1745 3037 1814 plus
3073 1746 3226 1801 alteri
3261 1745 3436 1804 dabit.
3463 1759 3626 1814 quam
3661 1745 3799 1798 alter
3833 1756 4064 1810 accepe-

2493 1835 2598 1900 rit;
2631 1835 2773 1905 quod
2803 1836 2848 1890 si
2881 1819 3198 1894 obtenditur
3247 1838 3556 1899 inﬁrmitas,
3609 1837 3939 1906 pra-positus
3975 1837 4070 1888 do-

807 1932 1024 1981 uiatius.
1061 1939 1180 1982 quae
1209 1939 1375 1990 super
1414 1925 1783 1991 pavimentum
1807 1925 1858 1976 in
1885 1925 2112 1978 collecta
2143 1926 2378 1994 expandi
2415 1921 2456 1976 Β
2488 1945 2612 1984 mtts
2669 1939 2857 2000 perget
2903 1929 2968 1983 ad
3033 1932 3316 1984 ministros
3349 1933 3757 2000 zegrotantium,
3806 1937 3860 1984 et
3889 1928 4069 1982 abhis

804 2022 1002 2065 solent:
1039 2013 1832 2082 numerabuntquefuniculos,
1863 2028 1998 2081 quos
2024 2030 2118 2083 per
2137 2017 2383 2086 singulas

805 2112 1172 2160 hebdomadas
1203 2116 1504 2168 torserunt,
1539 2115 1590 2160 et
1623 2122 1814 2162 eorum
1840 2121 2112 2162 summam
2170 2109 2382 2163 descri-

805 2199 932 2251 bent
957 2200 1007 2252 3r
1047 2200 1093 2240 in
1127 2201 1228 2258 λῖς,
1255 2207 1307 2250 et
1343 2199 1640 2253 servabunt
1665 2214 1832 2268 usque
1849 2199 1914 2253 ad
1949 2209 2166 2268 tempus
2188 2217 2385 2254 annua:

804 2306 1270 2356 congregationis,
1309 2289 1528 2356 quando
1562 2289 1836 2344 reddenda
1866 2300 1946 2344 est
1973 2291 2134 2354 ratio,
2167 2298 2224 2343 et
2258 2307 2384 2360 pec-

803 2397 922 2434 cata
953 2385 1212 2436 omnibus
1252 2384 1635 2436 dimittuntur.

879 2472 1116 2527 XXVIII.
1159 2473 1391 2527 Itimissa
1422 2473 1675 2535 collecta,
1702 2473 1898 2542 singuli
1923 2476 2265 2544 egredientes
2300 2491 2388 2529 us-

806 2569 1003 2620 quead
1048 2565 1276 2618 cellulas
1301 2579 1456 2627 suas,
1492 2564 1574 2617 vel
1603 2578 1774 2633 usque
1805 2565 1871 2618 ad
1907 2567 2161 2620 vescendi
2187 2569 2386 2628 locum,

805 2661 872 2707 de
931 2657 1226 2724 Seripturis
1285 2654 1494 2723 aliquid
1562 2656 2014 2725 meditabuntur;
2086 2659 2380 2729 nullusque

809 2747 1030 2800 habebit
1067 2760 1318 2807 opertum
1352 2755 1514 2813 caput
1545 2745 1917 2799 meditationis
1947 2758 2208 2817 tempere.

876 2839 1226 2894 XXIXL‘um
1288 2838 1554 2892 autemad
1614 2839 1942 2892 vescendum
1992 2845 2264 2910 venerint,
2301 2861 2390 2898 se-

807 2933 1015 2987 debunt
1043 2948 1140 3002 per
1171 2933 1424 2986 ordinem
1471 2930 1694 2985 statutis
1756 2931 1891 2986 locis
1921 2944 1976 2987 et
2017 2937 2265 3004 operient
2295 2952 2390 2991 ca-

806 3027 940 3096 pila.

874 3117 1046 3171 XXX.
1078 3117 1384 3187 Statimque
1421 3135 1544 3174 cum
1580 3120 1673 3173 tibi
1707 3136 1733 3171 a
1787 3121 1992 3192 majore
2034 3121 2195 3176 fuerit
2227 3124 2396 3191 impco

809 3220 1009 3265 ratum.
1052 3217 1113 3263 ut
1139 3211 1204 3263 de
1226 3210 1330 3262 alia
1366 3226 1555 3264 mensa
1587 3213 1652 3264 ad
1689 3213 1852 3266 aliam
1887 3215 2126 3269 transire
2169 3215 2397 3287 debeas,

807 3300 863 3354 in
901 3300 1050 3354 nullo
1087 3304 1304 3370 penitus
1340 3303 1710 3358 contradices.
1740 3303 1848 3358 Nec
1867 3307 2072 3359 audeas
2095 3319 2222 3361 ante
2255 3324 2392 3377 prii!-

807 3393 1049 3463 positum
1085 3394 1282 3448 domus
1308 3405 1414 3449 tuae
1437 3412 1654 3450 manum
1688 3398 1740 3450 in
1763 3413 2010 3454 mensam
2044 3401 2384 3456 extendere:

813 3499 914 3538 nec
937 3484 1353 3548 CII‘CllmSPlClﬂs
1387 3486 1523 3538 alios
1558 3495 1857 3540 vescentes.

880 3572 1075 3626 XXXI.
1128 3573 1522 3643 Unusquisque
1581 3578 2000 3644 praepositorum
2058 3579 2276 3632 docebit
2335 3579 2389 3632 iu

809 3666 972 3722 domo
1000 3681 1125 3731 sua,
1144 3666 1420 3735 quomodo
1438 3667 1810 3722 debeantcum
1837 3670 2125 3738 disciplina
2155 3682 2208 3726 et
2234 3687 2393 3726 mau-

811 3761 1098 3812 suetudine
1125 3758 1438 3812 conmdere.
1469 3760 1622 3824 Quod
1661 3761 1705 3815 si
1738 3763 1862 3830 quis
1907 3764 1988 3817 vel
2025 3764 2246 3817 locutus
2279 3765 2395 3819 fue-

815 3855 909 3913 rit,
943 3853 1023 3903 vel
1053 3853 1236 3906 riserit
1266 3856 1318 3904 in
1345 3855 1634 3919 vescendo,
1673 3865 1797 3925 aget
1824 3859 2224 3925 penitentiam,
2258 3871 2310 3914 et
2339 3861 2392 3913 in

816 3941 1007 3994 eodem
1031 3942 1152 3996 loco
1175 3943 1426 4012 protinus
1447 3945 1828 4012 increpabitur
1853 3964 1866 3998 ;
1892 3947 2187 4016 stabitque,
2221 3950 2395 4003 d0ucc

819 4035 952 4087 alius
985 4047 1170 4102 surgat
1207 4035 1274 4088 de
1308 4036 1659 4089 vescentibus
1692 4037 1734 4088 ⁸.

894 4127 1109 4180 XXXII.
1143 4127 1198 4180 Si
1227 4130 1352 4194 quis
1381 4132 1446 4181 ad
1479 4129 1885 4184 comedendum
1917 4131 2132 4188 tardius
2163 4137 2395 4198 venerit,

823 4232 1048 4290 excepto
1072 4222 1294 4274 maioris
1317 4221 1568 4289 imperio,
1597 4222 1854 4277 similiter
1875 4235 1998 4294 aget
2016 4228 2394 4295 paenitentiam

821 4329 913 4366 aut
946 4314 1008 4365 ad
1036 4328 1250 4366 nmuum
1282 4313 1502 4382 jejunus
1539 4325 1863 4370 revertetur.

896 4405 1134 4458 XXXIII.
1171 4408 1224 4458 Si
1256 4406 1464 4473 aliquid
1497 4409 1869 4461 necessarium
1907 4407 2070 4462 fuerit
2099 4413 2152 4463 in
2187 4426 2395 4479 mensa,

821 4515 982 4551 nemo
1015 4498 1236 4549 audebit
1267 4498 1436 4565 loqui,
1478 4501 1570 4554 sed
1589 4499 1694 4569 61
1722 4501 2160 4557 ministrantibus
2183 4504 2396 4572 signum

822 4592 1000 4643 .sunittt
1035 4592 1204 4644 dabit.

894 4685 1132 4739 XXXIV.
1164 4688 1218 4740 Si
1247 4701 1503 4756 egressus
1557 4686 1772 4741 fuerisa
1808 4687 1952 4751 cibo,
1995 4703 2101 4742 non
2157 4689 2401 4759 loquaris

827 4781 877 4831 in
909 4779 1209 4837 redeundo,
1245 4781 1419 4833 donec
1453 4779 1520 4832 ad
1548 4780 1728 4834 locum
1765 4791 1917 4834 tuum
1948 4787 2257 4850 pervenias.

895 4869 1110 4925 XXXV.
1148 4870 1377 4923 Miuistri
1421 4872 1624 4936 absque
1672 4871 1778 4934 his,
1814 4887 1934 4941 qua:
1997 4874 2048 4926 in
2106 4889 2401 4932 commune

828 4963 1086 5013 fratribus
1119 4970 1416 5028 praeparata
1448 4971 1596 5023 sunt,
1627 4960 1762 5012 nihil
1793 4959 1938 5014 aliud
1958 4965 2270 5028 comedant,
2303 4981 2402 5021 nec

830 5065 1065 5106 luttlztlos
1094 5056 1246 5107 cibus
1284 5053 1385 5106 sibi
1420 5051 1657 5106 audeant
1685 5067 2012 5121 prmparare.

898 5143 1138 5201 XXXVI.
1197 5145 1298 5209 Qui
1336 5144 1567 5212 percutit
1596 5143 1659 5195 ad
1702 5146 2029 5198 vescendum
2081 5153 2132 5198 et
2177 5161 2404 5216 congre-

825 5254 912 5308 gat.
936 5243 954 5270 ³
979 5246 1191 5298 tratres,
1223 5239 1512 5291 meditetur
1540 5237 1742 5306 aliquid
1773 5239 1823 5289 in
1851 5239 2222 5306 percutienda.

899 5331 1164 5386 XXXVII.
1223 5329 1326 5395 Qui
1380 5340 1508 5383 ante
1539 5331 1688 5384 fores
1717 5312 1956 5384 convivii
1981 5333 2394 5402 egredientibus

897 5564 910 5593 '
936 5563 1108 5615 Malim
1135 5561 1404 5628 equidem,
1429 5577 1459 5610 a
1486 5557 1799 5626 Pra'posito,
1828 5567 1879 5612 et
1908 5559 2090 5612 statim
2113 5568 2252 5624 post.
2275 5561 2401 5627 quid

823 5643 912 5683 aut
954 5645 1206 5699 quantum
1241 5649 1334 5694 pm
1363 5632 1571 5697 quibus.

896 5705 913 5731 ’
950 5704 1137 5753 Σίρι-ωε
1167 5714 1297 5768 puto
1330 5711 1540 5750 κτα-[ρης
1568 5701 1723 5759 editi,
1763 5700 1925 5751 donec
1959 5701 2053 5752 alii
2095 5709 2310 5764 surgant
2337 5703 2400 5752 de

822 5775 1098 5828 t'rsi'mdo,
1136 5773 1340 5821 scilicet.
1373 5773 1434 5820 ad
1472 5787 1672 5822 IIICIISLB
1713 5788 1886 5833 usque
1925 5776 2114 5823 liuent.

897 5845 916 5873 ³
974 5842 1112 5893 ἕείίίίιὶ
1149 5852 1378 5901 veteres,
1434 5842 1556 5892 dum
1618 5856 2043 5908 (onorr'gml'm‘;
2101 5842 2232 5891 illud
2269 5858 2397 5893 vero

827 5924 1108 5977 peri-utere,
1138 5922 1221 5966 est
1261 5912 1494 5980 signum,
1554 5915 1756 5975 aliquid
1820 5914 2196 5980 purcuticndu,
2245 5914 2395 5966 dare.

2488 2044 2609 2100 quae
2632 2028 2946 2082 necessaria
2983 2036 3112 2081 sunt
3147 2029 3397 2098 accipiet.

2561 2121 2697 2178 XLI.
2734 2120 2788 2174 Si
2823 2120 2889 2175 de
2921 2121 3053 2189 ipsis
3080 2122 3347 2177 ministris
3382 2122 3578 2192 aliquis
3613 2119 3909 2190 lauguerit.
3955 2134 4064 2173 non

2489 2213 2710 2266 habebit
2769 2213 3046 2267 licentiam
3083 2212 3399 2267 introeundi
3441 2216 3493 2265 In
3523 2212 3814 2280 coquinam
3841 2209 3928 2263 vel
3959 2213 4069 2262 cel-

2491 2305 2711 2370 larium,
2764 2313 2820 2358 et
2879 2304 2984 2360 sibi
3029 2305 3239 2374 aliquid
3299 2302 3585 2357 auferendi
3647 2319 3660 2354 :
3720 2302 3818 2357 sed
3874 2302 4063 2356 caueri

2493 2398 2754 2460 ministri,
2788 2397 2838 2450 id
2872 2396 3015 2467 quod
3043 2398 3090 2450 ei
3126 2397 3498 2450 necessarium
3527 2393 3783 2456 viderint,
3818 2392 4072 2447 dabunt:

2493 2504 2594 2543 nec
2653 2490 3003 2553 permittetur
3053 2503 3292 2558 coquere
3321 2487 3424 2541 sibi
3453 2485 3601 2550 quod
3643 2485 4070 2542 desideraverit.

2493 2584 2586 2636 sed
2624 2583 2899 2653 praepositi
2922 2587 3210 2636 domormu
3247 2596 3369 2650 quae
3393 2581 3703 2636 necessaria
3738 2580 3977 2634 viderint
4007 2580 4081 2641 ei,

2495 2682 2562 2733 ab
2594 2681 2717 2733 aliis
2741 2680 3016 2734 ministris
3038 2677 3327 2746 accipient.

2568 2771 2730 2827 XLII.
2783 2770 2976 2825 Nullus
3031 2773 3267 2824 introeat
3328 2769 3506 2822 locum
3559 2767 3945 2836 mgrotantium
3983 2766 4079 2823 oui

2497 2882 2604 2918 non
2636 2874 2884 2932 mgrotat.
2917 2864 3019 2930 Qui
3071 2866 3436 2931 :rgrotaverit,
3470 2875 3500 2913 a
3527 2859 3824 2929 praeposito
3879 2856 4082 2910 domus

2497 2955 2731 3011 ducetur
2781 2954 2836 3008 in
2894 2955 3190 3008 triclinium
3227 2952 3615 3023 mgrotantium
3682 2959 3789 3004 :et
3853 2950 3898 3001 si
3943 2963 4083 3015 opus

2500 3049 2748 3104 habuerit
2788 3049 3028 3117 palliolo,
3061 3057 3152 3100 aut
3181 3050 3387 3106 tunica,
3448 3055 3543 3098 aut
3571 3046 3781 3098 ceteris
3809 3084 3823 3106 ,
3855 3056 3979 3111 quae
4015 3042 4082 3092 ad

2500 3142 2857 3212 aperiendum
2883 3181 2900 3205 ,
2941 3141 3024 3194 vel
3077 3139 3146 3193 ad
3177 3137 3508 3193 vescendum
3567 3137 3882 3192 necessaria
3925 3147 4082 3195 sunt,

2509 3236 2636 3304 ipse
2677 3233 2998 3302 praepositus
3023 3231 3255 3300 accipiat
3279 3245 3307 3282 a
3327 3230 3613 3290 ministris,
3641 3238 3696 3283 et
3730 3227 3881 3282 dabit
3905 3242 4083 3298 aegro-

2503 3328 2769 3383 tantibus.
2830 3325 2942 3380 Nec
3013 3324 3214 3394 poterit
3274 3321 3566 3392 languidus
3625 3320 3836 3391 ingredi
3885 3321 4082 3374 cellam

2496 3419 2875 3480 vescentium,
2932 3425 3000 3469 et.
3045 3413 3331 3467 comedere
3378 3425 3498 3478 qua:
3555 3410 3846 3475 desiderat,
3921 3412 4083 3464 nisia

2497 3515 2772 3575 ministro,
2803 3517 2895 3576 qut
2951 3509 3078 3563 huic
3111 3508 3189 3561 rei
3233 3509 3563 3576 praepositus
3597 3513 3702 3570 est,
3734 3504 3972 3558 ducatur
4011 3507 4080 3558 ad

2496 3608 2727 3661 vescmid
2738 3625 2766 3660 u
2777 3624 2825 3660 m
2839 3650 2850 3661 .

2565 3702 2672 3772 62
2705 3701 2890 3756 XLIII.
2929 3702 3043 3756 Non
3097 3703 3146 3756 ei
3179 3701 3361 3757 licebit
3402 3702 3472 3756 de
3504 3701 3590 3756 his
3639 3717 3759 3768 qua:
3811 3699 4091 3770 acceperit

2501 3796 2553 3849 in
2594 3799 2710 3848 loco
2768 3797 3186 3864 iegrotantiutu,
3239 3796 3384 3851 ferre
3423 3797 3490 3849 ad
3519 3795 3718 3851 cellam
3769 3811 3950 3859 suam,
4015 3811 4087 3849 ne

2501 3904 2720 3955 pomum
2757 3889 3000 3956 quidem.

2575 3979 2760 4033 XLIV.
2815 3981 2918 4046 Qui
2948 3981 3307 4049 pulmentaria
3370 3990 3636 4048 coquunt.
3673 3981 3775 4049 ipsi
3835 3980 4082 4034 vicissim

2501 4073 2939 4127 ministrantibus
2961 4085 3016 4127 et
3047 4073 3396 4128 vescenlibus
3428 4073 3822 4125 ministrabunt
3854 4073 3897 4125 ⁵.

2571 4165 2733 4220 XLV.
2769 4163 2963 4219 Vinum
3013 4178 3066 4219 et
3099 4165 3374 4234 liquamett
3407 4165 3614 4234 absque
3642 4163 3765 4218 lcco
3801 4173 4087 4234 aegrotan-

2504 4259 2638 4311 tium
2674 4257 2853 4310 nullus
2887 4259 3188 4328 contingat.

2578 4348 2768 4405 XLVI.
2801 4350 2855 4404 Si
2890 4350 3088 4418 aliquis
3112 4365 3302 4403 eorum
3353 4349 3446 4417 qui
3477 4363 3706 4419 peregre
3757 4349 4084 4415 mittuntur,

2504 4443 2558 4496 in
2617 4441 2836 4500 itinere,
2892 4440 2976 4493 vel
3030 4439 3083 4491 in
3119 4439 3244 4492 navi
3288 4439 3775 4508 ‘mgrotaverit,et
3825 4440 4089 4495 habuerit

2507 4533 2881 4587 necessitatem
2936 4532 3051 4585 sive
3080 4529 3406 4584 desiderimn
3434 4530 3759 4585 comedendi
3792 4533 4004 4602 liquam
4019 4550 4085 4587 en

2423 4615 2471 4676 C
2505 4625 2571 4676 de
2602 4623 2872 4691 piscibus,
2901 4623 2984 4676 vel
3032 4623 3259 4675 aliarum
3297 4637 3504 4683 rerum,
3559 4637 3679 4690 quae
3719 4623 3771 4674 in
3802 4637 4090 4679 monaste-

2506 4717 2586 4769 rio
2611 4717 2895 4770 comedere
2939 4725 3358 4778 consueverunt,
3407 4731 3512 4768 non
3561 4715 3918 4769 manducahit
3955 4733 4082 4772 cum

2505 4808 2766 4862 fratribus
2800 4811 3032 4870 exteris,
3069 4810 3160 4862 sed
3221 4808 3514 4876 separatim
3546 4825 3558 4860 :
3593 4817 3641 4861 el
3697 4807 3919 4862 dabitur
3973 4811 4024 4863 ei
4058 4828 4084 4862 a

2505 4903 2774 4956 ministris
2807 4903 2872 4954 ad
2901 4918 3115 4954 onmem
3149 4902 3566 4967 abundantiam,
3587 4916 3654 4956 ne
3684 4902 3736 4955 in
3763 4902 3876 4957 ullo
3908 4903 4084 4960 frater

2504 4994 2795 5062 languidus
2824 4995 3201 5049 contristetur.

2575 5085 2784 5140 XLVII.
2823 5085 3202 5156 Egrotantem
3229 5087 3438 5154 absque
3456 5090 3814 5141 concessione
3847 5091 4085 5154 majoris

2507 5179 2684 5232 nullus
2734 5177 2931 5231 audeat
2983 5177 3247 5244 visitare;
3304 5193 3403 5231 nec
3459 5179 3799 5245 propinquus
3850 5182 4084 5247 quidem

2506 5281 2668 5335 atque
2697 5283 2989 5334 germanus
3018 5269 3138 5322 siue
3194 5268 3421 5337 imperio
3446 5268 3723 5338 prcepositi
3751 5269 3958 5326 domus
3994 5274 4080 5326 in-

2514 5361 2804 5430 grediendi
2843 5361 3127 5415 habebunt
3159 5371 3511 5431 potestatem.

2575 5563 2596 5595 ⁸
2622 5563 2787 5618 Iidem
2817 5565 3142 5616 duicimuiua
3177 5581 3272 5632 pro
3302 5569 3638 5634 tragematia.

2573 5635 2594 5666 ³
2660 5635 2922 5699 Princeps
2955 5637 3112 5693 edit..
3149 5639 3243 5700 ipsi
3299 5639 3428 5689 nihil
3479 5639 3749 5691 edentibus
3779 5638 3868 5706 (ad
3911 5656 4085 5699 marg.

2506 5704 2631 5757 fari.
2695 5705 2924 5770 edentes)
2958 5707 3350 5758 ministrairmil.
3407 5708 3732 5761 Ciacconile
3758 5704 3917 5775 ,Vt'psi
3956 5713 4088 5764 nihil

2504 5788 2792 5844 gustaulcs.
2820 5778 3089 5826 edcutituts
3117 5781 3510 5830 minisn'abnnt.

2574 5847 2593 5876 ⁸
2646 5847 2807 5898 Iidem
2845 5849 2894 5897 in
2921 5851 2999 5897 ria
3035 5864 3129 5915 pro
3164 5850 3281 5899 uuti
3307 5889 3320 5908 ,
3376 5861 3425 5901 et
3465 5851 3621 5916 paulo
3665 5860 3785 5918 pust
3832 5867 3964 5906 cun:
4002 5871 4085 5909 ue-
