4212 6446
152 349 228 411 τῖ’)
987 336 1619 403 iNTERPRETATIO
1664 339 1752 397 RF

1855 338 1992 398 3LT;
2034 338 2094 398 Β.
2152 331 2543 394 ΓΜἿΙΙΗΜΗ.
3352 313 3418 375 τι

229 463 464 522 XLVIII.
499 463 554 519 Si
597 477 769 516 unum
797 474 863 516 ex
896 460 983 515 his
1015 460 1081 514 ab
1106 460 1291 529 aliquo
1324 457 1483 512 fuerit
1512 467 1734 524 prmter-
1767 471 1814 523 Α
1844 472 2033 524 quum,
2085 452 2295 525 jmitor
2335 444 2607 501 nuntiabit
2657 442 2802 497 Patri
2862 437 3204 499 monasterii,
3248 448 3302 491 et
3334 434 3423 488 ille

155 563 384 616 missum
407 568 576 627 atque
607 554 942 626 neglectum,
965 552 1333 622 increpatione
1361 549 1523 607 solita
1549 564 1740 603 emen-

154 650 399 705 dabitur.

231 740 416 796 XLIX.
448 737 511 793 Si
544 738 677 809 quis
725 738 1018 793 accesserit
1070 736 1134 790 ad
1184 737 1382 790 ostium
1418 735 1737 790 monasterii

159 838 352 890 volens
399 832 610 888 secqu
669 830 1012 894 renuntiare,
1062 838 1113 884 et
1163 829 1396 884 fratrum
1457 831 1741 900 aggregari

158 942 405 989 numero,
437 941 549 978 non
579 924 806 979 habebit
836 922 1070 977 intrandi
1097 924 1435 986 libertatem,
1468 922 1559 977 sed
1588 924 1740 992 prius

157 1024 504 1079 nuntiabitur
560 1019 708 1075 Patri
743 1019 1085 1084 monasterii,
1152 1028 1206 1072 et
1262 1018 1502 1072 manebit
1550 1018 1741 1088 paucis

157 1121 346 1173 diebus
395 1118 540 1172 foris
572 1126 699 1170 ante
742 1117 993 1184 ianuam,
1029 1124 1084 1168 rt
1114 1113 1401 1168 docebitur
1431 1116 1738 1168 orationem

160 1214 497 1267 Dominicam
524 1227 587 1266 ac
621 1209 894 1272 Psalmns,
936 1218 1166 1279 quantos
1198 1208 1399 1276 poterit
1446 1207 1687 1263 ediscere
1726 1224 1741 1262 :

157 1316 206 1359 et
234 1307 532 1373 diligenter
559 1304 647 1357 sui
675 1303 1114 1372 experimentum
1144 1301 1317 1362 dabit,
1345 1316 1411 1353 ne
1444 1299 1581 1355 forte
1616 1302 1743 1353 mali

158 1398 427 1466 quidpiam
455 1396 672 1459 fecerit,
712 1405 767 1449 et
797 1395 1049 1447 turbatus
1076 1393 1141 1445 ad
1172 1393 1362 1445 horam
1405 1392 1599 1446 timore
1629 1392 1742 1445 dis-

160 1489 404 1545 cesserit.
441 1497 545 1539 aut
605 1487 710 1539 sub
745 1484 926 1551 aliqua
976 1488 1243 1549 potestate
1295 1481 1366 1533 sit
1399 1498 1411 1532 :
1444 1488 1497 1533 et
1560 1488 1743 1531 utrum

162 1581 326 1647 possit
350 1576 679 1631 renuntiare
702 1573 1018 1642 parentibus
1043 1575 1182 1635 suis,
1207 1582 1261 1625 et
1304 1572 1575 1639 propriam
1616 1584 1744 1624 con-

161 1681 399 1720 temnere
452 1666 805 1720 facultatcm.
864 1663 921 1717 Si
979 1665 1123 1717 enim
1159 1658 1395 1715 viderint
1458 1670 1642 1731 aptum
1678 1661 1743 1713 ad

157 1762 455 1813 Orationem
484 1771 541 1813 et
580 1759 648 1811 ad
687 1758 894 1821 omnia,
932 1764 1062 1809 tunc
1092 1755 1379 1808 docebitur
1408 1762 1462 1807 et
1508 1753 1745 1821 reliquas

158 1854 479 1908 monasterii
544 1850 899 1919 disciplinas,
942 1863 1074 1918 quas
1106 1863 1324 1901 servare
1370 1846 1563 1901 debeat
1590 1852 1644 1898 et
1673 1845 1747 1896 fa-

157 1962 301 2009 cere,
335 1943 662 2015 quibusque
711 1940 937 2000 servire,
990 1938 1108 1994 sive
1153 1940 1202 1990 in
1240 1938 1467 1991 coliecta
1497 1936 1744 1991 omnium

160 2042 415 2097 fratrum.
476 2036 596 2089 sive
646 2034 701 2085 in
736 2033 902 2085 domo
941 2031 1029 2083 cui
1067 2030 1364 2083 tradendus
1406 2040 1511 2094 εει,
1546 2029 1661 2084 sive
1692 2029 1745 2083 in

158 2129 412 2185 vescendi
471 2128 702 2191 ordine;
734 2133 791 2177 ut
822 2124 1146 2187 instructus,
1180 2132 1344 2191 atque
1380 2123 1663 2191 perfectus
1692 2123 1748 2177 in

156 2226 298 2276 οηιηὶ
336 2235 511 2291 opere
540 2220 705 2281 bono,
739 2216 1005 2269 fratribus
1031 2214 1347 2283 copuletur.
1379 2214 1541 2268 Tunc
1574 2215 1750 2268 nuda-

158 2318 291 2370 bunt
332 2329 465 2369 cum
497 2311 841 2367 vestimentis
876 2306 1266 2370 saecularibus,
1306 2315 1360 2361 et
1390 2307 1620 2361 induent
1647 2306 1751 2361 ha-

159 2410 270 2466 bitu
299 2408 738 2468 monachorum,
767 2402 1097 2471 traduntque
1124 2401 1380 2464 ostiario,
1400 2409 1461 2454 ut
1483 2402 1750 2457 orationis

160 2517 404 2571 tempore
476 2500 723 2555 adducat
775 2511 897 2553 eum
961 2495 1012 2549 in
1077 2502 1441 2563 conspectum
1504 2496 1750 2549 omnium

163 2599 389 2651 fratrum
427 2613 442 2649 :
478 2592 804 2659 sedebitque
835 2589 890 2643 in
920 2588 1059 2652 loco,
1088 2588 1142 2641 in
1176 2601 1289 2657 quo
1318 2587 1366 2642 ei
1398 2598 1736 2657 praeceptum

165 2692 347 2744 fuerit.
410 2685 758 2742 Vestimenta
792 2692 1147 2750 autem,qua2
1201 2694 1390 2733 secum
1452 2679 1750 2745 detulerat,

162 2783 427 2851 accipient
454 2779 553 2848 qui
594 2778 725 2832 huic
756 2774 836 2831 rei
879 2774 986 2845 63
1018 2772 1294 2843 praepositi
1334 2782 1488 2838 sunt,
1523 2782 1578 2829 et
1610 2774 1753 2829 infe-

162 2883 285 2928 rent
310 2875 369 2927 in
400 2868 824 2941 repositorium,
852 2876 906 2921 et
928 2874 1089 2922 erunt
1115 2865 1168 2919 iu
1194 2875 1461 2936 potestate
1484 2866 1754 2936 principis

166 2964 515 3019 monasterii.

241 3058 306 3114 ἓ».
372 3055 553 3110 Nemo
612 3067 848 3109 manens
915 3052 969 3106 in
1025 3050 1363 3106 monasterio
1413 3049 1753 3120 suscipiendi

1847 552 2080 603 aeritum
2136 544 2496 616 interrogabit
2550 538 2897 610 prtepositum
2950 538 3168 599 domus,
3213 543 3426 588 utrum-

1847 660 1968 697 nam
2022 643 2162 711 apud
2218 654 2340 693 eum
2379 638 2489 702 sit;
2546 643 2599 688 et
2663 631 3012 701 permittente
3066 643 3151 694 eo,
3188 627 3421 697 accipiet

1846 738 2100 792 comitem
2130 732 2458 801 egressionis
2488 744 2622 787 snze,
2679 724 2837 792 cujus
2882 723 3014 776 fides
3047 723 3277 788 probata
3312 729 3418 782 est,

1844 842 1897 886 et
1929 832 2011 885 sic
2035 828 2277 881 mittetur
2306 824 2371 878 azi
2405 824 2624 877 fratrem
2666 816 2982 879 videndum,
3016 816 3098 868 vel
3130 815 3197 868 ad
3232 813 3420 883 proxi-

1847 939 2017 979 mum.
2044 921 2100 976 Si
2137 921 2273 973 forte
2302 920 2350 972 ei
2378 914 2585 985 aliquid
2625 911 2873 967 attulerit
2905 909 3179 970 ciborum,
3210 907 3421 973 quibus

1848 1017 1900 1070 in
1932 1013 2265 1069 nsoaastero
2290 1009 2432 1062 vesci
2456 1007 2661 1059 licitum
2695 1012 2800 1065 est,
2849 1002 3128 1069 suscipere
3162 999 3280 1067 ipse
3310 1012 3420 1050 non

1848 1110 2069 1180 poterit,
2099 1104 2193 1162 sed
2216 1104 2428 1157 vorabit
2449 1100 2767 1169 jauitorem,
2796 1106 2850 1149 et
2879 1095 2966 1149 ille
2983 1094 3146 1146 allata
3174 1092 3427 1159 accipiet;

1846 1220 1965 1274 qua:
1990 1205 2032 1258 si
2058 1200 2186 1254 talia
2208 1197 2407 1252 fuerint
2437 1194 2547 1267 [AL
2569 1190 2737 1262 quas],
2766 1198 2819 1243 ut
2839 1204 2960 1241 cum
2988 1203 3126 1256 pane
3155 1186 3419 1241 γρεςυιιιιι

1847 1307 1975 1353 snt,
2014 1293 2150 1346 nihil
2195 1305 2384 1343 eorum
2428 1290 2473 1340 is
2504 1286 2590 1339 cui
2626 1285 2787 1335 allata
2820 1290 2974 1341 sunt,
3005 1279 3236 1345 accipiet
3269 1295 3281 1330 :
3327 1277 3421 1329 sed

1848 1397 2041 1443 cuncta
2105 1386 2168 1439 ad
2229 1386 2345 1437 loca
2408 1378 2791 1449 mgrofuttfittttt
2849 1372 3184 1425 deferentur.
3217 1370 3271 1421 Si
3303 1384 3431 1421 vero

1849 1482 1958 1533 sint
2002 1475 2347 1547 tragematia,
2380 1474 2458 1525 vel
2497 1485 2675 1537 potnt.
2730 1466 2885 1519 dabit
2923 1465 2968 1515 ei
3003 1463 3210 1529 janitor
3240 1474 3303 1513 ex
3346 1459 3430 1511 his

1848 1572 2135 1626 comedere
2196 1580 2314 1635 quae
2364 1562 2594 1627 poterit;
2628 1568 2680 1612 ct
2716 1567 2913 1611 caetera
2966 1554 3032 1607 ad
3090 1553 3279 1607 cellam
3311 1552 3433 1603 Iau-

1850 1659 2131 1729 gucntiuoi
2167 1652 2500 1723 deportabit.
2556 1650 2674 1717 Ipse
2713 1657 2897 1700 autem
2935 1643 3064 1696 nihil
3095 1657 3160 1695 ex
3196 1643 3281 1694 his
3310 1655 3432 1709 qlia:

1852 1753 2009 1804 allata
2043 1756 2170 1803 sunt
2197 1754 2415 1814 gustare
2445 1740 2556 1812 65.
2585 1739 2805 1810 p0tcrit,
2839 1736 2933 1790 sed
2987 1733 3214 1789 reddere
3249 1734 3297 1786 ei
3334 1734 3429 1801 qui

1853 1844 2055 1901 attulit,
2113 1842 2231 1895 sive
2293 1840 2559 1907 lapsania.
2591 1835 2734 1905 quod
2787 1847 2959 1902 genus
3018 1830 3313 1883 herbarum
3346 1838 3431 1882 est

1856 1937 2133 1997 viliorum,
2164 1935 2280 1989 sive
2314 1947 2505 2001 panes.
2536 1931 2649 1983 sive
2690 1928 2836 1981 olera
2870 1925 3262 1993 pra-mordica.
3322 1922 3431 1975 Eos

1855 2038 2033 2081 autem
2068 2029 2240 2091 cibos,
2275 2040 2415 2093 quos
2446 2023 2637 2075 allatos
2662 2035 2689 2071 a
2722 2016 3039 2085 parentibus
3071 2014 3151 2067 vei
3202 2014 3435 2081 propin-

1856 2121 1978 2190 quis
2027 2120 2265 2174 diximus
2320 2117 2455 2171 tales
2487 2129 2605 2169 esse
2629 2113 2720 2183 qui
2752 2109 2967 2167 comedi
2998 2123 3120 2163 cum
3158 2121 3296 2176 pane
3334 2107 3435 2159 de-

1858 2213 2039 2270 beant,
2091 2212 2135 2264 is
2182 2210 2270 2263 cui
2312 2208 2458 2261 allati
2515 2215 2645 2259 sunt
2696 2204 3000 2258 deducetur
3060 2215 3090 2254 a
3125 2199 3427 2270 praposito

1856 2304 2050 2358 domus
2071 2304 2136 2358 ad
2172 2304 2363 2357 cellam
2396 2298 2802 2369 aegrotandum,
2832 2308 2886 2350 et
2911 2296 2982 2349 ibi
3018 2293 3185 2349 semel
3217 2303 3428 2346 tantum

1856 2411 1921 2451 es
1966 2397 2053 2450 his
2091 2396 2380 2452 comedet:
2411 2400 2604 2448 cetera
2638 2399 2817 2445 autem
2855 2387 3096 2442 eruntin
3125 2402 3286 2439 manu
3330 2387 3433 2439 mi-

1859 2488 2022 2543 nistri
2054 2486 2460 2559 argrotautium.
2516 2484 2635 2553 Ipse
2675 2495 2891 2550 quoque
2918 2477 3174 2533 minister
3226 2477 3295 2531 de
3349 2476 3433 2531 his

1859 2584 2154 2637 comedere
2182 2595 2291 2635 non
2322 2577 2542 2648 poterit.

1931 2675 2067 2731 LIII.
2110 2675 2168 2730 Si
2219 2673 2389 2730 fuerit
2432 2672 2767 2736 nuntiatum,
2820 2667 2967 2738 quod
2999 2667 3063 2721 de
3105 2664 3436 2736 propinquis

1860 2787 2049 2828 eorum
2109 2784 2273 2839 atque
2301 2769 2548 2837 cognatis
2588 2768 2681 2833 qui
2706 2767 2760 2821 in
2798 2763 3133 2820 monasterio
3186 2778 3435 2816 commo-

1861 2874 2075 2927 rantur,
2136 2862 2334 2930 aliquis
2363 2868 2614 2929 a‘grotet,
2649 2858 2856 2927 janitor
2886 2857 3123 2926 primum
3154 2854 3437 2908 nuntiabit

1858 2957 2003 3011 Patri
2042 2954 2377 3013 monasterii.
2411 2961 2466 3007 et
2501 2953 2589 3005 ille
2621 2952 2854 3004 accitum
2887 2948 3245 3017 interrogabit
3300 2963 3434 3016 pra:-

1858 3052 2095 3119 positum
2122 3051 2338 3102 domus.
2372 3045 2755 3112 Videbuntque
2783 3044 2985 3105 virum,
3020 3041 3180 3109 cujus
3215 3039 3349 3092 fides
3384 3046 3440 3090 rt

164 3147 476 3218 quempiam
497 3144 569 3199 ad
589 3144 921 3198 vescendum
948 3142 1141 3197 habeat
1165 3147 1485 3211 potestatem
1516 3140 1646 3200 :sed
1673 3140 1758 3194 his
1784 3152 1828 3214 ρ
1864 3142 2155 3210 disciplina
2215 3140 2438 3210 probata
2473 3139 2565 3202 sit,
2600 3146 2654 3191 et
2688 3136 2904 3188 ntittent
2944 3149 3066 3187 cum
3105 3148 3190 3199 eo,
3220 3141 3279 3185 ut
3312 3132 3441 3186 visi-

171 3242 346 3291 mittct
371 3252 504 3291 eum
540 3237 608 3290 ad
638 3235 841 3289 ostium
873 3232 1223 3297 xenodochii,
1256 3241 1314 3286 ut
1346 3232 1675 3301 suscipiatur
1692 3232 1759 3285 ab

166 3329 251 3384 bis
279 3330 369 3398 qui
401 3328 534 3382 huic
558 3327 638 3381 rei
674 3324 950 3396 praepositi
976 3335 1126 3380 sunt.

238 3425 323 3480 LI.
360 3424 601 3490 Quando
637 3422 703 3477 ad
730 3422 934 3476 ostium
988 3419 1309 3473 monasterii
1369 3418 1540 3488 aliqui
1587 3433 1751 3472 vene-

169 3521 299 3580 rint,
330 3521 375 3573 si
407 3514 602 3571 clerici
633 3513 837 3568 fuerint
867 3522 960 3565 aut
996 3511 1275 3575 monachi,
1311 3512 1502 3580 majori
1534 3512 1749 3563 honore

171 3613 546 3680 suscipiantur
595 3628 610 3660 :
660 3606 1031 3673 lavaburitque
1098 3604 1262 3673 pedes
1335 3618 1549 3667 eorum,
1606 3602 1757 3673 juxta

174 3704 280 3776 [Αἰ.
311 3698 640 3767 servabunt]
681 3697 957 3767 Evangelii
997 3706 1358 3765 przeceptum,
1391 3706 1446 3750 et
1476 3695 1756 3749 deducent

173 3804 235 3847 ad
272 3795 448 3847 locum
488 3790 843 3848 xenoducbii,
898 3788 1328 3856 pr;ebebuntqne
1392 3787 1575 3840 munia
1638 3800 1760 3852 qu'e

174 3900 295 3955 apta
331 3894 461 3939 sunt
523 3882 650 3936 usui
710 3882 1134 3934 monachorum.
1172 3877 1327 3944 Quod
1390 3879 1435 3933 si
1490 3877 1764 3931 voluerint

175 3980 437 4033 orationis
471 3990 721 4046 tempore
744 3985 908 4041 atque
940 3972 1182 4026 collectae
1213 3970 1396 4023 venire
1425 3969 1489 4023 ad
1522 3984 1761 4023 conven-

179 4085 289 4125 tum
342 4072 577 4124 fratrum
612 4107 628 4130 .
692 4078 747 4120 et
804 4064 915 4135 [ΑΙ.
950 4061 1018 4133 si]
1078 4061 1320 4131 ejusdem
1373 4060 1492 4115 fidei
1533 4060 1757 4125 fuerint,

179 4167 375 4231 jaoitor
426 4162 516 4215 vel
565 4159 828 4213 minister
886 4154 1214 4209 xenodochii
1279 4152 1557 4207 nuntiabit
1614 4153 1761 4207 Patri

180 4234 524 4318 itionasterii,
562 4264 619 4306 et
662 4252 745 4306 sic
772 4249 1116 4304 deducentur
1146 4246 1211 4301 ad
1247 4246 1537 4302 orandum.
1572 4246 1627 4301 Si
1664 4247 1762 4301 lto-

181 4353 349 4403 mines
373 4347 693 4409 sazeulares,
728 4340 1063 4403 autdebifes,
1087 4347 1179 4392 aut
1209 4354 1338 4392 vasa
1359 4338 1676 4403 infirmiora,
1712 4338 1763 4393 id

180 4453 283 4503 est,
309 4438 655 4493 mulierculae
695 4434 943 4489 venerint
973 4436 1040 4485 ad
1078 4431 1304 4492 ostium,
1333 4439 1387 4485 et
1417 4431 1685 4484 orandum
1722 4432 1756 4495 ί,

1866 3244 1937 3291 tet
1971 3244 2349 3300 :rgretantem,
2388 3242 2710 3299 tantumjue
2745 3233 2979 3301 accipiet
3012 3229 3221 3294 viatici,
3256 3242 3435 3297 quau-

1864 3340 1977 3382 tum
2008 3328 2330 3395 prmpositus
2363 3328 2556 3380 domus
2591 3326 2711 3394 ejus
2743 3324 3072 3379 decreverit.

1934 3419 2069 3474 LIV.
2098 3418 2251 3484 Quod
2281 3418 2326 3474 si
2362 3419 2658 3473 necessitas
2718 3417 3013 3486 impulerit,
3050 3425 3105 3468 ut
3135 3414 3268 3468 foris
3328 3429 3440 3466 ma-

1868 3523 2012 3578 neat,
2064 3523 2118 3567 ct
2174 3524 2429 3567 vescatur
2486 3513 2538 3565 in
2592 3522 2811 3579 paterna
2839 3511 2953 3565 sive
2998 3510 3437 3578 propinquorum

1865 3604 2051 3666 domo,
2085 3618 2425 3672 neqna'juam
2455 3602 2555 3654 hoc
2580 3600 2789 3663 faciat;
2850 3598 2943 3654 sed
2991 3597 3227 3651 manebit
3268 3596 3347 3649 vel
3383 3595 3436 3647 in

1870 3697 2176 3760 Dominico,
2225 3696 2310 3749 vel
2363 3697 2415 3749 in
2459 3694 2794 3749 monasterio
2822 3691 3069 3762 ejusdem
3120 3688 3265 3742 fidei.
3301 3687 3365 3740 Et
3395 3687 3443 3741 si

1867 3791 1946 3846 eis
1970 3790 2159 3845 affines
2212 3789 2292 3842 vel
2329 3788 2547 3856 cognati
2584 3783 3016 3855 praeparavezint
3044 3783 3217 3847 cibos,
3254 3788 3309 3835 et
3343 3794 3438 3849 apo

1866 3886 2173 3954 posuerint.
2237 3898 2344 3935 non
2402 3881 2677 3949 accipient
2719 3878 2981 3941 omnino,
3015 3890 3115 3929 nec
3155 3882 3444 3927 vescentnr

1865 3977 1972 4030 nisi
2016 3976 2122 4038 bis,
2168 3989 2288 4042 qua:
2320 3973 2374 4026 in
2413 3972 2745 4025 monasterio
2790 3970 3078 4024 comedere
3136 3980 3437 4020 consueve-

1866 4076 2013 4119 runt.
2078 4065 2190 4118 Non
2223 4064 2521 4133 gustabunt
2557 4062 2860 4129 liquantcn,
2906 4074 3081 4127 neque
3116 4057 3302 4109 vinum
3368 4057 3446 4108 bi-

1870 4155 2019 4221 bent,
2058 4171 2157 4210 nec
2186 4156 2330 4208 aliud
2373 4152 2679 4223 quidpiam,
2712 4165 2951 4221 quorum
2995 4148 3188 4203 edendi
3221 4162 3449 4199 consuc-

1868 4248 2111 4304 tudinem
2169 4262 2275 4301 non
2329 4246 2551 4299 habent.
2606 4242 2664 4296 Si
2712 4258 2740 4296 a
2796 4241 3117 4311 parentibus
3169 4238 3447 4307 quidpiam

1870 4341 2201 4410 acceperint,
2232 4347 2444 4392 tantum
2481 4336 2774 4391 comedent
2813 4342 3081 4402 quantum
3119 4334 3169 4384 in
3203 4331 3288 4384 via
3322 4330 3443 4384 suf-

1872 4434 2057 4500 ﬁciat;
2094 4441 2287 4487 cetera
2321 4445 2443 4501 quae
2476 4428 2864 4492 remanserint,
2898 4428 3107 4479 dabunt
3151 4422 3447 4493 prmposito

182 4537 481 4604 Sttscipirnt
510 4532 767 4600 singulos
798 4532 851 4581 in
880 4527 1111 4580 diversis
1137 4524 1296 4588 locis,
1324 4524 1476 4594 juxta
1510 4524 1758 4579 ordinem
1797 4502 1839 4556 θ
1870 4528 2065 4580 domus
2114 4539 2247 4585 suae,
2305 4534 2355 4578 et
2399 4523 2486 4576 ille
2534 4520 2847 4591 deportabit
2896 4534 2960 4573 ca
3008 4520 3060 4572 in
3096 4518 3287 4572 cellam
3326 4519 3449 4569 lau-

182 4630 443 4697 propositi
468 4635 527 4679 et
549 4639 716 4680 sexus
748 4622 831 4676 sui
856 4636 871 4685 ;
900 4618 1279 4687 praecipueque
1306 4616 1539 4670 feminas
1565 4615 1759 4683 majori

184 4724 385 4774 hooore
445 4727 501 4772 et
560 4712 848 4781 diligentia
884 4709 1180 4768 curabunt.
1224 4721 1352 4760 cum
1379 4706 1525 4759 omni
1564 4707 1762 4761 timore

185 4814 297 4874 Dei,
321 4824 371 4865 et
404 4813 591 4862 locum
626 4811 941 4869 separatum
978 4800 1048 4853 ab
1085 4800 1231 4852 omni
1268 4799 1507 4852 virorqu
1550 4800 1754 4853 vicinia

182 4909 260 4958 eis
320 4907 588 4961 trilment,
639 4907 697 4949 ut
735 4894 881 4948 nulla
931 4892 1002 4947 sit
1062 4891 1283 4946 occasio
1333 4890 1763 4959 blasphemandi.

183 4998 333 5061 ριοιι
366 4996 407 5047 si
440 4997 509 5045 ad
547 5002 825 5053 vesperam
855 4983 1132 5044 venerint,
1191 4982 1404 5051 abigere
1462 4996 1556 5036 eas
1612 4983 1765 5036 nefas

185 5102 298 5153 est;
332 5089 422 5140 sed
454 5082 753 5149 accipient,
780 5088 836 5129 ul
866 5075 1129 5137 diximus,
1162 5081 1471 5138 separatum
1501 5075 1683 5129 locum
1713 5086 1766 5127 et

184 5184 425 5233 Clausum
472 5190 601 5230 cum
656 5172 801 5225 enim
860 5166 1147 5228 disciplina
1199 5175 1361 5232 atque
1417 5167 1673 5222 cautela:
1709 5180 1767 5220 ut

184 5288 309 5339 grex
332 5271 567 5323 fratrum
599 5265 771 5315 libere
802 5274 903 5313 suo
924 5257 1111 5311 officio
1133 5254 1359 5317 serviat,
1377 5267 1429 5309 et
1453 5258 1588 5310 nulli
1612 5261 1767 5312 detur

185 5360 577 5416 oerndiculum
618 5353 960 5407 detrahendi.

255 5451 363 5506 ιιι.
400 5448 621 5517 Siquis
684 5454 811 5498 autc
873 5446 1079 5499 ostium
1143 5445 1361 5499 steterit
1427 5442 1766 5503 monasterii.

187 5544 375 5598 dicens
401 5558 462 5596 se
498 5541 638 5595 velle
666 5536 851 5590 videre
904 5536 1127 5590 fratrem
1186 5551 1369 5599 suum,
1409 5536 1492 5590 vel
1547 5536 1771 5604 propiu-

190 5749 347 5821 ρηόί
387 5748 681 5821 particula,
706 5745 976 5798 comedere
1005 5759 1104 5821 non
1137 5749 1538 5821 consueverunt.

1871 4620 2175 4689 guentium.

1946 4710 2053 4765 LV.
2092 4708 2147 4761 Si
2198 4708 2532 4777 propinquus
2559 4705 2815 4772 alicujus,
2864 4715 2960 4756 aut
3007 4701 3451 4772 consanguineus

1876 4813 2123 4857 mortuus
2182 4799 2369 4861 fuerit,
2436 4798 2805 4869 proscqueudi
2866 4794 3029 4850 funus
3065 4810 3170 4849 non
3229 4796 3448 4849 habebit

1875 4894 2146 4947 licentiam
2181 4893 2293 4964 Ml.
2354 4890 2729 4961 potestatem],
2782 4890 2885 4944 nisi
2916 4888 3078 4944 Pater
3126 4891 3448 4943 monasterii

1877 4986 2219 5055 praeceperit.

1946 5078 2079 5132 ωτι.
2116 5077 2309 5131 Nullus
2352 5077 2496 5131 solus
2530 5074 2678 5131 foras
2704 5075 2956 5128 mittatur
3001 5075 3064 5127 ad
3100 5075 3317 5143 aliquod
3355 5094 3446 5130 nc-

1877 5172 2022 5237 eotiu
2052 5190 2101 5225 ιι,
2137 5171 2240 5222 nisi
2264 5170 2460 5238 juncto
2502 5170 2550 5222 ei
2579 5170 2773 5220 altero.

1950 5260 2106 5316 LVII.
2148 5261 2377 5326 Quando
2409 5272 2587 5313 autem
2614 5258 2820 5312 reversi
2860 5256 3059 5311 fuerint
3090 5259 3142 5309 iu
3175 5270 3451 5311 monaste-

1880 5354 2042 5411 rium,
2079 5353 2121 5405 si
2157 5352 2388 5405 viderint
2428 5360 2554 5404 ante
2588 5350 2787 5402 ostium
2831 5358 3169 5417 quaerentem
3214 5348 3450 5415 aliquem

1879 5458 2104 5497 suorum
2141 5441 2378 5495 aflinium
2429 5440 2497 5495 de
2527 5442 2608 5494 Itis
2633 5441 2725 5511 qui
2750 5440 2803 5492 iu
2838 5440 3172 5494 monasterio
3201 5452 3452 5493 comma.

1880 5546 2095 5598 rantur,
2125 5550 2226 5587 non
2267 5534 2538 5587 audebunt
2587 5534 2666 5587 ire
2691 5535 2755 5586 ad
2791 5547 2940 5597 eum,
2983 5542 3036 5584 et
3064 5531 3339 5594 nuntiare,
3374 5536 3454 5584 v.1

260 5824 274 5851 ³
321 5805 693 5873 ln'veteribus
726 5818 960 5883 vulgatis
993 5815 1157 5867 verba
1188 5824 1236 5866 et
1265 5812 1549 5876 orandum,
1589 5811 1771 5866 verius
1812 5817 1963 5880 puto,
2002 5820 2113 5859 non
2143 5805 2439 5861 habentur.

509 5910 782 5969 PaTROL.
828 5905 1053 5967 XXIII.
