4212 6446
828 447 900 512 75
2002 449 2061 506 S.
2103 445 2412 507 EUSEBII

2504 441 2899 502 .IERONYMI
4031 437 4099 496 76

828 582 1040 624 vocare.
1092 567 1155 620 Et
1215 568 1440 621 onmino
1491 567 1755 636 quidquid
1825 565 1957 621 foris
2008 567 2302 636 gesserim,
2338 569 2467 623 etA
2567 561 2753 616 LXIX.
2794 559 2964 615 Nemo
2995 558 3136 614 lavet
3185 557 3436 613 retractis
3490 557 3543 611 in
3596 558 3764 610 altum
3835 557 4099 612 vestibus

824 661 1115 724 audierim,
1141 661 1195 714 in
1229 663 1561 716 monasterio
1585 676 1806 716 narrare
1841 677 1947 714 non
1984 669 2259 729 poterunt.

891 752 1076 808 LVIII.
1124 753 1181 808 Si
1231 754 1449 823 signum
1500 754 1685 807 datum
1737 753 1926 818 fuerit,
1963 762 2016 807 ut
2044 752 2396 823 egrediantur

821 848 890 904 ad
933 863 1090 919 Opus,
1134 849 1454 918 prmpositus
1507 848 1795 902 antecedet
1842 863 1980 913 eos.;
2029 858 2082 900 et
2133 847 2314 900 nullus
2343 847 2395 900 in

823 941 1155 994 monasterio
1185 941 1510 1005 remanebit,
1537 938 1642 992 nisi
1669 939 1714 992 is
1745 939 1831 992 cui
1862 938 2021 992 Pater
2050 940 2391 1007 pra-ceperit.

823 1031 892 1089 Et
922 1031 1030 1103 65
1071 1031 1126 1084 bi
1175 1031 1264 1101 qui
1295 1040 1546 1100 pergunt,
1574 1045 1680 1085 non
1715 1030 2131 1103 interrogabant
2159 1047 2266 1101 quo
2299 1045 2394 1084 va-

824 1125 976 1182 dant.

892 1215 1029 1272 LIX.
1059 1214 1307 1287 Cumque
1347 1217 1618 1272 universae
1661 1216 1858 1271 domus
1891 1216 1942 1268 in
1976 1231 2143 1268 unum
2186 1213 2389 1268 fuerint

821 1319 1181 1380 congregatae,
1236 1309 1436 1379 prioris
1479 1309 1671 1363 domus
1715 1309 2039 1376 prtepOs-itus
2072 1321 2264 1360 omnes
2293 1321 2392 1359 an-

821 1402 1052 1465 tecedet,
1090 1412 1142 1455 et
1175 1413 1395 1470 pergent
1417 1401 1566 1469 juxta
1595 1400 1840 1453 ordinem
1876 1399 2162 1452 domorum
2192 1410 2244 1451 et
2283 1400 2387 1451 ho-

822 1495 1030 1550 minum
1092 1494 1449 1562 singulorum.
1504 1490 1616 1546 Nec
1679 1492 1971 1561 loquentur
2027 1499 2244 1552 mutuo,
2296 1491 2389 1545 sed

822 1585 1200 1654 unusquisque
1249 1583 1315 1636 de
1337 1580 1641 1651 Scripturis
1672 1582 1878 1650 aliquid
1928 1583 2300 1636 meditabitur.
2332 1582 2390 1634 Si

825 1679 963 1734 forte
990 1680 1072 1734 eis
1102 1677 1296 1744 aliquis
1327 1677 1662 1739 occurrerit,
1703 1685 1757 1730 et
1795 1676 2029 1730 voluerit
2064 1692 2181 1729 cum
2211 1677 2392 1745 aliquo

821 1787 1010 1828 eorum
1051 1770 1222 1840 loqui,
1254 1770 1456 1839 janitor
1495 1769 1839 1830 monasterii,
1897 1771 1994 1838 qui
2050 1769 2178 1823 huic
2240 1769 2390 1838 operi

819 1864 1097 1934 delegatus
1119 1862 1303 1924 fuerit,
1347 1869 1608 1914 occurret
1642 1870 1695 1915 et
1723 1861 2080 1928 respondebit
2116 1862 2190 1922 ei,
2219 1875 2390 1928 eoque

2500 655 2621 724 plus
2653 669 2815 724 quam
2851 661 3121 706 statutum
3177 660 3297 715 est;
3333 666 3570 717 cumque
3602 652 3858 715 laverint,
3889 666 4098 704 omnes

2499 749 2705 818 pariter
2737 756 3100 800 revertentur.
3127 742 3180 797 Si
3219 745 3342 811 quis
3373 744 3701 798 remanserit
3729 757 3794 797 eo
3823 751 4090 810 tempore

2497 858 2607 912 quo
2641 841 2806 895 ibitur
2841 837 2907 894 ad
2963 838 3278 900 lavandum,
3312 837 3393 892 vel
3427 837 3479 890 in
3515 835 3772 904 praesenti
3809 850 3923 889 non
3961 833 4093 887 fue-

2499 936 2591 999 rit,
2625 931 2995 988 commonebit
3029 931 3381 1000 przepositum
3423 944 3608 990 suum,
3645 938 3700 983 et
3758 927 3850 980 ille
3902 927 4095 979 mittet

2495 1042 2618 1082 cum
2642 1043 2706 1082 eo
2725 1027 2954 1081 alterum
2984 1041 2998 1078 ἓ
3038 1034 3091 1080 et
3123 1025 3205 1081 sic
3235 1024 3346 1079 Ιοιο
3373 1025 3698 1079 vestimento
3731 1030 4094 1076 revertentur

2495 1120 2740 1175 domum.

2569 1209 2731 1265 LXX.
2775 1207 2998 1278 Vesperi
3051 1207 3197 1261 sicca
3233 1206 3555 1260 levitonaria
3593 1206 3804 1270 tollent,
3869 1216 3924 1260 et
3989 1205 4097 1258 da-

2500 1307 2630 1357 bunt
2664 1304 2938 1366 secundo,
2980 1302 3028 1354 id
3061 1311 3140 1354 cst
3171 1301 3218 1354 ei
3255 1300 3347 1368 qui
3402 1309 3528 1368 post
3585 1299 3944 1368 prtepositum
3977 1307 4091 1357 est,

2496 1409 2549 1452 et
2593 1398 2677 1448 ille
2711 1407 2928 1464 reponet
2960 1410 3020 1447 ea
3057 1393 3110 1448 in
3150 1395 3367 1448 cellula.

2565 1486 2752 1541 LXXI.
2796 1486 2951 1552 Quod
3013 1486 3058 1539 si
3107 1487 3250 1539 sicca
3304 1501 3409 1539 non
3477 1485 3714 1546 luet-int,
3759 1483 3936 1536 altera
4002 1485 4095 1533 die

2497 1580 2870 1649 expandentur
2911 1579 2977 1631 ad
3009 1581 3181 1631 solem
3216 1615 3230 1637 .
3290 1578 3464 1630 donec
3497 1581 3775 1629 siccentur
3819 1593 3834 1628 :
3871 1590 3977 1626 nec
4011 1576 4094 1624 dt-

2498 1673 2782 1724 mittentnr
2843 1671 2894 1722 in
2957 1672 3152 1721 ardore
3193 1666 3328 1720 solis
3369 1669 3491 1735 plus
3544 1683 3705 1734 quam
3762 1667 3815 1718 in
3885 1665 4090 1717 horam

2497 1765 2754 1827 tertiam;
2791 1776 3026 1830 cumque
3085 1760 3313 1814 collecta
3379 1758 3629 1820 fuerint,
3672 1758 3872 1812 leviter
3937 1756 4090 1808 tuoi—

2498 1857 2716 1909 licttur.

824 1926 1049 2010 utenvtur
1084 1954 1298 2008 nuntio.
1342 1948 1398 2006 Si
1441 1952 1642 2021 jauitor
1673 1926 1855 2006 coram
1909 1967 2016 2006 non
2045 1951 2228 2012 fuerit,
2259 1926 2392 2018 prze-
2428 1926 2468 1980 Β
2572 1945 2783 1999 LXXII.
2811 1946 2916 2001 Nec
2947 1947 3207 2000 tenebunt
3248 1961 3309 2000 ea
3340 1947 3537 2016 singuli
3566 1947 3706 2014 apud
3738 1961 3815 2006 se,
3851 1944 3945 1998 sed
3986 1943 4090 1997 da-

822 2048 1031 2117 positus
1060 2048 1275 2108 domus,
1313 2045 1394 2100 vel
1420 2044 1560 2098 alius
1598 2043 1687 2098 cui
1728 2045 1832 2098 hoc
1874 2043 2034 2097 fuerit
2063 2043 2393 2112 injunctum,

821 2140 1238 2194 occurrentibus
1268 2137 1636 2205 reSpoudebit.

892 2229 1003 2285 LX.
1069 2229 1370 2296 Operantes
1433 2228 1565 2280 nihil
1622 2228 1916 2296 loquentur
1956 2226 2254 2290 sceculare;
2303 2227 2394 2280 sed

822 2331 915 2374 aut
951 2320 1356 2374 meditabuutur
1381 2333 1444 2373 ea
1472 2332 1590 2387 qua:
1638 2317 1843 2387 scripta
1889 2329 2016 2372 sunt
2049 2321 2090 2381 ‘,
2123 2327 2217 2372 aut
2248 2327 2396 2372 certe

822 2413 1082 2468 silebtmt.

892 2504 1025 2560 LXI.
1063 2503 1231 2559 Nemo
1255 2505 1528 2573 palliolum
1563 2503 1772 2557 lineum
1802 2501 1956 2556 tollet
1981 2517 2167 2557 secum
2188 2502 2394 2557 vadens

821 2597 886 2651 ad
935 2596 1301 2666 operaudum,
1359 2595 1467 2652 nisi
1524 2597 1666 2648 forte
1722 2594 2082 2649 concessione
2115 2595 2391 2666 majoris:

821 2693 1047 2760 ipsoque
1082 2691 1302 2759 palliolo
1348 2689 1401 2743 in
1437 2687 1772 2744 monasterio
1808 2686 2102 2743 ambulans
2137 2698 2257 2758 post
2283 2689 2397 2743 col-

820 2783 1012 2837 lectam
1043 2781 1221 2834 nullus
1245 2792 1449 2835 utetur.

891 2870 1056 2926 LXII.
1092 2871 1338 2940 Operans
1400 2887 1508 2926 non
1565 2874 1776 2932 sedebit
1831 2879 1953 2935 sine
2007 2880 2234 2951 majoris
2295 2881 2397 2934 im-

825 2980 994 3036 perio.

895 3055 1080 3112 LXIII.
1132 3056 1395 3113 Ductores
1447 3058 1674 3115 fratrum
1719 3061 1775 3117 in
1803 3063 2020 3128 itinere,
2058 3065 2102 3120 si
2142 3080 2397 3121 necessa-

825 3151 964 3203 rium
1025 3150 1314 3203 habuerint
1373 3151 1607 3220 aliquem
1669 3156 1915 3225 mittere,
1970 3159 2085 3213 sine
2118 3158 2391 3226 praepositi

2501 2040 2657 2099 bunt,
2703 2046 2759 2090 ut
2797 2049 3130 2107 reponantur
3165 2038 3218 2090 in
3273 2039 3463 2092 cellam
3519 2053 3691 2107 usque
3737 2038 3804 2091 ad
3869 2037 4096 2090 Subba-

2498 2138 2636 2182 IIII".

2567 2221 2804 2277 LXXIII.
2837 2221 3026 2277 Nullus
3066 2222 3133 2277 de
3192 2224 3352 2278 horto
3413 2223 3565 2276 tollat
3605 2221 3754 2274 olera
3787 2261 3802 2283 ,

2495 2312 2786 2367 hortulano
2809 2319 3096 2382 acceperit.

2567 2404 2803 2460 LXXIV.
2863 2406 3177 2461 Palmarum
3219 2406 3388 2471 I'olia,
3435 2423 3499 2462 ex
3548 2409 3750 2476 quibus
3810 2416 4087 2462 texuntur

2495 2510 2714 2563 sponse,
2748 2513 2907 2552 nemo
2935 2511 3036 2553 suo
3061 2498 3184 2569 jure
3206 2501 3376 2566 tollet,
3417 2499 3623 2568 absque
3654 2513 3720 2552 eo
3752 2499 3836 2551 cui
3887 2502 4091 2567 [ulnae

2497 2591 2715 2643 creditae
2755 2601 2903 2644 sunt.

2570 2682 2779 2737 LXXV.
2817 2682 3010 2738 Nullus
3046 2699 3180 2738 uvas
3220 2693 3314 2737 aut
3355 2683 3539 2753 spicas
3579 2682 3762 2736 adhuc
3817 2683 4093 2735 immatu-

2498 2790 2588 2828 ras
2622 2774 2906 2828 comedere
2956 2775 3154 2828 audeat
3195 2783 3393 2843 praeter
3421 2773 3669 2826 ordinem
3717 2773 4035 2839 disciplina:
4077 2790 4090 2825 ε

2496 2881 2550 2923 et
2584 2870 2808 2924 omnino
2857 2870 2926 2924 de
2954 2870 3212 2925 omnibus
3245 2884 3366 2938 qua!
3415 2871 3466 2923 in
3519 2885 3649 2939 agro
3708 2880 3862 2932 sunt,
3900 2871 3987 2921 vel
4037 2872 4087 2922 in

2498 2961 2760 3028 pomariis
2787 3000 2802 3023 ,
2878 2974 3037 3014 nemo
3103 2969 3353 3013 coniecit
3403 2961 3697 3028 separatim
3726 3000 3741 3023 ,
3776 2971 4084 3030 antequam

2497 3053 2706 3106 cunctis
2735 3052 2992 3105 fratribus
3017 3052 3220 3120 pariter
3269 3053 3630 3105 exbibeantur
3659 3051 3699 3105 ³.

2571 3149 2802 3202 LXXVI.
2838 3147 2941 3214 Qui
2999 3159 3198 3219 coquet
3254 3148 3365 3220 [ΑΙ.
3424 3149 3725 3222 coquent],
3777 3159 4086 3219 antequam

3865 2222 3978 2277 nisi
4015 2222 4086 2275 ab

821 3242 1065 3308 jnssione
1094 3257 1201 3295 non
1228 3253 1496 3311 poterunt.
1533 3243 1689 3310 Quod
1727 3247 1769 3299 si
1802 3248 1917 3314 Ipse
1950 3251 2044 3318 qui
2073 3250 2270 3305 ductor
2303 3261 2386 3305 est

2504 3241 2696 3294 fratres
2759 3239 3078 3304 comedant,
3147 3255 3254 3294 non
3320 3242 3560 3310 gustabit
3617 3239 3758 3311 [ΑΙ.
3796 3243 4092 3296 audebunt

827 3345 1112 3401 cogeretur
1141 3331 1250 3404 [ΑΙ.
1291 3333 1527 3406 cogitur]
1575 3338 1904 3391 necessitate
1946 3339 2024 3392 ire
2059 3341 2122 3393 ad
2157 3342 2396 3408 aliquem

824 3421 1026 3485 locum,
1067 3421 1300 3476 cilicium
1336 3437 1494 3477 suum
1534 3426 1582 3478 ei
1611 3425 1703 3494 qui
1730 3435 1851 3496 post
1881 3442 1940 3481 se
1982 3430 2140 3483 estin
2183 3432 2396 3496 ordine,

823 3513 1112 3581 delegabit.

891 3604 1078 3660 LXIV.
1139 3606 1288 3661 Missi
1347 3607 1587 3672 fratres,
1659 3608 1744 3662 vel
1810 3607 1946 3664 foris
2003 3611 2314 3674 constituti,
2348 3613 2394 3666 si

822 3699 1025 3766 absque
1059 3700 1388 3753 monasterio
1432 3711 1749 3760 vescentur.
1801 3701 2265 3758 hebdomadarius
2302 3707 2394 3773 qui

822 3807 914 3844 eos
948 3793 1215 3860 sequitur,
1248 3791 1395 3844 dabit
1417 3791 1566 3844 cibus
1591 3792 1800 3862 absque
1821 3797 2067 3847 coctione
2096 3800 2397 3863 pulmenti;

822 3899 874 3938 et.
931 3887 1047 3950 Ipse
1098 3901 1295 3952 aquam
1348 3885 1700 3938 circumferet
1769 3898 1822 3940 et
1875 3886 2031 3953 juxta
2084 3889 2282 3941 vitrum
2331 3892 2398 3942 ἐ

824 3978 1116 4042 nullusque
1173 3977 1452 4041 surgendi,
1515 3981 1594 4030 vel
1648 3977 1980 4043 hauriendi,
2039 3979 2122 4033 vel
2181 3979 2399 4034 bibendi

825 4068 1048 4120 habebit
1090 4078 1436 4134 potestatein.

895 4154 1057 4211 LXV.
1107 4156 1337 4225 Quando
1371 4169 1723 4213 revertuntur
1752 4159 1803 4211 in
1838 4161 2200 4224 monasterio,
2241 4177 2400 4216 nemo

825 4261 890 4298 cx
922 4247 1110 4300 ordine
1145 4247 1466 4301 remanebit.

897 4335 1083 4390 LXVI.
1115 4337 1250 4391 Cum
1289 4339 1352 4392 ad
1387 4339 1582 4393 dooms
1629 4354 1757 4393 suas
1807 4353 2193 4407 pervenerunt,
2233 4341 2402 4398 ferra-

827 4441 1010 4483 menta
1039 4431 1239 4498 quibus
1263 4445 1401 4500 opus
1428 4431 1697 4496 fecerunt,
1737 4442 1789 4486 et
1821 4433 2044 4501 gallicas
2077 4436 2292 4489 tradent
2331 4439 2401 4500 ei,

828 4521 916 4589 qui
954 4520 1231 4574 secundus
1263 4532 1344 4573 est
1382 4531 1502 4588 post
1550 4522 1900 4589 praepositum
1957 4524 2192 4590 domus;
2227 4534 2282 4578 et
2314 4525 2404 4579 ille

2503 3332 2711 3403 ωιτη.

2575 3423 2834 3479 LXXVII.
2899 3424 3006 3490 Qui
3035 3440 3202 3494 super
3233 3424 3441 3493 palmas
3470 3437 3552 3480 est
3589 3442 3694 3480 non
3727 3429 3985 3483 comedet
4020 3430 4088 3483 dc

2503 3517 2772 3571 fructibus
2794 3532 3008 3579 earum,
3043 3518 3147 3570 nisi
3187 3519 3340 3585 prius
3372 3517 3572 3572 fratres
3603 3520 3974 3573 comederint.

2575 3605 2858 3660 LXXVIII.
2890 3606 2946 3662 Si
2978 3609 3119 3678 jussi
3145 3609 3349 3663 fuerint
3383 3612 3685 3678 palmarum
3724 3610 3944 3666 fructus
3975 3613 4094 3666 col-

2505 3702 2710 3771 Iigerc,
2772 3704 3095 3773 prmpositus
3149 3705 3522 3774 colligentium
3565 3707 3719 3759 dabit
3779 3706 3834 3759 in
3888 3710 4093 3761 eodem

2506 3794 2622 3846 loco
2657 3795 2888 3861 singulis
2942 3795 3009 3849 ad
3063 3799 3392 3853 vescendum
3448 3798 3658 3850 modica
3698 3814 3711 3852 :
3745 3809 3799 3851 et
3853 3816 3984 3852 cum
4025 3803 4094 3853 ad

2506 3886 2898 3939 monasterium
2940 3888 3207 3952 venerint,
3242 3889 3382 3941 inter
3412 3899 3638 3943 caeteros
3678 3891 3878 3944 fratres
3901 3911 4096 3957 panes

2503 3995 2630 4033 suas
2663 3981 2950 4047 accipient.
2984 3980 3038 4032 Si
3071 3989 3252 4035 autem
3287 3982 3596 4036 invenerint
3644 3985 3746 4037 sub
3790 3987 4096 4040 arboribus

2505 4087 2664 4141 poma
2690 4071 2977 4134 cecidisse,
3010 4075 3299 4127 comedere
3341 4089 3448 4126 non
3492 4076 3808 4140 audebunt,
3859 4081 3960 4132 sed
3999 4096 4098 4134 re-

2504 4174 2656 4232 perta
2710 4163 2765 4216 in
2810 4163 3046 4217 transitu
3083 4164 3236 4232 juxta
3291 4165 3507 4220 radices
3540 4169 3801 4220 arborum
3844 4172 4098 4225 colloca-

2506 4253 2660 4308 bunt.
2691 4253 2812 4322 Ipse
2842 4269 3081 4322 quoque,
3109 4256 3208 4323 qui
3243 4259 3458 4311 caeteris
3483 4258 3871 4328 colligentibus
3900 4263 4102 4315 distri-

2505 4347 2644 4408 buit,
2685 4357 2904 4414 gustare
2932 4362 3038 4399 non
3072 4348 3269 4415 poterit
3298 4363 3313 4411 ;
3351 4350 3446 4402 sed
3489 4350 3728 4415 portabit
3758 4352 3822 4403 ad
3861 4352 4100 4422 dispen-

2505 4449 2742 4494 satorem
2764 4480 2776 4501 ,
2813 4440 2905 4508 qui
2937 4455 3059 4492 cum
3092 4442 3305 4494 caeteris
3332 4441 3545 4498 dederit
3576 4443 3864 4509 fratribus,
3902 4459 3960 4499 et
3994 4450 4098 4516 ipsi

2507 4530 2712 4584 tribuat
2745 4541 2955 4596 partem
2985 4548 3163 4586 suam.

829 4613 1029 4700 inferet
1057 4627 1117 4665 ea
1180 4626 1409 4700 vespere
1469 4613 1521 4664 in
1561 4615 1814 4666 cellulam
1852 4625 2185 4682 separatam,
2222 4617 2402 4685 ibique
2438 4606 2478 4658 ο
2579 4621 2816 4674 LXXIX.
2859 4620 3052 4675 Nullus
3103 4623 3156 4674 in
3214 4625 3407 4676 cellula
3444 4640 3542 4678 sua
3584 4639 3812 4695 reponat
3875 4631 4093 4700 aliquid

830 4699 1136 4754 concludet.
1196 4697 1396 4752 Omnia
1433 4708 1615 4752 autem
1654 4701 2009 4764 ferramenta,
2065 4703 2402 4758 hebdomade

830 4807 948 4847 com
962 4794 1126 4860 pleta,
1157 4791 1577 4860 reportabuntur
1601 4793 1651 4845 in
1682 4808 1842 4845 unam
1868 4795 2087 4846 deruunt
2113 4812 2125 4847 :
2145 4807 2194 4848 et
2215 4812 2404 4850 rursus

829 4886 921 4953 qui
953 4883 1252 4937 succedunt
1302 4882 1663 4948 hebdomade,
1727 4886 1957 4952 singulis
1994 4886 2248 4941 domibus
2303 4905 2404 4942 no-

831 4975 1006 5028 verint
1032 4976 1161 5044 quid
1187 4975 1543 5030 distribuant.

902 5068 1108 5122 LXVII.
1152 5068 1561 5122 Levitonarium
1612 5081 1663 5122 et
1690 5071 1960 5139 quidquid
2018 5071 2070 5124 iu
2128 5085 2272 5124 veste
2330 5083 2412 5124 est

832 5161 1251 5225 monachorum,
1289 5174 1448 5213 nemo
1477 5160 1618 5212 lavet
1662 5162 1715 5212 in
1753 5162 1838 5214 die
1877 5161 2178 5223 Uumiuica,
2217 5175 2412 5230 pra-ter

834 5257 1026 5301 nautas
1057 5259 1106 5300 et
1139 5249 1514 5315 pistriuarios.

900 5339 1133 5393 LXVIII.
1179 5338 1286 5391 Nec
1319 5341 1516 5392 vadunt
1542 5341 1606 5392 ad
1639 5343 1927 5394 lavandum
2143 5347 2250 5397 nisi
2284 5363 2402 5396 om-

837 5439 997 5488 nibus
1083 5450 1248 5486 onum
1317 5434 1530 5503 signum
1594 5437 1932 5503 insonuerit;
1994 5452 2402 5508 sequenturquc

836 5526 1183 5594 prJ'posiluni
1227 5541 1406 5587 suum,
1457 5537 1509 5578 et
1541 5530 1795 5580 lavabunt
1851 5533 1998 5583 ωειιὴ
2060 5547 2183 5584 cum
2236 5533 2403 5585 disci-

839 5622 1004 5686 ‘i'ill‘d.

908 5820 920 5846 ‘
955 5819 1124 5886 Set-us
1159 5826 1367 5871 veteres
1390 5818 1608 5882 vulgati,
1635 5834 1750 5886 qum
1775 5831 1957 5870 sancta
1987 5832 2129 5875 sunt.

905 5893 924 5919 ι
956 5885 1158 5953 Malim,
1191 5899 1454 5956 expuncta
1487 5898 1532 5939 et
1549 5892 1832 5956 particula,
1867 5905 2022 5954 )ltxttl
2060 5907 2224 5944 t'It'Itm
2255 5893 2376 5964 legi,

2507 4715 2572 4766 ad
2609 4713 2957 4778 vescendum,
2991 4714 3199 4783 absque
3232 4715 3316 4769 his
3355 4731 3476 4784 qua:
3507 4733 3537 4771 a
3566 4720 3955 4786 dispensatore
3999 4742 4097 4778 ac-

2506 4806 2727 4869 cepern.

2579 4895 2789 4949 LXXX.
2831 4897 2904 4951 De
2944 4899 3184 4966 parvulis
3222 4909 3402 4952 autem
3441 4903 3693 4970 panibus,
3735 4906 3826 4971 qui
3888 4907 4101 4961 dantur

2513 4991 2802 5042 domorum
2840 4991 3170 5057 praepositis,
3226 5000 3284 5044 ut
3338 4993 3424 5045 liis
3470 5010 3566 5048 eos
3604 4997 3962 5059 distribuant,
4003 5005 4100 5070 qui

2513 5082 2705 5133 nolunt
2743 5083 2795 5132 in
2827 5097 3117 5135 commune
3133 5082 3239 5151 67
3268 5087 3411 5136 \'e..ci
3447 5102 3570 5136 cum
3598 5090 3900 5148 ρίιτιει·ἱδ,ιςε
3932 5095 4100 5158 ψηηὶ

2513 5171 2704 5235 majori
2739 5172 3082 5223 abstinentia:
3124 5191 3182 5222 se
3219 5173 3490 5237 dedicant,
3527 5178 3598 5228 ita
3652 5180 3948 5231 observare
4001 5188 4102 5236 tle-

2515 5262 2738 5321 bebunt,
2780 5270 2838 5312 ut
2907 5263 3038 5313 nulli
3094 5263 3226 5315 dent
3283 5264 3432 5328 juxta
3469 5268 3724 5331 gratiam,
3763 5282 3829 5320 ne
3872 5277 4103 5334 preti-ci-

2517 5351 2694 5402 scenti
2732 5351 2950 5417 quidem
2981 5366 3224 5419 peregre.
3258 5350 3368 5405 Nec
3393 5367 3669 5422 ponantur
3704 5357 3759 5408 in
3795 5359 4046 5410 medium
4085 5377 4098 5411 :

2514 5443 2605 5493 sed
2641 5445 2859 5508 quando
2905 5445 3194 5496 comedere
3251 5445 3460 5506 volunt,
3497 5461 3621 5498 cum
3655 5449 3946 5517 disciplina
4003 5458 4103 5505 tta-

2515 5533 2717 5585 buntur
2749 5535 2800 5585 in
2832 5536 3065 5596 cellulis,
3103 5546 3155 5589 ct
3189 5550 3311 5588 cum
3339 5538 3420 5590 his
3447 5539 3579 5590 nihil
3609 5539 3752 5592 aliud
3781 5545 4101 5606 comedent,

2521 5628 2619 5677 nisi
2676 5627 2843 5677 salem
2890 5638 3124 5679 tantum.
3171 5628 3372 5683 Practer
3410 5635 3735 5685 monasterii
3772 5646 3953 5687 auten:
4012 5654 4105 5690 co-

2527 5830 2667 5892 quod
2701 5838 2779 5879 est
2811 5828 2963 5893 juvta
3000 5831 3333 5894 singulorum
3365 5833 3628 5892 ordinem.
3668 5851 3774 5889 non
3804 5845 4022 5893 vitrum.

2567 5901 2583 5925 ⁵
2615 5906 2840 5961 :tatzus,
2869 5915 2964 5964 pur
2987 5903 3222 5952 exhibtut
3253 5917 3270 5954 .'
3298 5905 3389 5955 alii
3413 5921 3615 5970 \crtus,
3648 5921 3796 5973 pater
3829 5921 4100 5964 etin-reet.
