4212 6448
795 377 862 437 79
1966 392 2026 456 s.
2063 390 2371 452 EUSEBII
2407 391 2848 452 llIERONYMI
3985 388 4063 449 80

867 488 974 542 CV.
1005 488 1058 541 Si
1091 492 1212 557 quis
1245 492 1466 544 fratrum
1518 495 1677 550 la‘sus
1718 497 1880 552 fuerit
1922 509 2012 552 aut
2044 516 2356 568 percussus,
2392 506 2434 564 Α
2465 503 2556 555 sed
2586 505 2796 571 Signum
2836 503 3042 558 dabunt
3073 503 3158 557 his
3195 502 3286 572 qui
3321 513 3550 574 possunt
3575 504 3794 566 aﬂerre,
3842 505 4059 573 quibus

795 589 845 634 et
866 589 1045 635 tamen
1079 584 1273 638 lectulo
1301 601 1405 639 non
1442 588 1748 644 discumbet
1778 590 1883 661 [ΑΙ.
1915 591 2234 663 decumbit],
2263 595 2354 647 sed

794 674 1106 728 tleambnlat
1151 675 1440 744 invalidus,
1473 689 1528 733 et
1557 683 1734 750 aliqua
1789 699 1846 737 re
1881 684 2158 754 indigebit,
2192 688 2359 740 vesti-

795 776 976 821 mento
1017 766 1296 835 videlicet,
1334 771 1417 825 vel
1473 773 1721 842 palliolo,
1785 783 1837 829 et
1874 780 2085 832 t'ateris
2120 779 2361 832 utensili-

795 856 897 910 hus
919 896 933 920 ,
983 860 1306 925 praepositus
1351 861 1542 916 domus
1571 864 1689 932 ejus
1723 869 1878 920 vadet
1908 868 1973 922 ad
2013 884 2130 937 eos,
2162 873 2360 940 quibus

797 947 1026 1002 fratrum
1085 951 1356 1005 vesticulte
1403 956 1708 1012 commissae
1755 968 1906 1022 sunt,
1959 970 2011 1013 et
2047 963 2276 1032 accipiet
2307 973 2360 1018 et

798 1039 1017 1096 dabit’.
1044 1040 1290 1111 Cumque
1344 1058 1512 1100 sanus
1572 1045 1758 1116 fuerit,
1819 1053 2117 1120 reportabit
2153 1056 2357 1124 alisque

793 1136 897 1188 ulla
928 1152 1098 1191 mora.

862 1248 992 1306 CVI.
1019 1251 1189 1309 Nemo
1223 1257 1291 1310 ab
1311 1257 1483 1313 altero
1504 1259 1735 1327 accipiet
1755 1260 2052 1330 quidpiam,
2085 1262 2184 1316 nisi
2211 1279 2355 1333 prte-

790 1344 1004 1410 positus
1029 1347 1276 1416 jusserit.

857 1432 1016 1490 CVII.
1056 1437 1254 1493 Clausa
1307 1440 1438 1494 cella
1498 1442 1677 1496 nullus
1723 1443 1996 1510 dormiat,
2053 1463 2150 1502 nec
2188 1448 2358 1503 habe-

793 1525 870 1580 bit
901 1528 1219 1585 cubiculum
1256 1534 1396 1596 quod
1441 1533 1618 1588 claudi
1665 1537 1859 1603 possit,
1903 1539 2006 1592 nisi
2043 1538 2177 1592 forte
2207 1543 2350 1594 εειίηί

784 1615 1019 1686 alicujus
1045 1622 1126 1674 vel
1165 1622 1469 1678 infirmitati
1505 1625 1666 1680 Pater
1700 1629 2019 1682 monasterii
2057 1644 2349 1685 concesse-

785 1708 876 1762 rit.

853 1798 1032 1855 CVIII.
1065 1802 1120 1855 In
1157 1804 1335 1858 villam
1380 1806 1565 1861 nullus
1597 1807 1754 1862 vadat
1794 1809 1897 1862 nisi
1940 1809 2163 1873 missus,
2193 1824 2350 1864 exce-

784 1891 891 1957 ptis
913 1894 1279 1958 armentariis,
1311 1904 1363 1949 et
1384 1895 1658 1958 bubulcis.
1683 1907 1736 1951 et
1762 1896 2038 1965 agricolis.

851 1985 991 2041 CIX.
1026 1985 1139 2041 Sub
1175 1987 1377 2042 nudum
1418 1987 1642 2043 dorsum
1697 1990 1835 2042 asini
1871 1990 1978 2042 duo
2009 1991 2214 2058 pariter
2246 2006 2351 2045 non

779 2076 1071 2144 sedebant,
1099 2093 1197 2134 nec
1226 2094 1392 2149 super
1419 2080 1658 2147 tegmine
1706 2079 1933 2150 plaustri
1975 2083 1994 2112 ’
2013 2120 2027 2135 .

852 2166 969 2222 CX.
999 2168 1054 2223 Si
1090 2169 1246 2223 asino
1280 2171 1476 2225 sedens
1507 2172 1714 2225 venerit
1737 2171 1959 2240 aliquis,
2006 2182 2227 2240 excepta
2274 2171 2355 2225 in-

781 2261 1055 2324 ﬁrmitate,
1097 2259 1313 2315 desiliet
1335 2271 1460 2315 ante
1489 2261 1635 2317 fores
1670 2263 2013 2328 monasterii,
2041 2274 2094 2320 et
2127 2266 2207 2320 sic
2247 2266 2352 2320 asi-

773 2369 908 2408 num
938 2351 1281 2424 praecedens,
1321 2351 1562 2407 funiculo
1584 2354 1746 2409 ducet
1777 2355 1842 2410 ad
1872 2369 2114 2410 manum.

847 2443 987 2500 CXI.
1042 2445 1123 2499 Ad
1163 2443 1476 2498 tahernulas
1513 2440 1624 2515 [ΑΙ.
1669 2444 1936 2518 ofﬁcinas]
1997 2448 2348 2503 diversarum

777 2538 977 2592 artium
1025 2538 1124 2594 soli
1181 2549 1408 2609 pergent
1437 2540 1736 2608 praepositi,
1773 2549 1834 2594 ut
1873 2541 2152 2611 accipiant
2203 2544 2347 2612 quod

772 2631 1151 2685 necessarium
1184 2640 1291 2684 est.

848 2739 1007 2797 CXII.
1051 2739 1153 2810 Ipsi
1214 2738 1324 2811 [ΑΙ.
1373 2736 1512 2810 ipse]
1567 2751 1789 2808 quoque
1839 2748 1966 2794 ante
2019 2740 2346 2806 meridiem,

777 2836 995 2906 quando
1049 2836 1242 2890 fratres
1294 2835 1359 2888 ad
1417 2833 1747 2888 vescendum
1785 2842 2072 2896 vocantur,
2107 2834 2188 2887 ire
2236 2850 2344 2888 non

777 2934 1055 2995 poterunt,
1087 2924 1194 2980 nisi
1225 2923 1366 2978 forte
1412 2923 1619 2992 quaevis
1649 2923 1930 2977 incumbat
1951 2926 2268 2988 necessitas,
2294 2935 2348 2979 et

776 3019 1010 3074 consilio
1047 3018 1223 3072 Patris
1257 3017 1573 3071 monasterii
1621 3015 1801 3068 mittet
1847 3014 2305 3071 hebdomadarius
2330 3059 2344 3080 ,

778 3121 835 3165 ut
862 3109 1069 3165 deferat
1099 3109 1240 3179 quod
1270 3122 1496 3163 necesse
1525 3118 1632 3162 cet.
1664 3107 1729 3162 Et
1752 3108 1974 3161 omnino
2001 3107 2112 3177 70
2143 3110 2346 3178 absque

2468 596 2726 664 itttligt'ttt.

2535 710 2738 765 CXVII.
2789 711 3016 775 Quando
3051 713 3115 766 ad
3169 713 3505 767 miscendam
3575 710 3808 765 farinam
3865 711 4051 762 vocati

2468 801 2690 863 fuerint,
2733 803 2913 856 nullus
2948 804 3185 858 resideat
3219 807 3270 859 in
3298 805 3421 860 loco
3453 818 3625 874 panes
3659 803 4054 871 coquentium.

2464 897 2712 964 excoptis
2741 896 2824 950 bis
2856 896 2945 966 qui
2977 897 3215 950 coctioni
3263 894 3557 959 sumcient,
3602 903 3656 948 et
3700 894 3909 963 quibus
3935 892 4056 961 jus-

2463 1001 2581 1039 snm
2614 997 2719 1050 est,
2748 1003 2906 1042 nemo
2942 987 3232 1042 residebit.

2531 1099 2761 1154 CXVIII.
2800 1101 2854 1155 lo
2882 1099 3116 1156 navibus
3141 1115 3363 1171 quoque
3398 1100 3598 1154 similis
3622 1097 3917 1164 disciplina
3942 1103 4053 1149 est.

2460 1191 2629 1246 Nemo
2684 1203 2862 1246 autem
2933 1210 2960 1247 a
3010 1204 3152 1247 terra
3204 1194 3379 1247 solvet
3432 1191 3741 1246 funiculum
3784 1191 3805 1221 ⁸
3838 1189 4057 1256 absque

2455 1283 2703 1351 jussionc
2734 1282 2934 1348 Patris,
2967 1301 3035 1340 ne
3061 1285 3303 1340 lembum
3347 1285 3591 1355 quidem.

2530 1377 2716 1432 CXIX.
2761 1377 2816 1432 In
2871 1379 2990 1433 loco
3022 1381 3252 1434 sentinae
3289 1387 3343 1433 et
3374 1379 3638 1434 interiore
3681 1386 3836 1447 parte
3867 1373 4053 1433 navis.

2459 1471 2668 1525 caeteris
2721 1471 2980 1525 fratribus
3009 1486 3172 1538 super
3207 1480 3446 1526 transtra
3495 1480 3551 1524 et
3586 1470 3833 1523 tabulata
3901 1466 4059 1536 quic-

2458 1564 2761 1627 sccntibus,
2809 1563 2993 1617 nullus
3041 1563 3311 1627 dormiat,
3357 1571 3410 1618 et
3450 1563 3745 1617 saeculares
3799 1560 4057 1614 homines

2456 1652 2696 1706 dormire
2728 1667 2913 1707 secum
2946 1653 2999 1706 in
3034 1653 3156 1706 navi
3196 1668 3355 1707 nemo
3391 1652 3649 1722 patietur.
3688 1649 3831 1704 Vasa
3895 1648 4055 1701 infir-

2456 1745 2630 1797 miora
2667 1760 2790 1797 eum
2843 1745 3059 1800 ceteris
3095 1743 3175 1798 eis
3204 1759 3311 1798 non
3349 1744 3716 1813 navigabunt;
3765 1740 3873 1795 nisi
3910 1739 4053 1793 forte

2387 1852 2426 1905 ῃ
2459 1834 2617 1888 Pater
2658 1836 2982 1890 monasterii
3018 1837 3340 1905 praeceperit
3370 1834 3480 1906 [ΑΙ.
3515 1833 3825 1904 ρτωοερὶι].

2535 1928 2699 1983 CXX.
2733 1930 2924 1985 Nullus
2953 1931 3007 1983 in
3034 1931 3197 1984 domo
3230 1945 3328 1985 sua
3355 1929 3580 1983 audebit
3616 1927 3796 1982 focum
3839 1926 4049 1987 facere,

2463 2022 2568 2075 nisi
2601 2022 2653 2074 in
2685 2037 2974 2076 commune
3003 2023 3261 2077 omnibus
3290 2021 3681 2077 succendatur.

2533 2133 2718 2188 CXXI.
2746 2134 2847 2200 Qui
2883 2150 2988 2189 una
3021 2135 3270 2189 oratione
3302 2135 3371 2188 de
3419 2149 3510 2188 sex
3572 2133 3926 2186 orationibus
3955 2146 4052 2184 ve-

2473 2228 2736 2296 spertinis
2776 2227 2983 2281 tardius
3027 2229 3271 2292 venerit,
3303 2225 3386 2278 vel
3435 2226 3527 2295 qui
3561 2223 3957 2288 mussitare-rit,
3997 2234 4054 2275 et

2463 2319 2681 2373 locutus
2740 2318 2902 2372 fuerit
2957 2318 3025 2370 ad
3058 2317 3289 2370 alterum
3337 2317 3421 2370 vel
3472 2315 3763 2372 subriserit
3799 2315 3851 2367 in
3906 2312 4050 2366 rell-

2460 2409 2583 2479 quis
2612 2409 2983 2474 orationibus,
3017 2409 3319 2464 constituto
3348 2408 3543 2462 ordine
3586 2414 3714 2475 aget
3768 2404 4049 2474 pmuiten-

2461 2499 2612 2552 tiam.

2527 2611 2737 2666 CXXII.
2779 2611 3007 2678 Quando
3025 2613 3172 2668 domi
3199 2611 3491 2676 sedebant,
3523 2627 3629 2666 non
3661 2612 3741 2664 eis
3769 2611 3931 2664 liceat
3957 2611 4047 2664 lo-

2455 2702 2546 2772 qui
2585 2703 2790 2772 aliquid
2844 2704 3148 2771 saeculare;
3201 2705 3297 2760 sed
3348 2705 3392 2760 si
3434 2704 3563 2774 quid
3599 2705 3935 2772 praepositus
3976 2704 4048 2758 de

2458 2795 2756 2865 Scripturis
2783 2796 3032 2851 docuerit
3062 2839 3077 2863 ,
3110 2796 3353 2851 vicissim
3388 2796 3530 2850 inter
3556 2812 3615 2852 se
3647 2798 3955 2861 rumineut,
3987 2809 4045 2852 et

2457 2887 2696 2941 referant
2737 2902 2858 2956 quae
2884 2887 3006 2957 quis
3036 2886 3295 2951 audierit,
3323 2887 3409 2942 vel
3435 2900 3558 2957 quae
3612 2889 3932 2941 memoriter
3963 2896 4046 2942 te-

2457 2986 2640 3031 neant.

2525 3088 2628 3157 71
2670 3087 2906 3142 CXXIII.
2938 3087 3107 3145 Nemo
3139 3090 3441 3160 quidquam
3475 3091 3659 3161 operis
3691 3089 3874 3152 faciet,
3938 3108 4042 3146 nec

772 3204 1019 3273 jussione
1053 3201 1280 3272 majoris
1314 3200 1367 3254 in
1403 3198 1629 3253 alteram
1661 3199 1853 3254 cellam
1910 3200 2092 3253 nullus
2126 3201 2348 3256 audebit
2378 3203 2419 3259 C

2378 3203 2419 3259 ο
2460 3184 2695 3249 scyphos
2727 3183 2919 3249 plenos
2956 3196 3094 3251 aqua
3127 3183 3512 3248 circumferet,
3560 3199 3663 3238 nec
3727 3183 4039 3237 funiculum

779 3293 1028 3348 introire.

847 3383 1030 3440 CXIII.
1087 3384 1535 3440 Commendatum
1571 3381 1732 3436 etiam
1765 3380 1973 3449 aliquid
2012 3401 2040 3435 ει
2081 3397 2346 3453 germano

780 3477 946 3530 fratre
978 3475 1160 3530 nullus
1192 3475 1446 3544 accipiet.

848 3565 1032 3622 CXIV.
1067 3564 1212 3620 Nihil
1247 3566 1300 3620 iu
1340 3565 1475 3619 celfa
1519 3579 1616 3619 sua
1672 3566 1877 3633 absque
1930 3565 2198 3634 prmpositi
2233 3563 2349 3632 jus-

776 3662 930 3715 sione
959 3659 1225 3730 quispiam
1286 3659 1506 3721 condet,
1561 3673 1660 3712 nec
1710 3673 1868 3727 poma
1923 3658 2140 3728 quidem
2201 3658 2352 3713 vilis-

776 3752 913 3805 sima
947 3752 988 3818 ⁸,
1019 3760 1071 3805 et
1103 3759 1295 3805 caetera
1331 3750 1666 3819 bujusmodi.

844 3840 1004 3900 CXV.
1039 3841 1094 3896 Si
1119 3843 1436 3911 praepositus
1455 3843 1650 3897 domus
1677 3841 1901 3896 alterius
1924 3855 2199 3910 quoquam
2229 3856 2350 3910 pro-

777 3935 948 3991 fectus
987 3933 1175 3998 fuerit,
1218 3935 1357 3990 alius
1389 3935 1724 4005 praepositus
1761 3933 1782 3964 ⁵
1819 3933 1927 3988 dux
1965 3935 2067 3987 erit
2099 3933 2344 3999 ejusdem

775 4026 1001 4094 gentis,
1052 4033 1105 4078 et
1145 4026 1321 4079 tribus
1377 4034 1528 4094 geret
1567 4039 1755 4080 curam
1818 4025 2249 4090 proﬁciscentis,
2295 4037 2348 4078 et

777 4120 898 4184 ejus
924 4124 1106 4168 utetur
1128 4115 1512 4183 potestatibus,
1549 4130 1614 4170 ac
1653 4115 1887 4170 sollicite
1920 4116 2101 4170 omnia
2131 4113 2292 4169 faciet
2331 4131 2346 4168 :

785 4206 1202 4273 doctrinamque
1260 4208 1490 4260 duorum
1559 4207 1895 4277 jejuniorum
1960 4208 2033 4260 ita
2094 4206 2345 4272 dividet,

774 4309 831 4350 ut
861 4313 1023 4351 unam
1077 4300 1128 4352 in
1162 4313 1258 4352 sua
1292 4299 1476 4362 domo.
1538 4300 1764 4354 alteram
1834 4299 1888 4352 in
1949 4298 2345 4367 proficiscentis

775 4399 1054 4444 exerceat.

836 4497 1022 4552 CXVI.
1071 4497 1301 4564 Quando
1356 4498 1586 4551 farinam
1637 4509 2006 4568 caiisperguut
2061 4513 2236 4567 aqua.
2285 4509 2338 4552 et

772 4607 1002 4644 massam
1030 4595 1309 4660 subigunt,
1343 4606 1500 4644 nemo
1539 4592 1791 4657 loquatur
1812 4592 1986 4645 alteri.
2028 4590 2181 4644 Mane
2201 4609 2335 4659 quo-

771 4699 873 4750 que
906 4685 1123 4751 quando
1160 4683 1356 4736 tabulis
1397 4683 1463 4735 ad
1496 4683 1714 4735 furnum
1748 4682 1830 4734 vel
1866 4684 1931 4735 ad
1975 4685 2220 4736 clibanus
2249 4686 2341 4737 de-

775 4784 992 4841 portant
1033 4790 1198 4843 panes
1223 4815 1237 4838 ,
1272 4775 1447 4827 simile
1482 4776 1759 4828 habebunt
1806 4777 2106 4840 silentium,
2139 4789 2192 4829 ct
2223 4787 2340 4830 tan-

774 4878 884 4916 lillll
933 4864 1000 4918 de
1050 4864 1282 4920 Paultttis
1319 4874 1373 4919 ct
1418 4865 1483 4920 de
1518 4865 1820 4934 Scripturis
1851 4868 2051 4936 aliquid
2086 4871 2340 4920 decanta-

774 4959 905 5008 buttt
941 4953 1046 5026 [ΑΙ.
1103 4955 1576 5026 ttieditabuutur],
1624 4958 1798 5011 donec
1831 4972 1968 5025 opus
2024 4959 2336 5025 impleatur.

771 5044 828 5100 Si
857 5047 991 5116 quid
1048 5048 1424 5101 net-cesat'iutn
1483 5048 1791 5110 habuerint,
1850 5065 1953 5100 non
2021 5049 2330 5116 loquemur,

841 5247 857 5275 ⁸
892 5245 1123 5300 Voculas
1147 5256 1195 5298 et
1230 5246 1374 5298 dabit
1428 5263 1489 5299 ex
1539 5244 1785 5314 principe
1835 5244 2070 5298 editione
2117 5246 2337 5299 sufﬁci-

769 5331 911 5369 tuus.

840 5389 859 5417 ³
890 5384 1104 5440 Rursus
1135 5385 1322 5438 eadem
1352 5400 1475 5438 cum
1509 5384 1752 5450 antiquis
1787 5383 2141 5446 editionlbus,
2175 5385 2338 5454 idque

766 5458 964 5517 verius,
994 5467 1052 5509 ιιι
1088 5458 1314 5514 videtur.
1351 5471 1503 5520 super
1533 5465 1781 5507 temonem
1809 5454 2055 5519 plaustri.

839 5525 857 5554 ³
891 5525 1074 5580 ιειιιςρρ
1106 5525 1359 5578 vilissima
1409 5536 1457 5578 et
1508 5537 1696 5578 cwtera
1762 5523 2064 5591 bujusmodi
2099 5522 2170 5573 aI.
2233 5540 2336 5577 non

766 5597 1052 5647 Imitentur.

834 5662 856 5692 ⁸
891 5664 1051 5714 Iidem
1085 5665 1307 5725 addunt,
1334 5674 1423 5716 aut
1459 5662 1822 5732 quisecundus
1852 5671 1951 5724 est;
1982 5671 2096 5714 tum
2127 5661 2335 5728 legunt,

761 5751 939 5786 (uram
990 5733 1362 5798 proﬁciscentis
1412 5743 1673 5791 excitent,
1721 5733 1796 5782 νει
1845 5748 1990 5796 queat
2052 5733 2163 5795 ipse
2197 5749 2335 5795 prte-

761 5816 964 5869 posttus
1015 5803 1220 5870 elegerit
1253 5804 1315 5852 de
1363 5805 1639 5869 fratribus,
1677 5816 1722 5853 et
1758 5819 1938 5852 curam
1973 5804 2016 5853 ei
2056 5817 2205 5852 suam
2246 5803 2330 5853 itt-

2457 3273 2675 3340 quidem
2711 3273 3010 3341 torquebit,
3039 3273 3146 3328 nisi
3182 3276 3506 3343 praepositus
3552 3278 3805 3344 jusserit.

2526 3365 2766 3420 CXXIV.
2795 3365 2964 3419 Nemo
2990 3365 3193 3435 juncos
3231 3367 3446 3422 infusos
3480 3369 3533 3422 in
3565 3382 3706 3437 aqua
3768 3369 3872 3422 sibi
3929 3366 4040 3422 tol-

2456 3458 2527 3511 let
2558 3458 2622 3510 ad
2673 3458 3034 3526 operandam,
3094 3458 3198 3513 nisi
3258 3458 3516 3528 magister
3579 3457 3943 3512 hebdomadis
3985 3458 4037 3512 ei

2457 3550 2690 3604 dederit.

2522 3665 2730 3721 CXXV.
2763 3667 2863 3734 Qui
2899 3681 2992 3723 vas
3028 3667 3192 3722 fictile
3233 3666 3465 3736 fregerit
3501 3668 3546 3733 ⁸,
3590 3667 3862 3737 ctjuncos
3913 3676 4034 3719 ter-

2455 3759 2530 3812 tio
2559 3759 2840 3824 infuderit,
2875 3770 2998 3827 aget
3056 3758 3434 3826 pteuitentiam
3503 3773 3735 3829 vespere
3804 3758 3859 3810 in
3930 3773 4029 3812 sex

2452 3850 2811 3903 orationibus.

2524 3961 2760 4016 CXXVI.
2787 3966 2908 4014 Post
2946 3976 3037 4014 sex
3064 3961 3346 4014 orationes
3370 3959 3590 4029 quando
3621 3960 3685 4014 ad
3741 3961 4035 4017 dormien-

2450 4055 2577 4106 dum
2604 4068 2792 4107 omnes
2825 4062 3168 4120 separantur,
3198 4051 3332 4104 nulli
3370 4052 3574 4116 licebit,
3599 4061 3828 4121 excepta
3859 4069 4032 4110 causa

2452 4145 2819 4206 necessitatis,
2853 4144 3363 4213 egredicubiculum
3406 4160 3589 4199 suum.

2519 4234 2779 4290 CXXVII.
2822 4235 2877 4288 Si
2915 4235 3084 4289 frater
3113 4235 3423 4299 dormierit,
3459 4237 3639 4291 omnis
3668 4252 3794 4292 eum
3827 4239 4027 4294 frater-

2450 4326 2592 4380 nitas
2626 4335 3012 4394 prosequatur.
3048 4324 3218 4378 Nemo
3255 4327 3274 4354 ⁷
3314 4337 3632 4395 permaneat
3662 4329 3873 4397 absque
3907 4346 4025 4384 ma-

2444 4415 2579 4482 joris
2607 4415 2855 4482 imperio,
2895 4430 2993 4469 nec
3045 4415 3240 4484 psallat
3303 4415 3408 4469 nisi
3443 4415 3491 4468 ei
3548 4416 3764 4485 jussum
3815 4418 4023 4472 fuerit:

2452 4524 2546 4560 nec
2587 4515 2705 4572 post
2740 4507 2969 4559 alterum
3014 4508 3287 4574 psalmum
3339 4509 3532 4577 jungat
3590 4510 3829 4563 alterum
3904 4512 4026 4565 sine

2450 4600 2723 4667 prmposili
2763 4599 3062 4651 voluntate.

2514 4689 2796 4743 CXXVIII.
2838 4689 2950 4742 Duo
2991 4691 3149 4743 simul
3195 4699 3437 4758 tempore
3471 4692 3655 4745 luctus
3705 4707 3815 4746 non
3873 4696 4030 4761 psal-

2448 4779 2577 4833 lunt.
2607 4793 2702 4829 nec
2740 4778 3405 4843 pallioeircuntdabuntur
3439 4779 3549 4832 lino
3574 4779 3764 4851 [Forte
3809 4781 3985 4854 lineo]
4013 4824 4025 4835 .

2445 4868 2552 4920 Nec
2583 4870 2867 4935 quisquam
2898 4869 2999 4920 erit
3033 4872 3122 4933 qui
3179 4869 3435 4937 psallenti
3496 4887 3601 4924 non
3664 4873 4023 4940 respondeat.

2446 4961 2535 5012 Sed
2571 4959 2831 5027 jttugetur
2863 4970 2914 5012 et
2944 4960 3140 5025 gradu,
3178 4970 3230 5012 et
3261 4977 3391 5014 voce
3449 4977 3714 5016 consona.

2517 5049 2753 5102 CXXlX.
2792 5051 2892 5116 Qui
2960 5061 3041 5105 t-st
3103 5055 3374 5116 inlinitus,
3435 5055 3487 5107 in
3549 5055 3738 5108 funere
3800 5057 4027 5113 habebit

2452 5247 2692 5300 iunxerit.

2466 5266 2692 5300 tinxerit.

2437 5266 2468 5394 ἢ
2514 5317 2815 5394 '_Statittsi,
2838 5319 3124 5394 nauigium.
3158 5320 3450 5394 [articulum
3478 5340 3495 5384 ;
3527 5323 3617 5376 alii
3643 5325 4025 5394 eilitigtavigii

2442 5385 2738 5458 funiculum
2785 5385 3046 5458 {sedne
3074 5457 3078 5458 ί
3104 5389 3328 5440 lembum
3379 5395 3609 5458 quidem,
3649 5405 3722 5457 t-t,
3780 5393 3846 5446 lu
3905 5385 4023 5448 lo'co

2439 5457 2656 5508 sentinae
2696 5456 2898 5522 pariter
2931 5457 3330 5511 desiderantur.

2517 5525 2535 5552 ‘
2568 5523 2830 5591 Princeps
2854 5528 3021 5598 editio
3091 5527 3273 5598 addit,
3305 5530 3382 5581 vel
3435 5532 3671 5598 aliquam
3724 5533 4020 5584 utilitatem

2443 5596 2691 5646 adversus
2720 5596 3026 5647 monasterii
3060 5597 3190 5664 (leg.
3223 5599 3297 5649 t'cl
3326 5596 3559 5668 aliquam
3597 5619 3700 5653 rem
3732 5603 3916 5653 utilem
3948 5608 4019 5653 ml

2444 5667 2958 5734 ttsus‘monnsterii).

2517 5733 2532 5761 ⁷
2560 5731 2774 5781 Veteres
2809 5731 2959 5796 editi,
3018 5734 3183 5787 Nemo
3214 5749 3363 5789 exeat
3404 5740 3571 5806 foras,
3634 5755 3778 5792 nemo
3821 5741 4016 5809 loqun-

2446 5812 2547 5863 lttr,
2587 5817 2731 5854 nemo
2760 5817 3047 5867 tt‘mattettl,
3084 5819 3188 5858 t‘te.
