4212 6464
136 377 196 443 81
1003 388 1631 451 INTERPIIETATIO
1676 394 2003 457 REGULJZ
2040 398 2095 457 S.
2138 398 2532 463 PACHOMU.
3328 404 3401 468 82

136 500 444 555 ιηῖοίεηοω
490 502 583 571 qui
615 515 740 558 eum
774 512 1066 572 SBSlenlel.
1091 518 1146 564 et
1178 512 1404 565 omnino
1434 513 1498 566 ad
1526 528 1713 581 uttem-
1746 525 1786 581 Α
1821 533 1927 573 una
1961 528 2120 574 nocte
2153 521 2361 592 absque
2409 523 2670 578 fratribus
2720 523 3005 579 dormierit
3039 539 3052 575 :
3091 532 3148 575 et
3208 529 3394 588 postea

136 608 349 661 cunque
400 594 583 649 locum
647 598 800 652 missi
847 597 1051 655 fuerint
1112 604 1341 669 fratres,
1394 606 1462 660 de
1508 606 1711 662 hebdo-

139 686 392 740 tuadariis
436 688 725 747 habebunt
764 706 859 746 eos
890 692 981 761 qui
1008 697 1397 762 agroiantibus
1447 699 1710 763 sertiattt,

135 778 177 831 si
215 778 355 833 forte
404 780 461 833 in
520 782 724 837 itinere
792 784 875 839 vel
927 785 979 839 iu
1043 802 1173 857 agro
1226 790 1457 858 languor
1514 791 1713 862 obrepo

137 870 286 923 serit.

202 959 414 1014 CXXX.
454 960 630 1016 Nemo
663 974 788 1019 ante
816 969 1164 1035 praepositum
1220 982 1271 1025 et
1297 972 1490 1028 ducem
1552 992 1713 1032 suum

138 1055 373 1105 ambuiet
413 1070 427 1107 2
473 1056 663 1111 nullus
695 1069 971 1113 remaneat
996 1062 1063 1113 ab
1095 1062 1286 1119 ordine
1310 1082 1432 1121 suo.

206 1143 444 1199 CXXXI.
481 1149 539 1201 Si
572 1149 700 1219 quis
740 1149 949 1220 aliquid
999 1155 1317 1222 perdiderit,
1365 1168 1490 1215 ante
1538 1165 1715 1219 altare

141 1237 351 1302 publice
381 1241 744 1309 corripiatur.
780 1241 834 1296 Si
866 1259 997 1299 vero
1032 1247 1097 1300 de
1132 1251 1371 1318 propriis
1432 1255 1716 1310 resticulis

142 1325 471 1398 fueritquod
505 1334 783 1400 perditum
820 1345 923 1401 est,
974 1340 1146 1392 tribus
1192 1341 1554 1400 hebdomadis
1609 1361 1715 1400 non

142 1420 365 1484 accipiet
402 1438 420 1487 ;
451 1433 511 1476 et
553 1425 606 1478 in
635 1434 829 1494 quarta
863 1436 983 1482 acta
1040 1431 1362 1499 posuitetttia
1414 1436 1634 1491 dabitur
1668 1439 1719 1492 ei

141 1514 274 1577 quod
307 1515 587 1570 amiserit.

207 1602 474 1658 CXXXII.
510 1609 620 1673 Qui
664 1607 944 1666 invenerit
989 1612 1218 1682 aliquid,
1277 1631 1373 1687 per
1429 1628 1539 1672 tres
1602 1618 1721 1675 dies

144 1703 261 1747 ante
296 1698 593 1753 collectam
629 1702 862 1756 fratrum
926 1706 1242 1774 suspendet,
1305 1719 1360 1763 et
1414 1707 1605 1782 [Forte
1640 1712 1718 1785 ut]

146 1786 289 1837 tollat
324 1789 420 1854 qui
457 1794 805 1857 coanoverit.

1822 623 1940 666 acta
1978 614 2320 682 paenitudine
2374 615 2439 670 ad
2501 625 2828 670 conventum
2894 614 3104 669 venerit
3133 612 3392 674 fratrum,

1825 722 1933 761 non
1970 708 2017 761 ei
2051 709 2411 774 permittetur,
2436 720 2492 764 ut
2527 711 2761 765 introeat
2796 708 3039 771 domum,
3073 714 3293 761 autstet
3338 705 3393 760 in

1823 800 2017 853 ordine
2051 816 2153 854 suo
2185 804 2388 868 absque
2415 803 2643 872 majoris
2676 798 2932 869 imperio.

1899 892 2240 949 CXXXVIII.
2279 893 2453 949 Omne
2528 895 2669 964 quod
2729 894 2784 947 in
2840 899 3110 947 conventu
3159 890 3391 944 fratrum

1829 986 2127 1040 audierunt
2180 988 2548 1057 disputatum,
2607 987 2938 1040 necessitate
2991 990 3276 1052 cogentur,
3335 989 3398 1035 ut

1828 1078 1967 1133 inter
2016 1094 2074 1133 se
2133 1082 2416 1147 repliceut,
2473 1081 2809 1149 jejuniorum
2838 1077 3074 1132 maxime
3117 1085 3388 1145 tempore,

1826 1173 2044 1241 quando
2076 1186 2101 1224 a
2137 1174 2251 1226 suis
2288 1174 2557 1226 docentur
2580 1171 2908 1241 praepositis.

1900 1260 2194 1318 CXXXIX.
2232 1263 2334 1329 Qui
2370 1263 2519 1318 rudis
2548 1262 2938 1317 monasterium
2970 1259 3133 1313 fuerit
3187 1260 3398 1328 ingres-

1830 1371 1948 1422 sus,
1978 1356 2264 1411 docebitur
2312 1357 2462 1425 prius
2526 1372 2647 1424 quae
2699 1356 2897 1410 debeat
2952 1354 3294 1408 observare:
3349 1362 3402 1404 ct

1828 1462 1951 1501 cum
1988 1448 2186 1501 doctus
2244 1447 2308 1501 ad
2361 1448 2613 1501 universa
2678 1445 3040 1507 consenserit,
3093 1444 3299 1498 dabunt
3352 1444 3399 1495 ei

1830 1538 2298 1609 vigitttiPsaltuus
2358 1550 2410 1591 rt
2458 1540 2596 1592 duas
2656 1535 2929 1605 Epistolas
2985 1534 3251 1601 Apostoli,
3309 1543 3404 1586 aut

1829 1632 2063 1686 alterius
2099 1631 2397 1700 Scriptura:
2424 1640 2652 1699 partem.
2682 1628 2748 1682 Et
2779 1628 2823 1684 si
2850 1627 3057 1681 litteras
3109 1627 3399 1696 ignorare-

1833 1724 1923 1783 rit.
1961 1727 2091 1776 bora
2120 1725 2317 1793 prima,
2354 1733 2410 1778 et
2436 1723 2622 1787 tertia,
2654 1728 2708 1775 et
2751 1729 2907 1774 serta
2962 1720 3122 1773 vadet
3166 1722 3231 1771 ad
3276 1735 3399 1773 eum

1832 1814 1923 1884 qui
1954 1817 2147 1870 dot-ere
2172 1825 2369 1885 potest,
2427 1824 2481 1868 et
2537 1814 2627 1884 qui
2677 1814 2725 1869 ei
2776 1812 2941 1867 fuerit
2988 1812 3291 1881 tlelrgatus,
3352 1822 3403 1865 et

208 1878 504 1937 CXXXIII.
532 1882 769 1940 Cunctis
800 1887 1271 1958 increpationibus
1321 1899 1485 1959 atque
1521 1895 1722 1946 doctri-
1758 1884 1801 1943 Β
1833 1878 1871 1963 έι

1758 1884 2150 1963 Bstabitaute
2215 1909 2390 1973 illum,
2447 1917 2498 1961 et
2556 1908 2732 1962 discet
2784 1905 3214 1970 studiosissime,
3275 1920 3398 1958 cum

144 1975 242 2035 nis,
276 1992 520 2044 quarum
574 1980 779 2048 scripta
836 1991 917 2036 est
970 1994 1023 2038 et
1076 1984 1395 2049 constituta,
1455 1992 1727 2057 con-epuo

144 2070 420 2136 praepositi
453 2070 716 2137 sufﬁciet,
750 2083 805 2130 et
853 2077 981 2144 quid
1019 2088 1203 2133 autem
1256 2082 1379 2131 novi
1444 2081 1611 2135 fuerit
1672 2082 1726 2135 in

147 2160 384 2217 delicto:
422 2162 634 2218 referet
673 2167 741 2220 ad
775 2170 1072 2237 principem
1107 2174 1445 2228 monasterii.

216 2249 322 2319 72
384 2250 685 2309 CXXXIV.
747 2256 940 2312 Lutum
998 2263 1049 2313 in
1114 2262 1273 2317 dotno
1332 2266 1516 2321 nullus
1568 2267 1731 2322 faciat

150 2342 489 2411 absqueeo;
533 2356 589 2402 et
618 2363 782 2405 omne
821 2350 967 2422 quod
1011 2367 1211 2409 novum
1264 2364 1352 2412 cst
1404 2360 1551 2416 illius
1608 2377 1733 2416 seu-

154 2435 316 2488 tentia
347 2434 707 2504 disponetur.

218 2525 493 2584 CXXXV.
525 2531 721 2587 Omnis
763 2537 1036 2606 correptio
1068 2538 1138 2592 ita
1175 2540 1288 2605 fiat,
1334 2551 1390 2596 ut
1438 2540 1684 2597 distincti
1715 2543 1729 2573 ‘

152 2619 256 2673 sint
290 2623 385 2685 qui
437 2624 867 2693 corripiuntur;
918 2637 1177 2699 stentque
1213 2631 1268 2686 in
1310 2632 1509 2701 majori
1568 2637 1733 2691 colle-

151 2727 253 2771 cza.
279 2726 331 2766 ct
362 2717 413 2769 in
444 2719 707 2772 vescendi
738 2720 883 2776 loco.

216 2805 523 2862 CXXXVI.
558 2809 662 2874 Qui
698 2810 906 2879 absque
935 2814 1366 2872 commonitione
1390 2817 1620 2872 fratrum
1648 2834 1732 2873 re-

152 2903 397 2963 cesserit,
433 2912 495 2955 et
538 2915 729 2971 postea
792 2915 913 2959 acta
973 2908 1295 2974 penitentia
1345 2912 1580 2978 venerit,
1625 2926 1733 2966 non

152 2990 247 3043 erit
276 2992 331 3043 in
357 2992 562 3046 ordine
596 3009 698 3048 suo
728 2996 937 3065 absque
969 2999 1200 3069 majoris
1225 3001 1482 3071 imperio.

216 3079 539 3137 CXXXVII.
587 3082 924 3155 Pt-zepositus
952 3087 1153 3144 domus
1182 3099 1236 3146 et
1265 3090 1617 3163 dispensator
1677 3098 1727 3154 si

1830 2000 1978 2054 Omni
2007 2001 2305 2069 gratiarum
2338 2004 2570 2054 actione.

1899 2090 2056 2146 CXL.
2090 2089 2283 2145 Postea
2319 2107 2450 2145 vero
2484 2091 2800 2145 scribentur
2824 2091 2871 2144 ci
2898 2090 3198 2149 elementa.
3231 2088 3402 2158 sylla-

1830 2180 1936 2243 ba),
1962 2182 2148 2242 verba,
2170 2196 2233 2235 ac
2264 2181 2482 2234 nomina
2503 2198 2516 2242 ;
2541 2190 2595 2234 et
2623 2180 2791 2233 etiam
2832 2179 3025 2233 nolens
3051 2180 3228 2247 legere
3256 2191 3407 2230 com-

1834 2274 2087 2341 pcllelur,
2126 2282 2178 2326 et
2208 2273 2434 2327 omnino
2468 2273 2647 2327 nullus
2687 2273 2788 2325 erit
2812 2275 2863 2325 in
2896 2272 3251 2333 monasterio.
3311 2271 3403 2339 qui

1834 2377 1942 2416 non
2015 2363 2193 2417 discat
2258 2365 2508 2424 litteras.
2572 2373 2625 2416 et
2693 2363 2759 2416 de
2827 2362 3135 2431 Scriptut'is
3200 2360 3405 2430 aliquid

1834 2462 2061 2508 teneat:
2106 2454 2198 2523 qui
2256 2454 2542 2507 minimutn
2595 2469 2768 2523 usque
2830 2452 2897 2508 ad
2959 2468 3155 2508 uorum
3213 2451 3405 2508 Testa-

1838 2557 2079 2600 mentum
2118 2556 2171 2601 et
2200 2546 2546 2599 Psalterium.

1903 2635 2091 2689 CXLI.
2135 2636 2212 2688 Ad
2245 2635 2559 2699 collectum,
2592 2644 2645 2690 et
2678 2636 2742 2689 ad
2779 2632 3111 2702 psallendum
3141 2642 3195 2686 et
3244 2647 3408 2687 orau-

1834 2728 1962 2783 dum
1998 2726 2183 2780 nullus
2226 2728 2327 2780 sibi
2360 2728 2753 2788 occupationes
2774 2730 2793 2759 ’
2827 2725 3093 2789 inveniat,
3124 2724 3320 2793 quibus
3350 2740 3407 2778 se

1839 2821 1988 2875 dicat
2018 2828 2344 2887 occupatum
2376 2818 2538 2887 quasi
2584 2820 2666 2872 ire
2693 2833 2800 2872 non
2838 2818 3029 2884 possit.

1910 2913 2112 2969 CXLII.
2148 2915 2208 2966 Et
2249 2914 2295 2968 si
2322 2914 2375 2968 in
2406 2914 2527 2968 navi
2561 2914 2745 2978 fuerit,
2780 2923 2832 2967 ct
2868 2915 2918 2966 in
2964 2910 3326 2973 monasterio,
3356 2921 3412 2964 et

1842 3010 1893 3063 in
1932 3022 2085 3076 agro,
2126 3017 2180 3061 et
2214 3007 2267 3061 in
2300 3008 2520 3071 itinere,
2548 3018 2604 3062 et
2671 3007 2723 3060 in
2783 3005 3028 3077 quolibet
3078 3005 3407 3067 ministerio.

1841 3101 2032 3158 orandi
2075 3110 2129 3156 et
2162 3100 2429 3170 psallendi
2473 3109 2719 3170 tempora
2755 3114 2862 3153 non
2924 3097 3321 3168 praetermittat.

227 3310 471 3397 {Eadem
499 3309 788 3397 disiuncti,
812 3310 1408 3397 admei-ginjistincti,
1429 3319 1731 3397 quamSta-
1758 3331 1802 3391 ο
1841 3328 2020 3397 capite
2046 3328 2437 3383 emendaturus
2471 3341 2530 3381 se
2575 3326 2959 3394 promittentes
2987 3325 3140 3391 vitia,
3176 3324 3229 3378 in
3293 3322 3417 3395 qui-

163 3380 213 3457 tii
240 3381 624 3458 conjecturam
655 3383 894 3458 editores
924 3380 1218 3458 alii'secuti
1260 3380 1412 3458 sunt,
1445 3380 1561 3458 ἰιιιί
1594 3392 1722 3448 item

160 3451 233 3502 sic
267 3453 453 3528 legunt
489 3451 706 3528 relic-tua
748 3451 908 3528 hujus
934 3457 1196 3528 capituli,
1232 3476 1250 3507 ι
1282 3451 1727 3528 Ωιιίἐοίτίιιίυῐι-

162 3531 265 3586 tur,
297 3522 545 3578 dimissis
576 3519 643 3590 (ι.
676 3520 951 3593 demit-sis)
1016 3519 1383 3592 inanibusfet
1437 3519 1730 3588 bumiliato

1842 3399 1945 3453 bus
1976 3408 2308 3466 arguuntur,
2343 3398 2556 3450 veniam
2618 3397 3003 3464 deprecentur.
3037 3414 3057 3447 ι

1911 3468 1933 3500 ⁸
1963 3468 2155 3536 Iidem,
2192 3483 2342 3522 nemo
2360 3468 2460 3521 sibi
2494 3466 2798 3521 occasiones
2832 3467 3084 3520 inveniat.

172 3741 3381 3773 ——_____________..______________________________.

903 3969 1317 4031 PRAECEPTA
1349 3971 1447 4033 ET
1500 3974 1909 4035 INSTITUTA
1970 3975 2029 4035 S.
2071 3974 2137 4034 P.
2173 3972 2243 4035 N.
2282 3972 2693 4034 PACHOMII.

174 4330 417 4398 Quomodo
443 4330 659 4397 collecta
695 4332 800 4381 ﬁeri
831 4332 1028 4398 debeat,
1067 4343 1111 4381 et
1140 4332 1319 4383 fratres
1351 4339 1687 4398 congregandi
1718 4340 1819 4387 sint
1854 4342 1916 4387 ad
1956 4340 2258 4391 audiendum
2284 4351 2567 4387 sermonem
2592 4335 2705 4398 Dei,
2729 4338 2865 4398 juxta
2893 4344 3136 4397 precepts
3166 4348 3420 4392 majorum.

233 4402 281 4439 θί
306 4395 589 4461 θρῗίτίυβτη
616 4401 893 4441 samum")
921 4396 1302 4461 δετιβιυτπυτην
1328 4403 1383 4461 ill
1409 4395 1683 4447 liberentur
1707 4405 1769 4449 de
1796 4416 1965 4450 errore
1999 4406 2174 4451 anima!
2236 4403 2272 4457 ί,
2311 4407 2363 4447 ct
2402 4395 2944 4461 gloriﬁcent'lieumin
2984 4398 3094 4444 iure
3130 4406 3421 4461 virentium,

232 4463 280 4521 et
304 4454 401 4515 [ΑΙ.
434 4454 515 4521 ut}
541 4462 698 4501 serant
721 4458 964 4515 quomodo
983 4463 1205 4521 oporteat
1234 4470 1281 4504 ut
1315 4459 1459 4507 domo
1491 4462 1579 4507 Det
1607 4476 1885 4511 COtH‘ersart
1914 4461 2025 4511 sine
2053 4468 2189 4510 ruina
2214 4454 2269 4509 et
2297 4454 2545 4514 seandalo,
2570 4470 2623 4509 ut
2656 4474 2751 4510 nou
2785 4458 3102 4508 inebrieutur
3125 4458 3425 4521 nltqttzi_pas—

234 4517 390 4566 sinite.
415 4517 669 4584 sedstent
712 4522 757 4562 in
795 4530 1024 4563 mensura
1055 4517 1296 4584 Veritatis.
1321 4528 1372 4584 et
1417 4522 1766 4571 traditionibus
1812 4527 2149 4583 apostniorum
2200 4530 2249 4570 et
2298 4525 2676 4583 prophetarum;
2703 4530 2757 4570 et
2791 4523 3162 4568 solemnitatum
3190 4518 3422 4584 ordinem

239 4584 465 4631 teneant,
506 4577 1213 4649 imitantesconversationem
1250 4577 1353 4648 [41.
1388 4577 1859 4649 congregationem]-
1891 4600 2061 4633 eorum
2088 4590 2145 4649 in
2171 4577 2325 4649 Adotno
2364 4577 2479 4645 Dei,
2536 4592 2590 4634 et.
2636 4577 2825 4646 jejunis
2879 4589 3027 4639 atque
3076 4580 3324 4628 orationes
3362 4594 3423 4628 ex

236 4650 368 4685 more
396 4640 739 4697 complentes.
763 4642 854 4697 Qui
881 4642 1015 4687 enim
1040 4641 1169 4687 bene
1194 4640 1778 4706 mt'uistraut'sequuntur
1813 4640 2044 4710 regulam
2076 4647 2457 4706 Scripturarum.

246 4821 349 4889 73
385 4816 628 4873 CXLIII.
693 4814 805 4869 Hoc
861 4828 943 4870 rst
986 4835 1115 4885 ergo
1178 4822 1542 4876 ministerium
1598 4825 1746 4893 quod
1783 4831 1827 4886 υ
1857 4830 2446 4895 occurreritaccipere
2483 4842 2625 4907 opus
2655 4827 2801 4897 quod
2852 4825 3021 4878 altera
3055 4826 3142 4880 die
3184 4824 3427 4884 facturus

188 4910 434 4965 Ecclesize
469 4909 707 4961 ministri
732 4923 991 4963 exercere
1024 4910 1131 4981 [ΑΙ.
1164 4912 1413 4985 implere]
1446 4917 1750 4971 debebunt.

186 5002 529 5069 Congregent
572 5000 773 5053 fratres
831 5002 1095 5056 orationis
1167 5013 1429 5071 tempore,
1468 5015 1521 5060 et
1573 5008 1753 5061 omnia

193 5093 404 5155 faciant,
433 5107 557 5157 qua!
588 5094 687 5143 rite
729 5093 1046 5160 complenda
1084 5105 1234 5157 sunt,
1276 5098 1481 5151 nullam
1537 5097 1646 5168 [AL
1696 5110 1755 5153 ut

193 5184 414 5255 nullam]
473 5184 862 5237 detrectationi
918 5187 1265 5240 occasionem
1330 5191 1598 5255 tribuant,
1656 5207 1755 5246 nec

193 5277 363 5329 sinant
422 5278 711 5329 ambulare
774 5278 1086 5345 quempiam
1172 5283 1522 5334 contrarium
1593 5283 1758 5336 discio

196 5368 362 5431 pltnr.

260 5457 492 5512 CXLIV.
571 5458 629 5513 Si
700 5460 947 5517 codicem
1018 5461 1445 5532 postulaverint.
1505 5466 1757 5519 deferant

201 5564 297 5602 εις.

268 5640 467 5696 CXLV.
507 5640 563 5696 Si
597 5641 723 5711 quis
756 5641 821 5697 de
848 5641 984 5698 foris
1020 5644 1228 5698 venerit
1269 5658 1515 5713 vespere,
1551 5655 1604 5699 rt
1657 5663 1764 5701 non

280 5818 296 5846 ⁸
327 5816 571 5873 Statiana
607 5820 798 5886 editio,
828 5822 1019 5876 animi:
1052 5838 1437 5887 conversurum,
1472 5836 1576 5879 rtc.

1858 4930 1959 4982 est,
1988 4935 2147 4973 mane
2178 4922 2225 4972 ci
2260 4921 2552 4974 tribuatur.

1934 5009 2167 5067 CXLVI.
2205 5012 2259 5065 Si
2293 5012 2561 5066 defecerit
2595 5026 2733 5080 opus
2760 5013 2902 5078 quod
2942 5013 3183 5066 habebat
3214 5012 3267 5064 in
3306 5024 3427 5064 ma-

1862 5104 2050 5162 nibus.
2083 5104 2280 5157 referat
2311 5106 2374 5155 ad
2409 5104 2635 5172 majoris
2698 5106 2984 5158 scientiam
3039 5103 3148 5173 [ΑΙ.
3211 5110 3432 5157 senten-

1864 5192 2041 5260 tiam],
2079 5204 2127 5245 et
2163 5195 2305 5261 quod
2333 5193 2420 5246 ille
2450 5197 2786 5263 praeceperit,
2815 5194 3001 5247 faciat.

1943 5280 2200 5337 CXLV".
2236 5285 2337 5347 Qui
2370 5286 2620 5337 minister
2664 5296 2748 5339 est
2804 5286 3001 5338 habent
3058 5285 3302 5337 studium
3369 5298 3433 5337 ue

1870 5375 1997 5443 quid
2025 5377 2206 5443 operis
2244 5384 2427 5442 pereat
2460 5378 2515 5428 in
2548 5376 2883 5429 monasterio
2915 5377 2967 5428 iu
3031 5376 3140 5428 ulla
3204 5374 3431 5428 omnino

1868 5478 1983 5521 arte
2031 5482 2152 5536 qua:
2206 5477 2495 5521 exercetur
2543 5484 2571 5521 a
2640 5469 2919 5521 fratribus.
2971 5464 3124 5532 Quod
3185 5464 3229 5517 si
3283 5462 3417 5532 quid

1872 5558 2117 5628 perierit,
2147 5567 2201 5613 et
2234 5560 2563 5630 negligentia
2597 5559 2758 5612 fuerit
2789 5560 3140 5625 dissipatum,
3179 5571 3429 5625 Increpa-

1885 5651 2038 5706 bitur
2071 5667 2099 5704 a
2153 5650 2314 5707 Patre
2356 5652 2607 5707 minister
2673 5663 2898 5718 operum
2948 5647 3311 5716 singulorum,
3380 5654 3435 5700 et
