4212 6446
761 413 831 473 83
1957 420 2019 482 s.
2052 400 2362 482 EUSEBII
2399 421 2839 484 HIERONYMI
3968 420 4045 486 8:.

762 522 882 587 ipse
917 523 1443 594 rursusincrepabit
1472 525 1663 591 alium,
1700 528 1795 597 qui
1835 543 1977 598 opus
2008 530 2346 599 perdiderit:
2384 536 2427 591 Α
2462 540 2610 595 sunt,
2674 533 2909 586 viderint
2962 530 3315 602 praepositum
3371 533 3599 587 nimium
3642 533 4043 605 negligentem,

762 614 1210 684 duntaxatjuxta
1248 618 1592 673 voluntatem
1647 628 1701 675 et
1747 623 2076 675 sententiam
2138 622 2339 692 princi-

762 706 866 774 pis,
901 705 1112 775 absque
1147 723 1256 778 quo
1291 710 1473 766 nullus
1512 712 1833 773 increpandi
1890 713 2116 770 fratrem
2172 715 2340 769 habe-

760 797 837 852 bit
868 808 1215 868 potestatem.

836 891 1122 949 CXLVIII.
1163 896 1219 949 Si
1254 896 1645 951 vestimentum
1680 897 1747 951 ad
1800 899 1973 952 solem
2035 916 2337 970 expansum

767 984 964 1040 tertius
1001 986 1267 1041 invenerit
1303 988 1422 1044 dies
1451 989 1492 1055 ί,
1522 990 1779 1045 dominus
1811 1004 1910 1059 pro
1931 1006 1997 1045 eo
2024 992 2340 1061 increpabi-

766 1084 877 1135 tur.
927 1086 981 1129 et
1041 1086 1163 1147 aget
1224 1080 1607 1148 paenitentiam
1660 1083 1874 1153 publice
1924 1083 1976 1137 in
2031 1084 2261 1139 collecta
2298 1081 2340 1150 ί,

763 1168 1024 1221 ΡιιΙΙῡιτιιΙθ
1052 1182 1105 1224 et
1138 1172 1423 1242 galliculm,
1449 1185 1501 1229 et
1527 1176 1832 1243 cingulum,
1869 1181 1923 1229 et.
1949 1178 1992 1230 si
2032 1176 2162 1247 quid
2194 1178 2339 1232 aliud

763 1262 1008 1328 perierit,
1036 1265 1127 1331 qui
1161 1267 1464 1328 perdiderit
1506 1270 1908 1338 increpabitur.

840 1350 1075 1407 CXLIX.
1113 1354 1165 1408 Si
1199 1355 1321 1423 quis
1354 1357 1539 1410 tulerit
1590 1374 1703 1412 rem
1767 1376 1871 1413 non
1930 1375 2107 1421 suam,
2164 1370 2344 1430 portet

770 1442 882 1515 [ΑΙ.
921 1446 1172 1519 ponetur]
1212 1464 1374 1517 supra
1410 1450 1672 1505 humores
1704 1453 1848 1522 ejus,
1883 1464 1937 1507 et
1989 1462 2110 1524 aget
2168 1453 2344 1522 pmui-

768 1546 994 1596 teniiam
1028 1547 1245 1614 publice
1274 1547 1323 1600 in
1374 1549 1628 1614 colleCIa,
1685 1548 1964 1619 stabitque
1998 1549 2050 1603 in
2115 1562 2342 1602 vescen-

763 1632 817 1686 di
847 1632 969 1686 loco
996 1633 1037 1686 ³.

837 1724 948 1780 CL.
978 1725 1035 1780 Si
1063 1726 1322 1783 inventus
1354 1729 1519 1784 fuerit
1578 1745 1721 1785 unus
1750 1746 1779 1785 e
1818 1729 2081 1787 fratribus
2135 1730 2341 1800 aliquid

765 1833 863 1887 per
898 1821 1313 1876 contentionem
1348 1837 1536 1893 agens,
1575 1824 1659 1878 vel
1689 1824 2080 1881 contradiccns
2116 1826 2343 1896 majoris

767 1912 1020 1978 imperio,
1056 1913 1432 1983 increpabitur
1460 1915 1745 1988 75juxta
1777 1932 2088 1972 mensuram
2132 1919 2345 1987 peccati

766 2018 877 2055 ευι.

842 2094 975 2149 CLI.
1008 2095 1111 2162 Qui
1170 2100 1457 2165 mentitur,
1523 2112 1615 2156 aut
1678 2103 1770 2173 qui
1824 2103 1952 2158 odio
2013 2120 2345 2174 queinquam

778 2187 978 2242 habere
1018 2189 1186 2245 fuerit
1239 2193 1636 2261 deprehensus,
1696 2206 1792 2250 aut
1844 2197 2194 2263 inobedieus,
2255 2210 2344 2252 aut

772 2280 897 2348 plus
923 2281 1048 2348 joco
1081 2297 1245 2352 quam
1278 2285 1568 2341 honestum
1616 2297 1701 2343 est
1730 2289 1969 2353 deditus.
1989 2302 2083 2344 aut
2114 2292 2347 2356 otiosus,

768 2380 865 2424 aut
900 2371 1037 2426 dure
1069 2377 1436 2443 respondens,
1500 2388 1596 2432 aut
1626 2379 1835 2433 habens
1887 2382 2346 2435 consuetudinem

770 2464 1035 2519 fratribus
1067 2466 1416 2532 detrahendi,
1452 2469 1537 2523 vel
1598 2470 1684 2526 his
1746 2473 1841 2541 qui
1898 2472 2035 2528 foris
2095 2484 2245 2538 sunt,
2296 2488 2349 2530 et

770 2556 998 2609 omnino
1056 2556 1329 2628 quidquid
1385 2570 1577 2613 contra
1635 2562 1878 2633 regulam
1936 2562 2347 2632 Scripturarum

698 2712 705 2723 D
770 2658 855 2697 est
879 2656 933 2700 et
967 2649 1280 2702 monasterii
1331 2649 1700 2719 disciplinam,
1751 2653 1932 2706 audiet
1960 2652 2123 2707 Pater
2162 2668 2352 2706 mona-

774 2740 952 2804 sletii,
987 2751 1039 2795 et
1078 2741 1372 2797 vindicabit
1396 2743 1554 2813 juxta
1593 2760 1904 2800 meuSnram
1929 2759 2177 2816 opusque
2233 2762 2353 2817 pec-

769 2833 902 2885 Cati.

846 2924 1005 2979 CLII.
1038 2927 1377 2997 Prmposittts
1401 2928 1599 2984 domus
1629 2931 1803 2999 culpa:
1857 2942 1912 2988 et
1988 2934 2350 3003 inrrepationi

774 3020 1102 3090 subjacebit,
1143 3023 1187 3074 si
1218 3031 1343 3076 ante
1371 3033 1483 3077 tres
1515 3022 1633 3077 dies
1660 3040 1767 3078 non
1796 3025 2132 3080 uuntiaverit
2168 3027 2306 3080 Patri
2334 3042 2350 3092 ;

778 3113 893 3165 sive
929 3112 979 3166 iu
1021 3112 1130 3175 via,
1162 3113 1277 3166 sive
1309 3114 1361 3166 in
1388 3127 1541 3181 agro,
1570 3115 1685 3169 sive
1716 3120 2052 3169 monasterio
2082 3116 2211 3186 quid
2255 3132 2343 3184 pe-

2446 636 2541 678 aut
2574 624 2708 677 dure
2758 625 3134 693 increpantem
3197 622 3417 689 fratres,
3460 637 3513 679 et
3545 642 3857 681 mensuram
3906 643 4037 682 mo-

2448 716 2674 770 nasterii
2701 717 3079 777 excedentem,
3120 715 3358 771 referent
3388 717 3453 771 ad
3494 714 3735 783 Patrem,
3770 729 3824 774 et
3862 721 3938 773 ab
3964 735 4037 773 eo

2447 807 2847 875 increpabitur.
2883 806 3000 876 Ipse
3024 818 3206 862 autem
3246 809 3569 877 praepositus
3635 810 3768 864 nihil
3836 811 4043 873 facii-1,

2446 902 2550 954 nisi
2588 901 2730 970 quod
2758 900 3195 975 Palerjusserit,
3234 902 3469 955 maxime
3507 903 3559 954 in
3589 918 3644 956 re
3686 918 3846 958 nova.
3902 904 4046 958 Nam

2446 1009 2569 1059 qua!
2621 1008 2682 1047 ex
2722 1007 2875 1046 more
2917 991 3226 1057 descendit,
3281 993 3517 1049 servabit
3569 997 3780 1066 regulas
3838 1014 4047 1053 mona-

2443 1087 2619 1143 Slt‘rii.

2513 1181 2697 1238 CLIX.
2728 1184 3057 1255 Praepositus
3092 1203 3196 1243 non
3235 1187 3583 1243 inebrietur:
3618 1202 3723 1242 non
3757 1185 3948 1240 sedeat
3987 1186 4044 1238 in

2448 1275 3163 1345 humilioribuslocisjuxta
3180 1296 3307 1336 vasa
3342 1281 3682 1343 monaSterii,
3719 1296 3783 1335 ne
3813 1288 4048 1348 rumpat

2444 1370 2685 1431 viurula,
2722 1386 2843 1439 quae
2876 1370 3022 1427 Deus
3053 1372 3103 1425 in
3127 1374 3265 1427 cmlo
3290 1373 3554 1435 condidit,
3582 1382 3640 1428 ut
3670 1372 4049 1427 observentur

2447 1462 2498 1514 in
2548 1463 2728 1516 terris.
2756 1460 2835 1516 Ne
2870 1463 3050 1531 lugeat
3074 1464 3129 1518 iti
3160 1465 3249 1519 die
3290 1466 3431 1521 festo
3458 1464 3666 1519 Domini
3706 1465 4043 1519 Salvatoris.

2447 1554 2770 1608 Doininetur
2805 1556 2957 1610 carui
2990 1572 3102 1612 sum
3138 1558 3293 1627 juxta
3344 1573 3659 1614 mensuram
3691 1568 4045 1613 sant-torum.

2443 1646 2562 1701 Non
2595 1646 2904 1701 inveniatur
2937 1647 2990 1702 in
3026 1649 3259 1705 excelsis
3300 1650 3578 1705 cubilibus
3628 1650 3849 1704 imitans
3916 1647 4046 1721 [ΑΙ.

2448 1736 2713 1810 imitatus]
2764 1755 2971 1795 morem
3018 1743 3325 1810 gentilium.
3362 1739 3481 1797 Non
3510 1743 3581 1797 sit
3617 1742 3853 1812 duplicis
3886 1742 4044 1797 fidei.

2448 1827 2566 1882 Non
2599 1841 2858 1897 sequatur
2889 1832 3070 1886 cordis
3110 1833 3196 1887 sui
3242 1834 3633 1903 cogitationes,
3707 1835 3801 1889 sed
3859 1834 4042 1903 legem

2453 1917 2569 1971 Dei.
2638 1916 2757 1972 Non
2816 1922 3038 1976 resiSIat
3097 1922 3519 1978 sublimioribus
3566 1925 3794 1978 tumenti
3851 1925 4050 1977 animo

2454 2012 2850 2079 potestatibus.
2889 2011 3285 2079 Non.freniat,
3349 2030 3528 2083 neque
3582 2014 3776 2069 birriat
3805 2015 3829 2044 ⁸
3874 2029 4051 2083 super

2454 2102 2800 2160 humiliores.
2833 2102 2950 2159 Non
2979 2105 3270 2160 transferat
3311 2107 3598 2167 terminos.
3622 2105 3738 2161 Non
3764 2108 3832 2159 sit
3893 2109 4052 2160 frau-

2454 2191 2731 2259 dulentus,
2765 2210 2942 2264 neque
2972 2196 3025 2248 in
3065 2195 3494 2263 cogitationibus
3517 2207 3699 2250 verset
3724 2195 3907 2250 dolos.
3964 2196 4051 2249 Ne

2456 2285 2692 2355 negligat
2729 2298 3013 2354 peccatum
3034 2286 3231 2339 animm
3260 2302 3373 2340 sua:
3397 2288 3437 2341 ⁸.
3472 2287 3549 2340 Ne
3577 2286 3826 2341 vincatur
3855 2287 4053 2341 carnis

2454 2376 2693 2433 luxuria.
2717 2376 2837 2432 Non
2876 2379 3125 2433 ambulet
3153 2379 3509 2448 negligenter.
3546 2377 3664 2432 Non
3692 2379 3801 2433 cito
3850 2382 4052 2447 loqua—

2455 2476 2545 2521 tnr
2583 2469 2805 2522 verbum
2834 2470 3095 2525 Otiosum.
3158 2468 3275 2523 Non
3341 2482 3509 2539 ponat
3549 2470 3868 2525 scandalum
3920 2482 4055 2523 ante

2458 2562 2622 2630 pedes
2651 2563 2804 2615 caeci.
2839 2562 2958 2615 Non
2987 2562 3181 2615 doceat
3220 2564 3558 2629 voluptatem
3591 2565 3827 2617 animam
3867 2579 4051 2616 suam.

2458 2654 2576 2705 Non
2599 2655 2912 2708 resolvatur
2973 2653 3081 2727 [ΑΙ.
3141 2656 3407 2726 solvatur]
3449 2658 3563 2710 risu
3627 2657 3924 2711 stultorum
3986 2670 4054 2708 ac

2458 2745 2610 2814 joco.
2642 2745 2759 2799 Non
2788 2747 3028 2814 rapiatur
3060 2762 3155 2799 cor
3181 2748 3305 2815 ejus
3331 2749 3400 2799 ab
3435 2747 3520 2800 his
3579 2748 3671 2816 qui
3734 2749 3915 2816 inepta
3971 2748 4055 2800 lo-

2460 2848 2707 2911 quuntur
2733 2850 2787 2893 et
2821 2839 3024 2893 dulcia.
3063 2838 3121 2892 Νι
3148 2854 3179 2892 n
3212 2840 3469 2892 vincatur
3522 2840 3870 2893 muneribus.
3926 2838 4053 2892 Non

2464 2933 2815 3003 parvulorqu
2887 2947 3196 2985 sermonem
3235 2932 3475 2987 “ducat.
3544 2931 3620 2985 I\'e
3664 2932 3933 3001 aﬂligatur
3998 2935 4054 2985 in

2465 3023 2840 3077 tribulatione.
2879 3022 2956 3075 ΝΘ
3007 3026 3195 3076 timeat
3254 3034 3506 3085 mortem,
3562 3022 3657 3078 sed
3717 3024 3913 3078 Deum.
3977 3023 4057 3078 Ne

2468 3117 2854 3185 praevaricator
2894 3116 2966 3168 sit
2992 3122 3215 3184 propter
3248 3114 3622 3168 imminentem
3658 3113 3769 3186 [ΑΙ.
3799 3121 4059 3171 eminen-

778 3202 976 3258 rierit:
1012 3213 1241 3272 egetque
1274 3203 1487 3273 publice
1521 3205 1903 3273 paenitentiam
1930 3206 2085 3274 juxta
2106 3207 2348 3261 Ordinem
2382 3214 2425 3270 c
2461 3208 2593 3280 tem]
2628 3209 2902 3261 timori-iu.
2930 3206 3047 3259 Non
3094 3208 3367 3277 relinquat
3402 3222 3587 3260 verum
3620 3208 3803 3261 lumen
3826 3219 4059 3278 propter

777 3298 1165 3353 constitutum.
1204 3298 1327 3353 Etsi
1363 3300 1529 3351 homo
1561 3297 1784 3368 fugerit,
1809 3312 1863 3354 et
1896 3309 2024 3354 ante
2054 3312 2161 3355 tres
2189 3301 2352 3354 horas

777 3405 886 3447 non
921 3391 1252 3445 nuntiaverit
1284 3390 1451 3455 Patri,
1506 3406 1633 3447 reus
1665 3395 1770 3447 erit
1820 3394 2142 3462 perditionis
2187 3394 2303 3464 ejus
2334 3410 2347 3446 :

779 3484 886 3539 nisi
923 3495 1104 3539 tamen
1140 3500 1265 3540 eum
1300 3501 1493 3540 rursus
1524 3486 1814 3542 invenerit.

855 3575 1037 3631 CLIII.
1081 3577 1204 3630 Ilaec
1234 3590 1319 3632 est
1361 3577 1495 3632 ultio
1542 3579 1595 3632 in
1659 3596 1784 3633 eum
1860 3582 1952 3650 qui
2003 3580 2224 3635 fratrem
2292 3583 2358 3636 de

778 3673 943 3724 domo
1016 3673 1371 3740 perdiderit:
1438 3674 1615 3727 tribus
1668 3674 1863 3730 diebus
1918 3686 2040 3745 aget
2079 3677 2353 3745 publicam

780 3762 1205 3830 pmnitentiam;
1257 3765 1406 3832 quod
1454 3764 1498 3817 si
1556 3764 1749 3820 eadem
1821 3770 1952 3821 hora
2025 3768 2359 3822 nuntiaverit

780 3854 953 3915 Patri.
982 3854 1035 3909 in
1069 3871 1175 3924 qua
1205 3854 1365 3923 fugit,
1396 3871 1522 3910 reus
1554 3873 1660 3911 nou
1695 3860 1819 3912 erit.
1918 3921 1920 3923 υ

849 3948 1029 4005 CLIV.
1068 3948 1360 4003 Peccatum
1418 3951 1465 4003 si
1524 3950 1574 4003 in
1643 3949 1809 4003 domo
1867 3966 1968 4004 sua
2025 3954 2358 4020 pl‘prOSiIUS

784 4041 998 4103 viderit,
1030 4051 1079 4094 et
1115 4056 1218 4093 non
1268 4041 1449 4094 statim
1500 4042 1870 4110 increpaverit
1917 4043 2357 4110 delinquentem,

782 4149 881 4189 nec
916 4132 1251 4186 nuntiaverit
1295 4131 1437 4185 Patri
1476 4134 1822 4196 monasterii,
1858 4134 1973 4203 ipse
2024 4136 2357 4204 increpatio-

785 4229 868 4280 nis
899 4225 1075 4278 ordini
1105 4225 1434 4293 subjaeebit.

851 4316 1004 4374 CLV.
1054 4319 1155 4373 l’cr
1188 4320 1383 4372 domos
1415 4318 1667 4388 singulas
1729 4333 1957 4387 vespere
2013 4333 2105 4373 sex
2160 4321 2359 4374 oratio-

788 4430 883 4467 nes
915 4412 1269 4483 Psalmosque
1310 4412 1681 4481 complebunt,
1720 4412 1874 4480 juxta
1938 4412 2180 4467 ordinem
2244 4430 2359 4467 ina-

778 4508 922 4577 jm‘is
953 4507 1215 4571 collectas,
1248 4520 1366 4576 quae
1397 4521 1428 4559 a
1451 4506 1658 4560 cunctis
1692 4504 1957 4559 fratribus
1988 4507 2037 4559 in
2070 4520 2361 4559 commune

788 4599 1123 4655 celebratur.

856 4694 1035 4749 CLVI.
1086 4695 1191 4748 Per
1243 4693 1488 4761 singulas
1546 4692 1915 4748 hebdomadas
1946 4693 2088 4747 bina:
2118 4694 2362 4761 disputa-

801 4790 1000 4850 tiones.
1029 4787 1084 4841 id
1148 4797 1228 4840 est
1266 4784 1605 4849 catecbescs,
1636 4801 1663 4838 a
1690 4785 1985 4855 praeposito
2013 4785 2363 4855 eoinplebuu-

792 4891 903 4936 ιυν.

867 4969 1375 5026 CLVI|.I\'uIIusin
1439 4967 1602 5021 domo
1673 4967 1949 5038 quippiam
2014 4969 2197 5032 faciet,
2264 4969 2366 5022 nisi

790 5066 938 5139 quod
971 5065 1294 5135 praepositus
1327 5062 1582 5131 jusserit.

866 5158 976 5231 75
1003 5155 1229 5213 CLVIII.
1257 5155 1312 5209 Si
1345 5168 1539 5209 omnes
1570 5154 1768 5207 fratres
1798 5154 1889 5221 qui
1925 5154 1976 5206 in
2036 5168 2140 5206 una
2201 5153 2367 5207 domo

863 5340 879 5365 ¹
920 5334 1123 5387 Vocem
1178 5328 1309 5389 dies,
1346 5327 1808 5395 quemadmodum
1851 5328 1985 5380 alias
2014 5343 2175 5389 supra
2209 5339 2371 5393 atque

793 5409 933 5463 infra
982 5401 1205 5456 levioris
1243 5398 1528 5461 momenti,
1567 5413 1632 5452 ex
1668 5398 1913 5466 principe
1944 5398 2182 5450 editione
2237 5412 2373 5467 sup-

792 5477 1087 5550 plevimtts.

865 5552 884 5581 ι
934 5546 1136 5597 Eadem
1209 5540 1379 5595 editio
1433 5537 1629 5601 addit,
1686 5536 1950 5605 stabitque
2018 5537 2072 5589 iu
2140 5538 2373 5590 uescendi

792 5622 929 5675 fuco.

866 5689 885 5719 ³
928 5686 1128 5739 lterum
1153 5682 1343 5733 eadem
1377 5678 1545 5734 editio
1568 5680 1711 5734 addi'
1754 5699 1764 5732 :
1797 5700 1812 5729 ‹
1850 5682 1903 5734 Si
1934 5688 2114 5731 autem
2140 5677 2193 5729 in
2230 5676 2373 5729 furto

792 5759 959 5813 fuerit
987 5750 1389 5820 deprehensus,
1426 5753 1763 5822 trigintasrx
1789 5750 1885 5822 [αι.
1919 5747 2375 5822 trigintanovemj

794 5825 1165 5880 verberabunt
1199 5836 1349 5885 eum,
1382 5829 1435 5873 et
1468 5820 1600 5873 foris
1633 5820 1854 5873 dabitur
1874 5822 1921 5872 ei
1960 5820 2119 5872 edere
2180 5835 2370 5881 partem

796 5912 849 5960 et
880 5910 1076 5972 aquam
1110 5900 1352 5957 tantum,
1379 5898 1427 5944 et
1467 5900 1713 5962 opertum
1751 5890 1930 5945 cilicio
1971 5898 2223 5944 clauem
2283 5903 2375 5956 per

2467 3303 2711 3354 modicos
2734 3301 2903 3353 cibos.
2938 3298 3054 3352 Non
3088 3308 3241 3353 nutet
3295 3314 3361 3353 ac
3419 3299 3644 3354 fluctuet
3685 3302 3738 3352 in
3786 3302 4057 3370 operibus

2467 3392 2600 3446 suis.
2635 3390 2752 3445 Non
2784 3401 2956 3459 mutet
2993 3392 3348 3455 sententiam,
3382 3392 3476 3446 sed
3511 3393 3652 3446 tirmi
3680 3395 3749 3447 sit
3780 3394 4060 3464 solidique

2468 3485 2977 3554 decreti,justeque
3024 3493 3218 3539 cuncta
3268 3484 3649 3546 considerans.
3695 3486 3953 3554 judicans
4001 3489 4057 3539 in

2468 3576 2720 3640 veritate,
2748 3576 2961 3645 absque
3003 3577 3249 3644 appetitu
3301 3576 3517 3646 glorias.
3567 3575 3897 3630 manifestus
3944 3576 4058 3628 Deo

2469 3680 2521 3722 et
2549 3668 2884 3731 hominibus,
2911 3678 2964 3721 et
2987 3684 3015 3721 a
3045 3667 3241 3720 fraude
3268 3668 3458 3735 procul
3502 3664 3614 3738 [ΑΙ.
3668 3669 3940 3736 elongans
3999 3683 4060 3721 se

2468 3775 2499 3813 a
2535 3758 2773 3832 fraude].
2814 3759 2892 3814 Ne
2918 3761 3127 3830 ignoret
3180 3759 3658 3811 conversationem
3704 3769 4057 3819 sanctorum,

2474 3866 2573 3905 nec
2598 3851 2662 3903 ad
2688 3863 2874 3904 eorum
2904 3850 3189 3903 scientiam
3215 3863 3390 3901 cacus
3416 3848 3663 3900 exsistat.
3692 3847 3832 3900 Nulli
3856 3862 4061 3923 noceat

2473 3958 2568 4012 per
2601 3941 2913 4009 superbiam
2942 3958 2955 3993 :
2990 3956 3088 3994 nec
3122 3938 3232 4008 76
3256 3950 3519 4004 sequatur
3575 3938 4061 4007 ('ont-upisrentias

2471 4038 2761 4089 oculorum
2803 4046 3049 4085 suorum.
3113 4028 3230 4083 Non
3288 4044 3411 4082 eum
3466 4039 3724 4098 superent
3780 4033 4059 4083 imentiva

2474 4128 2753 4181 vitiorum.
2806 4122 3104 4176 Veritatem
3167 4135 3448 4187 nunquam
3501 4132 3805 4188 praetereat.
3869 4122 4061 4175 Udi-iit

2476 4219 2841 4289 injustitiam:
2878 4216 3185 4271 secundum
3248 4213 3358 4285 [ΑΙ.
3414 4212 3532 4285 sed]
3566 4228 3856 4282 personam
3918 4231 4061 4268 nui:-

2473 4326 2638 4381 quam
2671 4308 2881 4379 judicct
2916 4322 3015 4375 pro
3048 4308 3390 4366 muneribus.
3426 4320 3523 4359 nec
3552 4304 3882 4359 condemnet
3934 4307 4055 4357 aui-

2480 4421 2622 4459 mam
2663 4406 3007 4459 innocentem
3048 4416 3141 4470 per
3170 4400 3503 4469 superbiam.
3532 4397 3648 4452 Non
3678 4398 3854 4452 rideat
3912 4399 4059 4453 inter

2481 4512 2700 4566 pueros.
2734 4493 2850 4548 Non
2886 4495 3103 4547 deserat
3154 4493 3439 4546 veritatem
3498 4491 3697 4543 timore
3735 4501 4052 4557 superatus.

2394 4569 2441 4627 ο
2477 4588 2596 4642 Non
2623 4593 2868 4641 comedat
2908 4599 3100 4653 panem
3134 4583 3197 4636 de
3226 4581 3615 4635 fraudulentia.
3646 4580 3762 4633 Non
3783 4581 4061 4634 desidero!

2485 4681 2721 4733 alienam
2785 4689 3007 4729 terram.
3062 4671 3179 4727 Non
3234 4672 3510 4743 opprimat
3554 4674 3790 4726 animam
3841 4684 4062 4740 propter

2478 4773 2721 4826 aliorqu
2759 4772 2952 4840 spolia.
2987 4768 3107 4821 Non
3133 4767 3391 4835 despiciat
3426 4780 3523 4819 eos
3553 4766 3643 4833 qui
3676 4764 3927 4831 indigent
3959 4765 4058 4815 mi-

2481 4866 2808 4921 serirordia.
2841 4862 2919 4917 Ne
2938 4861 3131 4916 falsum
3166 4861 3312 4913 dicat
3350 4859 3724 4913 testimonium
3790 4857 4062 4911 seductus

2483 4961 2661 5013 lui-ro.
2700 4956 2779 5011 Ναί
2806 4955 3103 5010 mentiatur
3149 4959 3373 5022 pl'oplel'
3409 4950 3743 5019 superbiam.
3795 4946 3873 5003 Ne
3931 4965 4061 5001 con.

2481 5050 2673 5104 trndat
2729 5058 2921 5103 contra
2973 5047 3259 5098 veritatem
3311 5042 3382 5097 ob
3409 5051 3678 5094 tumorem
3735 5042 3931 5096 animi.
3988 5039 4062 5093 Ne

2479 5147 2697 5199 deserat
2726 5141 2992 5211 justitiam
3039 5146 3266 5206 propter
3311 5130 3814 5188 lassitudinem.t\'e
3871 5133 4063 5201 perdat

2480 5325 2696 5394 singula
2730 5324 3040 5394 orationum
3075 5326 3319 5394 tempora
3350 5326 3539 5394 cogent
3568 5331 3702 5394 eum
3730 5330 3893 5386 agere
3950 5331 4064 5394 poe-

2482 5388 2789 5451 nitentiain.
2873 5391 3076 5443 Eadem
3145 5389 3232 5441 lex
3293 5390 3347 5441 in
3421 5388 3670 5457 fugitivis
3737 5388 4061 5442 observabi-

2482 5480 2639 5520 ιυν.›

2555 5536 2575 5565 ⁸
2606 5532 2830 5589 Veteres
2856 5531 3057 5600 vulgati
3079 5531 3284 5583 inruat.
3320 5527 3548 5600 limatus
3577 5538 3780 5591 autem,
3810 5526 3905 5595 qui
3935 5542 4062 5597 pro-

2484 5612 2596 5674 prie
2622 5605 2821 5658 cauum
2856 5596 3215 5656 est'ft'riziitus
3271 5615 3394 5652 cum
3456 5596 3765 5663 irritantur,
3832 5596 4060 5669 usurpat

2485 5678 2743 5729 Sidonith
2777 5676 2828 5725 in
2860 5687 3122 5737 epistolis.

2555 5749 2574 5777 ⁵
2605 5746 2821 5797 Addunt
2852 5744 2979 5793 editi
3014 5741 3341 5792 vetustiores
3368 5737 3688 5803 exstirpare.

2557 5820 2576 5847 ⁹
2611 5817 2772 5870 lidcm
2818 5816 3019 5871 verius,
3053 5825 3287 5863 sermone
3308 5812 3553 5861 ducatur.
