4212 6450
163 389 231 452 85
1055 387 1697 450 INTERPRETATIO
1741 387 2074 451 REGULJE
2112 392 2170 453 S.
2209 392 2602 458 PACHOMII.
3361 393 3434 455 8G

166 499 398 552 animam
455 510 617 549 suam
676 504 899 567 propter
955 499 1362 553 verecundiam.
1416 498 1492 553 Ne
1569 498 1906 568 respi-Aet
1963 500 2195 554 filiorum
2251 503 2373 570 ejus
2439 503 2488 573 (I
2512 503 2634 570 Reg.
2699 503 2807 573 tr);
2868 504 3181 560 maledictio
3227 506 3423 566 David.

166 595 271 645 ciat
300 594 468 660 dapes
504 589 755 644 lautioris
796 603 1019 645 mensae.
1048 589 1124 646 Ne
1159 591 1385 660 pulchra
1448 594 1746 646 vestimen-

167 693 215 736 ta
240 683 539 735 desideret.
563 680 645 734 Ne
671 697 730 736 se
785 683 1042 753 negligat,
1092 693 1150 737 ut
1202 699 1419 752 semper
1482 683 1749 750 dijudieet

165 776 503 844 cognitiones
529 775 728 830 suas’.
766 775 840 831 Ne
863 777 1164 830 inebrietur
1216 777 1378 842 vino;
1408 775 1500 829 sed
1573 775 1751 827 bunti-

173 869 370 920 litatem
406 868 611 920 habeat
653 868 902 933 junctam
955 869 1195 922 veritati.
1244 869 1472 932 Quando
1517 866 1748 935 judicat,

167 971 423 1029 sequatur
455 969 732 1027 przecepta
770 961 1042 1029 majorum
1076 970 1128 1013 et
1164 960 1336 1027 legem
1376 959 1496 1018 Dei,
1532 973 1653 1024 qute
1696 957 1748 1009 in

170 1065 274 1107 tota
308 1053 439 1106 orbe
485 1054 778 1120 pradicata
808 1062 911 1108 est.
936 1053 990 1107 Si
1028 1053 1323 1123 quidquam
1373 1053 1438 1106 de
1487 1050 1576 1104 his
1620 1064 1756 1118 prse-

179 1146 405 1206 terierit,
444 1147 714 1200 reddetur
747 1145 792 1200 ei
824 1160 1079 1200 mensura
1107 1145 1261 1213 juxta
1299 1157 1462 1214 quam
1527 1155 1754 1196 mensus

171 1246 270 1299 est,
297 1247 349 1290 et
377 1238 620 1307 recipiet
645 1238 940 1294 secundum
975 1252 1138 1306 opera
1165 1253 1288 1299 sua,
1340 1237 1467 1305 quia
1511 1233 1754 1289 moecha-

170 1341 252 1383 tus
283 1340 367 1382 est
422 1332 479 1383 itt
512 1331 660 1400 ligna
689 1345 788 1385 sua
820 1340 873 1384 et
894 1331 1140 1400 lapides’
1173 1348 1186 1384 :
1222 1338 1275 1384 et
1313 1343 1537 1399 prapter
1580 1326 1760 1394 fulgo-

170 1433 274 1469 rem
307 1420 451 1481 auri,
515 1427 570 1472 et
600 1419 949 1487 splendorem
975 1418 1185 1487 argenti
1222 1418 1430 1472 dimisit
1457 1416 1748 1485 judicium,

168 1519 215 1559 et
236 1509 514 1562 desiderio
531 1509 856 1578 temporalis
885 1509 1020 1562 lucri
1044 1509 1254 1576 laqueis
1280 1524 1340 1563 se
1363 1507 1542 1561 induit
1566 1507 1751 1560 ethni-

169 1613 348 1653 corum
391 1599 622 1669 (Jereut.
663 1601 767 1669 III).
805 1601 873 1655 Et
917 1601 1096 1656 veniet
1127 1600 1147 1630 '
1205 1601 1255 1654 ei
1312 1597 1574 1653 contritio
1628 1597 1744 1650 Ileli

1852 606 2012 660 quam
2049 593 2378 659 imprecatus
2434 605 2516 650 est
2570 594 2750 650 Doeeh
2808 596 2986 664 (Paat.
3041 600 3161 665 Li);
3217 601 3432 670 signum

1852 697 1962 751 quo
1994 681 2226 734 domtus
2253 695 2334 736 est
2363 685 2494 738 Cain
2526 686 2678 751 (Gen.
2710 687 2822 754 tv);
2862 690 3140 756 sepultura
3174 690 3334 751 asini,
3369 689 3436 744 de

1853 786 1958 836 qua
2012 770 2256 836 loquitur
2289 770 2559 827 Jeremias
2620 776 2967 845 (eap.xxu);
3044 779 3276 842 perditio
3327 794 3434 850 qua

1855 876 2176 931 peci'atores
2201 873 2357 917 teme
2387 866 2569 919 hiatus
2624 869 2904 922 absorbuit
2970 868 3162 939 (Num.
3203 871 3337 934 xvi),
3380 883 3436 926 et

1864 955 2120 1009 interitus
2183 957 2638 1022 Cbauanaeurum,
2696 970 2744 1013 et
2799 961 3055 1016 contritio
3117 962 3312 1031 hydria
3371 965 3437 1016 ad

1863 1048 2089 1108 fontem,
2124 1058 2178 1101 et
2213 1064 2505 1103 arenarum
2559 1052 2916 1105 comminutio
2949 1054 3000 1105 iu
3057 1052 3338 1106 littoribus
3384 1063 3437 1108 et

1859 1141 2028 1204 saxis,
2074 1157 2193 1208 qua:
2225 1141 2484 1196 ﬂuetibus
2515 1143 2874 1197 verberantur
2899 1145 2916 1174 ⁸
2950 1144 3152 1212 (Ecct'e.
3179 1146 3273 1211 ιιι)
3308 1162 3323 1206 ;
3383 1155 3436 1199 et

1859 1231 2163 1286 confractio
2191 1234 2352 1300 virga:
2387 1234 2637 1302 gloriosas
2661 1236 2727 1288 de
2758 1236 2918 1297 Isaia,
2946 1247 3003 1290 ut
3029 1239 3097 1289 sit
3129 1239 3283 1304 quasi
3336 1253 3439 1291 caeo

1860 1339 2144 1378 cusmanu
2183 1325 2408 1393 palpans
2462 1330 2722 1394 parietem
2793 1327 3227 1399 (Isa.vetth).
3306 1329 3430 1382 llaec

1860 1414 2040 1466 omnia
2075 1413 2123 1466 ei
2162 1414 2435 1478 evenient,
2471 1415 2565 1483 qui
2600 1431 2709 1468 non
2745 1418 2985 1471 servavit
3037 1420 3323 1470 veritatem
3383 1421 3435 1471 itt

1854 1504 2081 1571 judicio.
2136 1515 2193 1559 et
2221 1506 2409 1575 inique
2478 1506 2847 1581 [ALiniquae]
2910 1510 3023 1580 egit
3061 1510 3115 1564 itt
3181 1512 3438 1566 omnibus

1861 1611 1982 1665 qua:
2017 1597 2065 1650 ci
2095 1597 2301 1651 credita
2333 1608 2483 1652 sunt.

238 1803 250 1831 ‘
293 1801 412 1872 Alio
441 1816 641 1864 sensu,
693 1817 872 1870 eoque
926 1818 1119 1856 rursus
1183 1799 1552 1872 concinniori,
1613 1797 1746 1872 olim
1787 1817 1825 1872 Β
1853 1807 1952 1872 prq
1979 1795 2331 1872 ethnicorum.

167 1881 272 1923 erat
295 1890 306 1923 :
335 1870 419 1924 Ne
442 1889 598 1924 senes
616 1872 880 1941 negligat:
905 1889 1104 1941 semper
1121 1872 1379 1940 dijudit'et
1400 1871 1750 1939 cogitationes

168 1956 307 1993 suos.
339 1941 458 1993 Nox
498 1958 726 2010 quoque
757 1945 860 1994 alia
892 1944 1358 2010 interpunetiune.
1388 1942 1751 1993 humilitatem

163 2017 396 2077 junctam
423 2012 621 2066 habeat
661 2015 895 2076 veritati,
945 2016 1158 2083 quando
1189 2012 1422 2079 judicat.
1462 2010 1751 2081 Sequatur,

221 2103 264 2134 ('-

168 2094 264 2182 ψ’.
285 2151 422 2206 Olim
458 2152 515 2203 in
541 2153 687 2221 ligno
720 2165 767 2206 et
791 2153 985 2216 lapide,
1009 2162 1059 2206 et
1089 2154 1249 2221 paulo
1277 2163 1397 2222 post
1451 2155 1753 2222 iniquorum

875 2377 1130 2386 —~—.—-—-—-
1151 2380 1160 2384 -
1179 2379 1665 2389 ...κο-...υ-

1931 1863 1950 1893 ³
1979 1866 2306 1919 Hulstenius
2341 1867 2536 1932 veniat,
2559 1877 2612 1922 et
2646 1869 2843 1926 deinde
2873 1887 3142 1924 ramorum
3166 1887 3262 1941 pro
3297 1877 3438 1944 ﬁlio-

1859 1949 1997 1985 rum.

1933 2004 1950 2032 ⁸
1985 2001 2525 2079 Editiautiquiores.
2553 2010 2604 2063 in
2637 2009 2928 2073 littoribus,
2972 2027 3088 2079 qua:
3110 2011 3268 2064 salsis
3298 2011 3438 2077 ﬂuc-

1862 2072 1998 2123 tibus
2035 2073 2398 2129 verberantur.

853 2553 1266 2614 PRIECEPTA
1314 2552 1568 2624 ATQUE
1620 2553 1932 2616 JUDICIA
1972 2556 2031 2615 S.
2074 2556 2144 2618 P.
2188 2555 2260 2616 N.
2335 2557 2742 2621 PACHOMII.

242 2902 345 2973 77
413 2898 575 2954 CLX.
639 2897 918 2952 Plenitudo
973 2899 1094 2970 legis
1157 2901 1410 2965 charitas,
1469 2902 1755 2955 scientibus

176 3005 392 3066 tempus,
425 2998 550 3066 quia
576 3001 697 3066 jam
724 3001 880 3054 instet
903 3000 1049 3064 hora,
1072 3009 1131 3054 ut
1163 2999 1222 3053 de
1258 3016 1437 3054 somno
1469 3015 1756 3070 consurga-

175 3102 310 3150 rnus.
341 3100 389 3141 et
432 3091 660 3143 vicinior
689 3092 758 3144 sit
782 3091 925 3145 salus
955 3091 1062 3165 [ΑΙ.
1091 3095 1238 3147 salus
1296 3102 1478 3147 n0stra
1514 3092 1532 3165 ]
1594 3110 1753 3163 quam

175 3196 231 3232 eo
289 3191 526 3249 tempore
554 3199 658 3252 quo
715 3184 1052 3239 credidimus.
1117 3185 1235 3240 No.1:
1293 3186 1593 3253 prmcessit,
1650 3186 1756 3238 dies

174 3277 661 3343 appropinquat-it:
757 3278 1073 3340 deponamus
1172 3295 1334 3349 opera
1420 3277 1757 3332 tenebrarum

1855 2905 2052 2961 fratres
2098 2920 2228 2961 suos
2281 2920 2531 2962 sermone
2558 2908 2834 2976 sollicitet,
2883 2919 2939 2966 et
2990 2920 3262 2980 pervertat
3319 2913 3442 2968 ani-

1855 3011 1975 3051 mas
2021 2997 2441 3062 simpliciorunt,
2487 3002 2646 3055 tertio
2681 3003 3156 3069 commonebitur;
3201 3005 3246 3060 si
3304 3020 3439 3061 eon-

1855 3091 2160 3158 tempserit,
2191 3099 2244 3144 et
2274 3093 2546 3146 obstinato
2573 3095 2757 3147 animo
2780 3095 2833 3148 in
2877 3095 3079 3150 duritia
3113 3112 3437 3165 persevera-

1859 3182 2016 3242 verit,
2049 3182 2377 3250 separabunt
2402 3198 2524 3237 eum
2546 3193 2701 3238 extra
2727 3186 3139 3245 monasterium.
3165 3197 3216 3238 et
3242 3188 3438 3242 verbe-

1857 3273 2066 3325 rabitur
2103 3283 2226 3326 ante
2269 3273 2414 3328 fores
2440 3275 2457 3306 ¹
2486 3292 2499 3329 :
2549 3276 2867 3346 dabuntque
2898 3279 2946 3332 ei
3011 3278 3076 3332 ad
3110 3279 3436 3334 vescendum

175 3366 347 3429 (Rom.
402 3383 525 3430 xttt,
554 3368 784 3435 1042);
813 3384 934 3438 qua:
964 3381 1089 3423 sunt
1124 3346 1502 3425 contentiones
1531 3409 1544 3432 ,
1582 3369 1766 3423 detra-
1792 3346 1836 3407 C
1870 3363 2002 3418 foris
2030 3381 2218 3434 partem
2257 3374 2311 3421 et
2381 3383 2600 3438 aquam,
2665 3369 2840 3424 donec
2889 3371 3188 3425 mundetur
3230 3384 3261 3424 a
3323 3385 3442 3425 sor-

177 3459 404 3516 ctiones.
439 3460 590 3520 odia,
626 3472 677 3513 et
699 3461 954 3513 tumentis
981 3461 1146 3514 animi
1205 3461 1480 3530 superbia.
1539 3459 1640 3526 Qui
1684 3459 1765 3512 l’a-

177 3551 292 3601 cilis
325 3560 410 3604 est
439 3551 862 3615 detrahendum,
895 3552 1131 3621 dicitque
1186 3557 1330 3621 quod
1393 3567 1497 3604 non
1551 3557 1656 3612 est.
1719 3549 1764 3603 si

180 3643 228 3691 in
261 3643 364 3696 hoc
404 3653 635 3710 peccatu
661 3643 850 3698 fuerit
875 3645 1268 3712 deprehensus,
1315 3643 1615 3698 monebunt
1641 3657 1764 3696 eum

179 3732 455 3796 secundo;
497 3734 635 3786 etsi
703 3736 891 3789 audire
945 3734 1351 3804 contempserit,
1423 3734 1766 3803 separabitur

181 3834 327 3877 extra
361 3839 693 3879 conventum
739 3827 963 3880 fratrum
998 3838 1200 3896 septem
1231 3827 1442 3888 diebus,
1484 3836 1537 3880 et
1569 3842 1762 3893 panem

183 3928 388 3968 tantum
418 3931 544 3969 eum
586 3932 724 3984 aqua
757 3919 1005 3985 accipiet,
1043 3919 1216 3972 donec
1248 3919 1566 3987 polliceatur
1601 3928 1765 3984 atque

182 4009 467 4060 rettﬁrmet
497 4024 554 4061 se
590 4010 656 4061 ab
687 4009 791 4064 hoc
833 4009 966 4063 vitio
1007 4024 1371 4075 recessurum,
1398 4020 1450 4065 et
1475 4011 1553 4065 sic
1583 4009 1764 4062 dimit-

185 4109 324 4151 I:'lUI‘
347 4099 422 4151 ei.

251 4190 434 4244 CLXI.
469 4189 774 4243 Iracundus
809 4197 864 4243 et
893 4189 1131 4244 furiosus
1155 4190 1198 4244 si
1249 4190 1560 4260 frequenter
1622 4194 1763 4245 iras-

183 4283 320 4335 citur
350 4283 471 4336 sine
505 4295 668 4334 causa
693 4291 743 4334 et
774 4291 989 4348 propter
1020 4296 1130 4335 rem
1164 4283 1378 4334 inanem
1416 4293 1468 4335 et
1510 4297 1761 4346 vacuant,

189 4389 277 4438 per
344 4389 439 4426 sex
477 4374 626 4425 vices
684 4374 1142 4436 eouunonebitur,
1191 4375 1242 4426 in
1290 4374 1516 4442 septima
1566 4374 1763 4429 lacient

184 4481 305 4518 eum
331 4479 670 4531 consurgere
698 4464 765 4518 de
805 4467 996 4518 ordine
1027 4465 1293 4520 sessionis
1320 4482 1453 4526 sum.
1531 4477 1584 4520 et
1624 4467 1762 4519 inter

190 4558 412 4610 ultimos
453 4555 844 4609 collocabitur:
872 4556 1245 4624 docebuntqne
1287 4571 1411 4610 eum
1466 4566 1522 4610 ut
1559 4556 1625 4610 ab
1663 4559 1760 4613 hac

187 4650 384 4702 utentis
411 4649 824 4715 perturbatione
881 4648 1206 4711 mundetur;
1263 4662 1496 4714 cumque
1531 4657 1642 4701 tres
1676 4647 1760 4702 di-

187 4755 317 4806 gnos
361 4738 676 4791 testimonio
718 4746 900 4798 testes.
933 4737 1025 4806 qui
1069 4752 1166 4807 pro
1236 4751 1302 4790 eo
1363 4736 1757 4807 polliceantur,

189 4844 538 4899 nequaquam
563 4829 742 4882 simile
774 4829 901 4897 quid
939 4844 1060 4883 esse
1131 4826 1423 4892 iacturum,
1457 4829 1761 4898 adduxerit,

187 4923 414 4988 recipiet
460 4921 759 4974 sessionem
825 4935 1002 4974 suam.
1041 4921 1294 4988 Alioquin
1356 4920 1400 4975 si
1457 4936 1766 4989 permanse-

188 5015 256 5065 rit
293 5013 351 5066 in
403 5012 559 5073 vitio,
595 5019 834 5064 moretur
895 5010 1038 5065 inter
1090 5011 1310 5065 ultimos
1335 5011 1548 5079 perdito
1582 5013 1760 5080 priore

185 5104 327 5158 Ioco.

255 5194 469 5249 CLXII.
499 5195 599 5260 Qui
634 5195 825 5250 falsum
856 5197 1005 5266 cupit
1036 5195 1264 5266 probare
1294 5209 1484 5256 contra
1511 5202 1765 5267 alterum,

186 5301 240 5340 ut
272 5290 552 5353 opprimat
596 5288 960 5349 innocentem.
996 5292 1155 5342 tertio
1195 5294 1669 5360 commonebitur;
1705 5302 1760 5348 et

186 5387 380 5443 postea
412 5393 536 5431 reus
563 5379 668 5432 erit
715 5380 1042 5449 iniquitatis,
1110 5381 1223 5438 sive
1251 5384 1318 5439 de
1366 5387 1646 5454 prioribus
1670 5387 1760 5454 sit,

185 5474 301 5524 sive
322 5473 392 5524 de
421 5472 795 5528 inferioribus.

255 5562 496 5616 CLXIII.
531 5563 634 5629 Qui
670 5565 829 5621 habet
872 5567 1164 5636 pessimam
1196 5568 1674 5635 consuetudinem,
1710 5579 1766 5624 ut

269 5744 286 5772 ¹
333 5749 561 5802 Additur
594 5746 644 5798 in
683 5747 854 5812 prima
929 5745 1170 5801 editione
1201 5765 1233 5802 α
1261 5749 1478 5815 triginta
1530 5763 1761 5803 uorem..

193 5822 240 5873 td
265 5827 378 5880 est,
407 5819 780 5871 rerberabitur.
841 5817 964 5870 Vid.
998 5831 1161 5886 supra
1185 5831 1308 5888 cap.
1346 5817 1444 5872 H9
1474 5827 1766 5884 notamque

1870 3456 2049 3510 dibus.

1938 3593 2180 3647 CLXIV.
2211 3595 2310 3661 Qui
2362 3596 2522 3650 habet
2559 3598 3008 3652 consuetudinem
3043 3595 3441 3662 murmurandi,

1867 3695 1919 3741 et
1945 3689 2100 3755 quasi
2142 3689 2287 3756 gravi
2347 3703 2510 3757 opere
2566 3703 2624 3742 se
2671 3690 2902 3758 opprimi
2959 3690 3226 3758 queritur,
3281 3690 3444 3744 doce-

1867 3775 2002 3831 bunt
2032 3793 2155 3830 eum
2202 3779 2490 3846 quinquies
2520 3780 2662 3846 quod
2706 3780 2823 3834 sine
2884 3794 3050 3832 causa
3095 3786 3431 3840 murmuret,

1866 3877 1920 3920 et
1947 3868 2229 3921 ostendent
2259 3869 2594 3935 perspicuam
2641 3870 2950 3924 veritatem.
2997 3869 3054 3923 Si
3111 3881 3163 3923 et
3196 3878 3314 3936 post
3343 3869 3445 3920 hoc

1867 3958 2183 4010 inobediens
2215 3957 2398 4023 fuerit,
2427 3969 2479 4012 et
2511 3968 2592 4012 est
2639 3959 2891 4027 perfecta:
2944 3963 3144 4025 aetatis,
3199 3961 3270 4013 ita
3308 3973 3432 4012 eum

1867 4049 2142 4101 habebunt
2173 4058 2230 4100 ιιι
2271 4064 2437 4101 unum
2469 4049 2536 4102 de
2561 4051 2670 4118 78
2706 4053 3111 4119 agrotantibus.
3137 4061 3188 4105 et
3216 4058 3445 4118 ponetur

1867 4139 1920 4191 in
1947 4138 2068 4193 loco
2099 4138 2472 4206 inﬁrmorum;
2525 4141 2708 4209 ibique
2742 4143 2920 4195 aletur
2976 4143 3211 4202 otiosus.
3269 4142 3446 4195 donec

1867 4229 2053 4282 redeat
2082 4230 2146 4282 ad
2186 4231 2491 4284 veritatem.
2527 4232 2623 4285 Sin
2653 4241 2830 4286 autem
2859 4235 3000 4302 justa
3029 4243 3113 4286 est
3139 4233 3286 4287 illius
3311 4248 3446 4302 que-

1865 4320 2002 4386 rela,
2059 4331 2111 4375 et
2157 4337 2184 4373 a
2230 4324 2439 4391 majore
2479 4324 2664 4391 inique
2729 4325 3092 4391 Opprimitur;
3163 4325 3254 4392 qui
3322 4339 3444 4378 cum

1863 4413 2336 4473 scandalizaverit,
2372 4414 2545 4469 eidem
2594 4417 2878 4469 sententia:
2909 4415 3233 4484 subjacehit.

1935 4524 2138 4579 CLXV.
2165 4525 2218 4578 Si
2243 4526 2557 4580 inobediens
2584 4527 2706 4595 quis
2725 4525 2908 4594 fuerit,
2927 4538 3021 4581 aut
3039 4528 3442 4593 contentiosus,

1867 4629 1959 4673 aut
2014 4618 2409 4681 contradictor,
2465 4629 2560 4672 aut
2611 4623 2865 4684 mendax,
2923 4631 2977 4675 et
3033 4630 3119 4674 est
3173 4621 3447 4690 perfrictte

1797 4685 1837 4740 θ
1871 4712 2067 4765 frontis
2087 4711 2134 4776 ',
2156 4709 2338 4764 decies
2366 4711 2827 4775 commonebitur,
2859 4719 2918 4763 ut
2944 4685 3188 4765 desistat'
3208 4726 3234 4764 a
3257 4711 3444 4777 vitiis;

1873 4803 1916 4856 si
1945 4802 2128 4854 audire
2157 4800 2408 4862 noluerit,
2445 4802 2757 4856 monasterii
2791 4801 3001 4870 legibus
3049 4802 3440 4869 increpabitur.

1873 4897 1939 4948 At
1963 4893 2005 4948 si
2031 4909 2126 4962 per
2154 4893 2380 4946 alterius
2411 4894 2624 4958 culpam
2668 4891 2733 4946 ad
2764 4892 2877 4946 haec
2938 4891 3067 4946 vitia
3117 4893 3444 4956 devolvitur,

1873 4998 1926 5038 et
1970 4986 2073 5040 hoc
2099 4985 2264 5039 fuerit
2305 4985 2740 5053 comprobatum,
2780 4985 2870 5040 ille
2901 4985 2992 5055 qui
3023 5000 3187 5040 causa
3220 4984 3446 5048 exstitit,

1875 5096 1998 5134 reus
2037 5079 2140 5134 erit
2168 5078 2414 5133 ultionis.

1940 5193 2169 5250 CLXVI.
2201 5193 2268 5260 ,Si
2299 5193 2665 5262 deprehensus
2705 5189 2869 5243 fuerit
2898 5187 3090 5256 aliquis
3123 5204 3152 5242 e
3183 5186 3446 5244 fratribus

1871 5290 2107 5344 libenter
2133 5304 2254 5342 cum
2306 5287 2492 5356 pueris
2548 5283 2725 5338 ridere
2762 5293 2815 5336 et
2884 5281 3092 5345 ludere,
3133 5291 3181 5335 et
3246 5283 3447 5337 habere

1873 5381 2145 5436 amicitias
2206 5377 2384 5430 natalis
2441 5376 2694 5438 inﬁmum,
2764 5375 2924 5427 tertio
2987 5372 3444 5435 commonebitur,

1877 5486 1933 5530 ut
1968 5473 2183 5528 recedat
2221 5471 2289 5524 ab
2324 5485 2514 5523 eorum
2552 5465 2976 5527 necessitudine,
3035 5472 3088 5516 et
3119 5477 3326 5516 memor
3379 5465 3448 5517 sit

1876 5565 2181 5621 honestatis
2247 5571 2301 5618 et
2357 5562 2568 5616 timoris
2631 5559 2770 5624 Dei;
2841 5556 2885 5611 si
2952 5569 3058 5606 non
3122 5557 3445 5621 cessaverit,

1875 5747 2000 5800 huic
2035 5748 2151 5799 loco
2183 5747 2625 5812 respondentem.

1944 5820 1963 5848 ³
2003 5817 2216 5877 Eadem,
2257 5827 2304 5868 et
2338 5828 2412 5871 cst
2459 5822 2698 5889 perfectus
2750 5823 2945 5884 a‘tulis,
2983 5833 3036 5876 υι
3075 5824 3124 5875 ilt
3173 5839 3290 5887 sup.
3324 5832 3444 5886 cap.
