4212 6452
773 416 846 479 87
1975 434 2033 494 S.
2080 433 2392 495 EUSEBII
2434 437 2876 497 HIERONYMI
3974 439 4045 499 ες

776 534 1124 607 corripietur,
1176 543 1234 588 ut
1303 535 1499 609 dignus
1553 549 1657 605 est,
1706 546 2053 616 correptione
2118 549 2345 602 severis-
2381 556 2423 610 Α
2456 551 2628 619 possit
2670 550 2897 619 implere
2923 551 3066 620 quod
3119 550 3349 617 dixerat,

774 628 934 682 sima.

844 719 1094 779 CLXVII.
1131 724 1230 790 Qui
1266 735 1620 781 contemnunt
1661 741 1923 797 praecepta
1981 733 2241 800 majorum
2290 741 2346 786 et

775 815 992 882 regulas
1057 820 1392 884 monasterii,
1442 835 1561 887 qua:
1601 819 1689 872 Dei
1733 833 2000 890 pr;l‘CC|tIO
2034 825 2344 877 constituta:

777 909 921 964 Sunt,
950 912 997 955 ct
1026 905 1172 971 parvi
1200 907 1734 971 pentittntseniornm
1763 909 2012 974 consilia,
2039 913 2347 981 COI'I'Ipit'Il‘

777 994 1030 1061 tui-juxta
1062 996 1309 1049 ordinem
1352 1000 1915 1056 eoustitutum,donee
1951 1003 2317 1067 corrigantur.

847 1085 1120 1140 CLXVIII.
1185 1088 1285 1154 Qui
1345 1090 1516 1159 judex
1575 1101 1656 1145 est
1682 1094 1926 1146 onmium
1969 1107 2341 1163 peccatorum,

774 1188 826 1230 et
865 1183 1217 1246 perversitate
1276 1188 1490 1248 tuentis,
1527 1187 1605 1239 vel
1679 1187 2004 1256 negligentia
2068 1189 2346 1258 reliquerit

778 1275 1080 1338 veritati-tn,
1119 1279 1305 1345 viginti
1382 1280 1478 1331 viri
1527 1281 1704 1333 sancti
1736 1292 1782 1334 et
1846 1282 2096 1334 timentes
2151 1283 2344 1342 Deum,

777 1367 891 1418 sive
930 1367 1140 1431 decem,
1172 1380 1224 1422 et
1263 1387 1430 1440 usque
1458 1374 1522 1424 ad
1552 1374 1811 1441 quinque,
1836 1374 1902 1427 de
1932 1374 2132 1441 quibus
2154 1388 2346 1428 omnes

779 1458 905 1511 dent
957 1461 1348 1526 testimonium,
1417 1463 1683 1517 sedebunt
1723 1475 1774 1518 et
1838 1465 2164 1532 judicabunt
2198 1481 2344 1529 eum,

780 1559 833 1601 et
864 1551 1230 1619 regradabunt
1261 1553 1312 1605 in
1346 1555 1596 1609 ultimum
1656 1557 1883 1625 gradum
1948 1559 2123 1612 donec
2170 1561 2345 1612 corri-

778 1650 899 1709 gattt
911 1657 951 1695 r.

849 1735 1079 1791 CLXIX.
1111 1739 1210 1803 Qui
1240 1741 1526 1794 conturbat
1559 1741 1786 1794 fratrum
1818 1745 2050 1808 animos,
2089 1755 2142 1798 ct
2178 1744 2347 1800 facilis

781 1831 846 1885 ad
882 1834 1205 1902 loquendum
1244 1834 1258 1863 ⁸
1285 1844 1391 1898 est,
1424 1834 1545 1888 lites
1598 1850 1783 1890 serens
1823 1851 1885 1889 at:
1913 1836 2112 1904 jurgia,
2169 1839 2350 1893 decies

3440 549 3644 604 faciant
3707 549 3830 601 eum
3895 547 4046 600 inter

2460 644 2778 710 languentes
2835 648 3190 710 connnorari,
3221 655 3275 699 et
3345 654 3606 715 pascetur
3635 643 3772 693 inter
3805 639 4046 699 otiosos,

2452 736 2644 799 detrec,
2679 744 2798 789 acta
2833 736 3177 804 paenitentia,
3207 740 3430 809 impleat
3459 735 3606 805 quod
3646 732 3892 803 promisit
3931 728 4047 802 [Δί.

2455 830 2765 898 promiserit
2795 829 2836 902 ].

2529 920 2780 976 CLXXII.
2815 921 2975 977 Pueri
3009 924 3052 979 si
3086 924 3136 977 in
3185 924 3345 979 domo
3383 920 3588 976 fuerint
3634 917 3802 973 dediti
3825 914 4050 970 lusibus

2453 1025 2504 1068 ct
2535 1016 2668 1080 otio,
2705 1026 2758 1071 et
2788 1017 3024 1087 correpti
3077 1032 3185 1070 non
3247 1017 3461 1086 possint
3524 1010 3827 1070 emendari,
3880 1005 4052 1060 debet

2455 1105 2778 1174 pra-positus
2801 1122 2972 1178 usque
3019 1107 3086 1162 ad
3140 1108 3257 1162 dies
3283 1107 3500 1175 triginta
3538 1107 3651 1174 ipse
3685 1117 3780 1157 eos
3818 1112 4051 1154 monere

2453 1209 2505 1251 et
2554 1201 2851 1267 corripere.
2909 1200 2964 1254 Si
3021 1199 3209 1254 viderit
3269 1200 3322 1253 in
3391 1197 3659 1266 pravitate
3721 1194 4049 1264 persistere,

2455 1295 2506 1340 tt
2552 1303 2656 1342 non
2709 1291 3106 1345 renuntiaverit
3147 1289 3293 1345 Patri
3323 1290 3363 1356 ',
3399 1301 3452 1343 et
3498 1287 3715 1358 aliquod
3753 1292 4048 1354 peccatum

2456 1381 2514 1433 in
2552 1381 2632 1433 eis
2684 1379 2848 1435 fuerit
2916 1381 3338 1451 deprehensum,
3391 1380 3506 1449 ipse
3564 1392 3660 1448 pro
3727 1375 3806 1429 eis
3868 1378 4052 1441 culpte

2455 1469 2785 1538 subjacebit,
2816 1471 2972 1542 juxta
3013 1470 3158 1542 quod
3249 1480 3529 1542 peccatum
3588 1468 3755 1523 fuerit
3851 1465 4052 1518 inven-

2456 1571 2589 1614 tum.
3023 1571 3025 1574 '

2524 1652 2634 1721 80
2658 1651 3147 1711 CLXXIII.0mnes
3177 1661 3403 1709 autettt‘
3456 1653 3606 1723 pueri
3667 1653 3761 1720 qui
3797 1665 3909 1706 non
3983 1650 4050 1703 ti-

2459 1753 2602 1799 ment
2647 1747 2909 1800 confttndi
2947 1762 3044 1817 pro
3081 1758 3327 1817 peccato,
3355 1755 3409 1800 et
3463 1762 3561 1815 per
3610 1745 4048 1811 imprudentiam

2455 1837 2720 1904 judicium
2794 1836 2884 1890 Dei
2941 1854 3045 1892 non
3127 1840 3394 1908 cogitant,
3444 1846 3496 1892 et
3559 1835 3800 1906 correpti
3879 1837 4052 1885 verbo

783 1928 1234 1984 commonebitur.
1286 1926 1350 1980 Et
1372 1930 1414 1984 si
1448 1942 1556 1982 non
1608 1929 1766 1982 fuerit
1809 1929 2153 1993 emendatus,
2183 1933 2352 1985 corri-
2387 1935 2426 1987 Β
2459 1944 2562 1982 non
2613 1931 3038 1996 cmendaverint,
3073 1932 3433 1984 verberentur
3496 1927 3740 1998 quandiu
3797 1925 4053 1994 discipli~

782 2019 960 2087 pietur
999 2021 1192 2074 ordine
1229 2024 1567 2085 monasterii,
1592 2022 1765 2075 donec
1805 2023 2137 2089 corrigatur.

853 2106 1059 2161 CLXX.
1111 2109 1211 2174 Qui
1261 2110 1454 2164 viderit
1503 2111 1570 2166 de
1622 2113 1921 2181 majoribus
1945 2122 1998 2164 et
2047 2114 2354 2181 pratpositis

782 2195 1002 2249 fratrem
1044 2214 1202 2251 suum
1244 2201 1295 2252 in
1342 2200 1682 2254 tribulatiOne
1713 2205 1750 2265 ',
1781 2211 1832 2254 et
1863 2201 2097 2254 noluerit
2134 2216 2353 2253 causam

785 2289 1155 2342 tribulationis
1249 2291 1544 2359 inquirere,
1633 2306 1866 2360 eumque
1942 2293 2353 2360 contempserit,

783 2389 1248 2448 quteietureausa
1308 2399 1336 2434 a
1383 2383 2010 2452 supradictisjudicibus
2069 2385 2210 2437 inter
2247 2384 2356 2436 fra-

785 2482 922 2525 trem
958 2481 1119 2540 atque
1147 2474 1492 2541 praepositum
1534 2490 1546 2537 ;
1584 2483 1637 2525 ct
1668 2475 1711 2525 si
1767 2473 2205 2538 deprehendatur
2268 2490 2358 2526 nr-

784 2561 1035 2633 gligeutia
1091 2563 1362 2632 praepositi
1396 2565 1480 2618 vel
1513 2565 1768 2634 superbia
1805 2575 2222 2634 coangustatum
2253 2565 2355 2619 fra-

788 2665 952 2716 trem.
997 2657 1349 2723 etjudicassc
1377 2671 1499 2710 eum
1543 2656 1652 2725 79
1686 2672 1790 2708 non
1823 2658 2122 2710 secundum
2161 2661 2361 2712 verita-

789 2756 918 2807 tem,
961 2743 1052 2797 sed
1092 2743 1389 2797 secundum
1435 2745 2151 2813 personamregradabitnr
2179 2747 2244 2799 de
2270 2761 2360 2800 so-

792 2837 866 2888 Iio
902 2851 1024 2898 suo,
1056 2835 1228 2888 donec
1255 2835 1559 2902 corrigatur
1602 2842 1654 2888 et
1689 2834 1756 2888 ab
1784 2834 2065 2904 injustitia:
2109 2837 2363 2891 sordibus

787 2927 1147 2991 emendetur;
1194 2927 1318 2995 quia
1357 2942 1465 2980 non
1499 2926 1871 2980 consideravit
1926 2928 2232 2992 veritatem,
2264 2929 2361 2983 sed

790 3035 1076 3089 personas.
1107 3028 1161 3073 et
1183 3020 1406 3074 servivit
1441 3019 1692 3090 pravitati
1753 3019 1924 3075 animi
1988 3020 2097 3085 sui,
2145 3031 2200 3075 et
2254 3037 2359 3076 non

789 3112 883 3165 Dei
910 3111 1136 3179 judicio.

857 3202 1091 3256 CLXXI.
1135 3203 1192 3256 Si
1227 3204 1349 3270 quis
1390 3201 1701 3270 promiserit
1756 3214 1814 3256 se
1845 3202 2138 3258 observare
2199 3218 2361 3274 regno

2458 2037 2581 2076 nam
2609 2023 2880 2088 accipiant
2919 2033 2971 2076 et
3003 2025 3280 2078 timorem.

2523 2112 2798 2167 CLXXIV.
2849 2114 2952 2179 Qui
2993 2115 3196 2185 injuste
3235 2113 3589 2184 judicaverit,
3634 2116 3780 2184 juste
3812 2112 3885 2166 ab
3925 2111 4053 2165 aliis

2459 2203 2937 2259 comlemnabitur.

2528 2295 2781 2349 CLXXV.
2811 2296 2864 2350 Si
2905 2311 3046 2350 unus
3091 2309 3120 2348 e
3167 2294 3454 2361 fratribus,
3484 2293 3568 2347 vel
3632 2294 3764 2355 duo,
3819 2292 3910 2346 vel
3941 2305 4054 2346 tres

2458 2390 2812 2446 scandalizati
2849 2390 2916 2444 ab
2983 2390 3172 2459 aliquo
3245 2391 3586 2444 recesserint
3668 2388 3736 2442 de
3773 2388 3965 2450 domo,
3999 2402 4052 2442 et

2462 2492 2648 2551 postea
2681 2480 2951 2546 venerint,
2982 2481 3333 2536 ventilahitur
3364 2484 3504 2535 inter
3560 2495 3657 2534 eos
3709 2490 3766 2533 et
3805 2480 4052 2532 scanda-

2461 2573 2718 2626 lizantem
2780 2583 2906 2624 ante
2954 2572 3221 2640 judicium
3255 2589 3269 2638 ;
3303 2584 3358 2626 et
3385 2573 3430 2626 si
3481 2586 3607 2626 reus
3637 2570 3899 2625 inventus
3934 2569 4055 2625 fue-

2463 2665 2554 2730 rit,
2600 2663 2916 2717 monasterii
2969 2663 3172 2733 regulis
3209 2662 3616 2717 emendabitur.

2531 2754 2807 2811 CLXXVI.
2841 2755 2945 2821 Qui
2989 2757 3263 2810 consentit
3301 2755 3678 2825 peccantibus,
3717 2763 3772 2808 et
3801 2752 4056 2806 defendit

2464 2845 2627 2899 alium
2656 2845 3083 2912 delinquentem,
3133 2844 3458 2899 maledictus
3515 2842 3621 2896 erit
3666 2844 3811 2912 apud
3872 2841 4053 2896 Deum

2464 2945 2518 2988 et
2557 2935 2829 2999 hoinines,
2855 2944 2908 2988 et
2929 2934 3268 3005 corripietur
3289 2934 3666 3004 increpatione
3693 2933 4052 2986 severissima

2467 3026 2596 3098 [ΑΙ.
2627 3024 2930 3097 pessima].
2992 3026 3146 3092 Quod
3182 3026 3226 3083 si
3295 3042 3392 3096 per
3445 3025 3808 3092 ignorantiam
3882 3023 4054 3077 dece-

2466 3129 2592 3189 ptus
2615 3126 2721 3184 est,
2749 3126 2935 3171 etnon
2975 3117 3046 3170 ita
3080 3117 3310 3186 putavit,
3343 3126 3402 3171 ut
3433 3131 3620 3170 verum
3655 3125 3762 3180 est,
3798 3117 4057 3184 ignosce-

2471 3217 2561 3260 tur
2609 3209 2682 3262 ei.
2717 3208 2785 3262 Et
2813 3209 2991 3262 omnis
3025 3208 3116 3277 qui
3157 3217 3348 3277 peccat
3405 3223 3502 3277 per
3535 3205 3927 3276 ignorantiam,
3973 3203 4058 3258 fa-

789 3296 872 3350 tas
928 3297 1268 3361 monasterii,
1306 3305 1360 3349 et
1402 3295 1585 3351 facere
1627 3297 1876 3364 coeperit,
1908 3311 2109 3365 easque
2143 3297 2366 3352 ditnise-
2394 3279 2436 3336 (ἶ
2469 3299 2572 3354 cile
2604 3298 2834 3365 accipiet
2865 3300 3116 3354 veniam:
3151 3300 3246 3368 qui
3279 3309 3459 3354 autem
3493 3299 3672 3354 sciens
3712 3299 4058 3369 peceaverit.

794 3389 896 3453 rit;
947 3401 1129 3455 postea
1188 3400 1366 3442 autem
1435 3403 1683 3444 reversus
1733 3390 1902 3458 egerit
1951 3390 2359 3458 pcenitentiam,

793 3481 1096 3536 obtendens
1126 3481 1496 3534 inﬁrmitatem
1530 3479 1865 3548 corpusculi,
1905 3496 2001 3548 per
2042 3495 2205 3549 quam
2254 3497 2359 3536 non

870 3662 886 3692 ¹
922 3661 1133 3716 Rursus
1156 3661 1365 3726 eadem,
1407 3663 1475 3714 ad
1499 3661 1902 3715 detrahendum.

872 3734 890 3761 ’
918 3733 1028 3797 Al.,
1063 3730 1290 3800 fratrum
1350 3747 1565 3784 suorum
1597 3733 2014 3796 tribulationem,
2077 3738 2185 3786 etc.

869 3803 888 3833 ³
924 3801 1121 3856 Excusi
1159 3810 1315 3857 antea
1351 3803 1558 3855 addunt
1595 3803 1920 3854 monasterii.

2468 3391 2763 3447 sustinebit
2805 3391 3231 3462 increpatiOnom
3281 3391 3434 3460 juxta
3507 3404 3821 3446 mensuram
3858 3389 4058 3458 operis

2467 3483 2552 3535 sui
2585 3483 2626 3536 ⁸.

2541 3660 2562 3732 ἒ
2605 3660 2916 3732 [lolstenitts
2940 3661 3124 3716 saltem
3161 3677 3257 3732 pro
3287 3672 3480 3715 autem.

2540 3731 2561 3762 '
2602 3729 2741 3786 Olitu
2773 3745 2891 3786 erat
2927 3729 3224 3786 "censuram
3256 3748 3484 3800 opusque
3508 3731 3708 3798 peccati
3737 3730 3840 3784 sui.

808 3998 4033 4032 Μ

1628 4141 2045 4203 ΡΒᾹΞΟΕΡΤΑ
2077 4138 2168 4198 AC
2222 4138 2467 4201 LEGES
2505 4140 2564 4201 S.
2610 4140 2673 4201 P.
2711 4139 2779 4201 N.
2828 4139 3224 4203 PACHOMiI.

1167 4451 1242 4500 De
1264 4465 1348 4500 ses
1376 4448 1685 4500 orationibus
1719 4441 2036 4506 veSpertinis,
2064 4448 2117 4490 et
2155 4442 2217 4491 de
2240 4441 2450 4490 collecta
2475 4457 2586 4504 quae
2616 4457 2705 4506 per
2725 4445 2942 4506 singulas
2959 4445 3150 4493 {domos
3174 4445 3225 4492 fit
3249 4456 3336 4493 ses
3372 4446 3665 4496 orationum.

871 4580 1172 4644 CLXXVII.
1203 4579 1409 4650 Viginti
1475 4577 1718 4646 quinque
1773 4589 1966 4643 orgyas
2040 4571 2365 4642 praepositus
2400 4574 2443 4633 D
2472 4572 2660 4628 benter
2685 4574 2982 4642 majoribus
3013 4575 3393 4642 subjiciantttr,
3427 4577 3702 4639 sedentes,
3767 4577 4066 4632 ambulan-

799 4678 995 4733 domus
1052 4690 1116 4729 ac
1157 4672 1434 4728 secundus
1474 4670 1754 4723 debebunt
1789 4668 1856 4719 de
1889 4668 2189 4734 palmarum
2222 4662 2369 4716 loliis

800 4779 1004 4830 terere,
1027 4769 1167 4820 utad
1197 4763 1508 4830 exemplum
1543 4775 1729 4814 eorum
1750 4768 2053 4826 operentur
2083 4768 2132 4810 et
2159 4756 2363 4809 ca'teri.

800 4862 954 4929 Quod
991 4861 1038 4915 si
1071 4875 1174 4912 non
1222 4857 1424 4910 fuerint
1467 4855 1518 4906 in
1552 4854 1823 4920 praesenti.
1877 4851 1968 4918 qui
2032 4851 2150 4903 loco
2178 4863 2367 4903 eorum

802 4953 1102 5022 prmfuerit.
1139 4951 1268 5010 huic
1286 4947 1436 5016 Operi
1474 4953 1636 5013 atque
1671 4957 1938 4995 mensura:
1962 4941 2198 4993 studium
2221 4954 2369 4992 com—

804 5046 1069 5100 tundabit.

872 5133 1205 5189 CLXXVIII.
1238 5132 1536 5194 Postquam
1595 5126 1752 5179 acciti
1801 5124 2002 5176 fuerint
2059 5124 2278 5181 Veniant
2309 5124 2372 5176 ad

808 5227 1213 5284 col'ertam;et
1263 5231 1554 5286 antequam
1603 5225 1893 5273 vocentur,
1952 5214 2142 5265 cellula
2197 5216 2377 5267 nullus

808 5313 1000 5366 exibit.
1039 5310 1093 5363 Si
1126 5312 1217 5378 qui
1249 5315 1359 5362 haec
1389 5314 1655 5376 praecepta
1686 5304 2136 5371 contempserint,
2201 5304 2375 5355 incre-

810 5403 1015 5472 pationi
1059 5400 1229 5454 solztte
1263 5399 1637 5466 subjaccbunt.

885 5494 1165 5549 CLXXIX.
1204 5490 1277 5544 Ne
1310 5491 1429 5560 plus
1492 5489 1672 5556 aperis
1733 5485 1925 5539 fratres
1975 5484 2374 5552 compellantur

816 5588 1029 5640 facere:
1068 5586 1159 5638 sed
1195 5584 1507 5636 moderatus
1538 5581 1689 5633 labor
1715 5593 1904 5631 0u.nes
1938 5580 2001 5627 ad
2035 5575 2370 5644 oper-aridum

816 5688 1092 5745 provocet.
1131 5676 1319 5731 Sitque
1359 5676 1497 5727 inter
1525 5685 1618 5724 eos
1652 5687 1753 5739 pax
1783 5680 1836 5720 et
1868 5667 2194 5725 concordia.
2227 5677 2277 5719 et
2305 5665 2372 5720 Ii-

2479 4677 2578 4728 tes,
2611 4681 2672 4718 ac
2702 4676 2910 4719 stantes
2937 4669 2986 4717 in
3019 4668 3211 4719 ordine
3241 4682 3365 4730 suo,
3425 4667 3656 4721 invicem
3727 4667 3794 4720 de
3831 4668 4064 4723 humili-

2477 4768 2586 4812 tate
2615 4768 2879 4811 certantes
2929 4756 3036 4828 [ΑΙ.
3067 4756 3367 4830 curantes}.

2549 4866 2804 4920 CLXXX.
2835 4865 2888 4920 Si
2940 4870 3067 4933 quid
3129 4878 3407 4935 peccatum
3443 4869 3628 4933 fuerit,
3688 4868 3879 4924 Patres
3941 4887 4067 4924 mo.

2481 4962 2835 5012 nasteriormn
2867 4957 3155 5012 emendare
3181 4968 3450 5027 poterunt,
3475 4969 3530 5014 et
3556 4961 3890 5015 constituere
3915 4966 4065 5032 quod

2484 5051 2635 5112 sequi
2661 5049 2912 5101 debeant.

2553 5161 2835 5215 CLXXXI.
2857 5162 3184 5228 Praepositus
3207 5169 3388 5214 autem
3428 5161 3648 5224 domus,
3671 5174 3720 5215 et
3746 5165 3839 5230 qui
3859 5179 4065 5217 secun-

2481 5257 2584 5311 dus
2615 5256 2681 5307 ab
2721 5267 2785 5307 eo
2812 5264 2914 5315 est,
2961 5254 3062 5306 hoc
3095 5263 3298 5305 tantum
3352 5253 3575 5308 habebit
3606 5254 3770 5322 juris,
3808 5267 3868 5308 ut
3910 5274 4065 5310 eoin-

2481 5346 2644 5417 pellat
2676 5347 2871 5398 tratres
2904 5344 2955 5396 in
2989 5345 3214 5398 collecta
3244 5347 3259 5376 ⁸
3291 5343 3490 5399 domus
3521 5384 3536 5409 ,
3575 5347 3691 5399 sive
3739 5346 3793 5399 in
3825 5349 4064 5402 collecta

2488 5441 2712 5508 majore,
2744 5440 2844 5493 hoc
2887 5449 2971 5493 est
3003 5439 3242 5493 omnium
3273 5440 3530 5503 fratrum,
3560 5438 3844 5509 subjacere
3881 5443 4059 5507 ptent

2487 5563 2856 5700 ιεῗίἳιξέΧΧιΙ.
2880 5641 3032 5711 Quod
3068 5643 3111 5696 si
3143 5643 3469 5712 praepositus
3499 5656 3724 5712 peregre
3751 5642 3945 5708 fuerit,
3969 5646 4064 5714 qui

896 5871 908 5926 ί
952 5870 1170 5926 Veteres
1229 5864 1491 5924 ferebant,
1543 5859 1736 5922 frum:
1796 5859 1845 5902 5"
1896 5857 2112 5922 nequiit
2165 5856 2385 5914 acccc”?
2428 5852 2478 5902 in
2512 5850 2747 5910 cei/arta,
2780 5860 2894 5908 etc.
