4212 6464
137 416 207 475 59

1010 398 1269 459 IN'I'EIit
1299 395 1632 456 REI‘A'I‘IO
1673 393 2000 453 REGULE
2045 395 2107 451 S.
2145 392 2538 453 l’AClIOMll.
3330 385 3401 448 90

138 537 299 579 s-cun
325 522 408 573 ’us
440 524 528 573 est
561 516 742 572 locum
776 514 897 581 eius
935 511 1227 574 obtinebit,
1263 517 1370 561 Iam
1432 507 1485 559 in
1552 505 1724 572 pteni-
1756 514 1795 565 Α
1828 503 1974 563 tatis,
2008 505 2235 558 audient
2264 504 2365 572 ipsi
2401 502 2638 570 majorcs
2672 498 2783 569 [ΑΙ.
2814 496 3110 552 audientur
3139 508 3166 547 a
3233 494 3404 562 majo-

139 615 299 667 tentia
370 611 565 663 fratris
642 607 976 676 recipienda,
1033 617 1197 672 quam
1252 603 1303 653 in
1389 611 1715 668 quocunque

136 708 242 760 alio
268 717 490 763 eorum,
522 715 647 771 quae
677 702 732 754 in
762 699 927 752 domo
978 694 1088 767 [ΑΙ.
1129 688 1372 761 domino]
1409 688 1716 742 necessaria

136 809 282 854 sunt.

202 888 541 947 CLXXXIII.
575 887 632 942 Si
663 885 790 956 quis
822 884 1032 953 absque
1088 879 1423 934 conscientia
1484 876 1716 930 duorum

138 980 255 1034 ierit
279 979 349 1031 ad
382 980 620 1031 alteram
651 977 897 1033 domum,
944 971 1027 1023 vel
1078 970 1301 1022 alterius
1351 968 1543 1019 domus
1612 964 1722 1016 fra-

140 1085 293 1135 trem,
326 1071 584 1124 codicem
627 1066 913 1137 legend-un
952 1074 1202 1117 mutuum
1258 1059 1538 1127 pestulare
1608 1055 1717 1129 [Αἰ.

137 1158 549 1231 postulaverit],
614 1159 698 1212 vel
730 1153 1013 1223 quodlibet
1041 1151 1213 1215 aliud,
1241 1161 1294 1205 et
1337 1151 1391 1202 in
1470 1147 1569 1202 ltoc
1636 1147 1723 1201 in-

138 1264 327 1306 ventus
391 1250 589 1310 fuerit.
650 1245 969 1301 monasterii
1027 1244 1219 1299 ordine
1285 1236 1681 1307 increpaltitur.

203 1339 546 1398 CLXXXIV.
572 1340 678 1405 Qui
716 1338 833 1392 vult
868 1338 987 1391 sine
1005 1331 1221 1388 macula
1256 1341 1309 1386 et
1360 1329 1563 1397 absque
1594 1340 1726 1381 eon-

141 1447 341 1502 temptn
400 1436 460 1489 in
510 1434 679 1488 domo
743 1432 831 1486 cui
896 1431 1186 1497 deputatus
1224 1434 1331 1486 est.
1362 1438 1484 1476 esse
1529 1417 1727 1492 [ΑΙ.νί-

142 1525 307 1597 vere],
341 1527 535 1578 onmia
600 1537 722 1594 qua
748 1528 1022 1593 praecepta
1076 1524 1203 1569 sunt
1253 1525 1439 1566 coram
1464 1509 1575 1563 Deo
1630 1506 1727 1561 ob-

141 1634 354 1674 servare
390 1616 647 1671 debebit.

203 1708 521 1765 CLXXXV.
555 1704 833 1773 Quidquid
880 1698 1255 1755 necessarium
1317 1692 1399 1748 est
1438 1696 1489 1748 in
1537 1707 1730 1747 mona-

144 1804 326 1868 sterio,
346 1804 469 1857 sive
502 1801 559 1854 in
581 1813 738 1868 agro,
762 1794 1167 1864 si-pra‘positus
1198 1790 1393 1845 domus
1434 1796 1731 1857 occupatus

143 1903 237 1949 est.
260 1892 549 1948 secundus
580 1893 804 1961 impleat
839 1890 878 1943 '.

204 1986 543 2043 CLXXXVI.
563 1985 670 2039 Sex
694 1984 970 2039 orationes
1001 1983 1177 2037 facere
1201 1978 1555 2046 vespertinas,
1578 1976 1733 2043 juxta

148 2081 452 2147 exemplum
499 2077 732 2147 majoris
788 2076 1053 2139 collecte,
1116 2072 1222 2142 81
1276 2071 1327 2125 in
1386 2085 1491 2137 qua
1545 2081 1734 2121 omnes

149 2176 334 2222 tratres
364 2169 584 2238 pariter
609 2175 1026 2236 congregantur,
1064 2177 1291 2217 summa:
1321 2156 1733 2214 delectationis'

148 2272 242 2321 e5t,
276 2270 329 2312 ct
354 2259 433 2312 ita
480 2258 650 2313 facile
686 2265 844 2319 ttulit,
871 2264 929 2309 ut
956 2255 1163 2308 nullum
1195 2269 1333 2307 onus
1398 2252 1655 2315 liabcant,
1682 2258 1734 2304 et

151 2348 321 2421 [Fam
371 2348 459 2421 ut]
494 2365 562 2404 ex
597 2363 763 2402 onere
797 2357 1053 2401 nascatur
1092 2347 1330 2399 taedium.

216 2440 590 2497 CLXXXVII.
625 2440 683 2495 Si
726 2443 853 2510 quis
883 2438 1115 2493 deforis
1142 2437 1370 2499 venerit,
1402 2446 1457 2489 et
1494 2444 1630 2488 testu
1664 2434 1738 2485 Iu-

154 2537 448 2598 buraverit,
510 2534 720 2602 aliique
777 2532 973 2586 fratres
1016 2529 1324 2586 orationem
1383 2528 1738 2582 celebrabunt

156 2631 260 2700 [AL
292 2623 769 2696 celebraverint];
803 2624 848 2677 si
882 2624 962 2677 ire
989 2638 1094 2675 non
1124 2629 1324 2688 potest,
1353 2633 1462 2673 non
1492 2626 1735 2686 cogetur.

220 2716 615 2774 CLXXXVIII.
646 2715 877 2781 Quando
910 2712 1186 2783 praepositi
1219 2712 1508 2765 domorum
1542 2708 1738 2763 fratres

155 2814 217 2868 de
252 2811 685 2871 conversatione
741 2818 946 2862 sancta:
1002 2807 1126 2860 vita:
1174 2805 1472 2870 docebunt,
1530 2804 1741 2874 absque

163 2908 485 2978 gravissima
529 2902 856 2958 necessitate
890 2902 912 2933 ³
943 2900 1126 2955 nullus
1157 2900 1353 2954 aberit.

220 2995 567 3053 CLXXXIX.
619 2997 852 3066 Majorcs
899 2996 991 3067 qui
1023 3011 1147 3051 cum
1184 2994 1452 3048 fratribus
1506 2994 1739 3047 mittun-

160 3100 242 3142 tur
270 3087 449 3153 foras,
484 3090 732 3159 quandiu
787 3090 859 3144 ibi
894 3088 1118 3153 fuerint,
1155 3088 1436 3142 habebunt
1462 3086 1551 3154 jus
1604 3100 1740 3154 pra:-

1827 594 2024 665 ribus].
2056 607 2109 650 ct
2144 595 2531 665 dijtulicabunt
2576 606 2820 656 causam,
2847 600 2899 644 et
2960 590 3186 660 dignum
3239 588 3399 655 culpa

1823 686 2207 757 ittcrepabttul,
2245 698 2302 742 ut
2334 687 2399 741 ad
2431 685 2719 754 imperium
2772 698 2961 738 eorum
2996 683 3178 737 statim
3212 695 3399 751 pacem

1823 782 1983 850 pleno
2009 781 2176 833 corde
2209 780 2548 833 consocicnt.

1894 871 2049 926 CXC.
2087 870 2140 924 Si
2178 872 2299 939 quis
2336 888 2398 925 cs
2424 872 2681 924 fratribus
2705 877 2898 924 contra
2931 867 3274 937 praepositum
3300 867 3402 918 clo-

1825 978 1949 1017 mus
1983 980 2094 1017 sua:
2126 963 2373 1016 habuerit
2425 962 2727 1019 tristitiam,
2760 968 2854 1013 aut
2913 959 3029 1028 ipse
3086 956 3403 1025 prmpositns

1827 1065 2015 1109 contra
2053 1055 2273 1107 fratrem
2307 1054 2545 1122 aliquam
2576 1051 2997 1119 qucrimmtiatn,
3033 1047 3279 1118 probata!
3301 1045 3404 1099 ira-

1829 1156 1942 1202 tres
1968 1148 2410 1201 eouvcrsationis
2436 1158 2488 1201 ct
2516 1147 2637 1199 lidei
2669 1160 2763 1198 eos
2794 1144 2983 1197 audire
3012 1142 3310 1202 debebunt,
3352 1148 3405 1193 et

1828 1244 2209 1313 dijudicabunt
2245 1244 2387 1296 inter
2443 1256 2558 1295 eos.
2598 1239 2652 1292 Si
2687 1250 2865 1291 tamen
2912 1235 3112 1305 absens
3139 1242 3222 1288 est
3245 1232 3407 1286 Pater

1830 1336 2169 1400 monasterii,
2212 1335 2294 1387 vel
2319 1334 2502 1403 aliquo
2530 1333 2640 1401 82
2670 1329 2970 1398 proiectus,
3004 1325 3236 1395 primum
3281 1325 3406 1391 qui—

1828 1426 1950 1480 dem
1980 1432 2383 1493 eXSpectabnnt
2421 1439 2583 1489 cum;
2634 1423 2717 1475 sin
2751 1430 2932 1474 autem
2996 1419 3205 1471 diutius
3272 1414 3407 1470 foris

1830 1519 2061 1570 viderint
2092 1516 2445 1581 commorari,
2476 1524 2604 1568 tunc
2635 1512 2858 1566 audient
2890 1513 3032 1565 inter
3059 1511 3406 1579 praepositum

1831 1619 1883 1663 et
1920 1610 2164 1672 fratrem,
2208 1625 2272 1663 ne
2308 1608 2399 1662 diu
2433 1622 2702 1677 suspenso
2730 1605 2940 1675 judicio
2974 1604 3191 1658 tristitia
3231 1603 3407 1670 major

1833 1705 2067 1759 oriatur.
2099 1703 2167 1756 Et
2198 1702 2288 1754 ille
2316 1702 2409 1769 qui
2444 1700 2769 1769 pra‘positus
2819 1705 2922 1761 est,
2956 1707 3008 1750 et
3045 1696 3131 1748 ille
3155 1694 3246 1763 qui
3274 1694 3406 1748 sub-

1832 1797 2026 1863 jectus,
2047 1804 2102 1849 et
2128 1794 2180 1848 lii
2211 1794 2302 1863 qni
2327 1793 2575 1853 audiunt,
2605 1793 2751 1858 iuxta
2786 1791 3043 1843 timorem
3077 1788 3172 1841 Dei
3206 1796 3406 1839 cuncta

1768 1856 1808 1909 Β
1835 1888 2056 1950 faciant,
2084 1898 2137 1941 et
2178 1902 2283 1939 non
2321 1886 2450 1938 dent
2486 1884 2537 1936 in
2564 1886 2673 1935 ullo
2706 1882 3055 1936 occasionem
3105 1878 3408 1931 discordiae.

1907 1975 2276 2042 (LXCngitur
2305 1976 2394 2045 qui
2427 1976 2607 2028 animo
2663 1988 2771 2026 uno
2807 1988 2929 2027 esse
2990 1969 3409 2039 concupiscunt,

1835 2080 1888 2125 et
1923 2070 2104 2123 vivere
2138 2081 2315 2122 mente
2367 2068 2639 2121 communi
2713 2066 3120 2134 disposuerunt,
3165 2061 3412 2115 consiliis

1838 2164 2106 2227 majorum
2136 2161 2432 2214 inserviant
2467 2178 2480 2213 :
2537 2158 2681 2227 quod
2715 2172 2777 2211 ex
2816 2156 3062 2210 consiliis
3125 2169 3409 2224 processe-

1841 2253 1909 2305 rit
1941 2253 2186 2314 Pntrun‘,
2218 2251 2266 2303 id
2299 2251 2521 2302 faciant.

1906 2343 2109 2398 CXCII.
2150 2343 2222 2395 De
2252 2343 2531 2396 vestit-uiis.
2570 2341 2626 2395 Si
2655 2341 2776 2409 quis
2801 2341 2867 2393 ab
2902 2337 3010 2410 [Αἰ.
3044 2336 3135 2410 de]
3164 2338 3251 2391 his
3284 2351 3408 2405 qua:

1842 2447 2111 2505 proci-pta
2148 2444 2295 2499 Sttul,
2325 2434 2557 2501 amplius
2604 2432 2877 2494 habuerit,
2934 2433 3140 2499 absque
3172 2444 3417 2482 commo-

1841 2528 2048 2581 nitione
2081 2526 2306 2595 majoris
2336 2523 2376 2590 ⁵,
2421 2524 2624 2577 deferet
2656 2526 2719 2577 ad
2751 2523 3218 2586 custodcmcella',
3252 2532 3305 2575 et
3334 2522 3416 2573 iu-

1841 2619 2114 2683 troeundi,
2140 2618 2221 2671 vel
2249 2616 2556 2685 postulandi
2591 2630 2651 2667 ea
2680 2632 2784 2668 non
2819 2614 3035 2668 habebit
3064 2621 3416 2682 potestatem;

1839 2715 1933 2769 sed
1964 2722 2124 2767 erunt
2156 2710 2259 2765 sub
2293 2707 2591 2778 praepositi,
2625 2716 2679 2761 et
2719 2706 2840 2773 ejus
2876 2705 2966 2775 qui
3002 2703 3276 2760 secundus
3306 2711 3414 2769 est,

1843 2806 2096 2859 arbitrio.

1911 2892 2143 2951 CXCIII.
2188 2891 2264 2945 De
2294 2888 2591 2959 puellarum
2642 2889 2946 2957 disciplina.
2998 2888 3172 2942 Nemo
3205 2885 3271 2940 ad
3326 2898 3420 2940 eas

1847 2989 2006 3041 vadat
2046 2984 2346 3038 visitandas
2375 2985 2418 3047 ',
2446 2994 2548 3037 etc.

1916 3077 2149 3133 CXCIV.
2178 3076 2503 3143 Quicunque
2527 3074 2595 3126 de
2626 3072 2710 3128 his
2736 3071 3011 3126 mandatis
3051 3069 3259 3138 aliquid
3288 3083 3422 3138 pra-

161 3179 484 3245 positorum,
514 3188 570 3230 et
597 3193 784 3232 eorum
811 3187 1004 3232 cuncta
1043 3185 1299 3246 regentur
1327 3173 1434 3246 [AL
1461 3173 1742 3247 gerentur]
1771 3209 1811 3265 C
1848 3173 2057 3226 terierit
2091 3170 2297 3237 absque
2327 3168 2433 3221 ulla
2462 3165 2804 3220 dubitatione
2841 3164 3179 3234 negligentia:
3204 3172 3257 3217 et
3286 3175 3421 3216 con-

163 3270 405 3336 aibitrio,
433 3270 829 3339 docebuntque
873 3269 1072 3323 fratres
1098 3282 1195 3339 per
1218 3266 1547 3322 constitutos
1601 3265 1735 3320 dies.

166 3358 225 3413 Et
254 3360 299 3416 si
332 3360 577 3417 forsitan
607 3361 810 3432 aliquid
845 3362 986 3415 inter
1010 3374 1104 3415 eos
1134 3368 1315 3413 ortum
1345 3355 1508 3411 fuerit
1540 3355 1737 3410 simul-

232 3546 248 3576 ¹
306 3544 348 3598 ε
379 3542 667 3597 contrario
697 3549 815 3595 erat
876 3546 1057 3603 antea,
1089 3537 1404 3607 prmpositus
1437 3538 1596 3589 etiam
1643 3552 1747 3591 sou

167 3616 463 3671 vastatam:
515 3613 758 3681 impleat.
789 3609 999 3664 Statius
1020 3610 1224 3679 legerat
1278 3608 1586 3674 implicatus
1648 3621 1747 3677 pro

168 3700 264 3736 non
296 3683 624 3751 postulatus.

234 3756 253 3784 ³
296 3747 481 3807 antea
511 3762 631 3806 erat
663 3766 881 3805 summie
904 3747 1213 3803 dilectionis.

238 3824 422 3877 ’Item
480 3831 603 3875 erat
632 3830 680 3873 ιι
732 3821 1046 3887 grarissima
1093 3814 1445 3886 (egritudine;
1503 3824 1559 3871 et
1617 3829 1742 3870 mox

170 3894 463 3962 quicunque
488 3908 516 3945 e
547 3892 813 3961 fratribus
847 3892 1147 3953 mittuntur,
1191 3896 1295 3941 etc.

1848 3275 2111 3333 temptus,
2142 3270 2264 3332 aget
2301 3260 2697 3331 paenitentiam,
2736 3264 2795 3312 ut
2823 3256 3104 3328 possidere
3143 3255 3424 3309 valeamus

1846 3370 2009 3426 regna
2038 3354 2324 3409 caalorum.

1886 3535 1945 3617 ,⁸
1978 3535 2170 3591 Verius
2222 3536 2351 3590 olim
2409 3534 2560 3597 editi,
2601 3532 2798 3602 absque
2868 3531 3195 3585 concessione
3252 3526 3423 3595 majo-

1851 3622 1944 3659 TIS.

1925 3676 1947 3706 ⁸
1987 3672 2215 3741 Reliqua
2249 3675 2415 3741 hujus
2447 3673 2670 3742 capituli
2702 3674 2809 3728 alio
2839 3672 2893 3725 in
2929 3671 3051 3742 loco
3087 3671 3225 3742 inter
3248 3670 3425 3741 Regu-

1847 3744 1929 3797 los
1974 3740 2233 3815 virginum
2260 3740 2578 3800 Helsteoius
2613 3745 2792 3813 posuit
2826 3758 2891 3795 ex
2920 3740 3023 3794 ﬁde
3052 3741 3175 3815 cod.
3199 3756 3303 3796 ms.
3328 3741 3421 3810 qui

1848 3815 1989 3869 inter
2019 3813 2077 3869 S.
2118 3816 2393 3871 Pacltomii
2432 3824 2705 3883 praecepta
2736 3827 2844 3865 non
2872 3813 3139 3883 agnoscit.

188 4097 3398 4132 ww

1358 4308 1658 4370 MONITA
1698 4310 1761 4372 s.
1807 4308 2160 4384 PACHOMI,
2192 4308 2241 4370 I.

254 4650 471 4705 Ilonora
502 4648 697 4710 Deum,
731 4655 787 4701 et
844 4640 1286 4697 valcbis.Memor
1327 4648 1457 4693 esto
1510 4636 1745 4708 gemitus
1774 4612 1824 4675 D
1852 4640 2038 4693 tatem.
2058 4645 2086 4684 a
2110 4630 2294 4686 divina
2325 4630 2636 4698 cognitione
2672 4628 3033 4682 fraudabitur
3064 4642 3202 4681 :nec
3233 4627 3433 4694 porerit

183 4757 317 4810 quos
347 4739 596 4811 perpessi
652 4742 783 4790 sunt
834 4732 1031 4789 sancti.
1082 4730 1392 4784 Elliciamur
1445 4725 1753 4787 unanimes,

187 4845 569 4904 permanentes
606 4832 659 4884 in
692 4844 801 4898 quo
834 4826 1009 4880 vocati
1067 4836 1301 4887 sumus;
1343 4833 1440 4887 pro
1500 4818 1758 4871 omnibus

188 4902 365 4978 curam
406 4930 690 4992 gerentes,
715 4928 773 4970 ut
806 4919 945 4969 lianc
975 4927 1135 4981 quam
1200 4907 1536 4975 arripuimus
1589 4902 1755 4955 vitam

191 5018 446 5082 perlicere
478 5015 780 5073 valeamus,
816 5016 868 5059 et
892 5018 1115 5058 cursum
1146 4996 1506 5053 institutionis
1559 5000 1759 5047 acstrze

190 5108 297 5163 Deo
327 5107 598 5175 placitum
630 5098 889 5168 perlicere
945 5105 1255 5147 mereamur
1284 5104 1300 5151 ;
1325 5098 1381 5139 ut
1442 5102 1505 5140 ne
1551 5084 1755 5138 similes

192 5200 553 5256 inveniamur,
574 5192 671 5261 qui
695 5192 747 5244 in
772 5187 927 5240 vanis
950 5195 1002 5238 et
1022 5182 1249 5238 caducis
1274 5180 1436 5233 rebus
1462 5178 1713 5231 laetantur
1738 5191 1753 5229 :

197 5308 258 5344 ne
283 5289 507 5357 quando
548 5298 703 5337 mens
740 5287 928 5334 nostra
956 5275 1087 5327 recti
1124 5271 1336 5327 itineris
1375 5270 1570 5322 lineam
1599 5270 1754 5322 dere-

195 5386 462 5451 linquens.
509 5378 563 5429 in
595 5383 872 5440 peccatum
894 5376 1133 5428 corruat,
1166 5373 1221 5419 et
1245 5378 1341 5433 spe
1369 5370 1572 5415 aiterna
1610 5360 1757 5413 frau-

196 5476 368 5529 detur.
405 5468 698 5527 Intellectu
728 5477 960 5530 namque
985 5470 1069 5515 est
1097 5456 1363 5527 optimum
1429 5467 1761 5521 cognoscere

197 5564 527 5616 voluntatem
554 5557 671 5611 Dei.
704 5554 960 5610 Omnium
1016 5549 1163 5604 enim
1226 5545 1477 5614 superior
1534 5544 1762 5598 eflicitur

203 5658 381 5718 homo,
417 5652 515 5724 qui
544 5647 816 5706 obedierit
848 5642 1085 5699 veritati.
1138 5637 1391 5695 Omnium
1421 5636 1563 5689 enim
1595 5635 1763 5687 malo-

204 5751 500 5817 rumpejns
523 5755 633 5807 est,
686 5742 785 5812 legi
820 5738 911 5792 Det
964 5734 1242 5796 resistere,
1301 5737 1355 5784 et
1412 5728 1763 5797 acquiescere

203 5844 430 5913 propriae
458 5835 763 5906 volnntati._
801 5831 904 5897 Qui
973 5827 1114 5884 enim
1144 5838 1299 5879 suam
1334 5822 1544 5892 perﬁcit
1572 5822 1763 5875 volun-

1856 4723 2185 4791 perliciendo
2220 4724 2494 4791 propriam
2534 4723 2893 4781 voluntatem,
2947 4720 3088 4773 viam
3115 4728 3430 4773 sanctorum

1856 4818 2152 4882 incedere;
2186 4825 2238 4867 et
2270 4817 2322 4866 iu
2361 4814 2653 4867 novissimo
2710 4812 2988 4866 interitum
3037 4820 3088 4863 et
3152 4813 3430 4880 planctum

1861 4908 2123 4962 inveniet.
2176 4905 2331 4958 Nunc
2368 4905 2532 4970 igiltll‘
2593 4915 2805 4973 tempus
2860 4902 3105 4972 placendi
3158 4905 3430 4958 Domino:

1864 4998 1993 5065 quia
2027 4996 2177 5050 salus
2213 4998 2265 5049 in
2301 5004 2545 5064 tempore
2580 4996 2949 5050 tribulationis
3000 4998 3319 5065 acquiritur.
3358 4997 3434 5051 Ne

1867 5104 1997 5157 ergo
2048 5088 2424 5142 tantummodo
2481 5088 2863 5141 credulitatem
2923 5087 3044 5141 fidei
3090 5089 3142 5141 in
3194 5099 3434 5157 tempore

1866 5181 2064 5234 laetitia:
2096 5189 2399 5244 teneamus,
2439 5184 2569 5234 etiu
2639 5187 2884 5247 tempore
2942 5181 3311 5234 tribulationis
3364 5182 3436 5233 ab

1864 5273 2052 5327 eadem
2091 5274 2429 5327 recedamus.
2481 5272 2753 5341 Scriptum
2786 5281 2869 5326 est
2914 5273 3057 5325 enim
3094 5290 3109 5327 :
3148 5270 3205 5326 Si
3234 5274 3436 5326 uoveris

1862 5374 2037 5419 votum
2057 5366 2298 5424 Domino,
2319 5380 2380 5416 ne
2402 5380 2605 5417 moram
2626 5363 2806 5433 feceris
2834 5364 3050 5417 reddere
3075 5362 3213 5416 illud
3236 5362 3433 5423 (lt'ccle.

1861 5470 1916 5519 γ,
1948 5456 2029 5521 5),
2068 5466 2122 5508 et
2161 5457 2213 5508 in
2272 5454 2622 5508 tribulatione
2650 5470 2716 5509 ue
2770 5455 3035 5522 delicias;
3071 5454 3164 5507 sed
3218 5454 3435 5522 patiens

1861 5557 1998 5609 esto,
2041 5554 2088 5598 et
2119 5546 2343 5599 obsecra
2399 5544 2711 5597 Dominum.
2758 5541 3055 5595 lmmobilis
3106 5545 3247 5593 enim
3307 5540 3435 5593 fidei

1863 5636 2142 5705 plenitudo
2203 5635 2475 5688 tribuetur
2512 5649 2541 5687 a
2598 5632 2736 5697 Deo,
2793 5643 2954 5699 quam
3017 5646 3112 5700 per
3166 5630 3431 5701 Spiritum

1864 5737 2109 5783 sanctum
2141 5726 2517 5794 acquisierunt
2548 5725 2849 5795 prophetae,
2889 5726 2941 5778 in
2978 5738 3083 5794 qua
3111 5733 3165 5778 et
3200 5724 3433 5792 apostoli

1865 5818 2172 5874 conﬁrmati
2203 5831 2352 5883 sunt,
2389 5820 2478 5889 qui
2519 5829 2736 5889 propter
2766 5819 2927 5872 fidem
2984 5818 3226 5872 diversas
3260 5817 3433 5871 tribu-o
