4212 6446
125 398 195 459 {‘3
918 398 1544 458 lNTERl’IiETATlO
1592 399 1711 459 EPl

1818 401 2133 463 DLARUM
2187 403 2245 461 Β.
2288 400 2685 463 ΡΜῘΠΟΜΠ.
3323 392 3393 454 94

125 518 266 575 inle
304 528 487 567 annos
520 522 650 566 tuos
686 516 755 568 sit
793 514 1084 581 disposita,
1108 514 1262 581 juxta
1297 515 1547 580 exempla
1583 527 1711 566 san-

1818 522 2155 577 Dr‘siderium
2186 534 2290 572 non
2323 528 2405 573 cst
2437 520 2601 573 unius
2622 517 2717 567 rei.
2744 513 3024 569 laudatur
3057 519 3307 578 peccator
3339 510 3390 561 in

125 618 359 667 ciorum,
397 621 508 659 non
552 608 605 657 in
633 607 773 660 cib’s
805 606 1218 673 temporalibus,
1262 620 1437 672 neque
1478 605 1531 657 in
1596 605 1701 655 ulla

125 697 487 751 similitudine
518 713 735 759 eorum,
763 714 885 767 quae
918 697 1169 751 videntur
1208 699 1260 750 in
1296 696 1433 750 cmio
1484 696 1597 750 sive
1653 695 1704 747 in

129 801 285 844 terra.
316 788 593 842 llabetote
631 793 693 853 Ω,
727 799 781 844 ut
813 792 1036 860 possitis
1073 805 1368 844 occurrere
1405 789 1515 842 Deo
1541 790 1592 841 in
1622 788 1707 840 die

128 885 478 945 visitatiouis,
517 885 736 937 liberati
765 886 833 937 ab
888 886 1259 952 increpatione
1294 882 1536 936 Martiae.
1572 880 1707 933 Pura

124 974 337 1026 domum
373 983 529 1026 [naut
564 974 876 1027 secundum
940 975 1206 1027 terminos
1265 972 1406 1037 ejus.
1464 973 1706 1023 Observa

126 1070 309 1118 Tltcla.
356 1080 430 1117 ne
466 1081 597 1119 rcus
625 1069 700 1117 sis
752 1066 1141 1134 increpatimis
1181 1065 1322 1129 ejus.
1362 1063 1447 1115 cui
1501 1062 1704 1115 dictum

126 1169 222 1215 eq,
270 1156 443 1210 Redde
472 1160 740 1210 rationem
772 1158 1183 1219 dispensationis
1232 1165 1335 1208 tute
1376 1154 1526 1217 (Luc.
1599 1169 1708 1219 xvi,

126 1253 213 1317 3i;
257 1253 336 1303 \‘rl
386 1254 542 1305 illius
612 1251 705 1314 qui
768 1251 1005 1303 comedit
1061 1266 1113 1302 et
1162 1249 1295 1303 bibit
1354 1264 1476 1303 cum
1520 1246 1709 1307 ebriis,

127 1343 341 1403 quando
370 1342 554 1395 uoluit
589 1341 799 1401 fodere,
834 1358 932 1395 nec
953 1346 1081 1393 dare
1120 1341 1403 1394 conservis
1423 1338 1631 1392 cibaria
1659 1337 1708 1387 in

130 1451 369 1501 tempore
396 1449 505 1488 suo
545 1434 769 1503 (Matth.
812 1439 985 1499 uir).
1051 1433 1176 1487 Ideo
1233 1434 1586 1487 reddiderunt
1640 1429 1712 1489 ei.

129 1530 253 1597 quia
278 1528 488 1583 oblitus
516 1539 606 1581 est
637 1529 767 1598 legis
822 1527 937 1590 Dei,
963 1537 1016 1579 et
1037 1526 1283 1581 inﬁrmos
1315 1525 1533 1579 visitare
1583 1536 1711 1576 con-

132 1625 367 1689 ιμωιιςὶι.
392 1619 459 1674 Et
482 1620 693 1674 idcirco
718 1618 984 1674 ﬂuctuare
999 1621 1183 1687 C(Ppit,
1201 1613 1512 1685 etindigere
1535 1630 1671 1685 pane
1694 1629 1708 1669 :

130 1716 345 1767 imitans
380 1714 640 1766 limuiues
702 1712 1201 1767 cotilidentissititos
1252 1720 1304 1765 et
1338 1696 1710 1777 arrogantes,

130 1807 219 1869 ιιιιὶ
246 1809 541 1859 noluerunt
573 1806 799 1857 domum
836 1803 922 1857 Ili.
955 1803 1153 1869 llomo,
1183 1816 1455 1870 cognosce
1484 1815 1603 1869 quae
1633 1799 1716 1851 di-

130 1908 346 1956 runtur,
381 1898 514 1967 quia
555 1896 759 1950 bellum
795 1895 1007 1949 Domini
1032 1897 1085 1949 in
1112 1894 1363 1948 manibus
1394 1908 1581 1947 eorum
1607 1900 1713 1955 est,
1754 1881 1792 1935 Β

132 2001 181 2041 rt
210 1988 485 2042 creditum
528 1997 615 2041 est
659 1987 761 2050 eis,
828 1996 887 2038 ut
944 1993 1195 2055 regerent
1252 1997 1470 2036 carnem
1535 1994 1712 2043 suam,

130 2091 182 2133 it
210 2091 355 2133 stare
390 2081 691 2144 lacerent;
746 2078 790 2133 si
830 2076 970 2131 forte
1019 2082 1242 2146 possent
1281 2074 1515 2144 eﬂ‘ugere
1542 2073 1716 2128 incre-

131 2173 405 2241 pationeui
446 2169 717 2228 Dauielis,
749 2178 803 2223 et
842 2169 1056 2222 ruinam
1117 2167 1285 2231 Esau,
1342 2176 1395 2221 et
1460 2166 1715 2220 duritiam

133 2266 306 2327 Moab,
351 2276 404 2317 et
434 2262 804 2317 defectionem
842 2260 1103 2320 lsmaelis,
1140 2269 1194 2315 et
1229 2261 1514 2314 illecebras
1566 2269 1717 2311 satu-

136 2358 385 2409 ritatisac
426 2354 665 2415 ventris,
720 2354 846 2418 quia
894 2360 1195 2419 sapueruut
1242 2367 1306 2404 ea
1370 2366 1486 2419 qua:
1555 2361 1718 2416 super

134 2462 327 2500 terram
364 2455 521 2500 sunt.
556 2444 908 2497 Abundantia
938 2454 1115 2496 antem
1180 2442 1421 2495 bomiuis
1453 2439 1719 2508 sapientia

136 2557 249 2606 ejus
284 2548 390 2592 est.
431 2539 478 2589 0
519 2538 723 2589 homo!
760 2536 914 2588 trado
954 2535 1255 2601 disciplina:
1284 2550 1377 2586 cur
1418 2541 1594 2594 tuum,
1654 2544 1719 2583 ne

141 2634 475 2701 mutt'plicr-s
530 2629 861 2682 mortuosin
910 2637 1226 2696 contemptu
1270 2635 1323 2680 et
1392 2624 1720 2695 negligentia

137 2739 246 2785 tua,
282 2733 516 2793 [trOpt‘T
541 2736 789 2776 errorem
814 2720 996 2773 cordis
1024 2720 1119 2771 tui.
1148 2716 1192 2772 Ο
1218 2720 1376 2770 homo
1403 2720 1414 2771 ε
1444 2736 1509 2771 ue
1536 2716 1721 2770 visibi-

138 2824 203 2871 lia
236 2818 537 2886 deSpicias.
574 2814 949 2868 Mercenarius
1009 2827 1113 2865 non
1147 2822 1229 2864 est
1266 2821 1449 2879 pastor
1484 2828 1498 2867 :
1530 2811 1582 2862 in
1645 2818 1721 2863 te-

144 2912 323 2965 ιιςὶνὶς
366 2909 570 2974 \ttlpcs
598 2906 916 2957 comedunt.
948 2904 1092 2957 Tene
1120 2903 1355 2970 gladium
1382 2903 1565 2972 gloriae
1594 2913 1721 2962 ture,

135 3018 399 3071 cognosce
432 3000 671 3053 loricam
703 2997 952 3065 justitize,
984 3005 1039 3050 et
1085 3011 1156 3049 ne
1204 3005 1525 3047 contemnas
1572 2994 1725 3047 babi-

135 3092 706 3159 taculumsapientim.
756 3088 862 3141 Fac
890 3089 983 3141 tibi
1029 3087 1302 3151 sacculos,
1335 3087 1426 3155 qui
1488 3100 1594 3138 non
1641 3086 1721 3137 iu-

1822 619 2076 682 nperibus
2114 630 2373 666 martium
2425 628 2670 664 suarum.
2713 611 2924 661 Dictum
2977 614 3060 657 ρςι
3106 615 3157 657 et
3212 603 3336 654 aliis
3376 618 3389 655 :

1824 709 2040 773 Qualem
2074 710 2283 760 donmm
2310 704 2639 773 mli/imbuis
2670 703 2798 756 mihi
2835 699 2963 767 (Iso.
3008 713 3152 751 txvi.
3182 698 3231 751 li
3257 697 3279 735 ⁸³
3301 694 3392 762 qui

1820 801 2181 863 quadraginta
2240 800 2400 850 annis
2447 796 2733 849 audierunt
2792 805 3100 845 sermonem
3163 788 3277 845 Di-i.
3340 794 3396 838 et

1823 910 1927 948 non
1991 894 2036 946 ci
2099 892 2417 943 obtulerunt
2470 890 2747 946 vii-lituos,
2805 902 2904 937 nec.
2962 884 3119 937 anuis
3179 891 3396 949 septua.

1823 989 1964 1056 ginta
2042 987 2425 1053 jt‘itlltavel‘lliJ
2475 983 2570 1031 illi.
2628 981 2734 1030 Cor
2794 981 2936 1029 cuitu
3015 990 3201 1026 eorum
3279 981 3399 1022 erat

1821 1090 1945 1151 post
1978 1080 2143 1135 idola,
2180 1093 2278 1128 nec
2315 1078 2599 1127 voluerunt
2640 1074 2750 1124 Deo
2777 1085 2969 1123 vacare
3006 1067 3204 1117 dicenti
3245 1084 3255 1120 :
3292 1064 3398 1115 Va-

1821 1184 1934 1228 rale
1958 1184 2003 1227 el
2042 1170 2207 1223 ridete
2247 1170 2497 1236 quoniam
2540 1183 2628 1223 crto
2671 1182 2781 1217 sum
2844 1163 2977 1213 licus
3041 1158 3211 1221 (Paul.
3274 1171 3394 1216 κη’,

1828 1266 1936 1331 ll).
1969 1276 2020 1316 ct
2054 1279 2225 1323 usque
2256 1263 2320 1312 ad
2357 1261 2494 1311 banc
2530 1259 2669 1309 diem
2703 1273 2808 1309 non
2846 1261 3039 1306 vacant
3084 1250 3223 1301 Iteul
3259 1246 3399 1299 hiri-

1822 1366 1910 1410 tttr
1939 1356 2056 1416 tibi,
2092 1354 2282 1407 homo.
2318 1353 2493 1416 Quan
2533 1350 2757 1412 diligitis
2802 1348 3082 1398 renitatem
3121 1339 3287 1399 (Paul.
3321 1352 3395 1395 ιν,

1821 1447 2019 1510 5)?An
2050 1463 2143 1500 cor
2183 1455 2423 1497 vestrum
2472 1450 2818 1509 attﬁravatum
2849 1437 2983 1491 est?
3040 1434 3171 1490 Cairt
3211 1446 3399 1497 occla-

1826 1538 1990 1593 batur
2018 1548 2245 1597 terram,
2278 1546 2331 1586 ut
2358 1535 2568 1589 oderrct
2596 1533 2846 1585 victimas
2903 1529 3035 1587 Deo,
3067 1534 3119 1579 ct
3157 1523 3401 1577 condidit

1826 1632 2148 1689 civitatem;
2189 1629 2279 1683 sed
2340 1644 2444 1680 non
2482 1627 2636 1690 juxta
2706 1623 3015 1678 scientiam.
3064 1635 3182 1685 quae
3227 1618 3399 1684 placet

1826 1723 1957 1782 Deo,
1996 1721 2125 1774 fecit
2155 1721 2270 1773 hmo
2309 1719 2512 1771 oninia.
2540 1716 2651 1770 Noe.
2686 1727 2739 1767 et
2766 1714 2946 1767 omnis
2972 1712 3165 1763 domus
3196 1709 3314 1776 ejus
3343 1709 3396 1762 in

1827 1831 1953 1870 arca
1971 1815 2036 1867 de
2061 1812 2247 1867 mundi
2268 1820 2346 1864 est
2381 1818 2593 1864 servata
2619 1805 2923 1869 naufragio.
2950 1803 3219 1855 Abraham
3248 1802 3401 1855 dives

1827 1910 1931 1963 fuit
1971 1926 1985 1961 :
2022 1908 2173 1960 Isaac
2207 1904 2425 1971 reliquit
2454 1901 2892 1954 benedictionem
2924 1896 3115 1952 Iacob.
3171 1895 3400 1959 Ipseque

1826 2001 1999 2058 Jaeob
2058 1999 2326 2052 intellexit
2358 2010 2520 2063 quem
2560 2007 2744 2046 amare
2774 1993 3021 2051 deberet,
3068 1998 3118 2043 et
3177 1987 3399 2041 benedi-

1827 2095 2061 2147 ctionem
2089 2091 2210 2157 cjus
2236 2088 2373 2155 legis
2394 2087 2565 2140 instar
2592 2086 2925 2138 balmerunt.
2955 2083 3155 2144 Joscpb
3184 2081 3400 2143 adjutor

1828 2187 1928 2241 fuit
1958 2185 2175 2255 generis
2200 2182 2307 2242 sui,
2338 2181 2462 2248 quia
2498 2188 2782 2248 peccatum
2832 2176 2984 2246 fugit.
3018 2186 3069 2227 et
3104 2175 3398 2226 detestatus

1820 2289 1904 2335 est
1923 2280 2277 2345 voluptatem,
2299 2275 2528 2329 ostendit
2544 2287 2649 2338 que
2672 2274 2902 2339 posteris
2924 2269 3061 2335 quod
3084 2259 3421 2321 visitaturus

1826 2387 1920 2424 eos
1946 2378 2095 2423 esset
2133 2369 2295 2426 Deus,
2320 2372 2373 2419 et
2397 2366 2607 2430 aperuit
2640 2362 2897 2431 mysteria
2926 2361 3257 2420 futurorum,
3291 2371 3399 2409 uie-

1821 2463 2048 2517 moriam
2087 2461 2400 2520 relinquens
2429 2456 2705 2521 sapientim
2744 2470 2877 2507 sure.
2930 2452 3177 2505 Surrexit
3214 2454 3410 2515 postea

1822 2553 2058 2622 Moyses.
2107 2549 2201 2618 qui
2258 2546 2441 2601 sa‘cuii
2507 2545 2635 2596 vicit
2686 2542 2987 2603 illecebras,
3030 2538 3247 2593 divitias
3305 2554 3413 2602 pro

1823 2644 1993 2699 nihilo
2021 2642 2231 2702 babnit,
2256 2638 2636 2705 Aipyptiorum
2673 2635 3000 2704 sapientiam
3033 2632 3412 2686 Stultamiasse

1826 2734 2173 2791 monstravit.
2233 2731 2445 2785 Idcirco
2498 2727 2656 2781 Jesus
2735 2726 3074 2778 ministrabat
3143 2722 3236 2783 ei,
3317 2724 3409 2788 qui

1825 2829 2091 2885 intellexit
2122 2824 2427 2879 doctrinam
2470 2830 2758 2881 eorum,et
2799 2817 2987 2871 babuit
3038 2816 3241 2870 socium
3307 2815 3409 2867 Ca-

1825 2923 1932 2975 leb.
1990 2918 2248 2972 llosuines
2306 2915 2456 2967 stulti
2522 2928 2628 2965 non
2694 2911 3079 2963 intellexerunt
3156 2909 3301 2969 haec,
3355 2917 3411 2961 et

1828 3012 2030 3066 idcirco
2086 3010 2264 3062 lttmcn
2316 3004 2571 3058 tenebras
2638 3016 2760 3055 csse
2819 3001 3094 3054 dixerunt.
3138 2996 3410 3051 Deusde-

1830 3103 1908 3156 dit
1978 3099 2406 3166 jusrilicationcs
2456 3110 2608 3157 suas,
2673 3102 2733 3146 ut
2790 3092 3093 3146 ambularet
3173 3089 3410 3158 populus

138 3195 508 3251 veterescant,
557 3195 619 3237 ut
653 3182 827 3249 possis
881 3180 945 3234 ad
984 3180 1226 3233 for-atnen
1281 3178 1531 3245 aspidum
1596 3177 1718 3229 mit-

1830 3193 1882 3247 lu
1946 3192 2049 3254 eis,
2149 3200 2202 3243 et
2287 3190 2340 3241 in
2409 3186 2493 3239 bis
2563 3184 2819 3238 omnibus
2895 3198 3003 3237 non
3078 3182 3411 3234 invenerunt

2573 3274 2605 3289 -.
2773 3272 2832 3289 ..
3256 3270 3346 3289 ..-ε
3390 3285 3402 3289 -

136 3293 247 3336 tere
306 3293 563 3334 manum.
617 3275 692 3330 Ne
737 3273 1029 3329 inebrieris
1083 3274 1232 3337 vino,
1292 3288 1354 3324 ex
1396 3284 1507 3340 quo
1552 3269 1721 3322 ruiua’:

140 3372 585 3441 tiuntpiurinue,
645 3380 697 3423 et
747 3366 1031 3421 ambulant
1079 3366 1210 3420 nudi
1274 3380 1435 3433 super
1494 3373 1717 3416 terram.

137 3467 317 3534 Cogita
338 3464 492 3529 quod
528 3462 616 3515 lex
652 3461 774 3513 data
807 3462 876 3513 sit
908 3462 974 3513 de
1025 3459 1250 3513 muliere
1273 3464 1627 3519 menstruata,
1664 3463 1721 3506 ut

136 3567 285 3609 extra
321 3566 512 3608 castra
540 3551 868 3622 projiciatur
909 3550 1043 3604 :viae
1074 3549 1219 3603 enim
1249 3547 1367 3616 ejus
1386 3558 1569 3600 strata:
1591 3556 1720 3599 sunt

143 3651 331 3717 spinis.
368 3647 689 3708 Paupertas
726 3642 980 3696 bumiliat
1008 3642 1203 3703 virum,
1241 3649 1294 3693 et
1320 3636 1583 3707 perstillat
1627 3635 1724 3689 d0-

141 3756 277 3801 ntus,
308 3739 401 3793 ubi
430 3739 635 3791 otiosa
658 3743 788 3788 sunt
813 3748 1029 3786 manus.
1072 3729 1151 3786 Ne
1192 3729 1490 3784 iullrmeris
1521 3727 1585 3782 ad
1608 3727 1719 3794 pla-

137 3848 233 3900 gas
271 3832 575 3900 lignorum,
616 3826 731 3881 Tau
755 3834 811 3880 et
850 3827 952 3879 Ro.
1007 3822 1226 3878 Ventris
1295 3822 1503 3875 insania
1570 3821 1721 3891 pejor

142 3932 216 3974 est
248 3922 511 3972 omnibus
546 3917 728 3970 malis.
761 3915 928 3968 Error
960 3915 1243 3968 oculorum
1275 3912 1551 3965 imminuit
1592 3926 1723 3979 pru-

140 4015 369 4065 dentiam
405 4009 747 4077 sapientum.
800 4005 992 4061 Deﬁcit
1018 4006 1236 4074 sapiens
1266 4012 1483 4072 propter
1513 4017 1717 4056 coocu~

141 4103 465 4161 iuscentiam
495 4098 683 4153 Carnis
716 4098 767 4149 iu
800 4110 989 4159 carne,
1029 4095 1171 4163 quod
1208 4094 1433 4161 sanguis
1467 4091 1715 4161 sanguini

141 4195 464 4247 ιιιίεεειιιπ.
490 4190 700 4242 Omnes
723 4189 813 4255 qui
866 4187 999 4239 estis
1022 4194 1405 4257 cooperatores
1472 4183 1587 4248 Dei,
1652 4196 1718 4235 ne

142 4286 377 4353 p-rdatis
414 4265 651 4352 gloriam
686 4294 949 4334 veStram.
998 4279 1148 4330 Scito
1181 4286 1309 4329 ante
1339 4274 1521 4327 omnia
1574 4272 1716 4341 quod

140 4382 182 4431 εἰ
219 4376 390 4430 {ueris
435 4374 489 4426 iu
528 4374 723 4442 Alpba,
765 4371 909 4423 Deus
956 4371 1253 4424 consentiet
1295 4367 1411 4420 tibi.
1437 4364 1573 4420 Cum
1623 4378 1719 4417 au-

140 4488 243 4525 tem
271 4470 381 4523 Deo
416 4468 800 4528 consenseris,
830 4466 883 4518 in
917 4480 1024 4532 quo
1065 4478 1264 4517 cursus
1288 4471 1416 4515 tuus
1450 4466 1553 4523 est,
1584 4473 1716 4525 gau-

140 4567 267 4617 dere
299 4579 407 4616 nea
451 4561 658 4628 poteris
693 4560 746 4612 in
797 4560 943 4611 omni
988 4574 1042 4608 re
1072 4570 1207 4609 vana
1234 4574 1247 4609 :
1276 4555 1433 4621 cujus
1459 4554 1502 4606 si
1531 4564 1715 4603 curam

143 4657 402 4717 ;e=seris,
443 4653 739 4723 prudentia
775 4660 867 4704 tua
899 4659 1141 4702 vertetur
1169 4649 1221 4701 in
1251 4646 1557 4699 stultitiam.
1614 4642 1715 4706 Qui

140 4752 327 4803 ebrius
358 4758 469 4806 est,
502 4744 719 4798 ebrium
751 4758 860 4796 non
895 4750 1073 4808 potest
1104 4739 1382 4809 adjuvare.
1408 4735 1512 4802 Qui
1542 4742 1716 4801 errat,

144 4844 426 4907 quomodo
490 4836 695 4890 erranti
742 4833 1069 4887 monstrabit
1124 4832 1302 4883 viam?
1348 4830 1439 4896 qui
1486 4828 1722 4879 voluerit

145 4934 371 4984 ductore
395 4942 467 4981 eo
495 4926 596 4986 uti,
622 4940 700 4977 va
724 4924 824 4976 itii.
874 4922 1064 4976 Carr-us
1096 4919 1240 4972 enim
1290 4932 1491 4970 caream
1560 4916 1721 4968 ducet

145 5026 196 5075 iu
235 5023 476 5075 iuvi-ain.
510 5014 791 5083 Sapientia
825 5010 965 5082 apud
999 5019 1221 5064 sanctos
1270 5018 1374 5071 est,
1416 5018 1470 5060 et
1506 5008 1560 5060 in
1616 5005 1721 5057 illis

147 5114 236 5165 Dei
276 5113 535 5163 voluntas
560 5106 831 5175 reperitur
860 5120 873 5156 :
916 5119 1023 5157 non
1048 5102 1101 5156 in
1128 5102 1211 5153 bis
1234 5101 1431 5167 quibus
1460 5104 1722 5166 repugnat

148 5206 307 5263 Deus.
355 5212 412 5256 et
447 5201 540 5269 qui
566 5200 797 5251 dicunt:
834 5196 977 5248 Deus
1023 5193 1073 5245 in
1112 5192 1268 5246 nobis
1297 5201 1421 5252 est;
1463 5188 1717 5257 gaudium

145 5315 329 5352 eorum
372 5302 729 5349 coiivi-rtetur
756 5292 807 5342 in
849 5290 1071 5342 luctum.
1108 5286 1224 5340 Non
1255 5285 1400 5338 etiiu‘.
1452 5296 1720 5350 cognove«

146 5400 268 5443 runt
295 5384 620 5456 mysterium
649 5381 740 5433 Dei
772 5398 785 5432 :
818 5397 993 5446 neque
1019 5381 1343 5432 invenerunt
1376 5377 1516 5428 viam
1538 5389 1722 5427 servo-

148 5497 287 5543 rum,
308 5488 365 5531 ut
383 5478 750 5545 Opereuturin
767 5488 848 5527 ea.
871 5473 1145 5540 Flagellati
1171 5478 1317 5530 sunt,
1338 5479 1391 5522 et
1410 5485 1515 5522 non
1533 5470 1724 5521 dolue-

147 5580 269 5623 runt
301 5586 317 5623 :
346 5566 565 5622 seducti
594 5573 740 5623 sunt,
764 5575 815 5617 et
844 5580 950 5617 non
972 5564 1373 5616 intellexerunt.
1406 5560 1461 5613 In
1640 5560 1722 5612 bis

147 5664 426 5721 nninibus,
450 5674 483 5710 ο
510 5659 674 5709 boiuo
709 5654 821 5718 Dei,
848 5663 1123 5707 revertere
1151 5653 1202 5704 in
1228 5650 1505 5705 excelsum
1532 5669 1544 5712 ;
1575 5647 1717 5715 quod

147 5766 225 5806 est
266 5750 500 5806 scientia
556 5749 856 5816 sapientum
893 5744 1160 5812 Scriptum
1210 5754 1312 5803 est.
1359 5742 1473 5795 Non
1525 5756 1720 5792 concu—

151 5850 307 5899 iisrcs
346 5842 549 5897 (Exod.
587 5856 674 5901 xx,
714 5839 819 5902 Π),
842 5849 893 5891 et
927 5853 1164 5900 rursum,
1196 5835 1307 5890 Non
1342 5833 1713 5888 inebriaberis.

1830 3297 1923 3335 cor
1950 3295 2133 3342 suum,
2170 3292 2269 3332 nec
2301 3274 2606 3331 conversati
2659 3282 2783 3326 sunt
2820 3272 2872 3326 in
2927 3270 3199 3324 mandatis
3256 3270 3347 3322 hei
3389 3285 3404 3333 ;

1825 3375 1917 3427 sel
1982 3374 2253 3424 vacabant
2317 3366 2606 3421 desideriis
2667 3366 2802 3426 suis,
2880 3373 2932 3417 et
2978 3379 3083 3414 non
3149 3362 3410 3428 operibus

1832 3463 1948 3517 Dei.
1979 3462 2021 3515 Ο
2052 3462 2254 3523 homo!
2296 3470 2581 3525 usquequo
2613 3470 2718 3508 non
2756 3454 2911 3506 audis
2958 3454 3227 3505 dicentem
3258 3450 3353 3502 tibi
3392 3465 3407 3503 :

1840 3552 2055 3612 l’acate,
2082 3566 2126 3604 et
2159 3550 2325 3603 videte
2348 3550 2470 3614 quia
2502 3562 2593 3615 ego
2629 3562 2746 3597 sum
2777 3543 2951 3596 Deus:
2983 3542 3074 3593 sed
3114 3540 3409 3605 unusquis-

1831 3661 1935 3717 que
1964 3646 2215 3712 scquitur
2250 3644 2617 3711 cogitationes
2653 3640 2849 3692 animae
2876 3635 3031 3689 sure?
3064 3633 3201 3687 Num
3275 3634 3409 3684 visi-

1829 3742 1986 3797 tastis
2034 3741 2296 3798 illirmos,
2334 3752 2502 3806 quare
2536 3731 2842 3789 moriemini
2876 3731 2897 3782 ?
2929 3745 3027 3784 cur
3057 3729 3120 3780 ad
3157 3728 3405 3793 laqueum

1831 3830 2095 3887 curritis?
2126 3828 2247 3883 llaec
2277 3837 2403 3882 sunt
2454 3826 2598 3879 enim
2637 3830 2895 3892 prmcepta
2929 3820 3130 3882 vitalia,
3162 3833 3282 3883 quae
3314 3829 3409 3867 ac-

1831 3930 2093 3992 ceperunt
2127 3920 2325 3979 sancti,
2347 3930 2401 3971 ut
2433 3916 2850 3971 versarenturin
2879 3912 2981 3973 eis,
3005 3920 3063 3962 ut
3098 3908 3227 3960 nibil
3262 3906 3406 3959 aliud

1831 4017 2157 4080 cogitarent,
2192 4021 2247 4064 ut
2274 4011 2513 4063 facerent
2566 4023 2726 4072 opera
2780 4004 2940 4072 digna
2972 4000 3405 4054 immortalitate.

1830 4106 2083 4161 Volatilia
2112 4104 2232 4158 caeli
2268 4119 2373 4155 non
2405 4102 2675 4155 semiuant
2708 4112 2809 4151 nec
2867 4104 3100 4157 metunt,
3155 4101 3210 4143 et
3264 4091 3403 4143 licus

1830 4197 1982 4252 dedit
2026 4198 2129 4260 eis,
2156 4205 2212 4248 ut
2249 4202 2497 4261 raperent
2538 4192 2652 4260 88
2686 4206 2747 4241 ex
2774 4188 3042 4240 universis
3105 4184 3401 4241 fructibus,

1829 4298 1881 4343 et
1917 4290 2154 4357 gratuito
2188 4286 2450 4336 viverent.
2514 4280 2685 4334 llomo
2736 4281 2962 4344 iniquus
3023 4286 3075 4329 et
3129 4277 3403 4341 pessimus

1829 4380 1921 4447 qui
1965 4394 2052 4431 res
2077 4375 2282 4429 alienas
2313 4372 2611 4430 desiderat,
2634 4371 2877 4423 imitator
2904 4376 2987 4420 est
3016 4366 3195 4416 arium
3233 4366 3404 4432 pessi-

1828 4487 2036 4525 marum
2066 4485 2078 4534 τ
2114 4467 2253 4533 .apit
2281 4476 2331 4518 ct
2384 4463 2617 4517 comedit
2655 4478 2760 4514 non
2795 4476 2910 4514 sua.
2971 4458 3081 4511 llos
3110 4457 3279 4508 vitare
3311 4456 3404 4506 de-

1753 4575 1797 4630 ο
1829 4564 2040 4618 bemus,
2076 4570 2128 4611 et
2163 4556 2465 4623 intelligere
2500 4552 2805 4621 parabolas.
2839 4560 2889 4602 et
2925 4563 3029 4600 non
3061 4561 3183 4600 esse
3221 4553 3403 4612 rapto-

1825 4669 1913 4706 res
1941 4661 1993 4703 et
2048 4651 2260 4717 iniqui;
2299 4648 2391 4701 sed
2458 4646 2661 4700 imitari
2720 4643 2957 4708 majores
3013 4647 3247 4694 nostros.
3310 4636 3401 4703 qui

1828 4746 2153 4814 placuerunt
2184 4740 2436 4802 Domino,
2471 4745 2523 4789 et
2549 4737 2976 4803 increpaverunt
3025 4731 3218 4790 Adam,
3273 4730 3405 4796 quia

1831 4835 2064 4892 comedit
2120 4833 2182 4885 a=l
2238 4830 2649 4899 persuasionem
2707 4826 2850 4879 Eva'.
2913 4825 3048 4889 Quia
3111 4831 3403 4888 antequam

1831 4927 2155 4986 comederet,
2181 4922 2398 4974 nomina
2422 4920 2634 4973 cunctis
2661 4921 2822 4972 rebus
2860 4915 3138 4985 imposuit,
3175 4921 3227 4965 et
3260 4925 3405 4966 nunc

1827 5032 2046 5087 quoque
2072 5016 2185 5067 suis
2220 5012 2505 5065 vocabulis
2533 5010 2887 5079 appellantur.
2912 5008 3195 5073 Postquam
3222 5013 3401 5058 autem

1830 5106 2087 5163 comedit.
2126 5103 2332 5169 eiectus
2359 5110 2441 5155 est
2485 5102 2550 5154 de
2600 5098 2953 5168 paradisu,et
3008 5105 3269 5164 operatus
3322 5103 3404 5148 est

1831 5210 2053 5257 terram,
2080 5194 2377 5261 genuitque.
2411 5192 2537 5244 Cain
2564 5199 2615 5242 et
2640 5190 2792 5249 Abel,
2822 5188 2911 5255 qui
2969 5196 3280 5249 creverunt,
3354 5196 3403 5239 et

1830 5290 2037 5359 operati
2080 5287 2389 5353 suntjuxta
2444 5282 2776 5335 voluntatem
2840 5295 3015 5333 suam.
3069 5280 3215 5347 Opus
3273 5278 3402 5330 Abel

1832 5381 2038 5451 placuit
2070 5378 2175 5431 Deo
2216 5379 2387 5433 magis
2419 5388 2579 5441 quain
2610 5373 2770 5434 Cain,
2801 5371 2925 5441 quia
2958 5387 3076 5438 quin
3104 5379 3259 5423 erant
3292 5370 3403 5423 clo-

1830 5483 1913 5526 eta
1942 5482 1993 5523 et
2027 5468 2284 5539 primaria
2310 5466 2571 5519 offerebat
2607 5462 2741 5525 Deo;
2766 5479 2793 5516 e
2819 5462 3098 5516 contrario
3162 5461 3321 5523 Cain,
3356 5461 3401 5514 si

1829 5564 1959 5632 quid
1985 5562 2225 5615 deterius
2252 5558 2373 5617 luit,
2416 5558 2516 5608 hoc
2549 5555 2745 5608 obtulit
2802 5556 2944 5610 Deo:
2978 5555 3067 5622 qui
3103 5555 3155 5606 in
3218 5567 3401 5606 exem-

1829 5654 1974 5722 plum
2011 5648 2232 5704 bumaui
2262 5661 2474 5715 generis
2530 5653 2939 5711 praecesSerunt.
3009 5644 3211 5699 Omnes
3256 5644 3402 5698 enim

1830 5747 1920 5811 qui
1953 5744 2121 5796 electa
2155 5740 2385 5792 oll‘eruut
2419 5740 2544 5800 lico,
2580 5737 2785 5790 similes
2819 5746 2944 5789 sunt
2979 5737 3105 5789 Abel
3137 5753 3151 5802 ;
3183 5737 3275 5803 qui
3310 5737 3402 5787 rit-‘-

1835 5838 2054 5899 tciiora,
2081 5833 2213 5887 Cain
2266 5831 2521 5899 operibus
2552 5837 2936 5896 comparantur
2972 5844 2984 5885 ;
3022 5838 3071 5883 ct
3138 5828 3255 5897 ejus
3305 5826 3396 5893 qui
