4212 6448
736 387 806 445 95
1913 388 1972 445 S.
2012 388 2318 449 EUSEBH
2361 395 2801 457 HIEliONYMI
3930 400 4003 461 96

738 496 910 549 irrisit
944 503 1150 560 patrem
1197 510 1375 560 suum,
1408 504 1461 550 et
1527 499 1825 551 nuditatem
1882 500 1999 567 ejus
2054 500 2313 557 fratribus
2350 518 2386 571 Α
2425 526 2602 563 omnes
2632 512 2871 567 homines
2903 520 3008 568 vuu
3070 514 3287 578 saluari,
3330 526 3378 568 ει
3408 516 3580 568 venire
3628 514 3697 567 ad
3723 515 4005 568 scientiam

736 588 1010 641 nuntiavit
1045 597 1139 651 ;et
1165 589 1308 642 illius
1350 587 1444 656 qui
1478 589 1770 644 a‘dilicavit
1808 591 2000 645 turrim
2035 594 2086 645 in
2116 608 2310 660 campo

736 681 1003 745 Setinaar,
1036 680 1238 734 oblitus
1294 681 1722 735 miscricordiam
1759 681 1874 749 Dei,
1901 698 1930 737 ιι
1961 698 2070 752 quo
2101 685 2153 737 iu
2180 701 2303 755 arca

736 782 982 827 servatus
1009 783 1113 833 est.
1142 785 1193 827 et
1221 773 1481 826 liberatus
1517 790 1544 828 a
1588 775 1819 838 diluvio,
1848 784 1902 829 et
1939 790 1967 829 a
1996 793 2105 844 quo
2140 778 2301 831 benc-

735 868 867 920 dirti
911 877 1040 921 sunt
1073 879 1250 936 patres
1273 866 1416 935 ejus.
1468 866 1570 935 Qui
1608 868 1791 923 furore
1823 871 2059 938 quodam
2128 872 2308 926 socios

739 954 1122 1021 hortabantur,
1162 956 1448 1013 dicentes:
1510 956 1721 1022 Venite,
1766 960 2012 1015 dolemus
2077 962 2310 1029 lapides,

736 1060 797 1098 ac
826 1046 1099 1100 credamus
1120 1063 1436 1118 sycomoros
1457 1057 1511 1104 et
1536 1054 1748 1117 cedrus,
1777 1062 1829 1106 et
1859 1055 2130 1108 faciamus
2154 1055 2313 1109 nobis

737 1148 841 1190 tun
860 1142 948 1191 im.
965 1154 1066 1191 non
1086 1142 1497 1197 considerantes
1516 1143 1773 1200 ultionem
1793 1148 1958 1203 turris
1974 1148 2313 1214 Chalaunm‘,

738 1232 1011 1295 quomodo
1048 1230 1191 1286 Deus
1237 1234 1481 1288 diviserit
1516 1236 1732 1304 linguas
1760 1254 1974 1299 eorum.
2015 1240 2310 1293 volentium

738 1324 1008 1379 adiﬁcare
1038 1328 1232 1380 turrim
1259 1329 1526 1398 superbiae
1560 1330 1626 1385 ad
1659 1332 1854 1386 coelum
1884 1348 2056 1401 usque
2092 1334 2318 1387 tenden-

742 1429 866 1477 tem.
907 1428 961 1471 ct
1013 1418 1344 1472 Orientalem
1407 1423 1616 1491 plagam
1666 1424 2138 1492 relinquentium;
2190 1426 2315 1492 quia

745 1514 898 1565 olditi
933 1523 1060 1565 sunt
1092 1514 1263 1582 legem
1299 1514 1411 1579 Dei,
1446 1530 1609 1582 quam
1646 1517 1697 1569 in
1738 1518 1906 1570 corde
1939 1526 2316 1583 susceperunt.

742 1603 895 1657 Nunc
916 1604 1080 1673 igitur
1105 1605 1325 1672 provide
1349 1616 1399 1658 et
1426 1606 1665 1673 intelligo
1692 1608 1948 1660 ultionem
1969 1610 2153 1667 turris;
2176 1624 2317 1675 qtta‘,

744 1697 994 1759 quamvis
1022 1695 1236 1749 excelsa
1288 1697 1379 1759 sit,
1429 1699 1495 1750 ad
1554 1701 1750 1751 ccelum
1820 1714 1993 1767 usque
2036 1701 2320 1768 pervenire

746 1799 854 1837 non
888 1794 1101 1850 putt-rat
1134 1795 1228 1839 :et
1280 1786 1419 1854 lapis
1442 1801 1604 1855 super
1626 1787 1857 1857 lapidem
1894 1805 2000 1841 non
2046 1789 2319 1858 relinque-

749 1886 837 1928 tur
868 1877 918 1929 in
946 1881 1165 1946 templo,
1202 1879 1254 1930 in
1275 1893 1383 1944 quo
1402 1890 1590 1931 contra
1610 1878 1883 1935 Christum
1912 1879 2316 1934 Pharisaeorum

745 1977 831 2021 est
850 1979 1170 2037 congregata
1192 1970 1464 2039 impietas.
1488 1970 1759 2039 Scriptum
1781 1984 1864 2026 est
1888 1990 1905 2026 :
1929 1971 2047 2025 Non
2065 1986 2303 2037 pertrans

747 2061 839 2114 ibit
867 2062 1132 2130 generatio
1154 2077 1332 2122 eorum
1364 2061 1527 2115 donec
1556 2064 1666 2116 lucc
1723 2065 1743 2095 ⁸
1795 2063 1971 2117 omnia
2004 2064 2135 2131 ﬁant
2169 2062 2322 2119 (Luc.

748 2169 857 2215 ut,
888 2140 1176 2207 5‘2).Nuuc
1202 2165 1416 2219 tempus
1442 2165 1543 2217 est,
1587 2165 1645 2208 ut
1708 2169 2002 2222 operemur
2064 2156 2318 2222 Domitio,

750 2248 873 2314 quia
899 2247 1044 2300 salus
1070 2257 1252 2300 nostra
1288 2252 1337 2299 in
1365 2258 1609 2315 tempore
1632 2258 1713 2301 est
1734 2254 2018 2315 angustizc,
2055 2251 2098 2304 si
2128 2262 2322 2319 potuc-

752 2342 924 2391 riutus
974 2338 1096 2405 ejus
1153 2342 1365 2391 calcare
1419 2339 1671 2407 veStigia.
1727 2352 1781 2393 et
1823 2341 2005 2393 dicere
2058 2357 2318 2408 semper:

738 2430 1130 2496 Magni/iretur
1179 2431 1459 2487 Dominus.
1500 2434 1589 2498 qui
1634 2432 1865 2501 diligunt
1916 2434 2157 2486 salutare
2209 2435 2323 2495 eius

738 2523 922 2580 (Psnl.
965 2538 1145 2585 suit.
1186 2523 1295 2590 17).
1325 2523 1391 2576 Et
1420 2523 1615 2576 iterum
1651 2543 1663 2577 :
1694 2523 1808 2592 Ego
1873 2534 2051 2578 autem
2102 2526 2321 2592 sperabo

738 2621 793 2671 in
828 2627 877 2671 te
904 2631 1103 2683 semper
1140 2615 1316 2681 (Psal.
1341 2631 1468 2679 va,
1526 2604 1634 2682 id).
1660 2614 1778 2669 Non
1833 2619 1979 2670 enim
2042 2625 2129 2671 cst
2187 2618 2322 2671 lides

740 2727 862 2781 quae
897 2721 1117 2762 tantum
1145 2708 1257 2777 39
1285 2718 1529 2777 tempore
1554 2708 1736 2777 gaudii
1787 2715 1894 2772 est,
1938 2719 1993 2763 et
2014 2710 2196 2764 deficit
2268 2711 2320 2763 in

744 2816 995 2871 tempore
1026 2801 1419 2855 tribulationis.
1473 2802 1744 2868 Scriptum
1781 2811 1909 2856 est:
1970 2801 2103 2866 Quae
2167 2819 2321 2872 egre-

746 2896 958 2949 dientur
993 2909 1058 2947 ea:
1094 2909 1181 2946 ore
1212 2901 1322 2955 tuo,
1364 2893 1581 2946 obserra
1611 2902 1667 2946 ut
1698 2893 1870 2960 facias
1931 2892 2111 2959 (Deut.
2170 2909 2323 2960 ιχιί,

744 2990 860 3057 9.3).
891 2987 954 3042 Et
979 3002 1176 3040 rursus
1204 3005 1220 3039 :
1259 2985 1321 3040 Si
1354 2987 1551 3040 voveris
1593 2984 1837 3048 Domino,
1872 3003 1933 3040 ne
1961 2990 2179 3040 moreris
2205 2988 2322 3040 red-

747 3083 903 3134 dere:
929 3095 990 3131 ne
1029 3077 1164 3146 forte
1211 3078 1443 3146 requirat
1475 3075 1728 3129 Dominus
1764 3094 1794 3129 a
1827 3086 1896 3142 te,
1923 3088 1972 3131 et
2014 3080 2083 3130 sit
2142 3078 2235 3131 tibi
2271 3080 2325 3131 in

746 3179 1038 3239 peccatum.
1069 3166 1246 3231 Quare
1276 3168 1319 3220 si
1349 3167 1551 3219 dixeris
1583 3182 1598 3219 :
1631 3164 1739 3235 Ego
1769 3181 1945 3221 autem
1978 3167 2203 3234 sperabo
2266 3169 2321 3222 in

748 3276 795 3317 te
828 3261 1211 3329 semper;etin
1248 3260 1351 3313 hoc
1381 3260 1762 3328 spoponderis,
1802 3260 1969 3327 imple
2012 3273 2199 3326 opere,
2258 3268 2318 3313 ut
2352 3228 2398 3288 θ

750 3359 801 3409 in
837 3354 1187 3408 tribulatione
1215 3366 1430 3419 quoque
1464 3352 1698 3405 salutem
1727 3351 1991 3406 merearis
2018 3367 2048 3405 a
2069 3351 2323 3405 Domino.

751 3447 1059 3501 Rerordsre
1087 3444 1233 3512 quod
1262 3445 1527 3512 scriptum
1557 3453 1641 3497 est
1676 3461 1690 3495 :
1758 3440 1842 3496 Ne
1865 3442 2102 3511 deﬁcias.
2135 3451 2183 3496 et
2237 3460 2331 3496 cu-

752 3540 895 3595 stodi
921 3536 1201 3591 consilium
1250 3554 1422 3591 meum
1445 3544 1495 3590 et
1519 3534 1890 3606 cognitionem,
1910 3544 1966 3588 ut
1995 3536 2131 3590 vivat
2152 3536 2330 3589 animo

756 3647 850 3689 tua
877 3630 1063 3701 (Prov.
1098 3647 1179 3693 ιιι.
1212 3621 1326 3696 Si).
1354 3630 1457 3696 Qui
1520 3631 1665 3685 enim
1720 3630 1964 3685 custodit
2014 3628 2330 3683 mandatum

755 3727 912 3796 legis,
940 3734 1121 3779 servat
1147 3725 1382 3777 animam
1416 3736 1592 3777 suam.
1642 3721 1919 3791 Scriptum
1949 3731 2032 3777 est
2068 3736 2083 3774 :
2112 3720 2330 3789 Operuit

760 3835 852 3873 nos
888 3818 1075 3870 umbra
1097 3818 1297 3879 mortis,
1328 3824 1375 3870 et
1410 3832 1511 3869 non
1558 3832 1739 3869 sumus
1778 3815 1928 3869 obliti
1959 3815 2183 3869 nominis
2236 3813 2330 3867 Dei

761 3913 949 3965 nostri.
986 3910 1044 3965 Si
1069 3911 1417 3978 eapandimus
1449 3926 1636 3961 manus
1654 3918 1859 3963 nostras
1903 3909 1971 3961 ad
2007 3908 2171 3960 Deum
2193 3906 2321 3959 alie-

761 4023 881 4057 num
905 4002 1079 4071 (Psul.
1106 4019 1252 4056 xutt.
1280 4003 1370 4066 20,
1408 4001 1521 4070 21).
1551 4000 1613 4054 Et
1640 4002 1837 4053 iterum
1873 4018 1888 4054 :
1927 4000 2332 4065 Occupaverunt

762 4111 840 4146 me
863 4095 1037 4161 laquei
1066 4094 1272 4155 mortis,
1326 4091 1559 4158 pericula
1610 4091 1810 4157 inferni
1876 4090 2180 4142 invenerunt
2234 4104 2330 4139 me.

763 4185 1177 4237 Tribulutionem
1208 4194 1257 4236 et
1287 4182 1518 4235 dolorem
1540 4183 1729 4235 inveni.
1758 4178 1824 4234 In
1852 4180 2093 4232 omnibus
2129 4180 2209 4231 Itis
2236 4194 2337 4231 non

763 4293 835 4335 ΕΜ
877 4296 1181 4333 conversum
1207 4290 1493 4332 retrorsum
1531 4294 1622 4330 σοι·
1678 4287 1940 4341 nostrum,
2003 4277 2093 4329 sed
2150 4292 2338 4330 nomen

766 4376 976 4429 Domini
1032 4374 1268 4427 inrocavi
1314 4372 1484 4442 (Psal.
1543 4387 1675 4435 svnt,
1727 4370 1867 4439 5-7).
1918 4370 2058 4423 Dicit
2102 4380 2156 4423 et
2201 4369 2339 4423 alius

765 4469 997 4520 credens
1027 4465 1194 4519 corde
1217 4465 1530 4517 firmissimo
1558 4481 1572 4517 :
1606 4462 1721 4517 Non
1753 4462 1941 4515 timebo
1966 4462 2134 4513 millia
2163 4462 2341 4527 populi

2426 601 2744 657 t'eritatisll
2782 601 2918 659 Tim.
2962 622 3022 671 ll,
3063 606 3142 673 4).
3177 608 3230 662 Si
3280 607 3478 661 audisti
3516 621 3700 661 vocem
3770 605 3863 659 Dei
3920 606 4008 658 lo-

2428 698 2666 764 quentis,
2702 696 2905 751 Cwlum
2935 709 2984 753 et
3011 708 3207 752 terram
3242 716 3332 769 ego
3362 699 3549 768 impleo
3594 698 3811 758 (Jerem.
3840 689 4003 762 xsttt,

2423 787 2538 852 9.4),
2578 804 2684 841 non
2721 788 2961 851 timebis,
2996 790 3087 842 sed
3149 790 3346 844 dices:
3410 788 3665 842 Dominus
3712 799 3891 841 noster
3950 788 4009 839 in

2424 878 2556 931 cozlo
2573 896 2780 932 sursum
2803 878 3004 943 (Iosue,
3038 896 3093 937 tt.
3115 879 3224 946 Η),
3248 890 3294 931 ct
3320 894 3482 948 super
3497 891 3692 932 terram
3718 879 4003 943 deorsum,

2431 987 2495 1024 ne
2522 972 2718 1024 audias
2754 988 2767 1024 :
2798 970 3025 1026 Modirw
3054 970 3199 1034 fidei,
3251 987 3412 1029 auare
3463 971 3719 1025 dubitasti
3771 969 4001 1038 (Matth.

2425 1077 2535 1125 xw,
2564 1063 2656 1126 El)
2684 1063 2707 1116 ?
2733 1071 2787 1115 et
2820 1070 2875 1114 ιιι
2903 1078 3118 1115 rursum
3150 1062 3503 1131 respondebis
3550 1079 3564 1121 :
3592 1061 3716 1115 Nisi
3743 1063 3867 1130 quia
3898 1062 4011 1116 Do-

2429 1153 2601 1205 minus
2635 1153 2824 1206 eratin
2859 1154 3027 1227 nobis,
3069 1170 3185 1206 cum
3230 1166 3600 1223 consurgerent
3659 1156 3894 1209 homines
3954 1157 4011 1208 in

2429 1262 2540 1307 nos,
2574 1246 2712 1310 forte
2749 1246 2889 1299 vivos
2909 1246 3250 1313 deglutissent
3290 1263 3383 1301 nos
3443 1247 3610 1315 (Psal.
3665 1264 3855 1309 cxxttt,
3925 1248 4005 1314 3).

2430 1334 2585 1403 Saepe
2611 1336 2757 1389 enim
2795 1336 2863 1390 ab
2895 1337 3263 1392 adolescentia
3296 1347 3387 1392 tua
3408 1352 3786 1409 pugnaverunt
3814 1354 4008 1394 contra

2431 1438 2524 1481 te:
2559 1438 2613 1481 et
2651 1436 2705 1479 tu
2738 1430 2962 1496 portasti
2995 1429 3185 1498 jugutn
3232 1428 3353 1483 fidei
3384 1445 3412 1483 a
3452 1431 3685 1499 pueritia
3726 1442 3837 1484 ll“.
3894 1430 4009 1485 Nec

2431 1534 2746 1584 percussum
2827 1531 2910 1576 est
2965 1522 3187 1575 dorsum
3267 1532 3419 1577 tuum
3505 1524 3768 1578 oneribus
3842 1522 4013 1594 {Egy-

2430 1613 2578 1680 ptiis.
2610 1628 2710 1666 nec
2741 1614 3048 1668 servierunt
3082 1629 3276 1668 manus
3335 1622 3441 1668 tua:
3481 1615 3532 1667 in
3567 1614 3844 1684 cophino;
3876 1615 4008 1682 quia

2430 1704 2905 1758 circumcisioncm
2947 1704 3144 1759 amasti
3206 1704 3501 1773 spiritalem
3535 1724 3548 1759 :
3584 1721 3706 1773 quae
3756 1705 4011 1759 occasio-

2432 1812 2553 1850 nem
2581 1797 2730 1851 dedit
2788 1797 2954 1852 saluti
3012 1798 3211 1852 anima
3265 1808 3392 1853 tute.
3473 1797 3714 1851 Breviter
3754 1798 4010 1851 auditis:

2425 1883 2630 1951 grande
2657 1883 2959 1950 periculum
2999 1893 3082 1939 est
3116 1884 3375 1952 hominis,
3424 1888 3551 1940 dum
3587 1895 3829 1941 mustum
3898 1898 4012 1951 est,

2426 1989 2493 2027 nc
2532 1973 2814 2028 eﬂcht‘at.

2571 2086 2909 2142 EPISTOLA
2954 2088 3210 2145 PATRIS
3253 2090 3505 2148 NOSTRI
3533 2092 3864 2148 PACHOMH

2433 2178 2515 2233 Ad
2549 2179 2740 2249 Syrum
2784 2181 2999 2234 Patrem
3032 2185 3344 2237 monasterii
3388 2184 3611 2245 Cianum,
3645 2197 3700 2239 et
3742 2186 4010 2242 Joannem

2635 2254 2978 2317 prapositum
3001 2254 3188 2306 domus
3210 2254 3444 2323 ejusdem
3476 2261 3807 2311 monasterii.

2497 2339 2581 2392 IV.
2626 2340 3000 2398 Transivimus
3037 2358 3134 2412 per
3162 2354 3232 2406 te,
3288 2355 3341 2397 et
3375 2360 3483 2399 non
3551 2347 3825 2413 potuimus
3900 2364 4014 2414 pra

2428 2430 2591 2481 nimia
2625 2430 2977 2487 festinatione
3016 2434 3258 2487 divinum
3292 2446 3469 2490 tecum
3507 2437 3766 2492 conferre
3796 2454 4015 2493 seruo-

2428 2538 2549 2574 uetn
2598 2523 2773 2577 :ideo
2822 2539 2965 2577 nunc
3006 2539 3100 2594 per
3150 2526 3433 2594 epistolam
3486 2528 3791 2596 lo'zuimttr.
3845 2530 4014 2585 Omni

2428 2609 2630 2663 virtute
2666 2615 2960 2678 contende,
2994 2625 3049 2669 ut
3081 2615 3309 2683 impleas
3372 2620 3827 2674 consuetudinem
3896 2638 4021 2676 mo-

2428 2702 2672 2767 nasterii,
2709 2714 2763 2758 et
2789 2705 2960 2759 facias
3013 2723 3133 2775 quae
3168 2720 3437 2777 praecepta
3477 2722 3605 2765 sunt
3657 2728 3671 2767 :
3709 2728 3777 2766 ne
3822 2728 4020 2767 corrc-

2428 2797 2600 2864 ptioni
2628 2797 2796 2851 futuri
2827 2798 3090 2865 temporis
3111 2802 3768 2873 praeparerisgfuerisque
3797 2804 3849 2858 in
3881 2788 4020 2875 pec-

2426 2898 2672 2943 calorum
2728 2891 2964 2944 vinculis
3018 2891 3495 2960 condemnandus,
3560 2902 3613 2948 et
3697 2894 4023 2953 oﬂ'ereudus

2425 2978 2537 3033 Deo
2572 2989 2793 3049 propter
2824 2983 3233 3049 negligentiam,
3278 2999 3385 3037 non
3420 2985 3595 3038 soimn
3622 2994 3790 3050 tuam,
3823 2988 3920 3042 sed
3958 2997 4021 3043 et

2427 3070 2659 3125 fratrum
2695 3074 2787 3143 qui
2819 3082 2998 3127 tecum
3020 3084 3170 3135 sunt,
3199 3086 3252 3130 et
3275 3086 3646 3141 cooperantur
3677 3079 3794 3141 tit-i.
3824 3082 4018 3136 scien-

2431 3164 2593 3224 tium,
2626 3164 2771 3232 quod
2817 3180 2879 3218 ea
2912 3180 3034 3242 quae
3073 3166 3231 3222 nobis
3271 3166 3442 3235 dedit,
3515 3170 3626 3224 illis
3695 3170 4021 3230 fidelissime

2435 3257 2840 3313 tradiderimus.
2894 3255 3217 3315 Memineris
3251 3268 3308 3314 et
3353 3260 3643 3314 ministerii
3696 3261 4023 3333 laborisque

2433 3359 2767 3415 Sanctorum,
2819 3361 2873 3405 et
2908 3351 3069 3406 amici
3122 3352 3224 3416 tui,
3253 3352 3347 3421 qui
3386 3366 3762 3421 cognoverunt
3822 3355 4023 3415 volun-

2433 3450 2596 3497 tatem
2636 3443 2728 3497 Dei
2758 3458 2774 3497 :
2808 3452 2867 3499 ut
2897 3454 2951 3498 et
2979 3444 3087 3513 ipsi
3141 3445 3273 3500 fiant
3301 3445 3618 3501 cohazt'edes
3649 3448 3900 3518 ejusdem
3930 3464 4022 3506 re-

2433 3534 2837 3599 promissionis,
2875 3544 2930 3590 et
2959 3534 3197 3590 habeant
3223 3536 3596 3592 immortalem
3631 3537 3795 3594 fidem
3825 3555 3853 3592 a
3879 3541 4019 3605 Deo,

2434 3638 2556 3692 quae
2586 3632 2769 3677 creata
2792 3632 2876 3680 est
2911 3639 3007 3694 per
3046 3625 3302 3694 spiritum
3336 3627 3755 3695 prophetarum.
3820 3638 3875 3683 et
3948 3631 4021 3684 ab

2434 3716 2695 3785 apostolis
2731 3717 3007 3771 roborata.
3042 3716 3145 3783 Qui
3176 3717 3559 3772 sustinuerunt
3589 3733 3688 3788 pro
3717 3733 3780 3774 ea
3817 3733 4025 3775 omnes

2436 3807 2716 3875 angustias
2734 3817 2786 3861 et
2804 3808 3233 3876 persecutiones.
3263 3807 3626 3863 Crediderunt
3646 3809 3791 3862 enim
3828 3825 4026 3879 repro-

2438 3898 2689 3953 missioni
2731 3900 2874 3967 ejus,
2908 3907 2962 3954 et
2999 3900 3206 3954 idcirco
3239 3901 3597 3971 fragrantiam
3656 3901 3785 3956 boni
3829 3904 4026 3959 odoris

2438 3991 2541 4044 sibi
2578 4001 2932 4059 paraverunt.
2967 3991 3390 4047 Consideremus
3411 4008 3543 4060 ergo
3574 4007 3687 4055 eos,
3720 4008 3858 4060 quos
3879 3992 4028 4048 Deus

2439 4079 2820 4133 dominatione
2875 4080 3117 4145 dooavit,
3167 4082 3214 4135 si
3245 4078 3389 4135 forte
3419 4082 3501 4135 eis
3563 4083 3771 4136 servire
3807 4097 4031 4137 nterea-

2442 4187 2589 4236 mur,
2618 4184 2672 4226 et
2692 4186 2883 4226 eorum
2913 4173 3194 4227 adhaerere
3225 4174 3506 4235 doctrinae,
3532 4174 3723 4228 relicta
3752 4176 3898 4229 omni
3933 4192 4031 4230 su—

2440 4267 2627 4335 perbia
2665 4278 2719 4321 et
2773 4280 2995 4333 peccato
3030 4286 3047 4325 :
3078 4268 3377 4323 fortissime
3435 4270 3761 4324 resistentes
3820 4271 4030 4339 Alpba.

2442 4357 2585 4427 quod
2643 4358 2851 4427 absque
2905 4359 3098 4414 timore
3124 4367 3387 4429 operatur
3419 4360 3474 4413 in
3519 4361 3866 4429 corporibus.
3923 4366 4034 4416 Ab-

2444 4458 2625 4517 sorpta
2652 4459 2726 4502 est
2757 4451 2895 4503 enim
2923 4467 3063 4504 mors
3093 4453 3149 4504 in
3202 4453 3424 4505 victoria
3453 4451 3507 4519 (Ι
3534 4452 3653 4508 Cor.
3686 4468 3778 4518 xv,
3814 4453 3928 4523 54).
3965 4453 4034 4508 Et

764 4557 1142 4611 circumdantis
1178 4572 1256 4609 me
1292 4554 1466 4623 (Psal.
1506 4571 1586 4618 Ill,
1624 4556 1700 4623 7.)
1735 4552 1798 4606 Et
1829 4554 1932 4606 hoc
1987 4552 2141 4615 dicit,
2206 4552 2333 4620 quia

2445 4542 2723 4609 quomodo
2755 4557 2976 4597 rursum
3019 4540 3221 4596 inﬁrmi
3253 4558 3442 4598 sumus
3477 4543 3529 4597 in
3565 4543 3671 4598 hoc
3725 4552 3982 4612 tempore
4017 4562 4033 4600 :

768 4648 929 4699 habet
955 4645 1206 4699 fiduciam
1241 4646 1293 4698 in
1323 4643 1451 4696 Dco.
1510 4642 1631 4702 Fili,
1698 4659 1766 4696 ne
1827 4641 2071 4701 delicias.
2136 4641 2339 4694 suscita

771 4739 1005 4792 amicum
1032 4747 1210 4797 tuum,
1244 4750 1341 4803 pro
1374 4748 1482 4802 quo
1509 4733 1663 4783 fidem
1718 4731 1916 4793 fecisti,
1960 4732 2137 4784 Sciens
2198 4731 2341 4799 quod

768 4843 961 4879 omnes
996 4835 1183 4895 gentes
1221 4835 1273 4876 ut
1302 4824 1507 4876 surculi
1540 4822 1649 4889 90
1674 4836 1737 4873 ex
1766 4822 1911 4889 igne,
1944 4830 1997 4873 et
2020 4820 2178 4873 sicuti
2222 4820 2333 4873 sti-

772 4921 909 4989 pulae
944 4924 1105 4982 leves,
1140 4933 1262 4985 quae
1300 4918 1406 4968 huc
1453 4925 1612 4980 atque
1643 4912 1771 4964 itluc
1800 4926 1932 4963 aura
1982 4909 2143 4963 celeri
2196 4908 2347 4961 defe-

772 5023 990 5076 runtur,
1026 5021 1076 5062 ct
1107 5008 1249 5062 sicut
1286 5005 1466 5076 pulvis
1496 5004 1586 5071 qui
1613 5012 1878 5071 ,raptatur
1904 5000 2135 5052 tut-hinc.
2192 4999 2343 5052 Scit.)

779 5108 919 5172 quod
948 5104 1209 5169 scriptum
1236 5100 1307 5152 sit
1345 5100 1462 5156 tihi,
1498 5112 1563 5148 ne
1590 5110 1711 5147 cum
1770 5092 1971 5146 videris
2028 5107 2225 5161 equum
2295 5100 2349 5143 et

779 5208 1169 5255 ascensorem,
1237 5198 1290 5242 et
1338 5187 1606 5241 infinitam
1655 5184 2098 5244 multitudinem,
2156 5184 2349 5234 timeas

779 5287 1002 5349 animo;
1058 5283 1149 5337 sed
1194 5288 1463 5333 memento
1498 5276 1708 5329 Domitii
1768 5274 1988 5336 licitui,
2041 5275 2130 5341 qui
2198 5271 2348 5325 dedit

779 5380 874 5431 tibi
934 5375 1351 5434 fortitudinem,
1410 5379 1465 5421 ut
1519 5371 1571 5421 iu
1643 5368 1825 5434 prtelto
1889 5369 2179 5429 vitisercs,
2249 5367 2349 5434 qui

856 5580 1081 5635 ‘Sentit
1111 5579 1165 5631 in
1221 5574 1519 5629 Chalanue.
1584 5584 1700 5637 quze
1759 5568 1942 5621 ead-Vm
1997 5582 2119 5619 cum
2176 5566 2352 5621 Cte‘i-

784 5658 987 5707 ululante
1020 5650 1085 5702 ad
1105 5647 1375 5713 Tigridem
1407 5644 1597 5693 civitas
1635 5647 1853 5706 putatur
1876 5652 2017 5713 esse,
2050 5638 2353 5713 Bubelicam

788 5706 982 5773 turrim
1027 5706 1529 5773 ftiisse'cxcitatam,
1574 5709 1977 5785 cui—sententia:
2025 5716 2143 5772 post
2180 5706 2351 5788 [ξυεθτ

788 5800 935 5845 tuum
995 5788 1373 5855 Hieronymus.
1435 5791 1494 5855 et.
1547 5781 1765 5855 passum
1817 5781 2353 5855 St‘l’lpittrt‘fv'xEI‘ZfFI

792 5844 1276 5927 aufr.agantur,'cx
1306 5852 1452 5905 inane
1485 5844 1602 5904 loco
1639 5866 1689 5911 χ,
1738 5847 1790 5912 0,
1827 5862 1990 5913 penes
2022 5844 2156 5897 LXX
2196 5863 2206 5895 :
2245 5845 2354 5911 τὴν

2446 4633 2687 4688 scientes
2722 4634 2863 4699 quod
2917 4641 3119 4687 statuta
3151 4634 3223 4688 sit
3262 4633 3510 4688 Ecclesia
3560 4644 3614 4689 et
3646 4635 3931 4705 dirigenda
3978 4637 4033 4691 in

2446 4723 2672 4783 bonum.
2703 4724 2844 4778 sicut
2882 4734 2935 4776 et
2964 4725 3216 4792 praedixit
3250 4725 3370 4779 tibi.
3406 4724 3560 4779 Nosti
3596 4725 3740 4795 quod
3777 4742 3885 4781 non
3917 4729 4032 4796 gloo

2448 4817 2620 4867 rictur
2675 4816 2884 4869 securis
2913 4817 3031 4870 sine
3092 4831 3160 4868 eo
3190 4816 3283 4883 qui
3340 4816 3593 4884 praecidit
3626 4817 3681 4869 in
3713 4831 3800 4879 ea,
3825 4826 3880 4870 et
3910 4834 4036 4886 qut?

2448 4905 2681 4958 deceant
2739 4920 2836 4958 nos
2863 4904 3161 4972 Scriptura!
3226 4904 3427 4959 habere
3478 4920 3801 4973 responsum
3836 4909 4036 4961 mortis

2451 4995 2535 5065 (ll
2570 4996 2692 5051 Cor.
2740 4997 2798 5060 tt)
2834 5013 2848 5050 :
2891 5011 3052 5065 quam
3113 4996 3161 5051 si
3211 4997 3679 5063 devoraverimus,
3748 4997 4038 5053 salvamus

2452 5089 2689 5141 animam
2736 5099 3007 5144 nostram.
3061 5087 3178 5140 Non
3233 5099 3315 5143 est
3346 5091 3619 5144 timendus
3677 5089 3937 5145 interitus
3982 5093 4037 5146 in

2452 5184 2573 5235 loco
2610 5182 3066 5250 peregrinationis
3096 5172 3335 5241 nostrae;
3368 5182 3459 5235 sed
3491 5182 3869 5250 pugnandum,
3893 5199 4039 5253 quo-

2456 5276 2614 5324 tuudo
2644 5288 2830 5341 pacem
2857 5287 2978 5326 cum
3014 5273 3097 5326 his
3135 5273 3228 5339 qui
3264 5271 3357 5327 Dei
3388 5273 3814 5339 iustificationes
3845 5285 4040 5328 custo-

2455 5365 2636 5429 diuut,
2668 5366 2869 5420 habere
2903 5366 3206 5435 possimus.
3242 5364 3399 5424 Heta.
3458 5364 3503 5417 si
3541 5364 3770 5418 lucreris
3808 5378 4037 5419 omnem

2457 5564 2641 5633 χώραν
2698 5564 2795 5633 τὴν
2853 5562 3040 5633 ἐπάνω
3092 5560 3412 5633 pssum-io;
3460 5561 3554 5613 καὶ
3592 5562 3893 5633 Χαλάνηςὶ
3912 5556 3979 5615 υἷι
4014 5568 4041 5615 ὀ

2460 5623 2669 5698 ζιξύργος
2706 5623 3055 5700 ᾡὶιοδοτιήθη.
3084 5629 3382 5698 Hegionem,
3428 5647 3541 5699 qut?
3564 5641 3640 5684 est
3664 5623 3831 5699 supra
3860 5632 4044 5700 Baby-

2461 5703 2649 5762 lonem.
2681 5711 2729 5754 et
2784 5702 3093 5757 Chaluucm.
3142 5702 3230 5751 ubi
3272 5703 3432 5752 turris
3465 5704 3731 5767 a'di/icala
3778 5715 3879 5757 est.
3909 5701 4042 5756 Haec

2462 5782 2639 5823 tamen
2675 5774 2723 5823 in
2760 5772 2966 5823 Latinis
2993 5770 3272 5822 codicibus
3297 5771 3699 5826 desiderantur.

2538 5848 2551 5872 ³
2583 5840 2633 5893 In
2668 5843 2874 5908 Vulgat.
2912 5845 3041 5903 huc,
3073 5849 3126 5893 et
3152 5840 3337 5894 Greece
3371 5855 3589 5910 quoque
3620 5840 3779 5906 αὐτῇ.
