4212 6446
148 413 219 474 97
940 410 1567 472 lN'l‘ERPRETATiO
1612 407 2156 470 EPIST'OLARUM
2203 407 2264 472 S,
2311 404 2708 466 PACUORIH.
3359 401 3427 465 93

148 520 441 585 mundum,
472 530 527 576 et
554 520 759 576 habeas
797 530 989 576 contra
1034 520 1200 573 Deum
1238 517 1578 580 inimicitias,
1612 531 1734 583 qua:
1766 538 1809 592 Α

147 623 230 668 est
258 614 521 669 utilitas?
565 612 731 668 Decet
787 614 959 685 igitur
994 625 1053 667 ut
1089 626 1210 680 qua:
1269 611 1526 664 dicuntur
1558 609 1737 674 nobis,

147 708 447 777 aliquando
510 710 885 778 intelligamus
943 723 959 761 :
1015 708 1250 760 scientes
1309 703 1436 767 quia
1503 700 1741 755 mundus

149 811 469 866 praetereat,
531 811 589 857 et
644 802 920 858 desideria
973 801 1112 870 ejus.
1161 797 1394 867 Vigilate
1451 804 1504 846 et
1563 795 1741 847 videte

146 895 429 964 quomodo
447 895 772 951 ambuletis.
789 893 1052 948 Novimus
1074 894 1219 963 quod
1242 888 1529 943 ineruditis
1545 903 1739 942 occur-

148 998 231 1041 rat
260 1004 435 1044 mors.
475 988 548 1043 Et
572 988 680 1058 91
725 1004 833 1041 non
859 987 1150 1055 intelligite
1210 993 1475 1052 tempora,
1538 983 1591 1036 in
1621 980 1740 1050 qni-

150 1084 247 1137 bus
276 1093 365 1137 est
388 1098 556 1137 error
585 1091 643 1136 et
698 1080 970 1135 seductio.
997 1077 1296 1133 Considera
1360 1077 1526 1131 boras
1573 1084 1738 1142 atque

147 1183 448 1237 momenta,
479 1184 533 1229 et
593 1175 867 1228 mensium
908 1171 1106 1241 spatia,
1163 1186 1393 1242 quorum
1428 1183 1594 1222 cursu
1634 1171 1738 1222 Ιιιιο

148 1283 304 1321 mana
348 1268 465 1321 vita
521 1266 834 1321 devolvunt
865 1280 881 1321 :
916 1272 970 1319 et
1017 1278 1207 1317 eorum
1265 1276 1497 1315 numero
1541 1260 1735 1322 scitur,

145 1371 349 1427 quanto
415 1369 678 1428 tempore
719 1357 1107 1425 unusquisque
1141 1351 1375 1407 vixerit:
1433 1362 1489 1405 ut
1524 1351 1740 1420 possint

144 1453 402 1521 colligere
450 1453 606 1505 vires
649 1466 804 1514 suas,
836 1460 889 1503 et
927 1448 1151 1516 implere
1184 1462 1249 1501 ex
1304 1447 1389 1500 liis
1419 1446 1641 1504 liorrea,
1687 1450 1740 1495 ct

145 1553 449 1597 sementem
511 1540 714 1594 futuris
755 1538 1032 1593 messibus
1064 1551 1391 1605 praeparare,
1445 1541 1501 1588 et
1532 1545 1590 1585 nt
1625 1531 1742 1584 cnl-

146 1646 275 1686 tura:
306 1633 499 1687 studia
538 1644 788 1701 tempore
810 1632 1100 1684 messtonis
1128 1628 1433 1696 inveniant,
1469 1633 1525 1680 et
1550 1638 1735 1677 coram

148 1726 255 1781 Deo
297 1735 352 1780 et
384 1725 665 1779 omnibus
722 1723 1036 1789 possideant
1068 1723 1399 1780 necessaria,
1441 1719 1635 1771 mortis
1673 1717 1739 1768 ti-

146 1826 607 1885 moresuperato,
641 1826 696 1867 et
718 1822 1037 1868 transeunte
1065 1810 1291 1878 mundo,
1324 1825 1435 1864 non
1459 1808 1741 1864 celebrent

1976 514 2309 571 EPISTOLA
2364 513 2614 567 PATRIS
2653 511 2903 568 NOSTBI
2946 511 3269 568 PACllOMll

1846 632 1926 684 Ad
1962 632 2203 683 universa
2238 628 2564 682 monasteria
2595 640 2613 679 :
2640 637 2693 677 ut
2730 638 2903 677 cuncti
2964 628 3157 694 fratres
3199 642 3421 688 cont/re-

1916 712 2105 770 gentur
2164 703 2218 752 in
2283 702 2662 770 monasterium
2730 696 2945 770 majus,
3005 702 3141 763 quod
3200 707 3420 749 ιιυι-ηιω-

1912 766 2107 829 Βαιιιη.
2142 774 2194 822 in
2226 772 2405 823 diebus
2446 769 2688 828 Prisc/uc,
2723 776 2772 819 et
2806 766 2875 818 sil
2911 782 3148 818 omnium
3192 783 3298 819 una
3329 782 3419 820 so-

1916 844 2183 896 lemnitas.

1917 980 1984 1037 ν.
2026 983 2227 1035 Curam
2260 988 2449 1032 Vestrae
2479 977 2782 1043 prudentia:
2810 974 3207 1044 congreganda
3237 975 3421 1029 subire

1842 1077 2079 1141 debetis,
2102 1084 2157 1125 nt
2190 1074 2259 1127 sil
2291 1082 2473 1139 aperta
2508 1072 2671 1140 jauua
2711 1081 2887 1125 vestra
2935 1081 3226 1137 antequam
3258 1083 3418 1122 exea-

1845 1172 1915 1226 tis
1946 1186 1976 1225 e
2009 1168 2235 1223 stet-nlo.
2267 1166 2477 1234 Pauper
2504 1181 2624 1218 cum
2654 1166 2908 1225 vescitur,
2932 1166 3080 1231 juxta
3108 1177 3419 1217 mensuram

1845 1278 1957 1317 sua:
1992 1244 2344 1331 paupertatis
2375 1258 2636 1313 vescitur.
2670 1258 2789 1311 Dixi
2824 1257 2976 1309 vobis
3000 1298 3015 1320 .
3064 1265 3121 1309 ιιι
3160 1255 3421 1308 ηοτθτίηδ

1842 1356 2005 1410 horas
2032 1371 2093 1409 ac
2124 1365 2369 1423 tempora
2398 1350 2645 1421 pueritiae
2677 1358 2891 1413 Vestra),
2924 1358 2982 1402 ut
3014 1365 3122 1403 non
3153 1351 3273 1403 sitis
3300 1350 3417 1405 sol-

1842 1450 1975 1503 liciti
2004 1449 2070 1502 dc
2103 1448 2287 1511 domo,
2315 1461 2435 1516 quze
2480 1452 2781 1513 praporata
2832 1452 2918 1496 est
2961 1452 3136 1496 vestra
3173 1443 3416 1496 venatio.

1842 1540 1907 1595 Et
1934 1555 2030 1594 vos
2059 1539 2283 1609 quando
2317 1537 2518 1591 venitis
2549 1538 2613 1589 ad
2650 1550 2771 1597 nos,
2805 1535 3063 1589 liabetme
3093 1535 3416 1588 sollicitudi-

1844 1646 1965 1684 nem
2001 1630 2180 1684 lectuli
2218 1629 2718 1690 inﬁrmantiumntt
2744 1631 3001 1683 sternatis
3034 1630 3204 1695 illum,
3229 1640 3283 1683 et
3308 1647 3416 1682 non

1845 1721 2132 1791 indigentis
2163 1738 2322 1789 pane.
2364 1724 2415 1775 Si
2445 1722 2666 1789 quando
2701 1722 2947 1774 invenire
2985 1723 3214 1776 Valentis
3246 1724 3417 1777 culci-

1845 1824 1984 1867 tram
2013 1816 2127 1868 sive
2158 1814 2446 1885 pulvillum
2479 1815 2542 1867 ad
2596 1822 2763 1881 caput
2789 1853 2802 1875 ,
2836 1825 2894 1868 ut
2926 1814 3164 1879 languidi
3204 1813 3417 1881 requie-

146 1911 311 1961 iestus
346 1908 471 1961 dies
508 1908 565 1960 in
619 1906 901 1961 veteribus
932 1903 1292 1958 vestimentis.
1328 1902 1590 1957 Civitates
1643 1903 1739 1953 (ιθ-
1772 1912 1813 1967 Β
1846 1913 2009 1958 scant
2044 1923 2056 1957 :
2092 1917 2149 1960 ut
2180 1905 2572 1959 monimentum
2599 1906 2745 1973 quod
2797 1907 2954 1960 nobis
3001 1908 3264 1973 scriptum
3309 1911 3414 1966 est,

145 2008 363 2053 Slrllt'Ll‘
392 2009 533 2052 Sttnl.
583 2007 642 2051 ct
672 1998 891 2066 repletae
925 1994 1142 2056 alienis,
1178 1996 1270 2063 qui
1303 1992 1447 2046 haud
1478 1991 1549 2060 pii
1605 2000 1735 2044 sunt

146 2094 277 2147 inire
338 2091 649 2146 consilium
706 2091 948 2159 sapiens.
1000 2086 1261 2143 Fluxittn
1313 2087 1533 2141 deserto
1568 2098 1731 2153 aqua,

144 2197 193 2239 et
244 2184 679 2240 exsultaverunt
720 2182 969 2252 iumenta
1038 2195 1100 2234 ac
1167 2179 1435 2234 volatilia.
1502 2178 1734 2246 Sapiens

144 2289 198 2332 et
226 2277 526 2331 continens
574 2274 746 2329 homo
796 2289 903 2327 non
960 2280 1193 2341 uugetur
1239 2278 1543 2339 unguento,
1584 2268 1735 2340 quod

143 2369 415 2424 demol‘ne
448 2376 585 2422 sunt
628 2382 835 2421 musca
865 2364 1182 2429 morientes,
1210 2373 1267 2418 et
1295 2366 1437 2433 quod
1458 2364 1735 2434 composi-

145 2472 254 2516 tum
287 2470 374 2516 est
410 2462 545 2516 ﬁliis
574 2460 717 2527 agri.
750 2458 876 2513 Ideo
917 2456 1144 2525 vigilare
1175 2455 1459 2519 debemus,
1489 2463 1545 2508 et
1582 2455 1729 2507 omni

144 2554 523 2609 sollicitudine
572 2550 779 2605 futuris
831 2549 1104 2619 lapidibus
1136 2547 1423 2617 providere
1462 2555 1569 2600 :ut
1625 2560 1731 2599 non

144 2644 560 2698 eontundamur
587 2641 645 2695 in
700 2652 967 2709 tempore,
1023 2641 1242 2709 quando
1280 2639 1529 2693 venerint
1590 2648 1731 2692 tem-

146 2753 269 2808 pora
303 2737 614 2808 refrigerii,
650 2749 706 2790 et
738 2750 806 2789 ne
841 2734 1181 2788 inveniamur
1214 2732 1417 2786 subditi
1453 2732 1728 2796 servituti,

144 2832 239 2887 sed
266 2844 325 2885 ut
349 2832 538 2884 simus
568 2844 708 2883 nova
738 2829 1055 2897 conspersio
1086 2842 1100 2881 :
1133 2826 1368 2880 Sciente-s
1418 2824 1563 2893 quod
1614 2824 1734 2894 pul-

146 2923 401 2976 chritudo
436 2921 740 2975 nobiscum
781 2919 874 2974 sit.
909 2918 1175 2985 Loquitur
1200 2926 1255 2971 et
1282 2916 1408 2970 alibi
1440 2931 1622 2972 sermo
1648 2918 1731 2968 di-

149 3016 352 3068 tinus:
408 3010 698 3081 Numquid
751 3010 1023 3064 comedam
1075 3025 1260 3063 carnes
1310 3018 1607 3069 taurorum,
1640 3018 1732 3062 aut

144 3107 458 3177 sanguinem
493 3106 769 3157 hircorum
796 3103 970 3156 bibam
992 3100 1163 3171 (Psal.
1193 3117 1340 3162 xux,
1373 3100 1462 3168 l5)
1485 3100 1733 3166 ?Qnam-

145 3202 327 3253 obrem
376 3214 493 3253 non
532 3195 994 3252 circumferuntur
1041 3196 1189 3248 amni
1226 3205 1390 3247 vento
1426 3196 1730 3249 donarium:

1846 1996 2127 2064 impleatur
2158 2016 2173 2053 :
2205 1995 2266 2051 Si
2293 2001 2410 2067 quis
2440 2011 2616 2051 autem
2650 2014 2887 2060 suorum,
2915 2010 2960 2050 et
2988 2000 3214 2050 maxime
3239 1998 3417 2050 dome-

1840 2092 2113 2153 sticorum,
2148 2108 2331 2145 curam
2372 2108 2472 2145 non
2497 2092 2647 2144 liabet
2674 2129 2691 2154 ,
2741 2093 2971 2145 deterior
3013 2091 3214 2159 inﬁdeli
3252 2102 3328 2145 est
3364 2087 3419 2161 (1

1845 2183 1982 2240 Tim.
2010 2201 2061 2248 v,
2095 2185 2171 2251 8).
2204 2183 2331 2238 Gitlt
2394 2190 2540 2253 virga
2585 2183 2880 2247 excutitur,
2912 2191 2968 2237 et
3000 2182 3281 2253 cyminum
3326 2199 3420 2237 co-

1841 2279 2075 2333 meditnr
2099 2292 2222 2329 cum
2279 2290 2418 2344 pane
2450 2274 2586 2345 (lsa.
2624 2275 2815 2344 xsvn).
2854 2275 2910 2329 Si
2943 2276 3276 2329 attrectaslis
3326 2288 3413 2330 ca-

1841 2370 2030 2442 pillum
2059 2370 2254 2438 capitis
2275 2370 2464 2432 vestri,
2484 2378 2537 2421 et
2560 2368 2846 2421 invenistis
2872 2377 3207 2432 unguentum
3235 2367 3419 2421 barba:

1841 2473 2055 2523 vestrae,
2086 2461 2230 2530 quod
2261 2460 2546 2515 descendit
2598 2473 2771 2529 usque
2826 2457 2893 2512 ad
2943 2458 3210 2512 timbriam
3258 2456 3422 2511 vesti-

1840 2563 2149 2608 mentorum
2184 2562 2515 2615 vestrorum,
2545 2553 2774 2619 implere
2803 2552 3056 2622 poteritis
3080 2555 3262 2607 omnia
3289 2566 3415 2619 qua:

1838 2645 2040 2712 scripta
2078 2653 2208 2698 sunt
2245 2643 2424 2698 vobis.
2462 2641 2717 2710 Legimus
2773 2644 2902 2698 alibi
2953 2657 2970 2697 :
3021 2642 3100 2698 Ne
3153 2643 3415 2697 deﬁciant

1840 2736 1983 2790 oculi
2040 2737 2248 2795 vestri;
2298 2736 2537 2788 alacrior
2582 2744 2667 2789 est
2714 2736 2860 2788 enim
2894 2749 3105 2789 merces
3155 2736 3418 2804 operibus

1841 2827 1951 2880 tuis
1988 2841 2002 2879 :
2036 2827 2155 2880 ideo
2185 2825 2357 2881 (luant
2408 2827 2552 2880 oeuli
2585 2828 2748 2881 vestri
2798 2841 2958 2895 aqua.
2992 2836 3045 2881 et
3072 2826 3309 2881 deﬂuant
3343 2828 3422 2882 la-

1840 2933 2039 2989 crymas
2083 2918 2280 2971 diebus
2308 2932 2371 2971 ac
2406 2918 2680 2981 noctibus,
2721 2933 2823 2972 nec
2851 2918 3131 2971 deliciam.
3163 2915 3292 2972 Volo
3320 2934 3419 2972 vos

1838 3030 1960 3069 esse
2007 3014 2218 3070 similes
2274 3028 2487 3077 eorum,
2544 3014 2633 3081 qui
2688 3014 3075 3085 ignoraverunt
3139 3015 3416 3068 dexteram

1840 3122 1993 3160 suam
2024 3116 2080 3160 et
2112 3105 2416 3159 sinistram.
2456 3102 2708 3174 Vigilate,
2741 3116 2798 3160 et
2848 3106 3055 3160 tendite
3102 3122 3264 3161 arcus
3324 3122 3419 3161 ve-

1842 3208 2004 3252 stros.
2065 3196 2415 3250 Tetenderunt
2466 3199 2613 3250 enim
2678 3196 2979 3251 adversarii
3027 3215 3211 3251 arcum
3241 3242 3254 3262 ,
3304 3216 3411 3252 rem

145 3292 272 3357 quia
306 3288 458 3344 venit
495 3301 712 3357 tempus
739 3295 795 3339 ut
829 3284 1003 3340 sancti
1035 3299 1262 3353 regnum
1291 3285 1579 3352 accipian'.
1624 3285 1723 3337 l'ls-
1759 3265 1804 3327 ο
1840 3302 2085 3339 amaram
2116 3284 2290 3354 (Psal.
2325 3303 2452 3341 ant
2479 3326 2493 3349 ,
2528 3286 2607 3355 4).
2643 3287 3028 3342 Recordamini
3061 3290 3205 3358 quod
3232 3293 3408 3343 sancti

145 3383 332 3453 pandit
378 3382 520 3435 Sion
558 3396 759 3434 manus
790 3393 942 3441 suas,
1004 3394 1108 3431 non
1149 3387 1229 3433 est
1279 3379 1370 3446 qui
1419 3379 1735 3431 consoletur

144 3492 278 3527 eam.
308 3476 420 3545 92
452 3474 701 3529 Juvcnes
739 3473 1001 3526 inlirmati
1051 3482 1179 3524 sunt
1233 3471 1287 3524 in
1337 3470 1504 3538 plagis
1558 3471 1734 3540 ligno-

147 3586 262 3620 rum
293 3586 307 3622 :
337 3572 728 3637 uispergentes
757 3582 931 3637 aquas
957 3567 1166 3621 itineris
1205 3567 1312 3621 sui.
1350 3566 1730 3636 Myrmicoleon

144 3662 319 3725 periit,
360 3676 423 3714 en
455 3664 585 3727 quia
625 3677 724 3713 non
776 3663 986 3714 haberet
1018 3675 1190 3712 escam
1220 3658 1342 3729 (Job
1383 3674 1455 3720 tv,
1491 3659 1599 3727 ll).
1630 3659 1729 3723 Qui

145 3755 427 3810 eumiure
463 3759 722 3822 partitur,
778 3755 891 3808 odit
926 3755 1165 3808 animant
1226 3767 1404 3807 suam.
1468 3753 1734 3807 Prol’anas

144 3859 199 3899 et
233 3864 407 3902 novas
453 3848 743 3902 doctrinas
769 3846 970 3899 devita.
1027 3844 1247 3900 Advena
1302 3846 1443 3899 sicut
1482 3842 1735 3912 indigena

144 3941 215 3994 sit
252 3944 393 3995 inter
428 3955 550 3994 vos.
587 3938 796 3994 Occidit
850 3940 906 3991 in
936 3938 1195 4007 grandine
1221 3937 1399 3990 vineas
1447 3952 1650 4000 eorum,
1683 3944 1733 3988 et

146 4052 445 4104 sycomoros
510 4047 694 4085 eorum
745 4033 799 4085 in
858 4032 1050 4099 pruina
1111 4029 1291 4097 (l’sal.
1356 4044 1561 4090 Lxxvn,
1618 4028 1729 4091 47).

147 4128 525 4198 Accepnibilis
568 4126 1013 4197 regis‘minister
1063 4124 1392 4191 intelligens.
1448 4121 1549 4177 Mel
1579 4121 1733 4176 inve-

147 4222 298 4285 nisti,
336 4218 570 4272 comede
609 4216 757 4286 quod
807 4214 1025 4281 sulﬁcit,
1072 4230 1138 4270 ne
1167 4215 1302 4270 forte
1342 4215 1576 4268 satiatus
1604 4231 1735 4267 evo-

151 4328 266 4365 Inas
295 4311 370 4364 id.
404 4311 683 4364 Memento
707 4309 927 4378 judicii,
953 4317 1008 4362 et
1049 4307 1460 4372 misericordiae,
1488 4321 1552 4360 ac
1588 4306 1730 4361 litlei.

148 4404 374 4467 iudicii,
407 4418 510 4471 per
536 4400 682 4465 quod
712 4400 965 4470 regiones
990 4397 1312 4451 habitabiles
1348 4396 1483 4449 limit
1522 4412 1538 4451 :
1574 4400 1737 4450 mise-

148 4496 421 4557 ricordiae,
454 4508 557 4563 per
591 4506 755 4561 quam
816 4489 1153 4559 gloriﬁcatur
1189 4487 1333 4542 Deus
1380 4504 1394 4543 :
1430 4488 1576 4553 ﬁdei,
1614 4502 1735 4557 quae

150 4591 571 4642 fundamentum
636 4593 721 4637 est
780 4592 1123 4635 mortuorum
1199 4592 1361 4649 atque
1427 4580 1668 4633 vivorum
1718 4582 2184 4654 :Dpcccalorum
2261 4582 2585 4643 tempestate
2659 4586 2950 4643 superatus
3013 4584 3121 4627 est.

150 4691 204 4733 ut
229 4695 326 4747 per
368 4682 477 4731 hoc
516 4690 669 4744 spem
712 4674 995 4742 possidere
1028 4672 1329 4725 valeamus.
1362 4670 1545 4740 Pugna
1571 4681 1733 4739 atque

150 4769 439 4829 contende,
474 4778 528 4820 et
570 4766 663 4835 qui
723 4774 900 4819 tecum
934 4771 1063 4818 sunt
1110 4761 1329 4826 fratres,
1381 4762 1511 4831 quia
1540 4763 1732 4831 scripsi

151 4860 305 4911 vobis
332 4858 389 4910 in
429 4856 624 4923 ﬁguris
652 4862 705 4908 et
734 4854 786 4907 in
816 4852 1115 4920 parabolis,
1152 4863 1209 4905 ut
1258 4854 1517 4917 qureratis
1549 4868 1611 4907 ea
1642 4869 1734 4907 sa-

151 4952 383 5015 pienter,
419 4954 721 5016 sequentes
748 4954 1063 4998 sanctorum
1098 4943 1325 5012 vestigia
1365 4958 1382 5000 :
1416 4958 1516 4997 nec
1550 4944 1735 4997 incur-

152 5044 285 5093 ratis
313 5040 367 5091 in
385 5036 657 5106 judicium
686 5028 817 5096 Dei,’
836 5033 980 5087 docti
1011 5032 1358 5087 sermonibus
1380 5033 1518 5098 eius.
1544 5031 1734 5086 Hiems

152 5133 437 5199 przseiitis
464 5124 655 5181 διωὶὶ
694 5140 797 5179 nos
826 5123 1103 5177 ambulare
1134 5139 1241 5177 non
1272 5122 1560 5191 prohibeat
1594 5138 1609 5179 :
1637 5124 1731 5175 sed

153 5218 563 5275 incessabiliter
600 5217 871 5286 justitiam
922 5214 1017 5270 Dei
1052 5231 1268 5285 semper
1326 5230 1616 5283 operemur
1650 5232 1733 5269 re-

155 5317 443 5369 cordantes
506 5312 657 5364 illius
728 5309 1025 5363 testimonii
1095 5324 1110 5361 :
1171 5308 1345 5361 Donec
1401 5318 1736 5379 pertranseat

156 5408 340 5470 hiems,
386 5416 436 5459 et
468 5404 650 5474 pluvia
692 5402 838 5455 abeat
866 5417 928 5453 ac
953 5402 1160 5455 recedat
1184 5400 1285 5453 sibi
1316 5400 1500 5470 (Cant.
1530 5416 1590 5465 ιι,
1623 5402 1734 5465 ll).

156 5498 300 5553 Deus
348 5498 570 5567 adjutor
618 5492 792 5549 nostri
836 5493 908 5547 sit
960 5492 1015 5545 in
1061 5507 1215 5557 pace,
1245 5506 1367 5562 qua
1420 5508 1734 5547 mensuram

158 5606 264 5644 non
317 5590 485 5643 habet
542 5584 829 5653 largitatis,
864 5598 984 5653 quae
1014 5585 1087 5639 sit
1117 5583 1170 5638 in
1216 5583 1472 5638 domibus
1509 5584 1737 5645 nostris,

159 5687 332 5734 donec
364 5680 741 5747 vespertinum
769 5690 981 5745 tempus
1009 5684 1368 5745 pertranseat.
1401 5674 1527 5729 Haec
1554 5677 1736 5729 omnia

161 5775 354 5843 scripsi
394 5773 567 5837 vobis,
606 5780 664 5823 ut
694 5784 840 5825 nunc
874 5770 1188 5826 laborantes
1230 5770 1471 5838 requiem
1505 5769 1557 5824 iu
1588 5766 1734 5823 l‘utu-

160 5884 278 5922 runt
311 5869 511 5921 habete
540 5865 787 5934 possitis.

1837 3381 2086 3447 aperiant
2115 3382 2313 3433 ostium
2354 3397 2512 3434 suum
2543 3382 2690 3434 omni
2731 3382 3062 3436 transeunti.
3093 3382 3415 3452 Praecipiun-

1837 3473 1995 3527 nobis
2039 3481 2096 3525 ut
2130 3474 2398 3526 intremus
2440 3473 2754 3527 cubiculum
2791 3483 3063 3534 nostrum,
3102 3486 3155 3528 et
3194 3475 3414 3527 clauda-

1840 3580 1964 3618 Inns
1994 3566 2219 3628 ostium,
2251 3582 2349 3620 nec
2389 3566 2535 3619 omni
2566 3579 2725 3619 vento
2753 3565 3227 3621 circumferamns.
3264 3568 3419 3622 Unde

1836 3656 2147 3727 diligentius
2217 3667 2431 3726 oportet
2502 3657 2817 3723 attendere,
2884 3676 2950 3711 ne
3027 3659 3079 3711 in
3160 3660 3420 3713 bonitatis

1843 3758 2083 3815 tempori
2116 3749 2543 3809 absorbeamur;
2579 3754 2671 3804 sed
2698 3760 2755 3801 nt
2786 3751 3063 3805 imitemur
3083 3767 3143 3804 ea
3172 3762 3415 3820 tempora

1838 3856 1959 3909 qua:
1987 3840 2094 3911 93
2128 3840 2239 3913 94
2266 3841 2487 3895 fuerunt
2518 3851 2646 3894 ante
2681 3841 2970 3907 diluvium,
3000 3846 3218 3911 quando
3248 3860 3422 3899 unus-

1837 3932 2069 4000 quisque
2098 3934 2367 4001 justorum
2404 3933 2615 3999 placuit
2657 3931 2767 3986 Deo
2810 3950 2935 3987 cum
2978 3935 3125 3987 omni
3165 3935 3325 3990 domo
3357 3952 3422 3991 ac

1838 4022 2027 4077 liberis
2060 4024 2197 4086 suis,
2232 4033 2286 4077 et
2315 4024 2522 4078 nullum
2577 4033 2860 4091 peccatum
2898 4024 3177 4078 inventum
3231 4034 3315 4080 est
3366 4027 3418 4079 in

1836 4115 1942 4169 eis.
1973 4113 2166 4169 Postea
2197 4132 2325 4170 vero
2358 4123 2639 4170 crescente
2670 4116 2986 4186 iniquitate,
3022 4125 3073 4170 et
3097 4117 3249 4171 omni
3277 4127 3418 4170 terra

1838 4207 2022 4262 carnis
2053 4207 2204 4261 vitiis
2233 4207 2543 4261 adita-rente
2569 4249 2584 4273 ,
2623 4206 2972 4261 offenderunt
3030 4206 3235 4272 Deum,
3272 4216 3326 4260 et
3365 4210 3421 4262 in

1838 4293 2297 4350 condemnatione
2327 4312 2520 4351 eorum
2555 4296 2706 4352 solus
2738 4294 2853 4351 Noe
2901 4313 3023 4351 cum
3061 4298 3224 4351 domo
3256 4313 3319 4351 ac
3354 4298 3421 4351 li-

1840 4388 1986 4443 beris
2029 4388 2237 4443 diluvio
2286 4390 2588 4443 inundaute
2640 4399 2885 4443 servatus
2939 4397 3047 4452 est,
3105 4400 3159 4443 et
3202 4390 3423 4458 pericli-

1841 4490 1992 4534 tante.
2022 4481 2249 4544 mundo,
2281 4482 2455 4533 tenuit
2480 4480 2704 4548 iustitiae.
2738 4480 3105 4549 gubernacula
3135 4519 3149 4543 ,
3182 4495 3281 4533 nec
3312 4482 3416 4533 ulla

3197 4574 3260 4625 Et
3325 4574 3421 4642 qui

1844 4678 1967 4716 eum
2011 4664 2300 4727 deriserat,
2330 4676 2383 4719 et
2415 4664 2677 4721 fratribus
2710 4668 2825 4721 suis
2859 4666 3211 4719 nuntiaverat
3258 4667 3421 4720 nudi-

1848 4765 2015 4811 tatem
2058 4756 2199 4825 ejus,
2253 4757 2577 4813 maledictus
2624 4767 2709 4813 est
2754 4774 2879 4815 cum
2932 4760 3142 4814 semine
3182 4774 3320 4825 suo,
3369 4766 3423 4811 et

1846 4847 2133 4916 impletum
2173 4859 2255 4902 est
2285 4863 2351 4901 eo
2378 4859 2621 4919 tempore
2658 4849 2791 4904 illud
2818 4850 2960 4917 quod
2998 4852 3263 4919 scriptum
3293 4859 3378 4905 est
3406 4869 3421 4903 :

1846 4936 1949 5003 Qui
1979 4940 2260 4992 inhonorat
2291 4948 2501 5007 Justum
2524 4980 2539 5005 ,
2576 4950 2752 5009 peccat
2783 4939 2969 5009 (Prov.
3009 4941 3163 5007 xvn).
3208 4939 3272 4993 Et
3297 4955 3421 4993 rur-

1849 5045 1968 5083 sum
1998 5028 2345 5084 :Maledictus
2372 5033 2461 5100 qui
2492 5031 2752 5086 maledicit
2781 5034 2920 5101 putri
2962 5044 3010 5086 et
3035 5035 3197 5087 matri
3215 5031 3416 5094 (Exod.

1852 5137 1968 5189 χιι,
1998 5120 2106 5191 l7).
2169 5120 2319 5178 Sit-nt
2371 5123 2511 5178 Esau
2565 5126 2950 5180 contemnebat
2986 5136 3236 5194 parentes
3271 5142 3420 5181 suos.

1855 5214 2010 5269 Unde
2057 5217 2320 5284 scriptum
2352 5227 2437 5270 est
2463 5219 2528 5270 de
2562 5234 2669 5270 co:
2706 5218 2785 5271 Ne
2821 5220 2936 5287 quis
2986 5219 3280 5286 fornicator
3331 5230 3421 5273 ant

1849 5309 2126 5377 profanus,
2156 5311 2293 5362 sicut
2332 5308 2477 5363 Esau
2517 5308 2703 5379 (Hebr.
2738 5308 2875 5377 sm).
2910 5306 3279 5377 Rebeccque
3309 5320 3425 5363 stu-

1851 5402 1943 5457 dio
1977 5402 2178 5457 factum
2210 5414 2313 5464 est,
2356 5415 2413 5457 ut
2460 5419 2565 5457 non
2606 5412 3038 5470 consequeretur
3092 5401 3424 5455 benedictio-

1852 5508 2000 5558 nem,
2052 5509 2151 5549 nec
2202 5494 2397 5548 stolam
2439 5494 2787 5563 primogeniti
2853 5493 3144 5562 acciperet,
3206 5492 3425 5547 olTensis

1853 5585 2172 5654 parentibus
2223 5587 2361 5650 suis,
2408 5587 2498 5654 qui
2548 5586 2835 5639 reddentcs
2886 5584 2933 5636 ci
2988 5586 3180 5645 vicem,
3244 5593 3299 5635 et
3355 5585 3423 5635 ad

1850 5678 2252 5731 aiinulationem
2285 5677 2410 5731 boni
2443 5678 2623 5747 operis
2667 5677 2989 5742 superbiam
3048 5675 3194 5730 illius
3225 5689 3425 5742 provo-

1854 5776 2062 5827 cantes,
2095 5767 2389 5820 induerunt
2413 5769 2753 5822 vestimentis
2784 5768 2906 5833 ejus
2929 5765 3115 5821 Jacob.
3141 5766 3257 5820 Non
3282 5765 3427 5819 enim

1860 5862 2171 5914 merebatur
2197 5876 2383 5915 eorum
2421 5864 2495 5914 uti
2526 5863 2787 5927 vestibus,
2824 5876 2961 5932 quos
2984 5864 3243 5931 superbus
3264 5875 3323 5911 ac
3348 5859 3428 5913 ri-
