4212 6486
779 415 849 479 99

1916 411 1976 471 S.
2012 406 2326 471 EUSEBII
2372 402 2822 468 HIERONYMI

3950 396 3971 457 ι
3986 394 4062 452 (ιΐι

779 532 939 603 gidus
966 525 1287 597 negiigcbat.
1317 525 1381 580 Et
1411 522 1615 579 idcirco
1640 537 1748 577 non
1779 519 2357 576 diviseruntsubstan-
2388 530 2431 585 Α
2460 529 2681 579 vacare,
2710 514 2803 570 sed
2840 512 3003 568 vitiis.
3036 510 3233 567 Noster
3265 522 3446 566 autem
3475 510 3530 580 ju
3554 510 3635 563 lex
3670 518 3719 561 et
3762 509 3928 561 testis
3948 517 4057 603 Δε·-ι

781 629 910 680 tiam
946 638 1099 677 suam
1133 620 1258 673 iiliis
1287 619 1406 688 ejus
1436 632 1450 671 :
1498 618 1590 671 sed
1627 625 1825 670 cuncta
1853 615 2125 670 dederunt
2156 612 2349 676 Jacob,

777 718 868 787 qui
902 717 1221 769 innocenter
1268 712 1551 765 habitabat
1596 709 1865 772 domum,
1904 717 1957 762 et
2009 722 2199 767 eorum
2254 707 2355 759 ob-

781 809 1115 879 temperabat
1148 807 1409 876 imperiis.
1432 804 1697 874 Loquitur
1715 814 1769 859 et
1798 804 2053 858 Salomon
2083 803 2148 857 de
2171 802 2311 857 Esau
2340 816 2356 856 :

784 904 961 960 Filius
1008 904 1307 958 inobediem
1357 902 1412 954 in
1468 900 1785 969 perditione.
1846 898 1910 952 Et
1968 898 2177 968 Moyses
2240 897 2353 965 pari

783 1016 986 1056 st'nsu:
1018 997 1357 1059 Maledictus,
1392 995 1590 1063 inquit,
1628 994 1780 1048 homo
1813 994 1902 1061 qui
1928 993 2192 1046 maledicit
2218 994 2360 1061 patri

784 1094 864 1151 vel
894 1093 1074 1147 matri.
1106 1091 1454 1162 Rursumque
1485 1088 1741 1144 Salomon
1786 1106 1800 1142 :
1844 1087 1987 1141 Filio
2019 1088 2205 1143 doloso
2227 1087 2360 1141 nihil

783 1192 882 1245 erit
916 1188 1037 1241 boni
1073 1185 1254 1255 (Prov.
1292 1201 1404 1245 ιιν,
1437 1185 1547 1253 15).
1592 1182 1834 1237 Perdidit
1861 1179 1989 1252 er‘go
2020 1183 2359 1237 benedictio-

786 1296 931 1345 nem,
951 1289 1004 1332 et
1030 1287 1250 1348 paterna
1276 1276 1587 1330 inmeditate
1609 1276 1854 1344 privatus
1872 1286 1974 1329 est.
2002 1275 2141 1340 Quid
2168 1275 2361 1343 loquar

784 1377 849 1428 de
887 1375 1081 1435 Adam,
1113 1371 1203 1439 qui
1243 1371 1310 1424 ab
1346 1370 1504 1424 initio
1531 1368 1755 1422 humani
1781 1369 2001 1437 generis
2040 1369 2092 1420 in
2126 1367 2356 1421 fortnam

786 1466 1173 1521 inobcdientim
1203 1471 1655 1535 contemptusque
1704 1460 2021 1529 praecessit?
2060 1460 2229 1513 Datus
2277 1467 2361 1512 est

783 1559 928 1609 enim
961 1556 1005 1607 ri
1040 1553 1354 1606 dominatus
1406 1552 1459 1605 itt
1510 1566 1699 1605 omnes
1738 1549 1941 1601 bestias
1980 1558 2180 1613 terrm;
2219 1548 2359 1600 sicut

784 1662 839 1703 et
878 1646 1239 1717 primogenito
1290 1645 1442 1714 jussa
1499 1649 1628 1695 sunt
1683 1641 1799 1692 dari
1859 1640 2093 1705 duplicia
2152 1638 2357 1693 omnia.

787 1742 1082 1807 Postquam
1120 1754 1247 1791 vero
1274 1735 1598 1802 contempsit
1630 1734 1923 1802 imperium
1969 1732 2060 1783 Dei
2091 1771 2105 1796 ,
2135 1746 2240 1783 non
2273 1746 2360 1782 sn.

787 1832 898 1885 lum
941 1830 1175 1901 perdidit
1211 1826 1641 1881 dominationem
1674 1841 1687 1887 ;
1719 1823 1813 1877 sed
1847 1834 1899 1877 et
1929 1822 2137 1890 ejectus
2168 1832 2251 1874 est
2290 1820 2356 1871 de

2463 606 2627 670 Deus,
2658 607 2898 661 de‘cmlo
2931 616 3125 661 cuncta
3160 614 3540 675 prospectans,
3576 603 3703 657 etin
3734 604 3821 653 dic
3855 600 4057 652 visita-

2462 699 2628 753 tiouis
2658 696 2958 753 secundum
2990 712 3154 767 opera
3190 696 3420 766 singulis
3447 694 3781 749 redditurus.
3816 690 4061 747 Omnia-

2460 808 2565 861 que
2602 792 2775 847 sancti
2810 790 2931 858 ejus
2964 800 3267 859 sequantur
3304 788 3546 857 vestigia,
3581 802 3815 855 quorum
3854 796 3910 840 et
3946 797 4061 836 nos

2461 886 2726 939 debemus
2757 883 2944 938 audire
2978 891 3266 953 pmcepm.
3304 881 3541 937 Locutus
3590 895 3710 936 sum
3761 880 3922 933 vobis
3954 893 4061 947 per

2462 978 2835 1032 inﬁrmitatem
2871 991 3069 1031 meam.

2633 1090 2883 1163 95-96
2925 1090 3256 1148 EPISTOLA
3307 1092 3366 1147 P.
3426 1090 3493 1146 Ν.
3534 1088 3865 1147 PACHOMII

2464 1185 2544 1240 Ad
2582 1184 2772 1254 Syrum
2795 1184 3008 1241 Patrem
3036 1187 3369 1251 monasterii,
3396 1186 3536 1257 quod
3563 1197 3785 1239 vocatur
3806 1182 4056 1257 (ΣΙιηκτιι.

2531 1269 2579 1379 fit
2601 1257 2865 1311 Joannem
2888 1260 3231 1324 prtepoaituut
3256 1259 3309 1311 in
3329 1266 3510 1310 eodem
3536 1257 3860 1309 monasterio
3888 1256 4063 1308 unius

2573 1344 2746 1379 ornus.

2573 1344 2746 1380 omits.

2540 1439 2627 1493 Vl.
2660 1439 2791 1494 \‘olo
2826 1453 2923 1493 vos
2955 1436 3256 1507 intelligere
3297 1438 3540 1498 litteras.
3576 1452 3711 1506 quas
3741 1436 4061 1503 scripsistis

2463 1534 2619 1595 mihi,
2653 1540 2706 1583 et.
2754 1546 2892 1599 quas
2947 1547 3047 1600 ego
3103 1531 3353 1598 rescripsi
3411 1530 3583 1592 vobis,
3644 1540 3698 1582 et
3759 1528 4061 1598 quonmdo

2462 1634 2713 1690 Oporteat
2744 1625 2926 1676 omnia
2957 1624 3187 1690 spiritali
3219 1623 3502 1691 Alphabeti
3535 1621 3805 1675 elementa
3836 1636 4061 1689 cogno-

2463 1737 2635 1775 st'ere.
2666 1720 2900 1774 Scribite
2932 1719 3050 1774 Moe
3078 1734 3240 1787 super
3266 1720 3395 1773 Heta
3423 1730 3477 1773 et
3505 1718 3700 1778 Tlteta.
3726 1729 3781 1771 et
3818 1718 4058 1773 SCribile

2466 1812 2595 1867 Zeta
2626 1811 2885 1881 super)“
2913 1826 2928 1866 :
2957 1822 3010 1867 et
3032 1812 3147 1867 Mue
3166 1821 3221 1867 et
3252 1813 3490 1866 Lambda
3513 1822 3568 1866 et
3592 1814 3726 1865 lota.
3752 1809 4057 1876 Quomodo

785 1882 1126 1987 Ioco,rqucm
1162 1917 1226 1971 ad
1275 1917 1670 1970 habitationem
1704 1921 1987 1979 acceperat
2014 1912 2065 1964 in
2100 1911 2360 1965 simibtu-
2396 1882 2434 1937 Β
2468 1906 2706 1973 legentes
2736 1905 2834 1958 bas
2876 1906 3084 1959 litteras
3133 1906 3558 1973 compleveritis,
3597 1905 3826 1959 scribite
3862 1906 4059 1960 vobis.

786 2013 969 2065 dinem
1006 2007 1241 2061 hominis
1267 2003 1612 2064 fornicantis,
1640 2003 1735 2072 qui
1761 2003 1827 2055 de
1852 2003 2093 2056 Ecclesia
2120 2001 2359 2067 ejicitnr,

786 2115 839 2157 et
870 2120 896 2155 a
932 2116 1039 2168 quo
1071 2098 1319 2151 aufertur
1349 2095 1517 2161 gloria
1567 2110 1691 2150 sua.
1725 2094 1922 2149 Omnia
1956 2110 2078 2160 qua:
2111 2094 2198 2147 ille
2235 2108 2359 2163 per-

788 2187 1460 2259 pessusest,sustinebunt
1488 2186 1539 2239 hi
1564 2186 1657 2253 qui
1686 2185 1775 2239 Dei
1799 2184 1952 2253 jussa
1980 2193 2358 2248 contemnunt,

788 2290 845 2335 ct
897 2280 1240 2334 ambulantes
1300 2279 1352 2328 iu
1410 2277 1667 2343 superbia
1729 2277 1970 2330 sentient
2033 2276 2160 2329 illud
2217 2277 2362 2346 quod

788 2373 1049 2440 scriptum
1084 2377 1170 2424 est
1201 2385 1215 2422 :
1258 2368 1445 2431 Dixit,
1481 2376 1529 2422 et
1566 2368 1833 2421 devoravit
1864 2385 1951 2422 eos
1998 2378 2135 2421 terra
2170 2367 2361 2437 (Num.

792 2481 902 2524 th.
933 2464 1047 2533 52).
1079 2463 1189 2517 Nos
1223 2478 1376 2525 vero,
1407 2461 1542 2531 justi
1579 2462 1675 2515 viri
1717 2462 1991 2515 imitemur
2023 2463 2362 2530 exemplum.

792 2560 884 2627 qui
915 2557 1192 2626 sapienter
1224 2570 1378 2609 suam
1417 2553 1657 2607 servavit
1697 2554 1940 2616 domum,
1968 2564 2039 2607 tet
2088 2554 2365 2623 gigantum

794 2664 1051 2718 percussa
1080 2647 1376 2717 fsupetbia,
1429 2646 1739 2700 humilitate
1803 2658 2051 2699 servatus
2104 2654 2210 2699 est.
2261 2643 2370 2699 Nec

794 2743 990 2798 tnirum
1022 2741 1064 2793 si
1105 2742 1217 2808 ipse
1258 2749 1308 2792 et
1338 2739 1516 2799 liberi.
1554 2747 1719 2807 atque
1772 2751 1969 2790 uxores
2019 2752 2244 2801 eorum,
2302 2736 2370 2792 de

793 2845 993 2889 cuncto
1021 2834 1260 2886 humano
1290 2846 1489 2901 genere
1524 2830 1786 2886 reservati
1824 2840 1949 2884 sunt
1980 2842 1995 2884 :
2044 2846 2171 2883 cum
2205 2832 2368 2883 etiam

799 2929 1036 2991 iumenta
1065 2934 1119 2977 et
1149 2924 1387 2978 volatilia
1411 2924 1687 2977 evaserint
1718 2931 2043 2991 mortetn,et
2064 2923 2371 2978 obedientia

795 3019 1008 3074 liberati
1044 3020 1171 3072 sint.
1207 3016 1527 3072 Columbam
1570 3016 1753 3070 emisit
1798 3016 1864 3070 de
1913 3031 2039 3068 arca
2082 3016 2218 3081 Noe,
2253 3033 2372 3086 quae

801 3112 1063 3163 mittentis
1093 3122 1291 3177 parens
1339 3106 1629 3167 voluntati.
1659 3106 1753 3159 ivit
1786 3116 1839 3159 et
1884 3120 2101 3159 reversa
2149 3117 2268 3167 est,
2320 3115 2373 3160 et

797 3204 1184 3257 condemnavit
1207 3199 1513 3254 obedientia
1545 3214 1641 3251 sua
1674 3198 1921 3251 homines
1937 3207 2368 3266 ccutemptorvs;
2401 3228 2441 3281 ε

798 3310 863 3345 eo
891 3294 1033 3363 quod
1064 3294 1180 3345 avis
1215 3290 1449 3344 audierit
1482 3289 1694 3359 justum
1722 3329 1736 3353 ,
1770 3298 1824 3342 et
1853 3290 2098 3343 homines
2133 3306 2239 3342 non
2273 3304 2370 3341 au-

796 3389 998 3441 dirrint
1033 3386 1222 3438 Deum.
1253 3381 1457 3436 Omnes
1486 3397 1701 3450 quoque
1730 3382 1913 3435 bestiae
1947 3391 1998 3434 et
2031 3390 2227 3435 cuttcla
2258 3381 2377 3433 ani-

801 3478 1003 3531 mantia
1035 3491 1128 3545 ρον
1159 3475 1523 3528 obedientiam
1566 3474 1793 3525 liberata
1828 3484 1975 3528 sunt.
2008 3471 2066 3524 Et
2094 3474 2217 3539 quia
2250 3473 2373 3525 talia

799 3577 977 3631 erant,
1013 3576 1294 3636 propterea
1329 3567 1394 3619 de
1423 3566 1527 3621 illis
1561 3566 1755 3618 obtulit
1801 3565 2053 3619 victimas
2083 3565 2209 3620 Deo.
2248 3566 2377 3631 Quae

803 3663 1035 3717 bistoria
1083 3677 1183 3715 nos
1230 3662 1424 3724 docet,
1462 3676 1579 3729 qua:
1606 3661 1815 3715 srilicet
1845 3662 1897 3713 in
1940 3661 2028 3715 Dei
2074 3662 2379 3715 offerantur

801 3754 1075 3809 sacrificio
1112 3753 1223 3825 [.41.
1259 3752 1576 3825 sacrificia];
1607 3761 1662 3808 et
1687 3754 1731 3807 si
1764 3755 2080 3809 obedientes
2115 3756 2180 3809 ad
2232 3756 2378 3811 illius

805 3846 1362 3915 fuerintjussionem,
1392 3855 1657 3898 eruantur
1705 3845 1772 3899 de
1819 3845 2026 3913 laqueis
2054 3846 2276 3910 diaboli,
2325 3856 2380 3901 et

804 3941 925 4007 ejus
958 3940 1112 3994 bonis
1143 3938 1533 4007 perfruantur;
1566 3952 1672 3990 non
1717 3938 2019 3992 secundum
2076 3954 2242 4008 Opera
2288 3940 2381 4009 ju-

804 4032 967 4087 stitim
996 4045 1131 4093 suae.
1165 4030 1259 4084 sed
1291 4030 1593 4084 secundum
1631 4031 2059 4083 misericordiam
2096 4030 2237 4093 ejus,
2275 4046 2380 4096 qua

804 4125 855 4174 ei
892 4137 1081 4177 omnes
1110 4119 1689 4190 appropinquavimus.
1728 4117 1863 4183 Qum
1899 4129 2120 4172 ventura
2148 4120 2383 4173 scientes

809 4215 969 4268 nobis
1002 4214 1231 4267 invicem
1269 4212 1540 4267 cbaritate
1564 4212 1881 4280 jungamur,
1908 4220 1965 4264 ιιι
1991 4212 2228 4282 effugere
2260 4226 2387 4281 pos-

813 4308 986 4359 sisnus
1042 4305 1415 4359 imminentem
1475 4306 1801 4359 sententiam
1860 4306 1975 4359 Dei.
2010 4304 2127 4359 Noli
2164 4306 2229 4357 ad
2275 4309 2387 4358 ira-

809 4400 1069 4452 cundiam
1117 4398 1351 4467 aliquem
1403 4397 1729 4465 provocari,
1786 4414 1853 4452 ne
1906 4397 2043 4451 forte
2101 4400 2386 4462 moriatur,

816 4499 871 4542 ct
914 4489 1245 4557 relinqueris
1279 4487 1501 4556 ligatus,
1553 4490 1846 4555 omnisque
1895 4489 2014 4557 ejus
2064 4490 2283 4543 trietitia
2335 4490 2388 4541 in

2470 2008 2528 2049 ut
2583 1996 2896 2065 intelligatis
2945 1997 3201 2067 mysteria
3256 1998 3587 2051 litterarum.
3651 1995 3729 2051 Ne
3783 1998 4058 2049 scribatis

2472 2089 2584 2142 illoc
2615 2104 2780 2157 super
2808 2089 2871 2142 Χῖ
2904 2099 2958 2143 et
2994 2089 3088 2143 Eta
3125 2100 3178 2145 et
3206 2088 3269 2142 lii
3306 2106 3321 2145 :
3354 2091 3446 2144 sed
3482 2098 3539 2143 ut
3579 2089 3750 2157 magis
3784 2090 4059 2142 scribatur.

2469 2181 2596 2235 Zeta
2638 2197 2802 2251 super
2833 2182 2920 2243 Χῖ,
2952 2190 3007 2236 et
3034 2181 3151 2236 Moe
3182 2197 3343 2249 super
3371 2181 3502 2236 lleta
3538 2192 3590 2236 et
3614 2180 3809 2235 Tbeta.
3843 2182 4058 2235 Susce—

2473 2276 2581 2345 ptis
2624 2273 2820 2327 litteris
2849 2275 3050 2328 vestris
3094 2275 3278 2328 statim
3316 2276 3600 2344 rescripsi,
3633 2286 3688 2333 et
3718 2276 3783 2330 ad
3815 2274 4053 2344 mystio-a

2470 2382 2569 2434 ego
2610 2380 2828 2435 quoque
2876 2374 3087 2419 sacrata
3143 2368 3425 2435 respondi.
3455 2368 3851 2423 'Animadverti
3904 2369 4059 2421 enim

2473 2458 2737 2512 terminos
2781 2472 2902 2511 esse
2934 2458 3189 2527 Epistola‘.
3220 2467 3414 2513 vestrae
3458 2457 3590 2514 Heta
3632 2475 3685 2514 et
3716 2459 3894 2514 Tlieta
3937 2480 3951 2511 :
3995 2471 4054 2512 et

2474 2551 2679 2605 idcirco
2710 2550 2874 2603 etiam
2929 2565 3030 2618 ego
3076 2552 3131 2603 in
3178 2551 3432 2607 eumdem
3497 2566 3721 2608 sensum
3770 2556 4059 2620 verbaque

2476 2645 2729 2700 consensi
2763 2660 2777 2697 :
2807 2659 2874 2697 ne
2905 2644 3084 2713 impar
3117 2644 3330 2699 viderer
3366 2656 3562 2700 vestrae
3593 2646 3962 2715 negligentiae.
4005 2656 4061 2699 et

2476 2738 2679 2808 aliquid
2714 2753 2778 2792 ex
2835 2738 2993 2792 nobis
3034 2739 3216 2791 damni
3250 2738 3618 2794 sustineretis.
3675 2738 3882 2808 Scripsi
3924 2754 4061 2807 ergo

2479 2832 2630 2882 vobis
2670 2829 2875 2882 Simma
2912 2828 3006 2882 Phi
3045 2845 3058 2881 :
3100 2830 3389 2884 rescribite
3426 2830 3547 2885 Chi.
3588 2830 3775 2901 Itaque
3816 2847 3969 2886 nunc
4006 2834 4059 2885 in

2476 2923 2668 2977 diebus
2722 2923 2843 2976 istis
2878 2937 2986 2976 non
3029 2922 3325 2976 scribimus
3364 2921 3534 2976 Theta
3580 2923 3720 2978 aloe.
3770 2924 3833 2977 Et
3874 2940 3945 2977 ne
3974 2925 4063 2977 dio

2480 3016 2708 3069 Xet'itis:
2740 3015 3040 3068 Possumus
3070 3016 3310 3071 scribere
3369 3015 3431 3079 N,
3464 3015 3620 3080 lla-ta,
3662 3018 3781 3077 Phi.
3830 3017 4018 3072 Laida
4048 3057 4063 3080 ,

2478 3105 2788 3168 OYYOYY,
2820 3105 3021 3171 Labda,
3059 3107 3193 3169 lota,
3225 3106 3447 3175 Labda;
3488 3123 3616 3161 ecce
3665 3109 3864 3177 scripsi
3897 3110 4059 3161 vobis

2478 3211 2532 3254 et
2564 3200 2626 3254 Xi
2662 3208 2835 3254 totum
2871 3208 3036 3268 atque
3065 3202 3363 3267 perfer-tutu
3402 3201 3453 3254 in
3488 3217 3668 3269 gyros.
3699 3199 3765 3253 Et
3794 3216 3893 3254 vos
3923 3202 4067 3254 serio

2483 3293 2611 3346 bitis
2642 3291 2705 3343 Ki
2741 3300 2792 3344 et
2836 3290 2957 3353 Phi,
3004 3302 3061 3346 ut
3110 3292 3337 3361 possitis
3375 3294 3618 3348 sciibere
3664 3293 3873 3347 Simma
3917 3293 4062 3347 Mos.

2484 3386 2619 3437 lucce
2652 3382 2821 3437 Thcta
2857 3385 3119 3449 scriptum
3171 3395 3253 3438 est
3303 3387 3553 3438 antehac.
3610 3385 3851 3439 Sufficiat
3908 3388 4069 3438 vobis

2482 3492 2670 3531 curam
2726 3477 2927 3530 habere
2985 3475 3166 3546 Kappa
3222 3488 3275 3530 et
3330 3474 3468 3529 Tan.
3508 3476 3563 3530 Si
3619 3488 3799 3531 tamen
3855 3481 4065 3532 exituai

2484 3572 2643 3635 estis,
2677 3569 3000 3637 scripsimus
3049 3567 3206 3622 vobis
3258 3567 3343 3630 lli.
3401 3578 3621 3638 propter
3671 3570 3914 3623 Ιειιιοιιιιιιι
3972 3588 4067 3624 vc-

2486 3676 2682 3723 strum.
2730 3673 2787 3715 ut
2834 3676 3053 3715 onmem
3085 3660 3395 3716 adhibeatis
3444 3662 3880 3717 sollicitudinem
3915 3674 4075 3718 ante-

2486 3770 2647 3822 quam
2682 3752 3125 3822 proliciscamini.
3165 3751 3300 3805 Nam
3341 3765 3393 3807 et
3443 3769 3541 3807 nos
3580 3755 3827 3808 eamdem
3877 3770 4072 3808 curam

2488 3848 2753 3901 habemus
2783 3861 2943 3914 quam
2986 3856 3040 3898 et
3080 3861 3224 3899 vos:
3275 3852 3475 3912 neque;
3512 3846 3839 3913 scripsimus
3880 3846 4073 3915 Eappa

2487 3949 2539 3991 ct
2576 3937 2713 3989 Tan.
2747 3935 2949 4003 Scripsi
2988 3937 3141 3989 vobis
3172 3936 3417 3997 nomine.
3446 3937 3588 3991 unde
3615 3946 3668 3990 ct
3702 3953 3820 3998 vos.
3848 3942 4075 4006 quando

2489 4030 2728 4081 videriti~
2764 4032 3026 4095 scriptum
3064 4030 3252 4097 Kappa
3290 4036 3343 4083 et
3389 4028 3501 4084 Tan
3536 4069 3551 4092 ,
3587 4032 3881 4085 rescribite
3917 4032 4077 4086 Zeta.

2489 4120 2723 4186 Quando
2779 4120 3022 4175 videritis
3076 4119 3283 4175 Simma
3327 4129 3381 4174 et
3433 4121 3554 4186 Plui,
3605 4124 3892 4178 rescribite
3933 4124 4075 4177 Μο-ι.

2493 4214 2723 4280 Quando
2757 4213 3001 4267 videritis
3032 4213 3238 4277 Labda,
3272 4213 3408 4277 lota,
3435 4215 3638 4277 Labda,
3671 4218 3958 4271 rescribite
3982 4219 4075 4272 Χῖ.

2494 4307 2723 4373 Quando
2753 4305 2941 4361 YOYY
2976 4306 3195 4378 Kappa,
3238 4308 3341 4372 Ro,
3393 4311 3521 4378 quia
3570 4309 3884 4363 invenimus
3938 4312 4079 4363 seri-

2497 4407 2685 4465 plum;
2726 4414 2823 4449 nos
2880 4410 3058 4452 autem
3091 4400 3415 4470 scripsimus
3449 4399 3656 4453 Simma
3682 4440 3697 4461 ,
3731 4400 3825 4453 ΓΙιὶ
3877 4400 4078 4453 habete

2496 4504 2706 4542 curam.
2743 4486 2856 4543 Hoc
2884 4490 3030 4543 enim
3063 4492 3323 4546 scribitur
3355 4493 3405 4544 in
3434 4492 3628 4545 diebus
3661 4492 3779 4544 istis
3817 4492 3921 4548 lio.
3959 4493 4074 4544 sol-

818 4592 963 4634 tnam
1004 4579 1241 4633 animam
1276 4578 1614 4640 cuoferatur,
1650 4588 1703 4631 et
1740 4578 1981 4632 effundat
2041 4580 2178 4632 iram
2234 4594 2389 4632 suam
2425 4582 2468 4634 ἰ)
2502 4580 2628 4633 liciti
2658 4592 2832 4635 c-SIOIe
2869 4598 2881 4632 :
2915 4596 3036 4648 qua:
3066 4583 3257 4636 litterae
3290 4593 3555 4637 vocantur
3588 4582 3905 4652 Egyptiuce
3936 4584 4031 4638 0.:
4054 4602 4079 4638 z

821 4687 983 4740 super
1021 4680 1071 4724 te
1102 4671 1271 4732 Deus,
1301 4671 1425 4739 quia
1476 4680 1532 4723 ct
1581 4680 1632 4723 ιιι
1667 4669 1905 4723 en‘titlisti
1959 4670 2196 4722 furorem
2238 4680 2390 4723 tuum

821 4778 984 4821 super
1031 4763 1252 4813 fratrem
1306 4770 1479 4812 ttttuu.
1518 4756 1633 4811 Νοιι
1668 4758 2063 4811 obliviscamini
2116 4758 2393 4811 mandato-

824 4871 941 4907 rum
983 4853 1071 4905 Dei
1104 4893 1118 4915 ,
1170 4866 1233 4905 ne
1270 4852 1484 4905 dicatur
1525 4852 1590 4903 de
1625 4852 1779 4902 vobis
1830 4865 1843 4901 :
1893 4848 2167 4903 i’erterunt
2207 4852 2276 4901 ad
2315 4866 2394 4901 me

820 4953 983 4999 dorsa
1013 4961 1131 5006 sua,
1165 4953 1213 4996 et
1245 4959 1345 4996 non
1379 4943 1593 5010 faciem,
1639 4954 1683 4994 et
1724 4943 1776 4995 in
1815 4952 2044 5010 tempore
2086 4942 2393 5011 uﬂiirtionis

826 5058 933 5092 stur
953 5040 1147 5100 dicent,
1173 5036 1341 5107 Surge
1361 5048 1406 5091 et
1430 5038 1602 5091 salvos
1631 5054 1721 5089 nos
1741 5037 1828 5105 [ac
1857 5036 2075 5105 (let-ent.
2106 5053 2257 5100 xvnt,
2286 5036 2396 5101 l7).

828 5134 894 5188 Et
949 5134 1065 5200 ipse
1114 5132 1457 5196 respondebit
1495 5146 1506 5181 :
1541 5130 1782 5196 Argttam
1832 5131 2057 5182 delicias
2086 5146 2271 5183 corum
2301 5172 2314 5195 ,
2345 5140 2399 5183 et

831 5240 940 5278 non
971 5238 1065 5277 eos
1108 5222 1301 5275 faciam
1341 5224 1624 5289 pervenire
1658 5224 1721 5273 ad
1748 5224 1969 5290 pascha,
2003 5222 2068 5275 ad
2093 5222 2238 5287 quod
2273 5238 2403 5274 cou-

844 5325 1130 5368 vocautur.
1173 5314 1506 5366 laboremus
1529 5352 1542 5371 .
1579 5314 1810 5366 invicem
1847 5328 2016 5368 onera
2061 5323 2245 5367 nostra
2280 5328 2404 5382 por-

834 5418 1037 5467 tantes,
1070 5406 1209 5459 sicut
1250 5413 1300 5456 ct
1332 5402 1585 5457 Christus
1636 5406 1872 5470 portavit
1912 5405 2260 5458 infirmitates
2311 5418 2407 5457 uo-

837 5515 982 5552 szras
1010 5500 1061 5551 in
1096 5511 1196 5550 suo
1234 5511 1484 5562 corpore,
1539 5508 1591 5549 et
1628 5514 1732 5549 non
1784 5496 1998 5551 deiecit.
2038 5498 2093 5549 Si
2149 5499 2407 5565 magister

838 5599 1024 5643 noster
1052 5599 1133 5641 est
1159 5587 1437 5651 Christus,
1475 5588 1648 5642 simus
1681 5590 1799 5658 ejus
1833 5592 2154 5649 imitatores,
2186 5602 2237 5642 ct
2264 5590 2407 5646 illius

843 5686 1122 5747 portemus
1154 5677 1383 5745 injurias
1420 5694 1434 5730 :
1473 5694 1537 5731 ne
1581 5679 1632 5730 in
1667 5678 1852 5731 futuro
1880 5690 2120 5745 tempore
2144 5696 2171 5732 a
2208 5680 2409 5732 nostris

843 5770 1135 5833 fratribus,
1176 5771 1266 5837 qui
1296 5771 1675 5825 tribulatiout-s
1711 5771 1854 5837 passi
1890 5781 2037 5833 sunt,
2070 5786 2407 5837 st-parctuur.

846 5864 1003 5918 Sicut
1040 5873 1094 5917 et
1126 5862 1214 5915 alii
1259 5865 1403 5932 passi
1458 5872 1603 5921 sunt,
1643 5864 1730 5930 qui
1780 5863 2069 5915 noluerunt
2126 5864 2413 5917 virtutibus

2497 4683 2547 4724 et
2594 4670 2751 4723 'I‘hei.
2792 4670 3065 4739 St'tiplltm
3096 4673 3404 4726 invenimus
3434 4675 3835 4743 minimumque
3866 4691 4078 4729 vocan-

2501 4774 2587 4816 tur
2629 4761 2949 4831 .<Ec_vptiace
2991 4764 3182 4816 littera:
3231 4764 3321 4817 llei
3370 4778 3422 4818 ct
3474 4766 3624 4819 'lbet.
3693 4766 3896 4820 Habeto
3946 4784 4079 4822 emo

2498 4869 2687 4907 cut-ani
2723 4853 2806 4909 ili.
2835 4866 2883 4905 et
2917 4854 3142 4906 scribite
3175 4854 3386 4923 Alpina;
3441 4856 3548 4922 guia
3588 4856 3708 4909 dedi
3747 4857 3900 4909 vobis
3936 4858 4077 4910 illud

2503 4961 2602 5013 pro
2635 4945 2720 4998 Hi.
2757 4944 2990 5000 Scribite
3029 4961 3249 5016 quoque
3274 4947 3502 5012 Simma,
3534 4949 3660 5017 quia
3694 4950 3961 5017 scriptum
3992 4962 4081 5005 est

2503 5037 2617 5092 Tan
2659 5050 2712 5092 et
2747 5037 2917 5103 Delta,
2953 5049 3009 5091 ut
3039 5039 3103 5092 ad
3138 5056 3237 5095 nos
3268 5042 3548 5109 pervenire
3581 5042 3824 5095 valeatis.
3869 5042 4078 5097 Cavete

2506 5148 2570 5183 nc
2608 5132 3006 5183 obliviscamini
3049 5133 3287 5185 scribere
3325 5132 3409 5185 Psi
3462 5149 3625 5199 super
3662 5132 3848 5201 Kappa
3881 5175 3895 5197 ,
3946 5138 4081 5203 quia

2506 5224 2766 5291 scriptum
2803 5235 2887 5276 cst
2914 5226 3085 5289 prius,
3108 5233 3160 5277 et
3196 5224 3275 5278 [lo
3311 5236 3437 5279 ante
3471 5226 3597 5279 illud
3645 5227 3906 5295 scriptum
3946 5241 4027 5282 εει
4070 5245 4079 5277 :

2508 5324 2561 5367 ct
2591 5331 2654 5367 ne
2685 5313 2823 5367 forte
2848 5314 3046 5368 dicatis
3074 5314 3245 5369 Titela
3288 5318 3553 5383 scriptum
3586 5331 3728 5379 esse,
3771 5328 3820 5369 et
3868 5330 4080 5384 partem

2508 5403 2596 5457 Xt.
2633 5404 2757 5458 Ideo
2789 5415 2959 5457 totum
2998 5407 3295 5461 scribimus
3327 5407 3451 5461 Bcta
3482 5424 3495 5471 ;
3534 5424 3598 5461 ne
3638 5410 3895 5464 diceretis
3933 5414 4077 5479 quod

2510 5495 2733 5549 Gatnma
2799 5502 2870 5551 sit
2934 5499 3219 5568 scriptum.
3279 5499 3337 5552 in
3401 5500 3547 5552 omni
3612 5500 3849 5568 Epistula
3918 5519 4081 5571 quam

2513 5588 2701 5653 Srripsi
2741 5589 2913 5648 vobis,
2944 5588 3011 5641 de
3054 5599 3226 5642 vestra
3264 5590 3506 5643 sessiOue
3546 5594 3863 5644 cmitinctur
3914 5607 3967 5645 et
4016 5595 4083 5647 de

2519 5678 2951 5742 resurrectione,
2997 5688 3048 5732 et
3089 5680 3155 5732 de
3196 5682 3384 5735 umbra
3430 5686 3803 5745 antemuralis,
3848 5700 3973 5751 qua:
4006 5700 4087 5739 est

2516 5781 2667 5821 extra
2705 5786 2941 5822 murum.
2972 5769 3118 5822 Odor
3149 5774 3426 5841 sapientitc
3459 5785 3652 5827 vestra:
3681 5778 3743 5827 ad
3773 5791 3873 5829 nos
3905 5791 4080 5847 usque

2520 5863 2786 5929 pervenit,
2814 5876 2865 5915 et
2895 5864 3151 5931 compulit
3189 5866 3297 5919 haec
3326 5866 3478 5922 vobis
3507 5868 3770 5921 scribere.
3814 5869 3877 5921 Et
3909 5885 4005 5925 vos
4032 5883 4087 5925 ut
