4212 6498
778 433 881 498 103

1932 434 1998 494 S.
2047 434 2360 495 EUSEBH
2400 440 2839 501 IIlElitiNYaII

3930 441 4033 505 1ῧὶ

778 549 880 600 bus
907 558 966 599 sc
990 542 1195 597 OKZT.
1227 542 1458 597 Fructus
1489 541 1601 596 oris
1635 543 1740 595 mci
1772 540 1946 597 dulcis
1977 543 2151 597 factus
2181 554 2264 597 est
2293 546 2343 597 in
2376 557 2421 612 Α
2452 552 2691 605 salutare
2724 551 3003 606 tunm.C9
3030 564 3126 604 cor
3154 550 3373 618 sapiens
3400 550 3652 619 intelligit
3685 552 3950 618 paraiiuia
3980 575 4029 607 ιι,

775 637 932 693 labiis
967 640 1103 693 meis
1136 636 1265 691 INC.
1305 635 1568 691 Dominus
1606 636 1699 689 dat
1734 636 1864 689 mihi
1906 636 2138 704 linguam
2174 636 2345 690 disci-

773 730 935 801 pliute
978 730 1133 783 ΛΘΡ.
1179 727 1295 781 Non
1345 728 1585 791 moriar,
1630 731 1723 781 sed
1758 728 1930 779 vivam
1959 767 1974 791 ,
2016 736 2067 779 et
2114 727 2346 780 narrabo

774 838 939 893 opera
989 822 1222 876 Domini.
1256 808 1345 883 In.
1383 819 1485 886 Qui
1522 821 1824 889 ingreditur
1862 834 1956 886 per
1994 834 2078 873 me
2103 858 2118 882 ,
2160 821 2344 874 salvus

774 918 897 971 erit.
931 917 1071 970 ΤΚΟ
1116 916 1379 985 qumrilur
1418 915 1682 984 judicimn
1728 910 1942 966 Domini
1978 912 2042 966 ad
2084 914 2341 981 populum

774 1010 893 1076 ejus
927 1009 1245 1061 [latnascusu
1276 1008 1403 1058 0A7.
1443 1005 1563 1074 quia
1599 1007 1852 1057 misertus
1885 1013 1970 1056 est
1998 1001 2139 1056 Deus
2170 1001 2344 1056 Israe-

774 1101 863 1165 lts,
895 1110 947 1155 et
978 1100 1209 1154 humiles
1244 1099 1424 1168 populi
1454 1098 1536 1151 sui
1568 1095 1879 1151 consolatus
1904 1107 2004 1150 est.
2032 1096 2156 1148 MN.
2190 1094 2343 1149 Sicut

775 1209 913 1262 aqua
955 1192 1146 1261 frigida
1177 1194 1374 1245 animae
1409 1189 1656 1253 sitienti,
1692 1189 1771 1243 sic
1804 1190 2028 1242 nuntius
2063 1191 2238 1242 bonus
2280 1188 2345 1243 de

776 1298 917 1339 terra
952 1287 1262 1353 longinqua.
1301 1283 1750 1337 ΘΡΝΙΝΖΟΡΙΠ.

778 1416 1001 1470 VERBA
1036 1415 1202 1483 QU/E
1237 1414 1557 1471 LOCUTUS
1590 1414 1715 1470 EST
1748 1414 1805 1467 P.
1840 1413 1900 1469 N.
1941 1412 2339 1469 PACHOMIUS

774 1528 835 1583 In
871 1529 1063 1581 visione
1094 1527 1337 1581 erudiens
1385 1529 1579 1595 fratres
1616 1530 1667 1579 in
1707 1528 2029 1579 monasterio
2070 1527 2344 1581 Mochansi

844 1604 906 1651 de
939 1599 1016 1651 his
1045 1614 1162 1667 qua:
1196 1599 1269 1650 eis
1305 1608 1552 1650 eventura
1589 1606 1759 1649 essent
1788 1638 1802 1658 ,
1841 1607 1891 1650 et
1928 1598 2021 1649 illo
2052 1600 2257 1649 dicente
2296 1610 2344 1649 et

845 1668 1084 1735 loquente
1120 1674 1173 1720 in
1206 1670 1422 1731 spiritu,
1453 1678 1665 1728 excepta
1700 1675 1822 1718 sunt
1858 1684 1887 1720 a
1919 1668 2197 1735 fratribus.
2229 1684 2345 1737 Quae

848 1740 923 1791 vel
951 1740 1142 1806 [acturi
1166 1748 1330 1790 essent
1350 1739 1611 1806 principes
1642 1742 2103 1802 monasteriorum,
2126 1738 2202 1790 vel
2224 1755 2345 1805 pas-

848 1824 979 1861 ιιιιι.

894 1919 1749 1974 ΑΝΝΑΜΜᾹΑΒΝΙΡΙΖΖΟῘΓῙΘ
1797 1918 2236 1973 ΡΗΟΩΨΥΤΥΧ

986 1991 1233 2044 ΨΑΟΜΝ
1247 1990 1487 2042 [ΙΦΧΓΘΙ
1498 1990 1897 2043 ΛΨΗΙΜΞΤΔΖ
1908 1992 1990 2042 AP
2001 1991 2104 2044 ΕΤ.

847 2106 915 2160 Χ.
976 2106 1429 2160 Monasteriorum
1482 2104 1755 2173 principes
1805 2104 2010 2173 operati
2059 2114 2188 2157 sunt
2248 2106 2351 2159 ini-

778 2203 1044 2271 quitatem
1096 2199 1151 2251 iu
1206 2198 1483 2267 sportellis
1533 2196 1649 2251 suis
1700 2212 1714 2249 :
1768 2195 1980 2266 gladius
2029 2198 2351 2266 perditionis

778 2293 1022 2363 ipsorum
1062 2294 1165 2345 sub
1206 2289 1380 2344 axella
1422 2303 1611 2343 eorum
1644 2326 1659 2353 ,
1711 2290 1803 2360 qui
1845 2303 1929 2343 est
1968 2301 2121 2344 ortus
2163 2304 2178 2344 :
2215 2291 2349 2345 insi.

777 2385 997 2438 diantur
1052 2382 1196 2453 apud
1245 2384 1443 2452 januas
1497 2381 1721 2436 inferni.
1789 2382 2136 2437 Abundantia
2198 2395 2352 2438 terra:

777 2489 832 2532 et
881 2477 1023 2532 bona
1073 2490 1193 2546 quat
1238 2474 1467 2545 largitus
1516 2483 1604 2529 est
1655 2473 1797 2529 Detts
1850 2474 1975 2528 filiis
2022 2474 2304 2528 hominum
2334 2514 2347 2533 .

779 2572 1037 2626 dixerunt
1072 2566 1352 2631 :Venite,
1397 2578 1453 2620 et
1492 2576 1802 2620 scrutemur
1845 2564 1961 2619 vias
1999 2574 2211 2619 nostras
2235 2606 2249 2628 ,
2296 2574 2350 2619 et

778 2665 1062 2719 videamus
1100 2661 1146 2717 si
1186 2661 1529 2715 inveniamus
1570 2657 1901 2714 fermentum
1925 2699 1939 2723 ,
1982 2669 2035 2715 et
2069 2661 2349 2715 mittamus

780 2757 913 2811 illud
948 2757 1002 2810 in
1039 2769 1281 2809 massam
1336 2751 1526 2807 farinae
1550 2790 1566 2816 ,
1594 2766 1716 2822 qua
1746 2766 1855 2805 non
1900 2754 2073 2821 possit
2105 2753 2303 2808 elevari
2336 2792 2350 2817 ,

780 2864 959 2917 neque
988 2848 1042 2901 in
1070 2848 1237 2900 altum
1268 2859 1639 2913 consurgere;
1677 2843 1772 2899 sed
1804 2843 2023 2898 deliciat
2055 2843 2224 2898 fame.
2256 2846 2354 2897 Pa—

781 2947 1039 2994 raverunt
1071 2938 1294 3006 laqueos
1324 2936 1552 3005 pedibus
1584 2937 1722 2995 suis.
1764 2945 1818 2989 et
1845 2950 2036 2990 arcum
2076 2938 2352 3001 manibus,

779 3043 832 3086 et
872 3030 1104 3086 securim
1153 3030 1381 3083 humero
1426 3035 1779 3096 portaveruut
1811 3043 1827 3081 :
1862 3037 2238 3095 veneruntque
2285 3032 2351 3081 ad

781 3124 1053 3177 hominem
1088 3123 1179 3190 qui
1214 3121 1448 3174 habebat
1482 3134 1715 3183 serram,
1748 3130 1800 3173 et
1833 3120 1971 3173 dixit
2002 3120 2086 3174 eis
2117 3135 2131 3172 :
2164 3121 2264 3183 ltc,
2301 3130 2355 3173 et

781 3217 924 3285 ligna
958 3216 1255 3285 praecidite.
1292 3214 1357 3267 Et
1393 3211 1646 3266 dixerunt
1686 3215 1734 3265 ei
1773 3230 1787 3266 :
1822 3211 2212 3281 Nequaquam;
2254 3212 2347 3266 sed
2382 3262 2424 3311 ο

779 3317 1090 3361 scrutamur
1122 3306 1236 3359 vias
1265 3317 1508 3369 nostras,
1543 3314 1595 3358 et
1634 3303 1943 3359 invenimus
1983 3303 2308 3356 fermentum
2333 3343 2347 3367 ,

782 3411 839 3454 ut
874 3402 1152 3453 mittamus
1183 3400 1314 3451 illud
1354 3399 1405 3451 in
1442 3413 1675 3451 massam
1704 3437 1719 3462 ,
1760 3412 1879 3464 quae
1920 3412 2025 3449 non
2066 3397 2311 3449 elevatur
2335 3434 2349 3458 ,

780 3506 960 3558 neque
980 3490 1031 3541 in
1066 3492 1235 3541 altum
1264 3497 1435 3557 potest
1457 3502 1810 3555 consurgere,
1838 3488 1932 3542 sed
1962 3486 2159 3539 defecit
2187 3485 2350 3539 fame.

784 3581 1012 3636 \‘oeavit
1043 3596 1168 3648 ergo
1201 3582 1360 3633 homo
1391 3582 1597 3633 amicos
1633 3596 1763 3635 suos
1790 3621 1804 3643 ,
1849 3589 1902 3632 et
1934 3581 2351 3632 excmiaverunt

781 3674 948 3743 pedes
980 3688 1170 3727 eorum
1199 3713 1213 3737 ,
1250 3672 1699 3740 summitatesque
1743 3688 1995 3724 manuum
2025 3712 2039 3739 ,
2090 3672 2193 3726 hoc
2229 3681 2311 3725 est
2338 3712 2350 3731 .

780 3767 1021 3835 digitos;
1057 3776 1108 3819 ct
1144 3764 1487 3818 deﬂuxerunt
1517 3764 1568 3815 in
1602 3773 1822 3817 terram.
1861 3762 2137 3816 Venerunt
2166 3773 2346 3816 autem

781 3859 911 3927 pulli
946 3871 1257 3919 corvorum,
1292 3868 1345 3909 et
1373 3854 1683 3908 detulerunt
1717 3870 1830 3915 eos,
1869 3854 2117 3909 fecerunt
2150 3856 2220 3907 ibi
2258 3856 2351 3906 ni—

780 3949 933 4009 dum.
963 3955 1017 4001 et
1041 3946 1185 3999 corvi
1214 3954 1519 4012 genuerunt
1552 3944 1604 3998 in
1637 3944 1769 3998 locis
1795 3959 2006 4010 eorum,
2034 3959 2097 3997 ac
2134 3960 2229 4013 per
2262 3958 2355 3998 cos

782 4039 1085 4093 inbabitata
1121 4045 1202 4091 est
1239 4044 1404 4088 terra.

888 4171 1115 4225 VERBA
1152 4169 1284 4225 PER
1319 4167 1664 4223 LITTERAS
1702 4169 1761 4226 P.
1800 4168 1865 4222 N.
1906 4165 2233 4221 PACHOMII

871 4290 939 4342 In
969 4291 1153 4358 lingua
1182 4288 1518 4348 abscondita,
1548 4285 1610 4338 de
1642 4285 1720 4337 Itis
1754 4302 1869 4354 quit
1899 4287 2080 4353 futura
2115 4294 2259 4338 sunt.

854 4406 947 4460 XI.
998 4405 1169 4459 Verax
1206 4414 1287 4457 est
1322 4404 1373 4454 in
1411 4402 1667 4455 omnibus
1709 4400 1850 4453 Deus
1878 4440 1891 4459 .
1933 4401 2026 4468 qui
2058 4400 2191 4454 dicit
2224 4398 2310 4452 PN
2335 4439 2349 4464 ,

785 4512 977 4551 omnes
1009 4506 1277 4550 torrentes
1317 4494 1518 4545 vadunt
1564 4491 1615 4543 in
1670 4505 1818 4543 mare
1863 4488 1931 4542 Κ.
1968 4490 2224 4545 Dominus
2259 4505 2345 4543 re-

2456 644 2499 695 T
2528 644 2763 698 vidimus
2792 643 2934 713 quod
2966 641 3095 697 Sion
3129 644 3444 711 spoliaverit
3474 659 3533 698 se
3564 644 3789 710 gloriam
3816 684 3830 705 ,
3866 659 4035 706 utram

2456 734 2646 788 habuit
2690 736 2757 786 ab
2803 735 2960 788 initio
2995 752 3008 788 :
3044 734 3253 789 idcirco
3297 749 3405 787 non
3461 734 3745 788 incanduit
3786 735 3850 789 C.
3888 734 3987 787 Iun
4014 751 4038 785 r

2458 827 2667 880 litteras
2697 827 2794 879 ΝΥ
2823 842 2932 880 non
2965 827 3217 881 scribatis
3251 827 3309 889 Ζ,
3330 826 3422 880 sed
3455 832 3628 894 magis
3655 843 3720 882 ex
3754 826 4037 896 superfluo

2457 921 2678 972 scribite
2709 920 2866 973 AOA.
2902 920 3015 974 AIA
3047 920 3161 974 scio
3193 919 3337 988 quod
3373 920 3587 973 scribas
3614 936 3678 973 es
3715 922 3923 984 temeti;
3948 934 4026 972 so.

2454 1010 2511 1065 In
2550 1012 2633 1065 his
2666 1012 2923 1065 Omnibus
2959 1019 3230 1063 memento
3257 1012 3321 1075 Α,
3349 1010 3545 1063 festina
3577 1018 3632 1061 ut
3658 1010 3871 1061 scribas
3906 1012 3947 1061 1.
3983 1022 4035 1063 et

2453 1103 2607 1158 dicas
2630 1103 2772 1172 quod
2794 1104 2963 1173 ipsius
2986 1103 3056 1158 sit
3079 1104 3363 1172 hucusque
3388 1104 3447 1157 Ε.
3469 1105 3731 1170 scriptum
3757 1112 3842 1156 est
3865 1104 4034 1155 INQX

2455 1197 2569 1264 ipse
2599 1196 2821 1266 scripsit
2854 1193 2894 1249 Ξ
2918 1237 2931 1257 .
2976 1205 3031 1247 ιιι
3062 1196 3106 1250 si
3140 1195 3404 1265 scriptum
3438 1208 3520 1250 est
3553 1196 3803 1250 similiter
3848 1207 3903 1250 rt
3946 1197 3989 1248 Κ
4017 1239 4031 1254 .

2454 1303 2670 1340 rursum
2712 1302 3010 1355 expansum
3055 1289 3255 1340 habeto
3297 1291 3358 1342 0.
3396 1288 3516 1341 Tibi
3543 1290 3913 1342 necessarittn
3954 1301 4036 1342 est

2457 1392 2745 1428 nttanerare
2768 1414 2782 1438 ,
2816 1386 2870 1430 ct
2913 1378 2993 1429 sic
3024 1378 3219 1430 iterum
3257 1379 3441 1431 scribo
3475 1378 3513 1431 Α
3556 1390 3603 1431 et
3638 1378 3776 1433 CliI.
3815 1379 3964 1432 Pone
3998 1380 4036 1430 Ω

2456 1480 2579 1522 ante
2603 1468 2790 1522 oculos
2821 1475 2967 1527 tuos.
3004 1476 3059 1520 ut
3094 1468 3229 1523 bene
3263 1469 3333 1522 sit
3366 1470 3562 1523 animae
3597 1482 3718 1523 tum.
3759 1469 4036 1525 Memento

2454 1560 2493 1613 C
2522 1600 2534 1616 .
2580 1559 2722 1627 quod
2755 1574 3031 1613 reversum
3068 1561 3139 1613 sit
3171 1560 3224 1613 in
3258 1560 3528 1616 Kalendas
3556 1601 3571 1621 ,
3607 1563 3750 1631 quod
3788 1574 3877 1615 est
3903 1560 4039 1614 ΞΘΟ

2453 1650 2568 1705 ΟΥ.
2598 1650 2868 1704 Memento
2892 1661 2947 1706 et
2973 1651 3153 1705 scribe
3179 1650 3241 1713 Ζ,
3276 1664 3494 1722 propter
3522 1652 3585 1717 K,
3613 1653 3759 1723 quod
3788 1661 3876 1707 est
3902 1654 4041 1705 scri-

2454 1754 2603 1814 ptum
2628 1784 2643 1808 ,
2676 1760 2783 1797 non
2818 1762 2927 1814 quo
2953 1761 3051 1816 ego
3081 1747 3174 1800 tibi
3214 1763 3357 1799 nunc
3387 1748 3561 1800 dicant
3588 1787 3601 1809 ,
3637 1748 3730 1800 sed
3760 1762 3873 1815 quo
3907 1761 4039 1800 roo-

2454 1839 2611 1891 fnlam
2638 1879 2652 1902 ,
2689 1838 2833 1907 quod
2870 1840 3008 1891 hanc
3041 1837 3184 1892 diem
3224 1839 3488 1893 audieris.
3524 1839 3561 1892 Ρ
3595 1853 3813 1891 rursum
3864 1839 4036 1891 tendit

2454 1947 2670 1984 manum
2706 1946 2860 1984 suam
2906 1931 2971 1983 ad
3009 1946 3107 1983 uos
3152 1931 3202 1983 in
3248 1933 3441 1985 diebus
3492 1932 3631 1984 istis.
3665 1933 3803 1984 Ante
3840 1934 4037 1982 oculos

2455 2034 2578 2075 tuos
2612 2039 2703 2076 cor
2735 2032 2980 2077 nostrum
3015 2023 3159 2078 dolet
3200 2039 3297 2091 pro
3327 2023 3400 2088 C,
3443 2024 3568 2089 quia
3603 2039 3727 2077 vere
3761 2035 3845 2075 est
3882 2023 3947 2075 C.
3984 2032 4037 2073 ει

2454 2128 2582 2168 sunt
2624 2116 2776 2168 obliti
2826 2115 3215 2170 Kalendarum.
3259 2116 3607 2185 101-102
3653 2113 3808 2180 Quod
3849 2126 4034 2167 autem

2453 2207 2753 2275 scripsistis
2785 2209 2823 2258 Α
2858 2206 2993 2266 Clll.
3026 2217 3079 2259 et
3110 2211 3253 2262 alius
3283 2220 3407 2262 ante
3442 2226 3538 2261 nos
3570 2209 3827 2263 fecithoc
3862 2209 4033 2270 idem,

2454 2311 2508 2353 et
2548 2300 2685 2352 dixit
2718 2317 2730 2350 :
2763 2298 2899 2353 Ecce
2931 2302 3083 2353 mitto
3111 2317 3200 2354 vos
3232 2301 3310 2354 sic
3342 2317 3457 2355 oves
3492 2301 3547 2353 in
3577 2302 3748 2356 medio
3782 2301 4036 2368 luporum

2455 2392 2675 2457 (Matth.
2707 2408 2735 2446 ι
2766 2434 2779 2453 .
2814 2391 2926 2460 l6).
2956 2392 3279 2446 Audivimus
3312 2407 3529 2446 rursum
3562 2393 3629 2447 de
3662 2393 3853 2456 ΕΙΝΩ,
3886 2392 4035 2459 quod

2453 2485 2574 2538 duae
2604 2492 2730 2539 sunt
2760 2487 3023 2539 molentes
3052 2486 3238 2549 simul;
3273 2500 3379 2538 una
3403 2493 3735 2552 assumatur,
3769 2494 3825 2539 et
3853 2487 4034 2541 altera

2456 2576 2813 2645 relinquatur.

2550 2704 2881 2762 EPISTOLA
2922 2708 2938 2739 ¹
2984 2708 3229 2764 PATRIS
3269 2708 3523 2765 NOSTRI
3563 2708 3930 2767 THEODORI

2727 2824 2808 2877 Ad
2844 2824 3024 2877 omnia
3057 2824 3387 2880 Monasteria
3419 2829 3481 2880 de
3513 2828 3746 2883 Pascha.

2522 2933 2637 2990 Xll.
2690 2937 3159 3007 Appropinquavit
3203 2939 3520 2994 solemuitas
3568 2957 3929 3007 arymorum.
3982 2944 4035 2995 in

2455 3042 2559 3095 qua
2610 3027 2813 3081 Pascha
2864 3029 3245 3084 celebrandum
3287 3041 3371 3083 est
3398 3073 3411 3093 ,
3460 3031 3528 3084 de
3573 3046 3683 3098 quo
3718 3041 3771 3083 et
3817 3031 4038 3102 Moyses

2457 3122 2676 3173 exeunti
2721 3122 2920 3189 populo
2956 3122 3023 3175 de
3054 3131 3196 3175 terra
3238 3120 3453 3192 Egypli
3498 3124 3750 3189 praecepit
3784 3123 3979 3178 dicens
4021 3142 4035 3176 :

2460 3213 2722 3267 Comedite
2765 3213 2899 3265 illud
2945 3230 3063 3267 cum
3108 3215 3251 3266 omni
3302 3214 3643 3281 festinatione
3678 3213 3881 3282 (Exod.
3919 3232 4037 3276 xu.

2464 3303 2572 3373 ll).
2614 3302 2788 3358 Josias
2826 3319 3041 3371 quoilue
3085 3320 3174 3358 rex
3215 3305 3393 3373 justus
3424 3306 3844 3374 diligentissime
3885 3310 4040 3362 cele-

2468 3397 2633 3450 lravit
2670 3396 2877 3449 Pasitba
2919 3397 2968 3459 in
3006 3396 3195 3449 diebus
3233 3398 3368 3461 suis,
3397 3406 3449 3450 et
3477 3400 3715 3452 studium
3747 3401 3869 3458 eius
3895 3404 4038 3454 huc-

2463 3505 2634 3557 usque
2669 3501 2921 3542 narratur
2948 3488 3049 3556 (ιγ
3077 3488 3200 3557 Reg.
3228 3493 3308 3553 tt).
3344 3488 3520 3557 Super
3546 3504 3656 3558 quo
3699 3504 3752 3543 et
3796 3493 4042 3558 Aposto-

2461 3583 2543 3635 lus
2574 3580 2813 3647 loquitur
2847 3598 2858 3634 :
2900 3578 3103 3631 Pascha
3145 3588 3380 3631 nostrum
3415 3581 3724 3633 immolatus
3760 3591 3837 3633 est
3876 3582 4039 3635 Chri-

2459 3681 2572 3723 stus
2614 3669 2665 3729 (Ι
2707 3670 2830 3725 Car.
2866 3686 2929 3732 ι’,
2964 3672 3039 3736 7).
3078 3671 3264 3738 Itaque
3307 3670 3441 3723 ineo
3487 3672 3619 3723 festa
3654 3673 4038 3737 celebremus,

2458 3764 2599 3817 sicut
2633 3771 2965 3829 praereptum
3014 3774 3096 3815 est
3146 3763 3326 3815 nobis.
3364 3762 3646 3833 Accingite
3688 3765 3906 3818 lumbos
3940 3782 4033 3817 ve-

2458 3866 2601 3907 stros
2626 3895 2639 3913 .
2679 3865 2732 3908 et
2764 3857 2998 3909 calceate
3035 3855 3197 3920 pedes
3231 3856 3619 3907 caleeamentis
3650 3862 3985 3923 et‘atigt‘i."ts
4022 3877 4036 3913 :

2460 3947 2723 3998 habentes
2748 3946 2974 3999 baculos
2996 3946 3047 3998 in
3077 3948 3355 4008 manibus,
3383 3956 3436 3999 ει
3462 3947 3568 3999 luet
3586 3962 3714 4001 ruas
3737 3963 4038 4017 amentes;

2460 4047 2515 4089 ut
2546 4038 2819 4105 possimus
2853 4039 3139 4090 comedere
3174 4036 3380 4090 Pascha
3414 4052 3538 4090 cum
3580 4037 3953 4100 festinatione,
3986 4052 4042 4093 et

2459 4129 2818 4181 ascendamus
2856 4129 2911 4180 in
2948 4126 3253 4180 Jerusalem
3302 4136 3429 4180 ante
3469 4142 3566 4181 sex
3608 4128 3725 4180 dies
3765 4126 3997 4182 Pascha:
4024 4169 4039 4189 .

2461 4219 2865 4272 sanctilicantes
2904 4219 3315 4286 nosmetipsos,
3368 4230 3427 4273 ut
3477 4228 3726 4271 sanctum
3777 4217 3926 4271 diem
3985 4224 4040 4271 in

2460 4313 2750 4365 sanctitate
2781 4310 3143 4373 celebremus,
3181 4310 3391 4379 absque
3433 4309 3638 4362 malitia
3671 4318 3724 4361 et
3765 4310 4041 4373 nequitia,

2468 4401 2521 4453 in
2557 4401 2917 4455 sanctimonia
2952 4411 3005 4454 et
3036 4401 3265 4454 veritate
3292 4439 3307 4463 ,
3348 4414 3454 4468 qua
3492 4400 3748 4468 praecepit
3788 4399 3947 4453 nobis
3990 4413 4043 4453 et

2474 4493 2791 4561 Apostolus,
2818 4500 2870 4545 et
2903 4492 3059 4544 l’ater
3089 4502 3292 4554 noster,
3317 4506 3348 4543 a
3373 4504 3482 4559 quo
3510 4492 3895 4543 coenobiorum
3931 4493 4042 4543 vita

788 4588 965 4658 spexit
1006 4588 1075 4641 de
1105 4583 1359 4639 cazlo.A.
1402 4582 1516 4636 Non
1567 4590 1654 4636 est
1703 4582 1842 4635 ultra
1875 4581 2143 4650 sapientia
2186 4582 2239 4634 in
2282 4590 2355 4639 te.
2390 4611 2437 4669 ιι
2466 4583 2687 4638 fundata
2741 4596 2823 4636 est
2860 4584 2904 4637 ¹.
2960 4583 3029 4636 Ut
3074 4584 3277 4650 pariter
3321 4596 3722 4650 congregemur
3763 4584 3818 4634 in
3861 4597 3999 4649 pace
4027 4623 4039 4643 ,

788 4683 1032 4738 ΜΑΝΥΤ
1059 4681 1240 4734 Placet
1268 4679 1496 4731 Domino
1523 4678 1576 4728 in
1604 4676 1688 4728 his
1710 4674 1803 4743 qui
1830 4675 2021 4727 timent
2045 4675 2354 4727 Dominum.

785 4778 977 4832 (ΣΘοΜ
1017 4776 1281 4842 Exsurge,
1312 4771 1505 4842 utquid
1569 4769 1833 4823 dormitas
1856 4811 1870 4833 ,
1905 4767 2173 4823 Domine?
2203 4769 2245 4822 Θ
2274 4784 2361 4822 sa-

790 4873 1029 4940 pienltlm
1068 4867 1210 4922 oeuli
1250 4868 1301 4919 in
1346 4866 1525 4931 capite
1570 4876 1784 4915 eorum.
1835 4860 2082 4912 Arrabou
2124 4868 2207 4913 est
2262 4874 2357 4927 pa-

791 4964 980 5016 tientia
1032 4958 1306 5029 pauperis.
1357 4955 1550 5010 ΗΘΑΜ
1605 4953 1811 5006 Laetitia
1862 4952 2134 5019 justorum
2182 4950 2359 5005 lacere

787 5053 1075 5122 judicium.
1108 5050 1148 5103 Ν
1183 5048 1325 5103 filius
1350 5047 1569 5116 sapiens
1592 5046 1881 5113 judicium.
1906 5042 1996 5096 ΦΥ
2023 5044 2179 5097 dolor
2205 5044 2357 5098 stulti

789 5154 873 5198 est
899 5144 1129 5197 delicere
1158 5140 1521 5209 disciplinam.
1548 5136 1591 5189 Τ
1616 5135 1770 5188 aufer
1798 5138 2178 5189 vestimentum
2211 5137 2355 5203 ejus;

793 5234 1087 5302 praeteribit
1117 5234 1261 5286 enim
1299 5231 1597 5300 injuriosus
1628 5228 1738 5289 ΥΦ,
1786 5240 1837 5279 et
1870 5226 1994 5281 aliis
2027 5226 2187 5280 faciet
2226 5242 2358 5281 con-

789 5322 1093 5377 tumeliam.
1128 5321 1241 5374 ΕΝ.
1276 5320 1593 5373 Thesaurus
1640 5317 2018 5372 desiderabilis
2070 5318 2354 5385 requiescit

792 5416 842 5467 in
894 5430 988 5467 ore
1034 5412 1315 5482 sapientis.
1357 5412 1461 5463 ΚΜ
1508 5426 1789 5479 usqncqao
1837 5410 2061 5478 respicis
2113 5424 2354 5463 conteru-

794 5516 1008 5575 ptores,
1050 5513 1103 5556 et
1134 5502 1379 5556 tacebis?
1408 5500 1576 5554 ΤΜᾹ.
1617 5499 1940 5555 Defecerunt
1982 5499 2124 5552 oculi
2157 5500 2260 5553 mei
2299 5499 2353 5552 in

868 5665 883 5691 '
923 5658 1110 5715 Plures
1144 5661 1453 5729 huiusmodi
1502 5659 1758 5728 epistolas
1809 5676 1835 5711 a
1880 5658 2171 5712 Theodoro
2222 5675 2356 5713 con—

794 5732 1053 5799 scriptas,
1083 5748 1279 5799 easque
1308 5745 1611 5786 sanctarum
1664 5729 2065 5796 Scriptururum
2116 5744 2352 5781 sermone

795 5805 1046 5866 digestas.
1074 5802 1380 5853 Gennadius
1419 5814 1682 5854 metnoz'at
1718 5817 1836 5869 Cap.
1872 5801 1924 5853 8.

871 5874 889 5901 ι
928 5872 1251 5929 ι’.ι‹;1ιυιιι1ιιε
1290 5886 1478 5940 nempe
1503 5908 1516 5933 ,
1550 5876 1703 5936 cujus
1744 5876 1902 5924 tettlo
1940 5882 2157 5940 quoque
2189 5869 2352 5922 verbo

2458 4678 2610 4743 juxta
2644 4677 2908 4730 terminos
2934 4691 3073 4744 quos
3106 4677 3384 4744 praeterire
3419 4675 3573 4730 nefas
3600 4686 3683 4731 est
3712 4693 3726 4729 :
3760 4688 3818 4729 ut
3852 4679 3947 4732 nul
3976 4697 4043 4732 us

2465 4776 2705 4818 nostrum
2739 4769 2945 4833 absque
2973 4766 3335 4834 dispositione
3363 4769 3625 4835 majorum
3660 4770 3714 4821 in
3750 4780 4041 4824 monaste-

2462 4856 2558 4910 riis
2600 4871 2883 4910 remanere
2918 4858 3230 4920 desideret;
3267 4866 3322 4909 ut
3362 4860 3749 4911 convenientes
3774 4899 3788 4920 .
3829 4862 4041 4929 abeque

2464 4956 2729 5012 precepto
2773 4944 3038 5013 majorum
3094 4961 3199 4998 non
3250 4946 3492 4999 veniant.
3527 4945 3638 5001 Nos
3678 4965 3900 5019 quoque
3941 4968 4036 5021 qua

2464 5036 2711 5090 videmur
2740 5040 3018 5105 pnepositi
3047 5052 3171 5091 esse
3202 5038 3486 5100 fratribus,
3513 5049 3567 5091 et
3595 5050 4041 5098 Conversattonis

2459 5145 2649 5183 eormn
2682 5132 2972 5185 ostendere
3006 5132 3246 5201 regulas,
3275 5132 3485 5200 absque
3518 5138 3848 5187 necessitate
3879 5143 4038 5204 gravi

2462 5236 2569 5272 non
2611 5236 2703 5275 eos
2745 5222 3016 5289 patiamur
3053 5224 3288 5276 residere
3326 5226 3474 5278 domi
3516 5244 3532 5283 ;
3571 5242 3669 5280 nec
3712 5241 3809 5294 pro
3844 5240 4041 5282 nostra

2466 5314 2752 5366 occasione
2795 5314 3077 5367 Paschalis
3130 5314 3440 5384 frequentia
3482 5319 3803 5379 deseratur;
3854 5330 3916 5370 ut
3955 5336 4040 5371 m-

2466 5405 2745 5457 vcuiamur
2776 5421 3045 5462 evacuare
3084 5420 3345 5477 praecepta
3384 5407 3562 5461 Patris
3595 5410 3809 5473 nostri;
3848 5412 3947 5463 sed
3983 5421 4042 5466 ut

2463 5500 2680 5552 contriti
2721 5517 2780 5553 ea
2819 5518 2936 5568 qua:
2970 5503 3173 5571 scripta
3209 5512 3338 5556 sunt
3369 5503 3439 5556 ab
3470 5518 3555 5563 eo.
3602 5519 3847 5557 normam
3891 5508 4041 5561 veri-

2464 5657 2711 5710 meminit
2749 5661 2799 5709 in
2843 5661 2941 5710 liae
2992 5661 3259 5726 epistola,
3302 5660 3758 5726 quemadmodum
3792 5672 3849 5715 et
3888 5661 4041 5716 Gen-

2463 5728 2621 5778 nadio
2658 5740 2897 5780 no'atum
2940 5740 3058 5790 est,
3092 5746 3211 5797 cap.
3251 5731 3507 5787 laudato.
3543 5732 3682 5794 quod
3733 5729 4046 5797 frequenter

2464 5798 2751 5847 meminerit
2802 5800 3036 5865 magistri
3085 5810 3133 5850 et
3180 5802 3497 5850 tnstitutoris
3544 5801 3626 5850 sui
3679 5798 3961 5856 Pacltomti
3993 5816 4042 5857 et

2462 5868 2716 5923 doctrinm
2746 5884 2856 5935 ejus
2888 5884 2950 5919 uc
2984 5882 3102 5921 t‘tla'
3133 5872 3460 5937 proposuerit
3496 5870 3753 5936 exemplo.
