4212 6448
222 424 325 488 105
549 424 1185 490 INTERPRETATIO
1231 422 1443 485 ιιιιιιῐ
1476 422 1745 482 ῡίῡΥΜῐ
1802 420 1895 480 DE
1927 415 2244 477 SPlRl'l‘U
2284 412 2701 476 SANCTO.—
2730 407 3176 472 ADXIONITIO
3395 399 3499 467 106

222 534 347 587 tatis
373 541 672 604 putemus;
700 543 754 588 et
784 533 1121 603 gloriﬁcetur
1147 532 1309 597 Deus,
1335 533 1428 602 qui
1462 533 1641 599 posuit
1665 530 1805 585 sicut
1840 540 1875 593 Α
1909 535 2059 579 ciant
2092 527 2402 579 terribilem
2443 525 2827 579 remissionem
2862 532 3218 592 peccatorum
3242 560 3257 585 ,
3290 529 3341 573 ct
3373 535 3500 588 gra-

223 641 347 679 ores
381 626 649 679 familias.
685 622 913 678 Videant
944 624 1098 688 recti,
1133 633 1186 677 ct
1222 624 1509 687 laetentur;
1543 632 1596 676 et
1628 622 1809 674 ownis
1921 621 2048 673 tiam
2087 618 2390 685 spiritualis
2426 618 2666 686 mysterii
2696 659 2710 679 ,
2757 619 2979 671 audiant
3014 631 3112 685 per
3154 630 3255 668 vos
3282 650 3299 677 ,
3348 611 3497 683 quod

220 718 485 785 iniquitas
514 720 735 772 obturet
758 734 858 774 cor
884 734 1065 771 suum.
1100 718 1170 773 Ut
1201 732 1396 771 omnes
1429 733 1552 780 nos,
1584 726 1808 769 senatus
1918 711 2045 765 flere
2078 712 2311 765 debeant
2336 720 2388 764 et
2416 711 2604 777 lugere
2639 710 2860 777 antiqua
2897 718 3115 774 peccata
3144 751 3157 774 ,
3197 721 3252 761 et
3288 721 3499 777 praepes

218 811 449 865 ﬁliarum
490 812 702 875 lsrael,
739 821 792 865 et
831 827 956 865 cum
1002 814 1081 865 eis
1131 810 1356 863 secundi
1405 810 1689 861 veniamus
1740 810 1803 862 ad
1916 818 2041 855 rare
2071 818 2129 855 se
2165 802 2586 857 sanetiticationi
2622 802 2932 854 animarum
2971 810 3023 851 et
3055 815 3346 867 corporum
3380 839 3395 862 ,
3437 804 3496 850 ut

220 900 456 963 Paetina.
491 912 550 955 ct
582 903 771 957 nollus
801 918 831 957 e
864 901 1027 956 nobis
1061 901 1303 972 reliquus
1338 900 1672 962 inveniatur,
1710 902 1802 967 qui
1922 893 2133 963 possint
2186 896 2460 948 sustinere
2515 894 2835 962 sanguinem
2902 902 2955 945 et
3011 908 3215 959 corpus
3277 890 3490 945 Domini

220 1010 319 1047 non
368 994 607 1064 impleat
646 996 912 1049 terminus
959 994 1134 1049 Patris
1171 996 1341 1049 nostri
1379 1013 1393 1049 :
1430 1005 1478 1047 et
1517 994 1805 1063 dispensa-
1918 987 2215 1041 S-Ilvawris
2253 1003 2265 1039 :
2302 990 2365 1039 tlc
2414 1004 2522 1055 quo
2577 993 2740 1040 etiam
2789 988 3063 1055 cogitasse
3106 986 3335 1040 terroris
3389 998 3493 1040 est.

218 1096 360 1140 tores
415 1089 892 1141 monasteriorum
958 1096 1012 1142 et
1063 1089 1353 1142 domorum
1405 1087 1703 1156 pra'pOslll,
1756 1096 1809 1141 et
1916 1081 2121 1135 Gtt-tera
2154 1090 2332 1133 autent
2367 1094 2487 1145 qua:
2525 1079 2703 1131 facere
2740 1081 3003 1142 debeatis.
3044 1080 3255 1144 Optime
3292 1077 3491 1140 nosﬁs,

216 1181 392 1233 amnis
421 1182 564 1233 ordo
599 1179 855 1246 fratrum,
884 1182 1244 1249 universaque
1276 1182 1518 1235 membra
1549 1180 1601 1233 in
1638 1197 1805 1234 unum
1917 1193 2018 1231 nec
2049 1192 2267 1231 necesse
2294 1188 2375 1229 est
2406 1190 2500 1244 per
2530 1175 2813 1243 epistolam
2845 1189 3195 1229 eommonere
3229 1192 3243 1228 :
3272 1185 3329 1229 ut
3358 1190 3494 1244 prte-

217 1288 412 1341 torpus
445 1284 685 1338 coeant,
720 1284 778 1325 ut
808 1274 1079 1328 suscitent
1112 1274 1373 1341 templum
1409 1272 1523 1327 Dei.
1562 1272 1809 1344 Cougre-
1913 1270 2117 1339 paretis
2150 1284 2244 1322 vos
2286 1270 2339 1321 in
2385 1278 2631 1338 tempore
2664 1269 2986 1329 constituto.
3017 1270 3162 1337 quod
3201 1270 3363 1325 Pater
3392 1284 3494 1325 no-

216 1380 406 1433 gemur
454 1374 645 1417 autem
691 1364 747 1417 in
789 1380 920 1432 pace
960 1378 1126 1433 atque
1171 1366 1463 1419 concordia
1508 1382 1523 1421 :
1563 1376 1619 1419 ut
1670 1367 1804 1417 lines
1918 1375 2030 1414 ster
2058 1363 2350 1430 disposuit.
2384 1361 2495 1414 Nos
2521 1371 2573 1413 i-t
2602 1377 2793 1417 omnes
2829 1362 3045 1422 fratres,
3081 1364 3171 1431 qui
3203 1364 3489 1419 nobiscum

218 1468 535 1508 sanctorum
562 1465 622 1509 ct
652 1456 828 1509 Patris
858 1458 1027 1510 nostri
1056 1459 1270 1526 regulas
1307 1458 1653 1525 impleamus.
1694 1458 1800 1508 Sed
1918 1466 2066 1519 sunt,
2092 1470 2188 1508 vos
2214 1457 2485 1523 impendio
2514 1456 2837 1517 salutamus,
2864 1467 2918 1509 et
2947 1458 3262 1511 universam
3296 1457 3495 1511 frater-

216 1558 266 1600 et
295 1549 692 1602 catecliumeui
727 1549 820 1617 qui
853 1559 982 1602 sunt
1012 1549 1062 1601 iu
1096 1549 1449 1604 monasteriis
1475 1587 1489 1613 ,
1524 1558 1579 1603 et
1611 1562 1803 1616 exspe-
1920 1546 2142 1599 nitatem
2178 1562 2299 1615 quae
2329 1545 2381 1598 in
2413 1547 2612 1602 vestris
2645 1558 2727 1601 est
2762 1548 3135 1603 monasteriis.

801 2062 932 2176 S.
1015 2061 1731 2176 EUSEBII
1809 2061 2900 2178 HIEBONYMI

1356 2330 1865 2390 STRIDONENSIS
1904 2331 2343 2389 PRESBYTER!

619 2525 1470 2677 INTERPRETATIO
1562 2528 1845 2675 LIBRI
1943 2528 2313 2675 Dllll’lll
2401 2521 3114 2676 ALEXANDRINI

782 2858 1054 2975 DE
1146 2856 2009 2976 SPIRITU
2112 2856 2924 2979 SANCTO

1610 3303 2075 3365 ADMONITIO.

280 3474 554 3547 Didymus
579 3473 1008 3539 Alexandrinus,
1031 3473 1125 3543 qui
1156 3473 1486 3531 miraculum
1513 3471 1596 3530 sui
1632 3470 1881 3542 praebuit,
1909 3468 2052 3536 quod
2087 3478 2280 3538 captus
2308 3486 2335 3523 a
2372 3486 2537 3541 parva
2564 3482 2725 3529 aetate
2751 3474 2951 3540 oculis,
2984 3475 3342 3549 ipsorumque
3365 3483 3477 3537 ele-

211 3577 521 3619 mentorum
552 3564 801 3633 igoarus,
828 3561 975 3614 omni
1000 3570 1181 3615 tamen
1208 3562 1565 3617 scientiarum
1592 3574 1812 3628 genere,
1834 3559 2010 3625 iisque
2033 3558 2198 3611 etiam
2225 3575 2344 3623 que
2372 3562 2609 3615 maxime
2632 3562 2751 3617 visu
2780 3563 3047 3633 indigent,
3075 3566 3236 3622 fuerit
3260 3572 3473 3639 expoli-

205 3663 325 3717 tus,
361 3655 510 3706 inter
541 3662 741 3703 cetera
770 3663 894 3718 quae
926 3648 1131 3717 ingenii
1163 3651 1245 3703 sui
1282 3650 1506 3719 reliquit
1540 3654 1891 3702 monumenta
1913 3684 1927 3707 ,
1965 3645 2108 3698 hunc
2138 3650 2200 3698 de
2235 3647 2438 3713 Spiritu
2470 3658 2655 3703 sancto
2688 3650 2894 3704 librum
2935 3651 3204 3723 frequenti
3244 3657 3471 3714 fratrum

210 3740 602 3794 exhortatione
637 3736 964 3804 compulsus
995 3748 1077 3790 est
1111 3738 1373 3805 scribere,
1407 3748 1467 3791 ut
1495 3737 1871 3790 nommllorum
1901 3743 2205 3786 commenta
2236 3734 2512 3790 refelleret
2537 3736 2685 3791 circa
2720 3738 2983 3808 Spiritum
3028 3753 3303 3810 sanctum,
3339 3762 3466 3815 qua!

209 3842 388 3895 neque
423 3829 478 3879 in
512 3825 828 3893 Scripturis
856 3823 1015 3887 lecta,
1040 3840 1216 3892 neque
1243 3840 1270 3877 a
1301 3840 1576 3894 quoquam
1608 3820 2107 3876 ecclesiasticorum
2135 3829 2375 3876 veterum
2410 3824 2624 3878 fuerant
2650 3837 2930 3894 usurpata.
2950 3828 3338 3901 Hieronymus,
3369 3836 3460 3903 qni

213 3917 426 3985 Didymi
457 3914 832 3968 eruditionem
864 3928 987 3964 cum
1016 3914 1207 3980 primis
1243 3923 1326 3969 est
1358 3912 1681 3971 admiratus.
1707 3925 1879 3979 eoque
1913 3909 2173 3977 magistro
2206 3925 2337 3964 usus
2362 3912 2724 3975 Alexandriae,
2754 3917 2987 3984 primum
3024 3920 3241 3985 quidem
3277 3921 3467 3988 impel-

207 4005 350 4057 lente
386 4002 629 4055 Damaso
661 4000 910 4053 Romano
937 3998 1219 4060 l’ontilice,
1246 4015 1367 4052 cum
1408 3996 1591 4052 Romae
1621 4008 1825 4065 ageret,
1859 3997 2068 4052 Latinis
2104 4000 2253 4053 illum
2288 4000 2473 4055 verbis
2503 4012 2743 4071 cmperat
2765 4003 3058 4071 explicare,
3085 4007 3280 4060 deinde
3308 4007 3475 4065 Jeru-

209 4091 479 4159 solymam
512 4085 861 4155 postliminio
893 4100 1169 4149 reversus,
1201 4084 1505 4138 Pauliniani
1543 4083 1728 4137 fratris
1765 4085 2003 4144 hortatu.
2035 4100 2099 4137 ex
2132 4086 2343 4154 integro
2376 4090 2539 4143 vertit
2570 4101 2735 4158 atque
2765 4092 2954 4145 edidit.

279 4175 600 4243 Singularis
636 4188 803 4241 porro
845 4182 929 4225 est
967 4172 1103 4225 liber
1130 4210 1144 4234 ,
1185 4171 1641 4240 quemadmodum
1683 4182 1736 4225 et
1774 4170 2133 4241 Hieronymus
2169 4174 2285 4240 ipse
2320 4174 2533 4242 quoties
2574 4189 2698 4229 eum
2745 4177 2966 4243 laudat,
3003 4187 3063 4233 ut
3098 4178 3151 4233 in
3196 4181 3463 4251 Catalogo

208 4280 325 4332 cap.
356 4263 487 4325 N9,
518 4262 573 4315 et
604 4261 743 4314 libro
774 4275 811 4312 ιι
841 4260 893 4311 in
926 4259 1183 4312 Ruﬁnum
1214 4268 1306 4312 :et
1332 4274 1471 4316 mss.
1496 4258 1714 4312 codices
1745 4267 2014 4327 quotquot
2045 4260 2405 4327 inspeximus,
2429 4263 2745 4316 testimonio
2779 4274 2929 4319 sunt.
2956 4266 3294 4335 Augustinus
3321 4284 3465 4337 quo-

208 4369 317 4419 quc
348 4352 443 4404 lib.
480 4366 515 4403 ιι
546 4349 918 4412 Ωυιεειίοιιιιιιι
950 4348 1003 4399 in
1029 4346 1303 4411 Exedunt,
1330 4362 1451 4415 cap.
1483 4346 1573 4411 25,
1600 4346 1871 4416 Nieeplmr

1802 4362 1940 4399 lorus
1968 4346 2003 4399 Ι.
2041 4364 2092 4401 ix
2117 4362 2233 4415 cap.
2272 4350 2356 4409 l7,
2387 4360 2441 4403 et
2467 4348 2824 4413 Ranramnus.
2854 4355 2956 4422 qui
2989 4355 3465 4422 llieronymianam

217 4440 358 4493 hanc
395 4440 578 4507 ipsam
612 4437 918 4489 versiOnem
958 4434 1119 4504 legit,
1162 4444 1350 4487 contra
1397 4434 1603 4490 (ἔνατος
1638 4434 1737 4486 lib.
1770 4450 1804 4486 ll
1836 4450 1954 4503 cap.
1990 4436 2023 4489 5
2047 4476 2060 4499 ,
2097 4437 2316 4490 unicum
2356 4437 2549 4508 lilgrum
2583 4452 2815 4506 vocant;
2854 4418 2949 4497 nec
2980 4444 3081 4498 nisi
3120 4418 3466 4502 incommoda

210 4526 513 4596 περιεργίᾳ
551 4524 755 4577 factum
788 4532 895 4584 est,
927 4532 982 4574 ut
1009 4530 1199 4576 contra
1233 4522 1478 4576 auctoris
1503 4531 1668 4590 atque
1694 4520 2009 4588 interpretis
2034 4532 2266 4575 mentem
2299 4522 2363 4575 ad
2396 4522 2531 4575 hanc
2558 4538 2731 4592 usque
2756 4525 2907 4579 diem
2940 4528 3011 4581 ab
3031 4529 3335 4585 editoribus
3359 4533 3467 4588 cri-

209 4618 445 4682 ticisqne
479 4620 533 4664 tn
569 4621 682 4665 tres
710 4612 882 4664 libros
921 4609 1079 4678 vulgo
1111 4610 1278 4663 fuerit
1305 4609 1645 4678 dispertitus.
1678 4607 1799 4678 Ipsa
1826 4608 1989 4661 etiam
2024 4609 2286 4663 librorum
2318 4610 2592 4665 distinctio
2634 4610 2861 4668 fortuita
2891 4625 2973 4669 est
3000 4628 3165 4687 atque
3198 4620 3413 4676 inutilis
3441 4637 3459 4689 ;

209 4718 330 4755 nam
362 4699 603 4767 exempli
638 4698 810 4766 gratia
838 4738 853 4757 ,
892 4698 1088 4750 tertius
1122 4698 1261 4750 liber
1296 4711 1327 4749 e
1358 4698 1533 4749 media
1565 4696 1869 4765 prophetici
1906 4695 2006 4751 loci
2038 4697 2379 4765 expositione
2410 4698 2626 4751 initium
2666 4699 2855 4767 jussus
2888 4714 2973 4757 est
3013 4722 3233 4760 sumere
3262 4748 3276 4769 ,
3314 4712 3464 4777 quod

210 4790 399 4840 vitium
434 4795 522 4839 est
556 4787 622 4836 ab
651 4783 856 4836 eruditi
903 4783 1187 4849 scriptoris
1221 4782 1441 4850 ingenio
1479 4782 1904 4838 alienissimum.
1937 4783 2040 4838 Sed
2081 4786 2133 4837 in
2170 4795 2277 4838 tres
2314 4785 2533 4849 quidem
2571 4796 2754 4853 partes
2782 4830 2797 4853 ,
2827 4800 2921 4844 aut
2955 4793 3130 4859 capita
3169 4799 3465 4852 commode

209 4878 383 4943 possit
414 4872 714 4934 dismbui;
750 4886 874 4924 nam
903 4873 1076 4939 primo
1110 4870 1376 4938 Spiritum
1411 4881 1662 4925 sanctum
1694 4870 1924 4925 diversa:
1952 4872 2020 4924 ab
2050 4871 2253 4940 angelis
2288 4881 2495 4926 natura:
2525 4890 2646 4927 esse
2676 4877 2861 4931 multis
2892 4882 3230 4947 argumentis
3286 4899 3348 4935 ac
3385 4895 3465 4937 tu-

208 4963 489 5015 stimoniis
522 4958 841 5022 constituit;
876 4958 1070 5013 deinde
1098 4959 1218 5027 ejus
1249 4974 1464 5028 quoque
1498 4960 1733 5013 nominis
1767 4960 2166 5014 invocationem
2205 4962 2257 5013 in
2303 4962 2576 5029 baptismo
2610 4968 2976 5022 necessariam
3010 4973 3224 5037 probat,
3266 4982 3325 5026 ut
3362 4974 3465 5027 im-

208 5049 446 5117 perfecte
480 5047 738 5116 baptizet,
764 5060 939 5112 neque.
971 5045 1106 5097 adeo
1137 5061 1166 5098 α
1204 5059 1427 5112 peccato
1458 5046 1674 5109 liberet,
1702 5048 1795 5115 qui
1827 5047 2108 5101 reticuerit
2142 5065 2154 5099 :
2190 5049 2354 5103 tertio
2386 5050 2774 5106 indivisibilem
2803 5070 2924 5108 esse
2959 5057 3131 5116 illum.
3162 5072 3328 5128 atque
3365 5059 3460 5113 im.

206 5136 526 5206 passibilem
556 5170 570 5193 ,
612 5132 753 5185 l’alri
791 5146 854 5185 ac
886 5129 1022 5183 Filio
1054 5131 1379 5199 ὁμοούσιον,
1417 5145 1579 5201 atque
1609 5134 1730 5187 aliis
1765 5134 1961 5189 divina:
1992 5138 2313 5191 substantia:
2343 5139 2617 5194 attributis
2654 5140 2938 5208 prteditum
2972 5144 3157 5199 docet.

272 5224 502 5279 ϐιαιως
533 5220 749 5292 Didymi
785 5229 968 5274 textus
1003 5220 1306 5281 intercidit,
1334 5236 1571 5290 eumque
1606 5220 1835 5277 fortasse
1862 5239 1891 5277 c
1922 5224 2205 5278 doctorum
2238 5228 2489 5281 manibus
2524 5229 2771 5282 excussit
2802 5231 3263 5305 ipsaﬂieronymi
3299 5238 3467 5293 inter.

202 5312 445 5380 pretatio
472 5325 491 5375 ;
522 5311 591 5363 de
620 5308 775 5372 cujus
812 5316 992 5360 tamen
1027 5308 1283 5360 lidelitate
1317 5323 1425 5361 non
1463 5311 1596 5361 satis
1629 5311 1879 5365 consulte
1916 5312 2173 5365 videntur
2211 5314 2460 5366 nonnulli
2507 5314 2811 5379 detrahere,
2843 5318 2969 5370 dum
3004 5322 3170 5375 multa
3193 5362 3209 5387 ,
3250 5341 3367 5393 quze
3398 5327 3469 5380 ab

202 5399 579 5453 Alexandrino
606 5405 835 5479 auctore
874 5395 1014 5449 haud
1055 5396 1450 5463 processerint,
1478 5407 1688 5460 assuta,
1717 5399 1993 5466 multaque
2027 5400 2155 5464 alia,
2188 5412 2239 5452 et
2268 5403 2537 5469 praecipue
2564 5400 2879 5471 Origeniani
2914 5406 3204 5475 dogmatis,
3232 5414 3318 5465 cui
3346 5424 3468 5467 era;

204 5489 465 5541 addictus
501 5486 697 5539 menda
736 5491 990 5553 purgata,
1029 5484 1096 5536 ab
1134 5483 1435 5551 interprete
1470 5485 1987 5538 comminiscuntur.
2028 5486 2287 5555 Exiguam
2325 5503 2455 5541 sane
2486 5492 2755 5543 rationem
2790 5507 2911 5546 esse
2943 5496 3101 5549 velim
3136 5497 3274 5565 ejus,
3313 5502 3461 5567 quod

202 5588 387 5627 tamen
425 5576 759 5642 prscipnum
797 5579 914 5629 est.
951 5571 1258 5637 argumenti
1297 5587 1363 5625 ex
1404 5573 1690 5638 ὁμῡουσιου
1719 5613 1735 5638 ,
1776 5583 1865 5626 ett

1802 5583 1829 5624 :t
1856 5572 2212 5639 ἀνομοουσίου
2246 5576 2492 5639 vocibus,
2517 5591 2545 5630 ει
2580 5578 2780 5645 quibus
2815 5581 3127 5636 Adamantii
3162 5596 3465 5643 sectatores

204 5667 445 5714 multum
480 5659 821 5713 contendunt
852 5657 1234 5710 abhorruisse.
1269 5656 1402 5710 Nam
1432 5672 1610 5725 neque
1639 5659 1709 5711 ita
1745 5658 1978 5723 singulis
2009 5661 2351 5728 Urigcniante
2387 5666 2673 5716 sententiae
2699 5666 2969 5730 capitibus
3004 5669 3266 5737 Didymus
3298 5671 3466 5727 fucoit

203 5749 507 5801 obstrictus
541 5755 599 5799 ut
631 5745 763 5798 nihil
795 5745 962 5797 licere
994 5742 1099 5795 sibi
1134 5744 1435 5812 putaverit,
1475 5758 1652 5813 neque
1683 5745 1727 5797 si
1765 5746 1900 5797 nilnil
1940 5757 2198 5815 praetcrea
2234 5763 2402 5801 ausus
2435 5759 2539 5814 est,
2573 5754 2793 5819 quando
2827 5755 2946 5820 ejus
2984 5756 3235 5811 Grzecum
3273 5776 3463 5813 exem.

205 5838 326 5905 plur
356 5836 723 5893 desideratur,
759 5831 977 5900 probari
1016 5830 1125 5883 ullo
1162 5832 1323 5886 modo
1357 5830 1555 5901 possit.
1592 5830 1803 5888 Cmtcra
1839 5849 1961 5903 qua:
1998 5835 2048 5885 in
2087 5849 2205 5887 eam
2249 5850 2360 5887 rem
2396 5834 2743 5891 adducuntur
2776 5838 2934 5908 longe
2964 5854 3095 5896 sunt
3133 5846 3466 5903 inﬁrmiora.

536 5930 798 5987 ναῖκι..
846 5924 1063 5985 XXlll.

3057 5936 3092 5996 4
