4212 6478
750 437 850 501 107
1900 429 1959 490 S.
2000 422 2319 485 EUSEBII
2347 418 2790 483 HlERONYMl
3891 410 3990 476 103

810 554 1050 621 Tempus
1071 587 1087 612 ,
1119 547 1209 601 cui
1242 543 1553 614 llieronymi
1586 541 1769 597 versio
1799 541 1993 597 isthaee
2029 539 2102 594 sit
2133 534 2458 592 aseribenda
2486 572 2504 600 ,
2555 551 2661 588 non
2696 549 2806 589 uno
2836 534 3053 605 proprie
3086 544 3231 621 anno
3261 530 3645 621 concluditur,
3683 542 3739 621 ut
3775 541 3991 585 caeterzs

751 616 1074 698 tractatibus
1103 634 1275 689 ferme
1308 631 1583 686 usuvenit.
1622 631 1840 698 lncepta
1873 642 2066 695 nempe
2095 634 2179 679 est
2208 622 2395 676 Roma:
2426 637 2572 675 anno
2597 622 2723 685 38t,
2756 631 2814 673 ut
2843 636 2907 674 ex
2943 620 3109 689 ipsius
3140 616 3467 672 Praefatioue
3500 616 3817 686 planissime
3858 632 3987 669 con-

748 739 844 784 stat
870 766 886 791 ,
926 739 1051 779 cum
1095 720 1371 776 Damasus
1403 718 1712 782 adviveret,
1746 717 1835 785 qui
1868 715 1971 768 sub
2001 711 2241 781 ejusdem
2275 712 2403 766 anni
2444 714 2605 767 linem
2641 711 2786 765 diem
2818 711 2977 764 obiit.
3008 710 3168 764 Certe
3199 723 3305 762 non
3340 707 3485 760 aliud
3519 708 3586 760 ab
3618 709 3718 759 isto
3774 706 3989 777 Didymi

746 820 1006 888 npiisculo
1035 858 1054 884 ,
1088 816 1232 886 quod
1263 816 1365 869 sibi
1398 812 1835 869 transferendum
1868 806 2283 878 proposuisset.
2317 806 2533 861 videtur
2569 806 2725 859 nobis
2760 805 2989 858 innuere
3014 843 3029 869 ,
3057 818 3181 858 cum
3216 802 3291 855 ait
3324 801 3384 855 S.
3425 799 3647 865 Doctor,
3688 802 3901 888 garrire
3933 816 3993 853 se

756 887 959 978 aliquid
995 905 1232 958 voluisse
1266 905 1327 956 de
1359 900 1564 970 Spiritu
1600 908 1810 958 sancto,
1842 907 1890 950 et
1921 905 2145 963 emptum
2177 895 2490 961 opusculum
2522 894 2755 963 ejusdem
2783 891 3087 961 (Romanm)
3121 890 3267 943 urbis
3305 888 3556 958 Ponti/ici
3585 892 3851 943 dedicare.
3881 887 3990 942 Sed

746 977 854 1052 non
894 1006 1017 1049 ante
1048 1008 1249 1047 annum
1283 987 1386 1045 389
1414 989 1629 1042 videtur
1660 987 1936 1049 absoluta,
1974 1000 2098 1039 cum
2124 983 2443 1037 aunulorum
2480 984 2738 1036 invidiam
2772 980 3053 1035 declinans
3074 1020 3089 1043 ,
3123 978 3516 1048 Hierosolyma:
3547 992 3607 1030 se
3646 977 3989 1045 recepisset,

752 1086 1061 1153 pariterque
1097 1087 1242 1133 esset
1275 1076 1543 1131 Bethlemi
1578 1092 1699 1130 eum
1735 1073 2058 1128 Pauliniano
2089 1071 2297 1134 fratre,
2335 1070 2501 1125 Paula
2531 1079 2585 1124 et
2615 1066 2936 1123 Eustochio.
2972 1066 3235 1121 Eumdem
3274 1067 3398 1134 plus
3434 1064 3615 1117 minus
3653 1078 3856 1116 annum
3899 1063 3987 1115 in-

742 1150 888 1229 dicat
928 1174 980 1224 in
1013 1169 1297 1241 Catalogo,
1332 1169 1423 1223 uhi
1462 1169 1606 1223 inter
1643 1165 2034 1220 ilebraicorum
2071 1160 2363 1216 Nominum
2405 1161 2626 1225 librmn,
2671 1166 2725 1213 et
2765 1155 3031 1209 Homilias
3070 1153 3125 1207 in
3160 1153 3370 1208 Lucam
3411 1167 3475 1205 ex
3516 1150 3752 1219 Origene
3776 1191 3789 1215 ,
3830 1151 3985 1204 labo-

749 1282 863 1317 rent
897 1262 1044 1316 hunc
1078 1269 1366 1313 memorat.

806 1348 961 1415 Quod
999 1347 1270 1415 reliquum
1306 1357 1412 1403 est.
1447 1342 1739 1398 editionem
1783 1342 1920 1394 hanc
1954 1346 2198 1393 nostram
2233 1336 2298 1390 ad
2337 1338 2499 1391 trium
2540 1349 2674 1388 mss.
2711 1335 2871 1387 fidem
2901 1328 3317 1386 emendavimus
3354 1345 3368 1380 :
3401 1342 3595 1393 nempe
3628 1328 3792 1415 unius
3827 1324 3984 1378 Vati-

751 1413 873 1495 rani
909 1439 1082 1504 4955;
1115 1413 1226 1490 tum
1260 1436 1485 1490 alterius
1517 1431 1931 1502 elegantissimi,
1969 1444 2131 1499 quem
2170 1428 2221 1481 in
2258 1424 2593 1480 bibliotheca
2630 1420 2866 1475 Romani
2907 1417 3116 1487 collegii
3155 1416 3377 1471 Patrum
3412 1415 3701 1469 Societatis
3736 1413 3866 1468 Jesu
3905 1419 3991 1468 in-

748 1538 1031 1596 venimns;
1070 1534 1306 1600 denique
1335 1528 1590 1583 Tolosani
1617 1565 1631 1588 ,
1668 1542 1695 1579 a
1734 1540 1841 1595 quo
1876 1533 2160 1592 excerptas
2195 1520 2469 1575 variantes
2504 1516 2765 1571 lectiones
2805 1513 3157 1567 Martiana-us
3198 1510 3460 1600 reiecerat
3497 1508 3549 1561 in
3590 1507 3715 1561 libri
3754 1509 3989 1600 calcem.

744 1627 819 1679 Ex
850 1619 1183 1675 etilliOIlllllls
1217 1596 1354 1686 qua).
1392 1625 1519 1670 ante
1584 1611 1959 1667 Erasmianam
1998 1609 2373 1663 collectionem
2417 1606 2663 1676 prodiere
2687 1643 2702 1668 ,
2744 1603 2801 1656 in
2836 1601 3128 1656 consilium
3166 1598 3519 1686 adhibuimus
3560 1610 3704 1664 sape
3734 1596 3994 1686 priori-lu

745 1713 892 1765 illam
936 1721 1026 1759 an.
1070 1705 1207 1760 1496
1244 1680 1449 1774 absque
1486 1702 1584 1755 loci
1622 1698 1881 1763 nomine,
1916 1704 2029 1750 tum
2066 1696 2370 1756 Venetam,
2406 1708 2569 1762 quam
2620 1689 2878 1745 Barthius
2916 1689 2970 1742 in
3002 1686 3354 1742 Adversariis
3391 1684 3621 1749 laudat;
3662 1680 3820 1750 cujus
3854 1686 3995 1774 item

746 1796 953 1853 Barthii
999 1770 1594 1864 conjecturas—aliquot
1630 1787 1682 1839 in
1724 1784 1870 1839 hunc
1906 1784 2103 1839 librum
2140 1782 2500 1851 expendimus
2525 1818 2540 1841 .
2588 1778 2763 1833 sicubi
2798 1778 2978 1832 visum
3018 1784 3104 1831 est
3151 1788 3333 1864 operae
3372 1774 3608 1864 pretium
3649 1770 3994 1864 ess-eLHS-unt

748 1897 928 1942 autem
962 1886 1081 1940 alim
1103 1856 1274 1948 huius
1309 1856 1493 1948 operis
1527 1874 1821 1940 editiones,
1859 1887 1996 1944 quas
2026 1870 2344 1943 singillatim
2378 1880 2666 1924 recensere
2703 1880 2813 1920 non
2856 1871 3038 1930 vacat,
3073 1870 3131 1919 et
3162 1862 3316 1919 nullo
3348 1859 3568 1931 negotio
3599 1857 3748 1930 apud
3778 1856 3995 1914 Biblio-

749 1977 985 2047 graphos
1022 1970 1270 2029 invenias
1309 1967 1407 2039 (α).

1304 2165 1357 2173 ο..-

1800 2159 2148 2176 ..ὼ-.-

771 2174 897 2183 με..-

1284 2264 1446 2339 105
1515 2269 1939 2336 HIERONYMI
1981 2268 2369 2329 PB/EFATIO
2408 2267 2506 2327 AD
2544 2264 3059 2328 PAULINIANUM
3098 2264 3203 2348 (θ).

822 2480 951 2533 tium
988 2479 1038 2530 in
1078 2476 1343 2545 Babylone
1373 2476 1510 2549 [sciL
1540 2475 1748 2547 Romae}
1773 2492 2018 2531 versarer
2051 2496 2063 2531 :
2096 2488 2151 2531 et
2179 2491 2307 2545 pur-
2338 2480 2381 2537 Α
2411 2474 2622 2529 Christo
2648 2494 2660 2530 :
2699 2484 2804 2530 tam
2834 2484 2923 2530 tuo
2961 2490 3124 2544 quam
3158 2479 3540 2534 venerabilium
3570 2482 3721 2544 mihi,
3750 2482 3975 2540 ancilla-

755 2582 960 2641 puratte
995 2568 1295 2622 meretricis
1336 2583 1507 2620 essem
1560 2566 1776 2620 colonus
1811 2605 1826 2628 ,
1877 2574 1930 2618 et
1960 2564 2081 2630 jure
2134 2564 2317 2629 Quiri-

758 2674 865 2713 tum
898 2662 1149 2720 viverem,
1181 2656 1323 2711 volui
1348 2657 1553 2725 garrire
1573 2655 1771 2723 aliquid
1798 2655 1861 2707 de
1881 2653 2083 2722 Spiritu
2107 2664 2313 2716 sancto,

753 2764 803 2802 et
832 2761 1066 2818 cteptum
1100 2747 1435 2816 0pu5culum,
1462 2746 1697 2815 ejusdem
1728 2744 1874 2798 urbis
1898 2744 2135 2813 pontiflci
2170 2744 2321 2798 dedi—

756 2857 899 2895 care.
934 2841 992 2893 ΕΙ
1031 2856 1155 2894 ecce
1200 2840 1306 2892 olla
1340 2837 1570 2903 illa,qu:c
1593 2835 1645 2889 in
1670 2833 1898 2887 .Ieremia
1926 2844 2043 2902 post
2072 2834 2317 2892 baculum

757 2932 998 2983 cernitur
1030 2945 1060 2983 a
1093 2929 1229 2982 facie
1249 2927 1534 2996 aquilonis,
1567 2925 1731 2994 C(Bpil.
1752 2925 1973 2979 ardere:
2005 2935 2061 2978 et
2092 2923 2318 2995 (c)Plta-

760 3022 1036 3073 risa'orum
1096 3017 1453 3072 conclamavit
1506 3014 1633 3085 Iul.
1689 3013 2077 3086 conclamare]
2152 3016 2317 3069 Sena-

760 3120 846 3163 tus
925 3118 977 3162 et
1019 3107 1193 3160 nullus
1222 3108 1399 3160 scriba
1430 3104 1511 3158 vel
1547 3104 1699 3158 fictus
1728 3104 1829 3175 (ά),
1862 3106 1952 3159 sed
1970 3105 2144 3158 omnis
2163 3102 2317 3172 quasi

758 3200 958 3252 indicto
992 3198 1093 3251 sibi
1118 3196 1299 3264 prmlio
1328 3194 1690 3248 doctrinarum
1714 3234 1729 3259 ,
1762 3195 2043 3247 adversum
2085 3210 2170 3247 me
2214 3195 2317 3246 im-

758 3290 959 3358 peritia:
984 3290 1053 3356 (e)
1081 3286 1240 3341 factio
1277 3287 1596 3353 coniuravit.
1633 3283 1780 3338 lllico
1832 3300 1963 3353 ego,
1999 3285 2142 3339 velut
2171 3297 2318 3355 post-

759 3380 991 3440 liminio,
1020 3376 1405 3442 .Ierosolymam
1438 3391 1557 3428 sum
1579 3389 1823 3429 reversus
1846 3391 1861 3430 :
1884 3385 1935 3429 et
1960 3387 2077 3445 post
2106 3376 2314 3430 Romuli

758 3484 937 3524 casam
954 3471 1040 3536 (Ῑ),
1058 3477 1108 3520 et
1126 3466 1367 3519 ludormn
1389 3464 1724 3534 Lupercalia,
1744 3467 2097 3521 diversorium
2116 3467 2313 3532 Mariae,

759 3572 813 3613 et
848 3558 1146 3613 Salvatoris
1181 3557 1487 3625 speluncam
1536 3557 1740 3623 aspexi.
1797 3555 1999 3626 itaque,
2037 3558 2107 3611 mi
2143 3559 2317 3611 Pauli-

762 3650 920 3702 niane
969 3647 1067 3719 [αι.
1102 3644 1367 3716 Pauline],
1403 3646 1587 3708 frater,
1630 3646 1752 3714 quia
1799 3648 2133 3715 supradictus
2174 3648 2316 3701 Pon-

762 3738 887 3791 tifex
931 3737 1214 3799 Damasus,
1244 3736 1333 3802 qui
1367 3750 1449 3789 me
1484 3736 1546 3787 ad
1580 3736 1678 3789 hoc
1723 3750 1855 3804 Opus
1907 3738 2114 3804 primus
2144 3738 2315 3805 impu-

2421 2579 2535 2617 rum
2572 2563 2982 2629 Christi,Paula:
3007 2575 3061 2619 et
3089 2564 3361 2620 Eustocbii
3404 2584 3547 2624 nunc
3577 2572 3794 2640 adjutus
3816 2589 3972 2629 oratu

2427 2652 2537 2726 [αι.
2575 2656 2787 2709 hortatu
2814 2652 2834 2725 ]
2861 2671 2876 2711 :
2902 2655 3170 2711 canticum
3200 2661 3339 2726 quod
3368 2670 3582 2714 cantare
3604 2677 3707 2717 non
3736 2668 3887 2733 potui
3918 2669 3972 2720 in

2421 2753 2559 2799 terra
2590 2745 2788 2811 aliena,
2814 2746 2901 2801 hic
2931 2762 2960 2800 a
3017 2747 3171 2801 vobis
3203 2751 3255 2801 ln
3287 2748 3467 2804 Iudaea
3500 2766 3821 2821 provocatus
3870 2757 3974 2810 im-

2418 2852 2725 2902 murmuro;
2753 2838 3113 2905 augustiorem
3137 2839 3306 2894 multo
3326 2840 3499 2895 locum
3522 2844 3861 2908 existimans,
3879 2849 3973 2917 qui

2400 2925 2737 2981 Salvatorem
2762 2927 2972 2993 mundi,
2991 2941 3152 2997 quam
3183 2928 3274 2997 qui
3308 2928 3495 2983 fratris
3530 2929 3717 2999 genuit
3745 2932 3977 2999 parrici-

2397 3017 2521 3072 dam
2571 3017 2750 3088 106.
2785 3016 2852 3073 Et
2888 3026 2948 3072 ut
2986 3027 3268 3075 auctorem
3320 3013 3480 3075 titulo
3523 3022 3696 3076 fatear
3736 3041 3751 3078 :
3797 3023 3966 3077 malui

2420 3108 2578 3161 alieni
2611 3109 2788 3175 operis
2819 3109 3082 3175 interpres
3107 3108 3393 3173 exsistere,
3449 3121 3609 3175 quam
3641 3110 3721 3171 (ut
3749 3108 3975 3177 quidam

2425 3196 2649 3267 faciunt)
2678 3198 2920 3250 informis
2947 3197 3244 3261 cornicula,
3266 3196 3459 3252 alienis
3480 3213 3564 3251 me
3580 3198 3852 3252 coloribus
3876 3201 3972 3251 ad-

2422 3302 2636 3340 ornare.
2668 3286 2795 3355 Legi
2832 3287 3029 3340 dudum
3061 3286 3332 3353 cujusdam
3369 3287 3453 3356 lg)
3495 3286 3701 3355 libellos
3748 3289 3814 3342 de
3849 3290 3977 3356 Spi-

2416 3377 2522 3427 ritu
2546 3385 2732 3428 saneto
2757 3393 2769 3428 :
2799 3387 2851 3427 et
2877 3374 3029 3442 juxta
3059 3373 3263 3428 Comici
3296 3372 3437 3444 luit.
3473 3374 3733 3445 Terentii]
3757 3388 3970 3429 senten-

2418 3469 2545 3519 tiam
2572 3465 2850 3521 exGrmcis
2874 3456 3048 3531 bonis,
3067 3465 3258 3518 Latina
3284 3466 3390 3519 vidi
3426 3480 3531 3519 non
3554 3467 3711 3519 bona.
3730 3465 3872 3519 Nihil
3908 3470 3978 3521 ibi

2416 3558 2779 3619 dialecticum,
2824 3557 2956 3611 nihil
2982 3557 3133 3610 virile
3155 3568 3315 3624 atque
3353 3557 3679 3620 districtum,
3720 3561 3860 3625 quod
3901 3559 3976 3612 le-

2415 3652 2615 3699 ctorem
2644 3646 2724 3698 vel
2754 3646 2978 3713 ingratis
3010 3646 3062 3699 in
3108 3660 3383 3700 assensum
3420 3645 3627 3699 trahat:
3674 3647 3767 3700 sed
3806 3657 3977 3701 totum

2418 3735 2719 3797 ﬂaccidum,
2745 3736 2923 3798 molle,
2957 3737 3203 3800 nitidum,
3237 3747 3397 3803 atque
3434 3736 3748 3799 formosum,
3796 3749 3849 3792 et
3883 3755 3977 3792 ex-

762 3827 1046 3891 lerat,jam
1082 3824 1278 3877 dormit
1312 3822 1426 3894 [aL
1488 3822 1812 3876 obdormivit
1863 3824 1915 3877 in
1969 3823 2231 3895 Domino]
2261 3826 2311 3878 in
2346 3823 2390 3884 Β
2418 3825 2909 3893 quisitishincinde
2926 3826 3181 3879 odoribus
3204 3824 3979 3897 (h)pigtueutatum.Didyums

831 3960 905 4028 (α)
938 3959 1195 4028 Pleraque
1235 3956 1439 4024 Didymi
1466 3958 1639 4028 Opera
1684 3954 1735 4007 in
1776 3954 1963 4028 Graeco
2017 3971 2118 4008 ms.
2163 3957 2310 4009 card.

762 4025 1036 4082 pitSSlOIICl
1068 4027 1383 4079 bibliotheca
1428 4026 1687 4092 reperisse
1738 4025 1954 4087 dicitur,
2020 4039 2313 4083 eorum-rue

760 4098 979 4150 editioni
1010 4097 1256 4148 insudare
1284 4095 1351 4147 cl.
1381 4092 1744 4161 Mingarellius
1776 4094 2021 4146 canoaic.
2080 4094 2310 4161 regular.

762 4166 1034 4227 Bononiae,
1061 4175 1166 4216 etc.

831 4234 905 4303 (b)
937 4233 1178 4285 Fratrem
1207 4246 1380 4303 suum
1402 4231 1621 4294 scilicet,
1686 4229 1816 4303 falso
1844 4230 1985 4282 enim
2006 4230 2080 4303 ad
2121 4247 2138 4280 ι
2170 4227 2313 4303 Rau:

763 4298 928 4355 linum
956 4321 972 4352 ι
999 4316 1226 4367 eumque
1249 4320 1265 4349 ι
1291 4300 1597 4367 Νοὶιιιιιιιιιι
1625 4300 1940 4352 vetustiores
1970 4299 2171 4366 aliquot
2191 4298 2312 4350 libri

762 4373 1064 4426 inscribunt
1087 4385 1101 4431 ;
1123 4370 1424 4433 adduntque
1451 4369 1541 4420 abs
1560 4366 1898 4435 Hieronymo,
1931 4385 1948 4418 ι
1980 4368 2314 4434 propterim-

763 4441 1010 4509 peritiam
1036 4438 1308 4509 cujusdam
1346 4438 1434 4509 qui
1457 4440 1526 4509 de
1563 4437 1764 4504 Spiritu
1791 4448 1976 4489 sancto
1999 4438 2312 4504 scripserat,

763 4504 1072 4563 iranslatnm
1102 4521 1232 4572 opus
1263 4506 1314 4556 iu
1353 4504 1617 4557 Latinntn.
1660 4524 1677 4555 ι

833 4580 902 4642 te)
947 4574 1165 4627 Videtur
1200 4590 1226 4623 a
1260 4584 1584 4638 praceptore
1626 4575 1749 4627 olim
1790 4588 1885 4642 suo
1914 4573 2170 4640 Gregorio
2210 4572 2313 4625 Na-

774 4641 1035 4700 ziatizetto
1064 4642 1355 4703 accepisse,
1412 4641 1501 4706 qui
1528 4642 1677 4694 Orat.
1728 4642 1796 4695 3;).
1826 4641 2054 4695 Romani
2078 4642 2311 4709 episcopi

764 4717 944 4767 luxum
986 4711 1392 4777 perstringit,et
1417 4710 1729 4763 clericorum
1778 4711 1896 4777 ejus
1935 4720 2132 4763 emtum
2163 4730 2179 4761 t
2216 4711 2308 4763 Se-

762 4794 943 4836 natqu
979 4780 1366 4832 Pharisaeorum
1395 4797 1413 4828 ι
1442 4786 1611 4830 vorat.

834 4854 908 4918 (tl)
948 4850 1021 4902 De
1039 4846 1615 4918 corruptalocihujus
1667 4845 1890 4918 lectione
1933 4864 2033 4918 non
2068 4846 2195 4898 levis
2218 4862 2308 4899 su-

760 4914 928 4988 stiicivo
958 4928 1057 4970 est.
1088 4916 1217 4969 Cod.
1254 4914 1389 4988 Δγλιιι.
1422 4916 1644 4988 494ἓῦκι
1674 4917 1873 4988 nullum
1917 4916 2093 4988 scriba
2135 4918 2211 4988 vel
2244 4918 2307 4988 li-

762 4982 935 5052 rium;
968 5006 985 5036 ι
1016 4997 1167 5037 vetus
1202 4985 1363 5036 editio
1396 5001 1484 5037 an.
1513 4982 1670 5045 1496,
1703 5001 1719 5032 t
1756 4985 1929 5035 nullus
1950 4987 2123 5036 scriba
2149 4984 2198 5035 in
2230 4987 2308 5037 eis

763 5061 937 5108 tietns.
966 5075 983 5104 ι
1016 5054 1263 5106 Barthius
1286 5059 1363 5105 sic
1388 5062 1535 5118 putat
1562 5053 1967 5117 restituendum,
2000 5072 2016 5102 ι
2045 5065 2099 5105 ut
2133 5054 2307 5106 nullus

764 5127 950 5177 scrihre
985 5125 1034 5174 iu
1065 5126 1143 5175 eis
1177 5125 1247 5173 sit
1278 5123 1412 5174 ictus
1445 5140 1457 5173 :
1488 5139 1505 5171 ι
1545 5129 1600 5172 ut
1651 5135 1839 5173 sensus
1893 5123 1982 5183 sit,
2040 5123 2304 5174 neminem

764 5194 1017 5257 singulari
1077 5191 1438 5241 admonitione
1490 5190 1542 5241 in
1600 5189 1978 5256 Hieronymum
2011 5191 2209 5256 aliquid
2239 5192 2304 5243 de

766 5262 965 5329 Spiritu
998 5270 1182 5313 sancto
1232 5261 1436 5326 garrire
1494 5258 1774 5329 volentem
1810 5258 1973 5329 fuisse
2017 5258 2304 5321 invectum,

762 5326 855 5382 scd
883 5344 1068 5381 UtlllICS
1101 5330 1240 5379 illico
1268 5329 1465 5379 indicto
1490 5328 1670 5393 pra-lio
1711 5326 1775 5395 ad
1807 5327 2158 5378 damnandam
2189 5331 2303 5395 ejus

766 5400 1086 5465 imperitiam
1119 5398 1471 5449 consensiSse.
1501 5399 1626 5460 Quae
1648 5394 1802 5447 nobis
1826 5397 2086 5463 expositio
2116 5394 2226 5447 vis
2255 5407 2309 5448 at

764 5464 948 5519 nevis
986 5467 1197 5534 quidem
1238 5467 1540 5517 emendatio
1570 5466 1758 5534 placet.
1796 5464 2039 5530 Suntqui
2070 5466 2303 5528 mallent,

770 5554 787 5584 ι
819 5533 1188 5590 ιιυιιυεδριιυςι
1220 5536 1451 5596 relictus,
1482 5558 1499 5583 ι
1528 5533 1666 5599 quod
1697 5548 1846 5598 teque
1877 5548 2059 5597 parum
2084 5537 2302 5585 arridet.

766 5604 1061 5674 Eapropter
1097 5606 1236 5669 vide,
1261 5618 1381 5655 nmn
1403 5610 1611 5666 praestet
1641 5616 1734 5667 pro
1756 5602 1957 5655 duobus
1986 5603 2158 5654 verbis
2185 5621 2201 5652 ι
2226 5602 2304 5656 vel

2420 3958 2592 4021 fictus,
2625 3977 2642 4008 ι
2676 3957 2777 4023 legi
2804 3972 2908 4010 uno
2937 3976 2954 4008 ι
2986 3956 3066 4009 vel
3090 3958 3300 4020 licatus,
3324 3973 3342 4006 ι
3379 3955 3520 4024 quod
3561 3964 3642 4009 est
3674 3973 3694 4005 ε
3731 3956 3974 4021 favens,»

2416 4037 2508 4080 aut
2536 4046 2553 4074 ι
2590 4027 2825 4079 studiose
2856 4028 3179 4090 obsequens,
3202 4044 3220 4076 δ
3256 4035 3381 4078 tunc
3412 4026 3552 4077 enim
3574 4026 3974 4093 elegantissime

2419 4100 2576 4148 atteri
2617 4096 2856 4147 membro
2889 4103 3187 4162 opponetur
3221 4093 3471 4157 alterum,
3514 4108 3812 4160 sensusque
3846 4097 3977 4156 erit,

2420 4168 2688 4217 neminem
2732 4180 2789 4216 se
2823 4163 2895 4216 illi
2930 4163 3218 4231 aequiorem
3265 4163 3724 4231 prwbuisseLsecl
3752 4166 3977 4231 conspi-

2419 4247 2571 4285 rasse
2604 4247 2795 4285 omnes
2825 4228 3032 4285 contra.
3058 4232 3245 4284 Cicero
3266 4228 3329 4283 fin
3362 4231 3521 4351 egist.
3556 4228 3639 4283 Ne
3679 4228 3977 4299 veliﬁcatus

2419 4302 2575 4351 alicui
2601 4302 2819 4351 dicaris.
2849 4313 2953 4351 etc.
2982 4299 3102 4351 Vid.
3124 4300 3282 4351 eoist.
3331 4299 3397 4351 12
3437 4338 3453 4351 .
3487 4316 3542 4351 n.
3570 4300 3624 4351 9.
3658 4298 3735 4351 De
3763 4303 3977 4351 turbata

2417 4302 2575 4352 alicui
2601 4302 2819 4362 dicaris,
2849 4313 2953 4354 etc.
2982 4299 3102 4354 Vid.
3124 4300 3282 4368 epist.
3331 4298 3453 4364 127,
3487 4316 3542 4354 ιι.
3570 4300 3624 4365 9,
3658 4298 3735 4353 De
3763 4303 3979 4353 turbata

2419 4369 2804 4421 I’Itatiswarum
2834 4370 3026 4421 schola.

2491 4436 2557 4506 (ε)
2584 4439 2679 4490 Ms.
2744 4440 2959 4505 quidam
2992 4439 3246 4493 Tolosan.
3286 4452 3447 4505 penes
3477 4437 3724 4491 Harttan.
3767 4438 3859 4506 qui
3880 4452 3976 4491 va-

2421 4506 2622 4558 riautes
2642 4520 2707 4558 ex
2738 4524 2801 4558 eo
2837 4507 3093 4561 lcetiottes
3116 4510 3180 4560 ad
3210 4507 3326 4559 libri
3350 4507 3550 4560 calcem
3587 4506 3793 4573 reiecit,
3812 4508 3976 4559 habet

2420 4575 2508 4627 hic
2538 4576 2635 4627 loci
2666 4592 2685 4645 ι
2726 4576 2972 4645 impetus.
3000 4595 3018 4627 ι
3048 4576 3211 4630 Vetus
3228 4576 3356 4629 edit.
3391 4593 3410 4627 ι
3443 4575 3727 4645 imperitia:
3750 4593 3975 4629 convin-

2421 4645 2645 4695 cendum
2667 4643 2845 4704 factio,
2869 4656 2972 4696 etc.
3023 4664 3040 4693 ι

2492 4711 2559 4778 (1)
2587 4712 2705 4765 Haec
2741 4714 2791 4763 in
2856 4711 2968 4763 Vita
3022 4713 3192 4766 fusius
3243 4713 3601 4781 diSputantur.
3657 4711 3973 4766 Delion-ali

2415 4791 2590 4832 autem
2626 4796 2745 4833 casa
2775 4782 2989 4834 consule
3017 4781 3167 4836 Ovid.
3192 4798 3249 4836 ιιι
3283 4781 3493 4835 Fauor.
3517 4796 3655 4835 vers.
3683 4781 3805 4835 185.
3836 4782 3974 4836 Pto-

2414 4852 2626 4901 dentius
2656 4848 2687 4901 l.
2721 4865 2806 4903 xt:

2515 4915 2816 4999 {pitecusas
2841 4918 3013 4999 fragili
3038 4929 3173 4970 texat
3193 4935 3325 4999 gem
3351 4917 3574 4972 Romula
3598 4919 3788 4982 culmo,

2519 4984 2605 5037 Sic
2643 4988 2852 5038 tradunt
2890 4988 3147 5039 habitasse
3185 4984 3543 5050 lientum,etc:.

2487 5055 2569 5122 (g)
2601 5054 2658 5107 S.
2718 5055 3054 5128 Anrbrosium
3104 5070 3393 5128 suppres-o
3433 5058 3647 5111 nomine
3698 5060 3966 5128 sugillari,

2413 5138 2642 5190 cumque
2692 5124 2850 5189 plagii
2898 5124 3142 5176 accusari
3197 5124 3423 5177 Rufinus
3480 5124 3897 5183 contendit'ltb.
3928 5145 3965 5179 ll

2404 5194 2620 5261 Apolog.
2654 5204 2704 5243 et
2726 5193 3160 5244 criminationem
3187 5197 3285 5246 hac
3304 5197 3367 5245 de
3394 5210 3557 5246 causa
3587 5198 3968 5261 gravissimam

2406 5260 2456 5311 in
2486 5259 2865 5329 Hieronymum
2899 5261 3146 5313 intentat.
3181 5260 3283 5315 Sed
3309 5279 3412 5315 non
3432 5278 3550 5315 eam
3581 5259 3749 5318 fuisse
3778 5268 3835 5317 S.
3870 5266 3973 5317 υπο-

2407 5332 2573 5401 ctoris
2605 5339 2867 5401 mentem.
2890 5331 3222 5401 argumentis
3254 5332 3395 5401 haud
3426 5348 3554 5385 sane
3583 5334 3811 5386 infirmis
3842 5352 3971 5401 pru-

2407 5397 2523 5449 bari
2556 5407 2745 5462 potest.
2779 5397 2891 5450 Yid.
2921 5398 3298 5451 Praefationem
3342 5400 3443 5451 t’l’.
3470 5397 3868 5457 Benedic-tinet".
3916 5421 3926 5453 t
3957 5425 3967 5454 ι

2407 5465 2669 5535 Ambrosii
2698 5468 2861 5519 libros
2890 5466 2966 5518 De
2997 5468 3203 5533 Spiritu
3236 5484 3503 5535 διαιρέαι».
3535 5472 3657 5523 ὀυδ.

2484 5533 2557 5599 (Ιι)
2602 5534 2851 5587 Fortasse
2888 5554 2903 5583 ι
2938 5536 3206 5589 coloribus
3235 5533 3782 5593 irescribendumcst.
3807 5542 3972 5595 (ζει-ω

2415 5602 2484 5654 ita
2526 5601 2745 5655 Rufinus
2768 5604 2890 5657 olim
2926 5604 3050 5673 legit
3089 5604 3179 5657 lib.
3208 5621 3278 5657 at.
