4212 6444
219 438 331 510 109

871 427 1352 491 TRANSLATIO
1389 422 1604 485 LIBRI
1643 415 1914 482 DlDYMl
1963 415 2059 474 DE
2090 409 2402 473 SPlRITU
2444 399 2753 468 SANCTO.

3339 390 3437 453 110

215 555 338 588 iero
371 547 546 594 meus.
575 531 790 586 oculum
833 532 1032 586 habens
1065 547 1276 600 sponsa
1297 531 1363 585 de
1394 531 1618 585 Cantico
1645 545 1764 584 can-
1805 550 1846 591 Α
1873 531 2015 584 furta
2051 537 2337 596 cognoscet
2363 545 2377 591 ;
2410 536 2463 580 et
2490 532 2794 581 contemnet
2820 524 3036 585 rivulos,
3062 536 3180 576 cum
3208 523 3432 591 cmperit

214 627 473 682 ticorum.
496 633 552 676 et
583 623 671 675 illa
702 621 904 676 lumina
934 639 1051 691 qua:
1077 623 1128 676 in
1151 624 1441 676 candentes
1462 622 1541 692 (a)
1574 631 1778 690 segetes

213 714 493 767 sublimari
526 710 688 766 Jesus
745 713 1040 781 praecepit‘,
1073 712 1256 779 procul
1303 711 1462 765 altius
1491 712 1725 764 intuetur
1763 728 1776 763 :

211 815 261 857 et
284 806 569 872 antiquum
603 805 760 858 nobis
792 819 990 857 morem
1023 803 1282 866 reddidit;
1319 811 1376 855 ut
1406 801 1604 854 Viden:
1635 815 1780 854 voce-

216 897 618 962 turprophcta.
673 894 831 949 Certe
872 894 959 962 qui
1015 895 1154 946 hunc
1208 892 1418 961 legerit,
1467 890 1776 945 Latinorum

285 1070 519 1124 ‘Matth.
574 1085 694 1133 xm,
759 1070 857 1136 16;
920 1069 1072 1123 Joan.
1122 1083 1194 1136 tv,
1239 1069 1328 1122 55.

277 1258 354 1323 (a)
383 1255 691 1322 Inrongrne
716 1255 846 1306 satis
867 1252 1206 1312 candelabra,
1231 1245 1768 1323 qnzeplnrimislocis

217 1315 440 1380 iliaci-tas
478 1315 741 1375 candelas
763 1338 955 1388 capere
1007 1315 1265 1384 valerent;
1323 1317 1572 1388 Barthius
1617 1315 1773 1367 intel-

216 1397 362 1450 lexit.
391 1393 693 1445 Enimvero
733 1386 918 1445 alludit
964 1389 1110 1442 Hier.
1143 1388 1366 1442 Joannis
1419 1403 1490 1448 tv,
1540 1386 1593 1446 9,
1618 1399 1773 1452 quem

216 1467 384 1516 locum
415 1462 469 1514 in
497 1460 900 1514 commentariis
925 1461 979 1511 in
1033 1457 1338 1510 Matt/neum
1379 1473 1495 1523 cap.
1559 1455 1774 1523 laudato

214 1546 510 1600 exponens,
549 1547 568 1579 ε
606 1529 774 1590 Beati,
811 1529 999 1597 inquit.
1036 1528 1196 1600 oculi,
1233 1541 1366 1593 quos
1415 1522 1594 1600 levari
1618 1522 1773 1600 {esus

217 1592 528 1654 iu'snhlime
552 1600 828 1666 praecepit,
858 1592 913 1649 ιιῖ
941 1597 1227 1666 candentes
1247 1592 1454 1666 segetes
1483 1592 1768 1660 aspiciant.

217 1670 332 1723 Vid.
361 1670 527 1736 epist.
555 1663 664 1732 '76,
700 1663 767 1718 ad
797 1666 1073 1735 Abigaum,
1102 1681 1156 1718 ιι.
1181 1665 1236 1728 9.,
1258 1664 1312 1716 in
1333 1663 1454 1717 line.

225 1847 2784 1877 Μ

1885 621 2101 675 haurire
2125 621 2191 673 de
2241 618 2496 673 fontibus.
2532 617 2807 684 lmperitus
2854 630 3098 669 sermone
3127 625 3231 678 est,
3255 623 3308 668 et
3332 611 3430 684 [σι.

1887 708 2003 780 sed]
2045 724 2148 762 non
2181 708 2433 761 scientia:
2464 705 2808 774 apostolicum
2839 704 3012 756 virum
3045 718 3108 756 ex
3166 702 3281 770 ipso
3319 717 3435 755 ser-

1887 812 2041 852 mone
2093 795 2429 868 [aLstyloj
2496 794 2818 862 exprimens,
2880 802 2986 844 tam
3047 807 3295 846 sensuum
3356 791 3435 845 lu-

1887 890 2028 943 mine
2058 889 2130 959 (ὁ)
2159 901 2316 955 quam
2358 884 2698 953 simplicitate
2744 883 3049 937 verborum.

1950 1243 2022 1312 (b)
2061 1243 2150 1296 Sic
2175 1255 2237 1293 ex
2267 1242 2380 1312 vat.
2412 1256 2508 1294 ms.
2544 1255 2605 1293 ac
2633 1241 2799 1312 veteri
2826 1239 3058 1292 editione
3086 1239 3283 1312 Veneta
3305 1239 3437 1308 legi-

1884 1310 2033 1365 mus":
2069 1323 2223 1363 antea
2258 1311 2399 1361 enim
2435 1319 2547 1361 erat
2576 1329 2592 1358 ι
2643 1311 2890 1372 nomine;
2933 1327 2951 1358 ι
2983 1310 3433 1374 quemadmodum

1884 1395 1934 1434 et
1967 1383 2016 1434 in
2055 1384 2211 1446 epist.
2239 1378 2326 1439 65.
2356 1393 2499 1446 num.
2530 1377 2617 1437 l9,
2655 1379 2834 1430 haberi
2873 1396 2973 1430 non
3007 1377 3315 1441 dillitemur,
3347 1378 3436 1431 ubi

1884 1445 2335 1520 pulchritudinem
2389 1445 2518 1520 dicit
2567 1465 2584 1496 ι
2618 1447 2842 1520 positam
2899 1448 3068 1520 magis
3102 1447 3153 1500 iu
3179 1462 3434 1520 sensuum

1881 1515 2116 1583 nomine,
2145 1537 2300 1588 quam
2328 1515 2519 1572 inllore
2537 1516 2872 1573 verborum.»
2901 1515 3290 1588 Reautelnipsa
3317 1532 3442 1588 neu-

1882 1602 2020 1642 trum
2068 1586 2195 1642 satis
2249 1591 2468 1642 arridet.
2533 1589 2627 1641 Ms.
2677 1589 2882 1658 collegii
2924 1592 3080 1645 Itoni.
3139 1586 3436 1642 Societatis

1879 1660 2026 1724 Jesu,
2063 1677 2080 1709 ι
2116 1668 2220 1712 tam
2254 1673 2349 1712 suo
2381 1660 2615 1714 nomine.
2652 1675 2672 1708 ι

3123 1847 3435 1859 ...ι--ο

286 2017 450 2086 107
498 2008 803 2087 LIBER
843 2007 1213 2084 DIDYMI
1257 1994 1334 2066 (υ
1379 2002 2069 2083 ALEXANDRINI
2113 2003 2243 2080 DE
2302 2001 2711 2080 SPIRITU
2753 2000 3170 2094 SANCTO,

1340 2217 1396 2270 S.
1437 2208 1837 2269 HIERONYMO
1876 2208 2329 2265 lNTERPRETE.

292 2519 340 2572 1.
364 2518 635 2572 Omnibus
661 2517 874 2582 quidem
897 2531 1015 2586 quae
1039 2517 1214 2573 divina
1245 2527 1391 2582 sunt,
1411 2533 1532 2571 cum
1550 2532 1795 2573 reveren-
1824 2524 1866 2580 Β
1896 2514 2170 2584 ignoratur
2217 2519 2305 2584 qni
2355 2529 2503 2570 extra
2556 2531 2762 2570 sacram
2824 2516 3151 2588 Scripturam
3206 2524 3440 2590 philoso-

220 2613 290 2663 ιῐςι
318 2619 369 2662 et
397 2606 713 2660 vehementi
730 2620 856 2659 cura
885 2614 1086 2674 oportet
1106 2606 1380 2660 intendere
1405 2624 1417 2659 :
1439 2608 1667 2659 maxime
1690 2620 1789 2658 au-

221 2711 322 2753 tem
339 2701 565 2767 !iisqu:e
589 2699 656 2750 de
681 2695 1019 2768 Spiritus[al.
1045 2698 1213 2752 sancti
1240 2694 1492 2768 Spiritus]
1513 2695 1789 2750 divinitate

223 2793 497 2850 dicuntur,
532 2790 837 2855 praesertim
866 2802 987 2841 cum
1029 2787 1358 2855 blasphemia
1409 2786 1462 2838 in
1525 2800 1646 2840 eum
1675 2782 1790 2837 sine

223 2884 372 2933 venia
402 2880 475 2932 sit
511 2878 591 2949 (2)
625 2897 637 2930 :
669 2880 742 2931 ita
782 2887 837 2930 ut
875 2878 1295 2945 blasphemantis
1327 2891 1484 2945 poena
1538 2875 1789 2928 tendatur

224 2985 325 3022 non
364 2969 543 3022 solum
575 2968 630 3019 in
663 2979 822 3020 omne
842 2979 1079 3034 praesens
1107 2963 1381 3024 sarculum.
1414 2963 1506 3017 sed
1538 2963 1699 3017 etiam
1736 2962 1786 3014 in

224 3063 491 3115 futurum.
517 3060 613 3112 Ait
642 3058 838 3126 quippe
872 3055 1135 3118 Salvator,
1160 3054 1545 3124 blaspliemanti
1571 3053 1621 3106 in
1663 3051 1788 3121 Spio

227 3154 380 3204 ritum
404 3161 666 3204 sanctum
718 3163 819 3201 non
878 3161 997 3201 esse
1051 3147 1440 3206 remissionem,
1482 3163 1499 3195 ι
1529 3158 1701 3211 neque
1735 3143 1788 3195 in

225 3243 324 3294 isto
346 3239 577 3304 saeculo,
622 3251 792 3304 neque
851 3237 906 3290 in
958 3236 1136 3288 futuro
1169 3235 1209 3287 ³.
1243 3253 1260 3285 ι
1326 3233 1474 3288 Unde
1525 3232 1697 3300 magis
1727 3247 1790 3284 ac

227 3331 394 3399 magis
423 3337 651 3396 Oportet
681 3325 974 3388 intendere,
1029 3340 1149 3394 quae
1203 3324 1599 3391 Scripturarum
1635 3323 1699 3376 de
1725 3337 1788 3375 eo

227 3421 414 3474 relatio
449 3418 554 3470 sit:
603 3429 668 3467 ne
701 3415 753 3467 in
780 3413 1009 3481 aliquem
1042 3414 1228 3467 saltem
1262 3415 1337 3480 (5)
1393 3428 1487 3481 per
1539 3413 1790 3481 ignoran-

228 3508 352 3558 tiam
393 3503 753 3570 blasphemia:
779 3517 930 3555 error
951 3502 1192 3569 obrepat.
1229 3501 1550 3570 Expedierat
1572 3501 1788 3569 quidem

227 3598 390 3659 ﬁdeli,
421 3607 482 3652 et
508 3594 722 3656 timido,
763 3592 1062 3646 moderanti
1115 3594 1262 3645 vires
1293 3607 1438 3657 suas,
1466 3591 1790 3660 magnitudi-

228 3704 343 3740 nem
371 3685 664 3754 praasentis
687 3683 995 3751 quaestionis
1028 3681 1240 3735 silentio
1264 3680 1536 3749 praeterire
1561 3696 1573 3729 :
1602 3687 1655 3731 et
1676 3694 1786 3732 rem

229 3779 437 3847 plenam
471 3775 718 3847 periculo
775 3787 880 3826 non
915 3772 966 3826 in
995 3786 1148 3826 suum
1176 3769 1464 3824 discrimen
1493 3768 1786 3823 attrahere.

1890 2608 2140 2675 phantur.
2175 2607 2519 2660 Solummodo
2546 2606 2685 2670 enim
2735 2607 2786 2659 in
2837 2611 3160 2666 nostratibus
3189 2613 3439 2683 Litteris;

1887 2704 1941 2748 et
1971 2696 2116 2749 natio
2145 2693 2261 2760 ejus
2288 2704 2340 2749 et
2373 2696 2685 2748 vocabulum
2715 2696 2964 2760 refertur,
3017 2709 3121 2754 tam
3179 2703 3228 2756 in
3282 2703 3444 2760 Novis

1889 2799 2048 2852 quam
2080 2785 2130 2838 in
2155 2786 2453 2839 Veteribus.
2481 2784 2687 2839 Veteris
2714 2787 2908 2856 quippe
2933 2787 3254 2847 Testamenti
3285 2796 3443 2850 homo

1901 2873 2087 2935 David,
2117 2877 2384 2944 particeps
2411 2875 2527 2943 ejus
2560 2875 2800 2940 effectus,
2830 2879 3016 2933 orabat
3048 2891 3103 2934 ut
3142 2885 3192 2936 in
3227 2899 3284 2937 se
3323 2901 3435 2953 per-

1863 2981 2125 3033 maneret,
2145 2971 2335 3024 dicens
2360 2985 2375 3024 :
2403 2988 2422 3021 α
2451 2970 2715 3039 Spiritum
2738 2983 2887 3024 tuum
2920 2983 3166 3027 sanctum
3185 2991 3251 3029 nc
3280 2976 3417 3031 anfe-

1861 3077 1948 3115 ras
1966 3077 1990 3112 a
2014 3075 2098 3115 me
2125 3061 2163 3112 ⁸.
2195 3078 2213 3111 ι
2243 3058 2308 3113 Ει
2326 3059 2535 3114 Danieli
2552 3062 2729 3115 adhuc
2749 3077 2919 3130 puero
2938 3067 3232 3119 suscitasse
3245 3066 3444 3121 dicitur

1868 3155 2008 3208 Dens
2037 3150 2300 3221 Spiritum
2349 3162 2597 3206 sanctum
2642 3153 2686 3216 ι,
2731 3153 2891 3224 103
2928 3157 3080 3224 quasi
3113 3157 3223 3225 jam
3284 3158 3442 3211 habi-

1893 3246 2090 3293 tantem
2120 3241 2172 3294 in
2206 3254 2291 3294 eo.
2329 3238 2440 3295 Nec
2475 3255 2578 3294 non
2617 3241 2776 3293 etiam
2827 3242 2878 3295 in
2911 3243 3057 3297 Novo
3100 3244 3442 3301 Testamento

1891 3329 1944 3382 hi
1977 3327 2073 3381 viri
2103 3327 2194 3396 qui
2225 3327 2331 3381 Deo
2359 3328 2628 3396 placuisse
2665 3328 2990 3395 referuntur,
3023 3331 3223 3400 Spiritu
3255 3345 3444 3391 sancto

1889 3418 2030 3488 pleni
2059 3424 2204 3472 sunt.
2243 3417 2477 3471 Joannes
2507 3417 2699 3486 quippe
2725 3419 2899 3472 adhuc
2958 3421 3010 3472 in
3056 3424 3241 3475 matris
3293 3435 3445 3480 utero

1891 3508 2254 3564 sanctiﬁcatns
2276 3508 2552 3572 exsultat',
2578 3507 2808 3564 etJesus
2831 3525 2860 3563 a
2888 3513 3111 3566 mortuis
3141 3530 3442 3584 resurgens,

1892 3614 2008 3651 cum
2043 3598 2360 3652 insulilasset
2383 3597 2435 3651 in
2460 3596 2647 3652 faciem
2671 3601 3070 3668 discipulorum,
3105 3605 3213 3657 ait:
3249 3625 3266 3655 c
3295 3608 3447 3660 Act-i-

1893 3688 1999 3754 pite
2023 3687 2276 3754 Spiritum
2291 3697 2535 3741 sanctum
2556 3689 2597 3742 °.
2629 3688 2829 3746 iPlena
2859 3701 2982 3746 sunt
3015 3693 3282 3749 volumina
3311 3696 3448 3754 divi-

1893 3791 2082 3830 narum
2110 3777 2509 3845 Scripturarum
2548 3777 2632 3831 his
2681 3782 3019 3836 sermonibus
3065 3799 3286 3852 quorum
3318 3801 3448 3840 con-

230 3870 428 3923 Verum
457 3866 718 3935 quoniam
740 3864 954 3932 quidam
986 3861 1081 3933 [αι.
1112 3861 1328 3929 quidam
1375 3858 1519 3929 cum]
1573 3860 1788 3913 temeri-
1816 3862 1856 3918 C
1889 3867 2086 3936 geriem
2107 3868 2159 3919 in
2183 3867 2427 3934 praesenti
2448 3880 2610 3935 opere
2630 3868 2871 3935 digerere
2895 3876 3165 3940 supersedi
3188 3874 3294 3946 (4):
3321 3877 3448 3944 quia

230 3964 334 4008 tate
361 3953 570 4020 potius,
607 3965 766 4019 quam
823 3958 966 4002 recta
1011 3948 1096 4000 via
1144 3947 1307 4001 etiam
1337 3947 1389 3999 in
1421 3961 1650 4016 superna
1683 3946 1790 4000 eri-

228 4053 449 4111 guntur.
490 4052 544 4096 et
567 4043 774 4095 hec-de
797 4039 999 4108 Spiritu
1033 4048 1222 4092 sancto
1249 4037 1659 4106 jactitant,qua2
1689 4053 1785 4090 ne-

231 4149 330 4202 que
358 4135 415 4188 in
439 4131 744 4200 Scripturis
765 4131 923 4192 lecta,
956 4142 1130 4196 neque
1167 4142 1198 4183 a
1229 4141 1495 4196 quoquam
1529 4127 1786 4181 ecclesia-

228 4226 490 4276 sucorum
531 4230 778 4282 .veterum
832 4226 1083 4287 usurpata
1126 4228 1273 4280 sunt,
1320 4217 1579 4287 compulsi
1606 4231 1790 4271 sumus

231 4313 578 4366 creberrima
607 4309 964 4366 exhortatiuni
1015 4308 1240 4362 fratrum
1280 4310 1473 4362 cedere
1515 4324 1532 4361 :
1566 4321 1790 4378 quaeque

230 4403 504 4454 sitnostra
537 4402 604 4452 de
631 4414 695 4452 eo
745 4399 947 4467 opinio,
989 4397 1150 4451 etiam
1202 4394 1601 4463 Scripturarum
1639 4393 1789 4446 testi-

233 4491 428 4543 moniis
463 4491 814 4557 comprobare
849 4507 862 4542 :
897 4504 963 4542 ne
1007 4487 1274 4555 imperitia
1315 4486 1447 4539 tanti
1499 4485 1785 4553 dogmatis,

233 4583 284 4634 hi
312 4581 404 4649 qui
438 4579 710 4632 contraria
757 4591 1053 4647 opponunt,
1099 4578 1367 4645 decipiant
1407 4575 1639 4642 eosqui,
1674 4575 1788 4627 sine

232 4671 572 4725 discussione
600 4670 851 4731 sollicita,
908 4668 962 4722 in
994 4668 1422 4722 adversariorum
1461 4664 1785 4718 sententiam

232 4762 413 4813 statim
444 4759 850 4826 pertrahuntur.

299 4850 356 4905 2.
393 4849 692 4917 Appellatio
720 4849 947 4916 Spiritus
979 4848 1171 4909 sancti,
1203 4855 1255 4899 et
1281 4861 1342 4900 ea
1375 4860 1492 4914 qua:
1525 4853 1789 4898 monstra-

234 4948 318 4991 tur
342 4953 408 4992 ει
444 4941 556 5001 ipsa
589 4938 940 5008 appellatione
969 4939 1260 4992 substantia
1314 4937 1527 5007 penitus
1583 4933 1649 4986 ab
1705 4935 1786 4988 his

305 5081 326 5110 ι
351 5078 520 5130 Marc.
552 5091 630 5140 ιιι,
670 5075 758 5130 29.

307 5235 376 5299 (l)
419 5231 481 5309 in
499 5231 700 5309 aliquot
723 5229 877 5309 libris
914 5227 1344 5309 Ιθβιιιιι-ε-δειιιειί
1383 5227 1777 5309 Di‘ilyinigrzeci
1815 5239 1855 5292 ι)

239 5296 483 5353 monachi
515 5299 908 5351 Alexandrini.»
953 5296 1079 5351 Vide
1125 5299 1340 5352 llieron.
1381 5299 1447 5348 ad
1487 5296 1776 5350 ‘Lucinium

237 5373 386 5438 epist.
416 5371 506 5429 71,
541 5383 688 5438 nunt:
720 5367 771 5418 5.

309 5437 625 5506 1,2)Consule
649 5435 709 5506 S.
735 5436 997 5506 Ambrosii
1015 5436 1088 5489 De
1109 5434 1306 5506 Spiritu
1331 5444 1506 5506 sancto
1537 5434 1627 5489 lib.
1683 5450 1774 5495 vn,

241 5524 288 5572 ρ.
319 5504 443 5572 till,
488 5506 579 5559 ubi
609 5507 673 5558 de
702 5505 1078 5559 irremissibilis
1105 5504 1441 5571 blasphemia:
1475 5517 1633 5557 sensu
1664 5507 1776 5573 agi-

242 5590 341 5627 tur.

307 5645 379 5709 t3)
419 5641 596 5695 Vatic.
633 5655 752 5695 cum
798 5642 955 5697 editis
996 5640 1394 5706 vetustioribus,
1434 5659 1450 5693 ι
1486 5656 1550 5696 ne
1590 5641 1784 5711 aliquis

241 5719 420 5769 salter:1
432 5753 447 5778 ,
474 5729 492 5762 ι
525 5721 628 5765 etc.

1896 3956 2107 4010 didicile
2139 3972 2242 4009 non
2275 3966 2450 4011 estex
2505 3959 2590 4014 his
2632 3975 2752 4029 quae
2799 3965 3206 4032 assumpsimns,
3257 3983 3446 4022 unum-

1894 4061 2163 4114 quemque
2184 4046 2440 4101 lectorem
2471 4047 2570 4102 sibl
2604 4050 2795 4103 similia
2828 4055 3079 4118 reperire.

1962 4135 2015 4189 '5.
2053 4134 2222 4189 Nemo
2260 4145 2436 4189 autem
2476 4138 2777 4205 suspicetur
2821 4140 2981 4192 alium
3033 4141 3290 4210 Spiritum
3323 4159 3444 4199 san-

1896 4237 2043 4279 ctum
2076 4225 2237 4279 fuisse
2266 4226 2317 4279 in
2342 4227 2543 4281 sanctis
2569 4228 2698 4282 viris
2729 4239 2852 4281 ante
2891 4231 3175 4285 adventum
3210 4233 3438 4299 Domini,

1898 4324 1951 4367 et
1984 4316 2145 4368 alium
2179 4316 2230 4368 in
2259 4317 2517 4384 apostolis
2542 4319 2852 4384 caeterisque
2877 4319 3170 4389 discipulis,
3205 4332 3257 4376 ct
3290 4326 3441 4391 quasi

1894 4406 2274 4473 homonymum
2313 4405 2389 4473 (5)
2441 4405 2493 4458 in
2525 4406 2889 4461 dill’erentibus
2927 4423 3048 4464 esse
3108 4415 3440 4470 substantiis.

1893 4494 2176 4548 Possumus
2197 4495 2409 4564 quidem
2442 4497 2745 4550 testimonia
2774 4499 2840 4551 de
2869 4500 3067 4555 divinis
3094 4502 3308 4559 Litteris
3356 4521 3445 4561 cx-

1888 4583 2091 4647 hibere,
2125 4585 2249 4651 quia
2301 4585 2433 4637 idem
2459 4584 2684 4653 Spiritus
2704 4595 2756 4640 et
2784 4587 2834 4640 in
2867 4591 3123 4657 apostolis
3155 4601 3206 4646 et
3239 4594 3289 4647 in
3322 4611 3441 4664 pro-

1887 4672 2059 4740 phetis
2110 4671 2287 4727 fuerit.
2319 4671 2511 4727 Paulus
2547 4674 2596 4727 in
2634 4676 2862 4743 Epistola
2915 4694 3070 4746 quam
3105 4682 3168 4735 ad
3196 4681 3443 4741 llchrtcos

1894 4762 2105 4824 scribit,
2131 4763 2193 4816 de
2222 4761 2549 4816 Psalmorum
2587 4765 2856 4820 volumine
2906 4771 3264 4826 testimonium
3321 4792 3436 4842 pro-

1896 4850 2092 4913 ferens,
2123 4866 2152 4904 a
2178 4851 2375 4918 Spiritu
2390 4862 2576 4906 sancto
2600 4853 2649 4905 id
2671 4854 2868 4907 dictum
2896 4872 3012 4911 csse
3029 4875 3436 4916 commemorat:

1900 4957 1916 4989 ι
1948 4939 2010 4992 Ει
2038 4940 2176 4992 sicut
2209 4940 2336 4993 dicit
2377 4939 2461 4993 hic
2491 4940 2564 5008 (6)
2620 4942 2853 5010 Spiritus
2895 4956 3152 5003 sanctus:
3198 4949 3363 5004 llodie
3394 4952 3437 5004 si

869 5073 889 5105 '
928 5073 1069 5128 Psal.
1113 5090 1162 5136 ι,
1207 5074 1291 5126 l3.
1365 5073 1387 5103 δ
1430 5074 1556 5125 Dan.
1626 5087 1742 5136 xtu,
1785 5072 1870 5127 ιδ.
1945 5075 1964 5104 ⁵
2004 5073 2132 5127 Luc.
2183 5073 2340 5138 1,44.
2417 5076 2437 5107 ⁸
2473 5075 2624 5131 Joau.
2671 5094 2759 5140 xx,
2798 5079 2884 5133 22.

1956 5229 2030 5299 (Δ)
2061 5232 2189 5307 Cod.
2237 5232 2586 5301 Tbolosanus,
2642 5254 2659 5286 ι
2691 5237 3134 5307 superllnumest,
3196 5245 3240 5296 si
3289 5243 3440 5298 facile

1883 5308 1962 5350 est
1992 5316 2052 5352 ex
2084 5303 2184 5366 his,
2217 5321 2232 5350 ι
2270 5312 2372 5355 etc.

1954 5369 2025 5437 (5)
2058 5371 2130 5423 Ex
2190 5371 2354 5424 Vatic.
2411 5381 2462 5425 et
2508 5371 2728 5426 Romani
2771 5375 2986 5445 Collein
3038 5395 3161 5432 mss.
3219 5382 3437 5434 fecimus

1889 5455 1907 5488 ι
1935 5440 2333 5507 homonymum,
2364 5459 2381 5491 ι
2417 5457 2535 5493 cum
2557 5440 3078 5501 vitioseantca'essel
3113 5467 3130 5499 ι
3161 5452 3390 5501 nomina.
3412 5471 3430 5501 ι

1958 5509 2032 5578 (6)
2070 5509 2332 5561 Articulus
2369 5528 2384 5558 ι
2420 5510 2501 5562 hic
2533 5529 2550 5561 ι
2593 5513 2720 5565 alias
2774 5516 2973 5576 deerat,
3021 5529 3070 5569 et
3120 5519 3171 5568 in
3236 5517 3439 5573 Latinis

1891 5593 2101 5646 quoque
2130 5580 2518 5655 exemplaribus
2548 5582 2914 5648 desideratur;
2955 5586 3099 5638 illum
3132 5601 3306 5639 autem
3338 5604 3428 5640 nr-

1891 5659 1974 5715 gct
2011 5649 2236 5698 innxittie
2268 5649 2533 5716 Didymus.
