4212 6452
767 370 864 438 ill

1916 373 1975 431 3.
2015 369 2322 433 EUSEBII
2362 370 2792 432 ΗΙΕΠΟΝΥΜΙ

3866 370 3975 443 il!

758 516 941 554 vocem
1004 498 1119 565 ejus
1150 500 1444 561 audieritis,
1490 504 1659 552 nolite
1711 500 1971 553 obdurare
2016 503 2175 554 corda
2221 516 2309 554 ve-
2340 510 2384 565 Α
2413 502 2557 555 dabit
2584 516 2715 555 nona
2744 499 3043 569 petentibus
3072 511 3129 551 se
3155 497 3236 551 '°?
3268 515 3285 547 ι
3322 493 3467 548 Alter
3495 508 3657 547 vero:
3695 509 3713 543 α
3744 493 3965 558 Quanto

754 598 861 642 atra
878 587 921 649 ',
952 605 971 640 ι
1000 598 1104 642 etc.
1150 587 1206 642 ln
1246 590 1345 645 fine
1383 604 1591 657 quoque
1646 590 1870 641 Aetnnm
1920 591 2302 655 apostolorum.

752 692 869 730 cum
892 676 1090 732 Judteis
1120 680 1413 745 disputans,
1442 679 1515 730 ait
1547 696 1560 732 :
1606 696 1625 729 ι
1659 679 1809 732 Sicut
1839 678 2067 745 Spiritus
2090 692 2306 735 sanctus

752 769 962 821 locutus
998 779 1079 822 est
1104 784 1195 837 per
1217 768 1403 821 lsaiam
1437 770 1749 836 propltetam
1776 770 1838 823 ad
1868 780 2049 839 patres
2072 782 2301 835 nostros,

753 863 937 923 dicens
966 879 979 915 :
1020 861 1356 915 Auditionem
1389 863 1637 924 audietis,
1669 873 1722 917 et
1761 877 1863 915 non
1895 862 2247 931 intelligetis'.
2280 882 2299 915 ι

754 952 932 1019 Neque
991 954 1128 1004 eitim
1181 951 1375 1006 Paulus
1423 953 1582 1005 alium
1648 954 1846 1005 habens
1884 950 2144 1020 Spiritum
2177 969 2303 1006 sano

752 1053 916 1107 ctum,
948 1044 1059 1096 haec
1097 1042 1163 1096 de
1204 1058 1266 1097 eo
1313 1044 1549 1111 scripsit,
1601 1044 1688 1111 qui
1744 1045 1794 1096 in
1852 1045 2123 1112 prophetis
2183 1056 2304 1099 ante

755 1137 1043 1187 adventum
1073 1135 1278 1188 Domini
1308 1136 1442 1187 alius
1474 1135 1608 1198 fuit;
1658 1134 1748 1188 sed
1802 1136 1865 1189 de
1921 1152 1985 1189 eo
2044 1136 2195 1203 cujus
2250 1146 2302 1189 et

751 1226 863 1292 ipse
906 1226 1171 1294 particeps
1229 1225 1352 1289 fuit;
1405 1215 1459 1277 et
1503 1240 1687 1281 omnes
1718 1226 1807 1295 qui
1846 1227 1895 1280 in
1936 1227 2035 1281 fide
2063 1242 2303 1279 consum-

750 1330 904 1374 matte
935 1322 1145 1374 virtutis
1183 1321 1511 1373 ferebantur.
1546 1319 1696 1375 Unde
1716 1330 1910 1375 etcum
1934 1320 2160 1373 articulo
2186 1319 2302 1387 ejus

753 1415 1011 1477 meminit,
1045 1415 1196 1481 quasi
1231 1413 1525 1466 solitarium
1552 1424 1604 1466 et
1637 1428 1797 1465 unum
1826 1427 1944 1465 esse
1968 1424 2295 1468 contestans.

751 1504 837 1553 ubi
871 1504 989 1553 dicit
1045 1518 1148 1555 non
1197 1502 1528 1571 simpliciter,
1577 1502 1796 1573 Πνεῦμα
1842 1502 2014 1571 ἅγιον,
2071 1503 2169 1555 hoc
2220 1515 2295 1554 es'

755 1611 773 1640 ι
800 1592 1027 1655 Spiritus
1052 1602 1286 1655 sanctus,
1314 1613 1331 1646 ι
1370 1594 1459 1647 sed
1487 1609 1605 1647 cum
1628 1595 1991 1648 additamento
2014 1594 2222 1647 articuli
2242 1594 2301 1645 τὸ

747 1680 972 1746 Πνεῦμα
987 1683 1047 1734 τὸ
1065 1684 1215 1750 ἆγιον
1241 1683 1315 1752 (7)
1342 1700 1355 1746 ;
1385 1684 1485 1735 hoc
1501 1693 1579 1735 est
1612 1702 1629 1733 ι
1657 1684 1744 1737 hic
1774 1683 1999 1751 Spiritus
2021 1692 2250 1736 sanctus.
2277 1701 2293 1731 ι

748 1760 813 1813 Et
836 1757 997 1827 109
1021 1775 1215 1813 Isaiam
1238 1766 1590 1831 propltetassc
1616 1773 2005 1817 commemorat
2030 1779 2153 1817 cum
2182 1764 2315 1817 arti-

2408 593 2576 661 magis
2605 591 2762 645 Pater
2791 600 2966 645 vester
2992 589 3224 645 cmlestis
3278 586 3425 641 dabit
3481 585 3737 655 Spiritum
3796 598 3956 636 suum

2388 691 2633 734 sanctum
2656 678 2966 747 petentibus
2986 692 3043 730 se
3062 677 3099 707 "
3121 676 3144 729 ἲ
3168 696 3185 728 ι
3216 676 3293 730 Ex
3310 679 3507 745 quibus
3525 689 3769 746 apparet,
3790 677 3969 744 Spiri-

2390 780 2497 823 tum
2530 780 2777 825 sanctum
2806 768 3201 838 plenitudinem
3231 769 3637 823 essedonorutn
3663 768 3761 842 (at.
3789 771 3969 825 bono-

2389 858 2534 930 rum]
2560 861 2651 914 Dei
2681 875 2697 925 ;
2734 871 2789 913 et
2821 874 2884 912 ea
2916 874 3037 927 qua:
3066 858 3328 913 divinitus
3349 860 3827 924 administrantur,
3853 877 3965 915 non

2388 953 2599 1019 absque
2645 966 2712 1005 eo
2752 952 3083 1013 subsistrre;
3114 951 3241 1017 quia
3284 966 3474 1005 oumes
3514 953 3798 1014 utilitates,
3845 970 3971 1021 quae

2388 1059 2451 1096 ex
2489 1046 2753 1096 donorum
2790 1041 2880 1095 Dei
2929 1044 3101 1111 gratia
3142 1046 3542 1111 suscipiuntur,
3572 1062 3636 1100 ex
3672 1047 3779 1101 isto
3815 1046 3971 1101 fonte

2386 1132 2857 1201 dimanant.Quod
2876 1144 3055 1188 autem
3069 1135 3500 1190 substantialiter
3517 1138 3716 1190 bonum
3735 1150 3839 1195 est.
3860 1155 3967 1192 non

2390 1236 2572 1299 potest
2625 1236 2902 1283 extranea
2948 1241 3120 1298 capax
3147 1241 3267 1281 esse
3318 1229 3603 1295 bonitatis,
3640 1231 3802 1300 ιιο
3844 1248 3971 1287 cum

2409 1311 2579 1377 ipsum
2618 1311 2813 1363 trtbuat
2838 1313 3045 1364 caneris
3078 1312 3389 1365 bonitatem.
3422 1311 3585 1379 Igitur
3618 1317 3963 1365 ιιιυιιίιιιειιιηι

2405 1409 2505 1458 est.
2540 1414 2643 1452 non
2678 1414 2707 1453 a
2740 1400 3108 1468 corporalibus
3150 1410 3375 1464 tantum,
3412 1402 3505 1454 sed
3532 1409 3582 1453 et
3611 1404 3676 1454 ab
3713 1404 3967 1469 incorpo-

2407 1488 2603 1543 ralibus
2632 1492 2893 1543 creaturis
2916 1502 3228 1544 extraneum
3251 1506 3370 1545 esse
3400 1491 3651 1558 Spiritum
3675 1502 3961 1554 sanctum;

2402 1580 2524 1643 quia
2562 1590 2768 1634 eteteraa
2797 1581 3108 1634 substantiae
3160 1580 3301 1635 hanc
3351 1582 3703 1635 substantiam
3756 1584 3967 1635 sancti-

2404 1670 2671 1725 ﬁcationis
2702 1674 3006 1741 accipiunt;
3040 1674 3138 1727 iste
3172 1689 3299 1727 vero
3327 1691 3430 1728 non
3462 1686 3662 1728 tantum
3717 1692 3822 1728 non
3879 1685 3963 1729 est

2404 1777 2568 1829 capax
2603 1764 3041 1818 sanctificationis
3068 1766 3273 1829 alieua‘,
3301 1765 3392 1819 sed
3420 1768 3638 1839 insuper
3669 1770 3966 1821 attributor

745 1854 925 1905 culata
949 1867 1101 1914 voce.
1128 1854 1218 1905 διὰ
1249 1855 1309 1905 τ’)
1345 1855 1570 1923 Πνεῦμα
1596 1856 1659 1908 τὸ
1681 1856 1835 1923 ἅγιον
1862 1856 1965 1926 (8).
1992 1856 2043 1910 id
2072 1866 2150 1910 est
2180 1874 2198 1907 ι
2225 1850 2373 1923 ρει-η
2399 1869 2408 1901 t

2302 1850 2373 1909 ΓΒ
2399 1861 2479 1903 est
2504 1860 2555 1905 et
2582 1862 2811 1905 creator.
2840 1852 3076 1922 Denique
3100 1857 3188 1923 qui
3219 1856 3602 1909 communione
3630 1857 3747 1924 ejus
3776 1855 3965 1910 fruun-

747 1942 891 1997 hunc
912 1944 1176 2012 Spiritum
1199 1932 1472 2008 mnuum,
1510 1966 1528 1997 ι
1552 1957 1601 1997 ιι
1624 1963 1730 1999 non
1750 1948 2071 2017 simpliciter
2089 1947 2320 2015 Πνεῦμα,
2402 1950 2506 2004 tur,
2542 1944 2828 2009 participes
2861 1944 3113 1997 dicuntur
3156 1946 3386 2013 Spiritus
3417 1947 3610 2006 sancti,
3638 1947 3964 2000 sanctificati

748 2038 918 2105 ἅγιον.
950 2038 1139 2093 Petrus
1165 2053 1375 2107 quoque
1411 2039 1463 2091 in
1500 2053 1563 2092 co
1590 2054 1857 2102 sermone,
1887 2055 1994 2108 quo
2023 2043 2301 2107 praesenti-

748 2131 843 2179 bus
870 2130 1212 2195 persnadebat
1243 2149 1254 2185 :
1290 2133 1307 2179 't
1333 2128 1647 2196 Oportuerat
1678 2130 1773 2202 [αΙ.
1798 2129 2064 2201 Oportet],
2105 2133 2295 2200 inquit,

748 2222 955 2286 impleri
1010 2223 1363 2289 Scripturam,
1414 2237 1572 2288 quam
1650 2222 1853 2275 locutus
1912 2232 1995 2277 est
2067 2225 2297 2293 Spiritus

745 2323 959 2365 sanctus
1008 2312 1079 2378 (id
1106 2321 1210 2373 est,
1258 2311 1317 2364 τὸ
1340 2311 1561 2382 Πνεῦμα
1583 2312 1641 2365 τὸ
1664 2313 1838 2381 ἅγιον)
1882 2330 1975 2383 per
2026 2330 2088 2369 os
2134 2317 2299 2373 David

744 2405 806 2453 de
824 2399 955 2454 Jmla
980 2402 1035 2453 ':
1069 2421 1086 2451 ι
1124 2402 1410 2454 ostendens
1436 2412 1489 2453 et
1520 2402 1631 2467 ipse
1670 2405 1911 2457 cmndem
1944 2403 2222 2474 Spiritum,
2246 2418 2297 2462 et

743 2492 793 2543 iu
832 2492 1124 2558 prophetis,
1158 2500 1210 2543 cl
1235 2492 1284 2544 in
1324 2493 1579 2556 apostolis
1608 2504 1906 2560 operatum.

810 2586 861 2638 ι.
904 2584 1113 2637 Plenius
1141 2584 1204 2635 de
1232 2585 1331 2637 hoc
1364 2584 1412 2637 in
1440 2587 1889 2653 consequentibus
1918 2587 2290 2651 tractabimus.

741 2693 859 2729 cum
904 2676 1081 2729 dicere
1122 2677 1459 2743 cmpcrimtts,
1518 2692 1618 2729 non
1658 2677 1826 2731 solum
1870 2679 2149 2734 Dominum
2196 2680 2292 2751 ῘηΙ.

744 2769 929 2841 Deum]
989 2768 1217 2822 Verbum
1273 2768 1468 2821 factum
1516 2784 1637 2823 esse
1679 2769 1744 2823 ad
1780 2772 2067 2839 prophetas
2119 2774 2211 2825 sed
2242 2784 2294 2826 et

742 2860 997 2926 Spiritum
1034 2868 1308 2923 sanctum;
1340 2861 1462 2924 quia
1504 2870 1554 2913 et
1589 2861 2016 2927 inseparabiliter
2047 2865 2287 2927 posside-

740 2959 847 3010 tur,
879 2964 998 3003 cum
1030 2949 1304 3019 unigenito
1356 2948 1490 3003 Filio
1536 2949 1647 3005 Dei.
1709 2951 1824 3017 Ipsa
1871 2968 1971 3007 vox
2028 2952 2125 3024 [αἱ.
2177 2953 2291 3023 Ipsa

743 3040 910 3105 igitur
949 3037 1074 3110 vox}
1100 3038 1334 3106 Spiritus
1357 3040 1529 3094 sancti
1564 3082 1578 3103 ,
1613 3056 1714 3093 non
1744 3050 1824 3095 est
1862 3057 2023 3096 vacua
2065 3044 2297 3111 πιψριιπ.

742 3129 839 3192 tio,
878 3130 971 3182 sed
1015 3127 1341 3190 subiacentis
1371 3129 1616 3181 essentia:
1645 3131 2057 3185 demonstratrix
2085 3150 2099 3184 :
2152 3132 2292 3186 Patri

739 3218 981 3289 Filioque
1011 3221 1154 3274 socia
1186 3218 1283 3291 [αι.
1314 3218 1562 3290 sociata],
1596 3232 1648 3273 et
1683 3237 1710 3273 a
1762 3224 2023 3275 creaturis
2079 3225 2292 3290 penitus

749 3311 943 3365 aliena.
972 3311 1101 3365 Cum
1129 3310 1269 3365 enim
1298 3320 1563 3365 creaturae
1598 3312 1649 3363 in
1692 3312 1940 3374 visibilia,
1986 3315 2113 3367 etin
2166 3316 2298 3367 invi-

739 3402 937 3465 sibilia,
971 3403 1126 3456 idest
1161 3403 1213 3455 in
1236 3402 1532 3470 corporalia
1569 3414 1621 3455 et
1668 3402 1718 3455 in
1765 3404 2120 3472 incorporalia
2167 3419 2293 3473 par-

742 3495 958 3557 tiantur,
988 3508 1085 3547 nec
1111 3493 1177 3547 de
1206 3493 1576 3560 corporalibus
1606 3494 1921 3548 substantiis
1948 3505 2027 3549 est
2064 3495 2296 3564 Spiritus

738 3594 975 3647 sanctus,
1036 3586 1227 3637 animze
1273 3594 1327 3638 et
1380 3599 1569 3637 sensus
1599 3586 1890 3649 habitator,
1939 3588 2200 3640 sermonis
2241 3597 2295 3641 et

739 3677 1035 3745 sapientiae,
1067 3686 1120 3728 et
1154 3676 1391 3729 scientitc
1422 3675 1677 3730 effector:
1708 3692 1805 3731 nec
1837 3678 1902 3733 de
1945 3678 2295 3733 inuisibilibus

739 3767 1019 3821 creaturis.
1054 3765 1176 3820 flre
1207 3767 1400 3834 quippe
1429 3766 1603 3819 omnia
1658 3768 1936 3835 sapientiae
1988 3779 2042 3823 et
2085 3778 2299 3825 caetera-

740 3874 857 3912 rnm
889 3859 1165 3913 virtutum.
1197 3866 1249 3909 et
1279 3859 1713 3912 sanctiﬁcationis
1747 3860 1962 3927 capacia
2010 3871 2148 3913 sunt.
2194 3863 2294 3915 lsta

737 3961 869 3999 vero
904 3945 1222 4004 substantia,
1254 3944 1317 3997 de
1342 3960 1442 4010 qua
1477 3961 1615 3997 nunc
1648 3960 1824 4000 sermo
1871 3956 1973 4009 est,
2026 3950 2298 4014 sapientia:

739 4046 791 4087 ct
818 4036 1077 4096 scientim,
1111 4044 1158 4085 ct
1196 4034 1633 4087 sanctificationis
1679 4036 1917 4090 effectrix
1963 4048 2063 4091 cst.
2114 4037 2295 4106 Neque

739 4129 879 4182 enim
914 4126 1137 4180 inveniri
1175 4137 1347 4192 potest
1374 4125 1545 4191 aliqua
1576 4125 1626 4177 in
1679 4126 1877 4193 Spiritu
1912 4138 2099 4179 sancto
2150 4128 2297 4179 forti-

741 4220 887 4280 tudo,
933 4227 1021 4272 aut
1068 4218 1307 4285 operatio
1353 4215 1796 4270 sanctificationis
1846 4218 2165 4284 virtutisque
2194 4219 2295 4284 (9),

740 4323 899 4376 quam
943 4308 1007 4359 ab
1060 4318 1313 4359 extraneo
1352 4307 1580 4370 quodam
1630 4306 1927 4358 sustineat:
1961 4308 2081 4373 quia
2120 4310 2297 4363 istius-

740 4399 883 4453 modi
916 4408 1102 4451 natnra
1145 4396 1413 4450 mutabilis
1440 4407 1543 4450 εει.
1590 4395 1755 4449 Porro
1798 4396 2028 4464 Spiritus
2058 4409 2293 4465 sanctus,

2401 2033 2585 2097 trtiqne
2641 2033 2706 2085 ab
2751 2048 2835 2085 eo.
2893 2033 3179 2102 Perspicue
3222 2036 3365 2087 enim
3419 2037 3672 2103 scriptum
3702 2047 3780 2089 est
3805 2036 3920 2105 (10)
3947 2076 3963 2101 ,

2406 2139 2423 2172 ι
2460 2123 2521 2175 Et
2554 2123 2774 2190 Spiritui
2814 2126 2999 2193 gratia:
3039 2125 3416 2179 contumeliam
3451 2127 3733 2191 faciens",
3762 2147 3779 2178 ι
3820 2130 3965 2181 haml

2399 2215 2612 2268 dubium
2658 2217 2783 2283 quin
2839 2218 2882 2270 is
2932 2218 3020 2285 qui
3077 2229 3193 2285 post
3244 2220 3631 2285 susceptionem
3681 2220 3796 2288 ejus
3822 2235 3947 2288 pec-

2398 2306 2622 2358 caverit.
2656 2305 2709 2360 Si
2739 2316 2916 2359 autcm
2948 2309 3317 2361 sanctificatus
3360 2318 3443 2362 est
3476 2324 3573 2374 per
3621 2313 3965 2364 communio-

2402 2410 2522 2447 nem
2562 2397 2793 2461 Spiritus
2825 2399 3018 2460 sancti,
3047 2399 3346 2451 ostenditnr
3370 2402 3511 2467 quod
3548 2403 3658 2469 ipse
3687 2404 3963 2472 particeps

2399 2484 2514 2551 ejus
2550 2487 2728 2547 fuerit,
2763 2497 2815 2539 et
2844 2487 3063 2554 largitor
3094 2489 3208 2551 eius
3244 2490 3689 2545 sanctificationis
3718 2492 3960 2559 Spiritus

2398 2590 2636 2632 sanctus.
2668 2580 2955 2643 Apostolus
2979 2596 3189 2647 quoque
3244 2583 3309 2634 ad
3342 2581 3647 2637 Corinthios
3686 2585 3960 2652 scribens,

2400 2682 2450 2723 et
2485 2686 2804 2723 enumerans
2845 2686 2936 2723 eos
2978 2672 3067 2737 qui
3121 2686 3339 2739 regnum
3384 2674 3640 2727 caelorum
3668 2686 3793 2729 sunt
3826 2691 3966 2729 con.

2398 2762 2653 2823 secuturi,
2684 2764 2829 2814 addit
2857 2764 3041 2817 dicens
3072 2782 3088 2817 :
3130 2781 3149 2813 ‹
3184 2764 3245 2816 Et
3299 2766 3411 2818 bzcc
3468 2766 3679 2833 quidem
3739 2766 3965 2833 fuistis;

2398 2850 2491 2901 sed
2520 2849 2684 2902 abiuti
2718 2853 2869 2910 estis,
2903 2852 2999 2904 sed
3030 2854 3348 2906 sanctificati
3389 2856 3537 2916 estis,
3564 2856 3656 2908 sed
3681 2855 3961 2919 justificati

2395 2941 2547 3002 estis,
2605 2941 2654 2994 in
2717 2942 2930 2995 nomine
2986 2941 3109 2995 Jesu
3154 2943 3351 2997 Christi
3399 2955 3455 2998 et
3504 2947 3555 2998 in
3614 2946 3813 3015 Spiritu
3865 2946 3963 3003 Dei

2397 3034 2565 3086 nostri
2595 3033 2638 3064 “
2672 3048 2689 3085 :
2729 3053 2747 3086 ι
2781 3034 3035 3102 Spiritum
3075 3036 3186 3100 Dei,
3220 3052 3323 3088 non
3356 3037 3515 3090 alium
3548 3052 3795 3092 asserens
3830 3055 3964 3095 esse

2396 3136 2552 3188 quam
2580 3123 2834 3190 Spiritum
2865 3133 3129 3177 sanctum.
3167 3125 3373 3179 Etenim
3402 3126 3454 3178 in
3502 3130 3963 3196 consequentibus

2399 3215 2535 3267 idem
2575 3215 2855 3281 approbat,
2884 3216 3104 3270 dicens:
3143 3234 3162 3264 ε
3195 3215 3360 3270 Nemo
3392 3218 3443 3271 in
3489 3216 3688 3287 Spiritu
3742 3220 3833 3273 Dei
3881 3220 3964 3274 lo-

2396 3320 2588 3372 quens,
2616 3305 3050 3359 dicitanatltema
3079 3304 3238 3359 Iesu:
3291 3315 3344 3360 et
3388 3322 3546 3360 nemo
3593 3306 3724 3361 dicit
3777 3307 3964 3362 Domi-

2398 3411 2523 3449 tium
2566 3394 2767 3460 Iesum,
2814 3397 2911 3449 nisi
2941 3397 2995 3450 in
3045 3398 3243 3466 Spiritu
3296 3396 3572 3461 sancto“,
3601 3416 3620 3449 ι
3696 3396 3959 3467 Spiritum

2399 3486 2511 3547 Dei,
2546 3487 2801 3553 Spiritum
2830 3498 3071 3541 sanctum
3096 3503 3215 3541 esse
3249 3488 3602 3541 confirmans.

2471 3577 2523 3629 5.
2561 3577 2614 3629 Si
2670 3577 2831 3642 igitur
2874 3579 3238 3631 sanctificator
3292 3577 3390 3649 [ιιι.
3438 3576 3820 3649 sanctificatio]
3846 3587 3957 3643 est,

2401 3682 2501 3719 non
2554 3667 2850 3727 mutabilis,
2897 3669 2989 3720 scd
3040 3668 3386 3722 immutabilis
3424 3668 3739 3722 substantiae
3773 3679 3962 3721 osten-

2400 3756 2563 3809 ditur.
2590 3758 2974 3811 lmmutabilem
3001 3768 3179 3810 autem
3207 3758 3560 3811 substantiam
3597 3756 3688 3810 Dei
3719 3766 3957 3818 tantum,

2399 3857 2450 3899 et
2471 3848 2724 3915 nnigeniti
2753 3848 2868 3900 Filii
2897 3848 3032 3912 ejus,
3056 3848 3494 3902 manifestissime
3523 3850 3736 3902 tradunt
3762 3849 3949 3901 divina

2398 3938 2605 4004 eloquia
2639 3956 2651 3991 :
2681 3938 3085 3992 convertibilem
3117 3946 3169 3991 et
3205 3938 3511 3991 mutabilem
3542 3952 3755 3992 omnem
3790 3955 3947 3992 erea-

2399 4036 2635 4080 tnrarum
2693 4028 3047 4080 substantiam
3104 4030 3463 4096 prtedicautia.
3516 4026 3650 4096 Ergo
3690 4032 3951 4096 quoniam

2398 4118 2691 4171 substantia
2739 4117 2969 4185 Spiritus
3029 4118 3201 4171 sancti
3264 4132 3369 4171 non
3426 4118 3817 4179 convertibilis,
3864 4122 3963 4175 sed

2398 4208 2819 4263 inconvertibilis
2855 4209 3212 4263 demonstrata
3252 4220 3374 4264 est:
3410 4226 3514 4263 non
3546 4212 3650 4264 erit
3688 4216 3959 4265 creatura

2398 4301 2650 4372 ὁμοὺσιον
2690 4301 2812 4373 [leg.
2840 4302 3138 4373 epotis-tm].
3175 4302 3328 4356 Esset
3356 4303 3552 4370 quippe
3603 4313 3656 4354 et
3709 4314 3958 4357 creatura

2401 4393 2764 4457 immutabilis,
2801 4394 2843 4447 si
2881 4408 3000 4445 cum
3045 4392 3198 4445 Patre
3229 4402 3518 4459 poneretur
3544 4402 3598 4445 et
3623 4390 3777 4452 Filio,
3804 4405 3959 4444 eam-

740 4488 1078 4541 confcssione
1112 4488 1369 4549 omnium,
1407 4487 1756 4540 immutabilis
1800 4498 1902 4552 est,
1938 4491 2297 4547 sattctificalor
2327 4497 2373 4553 1)
2401 4486 2519 4537 (lcm
2552 4484 2752 4538 habens
2786 4482 3365 4536 inconvertibilitatem.
3396 4481 3566 4536 Omne
3614 4483 3755 4535 enim
3816 4485 3960 4549 quod

740 4578 978 4631 scicntite
1028 4578 1238 4636 diviute,
1293 4584 1346 4630 et
1398 4578 1768 4629 universorum
1810 4579 2097 4633 attributor
2127 4584 2295 4634 bono-

740 4684 881 4731 rum,
916 4679 991 4730 et,
1020 4679 1077 4721 nt
1108 4670 1318 4723 brevius
1370 4668 1563 4730 dicam,
1613 4670 1725 4735 ipse
1766 4670 2063 4723 subsistens
2110 4673 2160 4724 in
2218 4674 2299 4727 bis

741 4758 895 4808 bonis
945 4772 1061 4820 qua:
1129 4772 1155 4808 a
1208 4758 1430 4809 Domino
1488 4756 1803 4821 largiuntur.
1867 4756 1997 4809 Nam
2054 4763 2297 4814 eumdem

742 4842 1009 4909 Evangelii
1073 4846 1244 4897 locum
1310 4842 1586 4896 Mattbaius
1638 4843 1911 4912 Lucasqnc
1964 4848 2294 4909 describens.

740 4934 876 4987 alter
911 4950 974 4986 ex
1027 4934 1109 4987 bis
1153 4934 1266 4987 ait:
1333 4953 1351 4985 ι
1381 4934 1591 5000 Quanto
1634 4936 1802 5004 magis
1854 4934 2013 4988 Pater
2062 4938 2295 4992 ccelestis

810 5045 832 5077 ⁷
874 5044 1028 5098 Hebr.
1059 5060 1141 5099 ιιι.
1189 5046 1220 5098 7
1252 5063 1265 5105 ;
1293 5044 1431 5097 Psal.
1481 5061 1617 5099 χειν.
1682 5046 1734 5100 8.

746 5115 785 5145 ¹¹
831 5121 957 5168 an.
984 5130 1057 5175 XI.
1106 5116 1190 5168 15.
1270 5116 1312 5145 ¹¹
1354 5114 1590 5179 llebr.x,
1621 5114 1709 5168 29.
1789 5117 1831 5147 ’⁸
1872 5117 2043 5171 lCor.
2075 5134 2143 5182 \‘t,
2182 5120 2264 5171 Η.

814 5242 891 5308 (7)
931 5241 1167 5313 Alterum
1197 5245 1257 5297 τό
1283 5260 1345 5298 es
1400 5245 1589 5299 Graeco
1637 5246 1925 5313 exomplari
1984 5249 2299 5311 addidimus,

746 5312 1019 5365 contextui
1061 5322 1114 5363 et
1163 5315 1401 5367 auctoris
1428 5316 1590 5368 menti
1643 5312 1872 5369 maxime
1921 5320 2297 5371 necessarium.

818 5380 893 5455 (8)
956 5379 1095 5432 Idem
1146 5396 1275 5433 mss.
1326 5383 1377 5455 in
1416 5383 1671 5455 gignendi
1715 5399 1838 5455 casu
1888 5384 1973 5455 διᾲ
2024 5386 2115 5438 τοῦ
2146 5387 2298 5455 ἁγίου

746 5447 1079 5520 Πνε-ῦμετος.
1118 5458 1170 5501 et
1198 5464 1319 5503 mox
1354 5451 1438 5503 διὰ
1461 5447 1552 5502 toﬁ
1580 5452 1908 5520 Πνευμάτος.
1939 5452 2176 5507 Rectius.

821 5514 904 5583 t9)'
930 5514 1268 5572 'l'bolosauus
1300 5536 1418 5572 cum
1446 5522 1641 5572 nostris
1672 5514 1801 5573 mss.
1830 5514 1882 5574 et
1929 5524 2152 5577 furuisse
2210 5540 2297 5577 vc-

751 5585 886 5662 rins,
920 5603 939 5634 ι
973 5585 1245 5662 ῐοτιῆῳάοΡ
1281 5592 1532 5662 quamah
1566 5598 1815 5662 extranea
1853 5596 2075 5657 quadam
2109 5608 2297 5662 opera-

752 5652 903 5725 tione
927 5652 1384 5725 sanctificationis,
1418 5660 1731 5722 vit-tutisque
1765 5652 2032 5725 suscipiat.
2064 5680 2081 5710 ι

821 5720 933 5788 (1οὶ
967 5722 1409 5800 Eratincongrno
1440 5741 1595 5800 sensu
1651 5720 1703 5777 et
1747 5720 2009 5800 vitiososc
2040 5731 2294 5800 scriptum

746 5799 849 5855 est,
878 5792 1017 5857 quod
1043 5794 1246 5859 spiritui
1280 5796 1481 5862 gratim,
1518 5796 1567 5847 in
1626 5809 1729 5860 quo
1780 5792 2162 5854 sanctiﬁcatus'
2195 5810 2292 5864 est,

2343 5064 2451 5172 at
2474 5047 2613 5170 11::-
2743 5047 2797 5168 ἓν

1811 5049 1830 5077 ’³
1870 5049 1989 5100 Act.
2019 5065 2205 5105 XXVIII.
2231 5050 2301 5103 25
2334 5064 2358 5101 s

2399 4574 2554 4627 alieni
2583 4574 2705 4626 boni
2746 4588 2912 4639 capax
2947 4582 3049 4631 est,
3091 4572 3156 4625 ab
3184 4572 3285 4625 hac
3315 4572 3618 4625 substantia
3651 4582 3954 4639 separatur.

2398 4664 2553 4716 Tales
2582 4673 2755 4715 autem
2784 4671 2907 4715 sunt
2934 4672 3135 4715 cuncta:
3160 4672 3451 4724 creatum;
3500 4662 3637 4715 Deus
3676 4676 3805 4715 vero
3834 4676 3956 4714 cum

2399 4751 2567 4804 bonus
2602 4753 2688 4813 sit,
2724 4751 2841 4803 fons
2868 4761 2919 4803 et
2972 4752 3288 4819 principium
3340 4753 3597 4805 bonorum
3651 4762 3733 4805 est
3776 4777 3787 4809 ;
3831 4754 3961 4808 facit

2400 4841 2562 4908 igitur
2610 4854 2701 4893 eos
2743 4839 2925 4905 bonos,
2980 4840 3169 4907 quibus
3215 4856 3271 4894 se
3329 4842 3586 4908 impertit,
3638 4843 3809 4897 bonus
3846 4859 3961 4909 ipse

2402 4946 2504 4983 non
2526 4930 2692 4984 factus
2717 4931 2917 4996 abalio,
2941 4932 3367 4987 sedsubsistens:
3397 4933 3516 4989 ideo
3538 4934 3794 5002 capabilis
3820 4938 3866 5002 (Ι
3886 4936 3954 5001 t),

2989 5047 3009 5077 ’
3046 5046 3166 5099 Act.
3200 5063 3236 5109 t,
3271 5045 3356 5100 16.
3435 5048 3479 5079 ’⁸
3518 5046 3701 5101 Matth.
3730 5062 3822 5109 vn,
3868 5049 3956 5104 Η.

2406 5252 2781 5305 contumeliam
2814 5249 3032 5311 faciens,
3068 5251 3215 5321 gravi
3255 5250 3506 5321 punietur
3531 5263 3767 5316 peccato,
3795 5274 3813 5306 ι
3840 5271 3961 5321 qnze

2404 5336 2465 5373 cx
2520 5322 2749 5372 laudatis
2796 5320 3374 5391 tn_ss._castigavimus.
3428 5319 3685 5391 Congruit
3740 5319 3958 5379 lectioni

2403 5400 2599 5441 nostrtc
2626 5392 2786 5440 etiam
2822 5387 3034 5442 Tbolos.
3072 5404 3195 5450 ms.,
3233 5390 3441 5458 tametsi
3478 5387 3844 5458 in'supcriori
3872 5406 3956 5447 at-

2401 5473 2504 5527 que
2538 5458 2774 5527 inferiori
2813 5466 3060 5527 contextu
3093 5457 3368 5527 erroribus
3401 5469 3624 5514 scateat.

2472 5527 2581 5595 (li)
2620 5526 2749 5579 llinc
2792 5528 2953 5593 probe
3000 5524 3297 5596 intelligis,_
3326 5540 3431 5596 quo
3486 5541 3644 5580 sensu
3688 5546 3707 5578 ε
3744 5533 3965 5596 εηρτηιξ-

2400 5593 2521 5653 lem,
2558 5614 2573 5645 ›
2627 5606 2673 5647 et
2714 5612 2813 5647 nuu
2865 5613 2881 5643 ι
2912 5608 3184 5658 capacem,
3222 5612 3238 5643 ι
3268 5594 3519 5661 Spiritum
3574 5593 3820 5659 sanctum
3868 5593 3957 5651 οἱ·

2402 5666 2592 5732 dymus
2648 5664 2806 5716 dicat.
2864 5662 3062 5727 Nempe
3117 5664 3160 5713 si
3210 5679 3227 5710 ι
3262 5676 3508 5727 capacem
3541 5684 3558 5716 ι
3625 5664 3787 5719 Deum
3834 5667 3957 5720 boni

2404 5734 2646 5793 alicujus,
2685 5744 2773 5782 aut
2810 5732 3046 5791 virtutis,
3073 5740 3195 5792 puta
3225 5732 3523 5795 sapientiae,
3571 5743 3662 5786 aut
3717 5737 3959 5791 veritatis

2404 5802 2625 5855 dii-cret.
2652 5810 2856 5867 poterat
2902 5814 2994 5853 eas
3026 5799 3189 5853 videri
3216 5800 3426 5853 atiuudc
3458 5805 3833 5873 assumpsisse,
3864 5821 3962 5860 ne-
