4212 6460
751 401 864 471 115

1904 404 1966 465 S.
2007 405 2312 466 EUSEBll
2356 403 2797 464 lliERONYMI

3894 388 4000 459 116

766 523 887 575 latis
911 562 925 585 ,
971 519 1071 573 alia
1118 518 1427 586 angelorum
1475 513 1772 569 ostenditur
1818 524 1849 565 a
1892 510 2155 565 Trinitate
2205 524 2321 563 esse
2350 515 2391 570 Α
2426 510 2685 578 εοίρΙίηω,
2717 522 2819 562 non
2856 508 2906 561 iu
2936 508 3101 562 cassis
3136 509 3437 564 nominibus
3465 510 3701 565 scientia:
3728 511 3981 563 substan-

762 609 1078 665 substantia.
1121 607 1191 664 Ut
1218 607 1359 662 enim
1392 606 1548 660 Pater
1579 600 1942 664 sanetilicans,
1973 601 2107 653 alius
2142 607 2222 651 est
2246 598 2313 650 ab

762 702 846 755 bis
878 699 968 770 qui
1020 697 1459 760 sanctificantur;
1498 703 1552 747 et
1605 691 1773 747 Filius
1824 699 1905 745 est
1948 688 2080 742 alius
2126 686 2194 740 ab
2231 685 2315 739 bis

760 807 895 860 quos
917 791 1080 845 eﬂicit
1118 797 1329 843 sanctos
1359 803 1373 840 :
1401 786 1472 839 ita
1503 793 1557 838 et
1586 782 1817 852 Spiritus
1845 786 2064 833 sanctus
2094 776 2314 830 alterius

761 894 849 939 est
881 880 1192 937 substantiis
1220 879 1288 932 ab
1326 870 1412 931 his
1440 891 1577 944 quos
1622 874 1701 928 sui
1742 870 2022 940 largitione
2072 868 2313 923 sanctifi-

760 987 865 1030 οςιι.
912 975 966 1028 Si
995 987 1119 1037 vero
1160 969 1395 1027 lucretici
1429 963 1830 1036 proposuerint,
1870 976 1933 1016 ex
1975 970 2160 1014 natura
2186 973 2315 1012 con-

760 1065 980 1119 ditionis
1038 1036 1149 1118 sita:
1206 1059 1422 1126 angelos
1476 1064 1691 1109 sanctos
1742 1055 2316 1113 essezconsequenter

758 1165 1023 1228 coguntur
1061 1157 1241 1209 dicere
1281 1148 1568 1220 ὀμουσεους
1593 1162 1711 1199 esse
1740 1140 2013 1201 Trinitati,
2052 1147 2104 1191 et
2128 1139 2314 1190 incorr-

761 1227 1085 1304 vertihiliter
1116 1259 1208 1297 eos
1236 1240 1388 1307 juxta
1436 1236 1789 1291 substantiam
1839 1240 2051 1286 sanctos
2076 1243 2212 1283 esse.
2255 1227 2311 1280 Si

760 1351 936 1394 autem
966 1339 1063 1391 hoc
1089 1333 1429 1401 refugientes,
1480 1328 1733 1388 dixerint,
1778 1323 1932 1378 unius
1969 1322 2182 1391 quidem
2220 1334 2315 1370 na-

761 1441 893 1483 tum
919 1441 1037 1481 esse
1062 1440 1183 1479 cum
1211 1421 1422 1477 caeteris
1462 1417 1747 1478 creaturis,
1797 1430 1900 1469 non
1942 1423 2117 1466 tamen
2167 1424 2316 1463 eam-

760 1522 880 1575 dem
929 1519 1129 1573 habere
1180 1514 1538 1574 sanctitatem,
1569 1524 1730 1575 quam
1776 1506 2021 1561 homines
2063 1503 2309 1557 habent:

760 1608 1067 1664 necessario
1092 1606 1382 1661 deducetur
1408 1601 1543 1672 (1³1).
1568 1609 1626 1654 ut
1654 1599 1832 1652 dicant
1872 1597 2038 1650 multo
2080 1591 2314 1649 melioris

758 1699 1007 1756 homines
1027 1711 1147 1751 esse
1168 1694 1497 1756 substantiae;
1520 1704 1640 1744 cum
1668 1690 1722 1743 bi
1758 1702 1853 1755 per
1880 1684 2307 1740 communionem

763 1785 1047 1841 Trinitatis
1066 1784 1300 1839 habeant
1321 1780 1685 1844 sanctitatem,
1702 1788 1756 1831 et
1774 1775 1965 1845 angeli,
1980 1774 2191 1844 propria
2221 1786 2315 1824 na-

2420 602 2545 654 tiam
2602 601 2869 670 possidet;
2926 600 3018 655 sed
3074 614 3169 669 per
3225 611 3471 656 naturam
3527 602 3983 665 sanctificantem,

2423 699 2476 745 et
2519 692 2827 760 implentem
2871 690 3023 746 bonis
3063 690 3333 757 universa,
3374 676 3545 745 bonus
3574 691 3685 760 ipse
3713 692 3981 753 subsistit,

2416 780 2564 848 juxta
2608 794 2765 848 quam
2800 790 2854 834 et
2889 778 3073 847 repleti
3118 777 3332 847 quidam
3382 778 3582 848 Spiritu
3625 789 3816 833 sancto
3861 793 3987 833 esse

2421 869 2690 933 dicuntur,
2734 878 2791 924 ut
2835 871 2888 925 itt
2930 868 3152 925 Actibus
3200 870 3560 937 apostolorum
3591 870 3849 940 scriptum
3879 880 3984 934 est,

2425 976 2443 1010 ι
2469 960 2534 1013 Ει
2564 959 2746 1027 repleti
2782 970 2908 1014 sunt
2934 974 3120 1015 omnes
3148 960 3352 1029 Spiritu
3381 971 3584 1026 sancto,
3616 969 3668 1016 et
3690 959 3987 1028 loqueban-

2422 1058 2505 1103 tur
2530 1051 2749 1104 verbum
2769 1051 2860 1104 Dei
2892 1066 3012 1106 cum
3034 1050 3222 1105 fiducia
3253 1052 3318 1103 η.
3350 1069 3370 1103 ι
3404 1050 3519 1117 Quo
3542 1052 3698 1106 modo
3727 1051 3869 1106 enim
3893 1049 3985 1118 qui

2419 1136 2594 1206 aliqua
2632 1136 2909 1204 disciplina
2942 1138 3130 1207 plenus
3150 1148 3252 1203 est,
3281 1139 3370 1207 qui
3400 1140 3632 1209 perfecte
3658 1154 3775 1194 eam
3800 1138 3987 1201 habet,

2419 1228 2623 1281 erudite
2649 1236 2702 1279 et
2730 1227 2993 1280 subtiliter
3004 1239 3178 1296 potest
3199 1231 3262 1284 de
3285 1244 3346 1284 ea
3368 1228 3608 1297 proferre
3631 1242 3935 1283 sermonem
3969 1246 3983 1281 :

2419 1320 2497 1371 sic
2538 1318 2626 1386 qui
2667 1316 2923 1385 Spiritum
2971 1327 3213 1372 sanctum
3254 1328 3620 1376 consummate
3658 1318 3986 1387 acceperint,

2421 1410 2494 1462 ita
2516 1418 2572 1461 ut
2592 1408 2910 1475 impleantur
2932 1419 3017 1472 eo,
3042 1421 3167 1463 cum
3191 1408 3382 1463 fiducia
3404 1411 3620 1464 verbum
3647 1408 3738 1461 Dei
3767 1407 3989 1475 loquun-

2420 1505 2525 1561 tur,
2542 1497 2662 1563 quia
2688 1510 2920 1563 presens
2943 1494 3177 1567 Spiritus
3203 1506 3421 1553 sanctus
3442 1498 3654 1567 dignam
3673 1498 3780 1551 Deo
3798 1510 3987 1550 vocem

2425 1587 2715 1641 ministrat.
2766 1584 2903 1641 liinc
2940 1586 3157 1655 quidam
3200 1584 3297 1658 [αι.
3328 1584 3481 1641 Unde
3510 1597 3566 1641 et
3591 1584 3836 1655 quidam]
3863 1600 3987 1638 cum

2420 1679 2704 1749 supercilio
2759 1678 2876 1734 ait:
2918 1697 2936 1731 ι
2961 1679 3087 1735 Bac
3133 1681 3265 1735 dicit
3307 1679 3537 1749 Spiritus
3592 1688 3807 1734 sanctus
3845 1677 3930 1742 ”;
3965 1695 3981 1727 ι

2420 1782 2475 1825 et
2524 1772 2852 1841 Apostolus:
2908 1771 3073 1827 «Sed
3135 1772 3465 1841 implentiui,
3513 1771 3721 1841 inquit,
3782 1769 3988 1838 Spiritu

764 1889 880 1933 tura
900 1876 1094 1939 sancti,
1122 1874 1188 1928 ab
1210 1887 1269 1926 ea
1294 1872 1401 1928 sint
1426 1870 1603 1924 alieni.
1626 1868 1732 1924 Sed
1752 1877 1871 1921 vota
1894 1877 2014 1919 sunt
2037 1865 2308 1919 hominum
2342 1869 2383 1927 Β
2412 1867 2599 1917 sa‘ncto
2621 1863 2702 1929 ⁹¹;
2730 1881 2747 1914 ι
2778 1872 2834 1917 et
2861 1862 2913 1917 in
2938 1861 3122 1916 multis
3164 1861 3296 1917 locis
3341 1864 3572 1918 Actuum
3603 1861 3984 1928 apostolorum,

761 1966 1166 2035 perfectorum,
1222 1971 1274 2015 et
1327 1961 1391 2013 ad
1444 1957 1961 2013 consummationem
2015 1954 2312 2007 sanctitatis

762 2054 1124 2113 venientium,
1194 2048 1425 2118 aequales
1476 2046 1680 2116 angelis
1750 2044 1863 2098 lleri
1930 2042 2060 2112 (18).
2126 2040 2312 2109 Angeli

763 2144 960 2211 quippe
1003 2122 1327 2202 hominibus,
1370 2147 1424 2191 et
1475 2151 1579 2190 non
1630 2135 1875 2189 homines
1922 2131 2123 2200 angelis
2156 2130 2312 2183 auxi-

765 2233 894 2286 lium
929 2230 1165 2282 tribuunt
1193 2269 1207 2293 ,
1252 2226 1615 2279 ministrantes
1640 2226 1718 2278 eis
1746 2223 1997 2281 salutem,
2022 2229 2076 2272 et
2109 2234 2317 2273 annun-

764 2320 964 2371 tiantes
1012 2317 1089 2369 eis
1139 2314 1365 2379 largiora
1415 2313 1502 2366 Dei
1552 2311 1808 2367 beneﬁcia
1839 2308 1971 2379 (l9).
2002 2309 2074 2361 Ex
2114 2321 2220 2377 quo
2250 2308 2316 2361 li-

770 2408 933 2477 quido
961 2403 1265 2459 ostenditur
1312 2400 1735 2455 honorabiliores
1772 2409 1827 2453 et
1870 2398 2032 2452 multo
2070 2399 2319 2453 meliores

770 2511 891 2552 esse
920 2493 1134 2563 angelos
1163 2491 1486 2556 hominibus,
1536 2503 1629 2557 per
1671 2490 2084 2559 gertuanioretn,
2139 2496 2197 2541 ut
2244 2488 2316 2543 ita

769 2589 963 2646 dicunt,
989 2594 1042 2638 et
1072 2582 1359 2652 pleniorem
1378 2579 1656 2634 Trinitatis
1684 2579 2118 2647 assmnptionem.

837 2676 890 2730 8.
931 2673 1266 2740 Quapropter
1288 2684 1409 2725 cum
1438 2668 1575 2723 alius
1610 2670 1679 2721 sit
1712 2666 1944 2735 Spiritus
1986 2676 2205 2721 sanctus
2235 2667 2303 2721 ab

2420 1950 2561 2018 pleni
2620 1951 2786 2007 fuisse
2833 1950 3036 2018 Spiritu
3086 1960 3275 2007 sancto
3327 1952 3571 2021 discipuli
3607 1950 3816 2004 Domini
3850 1951 3987 2003 scri-

2420 2037 2661 2093 buntur:
2699 2058 2717 2090 ι
2748 2040 3096 2093 Considerate
3120 2053 3272 2108 ergo,
3308 2036 3523 2103 fratres,
3548 2041 3693 2093 viros
3734 2054 3799 2090 ex
3839 2039 3993 2092 vobis

2425 2129 2782 2185 testimonium
2844 2128 3106 2184 habentes
3144 2139 3369 2199 septem,
3403 2130 3587 2198 plenos
3614 2130 3817 2197 Spiritu
3851 2143 3975 2183 sau-

2422 2227 2513 2275 cto
2538 2228 2591 2273 et
2627 2219 2884 2285 sapientia
2918 2219 3037 2284 ⁸³ς»
3081 2227 3135 2273 et
3181 2220 3247 2273 de
3287 2218 3598 2288 Stephano:
3639 2237 3659 2271 ι
3716 2218 3853 2273 Cum
3897 2234 3990 2271 au-

2426 2316 2532 2363 tem
2590 2308 2778 2375 plenus
2831 2317 2975 2362 esset
3017 2307 3215 2375 Spiritu
3269 2319 3473 2370 sancto,
3512 2311 3725 2362 intuens
3780 2310 3834 2362 in
3878 2323 3989 2363 ca:-

2425 2398 2556 2462 lunt,
2587 2399 2719 2451 vidit
2751 2399 2976 2467 gloriam
3017 2399 3128 2463 Dei,
3158 2407 3211 2453 et
3236 2396 3421 2453 Jesum
3447 2410 3677 2455 stantem
3712 2415 3739 2452 a
3779 2402 3990 2454 dextris

2428 2488 2519 2540 Dei
2542 2487 2607 2549 ”;
2622 2505 2639 2537 ι
2660 2498 2715 2541 et
2737 2487 2801 2541 de
2824 2487 3100 2542 electionis
3124 2502 3250 2544 vase
3270 2488 3463 2544 dicitur
3487 2502 3504 2541 :
3532 2487 3755 2543 «Saulus
3778 2497 3987 2552 autem,

2407 2563 2497 2629 qui
2530 2572 2586 2617 et
2608 2560 2824 2628 Paulus,
2851 2562 3042 2632 plenus
3067 2563 3271 2634 Spiritu
3289 2576 3501 2633 sancto,
3524 2569 3744 2625 intuens
3770 2572 3826 2625 in
3859 2588 3987 2627 eum

2408 2655 2487 2709 ait
2523 2653 2612 2715 ³⁶;
2666 2673 2685 2705 ι
2722 2667 2777 2708 et
2801 2653 2854 2709 in
2892 2668 3184 2709 commune
3217 2656 3285 2713 de
3330 2658 3602 2713 universis
3630 2661 3991 2718 credentibus

767 2767 853 2821 his
878 2778 996 2833 qua:
1021 2763 1131 2832 ipse
1159 2759 1477 2822 sanctificat,
1505 2773 1607 2812 non
1635 2767 1719 2811 est
1751 2756 1907 2809 unius
1941 2766 2163 2819 naturas,
2195 2770 2314 2809 cum
2405 2758 2699 2802 annotatur
2728 2764 2742 2801 :
2771 2765 2789 2798 ι
2824 2746 3081 2818 Discipuli
3104 2763 3322 2818 quoque
3343 2752 3693 2821 replebantur
3709 2754 3913 2823 gaudio
3934 2766 3993 2809 et

769 2856 978 2911 caeteris
1007 2852 1268 2909 creaturis
1302 2866 1419 2920 quae
1455 2865 1573 2904 eum
1602 2848 1884 2918 recipiunt.
1934 2847 1989 2901 Si
2030 2858 2205 2900 autem
2244 2847 2319 2897 al-

2412 2838 2618 2909 Spiritu
2652 2850 2842 2893 sancto
2887 2840 2953 2895 ³³.
2996 2858 3015 2891 ο
3059 2838 3250 2911 Angeli
3279 2852 3462 2897 autem
3500 2846 3817 2912 praesentia,
3867 2845 3986 2902 sive

773 2947 940 3002 terius
970 2953 1050 2999 est
1078 2952 1283 2998 natura:
1306 2955 1336 2994 a
1357 2939 1642 3004 creaturis,
1673 2948 1727 2993 et
1759 2939 1812 2991 in
1838 2938 2046 3005 propria
2083 2937 2325 2990 subsistit
2406 2930 2636 2999 alicujus
2665 2929 2823 3000 115
2845 2930 3073 2986 alterius
3090 2931 3414 2987 excellentis
3434 2944 3663 2999 naturae,
3684 2951 3809 3004 qua:
3839 2934 3987 2990 facta

773 3036 1028 3099 essentia,
1085 3033 1357 3087 increatus
1387 3041 1441 3086 et
1473 3028 1750 3084 ineﬂ‘ectus
1791 3028 2113 3083 ostenditur.
2151 3026 2325 3079 Multa:

776 3128 1066 3195 Scriptum
1104 3134 1249 3187 sunt,
1295 3137 1414 3192 qua:
1466 3121 1586 3177 sine
1625 3119 1973 3189 ambiguitate
2004 3118 2324 3171 convincant

2426 3021 2529 3077 est,
2565 3028 2667 3068 non
2690 3015 2871 3082 implet
2902 3024 3138 3070 mentem
3179 3024 3337 3086 atque
3364 3029 3612 3082 sensum;
3644 3017 3767 3085 quia
3795 3027 3848 3069 et
3877 3017 3991 3087 ipsa

2428 3105 2641 3160 aliunde
2689 3105 3000 3173 completur.
3029 3106 3145 3172 Quo
3172 3107 3329 3160 modo
3385 3105 3528 3161 enim
3560 3120 3625 3159 ex
3663 3106 3995 3175 plenitudine

778 3190 997 3265 alterius
1046 3223 1167 3264 eum
1215 3224 1246 3263 a
1289 3190 1496 3262 cunctis
1536 3204 1927 3261 conditionibus
1955 3219 2075 3259 esse
2099 3213 2354 3258 naturaeu

2428 3196 2549 3263 quis
2599 3194 2865 3261 accipiens
2912 3192 3225 3255 Salvator-is,
3275 3192 3462 3261 plenus
3514 3190 3737 3246 efﬁcitur
3777 3193 3994 3261 sapien-

777 3302 1005 3368 Quidam
1036 3299 1196 3354 etiam
1246 3297 1447 3367 Spiritu
1506 3305 1693 3351 sancto
1726 3294 1865 3365 pleni
1898 3308 2020 3349 esse
2044 3295 2326 3360 dicuntur;

2433 3286 2528 3347 tia,
2557 3296 2609 3337 et
2638 3284 2831 3337 virtute
2871 3282 3001 3352 (20),
3030 3293 3080 3335 et
3099 3282 3326 3351 justitia,
3362 3290 3417 3337 et
3458 3295 3705 3338 sermone
3739 3281 3873 3337 Dei:
3913 3282 3995 3338 sic

775 3398 939 3438 nemo
963 3393 1143 3436 autem
1166 3383 1278 3436 sive
1300 3383 1353 3435 in
1380 3380 1700 3450 Scripturis,
1726 3378 1841 3432 sive
1861 3377 1914 3430 in
1931 3371 2359 3429 consuetudine.
2431 3374 2519 3441 qui
2552 3373 2750 3442 Spiritu
2782 3384 2965 3439 sancto
2996 3374 3184 3441 plenus
3227 3382 3331 3437 est,
3381 3372 3559 3425 statim
3593 3371 3863 3426 universis
3893 3371 3998 3425 do-

770 3475 973 3543 ‘plcuus
1028 3484 1280 3529 creatura
1339 3473 1569 3527 dicitur.
1623 3469 1784 3542 ιζΙᾹΙ
1843 3468 2029 3536 Neque
2077 3466 2224 3520 enim
2261 3472 2354 3519 aut

781 3564 1063 3632 Scriptura
1107 3562 1206 3615 sibi
1248 3561 1348 3614 hoc
1388 3560 1640 3623 vindicat,
1668 3568 1760 3612 aut
1790 3573 1968 3612 sermo
2010 3554 2329 3622 communis,

786 3664 845 3709 ut
882 3655 1026 3707 dicas
1054 3652 1262 3720 plenum
1291 3663 1410 3704 esse
1430 3650 1730 3719 quempiam
1758 3647 1965 3716 angelo,
1999 3647 2209 3712 throno,
2238 3648 2333 3701 do-

784 3743 1110 3806 minatione;
1140 3740 1236 3793 soli
1260 3740 1454 3808 quippe
1491 3737 1681 3791 divina:
1726 3746 1929 3791 natura:
1968 3736 2058 3792 hic
2087 3735 2335 3789 convenit

786 3844 984 3889 sermo.
1027 3828 1257 3883 Dicimus
1280 3836 1459 3878 autem
1497 3824 1706 3875 virtutis
1745 3830 1797 3875 et
1836 3821 2127 3889 disciplina:
2170 3834 2333 3887 quos-

788 3924 910 3976 dam
961 3935 1078 3973 esse
1125 3916 1433 3986 plenoszut
1469 3912 1595 3966 illud
1674 3929 1693 3963 ι
1720 3909 1968 3977 Repletus
2005 3918 2087 3961 est
2134 3907 2333 3975 Spiritu

787 4022 972 4067 sancto
1001 4009 1077 4073 ἰς
1100 4027 1119 4059 ι
1152 4020 1253 4059 non
1284 4004 1424 4058 aliud
1456 4000 1815 4070 significantes
1834 4014 1990 4067 quam
2016 3997 2200 4067 plenos
2221 4009 2339 4049 esse

785 4111 1168 4159 consummata:
1194 4108 1351 4165 atque
1382 4093 1631 4162 perfectas
1657 4090 1890 4144 virtutis.
1948 4086 2216 4154 Scriptum
2251 4091 2335 4137 est

791 4194 855 4246 de
892 4189 1132 4244 Joanne:
1168 4203 1187 4236 ι
1217 4183 1282 4237 Et
1337 4180 1536 4248 Spiritu
1587 4184 1777 4233 sancto
1819 4172 2127 4241 implebitur
2160 4169 2333 4222 adhuc

786 4295 853 4333 ex
892 4288 1042 4331 utero
1082 4275 1267 4327 matris
1299 4284 1409 4324 sua:
1435 4268 1480 4299 "
1502 4306 1516 4331 ,
1543 4285 1560 4319 ι
1600 4276 1654 4321 et
1690 4264 1922 4317 iterum:
1958 4279 1975 4311 ι
1997 4258 2214 4328 Repleta
2260 4265 2343 4310 est

790 4362 990 4429 Spiritu
1020 4368 1206 4412 sancto
1234 4352 1504 4408 Elisabetb
1530 4351 1605 4416 “;
1633 4368 1650 4400 ι
1687 4358 1739 4401 et
1776 4355 1895 4416 post
1926 4344 2025 4397 alia
2052 4359 2066 4397 :
2098 4342 2189 4395 «Et
2214 4340 2338 4409 Spi-

794 4455 895 4504 ritu
946 4457 1133 4502 sancto
1174 4444 1402 4514 repletus
1450 4450 1530 4494 est
1581 4438 1867 4490 Zacharias
1890 4444 2039 4503 pater
2081 4433 2194 4501 ejus
2211 4433 2274 4484 ".
2319 4448 2336 4481 ι

2436 3463 2739 3517 nationibus
2762 3461 2855 3515 Dei
2882 3462 3138 3530 repletur,
3168 3461 3449 3531 sapientia,
3476 3461 3722 3525 scientia,
3750 3460 3877 3523 iide,
3896 3476 3999 3516 ra:-

2435 3554 2665 3621 terisque
2689 3554 2990 3610 virtutibus.
3016 3552 3114 3619 Qui
3145 3555 3304 3623 igitur
3328 3553 3510 3622 implet
3542 3556 3820 3608 universas
3841 3568 4000 3608 crea-

2436 3651 2601 3708 turas,
2633 3657 2751 3710 qua:
2788 3652 2962 3697 tamen
2997 3651 3218 3711 possunt
3250 3642 3362 3712 (21)
3396 3643 3673 3707 virtutem,
3700 3651 3756 3697 et
3783 3642 4000 3711 sapien-

2437 3732 2567 3784 tiam
2600 3745 2791 3799 capere
2829 3771 2843 3795 ,
2882 3747 2983 3785 nou
3016 3742 3097 3785 est
3130 3746 3195 3785 ex
3227 3732 3309 3785 bis
3340 3746 3459 3800 qua
3487 3733 3601 3801 ipse
3629 3732 3881 3799 complet.
3918 3731 3996 3786 Ex

2436 3832 2545 3886 quo
2592 3818 2862 3886 colligitur
2909 3818 3130 3871 alterius
3161 3828 3282 3871 eum
3316 3833 3435 3873 esse
3467 3819 3798 3882 substantiae,
3835 3832 4000 3886 quam

2439 3918 2566 3960 nunt
2594 3924 2779 3963 omnes
2798 3918 3072 3963 creaturae.
3105 3908 3346 3963 Diximus
3375 3919 3431 3962 et
3463 3909 3612 3972 alibi,
3644 3911 3769 3976 quia
3810 3924 4002 3977 super-

2440 3998 2767 4067 intelligatur
2797 3999 2849 4051 iu
2883 3998 3049 4052 sancti
3086 3998 3318 4067 Spiritus
3359 4000 3657 4054 substantia
3683 4000 3847 4054 etiam
3886 4001 4001 4069 ple-

2440 4087 2623 4140 nitudo
2651 4103 2926 4141 munerum
2962 4089 3284 4145 divinorum.

2511 4175 2566 4231 9.
2606 4178 2843 4241 Denique
2892 4178 3220 4247 impossibile
3262 4189 3347 4235 est
3388 4189 3614 4249 gratiam
3669 4180 3765 4235 Dei
3818 4182 4005 4238 sortiri

2442 4268 2767 4334 quempiam,
2814 4267 2857 4319 si
2908 4282 3009 4319 non
3065 4267 3258 4322 habeat
3312 4269 3567 4338 Spiritum
3620 4278 3913 4325 sanctum:
3951 4273 4007 4326 in

2446 4369 2553 4423 quo
2580 4358 2935 4424 approbantus
2964 4357 3074 4426 (Ἡ)
3112 4369 3303 4412 cuncta
3355 4359 3451 4412 Dei
3496 4359 3633 4413 dona
3680 4363 4005 4416 consistere.

2444 4444 2594 4508 Quod
2630 4460 2756 4497 vero
2787 4445 2830 4497 is
2858 4449 2946 4513 qui
2992 4446 3188 4499 habeat
3236 4463 3381 4512 eum,
3438 4463 3738 4503 sermonem
3777 4465 4000 4519 quoque

799 4541 947 4595 llaud
989 4528 1226 4599 dubium,
1283 4532 1410 4600 quin
1456 4540 1509 4583 et
1544 4527 1773 4582 JOannes
1812 4523 2167 4593 prOphetavit.
2210 4518 2343 4572 Nec-

2407 4540 2421 4587 )
2451 4535 2745 4601 sapientia,
2764 4544 2817 4586 et
2840 4535 3039 4603 reliqua
3068 4536 3201 4590 bona
3232 4537 3464 4604 perfecte
3486 4518 3812 4593 consecutus
3832 4542 4013 4594 sitzet

803 4646 905 4685 non
942 4630 994 4682 in
1029 4626 1247 4681 Actibus
1282 4620 1638 4689 apostolorum
1672 4618 1737 4669 de
1778 4614 1960 4667 multis
2008 4610 2346 4664 credentibus

800 4720 889 4787 qui
923 4717 975 4769 in
1008 4728 1166 4765 unum
1200 4712 1590 4770 convenerant,
1630 4704 1896 4756 refertur:
1939 4715 1956 4748 ι
1984 4696 2187 4765 Repleti
2223 4705 2347 4749 sunt

802 4812 1001 4879 Spiritu
1050 4813 1235 4860 sancto
1276 4801 1342 4853 ".
1372 4818 1391 4850 ›
1448 4799 1580 4852 Cum
1627 4806 1803 4848 autem
1843 4787 2223 4860 participabilts
2274 4787 2345 4840 sit

798 4877 1028 4969 Spiritus
1054 4903 1292 4953 sanctus,
1324 4890 1389 4943 ad
1436 4884 1832 4940 similitudinem
1864 4880 2135 4947 sapientiae
2166 4892 2230 4931 ac
2259 4877 2342 4929 di-

868 5076 914 5107 “
949 5073 1113 5127 Exod.
1147 5084 1293 5133 χιιι,
1325 5068 1377 5119 '5.
1456 5065 1499 5095 "
1530 5061 1656 5115 Luc.
1684 5076 1719 5133 t_,
1756 5058 1859 5133 152-
1901 5056 1956 5133 ’⁸⁸⁸
1988 5055 2219 5133 ιιιιιιιιέ

800 5147 842 5179 ³⁸
874 5145 1065 5210 Ephes.
1104 5156 1152 5202 ν,
1190 5129 1289 5189 18(
1350 5135 1394 5167 ⁸¹
1430 5137 1545 5184 Act.
1583 5146 1654 5194 vr,
1690 5129 1741 5180 5.

872 5262 984 5331 (i7)
1028 5258 1235 5317 Scribe,
1268 5254 1436 5321 inquit
1476 5248 1741 5309 Barthius,
1790 5265 1806 5296 ι
1830 5242 2130 5296 necessario
2166 5260 2229 5297 eo
2255 5247 2343 5298 de-

804 5332 1082 5390 ducentur,
1112 5345 1131 5378 ι
1164 5338 1264 5379 etc.
1682 5383 1713 5390 __
1845 5382 1855 5390 ,
1977 5379 1985 5388 .
2035 5379 2043 5387 .

880 5380 989 5464 (18)
1027 5380 1223 5448 contra
1260 5383 1746 5464 Origenes-angelis
1770 5392 1820 5433 et
1845 5380 2150 5464 hominibus
2182 5396 2340 5464 uuam

810 5449 1158 5530 εειιηιιέτιιιιιιιθ
1194 5449 1431 5513 naturam
1464 5456 1662 5530 tribuit,
1711 5453 1773 5530 iis
1797 5453 1999 5530 Isultetn
2029 5449 2115 5524 qui
2148 5451 2343 5530 structi-

814 5519 941 5587 tatis
970 5519 1170 5598 apio-ent
1202 5539 1399 5598 essent
1429 5524 1681 5598 assecuti.
1716 5519 1991 5592 Didymus,
2026 5519 2115 5598 qui
2154 5519 2341 5598 Ocige-

816 5584 970 5655 niana
1002 5584 1240 5665 degunata
1267 5596 1469 5665 passim
1495 5595 1685 5665 dicitur
1721 5586 2000 5665 recepisse,
2036 5586 2152 5661 vide
2182 5584 2250 5635 ab
2281 5598 2340 5635 ea

817 5656 1371 5732 doctrinaunantunt
1426 5661 1733 5732 abhorreat.
1783 5656 1976 5732 Confer
2024 5656 2181 5732 etiam
2226 5668 2343 5727 quae

818 5720 945 5797 ίυιιι.
972 5736 987 5787 l
1015 5720 1169 5811 [01.13.
1208 5727 1857 5797 llicrun.ladSyuudicam
1887 5720 2179 5787 'l‘heupluli,
2210 5732 2259 5771 rt
2293 5724 2341 5771 in

2300 5059 2342 5090 ⁸⁷
2381 5058 2510 5113 ibid.
2570 5057 2656 5108 67.
2729 5058 2774 5090 ⁸⁸
2811 5058 2927 5111 Act.
2988 5074 3049 5119 ll,
3105 5059 3158 5112 4.

1817 5126 1861 5155 ⁸³
1888 5125 2003 5177 Act.
2033 5139 2124 5185 vn,
2148 5125 2234 5177 55.
2312 5127 2355 5157 ³⁵
2388 5131 2507 5181 Act.
2543 5141 2657 5187 xm,
2690 5128 2743 5180 9.
2819 5128 2864 5156 "
2894 5128 3020 5179 ibid.
3050 5126 3139 5182 52.
3215 5127 3258 5158 "
3310 5127 3437 5182 Luc.
3464 5145 3541 5193 xt,
3573 5130 3657 5183 15.

2456 4638 2594 4675 nunc
2642 4622 2924 4677 manifeste
2971 4639 3148 4676 sermo
3192 4632 3544 4689 demonstrat,
3583 4636 3637 4679 et
3675 4628 3835 4695 paulo
3884 4640 4013 4683 ante

2450 4704 2702 4767 diximus,
2726 4707 3067 4759 substantiam
3089 4715 3341 4762 bonorum
3363 4710 3453 4764 Dei
3476 4711 3733 4779 Spiritum
3753 4726 4007 4774 sanctum

2448 4806 2599 4858 esse;
2632 4808 2750 4845 cum
2792 4798 3063 4861 posuimus
3096 4798 3421 4866 exemplum,
3466 4817 3485 4850 ι
3512 4799 3665 4852 Dabit
3694 4801 3859 4854 Pater
3882 4802 4004 4871 Spi—

2450 4881 2609 4932 ritum
2654 4894 2892 4935 sanctum
2918 4884 3223 4951 petentibus
3255 4900 3311 4939 se
3338 4884 3382 4916 ³⁶
3403 4903 3415 4915 ’
3444 4904 3462 4937 ι
3493 4896 3583 4939 et:
3614 4904 3632 4936 ι
3660 4887 3814 4941 Dabit
3851 4887 4015 4943 Pater

3234 5058 3279 5131 ξ’
3310 5061 3456 5131 ΔιὶιὶιΙ.
3532 5062 3577 5093 ³⁸
3612 5062 3731 5115 Act.
3766 5078 3883 5131 ut,
3924 5066 4008 5119 11.

2450 5244 2695 5310 Epist.ad
2729 5245 2941 5296 Avitum
2972 5243 3364 5296 annotavirnus.

2522 5316 2629 5380 (19)
2668 5311 2840 5364 V'utic.
2875 5328 2975 5364 ms.
3003 5326 3122 5380 cum
3148 5313 3361 5378 antiqua
3394 5312 3546 5373 edit.,
3574 5330 3593 5363 ‹
3619 5311 4016 5368 annuntiantes

2448 5377 2856 5445 eis'largitoretn
2888 5380 3022 5446 ejus.
3048 5377 3123 5430 Ex
3149 5377 3283 5444 quo,
3311 5397 3329 5429 ι
3371 5392 3475 5433 etc.

2520 5450 2626 5513 (ἐϋ)
2654 5452 2763 5498 Duo
2790 5464 2913 5500 mss.
2954 5463 3071 5498 cum
3101 5449 3264 5498 veteri
3295 5450 3547 5511 editione,
3582 5468 3601 5499 ‹
3626 5458 3679 5501 et
3705 5452 3965 5504 veritate.
3990 5469 4011 5501 ο

2520 5519 2629 5578 (2t)
2677 5518 2836 5569 Vetus
2888 5518 3073 5569 eadem
3115 5515 3299 5577 editio,
3360 5528 3700 5579 «creaturas,
3744 5531 4017 5585 quantum

2449 5596 2694 5655 possunt,
2730 5604 2745 5634 ι
2778 5596 2880 5637 etc.

2520 5655 2631 5713 (ἑὲ)
2674 5656 2752 5703 .ll.
2806 5671 2820 5699 ι
2850 5650 3265 5719 approbantur,»
3323 5662 3375 5702 et
3431 5670 3551 5707 mox
3595 5653 3816 5709 Titulus.
3864 5656 4026 5721 ουά..

2455 5738 2851 5787 tcottsttrgt:te,t
2895 5734 2983 5788 plO
3017 5731 3405 5773 tCtlﬂSiSiEICJ
