4212 6446
269 389 371 454 117

912 390 1403 453 TRANSLATIO
1445 392 1648 451 LIBRI
1702 388 1972 449 DlDYMi
2026 388 2122 449 υιξ
2160 388 2469 450 διηιιιτυ
2507 388 2820 450 SANCTO.

3388 391 3490 451 IIS

263 506 404 558 bona
458 506 769 575 petentibus
803 524 857 563 se
887 513 950 565 ⁸⁷.
984 530 1001 563 ι
1060 511 1167 570 Nec
1196 515 1510 568 existimare
1544 515 1817 576 debemus,
1854 524 1893 573 Α
1924 514 2183 581 simulem
2206 512 2247 543 δ”
2276 554 2288 565 .
2321 534 2336 563 ι
2372 513 2565 580 Spiritu
2593 530 2715 565 vero
2743 520 2927 565 sancto
2953 512 3210 564 tribuente
3236 516 3482 580 apostolis

269 595 536 663 Spiritum
593 611 838 654 sanctum
872 604 1157 657 secundum
1190 606 1514 659 substantias
1560 604 1653 676 [ιιι.
1706 608 1832 657 sub-

261 686 550 758 stantiam]
597 705 719 743 esse
758 692 1005 753 divisum,
1056 694 1178 760 quia
1230 693 1512 747 multitudo
1572 694 1833 745 bonorum

261 774 478 827 dicatur
523 795 538 830 :
577 779 927 849 impassibilis
986 784 1171 845 enim,
1231 792 1285 836 et
1345 783 1684 836 indivisihilis
1754 795 1835 837 at-

259 878 363 930 que
420 865 782 923 immutabilis
841 880 967 936 est;
1034 874 1126 926 sed
1167 872 1317 938 juxta
1370 872 1673 927 differentes
1724 872 1836 926 elli-

260 954 493 1009 cientias
531 999 547 1023 ,
608 970 665 1013 ct
718 960 1058 1026 intellectus,
1122 962 1300 1014 nmltis
1359 963 1613 1017 bonorum
1676 976 1833 1015 voca-

258 1045 399 1098 bulis
492 1060 887 1117 nuncupatur;
963 1053 1084 1119 quia
1171 1053 1458 1121 participes
1525 1066 1651 1106 suos
1728 1068 1829 1106 non

252 1136 404 1203 juxta
441 1154 611 1191 unam
662 1143 1013 1210 eamdemque
1050 1144 1299 1196 virtutem
1333 1145 1706 1197 communione
1746 1146 1827 1198 sui

254 1230 456 1292 donet,
513 1231 719 1299 quippe
774 1249 892 1285 cum
945 1234 1009 1285 ad
1075 1234 1354 1287 utilitatem
1421 1236 1831 1303 uniuscujusque

254 1328 412 1383 aptus
454 1320 550 1381 sit,
605 1332 660 1374 et
709 1323 909 1388 repleat
956 1322 1108 1376 bouis
1135 1336 1251 1385 eos,
1297 1322 1489 1390 quibus
1528 1324 1729 1388 iudicat
1772 1340 1831 1378 se

259 1407 455 1459 adesse
520 1410 745 1462 debere.
807 1408 1046 1477 Denique
1104 1410 1407 1476 Stephanus
1481 1414 1686 1480 primus
1743 1412 1830 1468 ille

254 1497 407 1548 teStis
465 1500 737 1562 veritatis,
769 1508 822 1551 et
856 1501 1043 1566 dignus
1088 1514 1186 1553 suo
1232 1502 1442 1553 nomine
1477 1502 1611 1570 (Ἡ),
1644 1503 1830 1569 plenus

1940 607 2095 657 verba
2130 605 2385 659 adversus
2414 622 2504 658 eos
2530 608 2618 673 qui
2653 604 2940 671 Evangelio
2964 606 3319 666 contraibant,
3356 610 3476 659 dilu-

1936 694 2049 744 cide
2093 697 2383 748 ostenditur
2414 697 2462 747 in
2532 695 2823 747 substantia
2853 698 2965 764 ejus
2994 695 3369 761 superinteiligi
3401 712 3484 748 sa-

1935 782 2143 848 pientia:
2211 795 2264 835 et
2333 786 2568 836 scientiae
2620 798 2937 838 sermonem.
2986 784 3258 849 Quomodo
3307 796 3482 839 autem

1937 870 2182 924 Salvator
2227 873 2275 925 itt
2341 875 2423 926 illa
2466 877 2593 927 hora
2642 888 2702 927 os
2753 884 2805 927 et
2854 876 3161 941 sapientiam
3213 876 3486 944 discipulis

1933 962 2207 1031 largiatur,
2255 964 2446 1030 quibus
2494 965 2860 1019 contradicere
2916 981 3016 1018 non
3067 975 3280 1033 queant,
3324 982 3389 1020 ne
3427 967 3482 1020 hi

1930 1053 2144 1121 quidem
2197 1054 2285 1121 qui
2328 1055 2461 1121 apud
2497 1055 2738 1109 homines
2768 1057 3184 1125 eloquentissimi
3210 1068 3480 1124 putantur,

1930 1157 2033 1194 non
2062 1152 2142 1195 est
2174 1142 2329 1210 hujus
2358 1146 2614 1211 temporis
2640 1147 2904 1201 disserere
2924 1186 2937 1210 ,
2970 1148 3095 1215 quia
3130 1164 3265 1201 nunc
3289 1164 3481 1215 protin-

1926 1233 2128 1286 suimus
2163 1235 2443 1287 ostendere
2494 1236 2874 1303 superintelligi
2916 1252 3129 1305 semper
3175 1238 3224 1289 itt
3280 1239 3479 1305 Spiritu

1928 1330 2114 1374 sancto
2146 1323 2281 1375 dona
2313 1324 2604 1390 virtutum;
2638 1324 2708 1378 ita
2739 1335 2793 1377 ut
2825 1327 2867 1379 is
2901 1330 2987 1393 qui
3015 1341 3133 1379 eum
3169 1327 3346 1383 habet.
3387 1331 3478 1381 du-

1932 1408 2235 1462 nationihus
2284 1410 2374 1465 Dei
2428 1412 2616 1480 plenus
2658 1412 2935 1467 habeatur.
2973 1413 3121 1467 Unde
3149 1425 3201 1469 et
3231 1416 3281 1468 in
3324 1415 3478 1478 Isaia,

1913 1489 2027 1556 ipse
2050 1490 2190 1545 Deus
2207 1494 2419 1546 cuidam
2439 1495 2572 1549 dicit
2603 1512 2617 1551 :
2645 1515 2662 1547 «
2689 1496 2891 1551 Ponam
2912 1498 3169 1566 Spiritum
3195 1517 3374 1555 meum
3395 1519 3487 1556 sn-

255 1585 555 1650 sapientia,
600 1599 655 1639 et
702 1587 904 1655 Spiritu
965 1600 1151 1643 sancto
1190 1592 1365 1644 dictus
1410 1604 1491 1646 est
1520 1612 1532 1647 :
1568 1595 1825 1660 sapientia
1912 1598 2009 1653 Ρθτ
2030 1598 2215 1638 “amen
2250 1595 2422 1647 ιυυιην
2451 1594 2504 1639 ει
2535 1588 2940 1642 δεηθάίειίοηθε
2974 1604 3123 1642 me”
3158 1607 3320 1659 διιβθτ
3349 1597 3487 1650 ""08

257 1662 668 1742 consequenter
702 1692 862 1746 super
899 1679 1188 1742 intellecta,
1254 1686 1618 1735 commoraute
1666 1684 1715 1734 itt
1763 1698 1826 1737 eo
1913 1677 2121 1730 NOS"-
2149 1695 2167 1728 ι
2192 1676 2481 1744 Nunquam
2506 1683 2647 1731 enim
2679 1683 2874 1748 accipit
2901 1682 3192 1750 quisquam
3227 1686 3485 1753 spiritua-

258 1764 466 1832 Spiritu
504 1778 722 1831 sancto,
770 1770 911 1823 sicut
944 1770 1178 1837 loquitur
1203 1768 1479 1837 Scriptura
1508 1787 1521 1823 :
1560 1790 1577 1822 «
1610 1772 1673 1823 Et
1715 1772 1823 1825 ele-
1913 1766 1991 1821 les
2019 1766 2423 1823 benedictiones
2454 1768 2568 1834 Dei,
2605 1772 2760 1839 117
2795 1774 2896 1824 nisi
2927 1779 3265 1837 praecesserit
3290 1778 3481 1844 Spiri-

252 1866 446 1921 gerunt
498 1856 837 1923 Stephanum
878 1859 1089 1927 plenum
1133 1860 1234 1914 “de
1279 1870 1332 1915 ει
1395 1860 1593 1927 Spiritu
1638 1872 1822 1914 sancto
1857 1851 1899 1904 Β
1927 1866 2008 1907 tus
2039 1863 2274 1909 sanctus.
2303 1854 2400 1920 Qui
2427 1854 2565 1906 enim
2594 1854 2857 1922 acceperit
2904 1852 3157 1920 Spiritum
3210 1860 3475 1910 sanctum,

246 1946 481 2010 apostoli
512 1946 595 2010 '3;
631 1958 751 2000 ret:
784 1947 1118 2014 «Stephanus
1146 1958 1343 2012 autem,
1377 1950 1562 2019 plenus
1587 1952 1753 2019 gratia
1772 1961 1826 2005 et
1926 1955 2309 2012 consequenter
2342 1943 2556 1996 habebit
2604 1944 3019 2005 benedictiones,
3052 1941 3101 1993 id
3132 1948 3231 2002 est,
3267 1938 3478 2004 sapien-

255 2024 482 2078 virtute.
501 2020 746 2076 faciebat
766 2024 1139 2097 prodigiatﬂ)
1158 2031 1380 2099 etsigna
1397 2046 1589 2101 magna
1612 2035 1850 2100 inpopu-
1929 2034 2073 2099 tiam,
2100 2044 2151 2088 et
2181 2036 2523 2097 intellectum,
2551 2043 2602 2087 et
2629 2043 2839 2096 caetera,
2868 2032 2932 2085 de
2958 2030 3150 2099 quibus
3188 2029 3258 2081 ita
3291 2026 3477 2081 scribit

253 2115 306 2167 to
328 2114 394 2168 ³⁸.
418 2133 437 2165 ι
460 2116 728 2169 Etadhuc
747 2117 814 2171 de
832 2118 1022 2173 eodem
1043 2135 1059 2176 :
1081 2138 1100 2171 «
1127 2118 1316 2175 Etnon
1333 2122 1580 2177 valebant
1596 2125 1848 2178 resistere
1923 2125 2207 2192 Apostolus
2245 2146 2256 2179 :
2299 2143 2316 2175 ι
2342 2123 2563 2193 Propter
2606 2124 2705 2176 hoc
2750 2134 2802 2177 et
2841 2138 2958 2183 nos,
2990 2136 3051 2173 ex
3077 2134 3183 2188 quo
3213 2118 3296 2172 die
3325 2118 3478 2171 audi-

258 2206 575 2271 Sapientir,
614 2216 669 2260 et
704 2207 957 2277 Spiritui,
995 2211 1093 2280 qui
1129 2211 1448 2279 loquebatur
1478 2216 1533 2269 in
1576 2215 1666 2268 illo
1710 2216 1776 2269 ⁸ο.
1820 2237 1838 2267 ι

252 2294 461 2350 Plenus
483 2302 635 2351 enim
666 2298 876 2370 Spiritu
908 2312 1099 2357 sancto
1128 2303 1210 2358 vir
1236 2305 1444 2371 beatus,
1476 2318 1528 2361 et
1556 2306 1681 2363 fidei
1711 2310 1843 2365 ell‘e-

252 2397 375 2441 ctus
412 2398 504 2443 est
547 2394 852 2461 particeps.
892 2407 1015 2462 qua
1050 2409 1115 2449 ex
1163 2395 1369 2466 Spiritu
1426 2410 1618 2453 sancto
1668 2402 1840 2467 venit,

258 2476 422 2548 116
450 2479 613 2545 juxta
647 2480 801 2542 illud,
839 2500 855 2533 t
886 2482 993 2536 Alii
1024 2493 1202 2539 autem
1231 2484 1386 2550 ﬁdes,
1414 2485 1467 2540 in
1487 2489 1677 2543 eodem
1715 2491 1842 2560 Spi-

246 2573 351 2620 ritu
382 2571 450 2621 “.
486 2588 505 2620 ι
551 2570 613 2623 Et
648 2573 875 2638 gratiam
913 2582 1073 2640 atque
1106 2573 1353 2626 virtutem
1392 2572 1540 2640 juxta
1577 2577 1818 2627 enmdeut

246 2657 511 2724 Spirituut
573 2660 800 2721 habens,
832 2662 981 2728 signa
1020 2674 1071 2714 et
1092 2663 1326 2730 prodigia
1369 2678 1555 2729 magna
1597 2663 1822 2716 iaciebat

245 2750 297 2801 in
348 2750 573 2818 papula.
622 2749 833 2803 Necnon
880 2761 934 2805 et
983 2752 1083 2805 illis
1122 2752 1498 2805 donationibus
1528 2754 1816 2806 secundum

243 2843 498 2892 cuunlem
550 2842 813 2908 Spiritum
842 2841 1105 2908 adluebat,
1136 2859 1254 2911 qua:
1288 2856 1547 2898 vocantur
1579 2847 1815 2899 curatio—

250 2943 377 2980 uum
423 2931 622 2996 gratia:
649 2942 811 2998 atque
841 2934 1081 2986 virtutes.
1118 2932 1182 2986 Et
1215 2934 1324 2986 hate
1351 2935 1491 2987 enim
1525 2934 1574 2986 in
1609 2949 1819 2988 enume-

249 3019 467 3071 ratione
523 3021 791 3071 donorum
842 3020 954 3084 Dei,
1003 3023 1093 3089 qui
1143 3022 1363 3089 Spiritu,
1418 3032 1470 3077 et
1520 3022 1811 3077 secundum

252 3104 550 3173 Spiritum,
592 3110 644 3160 in
689 3112 858 3177 prima
890 3113 1112 3178 apostoli
1147 3111 1293 3166 Pauli
1337 3113 1569 3181 Epistola
1604 3115 1668 3166 ad
1708 3114 1810 3167 Co-

251 3200 487 3251 rinthios
539 3200 876 3253 collocantur
906 3202 969 3253 “.
996 3201 1261 3257 lntantutn
1296 3214 1470 3257 autem
1516 3203 1817 3272 Stephanus

246 3286 430 3340 divina
464 3288 643 3357 gratia
673 3289 999 3351 abundabat,
1036 3302 1090 3345 ut
1130 3308 1284 3345 nemo
1317 3295 1811 3357 contradicentinnt,

244 3386 297 3429 et
344 3394 538 3431 eorum
580 3380 671 3446 qui
723 3382 974 3435 adversus
1004 3399 1120 3435 eum
1173 3385 1535 3451 disputabant,
1582 3388 1817 3438 valerent

248 3467 512 3519 resistere
560 3470 859 3536 sapientiae,
895 3482 946 3523 et
993 3470 1212 3539 Spiritui
1262 3475 1347 3540 qui
1404 3476 1715 3540 loquebatur
1762 3476 1813 3528 in

246 3554 357 3607 illo.
396 3555 527 3607 Erat
575 3559 772 3623 quippe
818 3574 847 3609 e
904 3559 1102 3625 Spiritu
1155 3572 1341 3613 sancto
1393 3563 1607 3628 sapiens
1669 3564 1804 3631 (‘23).

253 3642 407 3698 Unde
446 3656 506 3698 et
544 3646 613 3697 ad
665 3648 953 3715 discipulos
1007 3665 1132 3701 suos
1175 3649 1328 3703 Jesus
1376 3654 1659 3719 perspicue
1694 3669 1817 3720 pru-

251 3734 453 3787 damat
489 3752 505 3788 :
548 3736 684 3787 Cum
722 3738 1001 3790 introducti
1038 3740 1251 3793 fueritis
1284 3742 1349 3794 ad
1379 3742 1725 3809 principatus,
1766 3751 1818 3795 et

248 3836 572 3893 potestates,
625 3836 678 3879 et
725 3828 968 3891 concilia,
1023 3839 1078 3883 et
1120 3845 1435 3900 synagogas,
1489 3834 1649 3885 nolite
1696 3848 1815 3886 esse

251 3918 469 3969 solliciti
518 3920 648 3985 quid
708 3934 796 3972 vos
832 3931 1075 3991 oporteat
1104 3924 1304 3985 dicere,
1347 3931 1436 3972 aut
1473 3922 1598 3988 quid
1623 3922 1815 3989 loqua—

248 4010 376 4059 mini
413 4010 468 4061 in
503 4012 597 4062 illo
630 4022 888 4079 tempore.
935 4012 1211 4064 Dabuntur
1236 4012 1378 4063 enim
1434 4012 1582 4063 vobis
1617 4028 1643 4063 a
1688 4012 1811 4077 Spi-

254 4098 357 4148 ritu
394 4112 595 4150 sancto
639 4114 913 4152 setmoues
944 4099 1235 4164 sapientiae,
1259 4098 1452 4165 quibus
1478 4116 1582 4151 ttnn
1616 4110 1816 4166 queant

246 4187 649 4250 cantradicere,
679 4206 745 4243 ne
772 4190 823 4243 hi
849 4192 1060 4259 quidem
1084 4188 1172 4257 qui
1200 4193 1542 4242 vehementer
1565 4190 1616 4243 in
1642 4192 1816 4259 dispu-

253 4277 563 4331 tationibus
595 4279 811 4331 callent.

318 4363 405 4416 10.
456 4364 567 4419 Sed
615 4381 878 4433 ponamus
922 4369 1090 4435 ipsum
1137 4368 1516 4429 testimonium,
1564 4368 1701 4435 quod
1745 4368 1812 4419 ita

244 4452 566 4506 contexitur
611 4471 627 4507 :

244 4556 557 4611 synagogas
591 4544 655 4595 ad
686 4545 1015 4611 principatus
1044 4554 1097 4597 et
1132 4555 1438 4610 potestates,
1476 4544 1637 4599 nolite
1667 4546 1811 4598 solli-

244 4636 335 4686 citi
384 4650 512 4687 esse
547 4638 813 4701 quomodo
841 4644 933 4686 aut
966 4637 1090 4702 quid
1143 4637 1528 4703 respoadeatis,
1575 4637 1809 4703 Spiritus

244 4725 387 4774 enim
402 4731 628 4775 sanctus
658 4722 866 4774 doceb't
883 4725 1036 4774 vosin
1059 4723 1242 4774 eadem
1267 4724 1396 4773 hora
1424 4736 1540 4788 quae
1567 4732 1807 4784 oporteat

243 4812 426 4861 dicere
461 4809 527 4859 ".
570 4827 589 4860 ι
627 4810 691 4862 Et
742 4812 793 4861 in
849 4812 951 4862 alio
980 4811 1261 4880 Evangelia
1316 4830 1329 4865 :
1400 4829 1419 4863 «
1463 4812 1647 4866 Ponite
1688 4830 1814 4883 ergo

245 4900 298 4951 in
341 4900 606 4952 cordibus
657 4905 851 4953 vestris
894 4916 995 4953 non
1039 4902 1417 4970 praemeditari,
1463 4905 1808 4969 quemadmo-

245 4992 372 5039 dum
410 4990 788 5055 respondeatis
815 5006 828 5042 :
858 4988 963 5058 Ego
997 4991 1191 5058 quippe
1243 4992 1378 5043 dabo
1427 4992 1576 5046 vobis
1626 5007 1706 5053 ns,
1758 5007 1810 5044 et

246 5078 575 5144 sapientiam
628 5081 711 5132 cui
770 5096 873 5133 non
926 5081 1135 5133 valeant
1185 5082 1571 5143 contradicere.
1605 5097 1695 5135 aut
1729 5098 1812 5135 re-

316 5230 360 5260 "
400 5228 703 5284 Halth’II.
735 5229 819 5281 Η.
898 5230 941 5261 ³⁸
970 5232 1081 5281 Act.
1122 5244 1192 5292 vt,
1217 5230 1269 5283 5.
1343 5228 1387 5261 ³⁹
1420 5230 1545 5282 ibid.
1571 5229 1622 5282 8.

246 5299 295 5329 “
329 5297 469 5351 Luc.
498 5312 609 5359 ut,
668 5298 752 5359 14,
799 5298 885 5352 15.
958 5300 1000 5331 ⁸⁵
1042 5298 1144 5351 lsa.
1188 5314 1329 5361 λων,
1361 5299 1414 5351 5.

322 5442 441 5509 (εδ)
470 5440 668 5493 Notum
695 5461 711 5491 «
727 5441 1076 5507 Stephanum,
1094 5463 1110 5492 ι
1129 5443 1309 5497 Οιιιερε
1322 5443 1611 5512 Στέφανον,
1632 5444 1816 5498 Latine

252 5526 503 5560 coronam
530 5513 889 5577 interpretati.

324 5580 444 5644 (24)
484 5579 803 5631 Constanter
836 5582 1027 5633 habent
1056 5595 1207 5642 mss.,
1245 5590 1566 5647 «portenta.»

327 5648 445 5715 (‘25)
490 5647 639 5699 Vzttic
672 5649 925 5712 ,Tltnlns.
961 5661 1187 5702 etvetus
1217 5652 1367 5710 edit.,
1422 5668 1437 5698 «
1468 5659 1582 5702 erat
1620 5650 1816 5717 quippe

254 5714 607 5781 luxta.Deutn
639 5729 694 5770 et
727 5718 983 5785 Spiritum
1027 5726 1262 5769 sant-tum
1290 5721 1517 5784 sapiens,
1552 5737 1568 5768 ι
1607 5730 1711 5771 etc.

1696 5230 1981 5285 “ibidJO.
2054 5232 2095 5262 ⁸³
2125 5233 2139 5284 l
2168 5234 2288 5286 Cor.
2328 5233 2485 5292 κως).

1490 5300 1534 5329 ⁸⁸
1564 5300 1767 5354 coloss.
1796 5317 1831 5368 t,
1857 5305 1907 5355 9.
1950 5301 1991 5333 "
2024 5299 2189 5354 Eccli.
2215 5317 2251 5365 ι,
2276 5307 2328 5353 4.

1924 2217 2113 2277 vimus,
2154 2230 2258 2267 non
2299 2228 2567 2267 cessamus
2599 2226 2810 2267 orantes
2849 2229 2942 2280 pro
2986 2213 3154 2274 vobis,
3189 2220 3240 2263 et
3270 2210 3459 2277 depre-

1926 2312 2131 2366 cantes,
2189 2313 2248 2357 ut
2303 2305 2626 2371 impleatniui
2680 2304 2983 2367 cognitione
3040 2300 3327 2353 voluntatis
3362 2298 3475 2363 ejus

1928 2391 1978 2443 itt
2015 2392 2158 2444 omni
2193 2392 2475 2460 sapientia,
2528 2404 2580 2445 et
2630 2392 2977 2457 intelligentia
3029 2374 3290 2457 spirituali
3320 2407 3332 2440 :
3367 2404 3479 2439 am-

1923 2478 2164 2533 bulantes
2218 2482 2373 2549 digne
2438 2482 2540 2535 Deo
2588 2482 2652 2532 ⁵⁸.
2693 2502 2708 2532 ι
2787 2482 2890 2533 Eos
2956 2480 3096 2533 enim
3165 2480 3253 2544 qui
3321 2478 3477 2544 digne

1922 2570 2021 2622 sibi
2056 2568 2149 2639 [αι.
2187 2571 2361 2642 bonis]
2411 2589 2505 2640 per
2545 2589 2724 2637 Opera,
2756 2583 2808 2625 et
2839 2586 3131 2630 sermones,
3164 2580 3214 2621 et
3246 2570 3475 2637 pruden-

1925 2660 2051 2711 tiam
2098 2659 2373 2727 incedunt,
2419 2662 2625 2729 impleri
2657 2663 2733 2714 ait
2762 2662 3034 2714 voluntate
3078 2659 3193 2722 Dei,
3232 2659 3477 2727 ponentis

1920 2764 2079 2816 super
2102 2766 2191 2803 eos
2226 2750 2483 2818 Spiritum
2519 2764 2787 2815 sanctum,
2822 2762 2879 2805 ut
2912 2752 3229 2821 impleantur
3260 2752 3474 2817 sapien-

1921 2839 1988 2889 tia
2031 2850 2083 2891 et
2133 2841 2420 2903 intellectu,
2468 2852 2521 2895 et
2572 2843 2785 2910 reliquis
2839 2841 3208 2909 spiritualiltus
3285 2841 3474 2904 bonis;

1922 2930 2179 2993 sapientia
2236 2942 2454 2995 autem,
2513 2943 2564 2985 et
2616 2933 2935 2996 intellectus,
2990 2948 3107 3000 quae
3164 2932 3213 2984 in
3276 2930 3473 2998 Spiritu

1916 3028 2100 3071 sancto
2119 3028 2303 3081 sunt,a
2337 3020 2441 3073 Deo
2463 3022 2653 3073 dantur
2679 3022 2808 3089 (26).
2838 3040 2856 3072 «
2909 3022 3179 3079 Dominus,
3231 3042 3246 3069 ι
3288 3022 3473 3087 inquit,

1927 3110 2103 3162 «dabit
2127 3111 2439 3176 sapientiam
2469 3124 2554 3174 ;et
2585 3127 2611 3164 a
2633 3112 2764 3165 facie
2787 3112 2898 3179 ejus
2933 3113 3210 3178 Sapientia.
3244 3124 3294 3163 et
3326 3114 3477 3163 intel-

1926 3201 2091 3252 lectus
2136 3201 2371 3267 procedit
2399 3203 2480 3265 n;
2514 3222 2530 3252 ι
2569 3218 2687 3254 cum
2731 3218 2788 3255 ea
2842 3202 3097 3270 sapientia
3129 3217 3243 3269 qua:
3279 3202 3343 3253 ab
3383 3202 3476 3252 ho-

1924 3290 2158 3343 ntinibtts
2212 3293 2374 3353 venit,
2418 3309 2519 3345 non
2560 3293 2629 3344 sit
2679 3292 2991 3360 spiritualis,
3049 3292 3139 3343 sed
3186 3304 3376 3343 carnea
3422 3298 3474 3342 et

1924 3378 2174 3431 humana.
2212 3381 2281 3432 De
2332 3384 2433 3435 hac
2485 3383 2662 3449 itaque
2708 3382 2992 3448 Apostolus
3044 3378 3273 3433 scribit:
3311 3397 3327 3428 «
3360 3377 3469 3429 Non

1926 3466 1976 3519 in
2026 3468 2285 3534 sapientia
2338 3469 2561 3532 carnali,
2615 3469 2708 3521 sed
2756 3468 2806 3521 itt
2848 3469 3018 3536 gratia
3052 3467 3142 3520 Dei
3172 3467 3471 3520 conversau‘

1925 3571 2105 3609 sumus
2134 3558 2183 3608 in
2216 3556 2307 3626 [αι.
2344 3558 2394 3610 itt
2425 3557 2544 3627 hoc]
2582 3559 2773 3611 mundo
2802 3558 2880 3621 ";
2910 3576 2928 3607 ι
2964 3557 3228 3609 carnalem
3259 3556 3473 3622 sapien-

1927 3648 2049 3699 tiam
2094 3648 2299 3709 dicens,
2349 3663 2465 3716 qua:
2516 3649 2567 3700 in
2613 3649 2770 3701 rebus
2819 3647 3087 3715 corporeis
3129 3661 3193 3699 ex
3245 3647 3475 3698 humano

1924 3736 2161 3790 subsistit
2181 3739 2409 3805 cogitatu
2436 3739 2563 3807 (27).
2596 3738 2760 3791 Porro
2788 3739 3079 3806 spiritualis
3103 3736 3368 3803 sapientia
3417 3747 3473 3788 et

1925 3825 2319 3891 intellectualis,
2373 3829 2519 3882 circa
2562 3829 2849 3883 invisibilia
2898 3842 2951 3884 et
3008 3828 3377 3881 intellectualia
3414 3840 3473 3879 se

1925 3923 2128 3975 tenens,
2166 3930 2259 3984 per
2284 3919 2652 3983 operationem
2685 3919 2918 3985 Spiritus
2946 3919 3115 3971 saneti
3140 3918 3473 3985 capientibus

1923 4019 1979 4057 se
2031 4005 2111 4057 sui
2164 4008 2500 4074 pratsentiam
2554 4008 2762 4061 tribuit.
2805 4008 2857 4060 Ιιι
2902 4008 3084 4060 multis
3112 4022 3321 4074 quoque
3353 4008 3469 4059 aliis

1924 4096 2053 4149 locis
2077 4096 2361 4164 Apostolus
2392 4106 2654 4149 memorat
2684 4097 2735 4149 iit
2770 4097 3004 4163 Spiritus
3027 4098 3193 4149 sancti
3226 4099 3471 4147 substan-

1925 4186 1992 4236 tia
2024 4186 2109 4237 Dei
2138 4200 2357 4238 munera
2382 4187 2695 4239 commorari
2728 4184 2822 4256 [αι.
2851 4183 3310 4254 commemorari];
3336 4188 3470 4235 sicut

1925 4278 1974 4329 itt
2010 4277 2096 4330 illo
2126 4296 2136 4329 :
2173 4276 2342 4330 «Deus
2367 4288 2541 4329 autem
2565 4278 2675 4345 spei
2714 4278 2914 4345 repleat
2961 4291 3054 4329 vos
3090 4279 3233 4328 omni
3260 4279 3468 4342 gutdm,

1922 4377 1972 4419 et
1999 4382 2127 4434 pace
2154 4368 2203 4418 in
2232 4367 2512 4427 credendo,
2542 4377 2596 4418 ιιι
2659 4367 2938 4419 abundetis
2967 4366 3018 4419 itt
3050 4380 3162 4433 spe,
3194 4378 3245 4416 et
3281 4368 3471 4418 \tt‘ttttc

682 4473 700 4504 «
731 4455 862 4507 Cum
920 4466 1095 4507 autem
1150 4456 1541 4508 introduxerint
1604 4470 1698 4516 vos
1760 4458 1809 4508 in
1846 4486 1887 4540 ι)
1924 4454 2152 4521 Spiritus
2180 4458 2348 4509 sancti
2378 4456 2444 4509 ⁸³.
2478 4476 2494 4506 ι

1990 4547 2071 4598 Η.
2119 4548 2251 4599 Deus
2291 4559 2465 4598 autent
2512 4546 2730 4614 largitor
2768 4548 3065 4607 bonorum,
3108 4558 3254 4611 spem
3298 4556 3457 4609 quant

1919 4636 2204 4703 prcutisit,
2247 4637 2430 4689 reddet
2479 4634 2603 4704 [αι.
2647 4633 2864 4705 reddit]
2914 4634 2966 4687 in
3007 4634 3201 4687 virtute
3242 4632 3469 4700 Spiritus

1926 4726 2096 4778 sancti
2123 4764 2137 4787 ,
2177 4725 2259 4779 bis
2287 4726 2375 4793 qui
2409 4726 2606 4778 habent
2636 4726 2782 4778 illum
2812 4741 2825 4788 ;
2859 4723 3048 4788 gaudio
3079 4733 3132 4776 et
3159 4738 3286 4790 pace
3315 4740 3461 4774 cuni-

1917 4814 2023 4880 plet
2062 4829 2152 4867 eos
2204 4816 2290 4881 qui
2358 4816 2793 4882 itnperturbatam
2831 4824 2884 4867 et
2916 4816 3151 4867 sedatam
3189 4814 3466 4879 cogitatio-

1896 4918 2033 4955 .nem
2066 4906 2429 4970 possidentes,
2464 4906 2608 4958 lectas
2649 4906 2843 4957 habent
2874 4913 3108 4966 mentes,
3143 4912 3196 4956 et
3226 4902 3291 4955 ab
3320 4904 3462 4954 omni

1914 4995 2371 5059 perturbationum
2419 5002 2731 5061 tempestate
2773 4992 3111 5061 tranquillas.
3148 4993 3244 5057 Qui
3286 5000 3459 5042 autem

1919 5082 1968 5130 itt
1997 5082 2191 5134 virtute
2218 5081 2448 5140 Spiritus
2477 5083 2645 5134 sancti
2676 5083 2920 5149 praadicta
2953 5083 3088 5132 bona
3120 5084 3312 5132 iuerint
3340 5100 3462 5130 (Ἠπι-

2563 5232 2744 5282 "ibid.
2768 5231 2844 5281 10.

2402 5302 2445 5330 ⁸⁸
2486 5301 2525 5352 ll
2557 5300 2679 5353 Cor.
2719 5316 2770 5364 t,
2811 5298 2898 5351 1‘2.

2926 5232 2968 5260 “
2987 5229 3113 5282 Luc.
3156 5245 3249 5291 xu,
3272 5230 3347 5289 ll,
3379 5227 3460 5281 li.

2974 5299 3017 5329 δ’
3060 5299 3209 5350 ltum.
3249 5313 3333 5356 sv,
3375 5296 3453 5346 13.

1991 5445 2100 5514 (26)
2157 5445 2393 5505 Tholos.,
2466 5464 2483 5495 «
2513 5455 2568 5497 ut
2622 5444 2874 5512 impleant
2920 5442 3176 5511 sapientia
3217 5448 3270 5491 et
3311 5440 3462 5490 nucl-

1922 5516 2078 5568 lectn.
2120 5529 2238 5579 qua:
2270 5516 2321 5566 in
2354 5514 2552 5583 Spirittt
2582 5522 2765 5566 sancto
2792 5528 2819 5563 a
2852 5515 2955 5566 Deo
2984 5517 3265 5583 donant'ur.
3302 5526 3319 5557 ι

1994 5584 2102 5649 (27)
2146 5586 2280 5635 Idem
2301 5623 2313 5643 ,
2346 5603 2362 5632 «
2394 5580 2510 5649 quae
2542 5585 2727 5635 horum
2760 5582 3108 5649 corporibus,
3143 5588 3194 5632 et
3232 5580 3462 5631 humano

1924 5653 2219 5705 subsistunt
2247 5656 2508 5721 cogitatu,
2546 5670 2562 5701 ι
2597 5662 2699 5703 etc.
