4212 6464
228 416 319 481 121

882 410 1364 473 TBANSLATIO
1393 409 1601 471 ΜΒΝ
1646 405 1924 467 ΒῖῡΥΜῖ
1955 406 2052 466 DE
2085 405 2407 467 SPlRlTU
2442 408 2587 467 SAN
2634 408 2750 467 ΤΟ.

3349 410 3452 475 122

218 534 431 597 propter
449 526 610 596 quod
630 541 807 597 neque
820 529 1200 598 sempiternum
1213 536 1315 582 est.
1329 526 1446 581 Non
1465 526 1632 580 solum
1649 526 1806 593 igitur
1836 531 1879 586 Α
1910 542 2097 579 nomen
2122 528 2427 595 significans
2450 530 2685 583 omnium
2713 531 3065 584 substantiam
3095 530 3447 586 iuvisilibium

217 618 352 685 quod
399 618 456 669 in
512 618 841 673 hominibus
887 628 970 673 est
1003 619 1293 687 rationale,
1342 619 1695 682 convertitur,
1745 627 1800 669 et

216 720 457 771 creatur,
522 725 728 765 verum
775 713 935 766 etiam
986 712 1035 763 in
1087 712 1333 765 omnibus
1379 710 1638 765 creaturis
1683 709 1797 761 base

213 801 394 853 eadem
426 802 738 856 conversio
772 802 1055 870 reperitur.
1089 800 1220 854 Nam
1251 812 1304 854 et
1330 801 1636 868 angelorum
1666 812 1795 851 con-

219 892 495 943 versiones
554 901 617 945 et
672 893 861 945 ruinas
908 892 1083 945 divina
1138 890 1346 959 eloquia
1408 889 1796 943 demonstrant.

217 980 364 1034 Licet
394 982 550 1034 enim
589 983 883 1036 multitudo
912 985 1218 1050 angelorum
1245 1021 1260 1046 ,
1287 992 1341 1036 et
1368 982 1592 1035 aliarum
1622 980 1799 1034 excel-

218 1074 443 1125 lentium
473 1076 753 1127 virtutum
771 1115 788 1138 ,
814 1074 866 1126 in
892 1075 1215 1128 beatitudine
1239 1083 1293 1127 et
1314 1072 1663 1127 sanctimonia
1686 1087 1801 1141 per-

215 1172 510 1225 severent,
552 1172 741 1217 tamen
786 1179 904 1217 cum
950 1164 1003 1218 in
1048 1178 1109 1217 ea
1156 1177 1274 1231 qua:
1317 1162 1546 1215 similem
1603 1161 1801 1214 habent

219 1261 468 1302 naturam
496 1267 773 1307 conversa
803 1254 942 1313 sint,
968 1254 1197 1305 dilucide
1222 1254 1521 1305 ostenditur
1548 1252 1600 1304 in
1628 1250 1800 1319 primo

218 1354 309 1391 eo;
334 1350 483 1394 statu
525 1358 641 1395 non
674 1357 772 1409 per
800 1343 1278 1395 immutabilitatem
1312 1358 1421 1394 sua:
1449 1340 1759 1393 substantim
1779 1380 1794 1403 ,

217 1428 307 1480 sed
340 1445 442 1496 per
482 1430 781 1483 sollicitius
814 1431 867 1483 in
910 1429 1135 1484 Domino
1158 1431 1433 1483 servitium
1464 1442 1796 1493 permanere.

219 1513 404 1583 Neque
433 1518 593 1569 enim
622 1528 799 1585 potest
829 1517 1170 1584 cozequalium
1202 1518 1405 1569 diversa
1440 1530 1559 1569 esse
1587 1526 1794 1569 natura.

228 1602 361 1657 Nam
400 1606 539 1670 quia
580 1621 745 1658 omne
781 1622 950 1674 genus
989 1606 1256 1657 hominum
1301 1606 1522 1658 mortale
1574 1614 1687 1665 est,
1743 1612 1797 1657 et

220 1694 420 1762 singuli
453 1695 717 1749 homines
744 1696 995 1748 mortales
1023 1704 1140 1747 sunt
1162 1735 1177 1759 ,
1209 1703 1267 1747 ut
1289 1709 1318 1747 e
1347 1696 1555 1747 diverso
1584 1709 1795 1762 quoque

220 1781 263 1832 si
296 1796 402 1848 qua
446 1781 520 1832 de
562 1782 940 1850 superioribus
971 1781 1285 1835 immortalia
1323 1790 1483 1841 sunt,
1520 1781 1657 1833 haud
1692 1782 1791 1833 du-

1907 626 2293 671 creaturarum.
2317 617 2497 686 Neque.
2523 622 2663 672 enim
2693 620 2781 672 ulli
2805 623 3015 687 quidem
3041 623 3367 692 angelorum,
3394 635 3450 675 et

1898 706 2016 757 alim
2047 707 2253 760 cuidam
2284 710 2579 762 rationabili
2617 720 2877 765 creaturae
2909 714 3039 765 dixit
3072 717 3237 768 Deus:
3262 734 3279 765 ι
3309 715 3445 766 Sede

1897 811 1925 848 a
1954 796 2155 848 dextris
2181 798 2331 849 meis.
2365 817 2381 848 ι
2413 797 2465 850 lu
2495 813 2775 853 commune
2805 800 2981 868 itaque
3010 817 3185 852 sermo
3214 819 3447 869 pronun-

1900 889 1995 939 tiat
2016 925 2031 939 .
2064 902 2166 939 non
2198 901 2319 941 esse
2348 890 2549 941 dictum
2595 890 2841 958 cuiquam
2887 901 3172 951 creaturze,
3202 909 3219 941 ι
3250 893 3383 943 Sede
3415 908 3443 942 a

1899 979 2099 1031 dextris
2127 979 2277 1031 meis.
2314 996 2331 1029 ι
2364 979 2427 1032 Et
2459 982 2557 1034 hoc
2590 982 2641 1033 in
2675 996 2959 1033 commune
2988 982 3053 1033 de
3080 992 3343 1034 creatura.
3385 983 3447 1033 ιςι

1899 1070 2251 1137 pronuntians
2283 1072 2347 1124 de
2379 1076 2624 1128 omnibus
2655 1074 3013 1128 invisibilibus
3044 1075 3306 1127 creaturis
3328 1114 3341 1136 ,
3371 1075 3447 1127 ait

1898 1174 1990 1213 eas
2018 1175 2135 1214 esse
2158 1161 2614 1218 administratores
2635 1166 2869 1233 spiritus.
2904 1166 3124 1232 Propter
3146 1165 3283 1232 quod
3312 1166 3442 1215 sub-

1893 1246 2014 1313 jecit
2046 1266 2057 1301 :
2093 1266 2110 1298 ι
2143 1247 2327 1303 Nonne
2372 1265 2555 1304 omnes
2603 1263 2727 1305 sunt
2775 1254 3234 1309 administratores
3281 1252 3443 1320 spiri-

1901 1348 1980 1389 tus
2001 1378 2013 1397 ,
2049 1338 2099 1390 in
2134 1340 2488 1394 ministerium
2522 1342 2714 1394 missi?
2743 1362 2760 1392 ι
2790 1342 2935 1395 Licet
2960 1344 3099 1396 enim
3132 1358 3230 1394 non
3259 1357 3445 1395 omnes

1898 1426 2202 1492 singillatim
2232 1430 2521 1483 invisibiles
2541 1432 2991 1483 creatummissm
3019 1441 3137 1484 sunt
3164 1430 3257 1501 [aL
3282 1429 3444 1501 sint],

1900 1524 2073 1569 tamen
2103 1519 2223 1583 quia
2270 1520 2504 1587 ejusdem
2547 1522 2758 1589 generis
2792 1534 2843 1574 et
2875 1523 3090 1574 honoris
3122 1523 3234 1574 alise
3271 1523 3449 1573 missas

1895 1615 2017 1657 sunt
2036 1647 2049 1667 ,
2077 1608 2465 1673 quodammodo
2487 1620 2539 1663 et
2565 1612 2689 1678 ipsa:
2713 1613 3059 1677 possibilitate
3080 1624 3204 1664 sunt
3233 1613 3434 1664 misse:

1895 1697 2177 1749 missarum
2227 1710 2506 1752 consortes
2545 1703 2865 1768 aequalisque
2943 1702 3271 1754 substantia}.
3326 1702 3440 1765 Quo

1896 1787 2050 1837 modo
2073 1787 2231 1855 igitur
2254 1786 2386 1840 alius
2408 1798 2488 1840 est
2511 1791 2573 1841 ab
2601 1792 2865 1843 universis
2886 1793 3147 1844 creaturis
3171 1792 3445 1851 Dominus,

225 1871 372 1924 bium
400 1910 416 1934 ,
457 1871 598 1937 quin
638 1871 817 1923 omnia
858 1870 909 1923 in
938 1873 1121 1924 eodem
1152 1885 1347 1937 genere
1378 1878 1432 1922 et
1461 1869 1637 1936 specie
1665 1886 1794 1924 con—
1823 1850 1865 1906 Β
1904 1892 1996 1944 per
2028 1892 2184 1944 quem
2218 1878 2536 1944 principium
2580 1884 2642 1931 ad
2691 1883 3006 1949 loquendum
3049 1894 3321 1949 acceperat
3360 1884 3446 1934 illa

222 1966 406 2015 atituta
437 1999 456 2022 ,
496 1963 615 2014 sint
654 1961 999 2015 immortalia.

289 2051 377 2103 13.
418 2051 565 2104 Cum
594 2061 775 2104 autem
804 2051 916 2104 hzec
940 2064 999 2103 se.
1023 2051 1093 2103 ita
1118 2049 1382 2113 habeant,
1407 2048 1565 2101 etiam
1594 2048 1636 2101 si
1665 2062 1800 2101 unus

226 2139 453 2207 angelus
476 2139 859 2193 convertibilis
878 2138 1205 2206 apparuerit,
1222 2151 1406 2189 omnes
1430 2136 1800 2189 convertibiles

223 2239 402 2293 erunt,
429 2231 566 2283 licet
592 2244 698 2282 non
724 2230 830 2281 sint
850 2227 1094 2280 conversi
1122 2228 1173 2279 in
1203 2226 1527 2287 beatitudine
1552 2239 1798 2294 perseve-

227 2327 447 2381 rantes;
486 2319 765 2387 quomodo
796 2326 849 2369 et
884 2326 1075 2371 cuncta
1103 2316 1374 2369 hominum
1409 2330 1630 2383 corpora
1668 2316 1801 2368 divi-

227 2408 403 2459 sibilia
436 2419 594 2468 sunt,
621 2421 926 2474 quanquam
959 2421 1061 2458 non
1090 2407 1262 2457 omnia
1294 2406 1616 2457 dividantur.
1642 2404 1797 2467 Qua:-

226 2495 344 2547 darn
392 2497 545 2548 enim
596 2509 785 2547 eorum
822 2509 973 2562 passa
1010 2494 1353 2556 divisionem,
1384 2503 1436 2545 et
1467 2494 1789 2561 reliquorum

227 2584 484 2636 similium
519 2584 648 2646 sui,
683 2594 927 2637 naturam
959 2583 1397 2650 interpretantur.
1436 2582 1526 2634 llis
1554 2584 1621 2633 ita
1656 2583 1798 2634 edis-

228 2674 416 2731 sertis,
442 2674 673 2727 alterius
700 2674 1012 2727 substantiae
1040 2688 1067 2725 a
1098 2674 1393 2726 visibilibus
1426 2673 1476 2725 in
1517 2672 1797 2724 invisibili-

231 2766 326 2817 bus
352 2766 632 2817 creaturis
666 2761 897 2831 Spiritus
922 2772 1136 2816 sanctus
1171 2761 1489 2814 ostenditur.
1525 2760 1579 2813 Si
1619 2771 1794 2812 autem

228 2855 329 2909 hoc
352 2870 547 2908 rerum
576 2865 661 2908 est
684 2896 697 2915 ,
727 2854 1037 2921 in~piissitue
1068 2853 1280 2922 quidam
1306 2852 1443 2905 inter
1464 2852 1640 2903 omnia
1669 2865 1795 2903 con-

235 2958 522 2999 numerant
568 2947 834 3011 Spiritum
868 2955 1109 2997 sanctum
1139 2984 1153 3006 ,
1191 2944 1428 2995 dicentes
1465 2942 1515 2993 iu
1555 2954 1620 2993 eo
1652 2939 1793 3006 quod

234 3035 413 3086 omnia
452 3050 551 3101 per
588 3032 819 3086 Verbum
850 3046 877 3082 a
910 3030 1014 3084 Deo
1043 3033 1177 3083 facta
1212 3039 1369 3093 sunt,
1397 3028 1555 3080 etiam
1592 3028 1795 3091 signiti-

233 3124 342 3176 cari
374 3122 620 3191 Spiritus
652 3122 821 3175 sancti
852 3120 1129 3173 facturam.
1163 3119 1343 3185 Neque
1369 3119 1507 3169 enim
1540 3132 1698 3168 unmn
1729 3132 1791 3168 ex

232 3212 482 3266 omnibus
505 3252 521 3271 .
550 3214 648 3264 sed
678 3210 819 3263 aliud
851 3221 996 3263 extra
1024 3208 1198 3261 omnia
1233 3223 1326 3275 per
1354 3207 1701 3260 sobstantiam
1732 3221 1795 3258 ex

235 3308 464 3367 utroque
498 3301 901 3351 demonstratus
932 3306 1013 3352 est
1042 3296 1273 3364 Spiritus
1308 3306 1545 3348 sanctus.
1582 3292 1711 3346 Nam
1747 3294 1793 3347 si

234 3398 480 3441 creatura
504 3428 521 3453 ,
559 3397 615 3440 ut
651 3388 894 3454 superius
920 3386 1281 3441 ostendinms.
1316 3384 1567 3435 dividitur
1597 3386 1644 3435 in
1678 3398 1799 3435 cor-

236 3479 475 3545 poralia,
513 3486 573 3531 et
611 3474 1003 3542 incorporalia:
1050 3483 1102 3527 et
1152 3474 1398 3527 conditus
1443 3482 1524 3524 est
1570 3471 1692 3539 Spir
1714 3482 1799 3524 tus

242 3575 459 3619 sanctus
487 3566 681 3632 utique
713 3574 803 3618 aut
836 3564 1089 3626 visibilis,
1126 3572 1214 3614 aut
1249 3560 1526 3614 invisibilis
1556 3572 1797 3612 creatura

244 3648 370 3709 erit,
397 3647 455 3700 id
483 3658 598 3709 est,
620 3647 945 3716 corporalis,
978 3657 1070 3700 aut
1098 3646 1468 3714 incorporalis.
1490 3645 1687 3699 Verum
1712 3661 1833 3700 cor-

242 3754 344 3807 pus
372 3752 730 3807 nequaquam
764 3738 890 3798 erit,
925 3738 1067 3790 sicut
1097 3737 1248 3804 prius
1281 3735 1538 3800 diximus,
1573 3751 1694 3788 cum
1732 3736 1832 3789 do-

245 3843 389 3894 ceat,
413 3843 472 3885 et
490 3830 783 3884 scientiam
810 3839 1052 3898 praestet,
1078 3839 1131 3882 et
1157 3842 1362 3881 asensu
1396 3828 1551 3896 12],
1585 3837 1638 3881 et
1656 3830 1831 3881 anima

240 3921 503 3984 Capi-ator.
564 3919 670 3970 Sed
722 3931 895 3986 neque
936 3915 1216 3968 invisibilis
1255 3928 1501 3966 creatura
1553 3922 1690 3973 ertt,
1742 3922 1798 3964 ut

243 4007 396 4072 paulo
426 4014 557 4056 ante
586 4006 652 4055 de
684 4020 746 4071 eo
780 4005 1186 4070 disputavimus.
1224 4001 1372 4056 Unde
1412 4012 1465 4054 et
1504 4000 1792 4067 Apostolus

243 4096 293 4145 in
330 4095 572 4159 Epistola
613 4108 771 4159 quam
812 4094 877 4145 ad
918 4092 1167 4145 llebrzeos
1201 4090 1450 4157 scripsit,
1483 4090 1641 4141 alimn
1674 4104 1795 4139 eum

241 4196 358 4235 esse
392 4183 740 4234 ab'omnibus
769 4180 973 4249 angelis
1002 4182 1367 4241 demonstrat,
1402 4178 1581 4231 dicens
1610 4196 1623 4230 :
1655 4194 1673 4226 ι
1700 4175 1796 4229 Cui

243 4274 383 4327 enim
433 4271 751 4340 angelorum
798 4273 932 4324 dixit
979 4272 1301 4337 aliquando:
1356 4271 1493 4322 Sede
1526 4282 1554 4321 a
1593 4269 1796 4320 dextris

245 4363 377 4415 meis
397 4402 413 4425 ,
446 4364 618 4414 donec
647 4377 836 4426 ponam
870 4363 1111 4413 inimicos
1138 4368 1256 4413 tuos
1287 4359 1575 4412 scabellum
1604 4358 1793 4424 pedum

1901 1982 2085 2032 magna
2121 1968 2306 2027 saitts,
2358 1966 2507 2032 cujus
2557 1970 2889 2036 negligentes
2933 1971 3216 2038 Apostolus
3261 1972 3446 2024 nolens

1900 2070 1992 2107 nos
2019 2072 2163 2118 esse,
2210 2056 2283 2111 ait
2310 2074 2324 2112 :
2354 2074 2372 2105 ι
2404 2058 2674 2120 Quomodo
2726 2076 2821 2112 nos
2875 2060 3187 2129 ellngiemns
3242 2071 3441 2114 tantam

1898 2147 2222 2213 negligentes
2248 2150 2474 2201 salutem
2502 2186 2517 2207 ,
2550 2163 2667 2213 qme
2713 2150 3031 2216 principium
3074 2151 3343 2217 accipiens
3373 2151 3439 2202 ad

1898 2234 2212 2301 loquendum
2249 2253 2341 2305 per
2372 2240 2650 2291 Demittunt
2678 2276 2692 2297 ,
2728 2240 2794 2289 ab
2834 2241 2914 2291 bis
2941 2241 3027 2302 qui
3066 2241 3349 2292 audierunt
3386 2240 3438 2292 in

1899 2339 1993 2375 nos
2027 2327 2338 2379 confirmata
2367 2331 2490 2381 est?
2520 2348 2537 2379 ι
2572 2329 2661 2381 sed
2700 2337 2753 2377 et
2788 2328 2925 2379 Deus
2954 2329 3041 2395 qui
3081 2330 3443 2381 testimonium

1897 2412 2138 2477 perhibet
2166 2414 2328 2481 signis
2360 2426 2410 2469 et
2446 2419 2702 2484 portentis
2738 2416 2822 2469 isti
2856 2416 2966 2468 salu
2984 2417 3015 2468 ti
3044 2457 3057 2475 ,
3093 2418 3227 2470 alius
3256 2428 3337 2469 est
3370 2420 3440 2470 ab

1894 2501 2139 2554 omnibus
2168 2503 2640 2556 administratoriis
2669 2503 2943 2571 spiritibus
2972 2522 2986 2558 :
3019 2504 3097 2556 sic
3129 2515 3181 2557 et
3212 2504 3441 2571 Spiritus

1895 2599 2145 2652 sanctus,
2181 2592 2329 2658 cujus
2379 2594 2733 2647 divisionibus
2770 2597 2921 2662 juxta
2967 2601 3288 2648 voluntatem
3330 2596 3446 2664 ejus

1898 2680 2252 2732 testimonium
2286 2682 2529 2749 perhibet
2571 2685 2707 2737 Deus
2729 2724 2744 2743 ,
2779 2686 3107 2739 distribuens
3138 2698 3258 2739 eum
3283 2722 3299 2747 ,
3336 2699 3441 2737 non

1892 2784 1988 2833 per
2013 2771 2332 2823 concisionis
2364 2783 2573 2839 partes,
2605 2776 2695 2828 sed
2722 2790 2816 2842 per
2849 2780 3278 2830 communionem
3316 2775 3442 2845 qui-

1896 2860 1994 2911 bus
2040 2874 2159 2912 eum
2198 2874 2452 2927 prmsmre
2502 2863 2836 2917 decreverit:
2870 2865 3088 2918 alterius
3115 2874 3197 2919 est
3237 2875 3291 2919 et
3331 2866 3446 2934 ipse

1894 2950 2199 3002 antistantim
2224 2952 2287 3001 ab
2322 2952 2404 3004 his
2440 2953 2489 3002 iu
2520 2967 2637 3018 qua:
2666 2954 2984 3021 dispartitur
3014 2953 3230 3007 ell'usus.

1931 3041 2086 3109 122
2108 3042 2191 3095 Μ.
2212 3041 2378 3111 igitur
2392 3044 2647 3111 quoniam
2666 3046 3082 3115 approbavimus
3099 3046 3251 3115 juxta
3273 3045 3453 3116 Scrip—

1823 3161 1861 3215 Ο
1883 3138 2129 3215 ἐδιτιιίιιῐπ
2150 3148 2399 3193 sensum,
2415 3134 2576 3215 alium
2599 3144 2755 3188 extra
2774 3152 2989 3215 omnem
3008 3148 3311 3215 creaturam
3332 3152 3453 3190 esse

1905 3210 2159 3276 Spiritum
2191 3219 2472 3273 sanctum,
2517 3210 2782 3285 incassum
2811 3250 2825 3273 ,
2870 3210 2975 3263 imo
3020 3212 3177 3279 impie
3222 3213 3437 3278 quidam

1903 3307 2136 3349 creatum
2165 3311 2284 3349 eum
2313 3313 2430 3351 esse
2471 3300 2756 3351 ostendere
2808 3300 3048 3353 volentes
3074 3338 3087 3361 ,
3140 3302 3444 3353 testimonio

1903 3399 2141 3448 utuntur,
2172 3401 2275 3452 quo
2320 3388 2497 3438 omnia
2533 3403 2625 3455 per
2656 3386 2886 3440 Verbum
2927 3388 3061 3440 facta
3103 3389 3443 3454 referuntur;

1902 3489 1955 3528 ut
1990 3478 2190 3529 scilicet
2218 3476 2266 3527 in
2297 3477 2543 3527 omuilms
2572 3477 2732 3528 etiam
2766 3487 2965 3529 aeterna
2994 3478 3284 3530 substantia
3315 3493 3443 3529 eou-

1903 3568 2153 3617 tim-atur.
2188 3563 2249 3616 Et
2278 3564 2399 3630 quia
2431 3566 2495 3615 ad
2524 3565 2880 3617 cenditionem
2909 3564 3023 3630 ejus
3050 3566 3441 3632 approbandam

1900 3658 2062 3708 etiam
2117 3654 2482 3721 praphetieum
2545 3668 2845 3705 sermonem
2894 3662 3185 3720 usurpant,
3240 3654 3447 3705 dicente

1904 3746 2029 3809 Deo,
2053 3763 2071 3793 ι
2094 3743 2228 3795 {Ireo
2253 3742 2503 3812 Spiritum
2529 3759 2541 3794 :
2582 3761 2597 3791 ι
2626 3744 2785 3794 etiam
2816 3743 2865 3795 in
2895 3743 2993 3795 hoc
3023 3757 3113 3795 eos
3143 3752 3446 3795 monstrare

1899 3832 2155 3885 debcnms
2184 3846 2406 3897 prorsus
2438 3831 2503 3881 ah
2536 3831 2803 3881 intellectu
2838 3831 3073 3884 veritatis
3103 3832 3321 3883 alienos.
3352 3828 3447 3882 Neo

1900 3935 2002 3987 que
2034 3921 2173 3972 enim
2210 3921 2273 3972 de
2310 3920 2508 3985 Spiritu
2548 3932 2733 3973 saneto
2776 3921 3072 3987 propositus
3101 3934 3277 3971 sermo
3307 3934 3437 3985 pro.

1902 4009 2070 4075 pheta:
2104 4006 2225 4069 fuit,
2260 4015 2317 4059 ut
2362 4021 2423 4059 ex
2457 4006 2568 4073 ipsa
2598 4007 2733 4057 serie
2767 4015 2818 4058 et
2845 4014 3095 4057 contextu
3132 4004 3325 4071 eloquii
3359 4004 3445 4055 in-

1904 4094 2171 4160 telligitur.
2200 4091 2469 4159 Siquidem
2500 4091 2662 4144 Amos
2705 4092 2961 4157 propheta
2989 4105 3053 4143 ex
3082 4104 3303 4157 persona
3329 4089 3442 4153 Dei,

1906 4200 1923 4231 ι
1956 4181 2311 4247 Praeparare,»
2352 4182 2548 4247 inquit.
2582 4182 2678 4233 «ad
2705 4182 3055 4234 invocandum
3081 4180 3239 4232 Deum
3266 4190 3443 4242 tuum,

1902 4286 1932 4320 o
1962 4271 2120 4323 Israel
2151 4288 2164 4323 :
2202 4271 2449 4337 quoniam
2486 4285 2581 4337 ego
2615 4286 2729 4323 sum
2761 4272 2980 4322 firmans
3032 4271 3317 4323 tonitrumn
3342 4309 3357 4330 ,
3393 4280 3445 4321 et

1901 4374 2085 4411 creans
2107 4359 2346 4424 spiritum
2370 4396 2383 4415 ,
2409 4366 2459 4409 et
2484 4360 2801 4408 annuntians
2830 4359 2878 4409 in
2905 4358 3146 4409 homines
3173 4355 3443 4407 Christum

247 4460 463 4503 tuorum
484 4451 509 4502 ἲ
548 4448 733 4503 Nonne
763 4468 949 4503 omnes
981 4462 1105 4503 sunt
1138 4451 1599 4503 adtninistratores
1635 4446 1793 4512 spiri—
1830 4465 1872 4518 ι)
1902 4464 2051 4500 suout
2082 4465 2094 4499 :
2125 4448 2322 4499 faciens
2352 4444 2638 4497 diluculum
2671 4455 2725 4497 et
2754 4444 2998 4496 nebulam
3020 4483 3033 4505 ,
3065 4454 3118 4497 et
3152 4445 3445 4496 ascendens

247 4550 370 4602 tus,
402 4541 457 4591 in
499 4540 849 4592 ministerium
885 4542 1062 4601 missi,
1099 4550 1313 4607 propter
1368 4554 1459 4592 eos
1512 4538 1599 4604 qui
1638 4542 1795 4589 acce—

246 4631 389 4695 pturi
425 4638 585 4681 erant
618 4630 842 4682 salutem
878 4630 963 4681 “1'
997 4648 1015 4681 ι
1043 4629 1104 4681 Et
1144 4641 1262 4697 post
1293 4628 1393 4679 alia
1422 4645 1436 4680 ι
1471 4644 1488 4676 ι
1521 4626 1798 4690 Quomodo

248 4735 351 4772 nos
381 4719 704 4786 effugiemus
744 4730 941 4772 tantam
995 4722 1319 4787 negligentes
1363 4716 1634 4771 salutem?
1673 4716 1801 4779 Quae

246 4810 580 4874 principium
613 4810 880 4878 accipiens
913 4810 975 4859 ad
1008 4810 1325 4875 loquendum
1359 4823 1451 4876 per
1483 4807 1797 4868 Dominum,

247 4899 324 4949 ab
354 4898 437 4949 bis
460 4898 550 4964 qui
582 4897 864 4951 audierunt
894 4900 943 4950 itt
973 4913 1065 4950 nos
1092 4898 1401 4950 conﬁrmata
1427 4907 1538 4957 est,
1570 4897 1800 4949 testimo-

247 4988 403 5038 nium
437 4988 599 5039 dante
630 4989 735 5041 Deo
765 4989 928 5057 signis
950 5028 964 5049 ,
997 4999 1047 5041 et
1081 4988 1333 5055 prodigiis
1358 4997 1407 5040 et
1437 4988 1603 5039 variis
1632 4988 1799 5037 virtu-

248 5078 436 5140 tibus,
460 5086 514 5130 et
542 5076 772 5143 Spiritus
797 5080 966 5132 sancti
994 5079 1337 5131 divisionibuis
1361 5077 1509 5145 juxta
1537 5090 1684 5127 suam
1718 5089 1805 5125 vo-

252 5166 518 5220 luntatem
544 5169 611 5221 ".
642 5186 659 5218 ι
691 5168 798 5223 Hoc
819 5170 959 5222 enim
987 5170 1122 5235 quod
1153 5168 1261 5229 ait,
1287 5186 1304 5216 ι
1328 5167 1410 5220 eui
1438 5165 1796 5231 angelorum,»

251 5271 412 5325 aque
436 5257 713 5324 accipitur,
749 5274 811 5312 ac
840 5260 884 5314 si
912 5260 1141 5323 diceret,
1174 5259 1298 5311 nulli
1326 5273 1338 5309 :
1380 5273 1472 5326 per
1504 5256 1801 5319 angelicum

333 5453 382 5485 ⁸⁵
419 5452 580 5505 Hebr.
610 5466 653 5525 ι,
687 5449 890 5505 13.14:
958 5449 1099 5505 Psal.
1129 5465 1250 5510 cu.
1284 5450 1334 5503 1.

334 5592 443 5659 (3'2)
485 5589 721 5654 \‘itiosr,
754 5599 805 5644 et
851 5599 1032 5644 contra
1075 5592 1351 5657 scriptoris
1393 5603 1619 5646 mentem
1646 5600 1800 5650 ,erat

261 5672 420 5715 antea
463 5677 479 5710 t
518 5670 828 5722 concedere,
864 5679 882 5710 ι
928 5662 1065 5725 quod
1099 5676 1160 5713 ex
1202 5660 1370 5713 Vatie.
1414 5680 1513 5714 ms.
1546 5663 1798 5712 emenda-

266 5745 406 5793 mus,
435 5746 524 5797 qut
574 5741 697 5781 Item
728 5744 821 5795 pro
856 5730 1031 5782 verbis
1064 5747 1082 5779 ι
1135 5742 1187 5784 et
1234 5732 1405 5782 facere
1440 5749 1457 5779 ι
1501 5731 1651 5782 habet
1692 5728 1801 5781 fere

1411 5450 1455 5481 "
1490 5448 1650 5504 Hebr.
1688 5464 1725 5504 tt
1747 5489 1760 5511 ,
1795 5451 1848 5515 ὅ,
1879 5450 1933 5503 4.

1902 4552 2060 4603 super
2084 4536 2291 4588 CXCtlSﬂ
2317 4544 2471 4587 terrae
2502 4552 2514 4587 :
2553 4536 2801 4587 Dominus
2824 4533 2962 4587 Βυιιπ
2988 4535 3317 4601 oumipotens
3354 4546 3443 4584 no-

1906 4643 2023 4679 men
2060 4625 2171 4691 ejus
2198 4627 2261 4678 “.
2299 4643 2316 4675 ι
2349 4626 2487 4677 Deus
2523 4626 2662 4677 enim
2693 4625 2779 4689 qui
2810 4638 2864 4676 se
2906 4625 3147 4691 spiritum
3178 4623 3284 4690 (52)
3312 4637 3445 4675 con-

1898 4718 2021 4769 dere
2046 4716 2213 4768 luet'al
2236 4718 2550 4782 praelocutus
2569 4754 2583 4778 ,
2607 4725 2659 4767 ct
2686 4716 2898 4767 facere:
2926 4725 2979 4767 et
3003 4715 3287 4766 tonitruum
3312 4712 3445 4763 dixit

1900 4808 2114 4859 lirmare
2142 4815 2193 4858 et
2223 4806 2507 4858 diluculum
2539 4816 2591 4857 et
2619 4806 2835 4857 nebulas
2865 4804 3058 4856 facere.
3094 4803 3147 4854 Si
3200 4802 3359 4867 igitur
3391 4803 3445 4853 in

1906 4913 1935 4963 p
1966 4897 2150 4947 :edicta
2191 4897 2494 4948 narratione
2525 4910 2925 4961 perseveramus
2947 4935 2963 4956 ,
2999 4895 3045 4945 id
3077 4903 3190 4955 est,
3225 4892 3276 4943 in
3308 4891 3447 4943 toni-

1904 4996 2021 5037 trtto
2060 4994 2108 5036 et
2140 4985 2368 5037 diluculo
2412 4995 2464 5036 et
2513 4986 2774 5045 nubibus,
2831 4985 3074 5037 eumdem
3126 4981 3447 5046 narrationis

1906 5075 2142 5125 oodiuem
2167 5076 2327 5127 etiam
2354 5077 2403 5126 itt
2432 5076 2615 5140 spiritu
2644 5086 2827 5128 tenere
2849 5076 3097 5127 debemus
3117 5113 3130 5134 ,
3160 5082 3215 5124 ut
3236 5071 3286 5124 id
3308 5070 3447 5136 quod

1906 5162 2100 5213 dicitur
2120 5178 2146 5213 a
2179 5165 2283 5215 Deo
2310 5164 2413 5215 tale
2440 5164 2544 5215 sit:
2574 5161 2636 5215 Ut
2666 5164 2875 5214 iuvoces
2908 5177 3010 5224 me,
3034 5162 3120 5228 qui
3148 5160 3283 5212 Deus
3307 5174 3446 5220 sum,

1907 5252 1993 5318 qui
2031 5254 2276 5305 universa
2306 5266 2533 5319 procuro
2553 5291 2567 5313 ,
2598 5251 2688 5319 qui
2719 5262 2772 5305 et
2800 5261 3007 5305 et'eator
3033 5266 3151 5304 sum
3176 5247 3408 5302 outuium
3429 5282 3447 5310 ,

2010 5450 2055 5480 ⁶⁶
2092 5450 2251 5500 Amos
2280 5461 2353 5511 tv,
2391 5446 2476 5512 12,
2509 5447 2593 5500 13.

1903 5588 2247 5648 concinnius,
2302 5604 2321 5637 ι
2363 5586 2562 5652 pariter
2606 5584 2827 5648 eﬂ’atus,
2868 5604 2885 5636 ι
2934 5594 3035 5639 etc.
3081 5583 3197 5637 Mox
3228 5582 3442 5637 Tholos.

1911 5675 1929 5708 ι
1968 5657 2199 5708 formare
2239 5673 2256 5705 ι
2304 5656 2431 5721 legit
2460 5670 2555 5721 pro
2590 5672 2606 5703 ι
2648 5657 2883 5716 lirmare,
2930 5672 2949 5705 ι
2977 5660 3112 5723 quod
3150 5655 3449 5723 promiscuo

1908 5728 2044 5779 intra
2071 5725 2157 5777 alii
2189 5727 2349 5778 etiam
2388 5740 2512 5777 mss.
2549 5724 2851 5787 prmfetunt.
