4212 6446
757 410 863 478 123

1924 413 1983 475 S.
2020 409 2325 473 EUSEBH
2372 405 2808 471 tilERONYMI

3890 417 4012 479 124

766 528 859 594 qui
889 526 1040 579 firmo
1075 520 1396 591 tonitruum,
1423 538 1474 580 et
1505 530 1679 583 condo
1708 532 1989 598 spiritum,
2038 537 2125 602 qui
2176 536 2314 586 dilu-
2350 542 2392 598 Α
2423 535 2627 589 dictum
2654 544 2755 594 cst,
2800 549 2817 582 ι
2850 531 2941 600 qui
2967 545 3113 596 creo,
3146 531 3321 601 ‘r’quia
3356 548 3458 588 non
3494 536 3655 590 semel
3688 537 3829 591 venti
3853 537 3987 592 facti

764 617 938 669 culum
971 626 1027 671 et
1050 618 1291 671 nebulam
1322 619 1383 670 ad
1408 620 1663 688 quasdam
1698 624 1952 678 utilitates
1982 626 2115 678 facio
2146 628 2318 679 homi-

762 721 887 758 num
913 724 929 773 ;
959 722 1276 777 praeparare,
1309 718 1365 762 ut
1393 709 1636 775 invoces,
1669 728 1700 766 ο
1726 715 1920 779 Israel;
1952 726 2007 767 ut
2040 733 2155 768 run.
2185 733 2319 784 pra:-

763 807 981 864 paratus
1022 798 1186 852 fueris
1213 800 1277 851 ad
1325 801 1709 866 invocandum,
1738 815 1791 856 et
1822 818 1903 857 me
1928 806 2193 870 oraveris,
2229 808 2316 874 qui

763 891 1063 957 Supradicta
1094 894 1387 957 constituo.
1436 894 1688 950 felicitate
1732 908 2061 966 temporum,
2092 909 2141 952 et
2183 901 2317 954 alio—

760 997 880 1033 rum
910 982 1168 1035 bonorum
1214 984 1579 1055 largitionibus
1618 987 1909 1056 perfruaris
1932 1029 1945 1052 ,
1983 1005 2065 1043 me
2103 991 2193 1042 tibi
2229 1008 2321 1055 per

762 1072 1000 1141 singulos
1040 1089 1208 1127 annos
1234 1078 1409 1129 orrmia
1442 1079 1589 1144 juxta
1638 1089 1841 1132 natura:
1879 1080 2119 1132 ordinem
2159 1081 2318 1132 mini-

764 1170 996 1225 strmte,
1030 1172 1085 1215 ut
1114 1162 1335 1217 fecunde
1363 1164 1534 1219 anntis
1564 1165 1731 1233 ﬂuat,
1765 1178 1821 1219 ut
1854 1170 1965 1222 suis
1994 1170 2180 1236 spatiis
2224 1170 2321 1221 ho-

762 1264 945 1302 rarum
976 1262 1241 1307 momenta
1268 1256 1549 1309 decurrant
1572 1297 1587 1319 ,
1613 1266 1669 1309 ut
1694 1273 1790 1311 suo
1820 1267 2056 1326 tempore
2088 1259 2319 1313 tonitrua

770 1345 1043 1410 mugiant,
1089 1354 1147 1397 ut
1184 1348 1438 1399 salutaris
1469 1361 1596 1399 aura
1629 1350 1941 1415 opportunis
1986 1348 2197 1402 ﬂatibus
2242 1351 2323 1402 in-

767 1434 951 1501 Spiret.
982 1434 1038 1487 Si
1068 1450 1193 1489 vero
1221 1451 1314 1504 per
1351 1436 1698 1505 allegoriam,
1752 1440 2042 1490 tonitruum
2094 1450 2147 1491 et
2187 1441 2323 1493 dilu-

766 1521 973 1582 culum.
1009 1532 1061 1574 et
1091 1523 1314 1589 nebula,
1348 1535 1401 1577 et
1436 1527 1639 1579 creatio
1687 1526 1904 1592 spiritus
1939 1526 2318 1595 intelligantur,

767 1625 871 1662 non
912 1610 1265 1665 substantiam
1320 1616 1433 1679 rei,
1480 1617 1569 1669 sed
1604 1617 1878 1685 {igitratam
1926 1618 2325 1685 interpretatio-

768 1713 888 1751 nem
917 1700 1310 1768 significabant.

840 1790 929 1845 l5.
982 1792 1133 1855 Quod
1166 1793 1211 1846 si
1246 1808 1275 1845 ιι
1315 1792 1528 1847 diverso
1562 1796 1870 1862 opposuerit
1921 1794 2205 1848 manifeste
2258 1794 2323 1847 de

2424 630 2571 682 sunt,
2608 620 2698 672 sed
2731 620 2781 671 in
2809 632 2872 671 eo
2902 621 3043 687 quod
3066 622 3389 686 subsistunt,
3418 624 3658 691 quotidie
3689 625 3841 679 ﬁunt.
3875 625 3986 680 Ne-

2429 725 2531 778 que
2568 710 2710 763 enim
2749 709 2943 763 [rustra
2989 712 3105 764 sine
3134 712 3374 774 articulo,
3413 714 3502 781 qui
3547 714 3599 767 in
3635 715 3826 770 Grtrco
3858 723 3989 768 ser;

2424 817 2580 854 mone
2629 800 3020 870 singularitatis
3059 802 3396 867 significatur
3432 813 3545 867 est,
3584 820 3725 858 nunc
3757 807 3988 873 spiritus

2426 901 2637 945 creatus
2664 892 2880 955 dicitur,
2905 892 3157 958 quoniam
3185 909 3290 946 non
3320 904 3400 948 est
3426 905 3665 957 sanctus,
3697 910 3817 949 cum
3844 911 3989 963 pene

2424 997 2637 1051 semper
2679 982 2911 1050 Spiritus
2966 994 3183 1036 sanctus
3227 998 3348 1036 cum
3396 985 3623 1038 articulo
3652 986 3989 1047 nominetur.

2423 1084 2478 1126 ut
2511 1074 2560 1126 in
2599 1074 2691 1126 illo
2715 1073 2846 1125 αὐτὸ
2875 1072 2935 1127 τὸ
2966 1072 3208 1143 Πνεῦμα,
3237 1074 3287 1127 id
3319 1084 3400 1129 est
3441 1092 3459 1126 ι
3495 1076 3607 1143 ipse
3640 1077 3871 1145 Spiritus
3908 1086 3991 1128 te~

2422 1165 2730 1217 stimonium
2770 1165 3016 1231 perhibet
3057 1166 3266 1231 spiritui
3315 1175 3496 1219 nostro
3542 1166 3625 1230 ⁶⁸;
3662 1186 3680 1217 ι
3738 1178 3793 1221 et
3817 1167 3988 1231 alibi,

2423 1256 2594 1323 Δύςτός
2615 1257 2757 1306 ἐστιν
2781 1254 2841 1306 τὸ
2867 1256 3157 1319 ζωοποιοῦν
3181 1258 3313 1326 (54).
3336 1258 3385 1310 id
3408 1268 3537 1321 est,¢
3560 1261 3669 1327 ipse
3694 1260 3879 1327 estqui
3913 1260 3995 1309 vi-

2425 1344 2603 1396 viﬁcat
2633 1345 2728 1397 ".r
2765 1341 2828 1396 Et
2858 1359 3102 1396 rursum:
3130 1362 3147 1393 ι
3187 1344 3275 1399 Sic
3304 1354 3356 1399 et
3383 1361 3500 1412 quae
3531 1347 3619 1399 Dei
3656 1356 3797 1407 sunt,
3829 1360 3994 1398 nem:-

2418 1431 2671 1501 cognovit
2694 1429 2878 1484 ιιὶείτδ
2902 1428 3149 1497 Πνεῦμα,
3182 1448 3201 1482 ι
3233 1430 3287 1485 id
3305 1441 3392 1487 est
3413 1452 3430 1485 ι
3459 1433 3693 1502 Spiritus
3723 1436 3819 1490 Dei
3848 1456 3862 1492 :
3892 1459 3913 1491 ι
3939 1441 4005 1492 τὸ

2418 1526 2525 1591 γὰρ
2548 1522 2793 1589 Πνεῦμα,
2828 1519 3225 1592 1241ιοοεει,
3251 1538 3272 1573 ι
3305 1524 3538 1591 Spiritus
3554 1528 3697 1579 enim
3713 1539 4003 1583 scrutatur

2423 1611 2627 1674 omnia,
2673 1611 2833 1663 etiam
2862 1612 2970 1665 alta
3005 1612 3098 1665 Dei
3133 1612 3201 1666 τ’.
3247 1631 3265 1664 ι
3304 1613 3370 1667 Et
3394 1617 3561 1668 multa
3592 1630 3710 1682 qua:
3735 1616 3801 1668 de
3842 1615 3998 1668 Scri-

2431 1698 2605 1763 pturis
2646 1698 2820 1751 sacris
2854 1713 3147 1767 excerpere
3186 1700 3444 1767 possibile
3480 1712 3585 1757 est.
3623 1704 3772 1768 Quod
3816 1704 3991 1757 sicuhi

2428 1801 2550 1838 raro
2615 1786 2729 1839 sine
2792 1785 3022 1839 articulo
3080 1787 3391 1842 nominatur
3445 1788 3677 1858 Spiritus
3733 1802 3994 1852 sanctus,

767 1878 969 1947 Spiritu
1002 1890 1189 1936 sancto
1234 1883 1348 1937 haec
1376 1884 1502 1945 dici,
1534 1885 1658 1953 quia
1693 1884 1956 1940 inferatur
1982 1885 2047 1939 ad
2095 1886 2324 1939 ςτεαιίο.
2357 1863 2398 1917 Β
2434 1877 2713 1930 sciendum
2736 1886 2819 1929 est
2846 1891 2966 1929 cum
2990 1876 3357 1931 additamento
3378 1894 3498 1931 eum
3534 1880 3798 1932 nominari
3823 1879 3992 1948 signi-

773 1981 895 2019 nem
926 1964 1183 2032 Spiritus,
1216 1965 1343 2018 illud
1367 1967 1510 2034 quod
1548 1968 1835 2035 sequitur:
1872 1986 1888 2018 ι
1921 1968 1978 2022 lit
2009 1970 2343 2021 annuntians
2430 1969 2623 2019 licanle
2663 1966 3113 2033 magniﬁcentiam
3154 1966 3292 2034 ejus.
3332 1966 3609 2036 Siquidem
3645 1970 3846 2022 dicitur
3893 1971 3997 2021 ali-

775 2054 932 2123 123
966 2054 1017 2107 in
1047 2054 1371 2131 omnes(33)
1395 2054 1646 2110 homines
1682 2053 1958 2108 Christum
1992 2070 2149 2108 suum
2177 2072 2190 2119 ;
2227 2073 2245 2104 ι
2279 2056 2332 2107 in

772 2146 996 2202 llehrzeo
1022 2151 1273 2213 habetur,
1306 2169 1324 2201 ι
1360 2152 1641 2203 anrmntiat
1673 2154 1722 2204 in
1760 2153 2030 2206 hominem
2063 2153 2327 2220 loquelam

769 2253 957 2303 suum;
995 2258 1013 2290 ι
1051 2243 1194 2309 quod
1228 2240 1433 2295 scilicet
1465 2243 1553 2310 qui
1583 2252 1796 2296 creator
1818 2254 1901 2296 est
1930 2245 2189 2307 omnium,
2220 2244 2330 2311 ipse

770 2330 935 2382 etiam
986 2332 1262 2399 prophetis
1301 2330 1397 2403 [αι.
1440 2331 1752 2403 prophetas]
1804 2334 2059 2401 inspiret,
2093 2343 2145 2385 et
2176 2348 2327 2387 suam

778 2433 875 2485 per
902 2434 995 2473 eos
1036 2421 1341 2473 hominibus
1389 2422 1587 2474 iudicet
1616 2423 1964 2476 voluntatem.
2017 2422 2082 2476 Et
2116 2425 2181 2477 ad
2230 2424 2330 2477 hoc

771 2510 1204 2577 respondendum
1237 2521 1334 2569 est.
1366 2512 1741 2579 quia‘quidam
1778 2514 2013 2566 haeretici
2042 2514 2201 2566 alium
2238 2530 2332 2569 ex-

782 2612 862 2652 tra
895 2607 1193 2654 creatorem
1242 2601 1522 2655 Dominum
1571 2602 1788 2657 Patrem
1836 2603 2134 2659 Salvatoris
2180 2622 2331 2659 men-

773 2690 1001 2752 tiuntur,
1037 2691 1136 2743 hoc
1168 2690 1482 2758 impiissime
1514 2692 1867 2759 praedicantes
1899 2709 1911 2745 :
1950 2708 2054 2745 non
2095 2694 2328 2747 scelera-

776 2790 882 2831 tam
912 2794 1098 2831 eorum
1134 2777 1497 2847 suspicionem
1533 2782 1878 2848 providentes
1910 2796 1936 2833 a
1969 2782 2075 2835 Deo
2103 2784 2331 2849 percuti,

770 2869 983 2922 dicente
1015 2887 1028 2921 :
1062 2869 1174 2939 Ego
1203 2869 1442 2923 formans
1471 2869 1679 2941 [Vatia
1717 2870 1966 2942 ﬁrmans]
2012 2875 2331 2938 tonitruum,

773 2970 824 3013 et
867 2975 1060 3015 creans
1088 2962 1335 3027 spiritum
1365 2972 1420 3016 et
1454 2962 1586 3015 alias
1616 2963 1797 3015 mundi
1827 2972 2007 3029 partes
2050 2962 2252 3015 faciens
2282 2972 2335 3017 et

774 3048 1105 3113 guhernans,
1148 3047 1412 3099 anrmntio
1444 3046 1496 3099 in
1545 3046 1794 3100 homines
1824 3044 2099 3098 Christum
2134 3059 2331 3098 meum.

774 3133 837 3187 Et
876 3137 976 3189 hoc
1013 3139 1153 3189 enim
1204 3137 1558 3206 providentia:
1602 3151 1733 3190 mea:
1770 3151 1903 3204 opus
1950 3151 2113 3205 super
2147 3136 2329 3191 omnia

774 3241 935 3295 opera
963 3243 1077 3281 mea
1109 3238 1215 3293 est,
1252 3238 1308 3281 ut
1334 3244 1436 3283 non
1470 3229 1641 3283 solum
1669 3243 1855 3282 eorum
1880 3243 1998 3296 quae
2024 3228 2154 3283 foris
2182 3238 2326 3296 sunt,

778 3321 869 3373 sed
902 3329 954 3372 et
982 3336 1102 3389 quae
1136 3322 1202 3375 ad
1228 3319 1651 3374 emolumentum
1689 3319 1881 3373 animae
1910 3328 1964 3371 et
2001 3318 2195 3372 mentis
2220 3319 2327 3371 uti-

777 3411 982 3463 litatem
1028 3410 1123 3481 [aL
1182 3408 1560 3481 humilitatem]
1596 3409 1903 3479 pertinent,
1937 3424 2098 3463 causa
2156 3409 2329 3463 subsi-

778 3500 941 3551 stam.
985 3499 1094 3567 Ego
1132 3500 1235 3553 hoc
1267 3501 1409 3567 quod
1445 3499 1677 3561 dicitur,
1716 3516 1735 3549 ι
1773 3496 1910 3551 Creo
1969 3497 2252 3563 spiritum,
2308 3515 2325 3548 ι

778 3603 929 3656 atque
959 3590 1193 3643 arbitror
1225 3590 1479 3659 positum,
1509 3603 1573 3643 ac
1600 3589 1643 3643 si
1674 3588 2178 3652 diceretur,creans
2208 3603 2336 3641 ven-

786 3672 918 3731 tum.
950 3680 1087 3733 Deus
1119 3664 1313 3747 quippe
1345 3678 1504 3733 ﬂatus
1535 3680 1667 3743 hos,
1702 3678 1791 3747 qui
1822 3693 1916 3747 per
1958 3678 2098 3732 aeris
2136 3688 2334 3730 motum

782 3767 1119 3832 elliciuntnr,
1155 3769 1507 3835 dispositione
1542 3783 1638 3822 sua
1676 3768 1844 3831 ducit,
1881 3770 2174 3820 secundum
2213 3766 2337 3818 illud

784 3861 925 3927 quod
957 3859 1084 3911 alibi
1120 3858 1348 3926 legimus
1379 3874 1392 3911 :
1426 3877 1444 3910 ι
1486 3859 1586 3924 Qui
1622 3858 1871 3927 producit
1898 3868 2085 3911 ventos
2115 3858 2178 3908 de
2217 3856 2336 3909 the-

782 3948 957 4001 sauris
1000 3949 1110 4001 suis
1138 3947 1204 4000 ".
1240 3966 1257 3999 ι
1291 3946 1434 4001 Bene
1466 3957 1647 4002 autem
1680 3949 1819 4017 quod
1852 3950 1903 4000 in
1932 3948 2043 4015 ipsa
2074 3947 2339 4000 sententia

782 4055 887 4092 non
922 4040 995 4091 ait
1020 4078 1034 4098 ,
1078 4038 1166 4105 qui
1204 4038 1382 4091 creavi
1415 4056 1427 4091 :
1461 4038 1552 4092 sed
1589 4055 1607 4089 ι
1654 4039 1743 4106 qui
1776 4052 1900 4090 creo
1928 4037 2195 4105 spiritum.
2228 4054 2244 4086 ι
2281 4036 2336 4089 Si

780 4130 925 4185 enim
953 4130 1017 4182 de
1043 4128 1499 4183 substantialitate
1521 4128 1757 4197 Spiritus
1782 4132 1949 4182 sancti
1975 4142 2153 4182 sermo
2175 4136 2336 4191 esset,

782 4224 1009 4279 dixisset
1060 4221 1279 4287 utique,
1326 4220 1414 4287 qui
1463 4220 1664 4273 creavi.
1712 4218 1893 4287 Neque
1939 4221 2077 4273 enim
2130 4234 2341 4285 semper

780 4313 1026 4369 eumdem
1068 4318 1240 4367 creat.
1278 4307 1430 4363 Nunc
1460 4318 1638 4362 autem
1681 4320 2075 4377 consequenter
2116 4308 2183 4361 de
2214 4308 2337 4359 11.ιιιι

850 4486 894 4518 ⁸⁷
929 4486 1069 4539 Psai.
1098 4498 1315 4547 cxxxiv,
1346 4483 1399 4535 7.
1477 4480 1520 4514 ⁸⁸
1560 4479 1694 4533 Rom
1752 4481 1971 4540 vrn,lG.

786 4557 870 4611 16.
945 4557 990 4587 ⁷⁸
1021 4557 1059 4609 ll
1084 4557 1207 4611 Cor.
1240 4571 1357 4616 xm,
1398 4554 1484 4605 15.

2047 4481 2089 4511 ⁶⁹
2116 4479 2325 4532 Joan.vt
2344 4515 2359 4539 ,
2374 4480 2459 4531 Μ.

1568 4550 1613 4579 ⁷⁸
1655 4548 1809 4601 Rom.
1850 4565 1886 4613 t,
1918 4550 1976 4612 7;
2009 4549 2022 4601 Ι
2050 4551 2173 4603 Cor.
2209 4565 2243 4610 I,
2272 4549 2339 4613 '5;
2368 4548 2571 4605 Coloss.
2600 4564 2636 4610 ι,
2666 4549 2719 4602 5.

2427 2058 2641 2123 quando
2670 2066 2724 2109 et
2759 2057 2873 2109 sine
2900 2058 3128 2110 articulo
3151 2097 3166 2121 ,
3199 2073 3321 2111 cum
3356 2073 3460 2111 non
3496 2059 3610 2125 ipse
3643 2074 3739 2127 per
3770 2074 3829 2109 se
3852 2102 3867 2122 ,
3899 2060 3995 2113 sed

2429 2150 2773 2216 participatio
2802 2149 2917 2218 ejus
2966 2149 3273 2203 OStenditur
3322 2168 3337 2203 :
3393 2159 3450 2203 ut
3498 2160 3646 2219 puta,
3685 2167 3703 2199 ι
3757 2150 4001 2217 Spiritus

2431 2239 2559 2293 Elite
2588 2241 2669 2301 τις
2704 2258 2721 2290 ι
2755 2248 2828 2301 et,
2865 2259 2883 2290 ι
2920 2239 3127 2306 Spiritu
3166 2240 3439 2295 ambulate
3469 2242 3537 2307 ⁷³,
3570 2260 3589 2293 ι
3638 2248 3692 2295 et
3734 2255 3999 2309 quaecun-

2430 2344 2533 2396 que
2567 2328 2649 2379 his
2680 2328 2874 2379 similia
2910 2336 3054 2379 sunt.

2507 2419 2591 2471 lii.
2636 2418 2899 2483 Quoniam
2936 2418 3097 2486 igitur
3123 2432 3187 2471 ex
3218 2419 3320 2481 his,
3350 2434 3468 2487 qua:
3502 2420 3813 2476 memoravi.
3845 2428 3900 2472 et
3928 2435 3996 2473 ex

2432 2508 2614 2562 multis
2669 2507 2809 2571 aliis,
2848 2523 2951 2560 non
3012 2522 3132 2561 esse
3201 2518 3503 2561 creaturam
3567 2507 3825 2577 Spiritum
3868 2524 4000 2561 san-

2444 2610 2589 2653 ctum
2644 2599 3074 2651 demonstratum
3114 2608 3231 2661 est,
3273 2613 3537 2665 nusquam
3592 2600 4002 2652 conditirmihus

2437 2698 2862 2743 connumeratus
2897 2696 2999 2748 est,
3037 2690 3131 2741 sed
3165 2701 3379 2755 semper
3411 2702 3532 2739 cum
3568 2686 3727 2739 Patre
3770 2698 3822 2739 et
3859 2685 4002 2739 Filio

2434 2780 2641 2847 positus
2675 2798 2687 2831 :
2722 2793 2865 2831 nunc
2894 2779 3171 2831 videamus
3195 2792 3357 2846 quam
3390 2792 3510 2831 cum
3545 2787 3770 2844 utroque
3801 2776 4003 2829 habeat

2435 2868 2856 2922 indill‘ereutiam
2895 2866 2995 2938 [aL
3034 2864 3443 2937 diﬂ'erentiam].
3495 2867 3551 2920 lu
3595 2867 3699 2920 line
3745 2866 4004 2933 Εμὶςιοιω

2437 2961 2715 3025 secundm,
2749 2976 2910 3030 quam
2944 2961 3009 3015 ad
3039 2960 3350 3014 Corinthios
3383 2960 3573 3013 scribit
3604 2959 3822 3021 Paulus,
3873 2960 3947 3010 ait
3987 2977 4001 3011 :

2442 3069 2460 3101 ι
2499 3050 2686 3105 Gratia
2736 3050 2946 3104 Domini
2993 3054 3161 3103 nostri
3211 3048 3335 3104 Jesu
3384 3049 3624 3113 Christi,
3671 3057 3726 3102 et
3762 3050 4007 3102 charitas

2435 3140 2565 3206 Dei,
2601 3148 2655 3193 et
2690 3140 3111 3194 communicatio
3146 3140 3318 3195 sancti
3358 3138 3625 3208 Spiritus,
3666 3138 3738 3191 sit
3786 3151 4009 3205 semper

2439 3246 2559 3284 cum
2591 3230 2842 3285 omnibus
2869 3231 3021 3285 vobis
3042 3230 3109 3283 ⁷³.
3149 3248 3169 3283 ι
3204 3229 3523 3284 Ostenditur
3551 3229 3749 3298 quippe
3779 3242 3842 3281 ex
3882 3244 4002 3281 ser-

2440 3337 2600 3375 mone
2648 3321 2898 3385 praasenti
2945 3336 3050 3374 una
3090 3319 3376 3374 Trinitatis
3416 3319 3712 3387 assumptio
3747 3336 3761 3371 :
3795 3332 3921 3370 cum
3962 3319 4009 3370 is

2442 3413 2531 3479 qui
2568 3412 2795 3480 gratiam
2841 3411 3039 3465 Christi
3080 3411 3325 3480 accepit,
3373 3409 3569 3463 habeat
3598 3424 3716 3462 eam
3748 3414 3858 3459 tam
3907 3420 4007 3473 per

2441 3502 2957 3555 administrationem
2984 3500 3181 3567 Patris,
3206 3515 3366 3569 quam
3390 3514 3484 3567 per
3512 3498 3850 3567 largitionem
3883 3499 4009 3561 Spi-

2440 3593 2575 3646 ritus
2616 3592 2810 3648 sancti.
2853 3592 3017 3644 Datur
3048 3592 3189 3645 enim
3221 3605 3251 3644 a
3283 3591 3392 3645 Deo
3418 3589 3577 3643 Patre
3619 3599 3672 3643 et
3703 3587 3799 3660 [αι.
3830 3602 3859 3639 a
3901 3587 4010 3639 ιι..-

2442 3680 2610 3752 mino]
2637 3680 2762 3734 Jesu
2795 3682 3029 3745 Christo,
3051 3680 3202 3748 juxta
3232 3679 3359 3734 illud
3390 3698 3404 3735 :
3436 3698 3455 3731 ι
3487 3679 3672 3734 Gratia
3699 3680 4005 3740 vobiscum,

2440 3782 2492 3825 et
2523 3787 2621 3840 pax
2656 3786 2685 3824 a
2728 3772 2833 3824 Deo
2867 3770 3043 3836 Patre,
3087 3780 3140 3824 et
3188 3771 3415 3825 Domino
3464 3768 3590 3823 Jesu
3624 3769 3839 3823 Christo
3867 3769 3938 3827 7",
3984 3787 4003 3817 ι

2446 3878 2549 3914 non
2580 3860 2741 3914 aliam
2778 3861 2938 3913 dante
2968 3860 3195 3926 gratiam
3231 3859 3387 3914 Patre
3421 3867 3475 3913 et
3506 3858 3664 3912 aliam
3695 3857 4033 3913 Salvator..-

2443 3948 2717 4016 Siquidem
2763 3957 2817 4001 et
2863 3961 2891 3997 a
2933 3945 3091 3999 Patre
3138 3956 3191 3999 et
3233 3944 3458 3999 Domino
3484 3944 3611 3998 Jesu
3642 3943 3857 3997 Christo
3884 3958 4008 3994 eam

2442 4038 2557 4091 dari
2583 4037 2846 4091 describit
2876 4036 3079 4106 [Vatic.
3111 4034 3352 4106 scribit],
3388 4034 3624 4101 Spiritus
3650 4034 3821 4088 sancti
3852 4047 4010 4085 com-

2442 4129 2806 4183 municatione
2829 4126 3169 4197 completam.
3200 4126 3332 4181 Nam
3358 4136 3413 4182 et
3435 4127 3549 4195 ipse
3569 4124 3802 4193 Spiritus
3827 4123 4011 4174 dictus

2442 4226 2524 4271 est
2555 4219 2751 4287 gratia,
2778 4218 3072 4272 secundum
3105 4217 3235 4271 illud
3262 4235 3275 4270 :
3313 4234 3332 4267 ι
3370 4216 3435 4270 Et
3463 4216 3675 4285 spiritui
3708 4215 3894 4282 gratiae
3923 4212 4010 4263 in-

2438 4308 2637 4373 juriam
2672 4308 2892 4371 faciens,
2920 4309 2972 4360 in
3008 4322 3116 4375 quo
3150 4307 3519 4361 sanctiﬁcatus
3544 4315 3629 4359 est
3650 4306 3717 4357 ".
3758 4323 3776 4355 ι
3815 4304 3870 4356 lu
3901 4302 4009 4355 Ζιι-

2536 4480 2581 4510 "°
2621 4478 2789 4532 lCor.
2816 4494 2873 4539 ll,
2904 4478 2987 4549 io.
3064 4480 3105 4509 ⁷⁸
3149 4477 3216 4530 ιν
3242 4478 3373 4549 Reg.
3399 4493 3459 4542 tt,
3494 4478 3580 4532 15.
3656 4478 3702 4510 ⁷⁸
3740 4476 3921 4531 Calat.
3953 4493 4008 4541 ν,

2828 4549 2871 4579 ⁷⁵
2913 4546 3073 4601 llchr.
3107 4564 3161 4604 χ.
3186 4549 3277 4603 ‘29.

858 4694 971 4762 (5'5)
1017 4693 1206 4747 Vocem
1246 4712 1264 4743 ι
1301 4710 1488 4748 omnes
1519 4713 1534 4744 ι
1580 4709 1756 4762 neque
1787 4710 1911 4747 mss.
1945 4698 2135 4748 nostri.
2169 4693 2339 4760 neque
2372 4697 2414 4752 ι)
2443 4705 2591 4762 suum
2667 4686 2805 4762 quod
2873 4687 3131 4739 llelvraicu
3202 4691 3396 4739 dicitur
3475 4687 3698 4750 Messio,
3749 4687 4013 4740 scribitur

787 4765 966 4816 Amosi
996 4773 1171 4813 tenus
1207 4765 1419 4825 hahent,
1456 4780 1681 4827 eantque
1714 4780 1842 4815 Sane
1873 4765 2049 4816 malim
2084 4765 2335 4823 upongi.

789 4834 1197 4884 Antiolationem
1245 4848 1401 4896 porro
1461 4848 1519 4885 ex
1576 4834 1801 4885 Hebraeo
1859 4849 1959 4883 non
2021 4850 2078 4881 ex
2137 4834 2338 4899 Didymi

790 4902 1024 4965 ingenio.
1058 4901 1147 4967 qui
1196 4901 1486 4953 Ilehraicas
1534 4904 1743 4955 litteras
1786 4904 1998 4969 penitus
2042 4904 2340 4959 igtur-altat,

792 4972 883 5019 Sed
918 4971 1099 5038 ttlitttte
1135 4985 1197 5021 ex
1250 4971 1575 5038 Hieronymo
1605 4972 1911 5038 proiecisse.
1958 4972 2083 5020 mihi
2126 4986 2344 5031 tu'rs‘ttno

793 5041 909 5088 deo.
946 5037 1076 5089 Nam
1110 5039 1167 5091 S.
1205 5053 1415 5105 quoque
1448 5037 1766 5092 Ambrosius
1800 5040 1887 5103 qui
1922 5038 2015 5091 lih.
2047 5053 2082 5089 ιι
2120 5042 2190 5089 De
2224 5039 2342 5102 δρι-

792 5108 899 5156 ritu
930 5118 1107 5157 sancto
1135 5110 1253 5159 huic
1287 5124 1349 5159 ex
1380 5111 1558 5161 Amosi
1590 5110 1704 5161 loco
1730 5108 2013 5173 ohjoctioui
2044 5116 2340 5171 respondi-1.

798 5177 935 5227 hanc
962 5179 1098 5241 apud
1128 5177 1405 5245 Di~Yllltltll
1432 5178 1751 5229 solutionem
1779 5193 1842 5229 es
1880 5176 2099 5227 llehrmo
2132 5191 2188 5225 se
2219 5176 2346 5224 indi-

798 5256 882 5295 cat
910 5260 1012 5295 non
1031 5245 1237 5309 legisse,
1262 5260 1381 5295 cum
1407 5246 1549 5297 illam
1568 5246 1787 5301 omnin
1812 5246 2125 5297 diSsiitiiilet.
2149 5246 2347 5305 Argue-

803 5313 929 5363 bant
974 5322 1147 5363 autent
1196 5313 1427 5365 lituretici
1464 5330 1527 5367 ex
1573 5331 1633 5367 eo
1672 5314 1819 5373 loco,
1876 5316 2044 5366 Crcari
2088 5314 2345 5379 Spiritum

804 5393 1069 5441 sanctum,
1110 5390 1166 5433 ιιι
1196 5382 1500 5435 hmninihus
1528 5384 1870 5435 annuntiaret
1899 5382 2189 5435 Christum.
2222 5382 2351 5444 Qui-

805 5449 902 5520 bus
929 5461 981 5500 ιιι
1004 5460 1223 5515 reponat
1248 5449 1622 5520 Hieronymus,
1650 5467 1751 5504 nou
1782 5455 1849 5503 ita
1879 5455 1925 5502 in
1956 5450 2177 5502 llehrzeo
2206 5449 2348 5520 lonte

806 5519 905 5583 legi
943 5520 1152 5579 asserit,
1184 5535 1246 5570 ac
1282 5521 1419 5585 apud
1453 5518 1621 5585 LXX,
1660 5521 1749 5573 sed
1786 5522 1965 5573 haheri
2000 5538 2015 5568 ι
2067 5518 2348 5571 annuntiat

806 5586 859 5638 in
914 5587 1177 5637 hominem
1214 5588 1474 5655 loquelam
1517 5607 1688 5641 suam.
1742 5607 1758 5639 ι
1803 5590 1975 5654 Atque
2029 5590 2095 5640 ita
2135 5588 2343 5655 quidem

807 5656 1327 5724 ipseiutet'pretatus
1353 5668 1457 5717 est,
1480 5658 1832 5724 exposuitque
1858 5661 1905 5708 in
1927 5657 2344 5717 Commentariis,

808 5724 897 5774 ubi
929 5721 1067 5774 LXX
1100 5724 1240 5775 vcrlii
1275 5721 1617 5777 similitudine
1646 5737 1697 5779 et
1731 5721 2075 5791 amhignila'e
2100 5729 2348 5790 deceptos

810 5800 980 5845 notat.
1012 5814 1031 5841 ι
1068 5792 1120 5845 ὀί
1148 5794 1321 5853 enim,
1374 5811 1391 5843 ι
1437 5798 1624 5865 inquit,
1697 5813 1713 5843 ι
1760 5796 2022 5861 legamus.
2080 5796 2345 5849 Christum

2444 4775 2534 4825 pi-r
2570 4760 2663 4808 has
2700 4758 2914 4825 litteras
2973 4774 2983 4807 :
3043 4774 3172 4810 ιιιιιι.
3228 4773 3329 4815 sis,
3384 4773 3499 4818 ιον,
3548 4772 3711 4814 ιιετιι.
3766 4767 3819 4825 et
3878 4770 4009 4817 uc,

2439 4824 2578 4892 quod
2628 4824 2761 4877 LXX
2827 4836 3165 4890 ptllau't‘t'ttnt.
3200 4829 3290 4875 Sin
3342 4841 3517 4877 uitium
3573 4838 3630 4878 nt
3674 4829 3723 4878 in
3756 4824 4007 4888 llehrn'o,

2438 4907 2484 4949 et
2515 4895 2653 4962 apud
2699 4894 2922 4962 reliquos
2976 4895 3278 4961 intrrpretes
3324 4908 3425 4956 est,
3476 4896 3558 4948 his
3589 4895 3780 4948 litteris
3812 4898 4009 4946 scrihio

2442 4976 2546 5022 tut',
2613 4979 2742 5018 urat.
2795 4978 2883 5024 ne,
2938 4967 3075 5028 quod
3139 4976 3219 5014 est
3282 4980 3371 5029 ΜΛ,
3455 4967 3554 5017 hoc
3608 4974 3687 5016 est
3733 4964 3891 5031 quod,
3924 4964 4007 5015 vel

2440 5034 2583 5100 quid.
2649 5034 2844 5083 Deinde
2913 5048 3016 5088 sm.
3052 5048 3163 5086 tuo.
3211 5049 3373 5094 nam.
3427 5035 3566 5099 quod
3623 5035 3847 5100 legimus
3896 5047 4004 5090 su.

2443 5106 2489 5153 id
2533 5113 2612 5153 est
2639 5102 2919 5167 eloquium.
2962 5102 3005 5154 0
3066 5104 3222 5167 igitur
3255 5105 3391 5167 qnml
3426 5104 3678 5155 scribitur
3700 5116 3792 5167 per
3832 5101 4004 5153 solam

2447 5172 2678 5222 litteram
2721 5185 2846 5229 nu.
2876 5169 3064 5227 αὐτοῦ.
3115 5173 3167 5223 id
3189 5179 3270 5223 est
3309 5172 3443 5235 ejus.
3482 5172 3767 5233 signiticet,
3808 5170 4006 5221 simul-

2446 5255 2548 5301 que
2594 5240 2931 5291 eommistnm
2983 5241 3175 5303 legitur
3226 5243 3413 5293 masio.
3450 5260 3467 5289 ι
3521 5238 3674 5294 Unde
3731 5238 4009 5291 concludit

2449 5311 2613 5362 lteum
2665 5324 2757 5374 per
2793 5309 3082 5373 prOphetas
3148 5311 3384 5361 indicare
3436 5311 3761 5362 voluntatem
3822 5322 4004 5369 suam,

2445 5393 2644 5443 eosque
2694 5378 2917 5445 turpiter
2956 5392 3160 5436 errare.
3214 5381 3302 5445 qui
3352 5380 3513 5430 alium
3570 5388 3720 5429 extra
3780 5375 4009 5429 Creato-

2450 5462 2583 5505 rem,
2627 5445 2833 5498 Patrem
2867 5444 3065 5498 Christi
3108 5444 3451 5506 imlucebant,
3480 5461 3601 5498 cum
3623 5446 3787 5497 Amos
3808 5461 3911 5496 non
3940 5448 4007 5497 de

2455 5516 2655 5582 Spiritu
2697 5516 2789 5566 sed
2828 5514 2892 5585 de
2916 5524 3093 5579 vento,
3118 5530 3291 5585 neque
3312 5516 3378 5570 de
3417 5516 3653 5581 Christo,
3684 5517 3775 5568 sed
3808 5516 3874 5567 de
3910 5514 4006 5569 Dei

2455 5586 2800 5636 meditatione
2834 5583 3098 5648 loquatur.

2524 5653 2634 5720 (Si)
2680 5655 2765 5703 Sic
2796 5653 3041 5717 equidem
3064 5652 3190 5705 editi
3221 5654 3419 5707 habent
3440 5664 3493 5707 et
3520 5653 3781 5715 mss.,sed
3808 5666 4005 5719 perpe-

2456 5737 2589 5773 ram.
2635 5721 2866 5773 Emenda
2900 5735 2964 5772 ex
3016 5721 3128 5786 ipso
3178 5722 3395 5776 Joannis
3454 5734 3621 5784 textu,
3659 5722 3721 5773 τὸ
3777 5722 4007 5789 Πνεῦμα

2454 5789 2572 5842 ἐστὶ
2600 5789 2659 5841 τὸ
2690 5789 3004 5856 ζωοποιοῦν,
3037 5807 3054 5840 ι
3091 5790 3321 5859 Spiritus
3344 5803 3446 5856 est,
3472 5796 3558 5861 qui
3584 5794 3835 5845 virtticat.
3872 5811 3888 5842 ι
