4212 6464
184 397 285 463 Ῑὲὄ

908 382 1397 451 TRANSLATIO
1424 380 1637 441 LIBRI
1682 378 1950 438 DlDYIlll
1984 376 2079 435 DE
2109 369 2422 432 SPIRITU
2452 366 2763 430 SANC'I‘O.

3331 362 3432 427 126

174 515 369 569 cbaria
396 527 634 583 quoque
662 510 990 582 repromittit
1015 511 1154 565 Deus
1173 506 1466 564 eﬂ‘usurum
1489 520 1567 568 se.
1594 505 1644 557 id
1666 511 1770 563 cst,
1804 506 1845 560 Α
1877 515 1992 567 quae
2030 499 2201 551 cidem
2239 498 2350 565 (57)
2394 491 2707 549 substantiae
2753 487 2977 559 ὁμούσια
3019 496 3172 551 sunt,
3215 485 3426 547 easdetr

175 605 679 659 abundantissime
696 604 1022 658 tributurum
1045 600 1342 655 Jerusalem
1373 597 1621 665 Spiritum
1652 608 1768 661 gra-

179 698 264 747 tia:
288 706 344 747 et
367 694 842 762 miserationis".
863 692 996 747 Cum
1024 692 1167 745 enim
1194 690 1318 758 quis
1338 688 1575 756 Spiritus
1598 684 1767 737 sancti

178 782 471 847 acceperit
503 781 762 849 gratiam,
794 778 1013 832 habebit
1042 791 1159 830 eam
1186 776 1367 828 datatn
1396 787 1424 824 a
1457 771 1565 823 Deo
1590 768 1769 831 Patre,

1878 591 2072 642 habent
2119 588 2490 654 operatioues;
2519 592 2571 636 et
2596 595 2715 649 qua:
2741 579 2958 632 alterius
2996 576 3335 640 substantim,
3377 586 3431 629 et

1883 682 2206 753 ἀνομούσια,
2243 681 2453 731 dissona
2487 688 2647 743 atque
2676 675 2884 728 diversa
2910 680 3053 724 sunt.

1946 778 2041 830 18.
2083 773 2267 839 Neque
2294 770 2433 823 enim
2467 782 2531 821 ex
2565 766 2648 819 his
2677 772 2883 817 tantum
2911 776 3026 829 qua:
3057 760 3426 827 prrcmtsimut,

1882 867 2164 923 Trinitatis
2200 863 2380 915 unitas
2419 861 2677 912 docetur:
2712 857 2808 909 sed
2853 869 2918 908 ex
2958 849 3435 906 innumerabilibus

1877 958 2019 1019 aliis,
2054 955 2119 1007 de
2171 951 2369 1020 quibus
2413 961 2625 1001 rursum
2661 944 2953 997 secundum
2993 956 3145 993 suum
3191 939 3432 993 ordinem

1882 1060 2050 1115 pauca
2112 1054 2393 1113 ponemus.
2438 1036 2683 1103 Arguens
2724 1034 2912 1089 Petrus
2949 1032 3239 1094 Ananiam,
3282 1030 3331 1082 iu
3374 1043 3437 1080 eo

1880 1136 2017 1203 quod
2073 1136 2123 1186 in
2171 1130 2477 1185 venditione
2511 1128 2659 1196 agri,
2696 1127 2847 1194 cujus
2889 1139 2946 1178 se
2984 1133 3157 1177 totum
3208 1121 3436 1188 pretium

1883 1225 2138 1279 obtulisse
2185 1223 2420 1284 dicebat,
2462 1218 2703 1272 fraudem
2756 1217 2966 1270 fecisset
3006 1228 3036 1267 e
3080 1214 3254 1267 medio
3291 1211 3434 1281 (58);

1881 1318 2056 1371 sancti
2115 1314 2350 1383 Spiritus
2382 1311 2641 1364 unitatem
2680 1308 2745 1361 ad
2784 1308 2971 1371 Deum,
3011 1321 3114 1359 non
3145 1304 3439 1358 secundum

1882 1425 2161 1465 numerum
2184 1448 2197 1472 ,
2233 1409 2325 1461 sed
2358 1405 2512 1473 juxta
2545 1403 2893 1459 substantiam
2929 1402 3316 1469 comprobavit,
3360 1399 3441 1453 di-

1884 1516 2013 1554 cens
2040 1516 2053 1552 :
2089 1517 2108 1550 ι
2141 1498 2372 1562 Anania,
2401 1510 2569 1564 quare
2597 1494 2881 1561 complevit
2906 1492 3133 1545 Satanas
3153 1505 3248 1543 cor
3271 1500 3440 1550 tuum,

1887 1600 1945 1645 ut
1993 1590 2301 1643 meutireris
2351 1588 2573 1657 Spiritui
2618 1594 2837 1647 sancto,
2887 1593 2942 1637 et
2982 1581 3338 1635 absconderes
3379 1578 3445 1632 de

178 878 231 920 et
261 884 291 919 a
317 866 461 922 Jesu
492 868 716 921 Christo
739 864 970 919 Domino
996 875 1200 918 nostro.
1234 858 1349 914 Una
1376 860 1538 929 igitur
1568 857 1764 926 gratia,

180 949 273 1002 Pat
286 949 365 1005 ris
384 946 560 1017 125
577 945 857 1013 etl-‘ilii,et
876 944 1112 1016 Spiritus
1122 940 1296 997 sancti
1310 938 1626 1010 operatione
1642 951 1791 991 cout-

185 1044 363 1106 pleta,
398 1038 663 1094 Trinitas
710 1037 874 1092 unius
919 1034 1239 1090 substantia:
1268 1032 1700 1087 demonstratur.
1728 1027 1786 1083 In

177 1133 288 1185 a'iu
306 1146 545 1200 quoque
571 1131 697 1186 loco
719 1148 737 1185 :
769 1147 789 1182 ι
828 1128 1101 1191 Charitas,
1128 1146 1146 1179 ι
1177 1125 1354 1195 inquit
1373 1124 1437 1188 ",
1481 1141 1502 1176 ι
1536 1120 1633 1176 Dei
1658 1137 1783 1177 cum

186 1228 460 1281 omnibus
490 1227 670 1288 vobis,
716 1244 736 1277 ι
776 1239 896 1294 qua:
925 1238 953 1276 a
997 1220 1265 1275 Triuitate
1307 1229 1362 1274 et
1400 1218 1675 1279 tribuitur,
1723 1224 1777 1269 et

187 1321 472 1370 tirtnatur.
517 1317 615 1369 Ait
643 1315 845 1384 quippe
876 1312 1168 1365 Salvator:
1205 1329 1223 1362 ι
1279 1310 1381 1376 Qui
1424 1307 1575 1362 audit
1614 1305 1775 1359 verba

188 1425 336 1471 mea,
370 1421 433 1462 et
463 1421 654 1463 servat
687 1423 750 1459 ea
780 1407 916 1475 (35),
954 1405 1040 1458 hic
1069 1416 1150 1458 est
1193 1406 1282 1473 qui
1317 1402 1493 1472 diligit
1530 1413 1633 1453 me.
1676 1397 1777 1463 Qui

186 1509 376 1553 autem
414 1499 595 1567 diligit
628 1512 737 1557 me,
772 1496 1021 1563 diligetur
1055 1510 1083 1547 a
1121 1495 1281 1547 Patre
1309 1506 1451 1555 meo,
1477 1501 1532 1544 et
1560 1504 1657 1556 ego
1694 1489 1777 1541 tli-

188 1596 357 1662 ligam
387 1608 515 1647 eum
546 1592 622 1645 ⁷⁸.
655 1611 674 1644 ι
713 1590 897 1660 Neque
918 1592 1061 1646 enim
1092 1588 1193 1640 alia
1225 1586 1439 1639 dilectio
1469 1593 1551 1637 est
1580 1581 1781 1635 Salvaq

193 1686 337 1739 toris
367 1697 540 1753 super
575 1684 667 1736 his
812 1694 1085 1743 amantur,
1119 1689 1172 1731 ει
1205 1678 1306 1729 alia
1338 1676 1555 1729 dilectio
1586 1672 1781 1725 Patris.
1888 1681 2059 1750 pretio
2106 1678 2262 1748 agri?
2295 1676 2481 1731 Νοιιηρ
2523 1691 2746 1730 manens
2783 1674 2877 1726 [ibi
2916 1672 3186 1735 manem”,
3226 1680 3280 1723 ει
3315 1682 3447 1722 ven-

192 1777 341 1830 Deus
368 1777 523 1829 enim
547 1774 728 1841 diligit
766 1773 821 1827 in
850 1772 1098 1832 salutem,
1125 1770 1248 1838 quia
1283 1786 1299 1818 ι
1335 1782 1412 1819 sic
1436 1765 1623 1819 dilexit
1646 1761 1783 1814 Deus

1782 1800 1783 1805 η
1887 1772 2053 1825 ditum
2080 1770 2133 1823 iu
2171 1780 2257 1821 tua
2283 1778 2400 1821 erat
2426 1765 2732 1835 potestate?
2757 1765 2932 1831 Quare
2954 1762 3177 1829 posuisti
3203 1762 3253 1814 iu
3284 1758 3445 1815 corde

194 1868 498 1929 mundum,
530 1876 595 1918 ut
619 1863 814 1917 Filium
842 1877 997 1915 suum
1027 1859 1356 1926 unigenitum
1384 1858 1567 1909 daret:
1594 1861 1649 1906 ut
1676 1866 1785 1904 om-
1816 1858 1857 1914 Β

1781 1858 1857 1914 ’Β
1888 1872 1979 1915 tuo
2028 1861 2165 1912 hanc
2217 1859 2371 1911 rem?
2411 1858 2523 1910 Non
2557 1857 2862 1910 hominibus
2910 1854 3166 1907 mentitus
3214 1868 3302 1914 es,
3351 1850 3444 1905 seti

193 1960 280 2010 nis
326 1958 425 2025 qui
466 1956 651 2009 credit
695 1954 749 2007 in
796 1954 968 2020 ipsum
1005 1949 1101 2020 [αι.
1144 1948 1394 2013 Filium),
1427 1960 1529 1996 non
1566 1952 1779 2011 pereat,

1887 1953 1994 2005 Deo
2025 1950 2095 2001 ⁸⁸.
2138 1967 2156 2000 ι
2196 1947 2250 2000 Si
2287 1948 2429 2002 enim
2465 1948 2555 2013 qtti
2594 1948 2815 2000 Domino
2864 1947 3118 1999 mentitur
3142 1985 3157 2009 ,
3193 1942 3448 1996 mentitur

196 2046 297 2099 sed
331 2042 541 2098 habeat
571 2045 739 2097 vitam
777 2052 1033 2096 aeternam
1065 2041 1132 2093 ".
1166 2057 1184 2088 ι
1218 2038 1479 2093 Similiter
1511 2044 1559 2087 et
1594 2033 1779 2094 Filius,

1887 2043 2108 2113 Spiritui
2167 2050 2389 2106 sancto;
2422 2050 2475 2093 et
2529 2040 2617 2107 qui
2664 2038 2887 2108 Spiritui
2935 2047 3122 2091 sancto
3172 2034 3446 2096 mentitur,

200 2136 293 2205 qui
326 2136 443 2187 vita
478 2143 590 2199 est,
622 2143 681 2185 ut
714 2132 914 2185 tribuat
943 2132 1105 2183 vitam
1137 2138 1191 2182 et
1214 2129 1465 2188 salutem,
1497 2125 1669 2191 diligit
1694 2138 1787 2176 eos

1786 2162 1787 2167 η
1888 2132 2148 2187 mentitur
2179 2132 2284 2185 Deo
2314 2149 2327 2185 :
2364 2129 2495 2183 nulli
2533 2129 2749 2182 dubium
2784 2135 2885 2188 est,
2918 2125 3247 2181 consortium
3279 2122 3449 2190 Spiri-

201 2239 348 2293 quos
389 2225 509 2277 vult
545 2222 666 2276 fieri
699 2220 971 2276 meliores.
1008 2218 1162 2273 Unde
1201 2231 1385 2270 amare
1413 2230 1471 2269 se
1502 2215 1631 2267 dicit
1664 2227 1785 2265 eum

1890 2234 1975 2279 ttts
2023 2221 2194 2275 sancti
2241 2235 2362 2274 esse
2406 2235 2528 2272 cum
2578 2220 2704 2272 Deo.
2755 2218 2820 2271 Et
2854 2233 2959 2285 quo
2987 2217 3144 2269 modo
3193 2214 3450 2269 sanctitas

196 2316 289 2382 qui
332 2325 560 2368 amatur
587 2328 620 2367 a
649 2314 829 2367 Patre.
865 2310 928 2363 Et
958 2310 1024 2362 de
1054 2322 1118 2362 eo
1147 2309 1360 2377 ponitur
1398 2307 1449 2359 in
1478 2308 1737 2372 propheta
1769 2318 1783 2357 :

1888 2311 2136 2367 subsistit
2166 2310 2218 2362 in
2262 2311 2389 2370 Deo,
2427 2308 2613 2363 eodem
2645 2307 2802 2359 modo
2838 2315 2890 2358 et
2925 2306 3099 2358 deitas
3131 2302 3227 2375 [ηΙ.
3255 2301 3449 2355 divini-

207 2425 227 2454 ι
264 2407 333 2460 Et
371 2408 492 2473 ipse
517 2405 755 2459 salvabit
782 2403 922 2465 illos,
949 2400 1072 2470 quia
1108 2400 1289 2455 dilexit
1321 2399 1440 2452 illos
1469 2397 1536 2449 ⁸³.
1581 2415 1599 2447 υ

1891 2401 1998 2473 tas]
2034 2400 2353 2470 intelligitur
2391 2398 2441 2451 in
2491 2397 2693 2462 Spiritu
2727 2405 2936 2449 sancto.
2974 2394 3077 2448 Iste
3106 2403 3284 2446 autem
3326 2391 3448 2460 Spi-

274 2484 1785 2557 17-liancdilectionem.frnctumesseSpirilussancti.
1889 2498 2027 2548 ritus
2061 2500 2297 2552 sanctus,
2331 2504 2489 2557 quem
2523 2488 2757 2541 diximus
2802 2486 3040 2553 ejusdem
3084 2494 3287 2538 natura:
3330 2497 3454 2544 esse

200 2597 559 2641 contestatur
588 2584 909 2654 Apostolus,
940 2585 1073 2637 sicut
1097 2590 1150 2634 et
1176 2579 1451 2649 gaudium,
1483 2587 1537 2631 et
1564 2592 1777 2643 pacein,

1894 2599 2015 2635 cum
2060 2580 2242 2645 Patre,
2287 2580 2450 2634 etiam
2477 2594 2504 2631 a
2534 2579 2653 2632 Filii
2679 2578 2957 2631 divinitate
2986 2590 3088 2629 non
3118 2574 3316 2639 diti’ert,
3344 2573 3456 2626 Sal-

216 2692 347 2746 quz
373 2693 403 2731 a
431 2677 601 2730 Patre
630 2675 969 2732 ministratur
997 2681 1050 2727 et
1070 2671 1227 2735 Filio,
1258 2670 1442 2723 dicens
1470 2685 1482 2720 :
1517 2684 1534 2717 ι
1564 2667 1793 2720 Fructus

1788 2682 1793 2714 ι
1893 2683 2080 2725 Vatore
2114 2672 2323 2726 dicente
2358 2668 2637 2736 discipulis
2667 2688 2679 2723 :
2715 2684 2732 2718 ι
2770 2666 2905 2721 Cttm
2937 2666 2988 2719 iu
3025 2666 3358 2734 Synagogam
3387 2663 3451 2714 ad

204 2779 396 2821 autem
433 2768 689 2836 spiritus,
726 2764 1004 2835 gaudium,
1048 2778 1174 2830 pax,
1210 2762 1451 2815 charitas
1483 2758 1549 2809 ⁸¹.
1609 2774 1629 2807 ο
1668 2758 1794 2820 Qua:

1791 2779 1794 2803 τ
1896 2762 2235 2832 principatus
2282 2770 2334 2814 et
2370 2768 2669 2828 potestates
2713 2757 3110 2810 introduxerint
3140 2771 3255 2817 vos.
3291 2753 3454 2808 nolite

204 2860 463 2913 charitas
525 2855 697 2912 elIusa
753 2865 835 2911 est
888 2855 940 2909 in
1010 2855 1262 2908 cordibus
1315 2850 1647 2904 credentium
1702 2863 1795 2915 per
1896 2854 2111 2907 solliciti
2146 2865 2287 2912 esse,
2320 2850 2607 2918 quomodo,
2632 2856 2723 2900 aut
2755 2848 2882 2916 quid
2913 2845 3304 2915 respondeatis.
3337 2844 3458 2913 Spi.

207 2947 483 3015 Spiritum
532 2954 804 2999 sanctum.
858 2960 877 2993 ι
934 2941 1184 2997 Charitas
1253 2939 1483 3005 quippe.
1526 2936 1638 2996 ait,
1706 2934 1793 2987 Dei

208 3037 413 3091 diffusa
460 3047 547 3090 est
590 3035 643 3088 in
699 3034 951 3089 cordibus
996 3031 1190 3085 vestris
1246 3028 1423 3099 [ΤΙιοι.
1474 3025 1695 3096 nostris]
1743 3027 1793 3077 in

210 3131 426 3197 Spiritu
471 3138 668 3182 sancto
691 3126 761 3180 ⁸⁸.
798 3142 817 3177 ι
848 3123 1036 3181 Omnis
1069 3123 1268 3191 quippe
1300 3121 1390 3188 qui
1428 3118 1791 3172 communicat

1904 2945 2038 2996 ritus
2068 2943 2210 2994 enim
2264 2948 2486 2995 sanctus
2526 2937 2739 2990 docebit
2788 2952 2881 2991 vos
2922 2936 2973 2989 iu
3024 2936 3112 2988 illa
3152 2937 3283 2988 hora
3328 2934 3457 3002 quid

1897 3033 2139 3086 debeatis
2188 3032 2371 3083 dicere
2409 3031 2476 3084 ".
2521 3028 2707 3082 Ponite
2738 3030 2788 3081 in
2828 3028 3080 3081 cordibus
3116 3026 3308 3079 vestris
3349 3040 3456 3078 non

1901 3122 2263 3191 praemeditari
2296 3122 2361 3172 ad
2407 3119 2856 3188 respondendum.
2890 3118 2997 3184 Ego
3028 3116 3169 3169 enim
3196 3114 3335 3169 dabo
3367 3129 3457 3167 vo-

219 3221 457 3289 Spiritui
488 3226 707 3281 sancto,
734 3229 831 3284 per
856 3213 1322 3282 participationem
1350 3210 1466 3277 eius
1491 3207 1791 3261 coutmttniw
1823 3193 1864 3248 C
1901 3217 1981 3269 bis
2018 3230 2078 3268 os
2110 3223 2163 3267 οι
2196 3212 2514 3280 sapientiam
2546 3210 2680 3281 (59)ν
2722 3210 2807 3263 cui
2858 3225 2963 3261 ηοη
3011 3214 3267 3274 potem";
3321 3207 3461 3259 tesi-

214 3321 327 3373 eat,
354 3312 514 3379 juxta
548 3306 680 3361 illud
720 3324 734 3361 :
765 3323 784 3357 ι
824 3303 891 3357 Ει
917 3300 1333 3358 communicatio
1355 3301 1522 3353 sancti
1557 3298 1792 3365 Spiritus

212 3399 289 3452 sit
314 3411 537 3465 semper
566 3410 691 3450 cum
715 3393 965 3448 omnibus
994 3393 1146 3445 vobis
1168 3389 1236 3442 ⁸³.
1273 3407 1291 3440 ι
1321 3388 1386 3442 Ει
1414 3389 1464 3439 in
1501 3387 1607 3439 alio
1638 3389 1754 3439 loco
1780 3399 1796 3437 :

220 3510 241 3543 ι
276 3490 338 3545 Si
367 3505 475 3557 qua
514 3486 942 3543 communicatio
978 3484 1211 3547 Spiritus
1237 3479 1304 3532 ⁸δ.
1354 3498 1371 3531 ι
1420 3480 1552 3532 Cum
1593 3477 1797 3530 habue-

219 3583 297 3633 rit
331 3579 667 3647 sapientiam
703 3576 794 3629 Del
829 3585 881 3628 et
907 3588 1231 3635 sermonem,
1262 3580 1316 3624 et
1344 3570 1396 3622 itt
1432 3566 1682 3621 omnibus
1713 3580 1801 3617 ve-

219 3671 439 3722 ritatem
479 3681 495 3718 :
525 3664 749 3718 habebit
782 3676 996 3731 quoque
1028 3661 1360 3717 consortium
1397 3657 1702 3711 sanctitatis
1749 3656 1797 3707 iu

220 3758 421 3823 Patre,
457 3765 513 3810 et
552 3754 725 3817 Filio,
764 3763 819 3807 et
846 3752 1046 3820 Spiritu
1079 3761 1285 3805 sancto.
1336 3766 1353 3798 ι
1387 3745 1580 3801 Fidelis
1623 3758 1799 3797 autem

223 3851 388 3910 Deus,
433 3864 533 3915 per
561 3861 723 3916 quem
763 3845 938 3901 vocati
975 3842 1171 3897 estisin
1207 3843 1316 3907 (56)
1366 3838 1805 3893 communicatio-

227 3955 356 3994 nem
389 3940 514 3993 Filii
545 3938 666 4004 ejus
709 3937 775 3988 ⁸⁸.
812 3955 831 3988 ι
883 3935 1083 3989 Scribit
1116 3942 1170 3987 et
1211 3931 1445 3985 Joannes
1483 3931 1548 3981 de
1582 3928 1743 3980 Patre
1783 3942 1796 3978 :

226 4055 247 4087 ι
287 4037 343 4090 Si
376 4038 432 4089 in
467 4030 685 4088 lumine
708 4027 1062 4088 ambulamus.
1087 4029 1224 4079 sicut
1253 4027 1366 4093 ipse
1388 4035 1467 4076 est
1500 4024 1551 4075 in
1584 4023 1800 4084 lumine,

224 4128 787 4183 communicationem
819 4120 1079 4174 habemus
1100 4134 1219 4173 cum
1250 4117 1336 4170 illo
1355 4117 1420 4169 “.
1454 4135 1471 4167 ι
1508 4114 1569 4167 Et
1597 4113 1801 4163 adhuc:

236 4241 257 4272 ι
290 4217 735 4273 Commuuicatio
765 4225 943 4267 autem
994 4218 1174 4261 nostra
1217 4223 1338 4260 cum
1382 4205 1537 4259 Patre
1576 4214 1628 4255 et
1676 4201 1807 4253 Filio

234 4312 357 4376 ejus
398 4307 529 4362 Iesu
562 4307 781 4360 Christo
813 4304 879 4357 ⁸⁷.
915 4322 934 4354 ι
975 4298 1141 4370 Igitur
1171 4298 1475 4366 quicunque
1511 4292 1805 4347 communi-

1898 3319 2063 3371 stere,
2094 3316 2185 3358 aut
2215 3302 2671 3359 contradicere”.
2706 3319 2725 3351 ι
2756 3300 2819 3353 Et
2847 3301 2898 3352 iu
2926 3300 3007 3352 his
3031 3296 3224 3367 quippe
3244 3296 3450 3357 dicens,

1903 3413 2007 3452 non
2053 3396 2248 3448 debere
2278 3409 2369 3446 eos
2417 3406 2539 3446 esse
2582 3390 2877 3454 sollicitos,
2924 3388 3052 3455 quid
3098 3385 3461 3452 reSpondeaut

1901 3487 2413 3547 contradicentdms,
2463 3484 2588 3551 quia
2630 3484 2683 3534 in
2715 3482 2901 3535 eadem
2944 3481 3073 3532 hora
3107 3478 3398 3532 doceantur
3429 3489 3461 3528 a

1904 3579 2107 3644 Spiritu
2137 3586 2327 3629 sancto
2356 3574 2481 3640 quid
2511 3573 2743 3625 debeant
2778 3568 3101 3636 respondere
3129 3585 3143 3621 :
3171 3567 3352 3621 statim
3380 3563 3469 3617 in-

1906 3671 2021 3723 tulit
2056 3685 2173 3733 cute
2199 3667 2269 3720 sit
2301 3682 2461 3719 causa
2496 3664 2723 3725 ﬁduciae,
2759 3679 2776 3711 ι
2816 3661 3023 3723 Ponite,
3065 3678 3083 3711 ι
3121 3660 3326 3723 dicens,
3358 3675 3377 3709 ι
3411 3655 3467 3709 in

1904 3759 2155 3813 Cordtluts
2182 3756 2373 3808 vestris
2400 3769 2502 3807 non
2529 3750 2891 3821 prmtneditari
2915 3750 2978 3803 ad
2999 3747 3425 3817 respondendum
3450 3762 3466 3800 :

1903 3862 2003 3913 ego
2030 3848 2172 3899 enim
2202 3844 2340 3897 dabo
2372 3844 2527 3896 vobis
2560 3857 2621 3896 os
2649 3852 2704 3895 et
2732 3840 3077 3908 sapientiam,
3118 3838 3203 3891 cui
3231 3852 3335 3890 non
3364 3852 3463 3906 po-

1906 3946 2079 3989 lerunt
2123 3937 2392 3997 resistere,
2433 3944 2525 3986 aut
2559 3932 2952 3985 contradicere.
2987 3948 3005 3979 ι
3036 3929 3168 3982 Cum
3195 3928 3338 3981 enim
3379 3926 3463 3980 di-

1906 4032 2063 4087 xerit,
2095 4027 2145 4076 in
2189 4036 2427 4089 ten-pure
2462 4024 2820 4088 respondendi
2858 4021 3037 4074 doceri
3068 4035 3161 4073 eos
3192 4034 3220 4071 a
3258 4017 3460 4085 Spiritu

1905 4129 2090 4171 sancto
2117 4118 2239 4184 quid
2277 4119 2504 4169 debeant
2531 4115 2875 4182 respondere,
2901 4129 2951 4165 in
2991 4107 3334 4177 sequentibus
3358 4107 3462 4161 ait:

1912 4228 1929 4258 ι
1975 4211 2080 4270 ligo
2117 4207 2257 4258 enim
2307 4206 2444 4257 dabo
2480 4203 2631 4256 vobis
2670 4218 2730 4255 os
2768 4212 2821 4252 et
2860 4200 3200 4267 sapientiam,
3236 4215 3254 4247 ι
3285 4206 3391 4250 etc.

1957 4298 2216 4366 12719.
2240 4300 2313 4352 Ex
2340 4296 2538 4365 quibus
2552 4294 2857 4349 ostenditur
2871 4291 3196 4359 sapientiam
3217 4305 3338 4360 qua:
3357 4289 3462 4343 dis-

227 4413 322 4456 cat
373 4399 609 4465 Spiritui
662 4408 871 4456 sancto,
921 4395 1103 4448 statim
1136 4388 1501 4445 communicat
1551 4383 1695 4436 Patri
1753 4389 1808 4434 et
1879 4405 1890 4439 ς

1790 4389 1808 4434 ι
1879 4390 2073 4456 (‘ipulis
2099 4392 2259 4440 datur
2285 4406 2310 4439 a
2341 4389 2474 4441 Filio
2493 4387 2730 4453 Spiritus
2755 4386 2931 4439 sancti
2963 4399 3082 4438 esse
3100 4381 3453 4449 sapientiam:

228 4495 392 4549 Filio.
443 4493 512 4545 Et
544 4491 636 4558 qui
687 4488 1006 4542 cltaritatem
1044 4485 1204 4537 habet
1239 4478 1439 4540 Patris,
1490 4476 1649 4530 habet
1686 4489 1803 4525 eam
1838 4506 1880 4560 Β
1910 4487 1963 4531 et
1992 4465 2296 4530 doctrinam
2339 4471 2571 4534 spiritus
2612 4468 2810 4533 sancti,
2848 4464 3053 4518 Domini
3095 4476 3217 4517 esse
3264 4460 3466 4514 docui.

228 4606 255 4639 ιι
291 4586 456 4647 Filio,
494 4582 859 4637 contributam
896 4592 992 4646 per
1021 4575 1281 4643 Spiritum
1320 4578 1586 4625 sanctum.
1617 4566 1721 4619 Sed
1752 4573 1804 4617 et

227 4679 324 4729 oni
365 4675 644 4741 particeps
671 4682 753 4724 est
788 4670 974 4738 gratia:
997 4665 1124 4719 Jesu
1154 4662 1379 4725 Christi,
1410 4658 1652 4713 eamdem
1680 4670 1802 4723 gra-

242 4737 381 4815 tiam
406 4737 599 4817 habet,
618 4754 800 4806 datam
828 4765 859 4805 a
885 4750 1045 4805 Patre
1072 4762 1171 4818 per
1192 4744 1454 4815 Spiritum
1478 4747 1746 4795 sanctum.
1774 4737 1828 4791 lu

241 4850 511 4907 omnibus
526 4845 675 4900 enim
700 4841 1032 4913 approbatur
1049 4838 1293 4893 eamdem
1312 4833 1687 4906 Operationcm
1710 4842 1832 4884 esse

240 4949 455 5011 Patris,
484 4957 541 5003 et
582 4944 727 5007 Filii,
764 4949 817 4998 et
866 4939 1101 5010 Spiritus
1130 4933 1327 4989 sancti.
1362 4931 1601 4995 Quorum
1647 4932 1828 4975 autem

248 5042 422 5111 126
452 5057 558 5093 una
592 5044 673 5091 est
704 5034 967 5104 operatio.
999 5048 1102 5083 una
1135 5038 1218 5082 est
1244 5036 1298 5080 et
1330 5020 1636 5077 substantia
1670 5018 1829 5082 :qnia

316 5187 365 5216 τ’
404 5182 637 5236 thcltar.
677 5193 773 5238 xu,
814 5176 898 5230 10.
975 5174 1017 5205 ”
1055 5172 1374 5226 "Consul.
1406 5170 1485 5222 l3.

239 5259 287 5287 ⁹¹
337 5256 515 5307 Galat.
550 5265 601 5311 v,
623 5247 711 5300 9.2.

239 5327 286 5358 ⁸⁷
336 5323 469 5376 ibid.
506 5321 562 5372 5.
650 5317 694 5347 ⁸⁸
734 5316 853 5368 Act.
899 5328 949 5376 ν,
991 5313 1046 5371 ὖ.
1084 5312 1137 5364 οι.

323 5441 438 5505 (35)
482 5436 701 5490 Tholos.
742 5449 821 5487 ms
854 5475 868 5490 .
900 5450 918 5482 ι
960 5431 1058 5495 Qui
1093 5429 1252 5482 habet
1294 5432 1542 5480 mandata
1581 5442 1719 5488 mea,
1763 5435 1817 5478 et

245 5519 457 5567 servat,
496 5526 513 5557 ι
556 5515 660 5557 ctc.

326 5580 438 5643 (3&5)
483 5576 655 5626 Vatic.
689 5575 773 5627 ltic
808 5582 975 5643 atque
1009 5568 1145 5643 mira
1181 5575 1544 5643 constanter:
1575 5580 1812 5617 commu-

251 5632 474 5704 nionem
499 5664 516 5694 ι
543 5660 637 5710 pro
661 5662 678 5692 ι
710 5632 1248 5695 committiicatiuuem
1276 5656 1292 5686 ο
1322 5636 1466 5702 legit.
1496 5632 1609 5686 Mox
1641 5651 1657 5682 ι
1690 5635 1810 5699 quia

251 5721 421 5787 igitur
457 5716 781 5780 quicunque,
824 5732 839 5762 ι
876 5722 980 5762 etc.

336 5785 452 5855 ‘57)
476 5770 811 5836 'Autea'erat
844 5801 861 5832 ι
896 5779 1154 5847 ejusdem,
1194 5795 1211 5829 ι
1262 5774 1606 5831 dissentiente
1639 5770 1809 5825 Vatic.

1210 5310 1252 5340 ⁸⁵
1331 5310 1457 5362 Luc.
1488 5324 1581 5368 λιι,
1618 5311 1696 5365 tl.
1748 5309 1826 5360 ω.

1560 5170 1604 5197 ’⁷⁸
1634 5166 1783 5220 Junii.
1811 5184 1919 5225 xiv,
1938 5167 2026 5218 21.

787 5248 830 5275 ’δ’
864 5245 1015 5296 llout.
1070 5260 1119 5303 v,
1172 5242 1223 5291 5.
1297 5242 1343 5271 ⁸³
1396 5240 1430 5291 Il
1484 5238 1605 5288 Cor.
1639 5254 1749 5294 stu.
1803 5239 1883 5291 l3.

1914 4582 2037 4621 nam
2077 4584 2089 4618 :
2130 4577 2403 4628 unumque
2438 4568 2640 4612 natura:
2669 4567 2721 4609 et
2756 4553 3049 4606 voluntatis
3083 4564 3202 4604 esse
3240 4563 3465 4603 consor—

1915 4660 2047 4712 tium
2098 4652 2332 4719 Spiritus
2367 4647 2538 4702 sancti
2589 4662 2709 4699 cum
2744 4643 2898 4695 Filio.
2954 4640 3018 4692 Et
3061 4641 3186 4707 quia
3220 4638 3468 4704 superius

1913 4750 2335 4802 demonstratum
2378 4750 2461 4793 est
2492 4741 2698 4792 socium
2745 4749 2863 4787 esse
2896 4747 2990 4800 per
3021 4742 3268 4783 naturam
3300 4726 3470 4793 Spiria

1915 4848 2025 4889 tum
2066 4832 2352 4900 Unigenito
2403 4828 2529 4887 Dei,
2576 4836 2630 4879 et
2668 4825 2773 4877 Deo
2816 4821 2960 4873 Patri
2998 4836 3010 4871 :
3043 4818 3209 4869 Filius
3250 4829 3377 4868 vero
3415 4825 3473 4867 et

1914 4926 2077 4979 Patcr
2109 4939 2268 4975 ttutnn
2301 4929 2445 4985 sunt,
2471 4918 2621 4985 juxta
2654 4914 2779 4967 illud
2807 4933 2819 4966 :
2859 4930 2878 4963 ι
2912 4911 3023 4979 Ego
3046 4919 3100 4961 et
3124 4908 3281 4960 Pater
3305 4918 3468 4957 untun

1918 5032 2101 5069 Stlttttls‘
2129 5014 2172 5045 ⁹¹
2202 5056 2213 5067 .
2259 5031 2275 5061 ι
2322 5026 2426 5063 non
2464 5008 2631 5062 divisa
2677 5002 2775 5074 [ιιι.
2811 4998 3066 5070 indivisa]
3096 5008 3151 5051 et
3192 4997 3468 5062 insepara-

2104 5167 2148 5195 τ’*
2181 5163 2334 5216 Joan.
2359 5178 2438 5222 tu,
2470 5159 2552 5213 l6.
2626 5158 2671 5189 ⁸ο
2714 5157 2831 5207 ιεςιί.
2867 5168 3059 5210 sunt.
3085 5151 3184 5222 9.2;
3220 5164 3379 5206 xxxv.

2529 5230 2573 5259 ⁸³
2612 5229 2624 5278 1
2671 5230 2789 5278 (iur.
2824 5239 2859 5287 t,
2894 5228 2946 5276 υ.
3020 5222 3065 5252 ⁸⁸
3107 5222 3123 5273 ι
3158 5221 3309 5272 Joan.
3342 5232 3378 5277 ι,
3414 5215 3465 5269 7.

1960 5238 2004 5265 Μ
2037 5235 2262 5300 l’ltilipp.
2302 5250 2359 5289 lt,
2407 5234 2450 5283 l.
2529 5234 2573 5259 ⁸⁵
2612 5234 2624 5278 1
2671 5234 2789 5278 (iur.
2824 5239 2859 5287 t,
2894 5234 2946 5276 ‘J.

1990 5307 2117 5349 an-
2150 5319 2259 5349 xxi-
2305 5303 2384 5349 li.
2430 5301 2510 5349 13.
2588 5298 2630 5329 ⁹¹
2672 5298 2822 5349 λυξιιι.
2872 5310 2925 5349 Χ,
2953 5293 3020 5344 δυ

2703 5313 2822 5347 nan.
2872 5310 2899 5345 Χ
2912 5332 2925 5352 ,
2954 5310 3039 5344 ου.

1902 5310 1947 5338 ⁹⁰
1990 5307 2117 5359 Luc.
2150 5319 2259 5364 xu,
2305 5303 2385 5363 li,
2430 5301 2510 5353 l5.

1913 5426 2002 5491 qui
2047 5434 2223 5476 tamen
2271 5422 2408 5475 haud
2449 5428 2594 5473 recte
2626 5430 2746 5471 mox
2784 5414 2942 5467 habet
2976 5408 3195 5464 ἁνούσια
3230 5420 3326 5474 pro
3352 5406 3472 5458 ἀνο-

1956 5512 2130 5547 ουσιαι.

1915 5513 1954 5565 μ
1982 5567 2093 5630 (58)
2141 5561 2300 5614 Vetus
2331 5560 2496 5612 editio
2535 5576 2552 5608 ι
2590 5573 2649 5608 ex
2680 5553 2975 5630 ilituidto,_i
3027 5545 3362 5630 concinnius.

1980 5616 2090 5698 {593
2133 5632 2291 5684 Addit
2338 5630 2505 5684 Vatic.
2536 5642 2654 5681 cum
2698 5618 3034 5683 vetericdit.,
3073 5635 3091 5668 ι
3130 5616 3180 5670 id
3222 5623 3325 5677 est,
3354 5622 3473 5665 set“-

1913 5720 2144 5759 monent.
2191 5718 2206 5750 ι
