4212 6464
787 392 891 463 121

1905 376 1968 436 S.
2004 372 2314 436 EUSEBII
2359 366 2800 430 HIERONYMI

3843 358 3964 425 128

784 528 928 587 bnis,
970 517 1258 572 secundum
1299 523 1567 574 naturam,
1602 517 1813 562 ostensa
1849 514 1929 558 est
1967 503 2222 556 Trinitas.
2268 498 2319 550 In
2353 501 2396 555 Α
2425 499 2490 548 ab
2528 497 2630 547 alio
2677 494 3022 560 sapientiam,
3094 503 3262 558 neque
3293 501 3386 556 per
3420 486 3692 555 cujusdam
3743 488 3975 544 alterius

776 617 880 670 alio
912 625 1117 680 quoque
1148 603 1429 673 Evangelia
1461 602 1653 654 dicitur
1684 615 1696 649 :
1726 615 1742 647 ι
1787 596 1898 649 Non
1918 595 2058 647 enim
2083 606 2174 644 vos
2193 593 2321 642 estis

772 705 864 772 qui
899 679 1192 766 loquimini,
1242 696 1330 748 sed
1369 691 1593 758 Spiritus
1616 687 1791 739 Patris
1827 685 1987 737 vestri
2011 684 2100 750 qui
2151 679 2319 745 loqui-

775 771 864 846 tur
887 794 938 845 in
963 791 1108 843 vobis
1135 791 1203 840 ".
1237 808 1254 838 ι
1282 787 1336 838 Si
1362 800 1487 851 ergo
1513 781 1741 850 Spiritus
1776 775 1950 828 Patris
1987 774 2038 827 in
2073 771 2322 840 apostolis

776 886 1028 954 loquitur,
1075 882 1266 933 docens
1305 891 1396 928 eos
1427 889 1543 942 qnze
1582 871 1805 925 debeant
1862 866 2214 934 respondere,
2268 871 2322 913 et

777 993 895 1044 quae
949 976 1206 1026 docentur
1260 985 1288 1020 a
1345 965 1543 1033 Spiritu
1580 960 1837 1029 sapientia
1884 969 1984 1018 est,
2018 971 2175 1023 quam
2217 969 2318 1005 non

775 1080 1055 1138 possumus
1088 1063 1247 1114 aliam
1284 1067 1472 1127 przeter
1514 1054 1701 1107 Filium
1732 1051 2026 1118 intelligere
2049 1087 2061 1111 ,
2123 1046 2320 1111 liquido

775 1135 994 1221 apparet
1039 1151 1270 1219 ejusdem
1306 1156 1504 1200 naturae
1538 1141 1790 1210 Spiritum
1824 1155 1942 1193 esse
1985 1153 2101 1190 cum
2145 1135 2281 1189 Filio
2304 1177 2317 1199 ,

774 1255 975 1295 etcum
1027 1239 1217 1302 Patre,
1264 1237 1412 1300 cujus
1466 1231 1694 1300 Spiritus
1752 1238 1851 1284 est.
1891 1228 2054 1280 Porro
2078 1225 2232 1277 Pater
2267 1233 2320 1276 et

774 1333 942 1386 Filius
981 1345 1140 1382 unum
1178 1336 1319 1381 sunt.
1375 1325 1537 1393 Igitur
1581 1322 1815 1376 Trinitas
1860 1317 2168 1372 substantiae
2200 1315 2317 1367 uni-

777 1432 886 1476 tate
927 1421 1176 1472 sociatur.

849 1511 938 1563 20.
979 1508 1081 1561 Per
1106 1506 1243 1558 aliud
1294 1517 1505 1573 quoque
1535 1501 1927 1566 Scripturarum
1980 1494 2277 1561 exemplum
2302 1531 2316 1554 ,

778 1600 1060 1655 Trinitatis
1113 1598 1289 1650 unitas
1330 1606 1382 1648 et
1420 1603 1606 1646 natura
1639 1590 1769 1659 (40),
1804 1598 1856 1640 et
1891 1587 2058 1639 virtus
2088 1585 2320 1637 ostendi-

778 1700 884 1744 tur.
908 1689 1075 1742 Filius
1103 1697 1155 1739 et
1197 1700 1406 1746 manus,
1448 1691 1500 1736 et
1541 1682 1778 1742 dextera,
1821 1688 1874 1731 et
1915 1675 2187 1730 brachium
2218 1673 2321 1725 Pa~

775 1784 877 1836 tris
927 1780 1139 1834 dicitur.
1195 1778 1342 1830 Sicut
1381 1774 1568 1825 crebro
1615 1772 1923 1832 docuimus,
1956 1783 2018 1819 ex
2053 1767 2132 1818 his
2163 1779 2321 1817 voca-

777 1873 936 1935 bulis,
975 1870 1131 1923 unius
1173 1876 1376 1934 natura:
1411 1861 1765 1915 indifferentia
1800 1861 2197 1911 demonstratur
2224 1855 2318 1926 [αι.

778 1960 1191 2014 indiil‘erentiam
1257 1950 1656 2021 demonstrari].
1716 1950 1949 2016 Spiritus
1985 1948 2146 2000 etiam
2193 1961 2317 1998 san—

777 2062 915 2111 ctus,
949 2050 1141 2116 digitus
1180 2043 1297 2107 Dei,
1333 2042 1622 2094 secundum
1655 2037 2079 2101 coniunctionem
2115 2046 2319 2086 naturae

778 2140 953 2194 Patris
1013 2147 1060 2190 et
1111 2135 1228 2188 Filii
1279 2128 1602 2186 nominatur.
1661 2127 1932 2195 Siquidem
1995 2127 2045 2178 in
2098 2140 2206 2179 uno
2255 2126 2320 2178 de

781 2227 1079 2295 Evangeliis
1111 2228 1364 2277 adversus
1390 2238 1480 2276 eos
1506 2222 1593 2290 qui
1624 2220 1788 2288 signis
1820 2217 2026 2272 Domini
2068 2215 2324 2269 detrahe-

777 2321 939 2382 bant,
968 2319 1204 2371 dicentes
1233 2334 1246 2369 :
1283 2332 1302 2365 ι
1344 2313 1400 2366 In
1427 2312 1720 2365 Beelzebub
1752 2309 1987 2377 principe
2031 2305 2319 2360 daemonio-

780 2426 897 2463 rum
945 2409 1086 2477 ejicit
1133 2406 1385 2458 daemonia
1417 2403 1494 2469 “,
1534 2420 1552 2452 ι
1601 2400 1884 2453 sciscitans
1915 2396 2159 2450 Salvator
2203 2397 2274 2448 ait
2309 2413 2324 2450 :

785 2520 803 2549 ι
836 2498 889 2553 Si
920 2513 1016 2566 ego
1059 2498 1107 2548 in
1135 2495 1428 2548 Beelzebub
1461 2492 1616 2560 ejicio
1648 2490 1930 2550 daemonia,
1957 2487 2044 2539 filii
2073 2486 2236 2539 vestri
2275 2486 2324 2539 in

779 2605 886 2656 quo
913 2588 1169 2657 ejiciunt?
1197 2585 1252 2638 Si
1281 2596 1451 2638 autem
1480 2597 1578 2651 ego
1627 2583 1677 2635 in
1707 2581 1869 2648 digito
1902 2579 1991 2630 Dei
2019 2578 2176 2646 ejicio
2216 2577 2324 2630 da:-

783 2678 960 2731 monia
1017 2694 1029 2728 :
1084 2689 1210 2744 ergo
1244 2673 1547 2740 supervenit
1600 2671 1651 2724 in
1704 2684 1796 2722 vos
1840 2684 2058 2736 regnum
2086 2667 2175 2721 Dei
2205 2667 2272 2721 “.
2303 2684 2322 2719 ι

782 2767 937 2822 Hunc
993 2767 1236 2819 eumdem
1298 2765 1511 2826 locum,
1565 2761 1700 2814 alius
1767 2759 2088 2828 evangelista
2136 2758 2329 2811 descri-

786 2856 952 2918 bens,
980 2854 1280 2921 loquentem
1314 2853 1488 2905 intulit
1523 2851 1712 2904 Filium
1745 2867 1759 2903 :
1797 2866 1814 2898 ι
1852 2847 1906 2900 Si
1940 2858 2115 2899 autem
2145 2861 2242 2915 ego
2276 2847 2326 2900 in

787 2944 986 3011 Spiritu
1038 2943 1126 2995 Dei
1176 2941 1329 3011 ejicio
1361 2940 1621 2994 daemonia
1650 2941 1716 2991 ".
1761 2957 1779 2988 ι
1813 2938 1888 2990 Ex
1920 2937 2114 3004 quibus
2151 2946 2330 2989 osten-

791 3033 934 3086 ditur
965 3031 1188 3100 digitum
1225 3031 1315 3084 Dei
1349 3045 1466 3084 esse
1506 3029 1762 3098 Spiritum
1806 3037 2067 3081 sanctum.
2107 3025 2162 3079 Si
2203 3041 2330 3096 ergo

2424 587 2694 655 sapientia:
2743 582 3203 650 participationem
3229 620 3243 646 ,
3283 579 3492 648 sapiens
3521 580 3844 633 nominatur.
3882 580 3976 635 Si-

2423 680 2631 748 quidem
2685 675 2832 728 multi
2881 675 3145 742 sapientes
3180 673 3446 727 dicuntur.
3493 686 3594 723 non
3644 686 3706 723 ex
3747 687 3839 724 sua
3878 687 3969 723 na-

2423 780 2576 835 tura,
2631 768 2723 822 sed
2784 781 2848 819 ex
2925 765 3403 818 communicatione
3474 762 3762 828 sapientia}.
3825 760 3976 816 Deus

2421 876 2547 914 vero
2612 875 2714 911 non
2797 856 3012 910 alterius
3092 854 3362 921 sapientia:
3410 852 3812 922 participatione
3869 869 3972 906 ne—

2420 966 2522 1019 que
2577 949 2788 1002 aliunde
2839 949 3050 1014 sapiens
3100 944 3343 1010 effectus,
3427 945 3598 998 dictus
3679 954 3760 998 est
3819 947 3976 999 solus

2421 1041 2670 1108 sapiens,
2740 1047 2795 1091 et
2843 1049 3105 1102 generans
3161 1035 3471 1103 sapientiam
3502 1073 3519 1098 ,
3587 1044 3641 1089 et
3689 1035 3821 1089 alios
3873 1035 3976 1087 fa-

2420 1130 2568 1184 ciens
2603 1127 2894 1195 sapientes.
2934 1126 3062 1192 Qua
3115 1125 3371 1193 sapientia
3426 1122 3682 1179 Dominus
3730 1134 3811 1178 est
3873 1141 3976 1177 no-

2421 1230 2529 1274 ster
2559 1218 2710 1272 Iesus
2760 1217 3005 1271 Christus
3035 1215 3124 1284 qui
3155 1215 3350 1267 dicitur
3387 1213 3479 1268 Dei
3532 1217 3724 1276 virtus,
3759 1226 3814 1268 et
3873 1213 3972 1267 Dei

2420 1312 2680 1378 sapientia
2715 1309 2780 1361 ’⁸.
2851 1307 3078 1376 Spiritus
3107 1321 3320 1374 quoque
3371 1315 3584 1359 sanctus
3641 1306 3836 1358 dicitur
3871 1321 3963 1357 sa-

2420 1403 2612 1469 pientia
2653 1401 2784 1470 ($9.).
2828 1399 3098 1467 Siquidem
3132 1408 3185 1451 et
3222 1399 3273 1451 in
3311 1397 3572 1450 veteribus
3599 1396 3750 1448 libris
3796 1394 3971 1448 refer-

2423 1504 2544 1552 tur,
2583 1493 2836 1556 repletum
2863 1503 2980 1543 esse
3029 1487 3208 1542 Jesum
3256 1485 3398 1539 Nave
3436 1501 3465 1539 a
3502 1486 3724 1537 Domino
3775 1485 3972 1552 spiritu

2420 1582 2711 1646 sapientiae.
2749 1579 2896 1633 Sicut
2923 1595 3050 1647 ergo
3079 1578 3222 1633 solus
3265 1578 3478 1645 sapiens
3519 1576 3688 1639 Deus,
3734 1592 3839 1628 non
3881 1591 3976 1628 ae-

2421 1672 2622 1737 cipiens
2652 1670 2862 1721 aliunde.
2889 1670 3228 1736 sapientiam,
3257 1667 3348 1722 sed
3377 1666 3645 1733 sapientes
3678 1665 3883 1720 faciens
3917 1675 3978 1718 et

2424 1776 2689 1828 generans
2718 1759 3027 1826 sapientiam
3063 1776 3077 1811 :
3107 1757 3250 1811 solus
3279 1767 3361 1810 est
3393 1757 3624 1824 sapiens,
3659 1766 3811 1809 extra
3846 1771 3974 1809 om-

2426 1864 2518 1902 nes
2571 1850 2658 1917 qui
2692 1865 2784 1916 per
2814 1848 3258 1916 nuncupationem
3309 1846 3426 1912 ejus
3473 1848 3740 1915 sapientes
3783 1846 3980 1898 dicun-

2424 1947 2509 1990 tur
2538 1957 2548 1990 :
2576 1938 2879 1990 «Midtitudo
2899 1939 3092 2004 quippe
3119 1937 3436 2004 sapientium
3456 1937 3598 1990 salus
3627 1935 3808 1988 mundi
3832 1937 3905 1999 "’;
3953 1953 3974 1985 ι

2423 2039 2473 2082 et
2497 2069 2509 2085 .
2547 2045 2564 2078 ι
2612 2028 2711 2091 Qui
2751 2028 3060 2094 semetipsos
3100 2035 3455 2092 cegnoscunt,
3503 2027 3555 2080 bi
3606 2037 3729 2082 sunt
3767 2026 3984 2088 sapien-

2427 2115 2619 2175 tes";i
2655 2127 2707 2166 et
2749 2129 2952 2165 rursum
2989 2131 3002 2143 -
3035 2129 3054 2162 ι
3083 2111 3214 2165 Cum
3241 2111 3406 2166 fueris
3465 2126 3584 2164 cum
3613 2110 3978 2177 sapientibus,

2424 2204 2631 2270 sapiens
2666 2203 2772 2255 eris
2797 2203 2875 2254 "z
2914 2222 2931 2252 ι
2969 2202 3045 2255 sic
3074 2211 3126 2255 ct
3156 2201 3384 2268 Spiritus
3423 2210 3645 2255 sanctus
3689 2215 3795 2253 non
3833 2199 3984 2251 acci-

2425 2294 2574 2360 piens
2627 2292 2837 2344 aliunde
2869 2291 3229 2357 sapientiam,
3277 2289 3452 2342 dictus
3501 2296 3581 2340 est
3623 2288 3844 2354 spiritus
3888 2302 3986 2340 sa-

2425 2383 2668 2450 pientiae;
2705 2383 2804 2434 hoc
2849 2380 2990 2432 enim
3042 2379 3209 2446 ipsum
3252 2376 3392 2444 quod
3442 2375 3714 2438 subsistit,
3750 2375 3980 2442 spiritus

2426 2469 2694 2536 sapientiae
2740 2479 2818 2520 est
2843 2485 2857 2520 :
2887 2476 2938 2519 et
2970 2477 3156 2518 natura
3185 2466 3336 2534 ejus,
3380 2466 3514 2519 nihil
3545 2475 3626 2518 est
3677 2465 3821 2517 aliud
3871 2465 3982 2518 nisi

2430 2556 2663 2624 Spiritus
2700 2557 2944 2608 veritatis
2997 2566 3050 2608 et
3083 2554 3315 2621 Spiritus
3351 2554 3468 2617 Dei,
3507 2556 3570 2606 de
3631 2555 3827 2620 quibus
3863 2553 3983 2620 jam

2427 2647 2753 2700 abundanter
2803 2646 2854 2697 in
2901 2643 3169 2697 Sectarum
3219 2642 3488 2696 volumine
3568 2642 3986 2709 diSputavitnus.

2432 2735 2586 2790 Unde
2618 2751 2684 2787 ne
2731 2734 2912 2786 eadem
2945 2733 3208 2801 superﬂue
3242 2732 3574 2801 replicemus,
3627 2731 3866 2785 contenti
3897 2733 3982 2785 si-

2428 2840 2546 2878 mus
2573 2822 2930 2890 disputatione
2957 2823 3243 2889 prazterita.

2497 2915 2587 2967 Ἡ.
2628 2914 2738 2982 (44)
2761 2912 2891 2978 Quia
2932 2913 3093 2978 igitur
3126 2910 3641 2980 Spiritussaptcntia:
3661 2922 3712 2965 et
3735 2911 3988 2966 veritatis

2431 3005 2857 3074 inseparabiliter
2881 3019 2998 3059 cum
3037 3001 3171 3057 Filio
3197 3013 3317 3066 est,
3375 3005 3484 3072 ipse.
3524 3019 3735 3071 quoque
3773 3005 3990 3070 sapien-

783 3120 1098 3187 conjunctus
1135 3128 1217 3172 est
1257 3118 1451 3184 digitus
1503 3116 1702 3178 manui,
1753 3126 1805 3168 et
1838 3130 2026 3169 manus
2078 3114 2123 3167 ei
2179 3093 2328 3184 cujhs
2359 3097 2503 3199 cilia
2528 3097 2770 3199 subsistit
2805 3106 2855 3149 et
2878 3093 3199 3199 \'eritas.mSi
3229 3096 3368 3198 enim
3397 3109 3562 3162 capax
3601 3105 3742 3147 esset
3770 3109 3990 3162 sapien-

783 3222 972 3261 manus
1001 3218 1116 3272 est;
1172 3217 1223 3259 et
1269 3208 1467 3276 digitus
1500 3207 1615 3258 sine
1642 3205 1801 3259 dubio
1838 3206 1902 3258 ad
1934 3205 2049 3273 ejus
2079 3206 2328 3259 substan-

789 3298 916 3354 tiam
944 3299 1191 3361 refertur,
1225 3297 1374 3365 cujus
1405 3298 1596 3367 digitus
1632 3307 1732 3350 est.

2413 3187 2500 3232 tiae
2520 3188 2764 3235 subsistit
2786 3186 3075 3239 etveritas.
3098 3185 3157 3240 Si
3178 3185 3322 3241 enim
3346 3201 3514 3256 capax
3536 3196 3683 3241 esset
3706 3187 4000 3254 sapientia!

2408 3277 2464 3322 et
2498 3272 2768 3339 veritatis,
2801 3274 2854 3327 in
2889 3276 2938 3329 id
2986 3277 3280 3345 aliquando
3311 3278 3695 3341 descenderet.
3732 3278 3895 3346 129
3937 3289 3998 3331 ut

855 3387 948 3445 21.
987 3390 1181 3442 Verum
1215 3361 1343 3442 cave
1376 3404 1441 3441 ne
1462 3361 1534 3441 ad
1587 3388 1808 3441 humilia
1843 3387 2099 3454 dejectus,
2127 3395 2180 3440 et
2202 3385 2334 3438 obli-
2409 3361 2686 3454 άεεῖπξετει
2709 3365 2908 3454 him?”
2931 3368 3074 3436 τιυοά
3101 3369 3323 3424 aliunde
3347 3381 3683 3454 Stlscepfral.
3707 3369 3762 3424 id
3790 3381 3875 3454 e§l
3900 3385 3993 3424 sa-

784 3487 878 3532 tus
914 3482 1173 3533 sermonis
1200 3519 1213 3541 ,
1250 3481 1315 3532 de
1372 3493 1477 3546 quo
1506 3493 1644 3532 nunc
1703 3479 2023 3547 disputatur,
2085 3477 2334 3544 depingas

788 3571 842 3624 in
875 3572 1050 3623 animo
1101 3581 1188 3622 tuo
1218 3570 1572 3638 corporalium
1608 3580 1816 3622 artuum
1848 3569 2181 3622 diversitates
2210 3583 2223 3629 ;
2274 3575 2328 3617 et

789 3662 1012 3728 incipias
1075 3662 1164 3713 tibi
1228 3660 1637 3729 magnitudines,
1688 3669 1741 3712 et
1797 3658 2222 3726 inaequalitates,
2280 3665 2333 3707 et

789 3760 980 3801 cartera
1021 3763 1301 3814 corporum
1335 3749 1535 3808 majora
1582 3748 1662 3799 vel
1705 3748 1909 3798 minora
1946 3746 2182 3798 membra
2208 3758 2337 3795 eon-

790 3832 1032 3899 fingere;
1085 3830 1277 3884 dicens
1309 3829 1539 3898 digitum
1573 3842 1601 3879 a
1643 3841 1827 3890 manu,
1858 3835 1913 3878 et
1957 3840 2177 3878 manum
2202 3823 2270 3878 ab
2301 3839 2366 3877 eo

784 3920 944 3990 cujus
961 3930 1042 3974 cst
1067 3920 1229 3988 128
1248 3934 1460 3982 manus,
1485 3917 1668 3972 multis
1685 3915 2141 3980 inaequalitatibus
2160 3914 2369 3968 discre-

793 4025 922 4076 pare
949 4048 963 4072 ,
1017 4011 1140 4076 quia
1170 4015 1232 4061 de
1284 4007 1706 4074 incorporalihus
1758 4021 1899 4060 nunc
1939 4004 2214 4072 Scriptura
2258 4009 2338 4058 lo-

793 4098 996 4164 quitur,
1034 4099 1291 4149 unitatem
1325 4107 1525 4149 tantum
1574 4098 1775 4158 volens,
1818 4110 1919 4148 non
1971 4095 2132 4147 etiam
2179 4110 2329 4146 men-

795 4201 974 4238 suram
1019 4185 1330 4239 suhstantia:
1359 4187 1721 4238 demonstrare
1756 4201 1770 4236 :
1815 4185 1950 4235 sicut
1976 4185 2118 4235 enim
2152 4196 2342 4234 manus

798 4291 901 4330 non
931 4276 1183 4329 dividitur
1216 4291 1242 4327 a
1274 4291 1518 4342 corpore,
1558 4289 1650 4342 per
1704 4288 1861 4340 quam
1914 4282 2102 4325 cuncta
2138 4270 2344 4338 perficit

797 4377 850 4419 et
879 4373 1153 4431 operatur,
1193 4374 1244 4417 et
1279 4365 1329 4417 in
1357 4380 1418 4418 eo
1455 4372 1558 4427 est,
1596 4362 1744 4429 cujus
1776 4371 1858 4415 est
1890 4376 2078 4413 manus
2122 4378 2136 4413 :
2178 4361 2252 4412 sic
2290 4369 2343 4410 et

2433 3457 2517 3504 tas
2550 3451 2664 3518 ipse
2687 3452 3005 3512 subsistens,
3038 3466 3143 3504 non
3168 3459 3448 3519 separatur
3475 3464 3502 3501 a
3533 3448 3710 3512 Patre,
3753 3449 3842 3516 qui
3891 3463 3986 3500 so-

2433 3540 2515 3594 lus
2557 3541 2765 3607 sapiens
2795 3551 2844 3590 et
2877 3540 3098 3604 veritas,
3151 3539 3548 3608 Seriptnrarum
3579 3538 3798 3590 vocibus
3844 3552 3986 3604 pnn-

2436 3630 2667 3682 dicalur.
2704 3628 2957 3681 Eumdetn
2987 3628 3243 3680 circulum
3275 3628 3494 3680 unitatis
3529 3637 3688 3694 atque
3728 3626 3988 3679 substan-

2440 3722 2525 3772 tiae
2553 3718 2782 3786 Spiritus
2821 3721 2988 3770 sancti
3017 3718 3139 3789 [leg].
3171 3718 3424 3785 Spiritum
3454 3714 3722 3786 sanctum]
3752 3755 3766 3777 ,
3799 3731 3995 3768 secun-

2439 3809 2559 3861 dum
2597 3810 2646 3860 id
2689 3811 2826 3875 quod
2852 3810 3126 3874 sapientia:
3160 3818 3212 3861 et
3242 3808 3482 3859 veritatis
3521 3816 3602 3859 est
3633 3806 3854 3874 spiritus
3876 3843 3891 3867 ,
3915 3807 3996 3855 vi-

2438 3898 2624 3949 demus
2661 3899 2856 3948 habere
2896 3911 3014 3947 cum
3064 3896 3198 3948 Filio
3232 3894 3364 3964 (55),
3399 3907 3452 3948 et
3479 3910 3686 3948 rursum
3728 3894 3924 3947 l’ilium
3965 3912 3992 3946 a

2437 3982 2613 4037 Patris
2643 4002 2742 4037 non
2776 3986 3076 4052 discrepare
3109 3986 3429 4038 substantia.
3462 3984 3592 4038 Cum
3619 3996 3793 4038 autem
3821 3984 3996 4038 Filius

2440 4073 2612 4139 imago
2648 4073 2716 4123 sit
2744 4070 2834 4122 Dei
2873 4071 3180 4134 invisibilis,
3205 4079 3258 4125 et
3307 4070 3475 4124 forma
3505 4072 3817 4124 substantia:
3850 4073 3993 4139 ejus,

2440 4163 2742 4229 quicunque
2790 4161 2855 4213 ad
2888 4161 3029 4214 hanc
3083 4163 3400 4231 imaginem,
3431 4161 3513 4213 vel
3555 4159 3778 4214 formam
3811 4163 3995 4229 imagi-

2443 4261 2655 4314 nantur,
2681 4261 2836 4317 atque
2874 4251 3190 4312 formantur,
3222 4251 3557 4303 adducuntur
3586 4250 3638 4303 in
3688 4252 4003 4305 similitudi-

2445 4356 2564 4393 nem
2599 4341 2684 4392 Dei
2724 4341 2902 4406 :juxta
2937 4343 3079 4394 vires
3114 4351 3287 4393 tamen
3327 4342 3546 4394 humani
3586 4340 3854 4408 profectus
3879 4380 3895 4403 ,
3925 4343 3996 4393 is-

797 4430 992 4518 digims
1053 4470 1157 4508 non
1209 4465 1488 4523 separatur
1515 4470 1542 4506 η
1581 4470 1759 4514 manu,
1791 4451 1938 4517 cuius
1983 4462 2062 4503 est
2125 4451 2336 4517 mgnus.
2369 4458 2422 4518 Β
2448 4430 2694 4483 tiusmodi
2729 4430 2948 4482 formam
3002 4439 3055 4483 et
3090 4431 3369 4498 imaginem
3396 4441 3798 4498 consequentes.
3830 4430 3999 4483 Sinti-

800 4545 977 4611 ltaque
1025 4543 1185 4610 rejice
1249 4543 1633 4610 inaequalitates
1677 4552 1729 4594 et
1761 4554 2064 4600 mensuras,
2121 4553 2238 4588 cum
2275 4540 2337 4590 de

801 4633 907 4686 Deo
932 4624 1161 4699 cogitas,
1195 4643 1247 4685 et
1283 4632 1517 4698 intellige
1548 4631 1695 4697 digiti
1733 4639 1784 4681 et
1817 4642 2002 4680 manus
2026 4666 2041 4690 ,
2096 4635 2148 4677 et
2190 4627 2348 4676 totius

799 4724 1111 4775 substantia:
1161 4724 1410 4774 unitatem
1444 4739 1456 4773 :
1490 4736 1593 4788 quo
1640 4720 1806 4786 digito
1835 4719 1915 4770 lex
1947 4715 2058 4783 (Η)
2110 4715 2159 4766 in
2199 4713 2346 4766 tabu-

801 4811 868 4863 lis
898 4812 1118 4880 lapideis
1151 4813 1344 4878 scripta
1375 4822 1476 4863 est.
1508 4811 1607 4862 Per
1634 4811 1789 4860 aliam
1832 4822 2040 4874 quoque
2100 4806 2345 4870 Scriptu-

803 4915 858 4954 ra
875 4917 922 4951 ιιι
949 4941 963 4963 ,
1001 4901 1117 4952 fidei
1150 4910 1342 4952 nostrae
1370 4899 1731 4966 probationem
1764 4903 2058 4947 monstrare
2095 4890 2343 4959 perfacile

805 4995 906 5042 est.
942 4988 1094 5041 Solus
1125 4990 1332 5055 sapiens
1370 4988 1541 5040 dictus
1576 4997 1657 5038 est
1699 4984 1836 5036 Deus
1885 5001 1898 5036 :
1941 4999 2042 5034 non
2081 4981 2345 5048 accipiens

873 5079 916 5109 ⁹¹
953 5078 1132 5129 Matth.
1164 5096 1213 5141 x,
1248 5079 1336 5131 20.
1435 5078 1477 5107 ⁸³
1526 5076 1649 5129 Luc.
1693 5092 1768 5136 XI,
1807 5075 1888 5127 15.

801 5146 891 5198 26.
966 5147 1010 5176 9'
1047 5146 1168 5210 Sap.
1205 5164 1292 5207 xv,
1321 5148 1372 5199 5.
1449 5147 1490 5176 ³³
1513 5145 1668 5196 Prov.
1705 5160 1824 5205 xm,
1849 5148 1935 5195 20.

877 5252 985 5320 (’20)
1029 5253 1190 5306 Vetus
1228 5255 1354 5306 edit.
1390 5269 1507 5306 cum
1545 5251 1758 5303 ’l'holos.
1798 5265 1919 5311 ius.,
1968 5267 1985 5299 ‹
2028 5263 2126 5300 una
2161 5259 2210 5301 et
2249 5267 2340 5300 na—

805 5331 946 5382 tura,
983 5339 999 5370 ι
1032 5333 1136 5373 etc.

878 5410 986 5477 (Lit)
1031 5411 1220 5462 Ead'm
1255 5426 1369 5460 cum
1415 5411 1555 5471 νηί..
1612 5427 1627 5457 ι
1687 5409 1843 5461 totius
1881 5408 2119 5475 corporis
2164 5407 2341 5457 unita-

812 5488 914 5530 tem
948 5496 1049 5544 quo
1080 5479 1242 5546 digito
1270 5489 1321 5532 et
1357 5478 1462 5540 lex,
1507 5497 1522 5527 ι
1559 5488 1660 5530 etc.

877 5569 987 5634 (42)
1028 5568 1119 5620 Ms.
1148 5569 1387 5630 T-holos.,
1430 5587 1445 5617 ι
1478 5567 1703 5634 Spiritus
1729 5565 1916 5620 dicitur
1938 5564 2214 5631 sapientia.
2250 5584 2268 5615 ι

878 5659 1089 5721 (ιδ-Η)
1111 5659 1239 5710 iline
1263 5660 1549 5710 secundum
1583 5659 1768 5709 librum
1795 5658 2136 5723 auspicantur
2161 5657 2345 5705 hucus-

811 5743 912 5793 que
955 5728 1080 5779 editi
1117 5736 1297 5781 contra
1333 5744 1429 5781 ius.
1471 5730 1620 5781 liiem
1659 5727 1928 5793 ipsiusque
1960 5737 2226 5784 auctoris,
2263 5738 2339 5774 at-

1976 5075 2019 5105 “
2055 5075 2178 5126 ibid.
2214 5074 2296 5135 19,
2331 5074 2418 5124 20.

2016 5145 2028 5172 ¹
2061 5142 2077 5192 l
2107 5143 2226 5195 (lor.
2255 5159 2348 5204 xu,
2393 5143 2443 5194 6.

2449 4522 2571 4573 liter
2593 4531 2646 4573 et
2677 4518 2905 4588 Spiritus
2938 4532 3153 4573 sanctus
3197 4537 3317 4575 cum
3368 4524 3437 4575 sit
3490 4520 3814 4590 signaculum
3866 4522 3994 4583 Dei,

2446 4610 2494 4661 hi
2521 4611 2607 4676 qui
2638 4609 2860 4660 formant
2886 4619 2935 4661 et
2964 4611 3246 4673 imaginem
3272 4610 3364 4663 Dei
3400 4611 3617 4678 capiunt
3638 4649 3652 4671 ,
3677 4611 3866 4676 signati
3900 4627 3997 4676 per

2443 4711 2587 4758 eum,
2629 4697 2676 4747 iu
2713 4711 2777 4747 co
2807 4698 3071 4749 ducuntur
3103 4700 3164 4750 ad
3193 4698 3520 4766 signaculum
3557 4697 3751 4750 Christi
3778 4701 3996 4764 sapien-

2444 4787 2530 4836 tiae
2557 4795 2609 4836 et
2641 4787 2907 4845 scientize,
2938 4788 3152 4853 insuper
3182 4788 3283 4840 fide
3309 4786 3466 4852 pleni.
3500 4805 3518 4837 ι
3549 4786 3680 4839 Nam
3706 4788 3998 4841 divisiones

2447 4876 2814 4940 operationum
2868 4884 3010 4937 sunt,
3064 4876 3200 4927 idem
3250 4886 3424 4927 autent
3476 4876 3587 4943 ipse
3633 4873 3860 4941 Spiritus
3902 4875 3995 4941 qui

2449 4973 2695 5025 operatur
2720 4965 2894 5014 omnia
2929 4965 2981 5014 in
3015 4963 3302 5016 omnibus‘
3340 4962 3470 5032 (66).
3503 4981 3522 5012 ι
3565 4961 3829 5030 Operaute
3863 4975 3998 5030 ergo

2531 5074 2574 5103 ⁸³
2605 5073 2788 5126 Matth.
2831 5091 2925 5136 xu,
2957 5074 3046 5126 28.
3140 5073 3222 5127 “l
3254 5072 3374 5127 Cor.
3406 5088 3442 5129 ι.
3476 5071 3564 5125 24.
3661 5071 3705 5102 "
3745 5068 3872 5139 Sap.
3916 5087 3991 5136 vr,

2447 5262 2546 5310 que
2581 5245 2888 5308 interpreiis
2925 5252 3176 5298 mentem.
3235 5243 3351 5296 Vid.
3397 5242 3663 5309 praeﬂxam
3693 5241 3813 5294 huic
3842 5247 3994 5310 operi

2454 5317 2897 5366 Adiuuttiliuuelu.

2526 5383 2634 5444 (45)
2681 5383 2815 5434 Olim
2845 5391 2980 5441 erat,
3021 5399 3037 5429 ι
3075 5381 3312 5432 videmus
3340 5379 3560 5438 habere,
3589 5379 3844 5429 habemus
3871 5395 3994 5431 cum

2455 5450 2635 5502 Filio.)
2674 5451 2819 5513 Quod
2853 5450 3117 5510 iiarthins,
3164 5457 3424 5512 expuncta
3457 5447 3679 5511 priurum
3721 5461 3843 5498 tore
3869 5448 3994 5514 Spi-

2454 5523 2607 5581 ritus,
2661 5521 2727 5568 ita
2780 5519 3047 5569 rontendit
3101 5518 3509 5577 emetidauduui,
3552 5533 3570 5563 ι
3620 5515 3844 5566 vidimus
3869 5531 3994 5568 eum

2453 5590 2643 5638 habere
2675 5588 2931 5637 hactenus
2958 5601 3077 5637 eum
3113 5587 3262 5637 Filio.
3310 5603 3328 5633 ι

2529 5657 2640 5719 (ab)
2674 5653 2886 5704 Pienius
2945 5657 2993 5703 in
3039 5653 3206 5705 Vatic.
3262 5667 3362 5703 ius.
3415 5665 3476 5704 ac
3522 5650 3689 5701 veteri
3741 5651 3992 5711 editione.

2469 5741 2484 5772 ι
2526 5725 2607 5775 Dn
2643 5725 2814 5773 :iuut‘s
2874 5726 3064 5789 quipp:-
3092 5723 3428 5774 iii-natiuitntu
3465 5732 3605 5780 sunt,
3650 5719 3783 5771 idem
3814 5730 3991 5770 autem
