4212 6462
758 401 850 465 131

1942 411 2001 470 S.
2044 411 2350 474 EUSEBII
2391 413 2470 471 lli
2486 411 2825 471 EliONYMl

3902 411 4009 474 132

751 518 1022 571 universae
1048 515 1300 570 conditor
1327 526 1612 574 creatum.
1649 516 1867 576 llabitat
1895 538 2026 577 vero
2049 533 2103 577 et
2139 525 2324 589 unige-
2358 531 2401 581 Λ
2437 523 2572 577 ritus
2607 521 2700 576 Dei
2760 523 2853 585 sit,
2885 535 3048 592 quem
3101 522 3248 577 exire
3284 520 3350 576 dc
3392 521 3555 577 Patre
3604 521 3908 577 Salvatoris
3954 525 4014 578 in

749 611 894 662 nitus
918 607 1086 664 Filius
1108 609 1219 681 (54)
1250 610 1304 666 in
1326 620 1504 666 tuente
1527 626 1682 681 pura,
1707 621 1760 668 et
1782 614 1944 669 corde
1960 616 2321 670 credentium.

754 701 858 758 Per
894 701 1056 757 fidem
1108 705 1308 774 quippe
1352 705 1598 761 habitare
1634 708 1932 774 Christum,
1971 712 2024 767 iu
2076 711 2324 767 interiori

751 793 996 861 homine,
1025 796 1180 866 132
1200 797 1252 850 in
1282 797 1491 867 Spiritu
1510 801 1584 854 ait
1608 800 1918 872 Apostolus,
1943 801 2015 854 ita
2041 802 2320 856 scribens:

755 903 774 938 ι
815 887 872 942 In
905 887 1137 959 Spiritu,
1175 891 1229 944 in
1256 889 1498 947 interiori
1527 895 1746 950 homine
1767 893 2014 948 habitare
2045 894 2323 952 Christum

767 1001 861 1051 per
885 983 1103 1036 ﬁdetniu
1138 983 1389 1036 cordibus
1421 988 1609 1037 vestris
1639 987 1696 1036 ".
1742 1003 1760 1035 ι
1790 985 1903 1051 Ipse
1933 1000 2141 1052 quoque
2171 987 2234 1038 de
2267 1000 2324 1038 se

770 1073 1002 1143 loquitur
1028 1071 1095 1125 "z
1123 1057 1297 1124 «Vivit
1327 1072 1378 1125 in
1410 1089 1490 1124 me
1513 1073 1788 1137 Christus;
1823 1083 1910 1126 iet
1939 1074 2126 1127 iterum
2155 1093 2166 1128 :
2201 1075 2328 1139 ιριιί

769 1167 822 1216 i-n
854 1163 1180 1231 meloquitur
1197 1163 1439 1217 Christus
1469 1162 1536 1220 "z
1565 1181 1581 1210 ι
1602 1173 1653 1216 et
1674 1161 1911 1217 Salvator
1933 1164 2325 1226 :iVenictuus,r

770 1253 944 1322 inquit
965 1255 1057 1315 ",t
1079 1269 1175 1322 ego
1199 1265 1250 1306 et
1273 1253 1450 1316 Pater,
1481 1272 1498 1304 ι
1522 1255 1658 1306 haud
1697 1255 1931 1320 dubium,
1963 1258 2088 1323 quin
2120 1259 2184 1307 ad
2209 1273 2329 1309 eum

771 1346 859 1410 qui
896 1355 1154 1412 przecepta
1179 1343 1290 1408 ejus
1321 1345 1646 1406 servaverit,
1692 1361 1709 1394 ι
1752 1356 1802 1396 ει
1839 1347 2164 1397 mansionem
2196 1347 2332 1413 apud

773 1449 896 1487 eam
952 1432 1226 1488 faciemus.
1267 1450 1283 1481 ι
1313 1429 1479 1483 Porro
1505 1433 1581 1486 sic
1623 1447 1798 1485 sermo
1849 1433 1945 1484 iste
1993 1434 2331 1488 contexitur:

779 1541 797 1572 ι
827 1522 880 1574 Si
915 1522 1034 1588 quis
1064 1519 1236 1586 diligit
1263 1535 1343 1571 me
1365 1519 1508 1588 (55),
1541 1535 1838 1574 sermonem
1873 1534 2046 1572 meum
2078 1519 2330 1575 servabit.

780 1612 843 1664 Et
897 1613 1053 1665 Pater
1085 1624 1233 1663 meus
1261 1611 1440 1679 diliget
1471 1626 1588 1664 eum
1620 1651 1632 1672 ,
1697 1620 1747 1662 et
1780 1612 1846 1662 ad
1878 1625 1998 1664 eum
2033 1612 2332 1675 veniemus,

775 1712 828 1753 et
857 1703 1184 1754 mansionem
1211 1702 1345 1767 apud
1379 1716 1497 1754 eum
1521 1700 1775 1754 faciemus
1796 1702 1890 1756 η.»
1921 1702 1973 1754 1η
2002 1703 2104 1756 alio
2126 1717 2337 1771 quoque

777 1791 911 1853 loco,
961 1792 1134 1844 omnis
1191 1800 1375 1843 natura
1411 1789 1749 1844 rationalium
1798 1802 2201 1856 creaturarum,
2240 1792 2334 1842 do-

776 1894 893 1932 mus
920 1881 1115 1932 dicitur
1151 1878 1466 1946 Salvatoris.

845 1969 934 2024 25.
966 1971 1112 2023 Sicut
1150 1980 1325 2023 autem
1357 1984 1514 2036 super
1537 1970 1749 2024 domum
1779 1986 1928 2024 suam
1963 1970 2218 2023 Dominus
2246 1970 2336 2024 Je-

778 2075 891 2124 sus,
930 2061 1080 2128 cujus
1104 2061 1292 2115 donius
1322 2077 1504 2116 smnus
1542 2077 1637 2115 nos
1674 2062 1780 2131 (56)
1812 2081 1826 2116 :
1855 2063 1924 2115 ita
1961 2064 2147 2116 domus
2183 2063 2337 2116 Chri-

779 2152 844 2206 sti
876 2153 1125 2220 templum
1171 2153 1259 2206 Dei
1304 2142 1404 2218 est,
1441 2154 1492 2206 in
1527 2169 1631 2219 quo
1662 2153 1888 2220 Spiritus
1914 2154 2149 2221 ejusdem
2185 2155 2336 2207 inha-

780 2244 912 2296 bitat
952 2243 1063 2299 Dei.
1103 2243 1352 2298 Scriberis
1387 2243 1580 2312 quippe
1618 2242 1910 2297 Corinthiis
1947 2244 2140 2297 Paulus
2192 2247 2266 2296 ait
2321 2262 2334 2296 :

785 2349 805 2382 ι
847 2332 1070 2385 Nescitis
1093 2333 1215 2400 quia
1251 2321 1502 2400 templum
1554 2332 1645 2386 Dei
1683 2333 1834 2394 estis;
1876 2343 1929 2386 et
1969 2333 2200 2403 Spiritus
2247 2334 2337 2387 Dei

783 2421 986 2476 habitat
1015 2424 1064 2472 in
1097 2419 1245 2474 vobis
1279 2421 1359 2473 “'l
1393 2441 1411 2473 ι
1451 2421 1505 2474 Si
1538 2434 1712 2475 autem
1748 2424 1797 2476 iii
1841 2421 1997 2477 dmino
2042 2433 2094 2477 et
2123 2425 2336 2491 templo,

781 2529 885 2583 quo
924 2514 1082 2568 Pater
1107 2523 1158 2567 et
1196 2513 1444 2567 Salvator
1473 2515 1754 2580 inhabitat,
1792 2516 1930 2568 illico
1981 2516 2250 2568 invenitur
2287 2524 2341 2566 et

785 2605 1014 2670 Spiritus
1036 2613 1270 2664 sanctus,
1302 2618 1367 2656 cx
1408 2604 1507 2657 hoc
1538 2605 1756 2656 indivisa
1781 2603 2058 2657 Trinitatis
2094 2605 2340 2657 snbstan-

785 2695 858 2745 tia
889 2697 1303 2746 demonstratur.
1343 2694 1399 2745 Et
1428 2703 1545 2761 post
1573 2710 1674 2746 non
1697 2695 1859 2746 multa
1877 2695 2106 2759 ejusdem
2133 2693 2343 2761 Episto-

783 2784 847 2837 lw
886 2803 898 2837 :
939 2803 958 2834 ‹
1004 2782 1248 2846 Nescitis,
1291 2784 1514 2849 iinquit,
1553 2784 1715 2852 «quia
1732 2799 1954 2851 corpora
1981 2797 2152 2837 vestra
2211 2795 2344 2837 tem-

785 2874 925 2941 plum
943 2873 1173 2941 Spiritus
1205 2874 1372 2925 sancti
1406 2883 1548 2933 sunt,
1576 2887 1731 2938 quem
1764 2874 1967 2925 habetis
2005 2889 2032 2923 a
2068 2874 2170 2924 Deo
2203 2873 2287 2926 "1'
2319 2893 2336 2923 ι

785 2965 916 3015 Cum
949 2979 1075 3031 ergo
1113 2961 1346 3030 Spiritus
1397 2976 1635 3021 sanctus.
1690 2963 1933 3016 similiter
1976 2973 2032 3015 ut
2089 2962 2248 3018 Pater
2290 2975 2343 3018 et

785 3053 969 3114 Filius,
1005 3065 1232 3106 tuentem
1270 3065 1323 3106 et
1372 3055 1675 3108 interiorem
1732 3055 1998 3107 hominem
2039 3054 2342 3108 inhabitare

786 3145 1061 3206 doceatur,
1092 3161 1192 3196 non
1224 3146 1397 3197 dicant
1429 3145 1685 3211 ineptum,
1719 3145 1809 3196 sed
1847 3145 2063 3210 impium
2100 3155 2181 3198 est
2224 3158 2342 3197 eum

788 3235 966 3287 dicere
996 3245 1316 3287 creaturam.
1362 3234 1676 3300 Disciplinas
1706 3234 1920 3301 quippe,
1964 3234 2189 3287 virtutes
2224 3233 2344 3286 dico

793 3335 848 3376 et
877 3336 1039 3385 artes,
1077 3332 1130 3376 et
1179 3323 1263 3377 his
1297 3325 1591 3376 contrarias
1621 3323 2064 3391 perturbationes,
2095 3333 2147 3376 et
2176 3325 2345 3392 impe-

795 3415 963 3476 ritias,
996 3423 1047 3466 et
1067 3414 1358 3468 alfectusin
1384 3414 1663 3466 animabus
1688 3414 1926 3466 habitare
1955 3413 2204 3482 possibile
2234 3423 2344 3479 est;

793 3521 895 3556 non
928 3515 1103 3558 tamen
1129 3514 1182 3556 ut
1211 3505 1595 3567 substantivas,
1624 3504 1714 3556 sed
1749 3511 1806 3555 ut
1839 3504 2156 3557 accidentes.
2186 3504 2350 3558 Crea-

793 3606 898 3665 tam
928 3610 1050 3647 vero
1081 3605 1322 3647 naturam
1353 3594 1404 3646 in
1438 3609 1594 3647 sensu
1624 3594 1868 3648 habitare
1899 3594 2221 3662 impossibile
2244 3605 2345 3647 est.

793 3685 942 3750 Quod
969 3685 1012 3738 si
1048 3700 1226 3738 verum
1257 3695 1358 3750 est,
1387 3693 1440 3737 et
1485 3685 1716 3752 Spiritus
1759 3693 1979 3738 sanctus
2016 3685 2217 3753 absque
2244 3686 2348 3738 ulla

794 3777 1138 3845 ambiguitate
1162 3776 1476 3840 subsistens,
1501 3777 1688 3828 anima:
1719 3783 1798 3828 est
1839 3775 2104 3828 habitator
2134 3786 2188 3829 et
2231 3791 2354 3829 cor-

794 3870 878 3921 dis
909 3886 921 3921 :
955 3868 1076 3919 nulli
1111 3868 1324 3920 dubimn
1356 3876 1459 3930 est,
1493 3867 1617 3934 quin
1646 3881 1766 3919 cum
1791 3864 1951 3918 Patre
1979 3865 2181 3920 etFilio
2208 3867 2352 3919 credi

795 3961 986 4013 debeat
1017 3961 1303 4011 iucreatus.
1333 3956 1410 4010 Ex
1446 3957 1691 4010 omnibus
1722 3955 1882 4024 igitur
1911 3971 2026 4022 quae
2054 3958 2356 4021 praecedens

798 4065 974 4102 sermo
1022 4050 1260 4110 disserit,
1312 4046 1730 4114 incorruptibilis
1776 4057 1829 4098 et
1883 4046 2238 4114 sempiternus
2277 4061 2357 4100 se-

797 4139 1027 4192 cundum
1059 4151 1302 4192 naturam
1342 4139 1534 4202 Patris,
1577 4148 1630 4191 et
1666 4137 1807 4202 Filii,
1863 4137 2090 4205 Spiritus
2143 4147 2357 4192 sanctus

799 4237 1218 4292 demonstratus,
1268 4231 1566 4283 universam
1614 4230 1677 4283 de
1716 4244 1772 4282 se
1795 4228 2192 4296 ambiguitatem
2237 4228 2355 4280 abs-

2438 618 2732 688 Evangelio
2757 615 2916 670 verba
2934 615 3238 670 declarant.
3272 633 3290 666 ι
3320 613 3454 670 Cum
3482 615 3714 681 Venerit,
3757 633 3776 667 ι
3810 614 4017 684 inquit,

2443 731 2459 760 ι
2485 711 2828 775 Cousolator,
2848 725 3008 779 quem
3035 724 3137 780 ego
3161 709 3370 764 mittam
3390 710 3570 775 vobis,
3593 709 3855 780 Spiritum
3875 710 4018 762 veri-

2439 807 2696 876 tatis,’qui
2715 823 2740 860 ιι
2763 805 2921 860 Patre
2936 807 3234 874 egreditur,
3257 806 3370 875 ipse
3390 805 3762 859 testimonium
3785 805 4014 859 dahitde

2436 915 2522 954 me
2545 900 2612 954 ".
2645 917 2663 948 ι
2693 898 3104 954 Consolatorem
3123 911 3303 954 autem
3328 899 3637 954 venientem
3659 897 3813 968 133
3839 896 4012 964 Spiri-

2433 992 2540 1034 tum
2571 991 2813 1035 sanctmn
2854 981 3001 1042 dicit,
3030 983 3096 1034 ab
3143 984 3450 1047 Operatione
3480 983 3526 1036 ei
3577 997 3766 1036 nomen
3819 981 3997 1049 impo-

2432 1085 2596 1124 nens:
2623 1072 2744 1139 qnia
2771 1085 2871 1124 non
2905 1069 3072 1124 solum
3103 1070 3409 1123 consolatur
3439 1085 3530 1126 eos
3551 1086 3684 1140 quos
3713 1085 3770 1125 se
3804 1072 3996 1138 dignos

2433 1161 2707 1228 repererit,
2740 1161 2884 1214 etab
2917 1160 3057 1214 omni
3102 1160 3314 1214 tristitia
3350 1172 3398 1214 et
3430 1162 3828 1228 perturbatione
3870 1161 3994 1214 red-

2432 1249 2507 1303 dit
2537 1251 2739 1304 alienos
2774 1267 2787 1303 :
2823 1265 3005 1304 verum
3060 1249 3372 1303 incredibile
3421 1250 3685 1319 quoddam
3738 1250 3994 1319 gaudium

2432 1352 2485 1396 et
2525 1342 2845 1395 hilaritatem
2878 1343 2957 1396 eis
2985 1341 3187 1402 tribuit,
3215 1341 3264 1394 in
3299 1351 3526 1406 tantum,
3563 1353 3618 1393 ut
3659 1343 3824 1409 possit
3873 1343 3998 1405 quis

2437 1434 2542 1486 Deo
2573 1433 2771 1500 gratias
2812 1433 3074 1496 referens,
3106 1432 3245 1501 quod
3289 1432 3379 1485 tali
3427 1434 3632 1499 hospite
3665 1433 3858 1517 dignus
3900 1432 3997 1482 ha—

2435 1523 2639 1586 beatur,
2674 1521 2884 1575 dicere:
2918 1540 2936 1572 ι
2969 1521 3164 1575 Dedisti
3193 1522 3429 1576 laetitiam
3465 1523 3518 1575 in
3544 1522 3705 1576 corde
3736 1536 3851 1574 meo
3875 1522 3941 1575 ".
3972 1541 3991 1572 ι

2435 1611 2765 1677 Sempiterna
2794 1611 2986 1680 quippe
3020 1611 3201 1666 laetitia
3230 1613 3281 1666 in
3320 1627 3502 1667 eorum
3535 1615 3693 1667 corde
3726 1625 3996 1678 versatur,

2434 1715 2658 1767 quorum
2693 1700 2923 1770 Spiritus
2965 1712 3180 1758 sanctus
3209 1703 3476 1757 habitator
3500 1715 3602 1758 est.
3634 1703 3738 1759 iste
3765 1703 4001 1772 Spiritus

2437 1800 2654 1844 sanctus
2691 1791 2994 1846 consolator
3027 1807 3055 1846 a
3096 1793 3232 1848 Filio
3263 1794 3509 1861 mittitur,
3555 1811 3658 1848 non
3704 1797 4000 1849 secundum

2370 1862 2408 1914 Β
2438 1883 2765 1948 angelorum,
2806 1891 2894 1934 aut
2931 1884 3328 1950 prophetarum,
3367 1892 3457 1936 aut
3493 1885 3848 1952 apostolorum
3901 1885 4003 1936 mi-

2442 1971 2742 2032 nisterium,
2792 1971 2883 2023 sed
2929 1980 2987 2024 ut
3015 1972 3153 2024 mitti
3190 1973 3340 2026 decet
3391 1987 3422 2025 a
3467 1973 3726 2040 sapientia
3772 1981 3825 2025 ct
3860 1973 4004 2025 veri-

2441 2069 2547 2112 tate
2581 2059 2835 2123 Spiritum
2871 2059 2986 2123 Dei,
3020 2060 3300 2113 indivisam
3343 2061 3624 2115 habentem
3658 2075 3777 2113 cum
3812 2060 4001 2112 eadem

2439 2150 2699 2216 sap‘entia
2727 2160 2781 2202 et
2813 2151 3038 2205 veritate
3077 2159 3342 2204 naturam.
3371 2150 3576 2205 Etenim
3612 2151 3774 2203 Filius
3804 2153 4003 2204 missus

2438 2254 2466 2292 a
2500 2239 2654 2292 Patre
2692 2254 2793 2292 nou
2833 2249 3132 2308 separatur,
3163 2255 3260 2294 nec
3301 2241 3627 2310 disjuogitur
3666 2243 3733 2295 ab
3766 2257 3852 2304 eo,
3896 2257 4005 2294 ma-

2441 2345 2571 2384 nens
2600 2339 2653 2383 et
2683 2330 2883 2382 habens
2909 2329 3053 2382 illum
3086 2329 3136 2383 in
3157 2331 3463 2398 semetipso.
3488 2331 3622 2396 Quin
3657 2331 3889 2395 Spiritus
3916 2345 4008 2384 ve-

2441 2421 2614 2475 ritatis
2633 2422 2941 2488 supradicto
2971 2421 3132 2476 modo
3165 2422 3360 2475 missus
3388 2437 3414 2474 a
3437 2422 3570 2475 Filio
3592 2423 3658 2475 de
3676 2421 3834 2475 Patre
3848 2437 4007 2491 egre-

2441 2514 2602 2577 ditur,
2630 2528 2734 2566 uon
2767 2513 2980 2566 aliunde
3011 2513 3074 2566 ad
3098 2512 3199 2566 alia
3233 2515 3644 2582 transmigrans.
3670 2511 4008 2579 [inpossibile

2442 2606 2634 2672 quippe
2663 2604 2763 2658 hoc
2797 2604 3078 2671 pariter,et
3119 2603 3489 2672 blasphemmn
3531 2614 3630 2658 est.
3672 2606 3728 2657 Si
3759 2606 3900 2656 cnim
3944 2605 4008 2656 de

2443 2695 2558 2748 loco
2599 2694 2662 2746 ad
2695 2693 2868 2747 locum
2894 2693 3165 2761 egreditur
3195 2692 3447 2760 Spiritus,
3489 2704 3542 2746 et
3587 2696 3698 2760 ipse
3744 2693 3903 2747 Pater
3955 2696 4006 2747 in

2447 2785 2564 2838 loco
2597 2783 2918 2846 invenietur,
2953 2792 3009 2837 et
3031 2782 3264 2852 Spiritus
3299 2784 3538 2836 veritatis
3565 2785 3714 2850 juxta
3756 2797 4007 2838 naturam

2443 2889 2726 2942 corporum
2756 2885 2904 2928 certo
2926 2874 3101 2941 spatio
3143 2874 3596 2942 circumscriptus,
3645 2875 3804 2926 alium
3855 2878 4011 2929 dese.

2445 2980 2568 3019 rens
2588 2965 2784 3030 locum,
2803 2967 2868 3018 ad
2888 2965 3052 3017 alium
3073 2964 3443 3032 commigrabit
3459 2963 3702 3033 (58).Sed
3727 2981 3829 3033 quo
3850 2966 4013 3020 modo

2446 3054 2604 3108 Pater
2645 3073 2746 3109 non
2778 3056 3077 3108 consistens
3107 3055 3157 3108 in
3195 3053 3332 3119 loco,
3378 3053 3513 3106 ultra
3555 3070 3766 3107 omnem
3814 3071 4014 3125 corpo-

2372 3177 2414 3234 ο
2450 3161 2565 3199 rum
2601 3153 2978 3206 estnaturam,
3031 3144 3102 3196 ita
3146 3151 3201 3196 et
3249 3141 3482 3210 Spiritus
3527 3145 3763 3196 veritatis
3808 3159 4018 3210 nequa-

2447 3253 2606 3305 quam
2635 3237 2869 3289 locormu
2910 3235 3014 3288 line
3043 3234 3329 3298 clauditur,
3354 3248 3474 3287 cum
3505 3234 3574 3286 sit
3613 3233 3968 3302 incorporalis
3997 3252 4012 3289 :

2449 3336 2588 3381 etut
2639 3329 2814 3379 verius
2849 3327 3048 3391 dicam,
3094 3324 3359 3379 excellens
3419 3325 3722 3377 universam
3783 3326 4017 3378 rationa-

2448 3418 2550 3471 lem
2585 3428 2882 3470 creaturam
2910 3415 3042 3483 (59).

2516 3508 2606 3560 26.
2641 3508 2774 3572 Quia
2828 3522 2954 3575 ergo
2997 3503 3328 3572 impossibile
3356 3513 3457 3566 est,
3502 3514 3555 3556 et
3608 3507 3850 3571 impium,
3913 3506 4014 3558 ista

2451 3613 2566 3665 qua:
2592 3598 2821 3648 diximus
2841 3595 2907 3647 de
2934 3593 3355 3660 incorporalibus
3378 3593 3487 3664 (60)
3509 3595 3761 3646 credere:
3778 3595 3930 3648 exire
3947 3595 4017 3648 de

2454 3688 2607 3740 Patre
2671 3687 2926 3755 Spiritum
2977 3695 3222 3738 sanctum
3267 3685 3344 3738 sic
3377 3684 3795 3751 intelligendum,
3845 3695 3905 3737 ut
3959 3702 4020 3740 se

2455 3779 2697 3831 Salvator
2719 3778 2781 3831 de
2807 3778 2911 3829 Deo
2929 3777 3103 3829 exisse
3127 3785 3370 3838 testatur,
3399 3775 3603 3840 dicens,
3635 3794 3653 3824 ι
3683 3776 3790 3842 Ego
3818 3776 3888 3829 de
3909 3776 4020 3829 Deo

2455 3869 2591 3924 exivi
2622 3878 2674 3919 et
2702 3866 2816 3919 veni
2847 3866 2911 3918 ’³.
2946 3884 2964 3915 ι
2995 3866 3055 3918 Et
3084 3867 3220 3918 sicut
3245 3865 3357 3918 loca
3390 3874 3440 3916 et
3455 3867 3902 3918 commutationes
3937 3867 4019 3918 lo-

2455 3971 2636 4011 corum
2669 3955 2734 4007 ab
2759 3953 3185 4020 incorporalibus
3209 3967 3541 4019 separamus,
3577 3955 3656 4007 sic
3676 3962 3729 4006 et
3763 3955 4024 4021 prolatio-

2457 4064 2552 4102 nes
2593 4048 2736 4099 intus
2776 4046 2894 4097 dico
2941 4055 2994 4095 et
3038 4044 3163 4095 foris
3221 4045 3287 4095 ab
3342 4043 3777 4097 intellectualium
3823 4057 4020 4098 natura

2457 4137 2832 4197 discernimus,
2887 4135 3010 4200 quia
3076 4137 3191 4186 istas
3235 4148 3519 4202 corporum
3579 4144 3706 4190 sunt
3750 4137 4020 4204 recipien-

2430 4223 2564 4278 tium
2591 4225 2812 4288 l'actum,
2840 4235 2894 4278 ct
2924 4227 3241 4282 habentium
3278 4231 3584 4285 vastitates.
3605 4230 3871 4284 lneﬂabili
3902 4235 4009 4285 ita-

801 4327 919 4378 tttlit
944 4334 996 4379 et
1024 4323 1400 4390 suspicionem,
1433 4338 1497 4374 ne
1523 4337 1661 4373 unus
1700 4322 1764 4373 de
1795 4324 1991 4373 creatis
2049 4318 2358 4372 substantiis
2430 4328 2535 4382 que
2559 4323 2615 4368 el
2638 4315 2751 4369 sola
2769 4315 2996 4384 ﬁdem“
3019 4329 3147 4372 Imto
3164 4333 3416 4373 sermone
3430 4321 3758 4373 credendum
3776 4321 4014 4380 est.Sal-

799 4416 1156 4469 existimetur.
1193 4413 1295 4465 Sed
1324 4421 1376 4464 et
1399 4411 1595 4480 ambigi
1632 4411 1835 4478 nequit,
1865 4410 1992 4478 quin
2028 4409 2138 4480 (57)
2173 4412 2216 4463 is
2241 4409 2358 4478 Spi-

875 4531 917 4561 “
942 4530 1133 4596 Ephes.
1163 4544 1244 4588 ut.
1276 4527 1365 4587 £6,
1399 4528 1478 4580 l7.
1560 4527 1601 4558 "
1629 4526 1745 4580 Gal.
1775 4540 1832 4596 tt,
1856 4523 1944 4580 20.

803 4601 849 4632 ”
887 4601 902 4654 l
935 4593 1160 4659 Gor..vt,
1199 4598 1283 4651 l9.
1361 4598 1402 4626 “
1441 4597 1589 4649 Joan.
1624 4611 1710 4658 xv,
1745 4595 1832 4649 ‘26.
1910 4596 1953 4624 ²¹
1995 4593 2136 4645 Psal.
2176 4610 2244 4656 tv,
2278 4595 2326 4647 '7.

2430 4417 2666 4461 vatorem
2689 4408 2846 4479 135
2866 4409 3066 4462 dictmn
3090 4424 3211 4464 esse
3238 4413 3418 4465 exisse
3443 4425 3472 4463 a
3498 4411 3625 4474 Deo,
3663 4424 3717 4465 et
3739 4410 4006 4478 Spiritum

2027 4525 2068 4554 ‘°
2105 4525 2141 4578 ll
2173 4525 2287 4579 Cor.
2329 4539 2456 4586 xut,
2492 4525 2544 4577 '5.

2403 4595 2446 4623 "
2483 4592 2634 4646 Joau.
2669 4606 2781 4650 vttt,
2806 4589 2892 4641 42.

2624 4523 2664 4554 "
2693 4516 3092 4580 Joan.xt\',25.
3171 4516 3212 4546 ⁸⁸
3236 4515 3364 4568 ibid.
3443 4515 3484 4546 "
3543 4513 3562 4567 ἰ
3617 4515 3740 4566 Cor.
3793 4530 3873 4578 tu,
3929 4513 4018 4565 lli.

873 4693 983 4762 (δι)
1027 4693 1195 4744 Voces
1229 4709 1246 4740 ι
1284 4700 1334 4741 ει
1361 4690 1659 4758 unigenitus
1697 4687 1887 4740 Filius.
1927 4688 1978 4739 in
2011 4687 2220 4754 liegiiue
2252 4703 2349 4738 ms.
2387 4693 2428 4743 D
2461 4700 2581 4736 rens
2636 4683 2857 4762 luctamina
2883 4679 2947 4731 ad
2997 4679 3154 4729 alium
3201 4675 3609 4762 c‘nmmigralvitl
3633 4693 3676 4762 ι*
3706 4673 3810 4762 Nec
3841 4675 4020 4762 magis

803 4764 1068 4817 delentur.

881 4830 988 4898 (55)
1029 4828 1238 4898 Addunt
1273 4825 1446 4880 Vatic.
1479 4835 1530 4879 et
1568 4835 1717 4879 vetus
1751 4823 1902 4888 edit.,
1955 4841 1973 4872 ι
2002 4833 2053 4875 ει
2089 4838 2187 4889 ego
2239 4824 2359 4874 dili-

805 4892 922 4970 gam
954 4892 1165 4970 illuuth

877 4971 986 5034 (56)
1021 4970 1071 5017 lit
1110 4965 1318 5032 Reginae
1352 4979 1475 5024 ms.,
1510 4981 1530 5012 ι
1559 4965 1747 5017 domus
1793 4963 1987 5014 dicitur
2036 4961 2357 5034 Salva‘toris;

806 5031 1050 5090 Christus
1080 5031 1256 5087 autem
1297 5048 1453 5101 super
1481 5034 1695 5085 domum
1745 5048 1917 5093 suain,
1964 5031 2117 5098 cujus
2168 5031 2359 5082 domus

807 5123 990 5158 Sumus
1023 5119 1139 5160 nos,
1178 5123 1196 5154 ι
1226 5115 1331 5155 cte.

881 5175 989 5237 (57)
1020 5172 1332 5224 Sull‘ecunus
1359 5186 1421 5223 ex
1458 5171 1673 5235 lleginre
1706 5184 1804 5219 ms.
1865 5168 2047 5227 verba,
2101 5187 2118 5216 ι
2150 5166 2252 5218 Sed
2307 5175 2359 5237 et

811 5235 1004 5310 ambigi
1047 5244 1244 5308 nequit,
1307 5241 1457 5308 quin,
1497 5259 1512 5288 ι
1557 5250 1749 5310 γιιιιιιιιθ
1799 5237 2119 5310 perficiendo
2157 5235 2356 5310 Δδίξιιδιιί

809 5305 1369 5368 necessaria,tantetSi
1407 5312 1454 5358 iu
1494 5308 1708 5373 reliquis
1745 5322 1870 5357 mss.
1907 5305 2199 5371 etvulgatis
2226 5305 2347 5355 huc.

810 5395 978 5445 usque
1014 5380 1158 5430 libris
1220 5380 1597 5448 desiderentur.
1879 5442 1888 5448 _
1955 5441 1963 5448 _
2251 5441 2259 5448 _
2323 5439 2351 5448 __

883 5440 990 5518 ('58)
1037 5447 1305 5497 Verior-ein
1341 5445 1844 5518 t-oticiunioremqne
1879 5441 2097 5505 hujusce
2154 5440 2354 5515 periodi

814 5513 1091 5569 lectionem
1129 5517 1265 5566 hanc
1295 5530 1412 5564 eSse
1453 5513 1770 5577 putavimus,
1801 5528 1954 5577 quant
1989 5525 2050 5561 ex
2093 5513 2252 5560 veteri
2282 5521 2356 5558 to-

815 5589 915 5640 ties
965 5588 1166 5635 laudata
1206 5586 1461 5638 editione,
1506 5591 1556 5632 et
1613 5582 1777 5631 Vatir.
1824 5595 1919 5630 ins.
1974 5579 2356 5642 expressimus.

816 5653 982 5707 l’etn-s
1022 5653 1405 5707 Martianaeuni.
1436 5652 1671 5714 altosque
1698 5653 1891 5713 passim
1944 5649 2174 5699 editores
2205 5657 2313 5697 erat
2346 5663 2357 5694 :

820 5745 838 5773 ι
877 5727 928 5773 Si
958 5739 1096 5773 etum
1131 5725 1212 5772 hic.
1248 5722 1480 5786 Spiritus
1521 5717 1930 5780 Vt-t'itattsjnxla
1975 5727 2190 5768 naturas
2234 5728 2362 5786 eor—

819 5807 1006 5860 ινιιιυιιι
1042 5804 1186 5842 testo
1220 5784 1390 5856 spatio
1425 5793 1856 5853 ςιιειιιιιδιιπιιιιιδ
1883 5796 1984 5846 εοι,
2028 5786 2184 5836 alium
2214 5784 2363 5834 dese-

2467 4763 2605 4804 i'ecte
2642 4756 2690 4802 in
2728 4751 2945 4801 'fliolos.
2975 4765 3053 4797 nis
3102 4765 3114 4798 :
3154 4765 3172 4791 ι
3211 4745 3264 4797 Si
3300 4747 3439 4798 enim
3473 4747 3537 4796 de
3571 4745 3682 4795 loco
3738 4743 3786 4794 in
3841 4742 4019 4794 luenni

2469 4823 2756 4878 invenitur,
2790 4832 2838 4868 et
2873 4817 3105 4883 Spiritus
3141 4815 3376 4866 veritatis
3400 4813 3550 4877 juxta
3597 4823 3854 4883 naturain
3899 4828 4022 4883 cur-

2470 4905 2680 4956 porcam
2728 4898 2876 4938 certo
2916 4880 3098 4956 _sp:ttto
3156 4884 3613 4956 εξιειιιιιδιηιριιιε,
3657 4900 3674 4930 ι
3705 4891 3808 4956 etc.
3842 4880 3895 4931 Ιιι
3933 4882 4022 4932 ill-1

2466 4949 2639 5010 autem
2681 4957 2889 5020 Iieginze
2913 4949 3073 5019 Priori
3119 4953 3396 5004 obliterata
3437 4951 3664 5002 lectione
3712 4949 3896 5020 isthzcc
3927 4966 4021 5013 ap.

2467 5029 2677 5094 ponitur
2703 5019 2909 5076 adlihri
2940 5038 3086 5071 orant
3117 5039 3130 5072 :
3161 5038 3189 5094 _t
3222 5022 3276 5072 Si
3311 5021 3451 5094 enim
3484 5021 3547 5071 de
3581 5019 3693 5070 loco
3736 5019 3784 5068 iu
3844 5020 4022 5068 locuti“.

2467 5089 2608 5146 'venit
2636 5095 2868 5160 Spll‘illls‘
2896 5089 3305 5153 veritatisjuxla
3355 5089 3520 5154 legent
3567 5097 3773 5160 natura:
3819 5102 4020 5151 corpo-

2465 5180 2582 5215 rens
2610 5158 2756 5214 certo
2779 5161 2948 5226 spatio
2978 5160 3435 5223 circumscriptus,
3461 5175 3477 5205 ι
3504 5165 3606 5206 etc.
3635 5158 4025 5226 ριιιιιιιιιειιιιιε

2470 5223 3133 5298 reposuimuslectionem,
3166 5227 3377 5278 codices
3407 5226 3516 5276 suis
3542 5238 3754 5291 quoque
3782 5223 4023 5275 dissidus

2481 5303 2707 5352 nubant.

2545 5323 2554 5348 ι
2595 5319 2607 5351 ἑ
2694 5337 2707 5350 ο

2463 5319 2855 5434 νιὶὲδςηνειὶε.
2918 5375 2972 5418 ct
3026 5362 3267 5425 Tholos.,
3333 5379 3350 5411 ι
3388 5362 3651 5413 excellens
3708 5362 4018 5412 universam

2463 5431 2855 5493 ratiutiabilittut
2885 5444 3244 5486 Ct'ealttraruttt
3280 5445 3585 5484 essentiam.
3620 5448 3636 5476 ι

2533 5510 2641 5573 (60)
2683 5506 2881 5558 Viliuse
2937 5515 3069 5564 erat,
3123 5520 3140 5551 ι
3171 5515 3288 5567 quae
3339 5501 3567 5550 diximus
3618 5497 3666 5547 in
3724 5496 4024 5563 corpora‘i-

2461 5576 2582 5632 hns,
2623 5594 2639 5622 ι
2680 5588 2782 5626 etc.

2541 5631 2650 5711 (iii)
2682 5645 2893 5710 lit-ginta
2921 5640 3038 5711 iib.,
3077 5657 3093 5689 ι
3126 5638 3430 5711 sola:__fu_lei;
3464 5656 3479 5685 ι
3517 5645 3565 5687 e1
3587 5650 3755 5711 usm‘ht
3791 5648 3817 5683 τι
3869 5631 4025 5682 Patre

2471 5703 2674 5779 t‘gi‘Oiil,
2710 5703 2940 5774 ιιῐιιιωι,
2971 5710 3218 5775 loquente
3251 5707 3474 5774 Spiritu,
3509 5721 3601 5774 qur
3636 5725 3660 5751 ιι
3695 5703 3849 5753 ι’»ιιε
3879 5715 4026 5767 ρεγυ-

2473 5787 2630 5833 ditur.
2667 5800 2683 5830 ο
