4212 6446
174 340 268 401 ἶῖ3

854 335 1339 396 TRANSLATIO
1377 337 1594 407 LIBRI
1634 340 1906 401 DlDYMl
1960 340 2055 399 DE
2091 342 2402 403 SPlRlTU
2440 346 2737 406 SANCTO

3268 355 3402 419 ,l3-’t

182 478 421 528 veritatis
451 491 481 527 a
524 476 689 529 Patre
721 477 923 545 egredi,
965 476 1211 543 loquente
1262 476 1460 541 Spiritu
1493 474 1580 541 qui
1614 490 1640 525 a
1674 488 1757 525 me
1787 479 1830 532 Α
1863 473 2151 525 secundum
2202 471 2325 523 illud
2358 486 2369 521 :
2403 489 2418 519 t
2449 472 2580 523 Cum
2610 485 2785 521 autem
2820 472 3018 521 venerit
3062 471 3143 523 tlte
3181 469 3404 527 Parado-

176 568 453 630 egreditur
493 568 561 619 “.
623 566 757 620 Cum
810 568 953 619 enim
985 567 1161 619 dicere
1192 574 1367 634 posset
1399 565 1459 615 de
1486 563 1614 627 Deo,
1640 563 1753 614 sive

180 658 242 708 de
274 656 531 716 Domino,
571 656 685 709 sive
712 657 776 709 de
802 655 1196 722 Omnipotente,
1241 654 1371 706 nihil
1409 654 1598 705 hormn
1633 653 1752 705 lcti-

169 757 242 813 git
272 763 289 798 :
316 745 414 798 sed
452 748 548 809 ait,
579 747 647 799 de
683 747 860 808 Patre,
897 762 999 798 non
1045 745 1182 813 quod
1213 743 1369 797 Pater
1391 762 1417 795 ει
1453 744 1560 798 Deo
1580 744 1755 795 Omni-

170 846 395 903 potente
429 838 502 889 sit
530 836 673 891 alius
707 855 720 890 :
750 838 872 905 quia
892 837 993 888 hoc
1015 835 1185 889 scelus
1222 845 1303 889 est
1349 836 1507 889 etiam
1550 836 1753 901 cogita-

172 942 255 983 re:
292 929 385 978 sed
410 928 717 980 scrundnm
735 928 1108 995 preprielatem
1138 937 1191 979 et
1212 927 1533 981 intellectum
1551 924 1751 978 Paren-

174 1018 239 1065 tis
264 1016 377 1075 (6:!)
419 1018 611 1082 egredi
653 1018 721 1070 ab
754 1032 818 1070 eo
846 1016 1041 1070 dicitur
1064 1018 1292 1086 Spiritus
1315 1016 1572 1072 veritatis.
1606 1016 1754 1072 Licet

174 1109 314 1160 enim
344 1125 411 1161 ex
436 1110 550 1161 Deo
574 1112 883 1176 frequenter
899 1125 956 1163 se
979 1111 1117 1165 dicat
1138 1111 1314 1162 exisse
1344 1108 1608 1171 Salvator,
1638 1124 1752 1176 pro-

172 1202 458 1266 prietateni
500 1208 709 1260 tamen,
753 1208 808 1250 ct
840 1209 897 1252 ιιι
945 1200 1013 1249 ita
1061 1200 1255 1263 dicam,
1315 1197 1748 1263 familiaritatem,

1861 572 1960 623 tus,
1996 579 2153 630 quem
2196 560 2401 612 mittant
2448 561 2594 612 vobis
2632 575 2660 611 ει
2719 560 2893 623 Patre,
2923 560 3176 628 Spiritum
3224 566 3413 614 verita-

1860 652 1921 703 tis
1954 652 2042 703 π’.
2088 653 2299 717 tQucm
2350 651 2507 702 alittm
2561 650 2883 715 paracletum
2937 652 3248 713 nominavit,
3307 672 3411 707 non

1849 742 1997 809 juxta
2033 741 2633 801 natur-1edillerentiam,
2675 741 2767 793 sed
2814 745 3137 808 Operatinnis
3183 745 3410 797 diversi-

1856 842 2036 885 tatem.
2079 834 2206 885 (lmu
2285 835 2423 886 enim
2464 834 2709 886 Salvator
2765 832 3071 888 mediatoris
3124 847 3176 888 ct
3253 838 3407 902 legati

1853 940 2130 993 personam
2180 924 2389 985 ltabeat,
2431 934 2481 978 et
2521 941 2623 992 qua
2658 924 2766 993 (64)
2810 924 3044 992 pontifex
3095 926 3409 992 deprecetur

1854 1026 1946 1080 pro
1976 1013 2207 1078 peccatis
2244 1014 2456 1073 nostris,
2505 1013 2716 1064 salvans
2748 1013 2798 1064 iii
2857 1015 3241 1081 sempiternmn
3294 1032 3407 1079 eos,

1852 1102 1938 1169 qui
1980 1116 2071 1169 per
2118 1103 2285 1169 ipsum
2327 1114 2669 1156 accesserunt
2714 1105 2777 1156 ad
2810 1104 2995 1168 Deum,
3038 1107 3160 1173 quia
3200 1122 3408 1171 semper

1852 1194 2035 1245 vivens
2073 1194 2371 1261 interpellat
2399 1210 2494 1259 pro
2520 1195 2597 1247 eis
2631 1194 2750 1263 [ηις.
2790 1196 2963 1266 nobis]
2996 1196 3241 1263 Patrem;
3289 1198 3409 1266 Spi-

171 1293 235 1341 αθ
254 1304 359 1357 qua
384 1290 503 1355 jam
534 1304 682 1357 sarpe
709 1290 1066 1351 tractavimus,
1090 1306 1153 1342 ex
1178 1289 1437 1342 vocabulo
1458 1291 1623 1358 magis
1651 1293 1748 1344 sibi
1771 1322 1799 1336 ν
1858 1285 1989 1336 νὶιιιδ
2021 1298 2236 1337 SitllCllls
2269 1284 2559 1336 secundum
2603 1285 2759 1337 aliam
2797 1286 3201 1352 significantium
3253 1304 3407 1356 pura-

171 1379 342 1432 Patris
369 1380 633 1445 assumit,
661 1380 845 1434 dicens
878 1398 891 1433 :
930 1396 947 1428 ι
986 1379 1093 1447 Ego
1132 1381 1182 1431 in
1212 1379 1391 1439 Patre.
1423 1392 1474 1434 et
1502 1380 1658 1433 Pater
1698 1382 1747 1432 in

170 1486 253 1522 me
284 1472 330 1501 ”
368 1487 384 1535 ;
429 1491 449 1523 ι
478 1481 534 1523 et
568 1471 699 1524 alibi
732 1488 747 1525 :
793 1490 812 1521 r
842 1470 951 1539 Ego
972 1486 1019 1524 et
1044 1471 1197 1524 Pater
1221 1488 1379 1523 unum
1408 1473 1690 1526 simius“:
1724 1493 1741 1526 ι

168 1574 219 1613 et
246 1564 413 1614 multa
448 1562 554 1611 alia
587 1563 671 1613 his
702 1562 918 1624 similia,
941 1577 1056 1630 qum.
1077 1565 1125 1612 in
1158 1564 1440 1630 Evangelio
1458 1563 1747 1616 observans

171 1652 331 1705 lector
370 1654 640 1704 inveniet.
687 1652 789 1702 Iste
830 1666 952 1717 ergo
1002 1653 1233 1717 Spiritus
1278 1660 1494 1704 sanctus
1547 1654 1635 1721 qui
1680 1654 1745 1705 de

169 1740 323 1793 Patre
376 1745 699 1804 egreditur,
757 1741 1161 1800 testiﬁcabitnr,
1226 1742 1392 1809 inquit
1471 1743 1741 1807 Dominus,

1849 1374 2034 1433 eletns.
2089 1376 2151 1426 ab
2190 1390 2253 1427 eo
2283 1376 2422 1442 quod
2462 1374 2767 1427 consolatur
2808 1376 2859 1427 iit
2908 1376 3115 1427 tristitia
3181 1379 3404 1444 positos,

1852 1472 2182 1528 tttttzcupallls
2231 1472 2329 1513 cst.
2396 1462 2587 1515 Verum
2631 1462 2733 1515 noli
2787 1479 2849 1518 ex
2898 1464 3015 1517 Filii
3063 1476 3115 1517 et
3176 1468 3405 1533 Spiritus

1848 1555 2016 1603 Sancti
2049 1556 2354 1621 operatione
2380 1556 2612 1619 diversa,
2651 1556 2824 1609 varias
2858 1557 3129 1610 aestimare
3165 1568 3400 1611 naturas.

1851 1645 2121 1710 Siquidem
2157 1646 2207 1696 in
2243 1646 2343 1698 alio
2374 1646 2488 1699 loco
2524 1649 2786 1713 reperitur
2810 1649 3108 1716 paracletus
3149 1648 3403 1719 Spiritus,

1848 1734 2005 1802 legati
2038 1736 2100 1787 ad
2133 1735 2340 1787 Patrem
2371 1753 2596 1804 persona
2624 1738 2789 1806 fungi,
2819 1749 2872 1789 ut
2908 1740 2957 1791 iit
2999 1741 3082 1791 illo
3128 1760 3151 1793 :.
3196 1760 3213 1791 ι
3265 1742 3401 1805 Quid

168 1836 229 1881 de
296 1847 381 1880 tne
440 1830 510 1890 ’⁷,
588 1831 951 1882 testimonium
1019 1830 1191 1882 simile
1238 1830 1410 1884 ferens
1469 1832 1515 1885 ei
1570 1832 1742 1885 Patris
1776 1807 1814 1860 Β
1844 1827 1983 1877 enim
2012 1827 2403 1896 oremusjuxta
2435 1829 2485 1881 id
2522 1831 2660 1897 quod
2706 1843 2932 1899 Oportet,
2974 1835 3262 1898 nescimus,
3310 1837 3401 1888 sed

170 1921 500 1981 testimonio,
544 1922 611 1972 de
637 1937 745 1986 quo
776 1922 887 1972 ait:
930 1937 947 1970 ι
985 1917 1365 1974 Testimonium
1397 1922 1524 1975 dicit
1547 1925 1610 1976 de
1636 1937 1738 1985 me,

167 2012 250 2076 qui
289 2012 439 2062 misit
476 2028 566 2062 me
600 2010 757 2061 Pater
796 2011 860 2063 ³⁸.
905 2029 922 2061 ι
959 2010 1193 2065 Mittente
1241 2023 1417 2065 autem
1454 2012 1587 2066 Filio
1622 2012 1742 2082 Spi-

170 2106 323 2150 ritum
352 2102 634 2160 \L'rilztlis,
665 2114 821 2165 quem
870 2100 1269 2151 Consolatorem
1310 2101 1532 2163 vocavit,
1585 2100 1741 2153 simul

168 2192 321 2242 mittit
366 2201 427 2242 t‘l
475 2188 662 2242 Pater.
703 2190 882 2256 Neque
925 2191 1065 2242 enim
1122 2187 1278 2242 Pater
1327 2192 1567 2243 mittente
1608 2191 1741 2246 Filio

168 2299 264 2333 non
296 2282 489 2343 mittil,
520 2296 645 2332 cum
683 2282 870 2333 eadem
900 2280 1172 2332 voluntate
1201 2279 1373 2334 Patris
1398 2291 1450 2333 et
1478 2280 1595 2334 Filii
1622 2282 1739 2348 Spi-

169 2375 295 2425 ritus
331 2374 544 2436 veniat,
585 2373 867 2425 Salvainre
907 2384 1117 2438 quoque
1177 2386 1270 2438 per
1315 2372 1625 2439 prophetam
1666 2371 1742 2425 lo-

166 2474 358 2531 quente
394 2485 405 2516 :
442 2464 593 2515 sicut
620 2463 959 2514 manifestum
985 2476 1100 2514 esse
1130 2462 1322 2529 poterit
1349 2462 1421 2524 ei,
1452 2463 1539 2530 qui
1574 2470 1738 2515 totum

167 2555 454 2620 pet-legerit
499 2553 680 2605 locum
718 2551 848 2618 (63).
887 2569 905 2600 ι
958 2549 1023 2602 Ει
1071 2551 1319 2604 Dominus
1360 2551 1503 2603 misit
1551 2566 1653 2614 me,
1690 2561 1741 2605 et

168 2648 427 2711 Spiritum
472 2660 686 2697 suum:
729 2663 746 2695 ι
811 2644 1073 2712 siquidem
1126 2656 1231 2696 non
1294 2642 1464 2695 solum
1523 2643 1738 2707 Filium,

167 2739 253 2790 sed
272 2748 323 2790 el
358 2737 639 2803 Spiritum
667 2735 826 2786 tniltit
864 2734 1021 2786 Deus.
1073 2732 1180 2786 Sed
1202 2743 1255 2787 et
1277 2734 1543 2799 apostolus
1573 2734 1741 2803 loqui-

168 2838 248 2879 tur
280 2845 293 2879 :
339 2846 357 2877 ι
397 2828 537 2891 Quze
570 2839 711 2877 nunc
741 2824 1049 2875 anuuntiata
1082 2833 1206 2876 sunt
1240 2825 1387 2877 vobis
1409 2838 1503 2891 per
1528 2839 1618 2876 eos
1650 2823 1738 2892 qui

166 2916 679 2984 evangelizaveruut
705 2916 873 2975 vobis,
906 2915 1105 2980 Spiritu
1135 2924 1324 2967 sancto
1354 2917 1517 2966 tnisso
1544 2916 1607 2966 de
1631 2926 1740 2965 caa-

169 3005 228 3057 lis
255 3006 320 3057 ".
362 3023 383 3054 ›
430 3003 500 3055 Ει
525 3004 581 3055 in
619 3003 753 3054 libro
777 3003 866 3069 qui
902 3000 1166 3069 Sapientia
1201 3002 1530 3065 inscribitur,
1569 3002 1740 3055 abhis

167 3091 250 3157 qui
277 3088 469 3142 divina
510 3087 843 3139 charismata
895 3086 1161 3139 consecuti
1208 3096 1349 3149 sunt,
1390 3102 1485 3137 vox
1540 3088 1737 3153 gratias

171 3180 270 3232 Dea
312 3179 607 3247 perferens
661 3178 977 3230 destinatur.
1012 3194 1030 3226 ι
1084 3178 1212 3241 Quae
1260 3187 1437 3228 autem
1483 3177 1535 3228 in
1583 3177 1736 3230 cmlis

166 3280 302 3332 Strat,
356 3269 487 3337 quis
539 3267 916 3333 investigarit?
976 3267 1293 3320 volnutat-‘tu
1353 3281 1525 3318 autem
1594 3276 1732 3319 tuam

168 3360 282 3425 quis
310 3360 577 3425 cognovit
622 3375 636 3409 :
679 3358 779 3409 nisi
817 3357 955 3426 quod
992 3368 1041 3409 tu
1086 3356 1273 3409 dedisti
1315 3357 1647 3423 sapientiam,
1684 3366 1738 3409 et

169 3450 426 3514 Spiritum
457 3456 711 3501 sanctum
738 3457 880 3498 tuum
910 3446 1098 3497 misisti
1138 3446 1201 3497 de
1249 3444 1505 3497 excelsis?
1558 3444 1619 3495 Et
1660 3445 1735 3497 sic

164 3548 423 3592 correctze
449 3549 582 3588 sunt
605 3537 809 3589 semita:
831 3552 1035 3597 eorum,
1053 3535 1140 3602 qui
1166 3544 1529 3602 superterram
1549 3545 1733 3587 erant:

168 3639 221 3679 et
254 3628 446 3694 placita
476 3628 573 3679 tibi
600 3627 774 3678 edocti
818 3635 939 3679 sunt
976 3627 1220 3680 homines
1264 3625 1327 3676 ³⁸.
1361 3643 1379 3674 ι
1406 3624 1467 3676 Et
1496 3626 1571 3676 «in
1605 3638 1737 3689 pra:-

166 3719 303 3769 senti
339 3718 612 3783 siquidem
652 3716 899 3777 lectione,
930 3731 1033 3767 non
1075 3716 1183 3768 sola
1231 3713 1489 3781 sapientia
1524 3713 1637 3776 Dei,
1686 3713 1735 3765 id

168 3819 270 3869 ρει,
289 3807 607 3875 unigenitus
634 3805 799 3858 Filius
818 3804 933 3874 ejus
964 3805 1121 3860 datur
1147 3819 1178 3858 a
1206 3804 1384 3869 Patre,
1418 3805 1510 3859 sed
1539 3813 1592 3858 et
1615 3804 1735 3873 Spi—

168 3899 306 3951 ritus
338 3908 564 3949 sanctus
592 3898 839 3949 mittitur.

248 3981 410 4050 135
427 3981 523 4033 ‘27.
547 3982 603 4035 In
625 3984 743 4049 ipso
762 3998 979 4051 quoque
999 3983 1284 4053 Evangelia
1308 3984 1420 4038 dari
1438 3987 1761 4054 praedicatur

172 4086 201 4123 a
226 4068 414 4133 Patre,
434 4083 491 4125 et
515 4071 658 4124 mitti
684 4070 920 4140 Spiritus
933 4083 1172 4134 sanctus,
1192 4072 1474 4127 Salvatore
1499 4077 1712 4128 dicente
1742 4095 1754 4129 :

176 4180 194 4209 ι
235 4163 298 4213 Et
321 4177 421 4229 ego
455 4164 656 4227 rogabo
682 4159 891 4211 Patrem
925 4174 1120 4225 meum,
1152 4159 1379 4212 etalium
1404 4159 1733 4212 Paracletum

170 4251 318 4301 dabit
348 4242 525 4310 vobis,
557 4257 614 4297 ut
660 4248 728 4299 sit
769 4248 1041 4299 vobiscum
1078 4249 1128 4299 in
1154 4256 1430 4311 internum,
1480 4248 1733 4312 Spiritum

172 4338 420 4390 veritatis
455 4336 532 4399 ³¹;
585 4354 601 4385 ι
642 4347 695 4387 et
727 4337 918 4388 iterum
962 4354 975 4389 :
1014 4353 1031 4387 t
1076 4335 1380 4388 Paracletns
1416 4344 1591 4387 autem
1622 4334 1736 4402 Spi-

1844 1917 1952 1982 ipse
1982 1918 2212 1984 Spiritus
2246 1920 2547 1986 interpellat
2576 1937 2670 1987 pro
2706 1924 2855 1976 nobis
2879 1926 3162 1990 gemitibus
3195 1926 3401 1978 inenar-

1843 2006 2121 2059 rahilibus.
2155 2008 2252 2072 Qui
2280 2019 2456 2061 autem
2488 2020 2759 2063 scrutatur
2785 2015 2964 2075 corda,
2997 2015 3097 2067 scit
3145 2017 3272 2082 quid
3310 2018 3402 2069 de-

1840 2094 2036 2147 sideret
2087 2097 2337 2164 Spiritus.
2391 2100 2652 2164 quomodo
2718 2100 2815 2170 [αι.
2896 2103 3039 2175 cum]
3105 2107 3397 2159 secundum

1843 2183 2007 2238 Deum
2039 2187 2268 2250 postulat
2301 2203 2395 2254 pro
2418 2191 2616 2244 sanctis
2651 2190 2715 2244 ³³.
2754 2210 2770 2243 ι

1910 2274 1997 2328 28.
2036 2275 2280 2329 Salvator
2311 2292 2521 2345 quoque
2554 2280 2971 2336 consolationem
3000 2298 3028 2337 a
3061 2302 3163 2353 qua
3211 2287 3386 2354 Spiri-

1844 2369 1924 2414 tus
1952 2372 2169 2416 sanctus
2199 2364 2498 2431 paraeletus
2529 2379 2864 2434 nuncupatus
2896 2382 3000 2437 est,
3030 2387 3285 2443 operatur
3340 2381 3392 2435 ίη

1842 2451 2089 2504 cordibus
2114 2466 2295 2503 eorum
2317 2452 2404 2520 qui
2430 2466 2490 2505 ea
2513 2453 2769 2522 indigent.
2800 2458 3066 2525 Scriptum
3099 2476 3181 2517 est
3205 2465 3345 2518 enini
3376 2486 3392 2523 :

1846 2558 1863 2591 ι
1894 2541 1953 2593 Et
1983 2542 2207 2595 humiles
2238 2544 2411 2611 populi
2447 2545 2751 2599 consolatus
2777 2560 2857 2601 est
2883 2550 2945 2603 “.
2986 2570 3003 2602 ι
3045 2552 3189 2607 Unde
3217 2568 3268 2609 et
3309 2560 3392 2612 his

1841 2632 1927 2698 qui
1954 2632 2053 2684 hoc
2086 2633 2396 2686 beneﬁcium
2442 2635 2613 2687 fuerat
2652 2648 2989 2701 consecutus,
3039 2658 3155 2696 eum
3205 2650 3395 2713 prtedi‘

1842 2736 1993 2782 cans,
2022 2720 2342 2789 loquebatur
2375 2742 2386 2777 :
2433 2744 2450 2775 ι
2487 2726 2724 2793 Domine,
2761 2733 3048 2783 secundum
3106 2737 3395 2791 multitudi-

1842 2826 1959 2863 nem
1997 2812 2233 2865 dolorunt
2270 2830 2504 2868 meorum
2543 2816 2591 2869 in
2621 2821 2780 2870 corde
2813 2837 2947 2883 meo,
3003 2827 3394 2884 consolationes

1845 2912 1944 2953 tua:
1973 2901 2366 2954 lmtiﬁcavernnl
2395 2920 2487 2956 cor
2512 2922 2684 2958 meum
2716 2908 2789 2971 ";
2827 2927 2845 2959 ι
2872 2912 3000 2972 sive,
3042 2931 3059 2962 ι
3096 2915 3395 2971 dilexerunt

1841 2991 2072 3042 animant
2108 3008 2276 3044 meatu
2307 2993 2415 3061 (65)
2452 3012 2462 3045 :
2508 3012 2523 3044 ι
2562 3010 2787 3064 utroque
2820 3001 2959 3051 enim
2996 3004 3251 3070 scriptum
3275 3022 3395 3061 esse

1841 3081 1997 3134 modo
2056 3081 2106 3133 in
2145 3083 2366 3136 tlchl'SiS
2420 3087 2806 3152 exemplaribus
2839 3090 3128 3144 invenitur.
3176 3095 3278 3148 Sed
3340 3108 3394 3151 et

1838 3170 2012 3233 Pater,
2062 3174 2197 3226 Deus
2261 3175 2431 3227 omnis
2486 3178 2860 3232 consolationis
2914 3181 3105 3235 dicitur
3139 3185 3181 3214 ³⁸
3219 3203 3229 3238 :
3268 3202 3395 3240 eo“-

1816 3257 2000 3310 solans
2022 3271 2113 3309 eos
2136 3258 2223 3324 qui
2246 3256 2298 3310 iii
2324 3260 2672 3313 tribulatione
2700 3271 2850 3324 sunt,
2877 3273 2931 3315 ιιι
2952 3278 3018 3317 ex
3040 3264 3170 3331 ipsis
3193 3280 3395 3335 angus-

1815 3348 1909 3404 tiis
1953 3349 2110 3420 136
2140 3366 2234 3419 per
2268 3352 2582 3420 patientiam
2621 3353 2850 3408 salutem
2896 3357 3151 3422 primum.
3193 3361 3391 3415 dehinc

1838 3456 2083 3494 coronam
2114 3442 2293 3508 gloria:
2346 3454 2755 3511 consequantur.
2820 3443 3050 3511 Spiritus
3079 3449 3237 3515 igitur
3259 3465 3393 3505 con-

1837 3533 2031 3585 solator
2085 3541 2139 3585 et
2223 3544 2483 3597 sanctus,
2552 3545 2597 3587 et
2660 3536 2889 3603 Spiritus
2950 3540 3190 3593 veritatis
3240 3542 3394 3596 datur

1837 3638 1862 3673 a
1898 3623 2073 3688 Patre,
2100 3631 2151 3674 ut
2179 3638 2389 3691 semper
2418 3639 2534 3676 cum
2565 3624 2760 3679 Christi
2795 3627 3069 3694 discipulis
3096 3646 3389 3685 commore-

1840 3721 1941 3777 tur,
1965 3728 2081 3765 cmn
2106 3715 2296 3780 quibus
2320 3724 2372 3767 et
2401 3715 2512 3782 ipse
2543 3714 2787 3769 Salvator
2813 3726 2912 3780 est,
2938 3720 3116 3771 dicens
3145 3739 3156 3773 :
3195 3740 3212 3771 ι
3254 3721 3390 3777 Ecce

1815 3804 1975 3855 enim
2010 3804 2281 3856 vobiscum
2308 3818 2421 3856 sum
2448 3821 2613 3871 usque
2644 3807 2707 3857 ad
2743 3811 3252 3863 consummationeni
3287 3828 3387 3865 sre-

1836 3893 1935 3946 culi
1964 3893 2027 3944 ³⁷.
2068 3912 2086 3944 ι
2122 3893 2250 3946 Cum
2296 3904 2468 3947 autem
2517 3909 2726 3961 semper
2755 3898 3006 3961 apostolis
3054 3910 3105 3950 et
3160 3901 3388 3968 Spiritus

1834 3993 2050 4037 sanctus
2084 3985 2220 4036 t'dall
2250 3983 2345 4053 [αι.
2380 3983 2616 4055 assistat]
2646 3996 2697 4038 et
2726 3986 2911 4049 Filius,
2950 3992 3209 4055 Sequitur,
3258 4007 3309 4042 ιιι
3338 4008 3387 4046 et

1834 4070 1991 4123 Pater
2018 4088 2135 4124 cum
2166 4072 2294 4139 ipsis
2331 4074 2422 4134 sit,
2448 4075 2571 4140 quia
2603 4077 2688 4142 qui
2721 4080 2902 4143 recipit
2942 4078 3150 4140 Filium,
3205 4086 3388 4147 recipit

1834 4170 1886 4214 et
1916 4160 2123 4213 Patrem
2160 4178 2172 4212 :
2209 4168 2260 4212 et
2305 4163 2629 4214 mansiOncm
2681 4162 2847 4215 Filius
2890 4181 3009 4219 cum
3062 4168 3219 4223 l’atie
3262 4174 3388 4226 facit

1834 4250 1969 4316 apud
1999 4265 2109 4311 eos,
2147 4249 2231 4315 qui
2255 4248 2395 4316 digiti
2424 4250 2651 4303 adventu
2682 4252 2794 4318 ejus
2824 4259 3145 4309 exstiterint.
3185 4258 3285 4312 Sed
3333 4272 3382 4314 et

1836 4340 1919 4390 tibi
1958 4338 2185 4406 Spiritus
2226 4348 2439 4391 sanctus
2471 4338 2648 4405 fuerit,
2698 4345 2878 4395 statim
2917 4345 3179 4400 invenitur
3208 4361 3260 4401 et
3296 4349 3385 4402 Fi-

172 4429 306 4478 ritus
334 4436 583 4487 sanctus,
614 4442 770 4493 quem
810 4428 979 4479 mittet
1012 4426 1171 4478 Pater
1229 4426 1279 4477 in
1321 4427 1532 4477 nomine
1578 4441 1730 4489 meo,
1768 4463 1806 4515 ο
1837 4430 1954 4479 lius.
2002 4426 2272 4495 Siquidem
2309 4442 2425 4479 cum
2477 4428 2527 4479 in
2582 4432 2851 4496 prophetis
2901 4433 3130 4500 Spiritus
3172 4450 3386 4491 sonitus

172 4517 259 4568 ille
286 4532 382 4568 vos
418 4516 633 4568 docebit
665 4516 841 4567 omnia
882 4516 945 4569 ³³.
979 4534 995 4566 ι
1028 4516 1155 4568 Nam
1184 4524 1235 4568 et
1270 4517 1317 4567 in
1352 4517 1431 4568 his
1472 4517 1728 4569 sermoni-

172 4608 294 4668 bus,
329 4608 496 4656 alium
534 4606 859 4671 paracletum
903 4606 1027 4656 dare
1066 4606 1259 4656 dicitur
1292 4604 1469 4663 Pater,
1507 4618 1607 4654 u0n
1645 4619 1732 4653 att-

172 4706 277 4748 tem
320 4698 489 4747 alium
520 4696 588 4746 ab
624 4693 767 4763 [ηιδε.
796 4693 1015 4763 absque]
1043 4708 1125 4755 eo,
1160 4696 1247 4761 qui
1274 4708 1300 4743 a
1334 4692 1464 4745 Filio
1489 4693 1735 4757 mittitur,

795 4820 839 4849 ’⁸
879 4822 1031 4871 Joan.
1091 4834 1198 4878 xiv,
1254 4820 1339 4871 lO.

798 4888 880 4939 17.
958 4887 998 4917 ³⁸
1040 4886 1190 4938 Joan.
1249 4902 1352 4949 XIV,
1414 4886 1495 4939 16.

876 4956 919 4985 ⁸⁸
957 4955 1095 5008 Psal.
1118 4970 1262 5015 xcut.
1289 4955 1374 5009 t9.

242 5074 355 5131 (62)
398 5070 542 5121 Idem
571 5084 692 5137 cum
720 5068 886 5121 veteri
912 5069 1062 5128 edit,
1107 5086 1124 5116 ι
1159 5071 1531 5137 proprietatem
1560 5068 1732 5121 Patris

172 5153 224 5193 ct
254 5145 583 5191 tun-tlectum
622 5136 883 5195 Parentis,
920 5155 936 5185 ι
978 5148 1083 5189 etc.

244 5210 350 5273 (ὺὸ)
386 5210 595 5263 Iisttiavc.
634 5224 650 5254 ι
680 5209 813 5257 sicut
860 5206 1195 5256 manifestum
1221 5218 1338 5265 esse
1354 5204 1727 5271 poteritei,qui

174 5292 338 5327 totum
385 5277 669 5341 pet-lcgeiit
723 5276 919 5331 iocum,
963 5291 981 5323 ι
1013 5276 1063 5325 in
1110 5274 1238 5341 lies.
1300 5288 1395 5325 ms.
1427 5275 1731 5326 desiderau-

175 5360 278 5393 tux.
312 5348 425 5395 Mox
461 5359 524 5393 ex
590 5342 754 5393 Valte.
794 5354 847 5395 et
880 5343 1041 5392 veleri
1072 5347 1195 5394 edit.
1235 5342 1453 5394 restituo
1506 5362 1523 5390 ς
1559 5344 1727 5409 Spiri-

174 5428 283 5463 tutn
308 5428 502 5471 suum;
538 5429 556 5459 ι
592 5412 741 5474 cujus
769 5411 883 5461 loco
924 5413 1191 5463 obtinebat
1246 5412 1296 5462 in
1350 5420 1494 5462 recto
1540 5421 1722 5463 contra

175 5496 409 5531 .-.uctnr.s
444 5493 676 5531 mentem
722 5499 736 5526 t
775 5479 1008 5545 Spiritus
1036 5480 1166 5532 eius.
1205 5497 1220 5527 ι

245 5554 353 5613 ,οη
391 5550 517 5598 Erat
543 5560 696 5597 antea
728 5565 744 5595 ι
771 5563 832 5597 ev
862 5561 985 5611 qua,
1013 5565 1029 5593 ι
1070 5547 1195 5614 lteg.
1226 5561 1347 5607 “15.,
1378 5562 1395 5594 ι
1418 5557 1467 5597 et
1496 5546 1667 5613 quasi.
1698 5566 1715 5597 ι

175 5617 370 5667 Tlmtos
403 5656 416 5670 .
477 5635 494 5665 ι
531 5619 580 5665 in
633 5631 753 5678 qua.
794 5636 809 5663 ι
870 5619 978 5664 ιιει.
1013 5617 1191 5679 ‘l‘.ptst.
1247 5615 1335 5671 (54,
1387 5618 1458 5666 ad
1491 5614 1719 5676 Fulviol.,

178 5707 321 5735 ιειιιιι.
368 5696 447 5737 t‘J.
488 5687 722 5736 butt-tirio
760 5696 947 5747 parite:
1020 5684 1513 5751 imetponiztioncm,
1570 5684 1717 5749 cujus

242 4824 287 4851 ⁸⁸
318 4819 476 4872 Joan.
516 4836 603 4879 xv,
630 4821 719 4871 26.

172 4906 209 4947 t.
245 4893 326 4941 12.
405 4890 451 4917 ³⁸
496 4889 625 4951 5ιιιι.
664 4904 734 4947 Ix,

175 4977 304 5015 nit.
340 4962 445 5010 ‘28:
486 4957 799 5019 )1Xttt,l9.

1415 4820 1458 4849 ³⁸
1498 4818 1654 4870 JOan.
1709 4834 1761 4880 ι,
1792 4818 1877 4871 '50.

1574 4888 1622 4917 ³³
1667 4891 1789 4939 ibid.
1825 4888 1910 4940 ‘26.

1449 4956 1492 4985 ⁸⁸
1534 4955 1568 5006 Il
1600 4955 1719 5007 Cor.
1745 4973 1780 5020 ι,

1836 4519 1924 4580 sit,
1966 4518 2163 4571 faciens
2221 4531 2313 4568 eos
2344 4518 2516 4569 futura
2557 4524 2866 4585 pnecinere,
2898 4532 2950 4573 et
2984 4524 3083 4574 alia
3121 4541 3236 4592 quzc
3274 4546 3387 4593 pin-

1837 4607 2058 4673 phetalis
2089 4608 2415 4672 operationis
2443 4621 2583 4668 sunt,
2623 4625 2798 4662 sermo
2830 4610 2917 4663 Dei
2950 4614 3012 4663 ad
3047 4631 3138 4666 eos
3189 4618 3385 4669 dicitur

1845 4693 2032 4753 factus,
2067 4708 2121 4746 ut
2143 4697 2206 4745 ad
2227 4695 2275 4746 id
2298 4697 2435 4762 quod
2458 4698 2520 4747 ad
2538 4699 2969 4751 consuetudinem
3003 4706 3381 4767 prophetarum

1954 4822 1994 4851 ’⁷
2033 4820 2183 4873 Joau.
2232 4839 2319 4881 xv,
2385 4826 2470 4876 '26.
2550 4828 2593 4855 ¹¹¹
2633 4826 2785 4881 Joan.
2818 4844 2911 4881 xtl.
2943 4831 3029 4882 49.
3105 4833 3147 4860 ”
3191 4835 3202 4882 l
3242 4836 3379 4887 l'etr.

1987 4893 2052 4927 ⁸¹⁹
2094 4888 2244 4941 Joan.
2284 4906 2365 4950 xv,
2415 4892 2499 4943 :26.
2580 4892 2622 4923 ³³
2664 4896 2814 4948 Ιὶυηι.
2871 4914 2981 4958 \I.t,
3042 4902 3107 4951 illi
3208 4903 3251 4931 ³⁸
3294 4906 3377 4955 l'~.

1829 4962 1914 5009 Eii.
1994 4959 2033 4985 ³⁷
2055 4958 2237 5009 Matth.
2276 4975 2463 5021 xxviii,
2495 4963 2584 5014 ‘20.

1832 5071 1959 5120 vitin
1993 5070 2167 5122 nullus
2199 5080 2311 5123 erat
2337 5072 2552 5140 hujusce
2590 5075 2787 5140 periodi
2823 5092 3020 5129 sensus.

1900 5140 2009 5203 t65l
2041 5140 2279 5200 'l'hnlos.,
2319 5160 2334 5191 t
2376 5145 2424 5193 iu
2461 5145 2618 5195 corde
2650 5160 2786 5202 meo.
2830 5146 3225 5200 exhortationes
3280 5161 3381 5202 tua:

1826 5205 2223 5259 delectaverunt
2252 5211 2483 5261 ﬂflllndlli
2516 5226 2705 5263 meam.
2744 5214 2803 5263 lit
2845 5216 3019 5275 aliter,
3050 5223 3376 5268 Ctittsulaltu—

1828 5291 1918 5326 ncs
1961 5285 2081 5336 tuae,
2126 5294 2145 5325 ›
2197 5288 2300 5329 etc.
2348 5280 2616 5330 Glossema
2662 5296 2722 5333 ex
2780 5284 3084 5335 criticoruin
3137 5287 3374 5341 audacia.

1826 5342 2102 5415 Lectionis
2131 5360 2283 5411 quan
2318 5346 2565 5414 Didymus
2597 5358 2749 5415 urget
2794 5352 3075 5403 tlivet‘sttns
3123 5354 3169 5403 in
3209 5362 3377 5405 verbis

1831 5422 1928 5471 est,
1960 5429 1976 5459 ι
2007 5414 2424 5473 lmtitieavernnt,
2461 5434 2476 5464 ι
2511 5424 2564 5467 et
2614 5435 2629 5465 ι
2664 5418 2977 5470 dilexerunt.
3010 5439 3024 5468 ι
3081 5422 3151 5472 lle
3199 5434 3374 5473 autem

1831 5494 1952 5532 vera
1990 5481 2155 5556 (ὶιοειςςι
2186 5482 2385 5556 aliquot
2417 5484 2532 5535 libri
2559 5486 2762 5556 habent
2788 5490 3097 5556 ἠγάπησαν,
3138 5509 3152 5535 ι
3178 5492 3376 5539 ddi-tt»

1831 5560 1971 5626 runt,
2000 5568 2017 5599 ι
2056 5552 2141 5603 alii
2180 5550 2468 5620 εὔφρανα-ν,
2508 5571 2524 5604 t
2557 5550 2972 5621 ltetiticavcrunt,
3011 5576 3026 5605 ι
3090 5568 3143 5609 ιιι
3180 5559 3228 5609 ιιι
3266 5557 3374 5611 La-

1833 5627 1973 5669 titus.
