4212 6448
824 437 925 501 135

1931 428 1989 487 S.
2018 419 2327 486 EUSEDH
2370 406 2803 475 iliEltt_lI\‘Y.\il

3892 386 4000 450 136

809 569 889 616 est
918 554 1048 625 (Gﬁi,
1082 572 1097 604 ι
1127 550 1249 605 Hinc
1278 543 1692 607 dicitDominus,
1726 542 1926 593 setiam
1957 540 2078 593 illud
2107 538 2350 597 addatur,
2386 541 2427 594 Α
2456 534 2596 587 Patri
2635 531 2804 583 aufert
2838 524 3273 582 dominationem,
3320 532 3487 587 neq-ie
3538 514 3668 625 Fnilio
3702 512 3951 625 deitatem
3984 527 4003 566 :

818 668 838 702 ι
870 648 1058 703 Sermo
1101 643 1187 711 qui
1231 642 1401 692 factus
1442 645 1523 690 est
1565 635 1630 689 ad
1674 633 1885 694 lsaiam,
1933 648 1950 681 ι
1993 630 2103 683 sive
2132 630 2194 680 ad
2230 627 2354 679 reli-

816 753 968 809 quos.

885 827 973 881 29.
1000 822 1146 890 Quod
1191 826 1366 872 autem
1409 813 1676 883 propheta:
1710 810 1961 875 Spiritum
1986 814 2229 859 sanctum
2263 804 2356 854 ha-

816 918 1049 975 buerint,
1088 914 1192 964 Deo
1232 907 1511 962 manifeste
1565 905 1812 969 loquente
1858 896 2245 965 cognoscimus.
2272 895 2360 944 Ait

817 1009 958 1063 enim
989 1024 1002 1059 :
1040 1021 1059 1054 ι
1091 1004 1428 1067 Quaecunque
1461 992 1702 1045 mandavi
1752 990 1801 1040 in
1831 988 2029 1055 Spiritu
2056 1000 2171 1038 meo
2196 984 2361 1037 servis

818 1100 952 1155 meis
983 1092 1256 1166 prephetis
1278 1089 1342 1140 ³⁸.
1385 1104 1403 1137 ι
1438 1085 1501 1138 Et
1528 1072 1843 1137 Salvatorin
1877 1079 2159 1148 Evangelio
2195 1077 2361 1146 εἰςιιὶ-

821 1192 944 1245 ticat
970 1189 1137 1257 justos
1161 1184 1320 1246 viros,
1349 1187 1401 1231 et
1450 1192 1542 1231 eos
1581 1175 1667 1243 qui
1725 1184 1847 1226 ante
1888 1172 2167 1224 adventum
2210 1184 2362 1220 suum

821 1281 1014 1350 populo
1040 1286 1257 1330 ventura
1291 1271 1592 1324 t-ecinerant
1628 1264 1779 1338 [ναι.
1813 1258 2204 1331 przecinerant].
2248 1259 2367 1325 Spi-

823 1373 959 1427 ritus
1014 1365 1182 1423 sancti
1254 1362 1578 1429 aspiratione
1648 1356 1957 1422 completos.
2032 1353 2367 1417 Interrogans

822 1461 1016 1529 quippe
1046 1455 1339 1509 Pharismos
1367 1451 1489 1518 quid
1520 1448 1597 1501 eis
1631 1447 1695 1499 de
1727 1447 1939 1497 Ciiristo
1972 1445 2263 1500 videretur,
2316 1450 2368 1490 et

824 1552 1048 1603 audiens
1082 1545 1204 1614 quia
1236 1551 1377 1596 esset
1405 1540 1541 1591 filius
1565 1535 1871 1603 David(ti7),
1902 1534 2158 1599 loquitur:
2188 1549 2205 1580 ι
2231 1532 2371 1596 Quo-

826 1641 981 1695 modo
1016 1636 1176 1690 David
1222 1634 1270 1685 iu
1326 1630 1528 1698 Spiritu
1574 1636 1726 1679 vocat
1765 1640 1883 1676 eum
1929 1622 2202 1675 Dominum
2239 1638 2255 1670 ι
2292 1619 2371 1670 di-

824 1743 951 1785 cens
978 1744 992 1780 :
1032 1745 1049 1775 ι
1086 1720 1494 1776 Dixitl)ominus
1524 1715 1741 1769 Domino
1774 1729 1921 1766 tneo:
1959 1712 2093 1763 Sede
2121 1727 2148 1761 ιι
2172 1709 2372 1761 dextris

827 1816 994 1871 meis?
1029 1813 1083 1867 Si
1121 1826 1246 1879 ergo
1278 1810 1439 1862 David
1469 1815 1624 1859 vocat
1668 1818 1787 1857 eum
1833 1802 1884 1853 in
1937 1799 2137 1867 Spiritu
2188 1810 2371 1850 sancto

830 1907 1128 1963 hominum,
1161 1897 1419 1968 quomodo
1449 1894 1615 1946 Filius
1650 1890 1766 1958 ejus
1814 1888 1976 1941 est".
2010 1906 2026 1936 ι
2080 1886 2140 1937 Et
2188 1884 2374 1938 Petrus

833 1997 898 2050 ad
932 2000 1204 2048 consonos
1246 1987 1361 2040 lidci
1390 1985 1648 2052 loquitur:
1675 1999 1692 2030 ι
1713 1979 1998 2045 Oportebat
2018 1977 2219 2043 impleri
2242 1976 2378 2029 Scri-

838 2097 1075 2155 pturam,
1094 2096 1251 2149 quam
1274 2076 1518 2153 praedixit
1538 2072 1766 2140 Spiritus
1790 2080 2000 2124 sanctus
2013 2082 2105 2134 per
2125 2081 2183 2119 os
2217 2066 2375 2118 David

829 2179 894 2229 de
923 2174 1077 2237 Juda,
1096 2183 1199 2224 etc.
1219 2169 1285 2233 ‘°;
1314 2185 1331 2218 ι
1366 2168 1493 2219 etin
1517 2163 1699 2216 eodem
1725 2174 1907 2213 rursus
1934 2157 2100 2211 libro:
2131 2173 2149 2207 ι
2168 2156 2263 2219 Qui
2288 2170 2378 2221 pt'r

832 2264 1154 2333 Spiritum,»
1207 2255 1395 2323 inquit,
1435 2270 1451 2302 ι
1483 2260 1726 2304 sanctum
1783 2261 1873 2299 ore
1909 2244 2066 2297 David
2112 2243 2257 2312 pueri
2305 2242 2375 2293 tui

834 2332 1045 2411 loculus
1086 2365 1145 2405 es
1186 2366 1199 2402 :
1248 2347 1423 2411 Quare
1468 2341 1796 2394 fremuerunt
1844 2346 2055 2403 gentes,
2106 2342 2157 2386 et
2196 2332 2374 2402 populi

832 2444 1069 2502 meditati
1098 2448 1225 2493 sunt
1275 2436 1447 2491 inania
1471 2432 1587 2484 “?t
1644 2429 1807 2481 Isaias
1855 2441 2062 2488 quoque
2104 2440 2221 2477 cunt
2268 2440 2379 2474 ser.

2456 625 2711 693 siquidem
2756 618 2869 689 (70)
2918 618 3101 672 eadem
3153 613 3359 667 ratione
3397 625 3497 678 qua
3559 606 3711 658 Pater
3746 602 4009 656 Dominus

2456 691 2535 768 est
2565 731 2577 767 :
2607 726 2654 765 et
2676 710 2839 764 Filius
2874 707 3011 761 Deus
3041 715 3120 758 est
3162 722 3175 757 :
3203 703 3277 756 sic
3307 711 3359 755 et
3392 699 3619 768 Spiritus
3653 704 3871 747 sanctus
3905 691 4009 742 Do-

2460 805 2633 855 minus
2656 804 3004 864 nuncupatur.
3038 794 3092 848 Si
3122 802 3294 845 autem
3320 788 3590 848 Dominus,
3610 790 4009 850 consequenter

2459 902 2511 945 et
2548 893 2701 952 Deus,
2745 897 2802 941 ut
2836 885 2992 954 paulo
3041 894 3164 936 ante
3209 881 3319 951 jam
3357 878 3607 935 diximus,
3651 889 3771 928 cum
3820 885 4007 924 vocem

2463 980 2685 1048 apostoli
2718 976 2854 1030 Petri
2884 975 2950 1028 ad
2979 972 3261 1036 Ananiam,
3302 969 3388 1037 qui
3419 966 3698 1035 pecuniam
3729 966 4020 1015 subtraxe-

2450 1079 2566 1129 ,rat,
2598 1078 2932 1135 pooeremus,
2962 1061 3083 1131 quia
3113 1068 3165 1114 et
3190 1059 3359 1112 deitas
3390 1057 3489 1129 [aL
3524 1049 3797 1121 divinitas]
3824 1064 4017 1118 super.

2464 1160 2774 1225 intelligitur
2799 1156 2850 1210 in
2881 1153 3077 1223 Spiritu
3109 1159 3313 1204 sancto.

2533 1341 2620 1396 '50.
2664 1336 2855 1389 Verum
2900 1332 3150 1402 quoniam
3211 1327 3335 1383 inde
3380 1326 3691 1395 quaestionis
3738 1321 3871 1377 ordo
3920 1320 4015 1373 de-

2468 1431 2655 1482 ductus
2697 1433 2810 1477 est:
2852 1442 2869 1473 ι
2900 1419 3031 1476 Cum
3078 1430 3251 1472 autem
3286 1415 3493 1469 venerit
3542 1412 3842 1480 paraizletus
3891 1408 4015 1474 Spi.

2470 1524 2600 1574 ritus
2629 1525 2842 1570 sanctus
2858 1512 2922 1570 “,
2953 1525 3109 1578 quem
3146 1511 3317 1560 mittet
3340 1507 3498 1560 Pater
3526 1504 3577 1556 in
3616 1504 3827 1552 nomine
3872 1511 4015 1554 meo,

2472 1608 2557 1660 ille
2599 1619 2693 1657 vos
2722 1599 2931 1656 docebit
2962 1597 3137 1651 omnia
3165 1595 3206 1626 ⁸⁷
3235 1612 3250 1649 :
3278 1613 3297 1646 ι
3334 1608 3429 1662 age
3457 1606 3600 1645 nunc
3645 1605 3707 1641 ex
3758 1592 3874 1656 ipso
3904 1601 4025 1639 ser-

2473 1706 2627 1745 mone
2665 1700 2985 1757 quteramus,
3015 1684 3057 1736 si
3101 1683 3226 1750 quid
3274 1684 3323 1734 in
3357 1696 3421 1734 eo
3466 1681 3733 1748 p038ittll|5
3780 1675 4024 1727 invenire

2473 1795 2592 1831 cum
2641 1778 2723 1830 his
2752 1774 3052 1829 consentire
3095 1787 3212 1839 qua;
3257 1771 3398 1823 dicta
3428 1779 3571 1822 sunt.
3602 1768 3855 1834 Spiritum
3902 1779 4027 1816 san-

2408 1860 2443 1909 Β
2472 1879 2613 1922 cnim
2649 1881 2676 1918 a
2719 1862 2876 1916 Patre
2912 1860 2965 1914 in
3004 1877 3097 1916 suo
3133 1859 3266 1912 tnitti
3313 1857 3545 1919 nomine,
3593 1856 3835 1909 Salvator
3885 1853 4028 1906 δαιτ-

2478 1966 2607 2017 mat,
2652 1971 2770 2008 cum
2816 1952 3027 2023 proprie
3081 1949 3375 2003 Salvatoris
3408 1960 3599 2000 nomen
3635 1946 3702 1998 sit
3751 1945 3939 1999 Filius.
3982 1945 4028 1996 si

2476 2047 2685 2116 quidem
2736 2056 2937 2098 natura:
2964 2041 3315 2103 consortium,
3354 2051 3427 2102 et,
3473 2050 3529 2091 ut
3561 2039 3630 2089 ita
3664 2038 3859 2096 dicam,
3906 2049 4028 2104 pro-

2477 2141 2674 2208 prietas
2710 2150 3074 2206 personarum,
3119 2149 3183 2186 ex
3226 2132 3324 2186 ista
3356 2145 3484 2184 voce
3527 2132 3789 2199 signatur.
3822 2127 3878 2181 In
3918 2141 4023 2195 qua

2477 2228 2828 2299 appellatione
2864 2224 3004 2288 Filii,
3040 2222 3234 2276 missus
3260 2235 3289 2273 a
3326 2218 3483 2272 Patre
3508 2218 3736 2285 Spiritus
3775 2225 4020 2280 sanctus,

2479 2338 2580 2376 non
2614 2334 2820 2380 servus,
2850 2332 2952 2371 non
2984 2317 3139 2376 alius,
3176 2326 3274 2367 nec
3316 2309 3610 2378 disjunctus
3638 2324 3664 2361 a
3700 2306 3835 2360 Filio
3869 2305 4031 2360 intel-

2481 2413 2668 2478 ligatur
2694 2407 2788 2482 [aL
2817 2401 3172 2476 intelligitur].
3219 2402 3404 2471 thuo
3437 2401 3593 2453 modo
3622 2397 3788 2453 Filius
3834 2398 3887 2451 in
3932 2395 4033 2449 Pa-

1030 2496 1120 2576 liei
1157 2521 1420 2588 impulsus
1444 2517 1508 2568 ad
1550 2502 1985 2581 prophetandunt
2021 2506 2409 2563 l'nissetSniri-
2453 2507 2553 2560 tris
2578 2505 2940 2576 appellatione
2966 2504 3133 2569 venit,
3167 2504 3355 2558 dicens
3384 2520 3397 2556 :
3427 2521 3445 2554 t
3484 2501 3595 2570 Ego
3626 2500 3745 2553 Veni
3778 2498 3944 2567 138
3973 2496 4032 2552 in

836 2632 921 2671 ius
939 2634 1057 2671 sam
1077 2618 1111 2668 ti
1132 2613 1359 2683 imperio
1381 2610 1496 2677 (68)
1519 2610 1875 2677 proplietasse
1898 2601 2211 2670 perhibetur
2239 2608 2333 2654 :ut
2353 2597 2407 2652 in
2451 2600 2675 2654 nomine
2691 2597 2865 2652 Patris
2888 2597 2989 2650 mei
3015 2596 3060 2627 “
3086 2612 3104 2651 :
3139 2614 3156 2647 ι
3179 2594 3298 2648 Filii
3322 2596 3519 2662 quippe
3546 2593 3926 2646 tantummodo
3950 2601 4035 2645 est

836 2714 943 2763 line
969 2708 1122 2777 137
1148 2676 1463 2757 eo'rttmdent
1490 2700 1718 2753 Actuum
1757 2695 2033 2747 scribitur.
2066 2710 2084 2743 ι
2117 2690 2259 2744 Bene
2287 2688 2412 2759 Spi-
2481 2682 2532 2732 in
2564 2682 2773 2732 ιιυυὶίιιθ
2801 2679 2977 2733 Patris
3020 2679 3220 2740 Venire.
3249 2676 3398 2731 salva
3443 2678 3767 2747 proprietate
3798 2679 3918 2733 Filii
3966 2683 4031 2734 ad

832 2785 965 2835 ritus
1009 2788 1227 2834 sanctus
1266 2778 1469 2830 locutus
1506 2785 1588 2831 est
1619 2791 1713 2843 per
1741 2777 1928 2829 Isaiam
1966 2778 2274 2843 prOphetam
2308 2780 2373 2851 ad

833 2882 1010 2941 patres
1046 2880 1268 2931 vestros,
1293 2888 1309 2920 ι
1348 2870 1527 2921 dicens
1554 2884 1565 2919 :
1599 2882 1616 2916 t
1647 2867 1786 2919 Vade
1815 2869 1877 2918 ad
1907 2867 2154 2934 populum
2191 2868 2375 2931 istum,

830 2972 884 3015 et
918 2960 1039 3013 dic:
1069 2960 1211 3012 Aure
1247 2958 1470 3010 audietis
1496 2959 1557 3019 “,
1581 2974 1598 3006 ι
1641 2965 1693 3008 et
1734 2955 1955 3023 reliqua.
2010 2956 2158 3009 Hanc
2215 2958 2376 3025 igitur

832 3048 1158 3119 prophetiam
1190 3062 1347 3115 quam
1388 3047 1656 3114 apostolus
1696 3046 1890 3100 Paulus
1933 3046 2161 3100 aﬂirmat
2194 3062 2222 3099 a
2258 3049 2376 3115 Spi-

832 3140 934 3193 ritu
976 3149 1162 3191 sancto
1198 3139 1628 3205 pronuntiatam,
1674 3136 1787 3204 ipse
1837 3135 1971 3188 liber
2024 3138 2295 3203 propheta:
2345 3154 2371 3187 ιι

830 3228 1055 3284 Domino
1110 3227 1304 3281 dictam
1351 3242 1472 3280 esse
1519 3236 1918 3279 conuuemorat.
1970 3244 1986 3277 ι
2019 3226 2083 3279 Et
2117 3228 2324 3290 audivi,
2352 3246 2368 3278 ι

832 3320 1002 3386 inquit
1049 3318 1228 3383 Isaias,
1281 3336 1300 3367 ι
1333 3330 1511 3369 vocem
1563 3315 1800 3377 Domini,
1846 3315 2111 3368 dicentem
2152 3334 2163 3364 :
2209 3316 2374 3382 Quem

833 3411 1060 3471 mittam,
1088 3418 1141 3462 et
1177 3410 1294 3476 quis
1341 3407 1436 3459 ibit
1480 3408 1543 3457 ad
1591 3406 1836 3474 populum
1884 3406 2077 3458 istum?
2110 3406 2170 3458 Et
2215 3407 2322 3457 dixi
2360 3425 2371 3459 :

822 3500 965 3553 Ecce
995 3514 1111 3567 ego,
1140 3499 1286 3550 mitte
1320 3512 1420 3549 me.
1454 3494 1618 3556 Vade,
1643 3514 1660 3546 ι
1698 3497 1888 3563 inquit,
1931 3512 1948 3545 ι
1978 3504 2028 3546 et
2068 3496 2149 3547 dic
2187 3497 2378 3563 populo

832 3592 992 3643 huic:
1023 3591 1162 3639 Aure
1201 3588 1423 3641 audietis
1444 3587 1516 3647 “,
1546 3605 1563 3636 ι
1604 3598 1651 3639 et
1686 3597 1803 3652 post
1836 3587 1937 3637 alia
1969 3586 2083 3651 ipse
2120 3587 2373 3637 Dominus

830 3680 941 3731 ait:
982 3695 1000 3728 ι
1032 3678 1093 3729 Et
1124 3687 1514 3739 convertentur,
1547 3685 1595 3728 et
1630 3677 1826 3729 satiabo
1856 3676 1972 3729 illos
1998 3675 2066 3728 “.
2094 3693 2111 3725 ι
2162 3674 2225 3727 Et
2264 3686 2378 3727 sta-

833 3769 927 3819 tim
973 3767 1268 3836 prOpheta:
1304 3784 1321 3815 t
1353 3766 1655 3833 Quousque,
1704 3765 1997 3818 Domine?»
2051 3779 2172 3818 cum
2224 3767 2366 3818 enim

836 3856 1090 3908 Dominus
1124 3858 1185 3907 ad
1222 3858 1533 3923 prolihetam
1564 3855 1802 3916 dixisset,
1837 3863 1893 3906 nt
1923 3872 1981 3907 ea
2009 3870 2128 3922 quae
2161 3858 2359 3919 scripta

833 3955 977 4005 sunt,
1012 3943 1213 3995 diceret
1253 3941 1385 4010 (69),
1422 3952 1473 3992 et
1507 3942 1769 4007 propheta
1804 3940 2008 4007 jubenti
2046 3941 2264 3994 Domino
2302 3958 2382 3991 re-

832 4034 1131 4102 spondisset
1172 4051 1184 4085 :
1222 4051 1239 4083 t
1273 4032 1572 4098 Usquequo,
1624 4030 1847 4083 Domine
1874 4031 1993 4082 ‘5?»
2049 4045 2110 4082 ea
2160 4046 2277 4098 qua:
2329 4031 2377 4081 in

839 4125 1095 4192 propheta
1136 4139 1164 4174 a
1202 4122 1425 4174 Damino
1481 4123 1615 4173 dicta
1671 4130 1814 4183 sunt,
1864 4121 1913 4172 in
1948 4120 2147 4188 Spiritu
2198 4131 2382 4173 sancto

834 4226 1242 4269 commemorata
1311 4210 1507 4264 Paulus
1570 4211 1821 4263 aﬂirmat.
1886 4210 1957 4262 Ex
2013 4224 2119 4278 quo
2185 4210 2382 4275 liquido

835 4305 1150 4365 ostenditur,
1182 4312 1241 4354 ut
1271 4318 1405 4368 szepe
1432 4302 1539 4368 jam
1573 4302 1824 4359 diximus,
1858 4315 2013 4350 uuam
2045 4311 2097 4352 et
2133 4300 2377 4350 volunta-

842 4407 944 4447 tem
974 4404 1026 4447 et
1059 4405 1299 4445 naturam
1334 4391 1536 4444 Domini
1567 4406 1706 4453 esse,
1747 4403 1799 4443 et
1837 4389 2067 4457 Spiritus
2099 4391 2288 4453 sancti,
2328 4398 2381 4441 et

2478 2765 2711 2828 Patrem,
2739 2775 2791 2818 et
2819 2766 2997 2819 Patris
3027 2766 3091 2819 ad
3118 2765 3347 2819 Filium:
3376 2765 3453 2819 sic
3477 2779 3506 2818 c
3530 2769 3823 2830 contrario,
3855 2770 4038 2823 nullus

2479 2857 2611 2909 alius
2661 2856 2803 2908 venit
2841 2856 2892 2908 in
2942 2857 3155 2909 nomine
3196 2854 3392 2919 Patris,
3436 2855 3527 2909 sed
3562 2856 3706 2909 verbi
3742 2859 3943 2923 gratia,
3983 2860 4033 2910 in

2480 2946 2706 3009 Domini,
2734 2956 2788 2999 et
2823 2946 2935 3010 Dei,
2972 2954 3027 3001 et
3072 2943 3483 3015 Omnipotentis.
3515 2945 3663 3011 Quod
3694 2949 4034 3001 manifestum

2478 3038 2754 3089 advertere
2808 3036 3008 3106 poteris
3066 3038 3356 3103 prophetas
3411 3035 3653 3106 relegens
3702 3050 3764 3089 ex
3824 3040 4029 3091 animo.

2478 3124 2607 3177 Nam
2650 3134 2704 3179 et
2743 3124 2949 3195 Moyses
2989 3140 3211 3194 magnus
3250 3124 3342 3177 Dei
3391 3125 3634 3178 minister
3676 3137 3729 3178 et
3778 3126 4035 3191 famulus,

2428 3214 2444 3233 ‘
2482 3218 2530 3267 in
2561 3218 2771 3269 nomine
2799 3216 2936 3282 ejus,
2966 3215 3053 3283 qui
3083 3224 3164 3269 est
3192 3235 3201 3268 :
3228 3226 3279 3268 et
3312 3215 3363 3267 in
3393 3214 3605 3268 nomine
3636 3216 3725 3267 Dei
3758 3218 4035 3269 Abraham

2480 3316 2530 3357 et
2570 3304 2731 3363 Isaac.
2766 3314 2820 3357 ct
2863 3303 3028 3358 Jacob
3061 3304 3233 3368 venit,
3280 3304 3386 3357 Deo
3433 3305 3497 3355 ad
3544 3318 3664 3358 cum
3715 3306 3977 3371 loquente
4013 3324 4026 3358 :

2487 3415 2504 3448 ι
2550 3397 2639 3449 Sie
2682 3396 2827 3449 dices
2873 3396 2993 3455 (iliis
3044 3393 3206 3447 Israel
3250 3411 3263 3447 :
3306 3394 3406 3460 Qui
3447 3405 3559 3457 est,
3625 3396 3768 3449 misit
3829 3412 3917 3449 me
3971 3400 4037 3449 ad

2480 3501 2574 3539 vos
2592 3485 2705 3549 ³⁹;ι
2757 3495 2809 3538 et
2863 3498 3089 3537 rursus:
3130 3502 3149 3534 ι
3185 3485 3336 3538 Dices
3383 3486 3463 3538 eis
3500 3483 3678 3538 :Deus
3728 3488 4035 3551 Abraham,

2482 3574 2647 3636 Isaae,
2697 3585 2749 3627 et
2795 3574 2956 3628 Jacob
3012 3573 3151 3627 misit
3191 3589 3275 3627 me
3332 3576 3396 3626 ad
3447 3590 3537 3629 vos
3563 3576 3674 3629 '°.t
3737 3577 4033 3630 Serrorum

2481 3668 2675 3735 quippe
2728 3666 2988 3733 justorum
3042 3665 3225 3731 quales
3277 3677 3429 3719 erant
3478 3667 3541 3720 de
3602 3667 3795 3734 quibus
3849 3668 4035 3720 dixit:

2487 3774 2505 3806 ι
2538 3754 2793 3807 Μειιιιιςιιιο
2816 3756 2864 3804 in
2895 3753 3094 3819 Spiritu
3127 3768 3245 3806 meo
3272 3756 3442 3808 servis
3466 3757 3598 3808 meis
3630 3757 3904 3823 propin-tis
3920 3758 3988 3819 ⁸¹,
4014 3777 4032 3807 i

2484 3844 2534 3895 in
2584 3842 2795 3894 nomine
2842 3840 2929 3891 Dei
2967 3841 3103 3894 facta
3131 3850 3213 3893 est
3244 3842 3446 3895 missio.
3479 3844 3543 3895 Et
3571 3846 3695 3911 quia
3736 3843 3890 3915 Hart.
3918 3846 4039 3917 qui]

2483 3933 2671 3993 dignos
2710 3945 2766 3983 se
2802 3929 3158 3982 exhibuerunt
3194 3931 3322 3992 Deo,
3370 3932 3420 3983 in
3456 3934 3671 3987 nomine
3704 3934 3794 3987 Dei
3824 3939 4041 3990 venisse

2485 4021 2790 4073 referuntur
2828 4037 2839 4071 :
2874 4035 3058 4073 rursus
3111 4021 3447 4087 proﬁcientes
3496 4023 3546 4075 in
3581 4025 3773 4091 majus,
3824 4036 3881 4078 et
3932 4028 4037 4079 sub

2482 4111 2638 4163 unius
2690 4110 2776 4162 Dei
2832 4108 3056 4177 imperio
3109 4110 3492 4170 consistentes,
3538 4111 3588 4163 in
3643 4112 4035 4178 omnipotentis

2486 4200 2572 4252 Dei
2612 4198 3000 4265 nuncupatione
3047 4208 3326 4251 venerunt.
3364 4200 3494 4262 Quin
3544 4215 3668 4254 vero
3712 4200 3807 4253 ﬁlii
3864 4200 4036 4257 Israel

2484 4288 2535 4341 in
2564 4286 2791 4356 Aigypto
2839 4296 3253 4349 connnorantes,
3298 4286 3598 4340 didicerunt
3628 4303 3741 4351 eos,
3786 4290 3877 4356 qui
3928 4306 4038 4344 non

2484 4389 2624 4442 sunt,
2658 4378 2804 4445 quasi
2854 4377 2980 4430 deos
3024 4377 3216 4436 colere,
3259 4387 3311 4429 et
3352 4378 3531 4429 mundi
3567 4387 3743 4444 patres
3785 4380 3897 4449 (7t)
3943 4383 4031 4432 di-

836 4486 887 4538 itt
921 4486 1311 4549 nuncupatione
1357 4480 1588 4547 Spiritus
1619 4483 1778 4534 etiam
1821 4495 2011 4533 nomen
2046 4480 2253 4531 Domini
2292 4481 2375 4530 in-
2410 4488 2455 4545 D
2486 4485 2499 4517 π

2410 4488 2455 4545 D
2486 4471 2605 4521 vino
2640 4470 2841 4521 honore
2892 4470 3159 4532 venerari,
3206 4484 3538 4537 consequens
3571 4471 3687 4533 luit,
3732 4481 3788 4522 ut
3820 4470 4038 4541 Moyses

833 4574 1014 4638 telligi.
1040 4571 1153 4637 Quo
1185 4572 1488 4623 modoenini
1515 4571 1578 4620 ad
1609 4570 1909 4622 Corinthios
1936 4570 2244 4621 vecabttlum
2280 4566 2368 4619 Dei

832 4678 989 4730 super
1020 4662 1178 4715 Patre
1215 4663 1465 4727 positum,
1496 4671 1548 4712 et
1576 4661 1784 4713 Domini
1819 4676 1977 4725 super
2014 4659 2167 4720 Filio,
2202 4672 2371 4725 neque

900 4775 945 4806 ⁸⁸
984 4775 1144 4825 Amos
1171 4788 1251 4833 ιιι.
1280 4773 1333 4823 7.
1411 4771 1455 4801 ”
1496 4769 1679 4822 Matth.
1721 4785 1850 4829 xxii,
1876 4769 2060 4822 4543.

832 4841 921 4895 25.
993 4843 1037 4872 "
1074 4841 1171 4893 lsa.
1199 4857 1269 4904 vt,
1299 4840 1350 4901 8,
1410 4840 1461 4893 9.
1538 4841 1581 4868 ⁸⁸
1620 4840 1743 4891 ihid.
1800 4838 1883 4890 10.
1959 4838 2002 4868 ⁵⁵
2047 4838 2169 4889 ibid.
2227 4837 2312 4888 Η.

834 4910 878 4939 δ’
906 4911 1071 4963 Exod.
1097 4926 1177 4973 ttt,
1204 4914 1256 4961 6.
1330 4909 1375 4940 ⁸⁸
1414 4908 1540 4961 ibid.
1568 4907 1648 4959 15.
1727 4908 1769 4938 ⁵¹
1810 4906 1971 4960 Zaclt.
2003 4922 2045 4969 t,
2092 4905 2142 4959 6.

902 5047 1014 5114 (66)
1048 5044 1249 5098 V'itiose
1307 5056 1422 5096 erat
1465 5053 1618 5095 antea
1666 5042 1715 5093 in
1761 5041 1961 5109 aliquot
2007 5040 2164 5092 etiam
2214 5052 2371 5099 mss.,

836 5137 855 5167 ι
892 5120 1259 5183 preplietatum
1296 5123 1399 5165 est.
1426 5132 1443 5162 ι

904 5174 1011 5249 (UT)
1047 5183 1259 5235 Rectius
1291 5194 1438 5233 vetus
1463 5180 1641 5236 editio.
1681 5176 1847 5249 t_qttia
1871 5186 2008 5249 esset
2032 5174 2369 5249 iiliuquaviil,

840 5256 890 5307 in
913 5244 1121 5318 Spiritu
1151 5260 1335 5302 sancto
1370 5251 1654 5315 loquentis,
1690 5247 1835 5298 Dixit
1861 5245 2110 5296 Dominus
2146 5244 2369 5297 Domino

831 5339 945 5375 meo
969 5316 999 5374 7:
1038 5319 1166 5372 Sede
1195 5336 1222 5369 η
1257 5320 1453 5370 dextris
1489 5318 1633 5379 meis,
1683 5318 1855 5367 denuo
1910 5317 2268 5379 interrogavit.
2315 5316 2367 5365 Si

832 5408 958 5455 ergo
989 5392 1146 5443 Dthd
1182 5398 1330 5439 vocat
1360 5403 1501 5444 enni,
1539 5396 1680 5455 rete.
1720 5382 2159 5455 Aliter_'flttittis.,
2199 5400 2214 5429 ι
2246 5385 2367 5455 quin

834 5452 973 5513 esset
999 5460 1130 5510 lilius
1158 5456 1339 5513 David,
1365 5457 1513 5510 dixit.
1544 5452 1702 5505 Dutid
1733 5453 1873 5505 enim
1896 5452 2127 5519 loquitur
2152 5454 2212 5501 de
2243 5453 2366 5510 ilco,

833 5530 977 5579 Dixit
1009 5524 1479 5577 Dﬂntiilu<DOiHiNU
1514 5538 1641 5584 meo,
1674 5540 1690 5571 ι
1727 5534 1828 5573 etc.

907 5596 1012 5664 (b3)
1038 5587 1163 5646 Erat
1193 5612 1283 5641 nei-
1309 5608 1419 5641 sine
1444 5593 1677 5641 SoltBCot
1708 5591 1935 5655 Spiri'tts
1966 5596 2175 5664 sanctus
2206 5586 2370 5653 impe-

832 5658 927 5719 rio'.
959 5683 975 5712 ι
1000 5658 1154 5725 Quod
1191 5678 1343 5711 nemo
1375 5676 1474 5709 non
1511 5669 1651 5723 putet
1680 5658 1982 5725 i)jlvsgl'.tllili
2014 5659 2280 5725 mendum,
2314 5666 2369 5725 ret

834 5724 1050 5801 reponat
1096 5748 1113 5778 ι
1146 5739 1335 5789 δαηεὶι,
1360 5746 1376 5775 ι
1412 5724 1845 5795 qtn-madtnoitnm
1875 5727 1924 5771 iu
1958 5724 2237 5790 antiquiss.
2260 5724 2369 5774 cdt-

2138 4769 2181 4799 ιο

2221 4768 2341 4819 Act.
2397 4780 2432 4826 t,
2498 4768 2577 4813 lii.
2655 4768 2697 4789 “
2739 4768 2857 4810 AN.

2227 4837 2312 4888 il.
2388 4835 2431 4864 “
2459 4830 2618 4885 Joan.
2660 4840 2746 4888 XV,
2784 4828 2870 4880 26.

2478 4564 2574 4613 sub
2598 4560 2734 4624 ejus,
2768 4577 2785 4608 t
2817 4559 2913 4623 Qui
2940 4571 3037 4617 est,
3066 4579 3083 4609 ι
3120 4560 3370 4613 voeabulo
3403 4563 3466 4612 ad
3501 4576 3591 4613 eos
3628 4562 3950 4626 mitteretur,
3984 4576 4039 4618 ct

2479 4665 2507 4702 a
2544 4649 2688 4700 l'alsis
2734 4663 2823 4699 eos
2873 4649 3103 4701 liberans
3148 4651 3268 4713 dils,
3320 4651 3385 4703 ad
3424 4666 3600 4703 veram
3655 4656 4037 4707 transducerct

2498 4761 2577 4813 16.
2655 4759 2697 4789 ⁸⁸
2739 4756 2857 4810 AN.
2912 4772 2984 4813 IV.
3039 4758 3139 4823 25;
3191 4759 3329 4813 Psal.
3376 4776 3432 4816 tt.
3471 4761 3518 4813 ί.

2949 4829 2990 4857 ⁸⁷
3042 4827 3197 4881 Juztlt.
3240 4844 3349 4890 XIV,
3395 4828 3483 4881 ἳϐ.

3594 4762 3640 4790 "
3679 4763 3794 4812 Act.
3838 4777 4037 4821 xxviii,

3560 4828 3603 4859 “
3642 4827 3796 4882 Joati.
3842 4846 3895 4892 v,
3941 4834 4036 4885 d3.

2476 5040 2633 5102 tione,
2672 5052 2829 5106 quam
2862 5051 3071 5101 sequor.
3109 5034 3212 5087 Sed
3248 5034 3438 5106 malint
3476 5035 3722 5102 equidem
3773 5037 3825 5090 in
3878 5050 4035 5092 recto

2479 5127 2495 5157 ι
2528 5104 2774 5161 sanctus»
2815 5107 3052 5165 retineri,
3086 5118 3178 5174 pro
3207 5121 3224 5152 ι
3261 5104 3479 5174 imperio
3502 5124 3517 5153 ι
3554 5116 3729 5157 autem
3754 5105 3852 5174 legi
3887 5124 3907 5155 ι
3936 5124 4037 5174 per

2473 5191 2613 5237 eum,
2645 5194 2661 5224 ι
2697 5175 2918 5236 scilicet,
2949 5188 3041 5239 per
3076 5173 3283 5224 tsaiam.
3322 5172 3413 5224 llic
3448 5187 3634 5238 nempe
3674 5172 3909 5227 auctoris
3938 5172 4035 5230 Vest

2472 5260 2683 5361 senius,
2742 5253 2988 5309 totusque
3048 5241 3268 5293 inferior
3318 5250 3597 5294 contextus
3663 5242 4035 5309 conjecturam

2473 5324 2679 5363 DrOtnt.

2511 5329 2679 5365 t'Oiiitl.

2466 5329 2854 5501 :f?t‘3ii‘):.Vetus
2892 5375 3078 5438 editio,
3112 5395 3129 5427 ι
3160 5390 3276 5445 qua:
3317 5378 3512 5445 scripta
3557 5389 3704 5443 sunt,
3739 5379 3790 5432 itt
3822 5378 4033 5448 Spiritu

2506 5467 2643 5501 ICPI‘B
2676 5489 2686 5501 .
2718 5468 2733 5497 ι

2506 5460 2686 5502 teet-et.
2718 5468 2733 5497 ι

2538 5519 2647 5585 (7o,
2691 5515 2891 5568 V’itiose
2920 5524 3036 5567 erat
3070 5513 3273 5565 duobus
3300 5513 3496 5575 verbis,
3520 5532 3539 5564 ι
3567 5514 3642 5568 sic
3675 5516 3909 5583 quidem.
3936 5537 3957 5570 ι

2537 5587 2645 5653 (71)
2685 5586 2971 5637 Obtinebat
3006 5595 3158 5634 antea
3196 5599 3213 5630 ι
3249 5586 3425 5635 mundi
3469 5596 3666 5649 partes,
3692 5604 3709 5635 ι
3767 5601 3860 5651 pro
3894 5606 3913 5635 ι
3946 5604 4035 5654 ιω-

2469 5668 2638 5735 tres.»
2682 5654 2892 5721 Regina:
2948 5666 3045 5704 ms.
3092 5654 3320 5704 secunda
3373 5669 3531 5705 manu
3588 5671 3605 5703 ι
3639 5657 3816 5705 mundi
3874 5661 4031 5723 prin-

2470 5740 2627 5791 cipes.
2652 5741 2669 5772 ι
