4212 6450
234 419 334 482 137

923 414 1408 478 TRANSLATIO
1445 414 1657 475 LIBRI
1696 413 1967 473 DlDYMI
2020 411 2116 470 DE
2151 405 2466 470 SPIRITU
2500 402 2797 468 SANCTO

3357 397 3453 460 138

223 531 503 590 deitatem,
549 538 605 582 et
633 529 700 581 ad
729 524 1015 582 Dominum
1048 536 1258 596 patrum
1291 524 1582 590 Abraham,
1632 525 1797 582 lsaac,
1831 529 1873 580 Α
1908 522 2130 573 Domino
2160 523 2350 573 donata
2405 531 2529 572 sunt
2562 536 2638 572 eis
2666 537 2678 572 ε
2718 521 2786 571 ita
2830 529 2884 571 ut
2919 519 2966 571 is
3000 519 3088 586 qui
3147 518 3306 571 fuerit
3340 519 3448 585 Spi-

220 619 549 776 θιέῗῗοὲίιο
600 711 759 764 modo
805 722 933 776 ergo
962 706 1099 760 servi
1139 705 1226 773 qui
1265 703 1314 756 in
1333 701 1550 755 nomine
1583 698 1789 752 Domini

222 804 465 866 vciunt,
500 817 602 870 per
635 803 735 855 hoc
769 803 940 868 ipsum
972 797 1115 866 quod
1149 794 1370 863 subjecti
1402 801 1548 852 sunt,
1591 799 1645 842 et
1678 804 1790 841 ser-

218 897 401 959 viunt,
453 895 699 949 indicant
733 893 1044 954 Dominum,
1096 888 1471 958 proprietatem
1504 884 1618 947 ejus
1657 879 1791 934 refe-

221 996 401 1041 rentes
430 1005 447 1040 :
477 987 624 1039 servi
649 987 843 1054 quippe
879 993 1000 1036 sunt
1023 979 1232 1034 Domini
1267 996 1282 1032 :
1314 976 1391 1030 sic
1423 983 1474 1026 et
1506 972 1670 1026 Filius
1698 971 1786 1037 qui

219 1077 364 1130 venit
395 1078 450 1131 in
487 1077 712 1131 nomine
750 1074 945 1136 Patris,
977 1072 1356 1140 proprietatem
1401 1064 1575 1118 Patris
1604 1069 1782 1130 portat

217 1179 268 1220 et
304 1183 528 1232 nomen,
557 1177 612 1222 et
647 1182 740 1235 per
772 1165 883 1218 lia-c
915 1162 1222 1230 unigenitus
1255 1157 1345 1211 Dei
1389 1155 1554 1210 Filius
1595 1167 1789 1222 appro-

1897 611 2057 662 ritum
2109 611 2448 665 revelationis
2491 623 2544 666 et
2581 611 2855 677 sapientiae
2906 619 3251 670 consecutus,
3298 608 3447 662 suili-

1896 702 2044 754 ciens
2075 701 2143 753 sit
2184 703 2419 754 veritatis
2448 703 2690 768 dogmata
2726 702 3017 770 pnedicare
3045 715 3146 751 non
3190 701 3444 762 humana,

1891 793 1982 846 sed
2014 792 2107 846 Dei
2156 803 2270 845 arte
2312 795 2569 847 subnixus
2597 812 2609 846 :
2642 794 2776 846 sicut
2809 803 2860 847 et
2900 809 3063 846 unum
3099 809 3160 846 ex
3205 793 3286 845 his
3312 794 3450 858 Apo—

1891 883 2052 936 tolum
2097 898 2374 949 possumus
2415 885 2618 949 audire,
2647 886 2909 936 dicentem
2942 901 2956 938 :
2999 901 3017 934 ι
3048 883 3110 936 Et
3145 883 3451 952 praedicatio

1891 988 2004 1025 mea
2043 985 2096 1024 et
2130 987 2304 1025 sermo
2336 989 2483 1025 meus
2512 989 2613 1026 non
2643 974 2693 1026 in
2726 973 3159 1040 persnasibilihus
3200 973 3448 1026 humanm

1889 1063 2160 1132 sapientia:
2190 1064 2364 1117 verbis
2393 1081 2404 1115 :
2441 1065 2529 1116 sed
2563 1063 2612 1115 in
2645 1061 2950 1115 ostensione
2995 1061 3225 1129 Spiritus
3252 1073 3305 1115 et
3339 1063 3448 1114 vir-

1891 1155 2016 1208 tutis
2050 1155 2138 1208 Dei
2176 1156 2287 1222 (74)
2314 1154 2379 1207 ⁸⁸.
2413 1173 2431 1206 ι
2473 1152 2749 1221 ᾸέίιυεΙθιιι
2781 1167 2909 1206 vero
2941 1152 3161 1218 Spiritui
3198 1153 3445 1206 virtutem

220 1262 377 1312 natur
414 1258 519 1330 [aL
567 1255 907 1328 appellatur].
953 1253 1087 1322 Quia
1128 1267 1256 1320 ergo
1304 1248 1534 1316 Spiritus
1573 1251 1791 1299 sanctus
1877 1254 1984 1292 non
2002 1240 3450 1312 possumusalianipraeterChristumDominum1&0

219 1350 268 1401 in
305 1351 532 1402 nomine
562 1348 685 1401 Filii
721 1363 748 1399 a
786 1347 942 1400 Patre
989 1342 1240 1404 mittitur,
1274 1339 1475 1393 habens
1509 1333 1628 1389 Filii
1664 1346 1787 1399 pro—
1876 1341 2118 1385 nostrum
2142 1333 2503 1400 interpretari.
2527 1333 2640 1401 Ipse
2661 1335 2805 1387 enim
2825 1333 3191 1402 discipulisait
3214 1349 3265 1388 ιι
3291 1335 3450 1386 Aeci-

218 1442 540 1503 Prietatem.
602 1437 897 1491 secundum
947 1433 1088 1503 quod
1131 1431 1268 1484 Deus
1315 1438 1415 1490 est,
1459 1440 1563 1479 non
1608 1433 1784 1474 tamen

219 1531 552 1592 tilicitatem,
585 1539 642 1581 ut
670 1529 840 1582 Filius
867 1527 983 1594 ejus
1010 1526 1098 1589 sit,
1124 1522 1360 1578 ostendit
1386 1518 1510 1586 quia
1536 1515 1645 1582 (72)
1679 1513 1789 1565 uni-

217 1627 320 1670 tate
355 1620 444 1671 sit.
470 1619 699 1685 junctus
723 1618 788 1670 ad
827 1615 1037 1669 Filium.
1071 1615 1219 1669 Unde
1247 1621 1302 1664 et
1336 1607 1453 1661 Filii
1501 1606 1672 1659 diClllS
1699 1610 1783 1656 est

219 1709 481 1778 δβῖτίιυε.
524 1723 624 1776 per
669 1709 1006 1776 adoptionem
1049 1704 1252 1758 faciens
1293 1699 1429 1752 filios
1469 1711 1582 1758 eos,
1613 1693 1701 1760 qui
1733 1703 1790 1742 se

217 1799 467 1866 recipere
497 1797 818 1851 voluissent.
849 1814 868 1846 ‹
897 1795 994 1860 Qui
1022 1794 1193 1854 enim,
1215 1808 1233 1841 ι
1265 1789 1457 1856 inquit,
1488 1803 1506 1835 ι
1534 1783 1663 1838 estis
1695 1778 1785 1832 lilii

1890 1423 2045 1492 pletis
2076 1421 2216 1473 enim
2237 1418 2481 1470 virtutem
2514 1416 2744 1482 Spiritus
2761 1417 2929 1467 sancti
2956 1417 3252 1468 venientem
3299 1413 3454 1484 [ναι.

1889 1505 2173 1576 venientis]
2215 1522 2374 1574 super
2408 1520 2501 1559 vos
2527 1505 2602 1569 'i;
2631 1523 2647 1554 ι
2686 1515 2734 1557 et
2762 1507 2826 1557 ad
2864 1504 3084 1557 Mariam
3115 1503 3450 1573 angelns[a!.

1889 1596 2289 1667 archangelus],
2327 1616 2343 1648 ι
2378 1597 2633 1662 Spiritus,
2663 1613 2680 1646 ι
2724 1595 2922 1662 inquit,
2959 1614 2974 1645 ι
3008 1606 3222 1648 sanctus
3269 1610 3457 1660 super—

1889 1690 2060 1741 veniet
2091 1689 2140 1741 in
2174 1702 2243 1749 te,
2271 1697 2322 1739 et
2351 1689 2519 1738 virtus
2547 1685 2810 1739 Altissimi
2846 1686 3186 1739 obumbrabit
3223 1688 3312 1738 tibi
3343 1687 3449 1738 ⁸⁸.»

1889 1779 2127 1834 Creatrix
2172 1780 2334 1846 igitur
2361 1778 2531 1830 virtus
2577 1777 2868 1843 Altissinii,
2913 1776 3112 1844 Spiritu
3146 1789 3336 1833 sancto
3366 1795 3456 1832 su-

219 1849 516 1948 Dvei,tmisit
545 1849 995 1953 PatervSpiritum
1032 1881 1152 1936 Filii
1181 1849 1264 1934 sui
1297 1849 1349 1931 in
1381 1877 1547 1932 corda
1584 1881 1784 1935 nostra,
1821 1849 1860 1903 Β
1895 1868 2237 1938 perveniente
2264 1867 2314 1920 in
2348 1865 2615 1934 Virginem
2665 1867 2904 1933 Mariam,
2937 1869 3132 1922 Christi
3163 1883 3354 1937 corpus
3382 1870 3460 1923 fa-

214 1983 548 2034 clamantcm
583 1997 595 2032 :
625 1979 803 2041 Abba,
858 1975 1014 2029 Pater
1053 1975 1118 2030 η.
1151 1993 1169 2024 ι
1205 1973 1307 2025 Iste
1332 1979 1507 2022 autem
1559 1967 1790 2035 Spiritus

217 2083 468 2134 sanctus,
496 2070 594 2138 qui
636 2069 782 2121 venit
808 2068 860 2121 in
895 2067 1108 2120 nomine
1147 2063 1288 2125 Filii,
1327 2059 1520 2114 missus
1547 2073 1575 2110 a
1611 2056 1788 2119 Patre,

216 2163 435 2215 docebit
462 2161 650 2215 omnia
678 2173 770 2212 eos
798 2158 886 2225 qui
926 2158 979 2210 in
1012 2156 1114 2208 fide
1144 2151 1343 2207 Christi
1393 2148 1611 2219 perfecti
1641 2154 1789 2207 sunt,

209 2245 395 2298 omnia
409 2255 603 2300 autem
623 2245 713 2299 illa
732 2260 853 2316 qua
867 2244 1170 2315 spiritualia
1182 2251 1309 2299 sunt
1325 2254 1380 2300 et
1395 2243 1802 2299 intellectualia:

208 2349 258 2390 et
302 2352 364 2391 ut
411 2339 582 2407 139
635 2340 871 2394 breviter
924 2340 1180 2395 universa
1235 2338 1583 2398 concludam,
1618 2337 1800 2389 omnia

217 2428 470 2482 veritatis
493 2438 549 2481 et
580 2426 858 2496 sapientia:
884 2431 1245 2480 sacramenta.
1265 2422 1484 2476 Docebit
1511 2433 1657 2482 vero,
1689 2433 1790 2472 non

218 2518 370 2586 quasi
393 2519 590 2571 doctor
609 2525 664 2571 et
681 2518 932 2586 magister
959 2515 1268 2585 discipline,
1293 2525 1454 2583 quam
1476 2509 1690 2563 aliunde
1710 2517 1792 2562 est

217 2619 584 2663 consecutus:
611 2608 875 2674 siquidem
900 2608 999 2660 hoc
1019 2619 1200 2660 eorum
1231 2613 1334 2666 est,
1354 2602 1444 2671 qui
1474 2601 1789 2668 sapientiam

219 2712 275 2756 et
313 2711 465 2755 artes
506 2699 720 2768 aliquas
753 2699 864 2766 (75)
908 2697 1081 2751 studio
1115 2693 1480 2760 industriaque
1527 2691 1790 2754 didicere;

218 2793 312 2847 sed
348 2790 511 2861 quasi
562 2792 677 2858 ipse
710 2788 802 2859 [αι.
830 2785 965 2859 ipsa]
1012 2802 1100 2841 ars
1141 2796 1300 2855 atque
1343 2784 1582 2837 doctrina
1607 2789 1660 2835 et
1707 2797 1793 2835 sa-

217 2884 420 2951 pientia
457 2881 810 2947 veritatisque
859 2878 1109 2946 Spiritus,
1138 2873 1480 2929 invisibiliter
1513 2871 1612 2943 [αι.
1643 2871 1778 2925 invi-

218 2972 388 3044 sibili]
429 2972 600 3024 menti
638 2971 873 3024 insinuat
900 2969 1178 3024 scientiam
1212 2965 1532 3019 divinorum.
1562 2961 1692 3016 Nam
1739 2972 1792 3016 et

217 3064 381 3118 Pater
407 3065 572 3117 docet
599 3064 679 3116 sic
717 3059 1005 3128 discipulos
1048 3072 1194 3119 suos,
1223 3057 1436 3110 dicente
1470 3054 1560 3108 illo
1596 3053 1684 3122 qui
1722 3054 1790 3106 ab

216 3170 279 3210 eo
309 3155 510 3209 doctus
552 3154 724 3208 fuerat
753 3169 767 3205 :
798 3153 956 3215 Deus,
981 3149 1207 3204 docuisti
1241 3160 1326 3201 me
1350 3145 1688 3212 sapientiam.
1723 3142 1788 3197 Et

218 3248 483 3299 audacter
509 3246 620 3298 alio
651 3243 1054 3297 conclamante:
1096 3258 1116 3293 ί
1148 3238 1382 3293 Docuisti
1425 3252 1530 3300 me,
1562 3237 1722 3301 Deus,
1761 3251 1789 3288 a

212 3335 504 3402 iuventute
531 3349 650 3388 mea
669 3333 715 3364 ⁸³
743 3351 757 3389 :
788 3351 808 3385 ι
846 3343 1005 3401 atque
1035 3332 1105 3385 ita
1131 3344 1317 3384 omnes
1347 3329 1474 3381 ﬁunt
1506 3327 1667 3380 docti.
1701 3325 1790 3379 Dei

217 3440 435 3494 quoque
475 3423 650 3478 Filius
687 3435 739 3477 et
767 3424 1023 3491 sapientia
1057 3421 1147 3474 Dei
1193 3429 1248 3472 et
1282 3419 1479 3471 veritas
1508 3417 1586 3470 sic
1637 3418 1790 3469 docet

219 3516 519 3582 participes
550 3529 699 3577 suos,
728 3523 781 3567 ut
815 3511 1150 3580 disciplinam
1183 3524 1285 3562 non
1319 3516 1434 3560 arte
1465 3506 1672 3569 doceat,
1697 3505 1788 3556 sed

221 3616 437 3658 natura.
490 3603 647 3658 Unde
681 3613 734 3656 et
782 3618 901 3656 eum
942 3605 1198 3657 docentur
1241 3597 1411 3652 solum
1469 3597 1784 3663 magistrum

218 3710 419 3748 vocare
439 3694 725 3762 discipuli.
757 3692 863 3746 Has
884 3693 1096 3746 easdem
1122 3689 1427 3758 disciplinas
1453 3701 1569 3755 qum
1597 3686 1791 3738 dantur

223 3802 251 3840 a
277 3786 446 3841 Patre
473 3795 534 3837 et
570 3783 705 3838 Filio
729 3783 783 3837 in
819 3783 976 3837 corda
1008 3780 1360 3846 credentium,
1402 3777 1634 3848 Spiritus
1672 3789 1788 3828 san-

221 3887 341 3930 ctus
381 3875 664 3928 ministrat
692 3872 777 3927 his
807 3870 898 3940 qui
945 3870 1200 3925 animales
1232 3883 1352 3923 esse
1386 3867 1642 3923 desierint
1689 3861 1786 3937 [αι.

221 3963 539 4035 desistunt].
574 3982 593 4015 ι
623 3963 883 4017 Animalia
917 3963 1112 4033 quippe
1143 3962 1304 4015 homo
1331 3974 1438 4013 non
1469 3957 1692 4026 percipit
1725 3968 1787 4007 ea

219 4073 337 4127 qua
372 4056 604 4122 spiritus
653 4057 777 4108 sunt
809 4053 876 4118 “,
905 4069 925 4104 ι
952 4052 1218 4105 arbitrans
1236 4061 1353 4101 esse
1371 4045 1647 4100 stultitiam
1672 4057 1788 4111 quae

220 4149 518 4208 dicuntur;
573 4143 665 4212 qui
721 4157 861 4198 vero
929 4156 960 4195 a
1029 4135 1520 4210 perturbationibus
1590 4147 1786 4203 purga-

223 4239 356 4291 verit
390 4248 632 4289 mentem
684 4249 860 4296 suam,
903 4231 1133 4300 Spiritus
1182 4228 1352 4284 sancti
1386 4225 1703 4294 disciplinis,
1736 4223 1787 4276 id

219 4337 320 4391 est,
350 4325 699 4380 sermonibus
726 4324 1014 4391 sapientiae,
1045 4320 1384 4387 scientiaeque
1412 4315 1783 4383 complebitur,

221 4418 271 4469 in
297 4428 511 4469 tantum
567 4426 624 4466 ut
663 4415 708 4467 is
757 4415 850 4483 qui
896 4429 958 4468 ea
1002 4412 1298 4479 susceperit
1345 4408 1534 4463 ditat:
1578 4424 1595 4458 t
1627 4405 1786 4458 Nobis

1893 1958 2152 2012 bricavit:
2191 1972 2295 2026 quo
2333 1957 2419 2010 ille
2461 1971 2587 2010 usus
2633 1958 2852 2024 templo,
2883 1959 2998 2012 sine
3032 1958 3133 2011 viri
3179 1969 3336 2012 natus
3379 1972 3460 2012 est

1892 2052 2117 2103 semine.

1961 2137 2049 2191 δελ.
2094 2137 2166 2189 Ex
2199 2137 2388 2202 quibus
2422 2137 2726 2189 ostenditur
2752 2150 2872 2190 esse
2913 2135 3171 2205 Spiritum
3203 2147 3449 2191 sanctum

1895 2237 2209 2288 creatorem,
2246 2235 2302 2276 ut
2329 2224 2436 2289 jam
2471 2225 2521 2275 in
2566 2224 2874 2291 Dngmatum
2910 2225 3179 2278 volumine
3222 2226 3460 2279 breviter

1892 2316 2222 2368 ostendimus
2248 2314 2381 2384 (75).
2413 2315 2472 2366 Et
2504 2315 2554 2366 in
2582 2315 2790 2367 Psalmo
2822 2315 2886 2366 ad
2919 2315 3194 2368 Dominum
3224 2316 3449 2369 dicitur:

1898 2423 1915 2457 ι
1939 2405 2162 2458 Auferes
2195 2406 2260 2457 ab
2289 2407 2367 2458 eis
2415 2404 2672 2472 Spiritum
2719 2414 2885 2468 tuum,
2917 2411 2969 2457 et
3002 2405 3273 2469 deﬁcient,
3308 2415 3361 2457 et
3405 2406 3455 2459 in

1893 2504 2089 2549 terram
2134 2509 2284 2548 suam
2337 2504 2689 2548 revertentur.
2724 2495 2920 2550 Emitte
2968 2495 3226 2564 Spiritum
3279 2506 3452 2560 tuum,

1892 2596 1944 2638 et
1988 2587 2332 2648 creabuntur,
2365 2595 2417 2639 et
2453 2586 2733 2640 renovabis
2780 2587 2966 2641 faciem
3010 2597 3164 2641 terra:
3188 2586 3253 2640 ⁸⁹.
3279 2606 3297 2638 ι
3350 2588 3457 2643 Nec

1896 2676 2089 2728 mirum
2129 2675 2172 2728 si
2209 2674 2475 2730 Dominici
2522 2687 2724 2728 tantum
2765 2678 3006 2744 corporis
3049 2678 3281 2745 Spiritus
3326 2694 3452 2732 san-

1893 2779 2008 2820 etus
2027 2767 2270 2820 conditor
2290 2766 2379 2830 sit,
2412 2781 2530 2818 cum
2553 2766 2694 2820 Patri
2727 2763 2965 2835 Filioque
2991 2766 3244 2832 sociatus,
3270 2770 3457 2824 eadem

1891 2867 2149 2925 potestate
2169 2859 2428 2909 creaverit
2450 2858 2624 2911 omnia
2646 2873 2762 2927 qua:
2788 2858 2944 2912 Pater
2963 2860 3168 2913 creavit
3191 2873 3239 2914 et
3271 2861 3456 2917 Filius.

1894 2962 1914 2996 ι
1945 2947 2138 3000 Emitte
2166 2946 2329 3010 enim,
2352 2965 2369 2998 ι
2393 2947 2487 3011 ait,
2512 2966 2529 2999 ι
2557 2945 2808 3017 Spiritum
2828 2956 3053 3013 tuum,et
3074 2951 3451 3004 creabantur»

1894 3037 2060 3089 Porro
2095 3037 2204 3105 jam
2255 3037 2563 3106 frequenter
2610 3037 2940 3092 ostendimus
2991 3040 3225 3107 ejusdem
3271 3055 3460 3108 opera.-

1898 3127 2056 3180 tionis
2101 3142 2221 3180 esse
2267 3127 2525 3196 Spiritum
2571 3138 2846 3194 sanctum,
2891 3128 3042 3197 cujus
3087 3140 3169 3185 est
3219 3130 3377 3186 Pater
3405 3144 3458 3185 et

1819 3183 1860 3238 Ο
1897 3216 2076 3280 Filius,
2105 3229 2155 3271 ct
2191 3219 2242 3270 in
2281 3221 2465 3272 eadem
2501 3222 2811 3288 operatione
2846 3237 3002 3274 unam
3050 3237 3167 3276 esse
3211 3222 3457 3276 substan-

1894 3311 2018 3361 tiam
2049 3330 2058 3363 :
2089 3319 2141 3362 et
2176 3311 2446 3378 reciproce
2471 3324 2654 3365 eorum
2685 3329 2803 3380 qua:
2834 3311 3062 3382 ὀμούσια
3093 3323 3238 3372 sunt.
3269 3329 3458 3381 Opera-

1895 3399 2090 3451 tionem
2139 3415 2348 3467 quoque
2399 3417 2501 3454 non
2550 3417 2668 3455 esse
2715 3402 2998 3456 diversam.
3050 3400 3118 3456 Ut
3169 3414 3344 3456 autem
3398 3415 3451 3456 et

1891 3486 2032 3538 aliud
2064 3503 2272 3556 quoque
2306 3489 2670 3542 testimonium
2702 3492 2840 3557 quod
2878 3508 2973 3545 nos
3004 3493 3170 3560 possit
3201 3491 3450 3557 adjuvare

1893 3575 1944 3627 in
1989 3577 2088 3629 fide
2126 3578 2354 3645 Spiritus
2402 3580 2571 3633 sancti
2618 3596 2912 3647 ponamus,
2961 3583 3013 3635 in
3060 3581 3348 3650 Evangelio
3379 3583 3448 3635 ita

1891 3680 2066 3720 sermo
2103 3669 2442 3722 contexitur:
2485 3687 2502 3720 ι
2531 3671 2717 3725 Adhuc
2766 3673 2928 3725 multa
2973 3674 3139 3726 habeo
3176 3674 3322 3727 vobis
3369 3673 3451 3725 di-

1890 3771 2034 3820 cere,
2066 3759 2156 3810 sed
2212 3773 2315 3810 non
2357 3762 2578 3827 potestis
2610 3776 2670 3814 ea
2711 3772 2923 3829 portare
2958 3763 3135 3816 modo.
3164 3761 3297 3817 Cum
3348 3779 3447 3815 au-

1891 3855 1995 3899 tem
2015 3849 2217 3901 venerit
2251 3849 2337 3902 ille
2364 3849 2595 3917 Spiritus
2632 3853 2890 3916 veritatis,
2920 3853 3106 3921 diriget
3133 3869 3222 3905 vos
3246 3854 3297 3905 in
3332 3869 3446 3906 oni-

1889 3951 2009 3990 nem
2050 3937 2351 3993 veritatem.
2382 3938 2561 4009 Neque
2596 3944 2736 3994 enim
2772 3943 3018 4011 loquetur
3059 3958 3087 3995 a
3136 3945 3447 4009 semetipso,

1889 4030 1979 4081 sed
2027 4043 2359 4096 quacunque
2388 4032 2584 4095 audiet,
2637 4033 2883 4102 loquetur
2922 4053 2934 4087 :
2971 4043 3024 4088 et
3076 4049 3193 4102 qua:
3227 4046 3448 4088 ventura

1888 4128 2010 4170 sunt
2037 4121 2374 4172 annuntiabit
2405 4122 2572 4175 vobis.
2603 4120 2693 4175 llle
2735 4139 2818 4177 me
2862 4124 3176 4179 clariﬁcabit
3209 4121 3302 4197 [αι.
3333 4125 3450 4192 glo—

1891 4208 2190 4279 rilicabtt]:
2244 4211 2365 4277 quia
2415 4212 2479 4265 de
2519 4229 2637 4266 meo
2688 4216 2949 4282 accipiet,
3001 4225 3054 4268 et
3107 4217 3450 4270 annuntiabit

1890 4301 2056 4351 vobis.
2077 4300 2262 4353 0.nnia
2293 4318 2410 4368 qua:
2449 4302 2604 4355 habet
2638 4302 2821 4366 Pater,
2847 4321 2959 4358 mea
2985 4315 3126 4359 sunt.
3156 4305 3445 4372 Propterea

1889 4389 1995 4440 dixi
2034 4391 2182 4442 vobis
2209 4431 2222 4452 .
2257 4392 2381 4460 quia
2422 4393 2487 4447 tle
2528 4410 2646 4449 meo
2700 4397 2952 4464 accipiet,
3000 4407 3052 4451 et
3095 4398 3434 4451 annuntiabit

219 4517 400 4559 autem
454 4502 709 4556 revelavit
759 4480 894 4555 Deus
937 4516 1032 4569 per
1077 4499 1330 4567 Spiritum
1385 4505 1627 4550 sanctum
1655 4495 1724 4546 ".
1759 4511 1776 4542 ι

1819 4503 1856 4554 ι)
1889 4480 2036 4532 vobis
2072 4480 2133 4530 9°.
2165 4500 2181 4531 ι

224 4598 364 4649 Deus
399 4605 582 4646 autent
623 4592 703 4645 his
736 4592 825 4659 qui
864 4606 922 4644 se
953 4591 1023 4642 ita
1059 4587 1494 4657 prteparaverint,
1527 4583 1783 4650 Spiritum

224 4687 506 4751 sapientiae
543 4683 987 4749 revelationisque
1015 4679 1233 4748 largitur
1261 4677 1323 4728 ad
1361 4675 1783 4742 cognoscendum

224 4777 611 4843 semetipsum;
663 4773 752 4840 qui
800 4771 1120 4838 accipientes
1173 4767 1431 4836 Spiritum
1491 4761 1784 4830 sapientize,

226 4885 328 4920 non
363 4866 602 4926 aliunde,
648 4862 741 4916 sed
776 4863 838 4915 ab
873 4863 986 4928 ipso
1017 4860 1216 4925 Spiritu
1252 4867 1438 4911 sancto
1480 4855 1782 4908 elﬁciuntur

222 4961 519 5025 sapientes,
550 4964 603 5008 et
631 4955 698 5005 ab
742 4953 856 5020 ipso
888 4950 1188 5014 intelligunt
1216 4947 1520 5006 Dominum,
1549 4953 1603 4999 et
1630 4944 1786 5012 quid-

223 5049 348 5114 quid
385 5043 481 5096 Dei
533 5051 615 5096 est
645 5041 961 5103 voluntatis,
1005 5049 1058 5092 et
1101 5037 1344 5091 eumdem
1394 5036 1566 5102 ipsum
1609 5032 1780 5102 Spiri-

222 5147 359 5199 tum,
415 5134 531 5199 ipso
581 5130 867 5194 revelante,
902 5135 1254 5198 cognoscunt,
1294 5135 1350 5178 ut
1383 5126 1556 5177 sciant
1594 5124 1716 5192 quia
1750 5138 1777 5176 a

292 5289 336 5318 ³¹
387 5288 543 5338 Rom.
583 5285 795 5345 vthS.
869 5284 913 5313 ⁸³
953 5281 1088 5334 Psal.
1132 5295 1253 5342 ιιι,
1285 5279 1364 5330 i7.
1442 5279 1484 5344 ’ξ

220 5356 313 5411 35.
380 5358 428 5386 ”
463 5355 740 5416 Psal.cut,
770 5351 856 5413 29,
885 5353 972 5407 50.
1045 5351 1088 5381 ⁶⁶
1107 5348 1258 5401 Joan.
1287 5363 1395 5410 ω,
1426 5346 1612 5399 i‘l-N.

294 5468 412 5534 (72)
452 5465 526 5517 Ita
558 5480 684 5518 mss.
710 5479 892 5517 omnes
919 5461 1164 5534 habent}
1196 5459 1417 5518 unitate,
1441 5475 1459 5507 ›
1490 5459 1616 5534 editi
1647 5474 1771 5513 vero

228 5554 247 5586 ι
279 5527 454 5587 unice.
480 5554 496 5583 ι
531 5534 644 5585 Mox
675 5535 838 5586 Vatic.
864 5548 982 5587 eum
1011 5528 1248 5590 Tholos.,
1282 5546 1300 5577 ί
1325 5541 1419 5595 per
1441 5527 1774 5595 adOptionetn

229 5621 382 5658 suam
420 5606 638 5666 faciens,
664 5622 678 5650 ι
720 5615 821 5654 etc.

300 5672 410 5738 (75)
457 5663 648 5727 Vatia,
685 5689 701 5719 ι
727 5682 776 5722 et
820 5672 1041 5722 virtutes
1092 5666 1357 5734 aliquas.»
1413 5663 1601 5719 Postea
1637 5665 1774 5719 Tho-

227 5739 350 5802 Ιω..
388 5758 409 5790 ι
433 5744 523 5793 sed
553 5744 700 5805 quasi
740 5742 850 5804 ipse
880 5753 986 5797 ars,
1014 5755 1031 5785 ι
1065 5747 1167 5789 etc.

504 5832 768 5891 PATROL.
801 5827 1027 5888 XXIII.

1442 5279 1486 5344 ’ξ
1528 5277 1542 5328 l
1577 5277 1695 5330 Cor.
1727 5281 1890 5344 “,14.

1954 4590 2041 4642 53.
2084 4589 2159 4642 Ex
2207 4591 2288 4645 his
2333 4592 2471 4642 enim
2525 4600 2980 4644 sacramentorum
3029 4593 3203 4646 verbis
3256 4597 3448 4650 edoce-

1888 4695 2026 4744 mur,
2053 4683 2192 4748 quod
2223 4696 2341 4734 cum
2374 4681 2535 4734 multa
2573 4682 2841 4734 docuisset
2887 4683 3177 4751 discipulos
3208 4702 3330 4738 suos
3359 4687 3446 4740 Je-

1884 4783 1995 4830 sus,
2024 4769 2252 4822 dixerit:
2284 4787 2302 4818 ‹
2334 4770 2517 4822 Adhuc
2552 4770 2720 4824 habeo
2756 4771 2980 4837 plurima
3017 4773 3194 4825 dicere
3226 4778 3394 4839 vobis,
3421 4797 3440 4828 ι

1884 4859 2006 4924 quia
2058 4860 2276 4911 verbum
2330 4859 2490 4922 istud,
2548 4877 2564 4910 ι
2603 4860 2775 4913 adhuc
2824 4861 2985 4914 multa
3041 4863 3210 4916 habeo
3263 4869 3442 4921 dicere

1886 4945 2106 5009 Vobis,»
2162 4963 2264 5000 non
2318 4947 2380 5000 ad
2422 4961 2586 5002 novos
2630 4950 2928 5016 quoslibet,
2984 4963 3037 5004 et
3091 4955 3300 5019 penitus
3353 4957 3440 5009 Dei

1876 5031 2044 5097 gratia
2071 5046 2268 5088 vacuos
2286 5035 2536 5109 dirigitur
2558 5041 2669 5111 (76)
2697 5058 2710 5098 :
2738 5045 2831 5097 sed
2849 5045 2914 5097 ad
2934 5061 3025 5100 eos
3055 5047 3206 5117 14],
3243 5053 3330 5117 qui
3352 5069 3447 5102 au-

1877 5123 2080 5178 ditores
2111 5128 2396 5183 verborum
2422 5134 2563 5200 ejus,
2606 5136 2837 5190 necdum
2865 5137 3081 5193 fuerant
3102 5142 3282 5194 omnia
3306 5158 3441 5196 con-

1968 5278 2016 5310 ει
2055 5277 2184 5335 una.
2212 5279 2294 5332 to.
2370 5280 2415 5311 υ
2455 5279 2579 5333 ibid.
2607 5281 2660 5334 4.
2737 5280 2780 5312 ιτ
2815 5284 2931 5335 Act.
2960 5299 2996 5347 ι,
3031 5284 3082 5337 8.
3158 5283 3203 5313 ιε
3235 5282 3364 5336 Luc.
3398 5299 3435 5345 ι,

1951 5459 2059 5529 (74)
2103 5457 2241 5514 Idem
2275 5459 2468 5526 Vattc.,
2504 5480 2521 5512 ι
2557 5472 2610 5514 et
2643 5465 2882 5517 veritatis
2913 5464 3026 5527 Dei,
3054 5483 3070 5514 ι
3112 5465 3295 5518 Grzeeo
3323 5465 3437 5531 ipso

1883 5538 2026 5581 textu
2064 5542 2334 5582 renuente.

1950 5598 2061 5663 (75)
2103 5597 2297 5651 Recole
2336 5614 2451 5664 qua:
2499 5600 2564 5650 de
2617 5600 2715 5653 hoc
2762 5601 2896 5653 libro
2936 5600 3073 5668 Περὶ
3123 5599 3436 5668 Δογμάτων

1881 5669 2110 5720 diximus
2136 5683 2291 5732 supra
2311 5670 2418 5720 col.
2461 5667 2618 5729 1040,
2651 5678 2760 5721 not.
2788 5671 2877 5721 21.

1950 5734 2059 5805 (76)
2101 5735 2327 5790 Maxima
2373 5737 2458 5790 hic
2490 5738 2751 5793 dissensio
2784 5737 3167 5807 exemplarium
3202 5747 3301 5793 est.
3334 5737 3434 5790 Ve-

3093 5829 3132 5891 5
