4212 6484
758 410 861 479 139

1920 420 1977 478 S.
2020 420 2326 481 EUSEBII
2358 418 2438 480 lli
2455 419 2792 483 ERONYMI

3862 425 3972 490 140

762 536 953 591 secuti.
1002 535 1343 605 Quaecunque
1394 536 1537 590 enim
1591 536 1833 590 sullicere
1864 546 2147 603 poterant,
2199 550 2306 591 tra-
2339 546 2384 602 Α
2410 551 2474 590 ex
2504 535 2662 588 Patre
2695 544 2749 588 et
2772 549 2854 587 me
2883 542 2997 594 est,
3028 530 3127 583 hoc
3174 532 3317 583 enim
3350 530 3517 599 ipsum
3550 525 3689 595 quod
3718 525 3966 579 subsistit

762 624 891 676 deus
923 622 1025 683 eis.
1072 624 1120 674 in
1155 622 1392 677 futurum
1430 636 1636 692 tetnpns
1672 624 1872 692 reliqua
1907 626 2151 678 distulit:
2186 641 2305 694 quae

760 714 875 765 sine
912 712 1187 779 disciplina
1225 713 1456 781 Spiritus
1504 714 1676 766 sancti
1721 714 1859 767 scire
1890 728 1993 767 non
2042 724 2305 781 pcterant,

757 800 878 868 quia
918 810 1043 855 ante
1088 803 1371 854 adventum
1406 800 1691 855 Dominica)
1741 802 2003 870 passionis
2049 818 2150 856 non
2194 812 2308 857 erat

758 890 914 942 datus
942 888 1244 943 hominibus
1296 886 1528 956 Spiritus
1561 899 1777 943 sanctus
1806 889 1941 960 (77),
1987 891 2307 960 evangelista

758 979 1003 1033 dicente:
1042 996 1060 1028 ι
1090 978 1199 1031 Non
1243 979 1383 1032 enim
1416 989 1535 1033 erat
1566 981 1810 1048 cuiquam
1859 980 2093 1048 Spiritus
2129 980 2305 1044 datus,

757 1054 891 1137 quia
917 1067 1068 1122 Iesus
1099 1071 1319 1123 necdum
1354 1080 1469 1123 erat
1497 1069 1821 1138 glorilicatus
1846 1070 1912 1120 ".
1938 1090 1956 1122 ι
1995 1069 2296 1123 Gloriftcari

757 1160 937 1212 dicens
965 1155 1167 1218 Jesum.
1210 1169 1435 1213 mortem
1470 1169 1687 1228 gustare
1720 1175 1817 1229 pro
1859 1160 2086 1213 cunctis.
2120 1158 2305 1229 Itaque

756 1258 872 1316 post
932 1251 1376 1302 resurrectionem
1432 1263 1696 1318 apparens
1747 1249 2021 1319 discipulis
2072 1253 2217 1313 suis,
2257 1260 2311 1305 et

757 1338 1030 1392 insulﬂans
1077 1340 1128 1391 in
1183 1337 1370 1391 faciem
1418 1353 1647 1392 eorum:
1703 1357 1721 1390 ι
1754 1340 2056 1409 Accipite,»
2102 1340 2307 1408 inquit,

762 1447 779 1478 ι
814 1428 1065 1497 Spiritum
1118 1438 1360 1481 sanctum
1396 1427 1472 1492 δίς
1506 1448 1522 1479 ι
1562 1438 1615 1482 ει
1664 1444 1874 1482 rursum
1917 1446 1929 1481 :
1979 1448 1996 1480 ι
2026 1429 2312 1497 Accipietis

758 1520 1002 1570 virtutem
1050 1517 1281 1586 Spiritus
1332 1519 1498 1571 sancti
1554 1519 1816 1573 venientis
1864 1533 2024 1587 super
2067 1533 2156 1572 vos
2194 1518 2303 1570 ⁸⁸.»

756 1609 871 1671 Quo
903 1607 1147 1660 veniente
1189 1607 1239 1660 in
1275 1609 1433 1661 corda
1483 1606 1834 1670 credentium,
1872 1607 2155 1674 implentur
2192 1622 2306 1660 ser—

756 1698 999 1751 monibus
1043 1700 1312 1766 sapientia:
1359 1707 1414 1752 et
1462 1697 1736 1759 scientiae,
1778 1707 1832 1751 et
1884 1697 1961 1750 sic
2010 1696 2311 1763 spirituales

758 1785 955 1853 effecti,
984 1787 1278 1857 suscipiunt
1313 1786 1543 1856 Spiritus
1584 1786 1751 1842 sancti
1792 1785 2150 1852 disciplinam,
2193 1799 2310 1852 quae

757 1877 924 1946 possit
968 1892 1060 1931 eos
1089 1878 1350 1931 deducere
1385 1878 1436 1929 in
1480 1891 1693 1930 omnem
1738 1876 2037 1929 veritatem.
2072 1872 2305 1927 Necdum
2342 1858 2383 1914 Β

758 1968 897 2021 enim
926 1967 1155 2020 instante
1182 1965 1329 2035 Hart.
1360 1964 1614 2037 instabat]
1653 1966 1783 2019 hora
1818 1965 1867 2016 in
1901 1979 2001 2031 qua
2032 1961 2311 2031 oportebat

759 2071 847 2110 eos
877 2054 1077 2124 Spiritu
1108 2066 1291 2118 sancto
1320 2055 1529 2124 repleri,
1556 2066 1680 2108 tunc
1703 2056 1913 2122 quando
1944 2052 2074 2105 dixit
2101 2052 2163 2104 ad
2191 2066 2305 2116 eos,

763 2166 783 2198 ι
814 2149 1000 2202 Adhuc
1039 2148 1201 2200 multa
1252 2148 1418 2201 habeo
1446 2146 1595 2200 vobis
1629 2145 1826 2205 dicere,
1851 2162 1868 2193 ι
1925 2151 2313 2209 consequenter

759 2240 980 2303 addidit,
1019 2255 1038 2289 ι
1070 2238 1161 2292 sed
1196 2251 1299 2292 non
1346 2235 1567 2303 potestis
1595 2248 1656 2288 ea
1692 2242 1909 2299 portare
1956 2232 2129 2285 modo.
2156 2248 2174 2281 ι
2207 2230 2313 2281 Ad-

758 2327 862 2380 huc
907 2328 1046 2380 eniin
1077 2334 1202 2394 typo
1240 2324 1389 2393 legis,
1416 2334 1469 2378 et
1503 2324 1723 2384 umbrae,
1748 2328 1804 2373 et
1846 2319 2164 2388 imaginibus
2199 2330 2312 2370 ser-

758 2416 981 2479 vientes,
1009 2429 1109 2469 non
1143 2424 1387 2483 poterant
1428 2412 1706 2467 veritatem
1744 2411 1917 2479 (cujus
1950 2408 2191 2461 umbram
2226 2405 2313 2459 lex

759 2506 1023 2574 portabat)
1062 2505 1343 2573 inspicere,
1378 2502 1517 2556 unde
1550 2515 1647 2555 nec
1680 2498 1976 2568 spiritualia
2006 2496 2119 2567 (78)
2150 2497 2311 2550 susti-

761 2610 906 2649 nere.
943 2613 961 2645 c
986 2594 1116 2647 Cum
1162 2603 1371 2657 autem,
1394 2610 1413 2643 ι
1449 2592 1556 2653 ait,
1608 2608 1625 2640 ι
1657 2590 1861 2644 venerit
1898 2589 2004 2653 ille,
2030 2607 2048 2639 ι
2095 2588 2195 2642 hoc
2232 2596 2315 2641 est

766 2702 782 2733 ι
828 2683 1129 2753 paracletus
1151 2680 1383 2751 Spiritus
1404 2680 1664 2742 veritatis,
1692 2678 1883 2748 diriget
1906 2692 1999 2733 vos
2030 2676 2082 2733 in
2104 2688 2312 2733 omnem

760 2776 1060 2837 veritatem,
1081 2792 1101 2825 ι
1132 2786 1226 2826 sua
1260 2770 1525 2836 doctrina,
1563 2779 1615 2823 et
1649 2768 1983 2822 institutione
2021 2780 2113 2821 vos
2146 2776 2314 2821 trans-

759 2866 936 2920 ferens
966 2879 995 2917 a
1034 2871 1203 2917 morte
1243 2862 1431 2915 littera:
1487 2863 1551 2913 ad
1586 2859 1828 2929 spiritum
1856 2856 2234 2921 vivificantem,
2262 2858 2312 2909 in

757 2970 869 3024 quo
899 2952 1011 3009 solo
1058 2951 1231 3007 omnis
1279 2949 1571 3019 Scriptura!
1614 2948 1812 3001 veritas
1856 2946 2026 3016 posita
2055 2955 2154 3001 est.
2199 2946 2315 3015 lpse

761 3060 886 3116 ergo
916 3042 1148 3112 Spiritus
1173 3040 1439 3104 veritatis,
1468 3039 1772 3106 ingrediens
1815 3051 2003 3106 puram
2033 3045 2085 3089 et
2115 3035 2316 3102 simpli-

762 3150 877 3189 cem
918 3143 1171 3199 mentem,
1212 3130 1444 3198 signabit
1478 3129 1530 3183 in
1561 3128 1713 3182 vobis
1742 3126 2023 3182 scientiam
2054 3125 2313 3185 veritatis,

2408 638 2461 680 et
2492 626 2747 693 loquitur,
2784 638 2811 676 a
2840 622 3001 677 Patre
3029 631 3184 676 etme
3209 621 3278 673 illi
3302 630 3401 673 est.
3438 620 3546 686 Ego
3574 618 3851 670 veritatem
3889 615 3965 666 lu-

2409 730 2564 783 quor,
2599 713 2650 767 id
2685 722 2807 775 est,
2846 712 3048 779 inspiro
3085 726 3210 783 quae
3235 709 3506 777 loquitur;
3541 704 3801 775 siquidem
3844 702 3961 769 Spi-

2412 780 2544 858 ritus
2570 802 2807 857 veritatis
2853 810 2955 856 est.
2990 800 3175 859 Dicere
3192 780 3376 852 autem
3419 807 3473 851 et
3503 797 3647 864 loqui
3692 795 3741 847 in
3779 791 3965 846 Trini-

2411 901 2542 954 tate,
2574 907 2676 946 non
2730 890 3019 944 secundum
3064 886 3501 943 consuetudinem
3548 893 3816 940 nostram.
3856 892 3965 947 qlia

2409 982 2477 1034 ad
2531 996 2627 1033 nos
2680 981 2904 1034 invicem
2937 979 3359 1033 sermocinamur
3393 987 3446 1031 ct
3491 974 3778 1043 loquimur,
3816 971 3965 1025 acci-

2409 1073 2679 1138 piendum,
2714 1071 2805 1125 sed
2830 1070 2978 1139 juxta
3013 1068 3238 1123 formam
3283 1066 3698 1137 iucorporalium
3742 1076 3967 1116 natura-

2412 1179 2562 1225 rum,
2587 1173 2641 1215 et
2678 1163 2908 1215 maxime
2951 1160 3253 1226 Trinitatis,
3298 1174 3416 1227 qua
3445 1158 3769 1210 voluntatem
3804 1168 3960 1207 suam

2413 1251 2596 1305 inserit
2624 1251 2674 1304 in
2701 1250 2861 1303 corde
2890 1247 3219 1303 credentium
3253 1245 3388 1316 (79),
3420 1257 3474 1300 et
3502 1259 3686 1299 eorum
3720 1242 3807 1311 qui
3841 1257 3964 1294 eam

2412 1342 2593 1395 audire
2619 1347 2742 1393 sunt
2780 1338 2962 1408 digni:
3006 1339 3105 1391 hoc
3124 1345 3237 1402 est,
3273 1336 3448 1391 dicere
3465 1345 3518 1389 et
3542 1334 3701 1399 loqui.

2482 1471 2569 1525 35.
2614 1468 2721 1522 Nos
2748 1467 2940 1535 quippe
2977 1468 3221 1522 homines
3246 1464 3460 1535 quando
3487 1466 3553 1519 de
3586 1465 3761 1532 aliqua
3797 1481 3853 1517 re
3894 1466 3964 1520 ad

2412 1559 2635 1612 alterum
2685 1557 2970 1624 loquimur,
3012 1557 3240 1624 primum
3287 1553 3424 1624 quod
3468 1551 3742 1613 volumus,
3788 1561 3966 1602 luet-te

2411 1649 2739 1716 concipimus
2779 1648 2978 1715 absque
3030 1660 3275 1699 sermone
3316 1643 3447 1716 (80).
3494 1641 3619 1697 lude
3664 1642 3714 1694 in
3744 1641 3970 1693 alterius

2413 1756 2621 1794 sensum
2654 1738 2894 1792 volentes
2936 1735 3265 1800 transferre,
3315 1735 3507 1802 lingua:
3541 1746 3795 1803 organum
3818 1745 3970 1785 eoin-

2415 1843 2716 1892 movemus,
2745 1838 2798 1882 et
2827 1828 2975 1896 quasi
3003 1826 3265 1895 quoddam
3300 1822 3562 1891 plectrum
3587 1823 3805 1877 chordis
3826 1822 3967 1874 deu-

2412 1918 2540 1970 tium
2586 1917 2925 1976 collidentes,
2958 1913 3194 1967 vocalem
3255 1926 3442 1964 sonum
3478 1911 3789 1964 emittimus.
3851 1907 3972 1972 Quo

2411 2008 2567 2061 modo
2594 2007 2755 2074 igitur
2783 2020 2877 2060 nos
2923 2005 3188 2072 linguam,
3231 2017 3388 2072 quam
3428 2000 3603 2070 palato
3649 1999 3758 2069 (8|)
3787 1998 3971 2051 denti-

2413 2098 2613 2163 husque
2644 2095 2961 2159 collidimus,
3005 2102 3059 2147 et
3095 2091 3257 2144 ictum
3300 2105 3476 2144 aerem
3507 2089 3559 2143 in
3589 2089 3796 2141 diversa
3830 2098 3971 2140 tem-

2412 2200 2660 2254 peranius
2698 2183 2931 2253 eloquia,
2980 2192 3038 2236 ut
3066 2181 3224 2236 nobis
3262 2188 3385 2234 nota
3430 2178 3883 2233 communicemus
3917 2178 3972 2227 in

2414 2276 2548 2330 alios
2576 2293 2589 2329 :
2619 2276 2688 2328 ita
2723 2283 2776 2328 et
2806 2273 3098 2328 auditorem
3137 2285 3356 2326 necesse
3387 2279 3466 2323 est
3496 2267 3702 2336 patulas
3728 2266 3975 2335 praebere

2416 2377 2595 2430 aures,
2630 2374 2685 2417 et
2714 2361 2857 2417 nullo
2877 2361 3007 2417 vitio
3036 2369 3355 2421 coarctatas,
3389 2358 3441 2411 in
3476 2372 3539 2411 ea
3575 2370 3693 2425 qua:
3717 2356 3977 2409 dicuntur

2414 2456 2649 2523 arrigere
2694 2452 2845 2521 (82),
2877 2461 2935 2505 ut
2966 2452 3132 2520 possit
3156 2451 3228 2505 ita
3262 2450 3402 2505 seire
3433 2462 3549 2516 qua:
3598 2446 3967 2515 proferuntur,

2415 2543 2678 2612 quomodo
2702 2542 2848 2596 novit
2872 2555 2934 2595 ea
2965 2540 3054 2595 ille
3086 2540 3175 2607 qui
3197 2538 3449 2607 loquitur.
3481 2536 3645 2591 Porro
3677 2535 3816 2588 Deus
3836 2534 3975 2586 sim-

2413 2632 2534 2703 plex
2570 2640 2622 2686 et
2672 2634 3035 2700 incomposite
3074 2628 3470 2698 spiritualisque
3513 2636 3747 2689 naturae,
3792 2640 3972 2692 neque

2413 2736 2593 2787 aures,
2618 2734 2791 2790 neque
2813 2734 3013 2789 organa
3038 2758 3056 2785 ,
3088 2719 3279 2789 quibus
3307 2732 3409 2771 vox
3447 2716 3726 2780 emittitur,
3771 2714 3974 2776 habet;

2414 2813 2508 2868 sed
2532 2809 2765 2866 solitaria
2795 2808 3451 2879 incomprehensibilisque
3470 2806 3769 2861 substantia
3802 2804 3969 2858 nullis

2415 2901 2669 2956 membris
2710 2901 3056 2969 partibusque
3098 2898 3457 2966 componitur.
3504 2896 3631 2962 Quae
3658 2896 3871 2964 quidem
3907 2895 3978 2949 de

2416 2992 2550 3048 Filio
2588 3001 2641 3048 et
2665 2993 2733 3048 de
2767 2991 2971 3061 Spiritu
3007 3002 3191 3047 sancto
3226 2991 3479 3046 similiter
3499 2990 3829 3059 aecipbnda.

2489 3126 2577 3181 56.
2618 3124 2673 3179 Si
2698 3125 2911 3194 quando
2942 3138 3070 3197 ergo
3110 3123 3332 3193 legimus
3358 3126 3409 3177 in
3448 3120 3785 3191 Scripturts:
3829 3140 3847 3172 ι
3883 3120 3979 3174 Di-

762 3235 816 3280 et
853 3239 1062 3293 semper
1090 3192 1225 3277 nova
1253 3192 1522 3275 veteribus
1570 3219 1883 3289 adjungens,
1923 3216 2112 3285 diriget
2140 3229 2232 3268 vos
2262 3215 2312 3268 in
2346 3192 2389 3253 ο
2422 3213 2498 3266 xit
2516 3192 2772 3266 Dominus
2790 3192 3028 3268 Domino
3045 3192 3230 3268 meo“
3256 3229 3271 3278 ;
3296 3229 3315 3263 ι
3336 3220 3388 3266 ει
3414 3210 3538 3265 alibi
3560 3227 3574 3263 :
3595 3227 3614 3261 ι
3644 3210 3783 3263 Dixit
3811 3207 3979 3268 Dens.

762 3330 972 3368 omnem
1004 3313 1302 3367 veritatem.

835 3404 923 3456 54.
960 3401 1040 3454 Ad
1081 3400 1245 3454 Deum
1289 3412 1499 3469 quoque
1550 3396 1761 3450 Patrem
1810 3396 2024 3465 quidam
2079 3394 2315 3462 allegans

765 3506 965 3559 preces,
1001 3490 1235 3558 loquitur
1282 3507 1295 3542 :
1335 3507 1352 3539 ι
1392 3487 1568 3558 Dirige
1606 3501 1688 3540 me
1722 3486 1773 3539 in
1807 3484 2030 3539 veritate
2084 3492 2172 3535 tua
2196 3482 2261 3544 “,
2291 3500 2310 3533 ι

769 3579 870 3632 hoc
916 3588 1020 3641 est,
1048 3579 1099 3630 in
1139 3576 1426 3646 Unigenito
1470 3586 1591 3642 tuo,
1627 3576 1838 3647 propria
1883 3588 2012 3628 voce
2046 3582 2314 3627 testante:

2419 3303 2538 3357 Fiat
2568 3303 2652 3355 lux
2682 3303 2746 3367 οτ,
2785 3322 2804 3356 ι
2829 3314 2881 3357 ει
2904 3303 2948 3358 si
2974 3316 3075 3372 qua
3108 3303 3194 3358 bis
3223 3302 3438 3365 similia,
3486 3301 3641 3365 digne
3667 3298 3761 3368 (al.
3792 3299 3981 3369 digna)

2419 3396 2526 3449 Deo
2554 3395 2796 3463 accipere
2839 3393 3113 3448 debemus.
3145 3391 3328 3463 Neque
3353 3394 3494 3448 enim
3532 3392 3803 3459 ignorante
3840 3389 3982 3443 Filio

2420 3486 2529 3553 (qui
2552 3484 2806 3552 sapientia
2827 3493 2881 3537 et
2910 3483 3109 3536 veritas
3132 3482 3235 3555 est)
3270 3482 3427 3537 Pater
3456 3496 3604 3537 suam
3630 3481 3839 3534 nuntiat
3873 3496 3974 3534 vo-

2423 3574 2700 3635 luntaletn,
2731 3588 2851 3626 cum
2885 3586 3043 3626 omne
3075 3573 3215 3639 quod
3260 3572 3513 3639 loquitur,
3544 3570 3755 3640 sapiens
3792 3584 3981 3625 verus-

772 3685 791 3718 ι
832 3666 941 3738 Ego
970 3677 1086 3720 sum
1122 3668 1316 3721 veritas
1358 3666 1422 3720 ⁸⁸.
1464 3684 1483 3719 ι
1514 3666 1682 3733 Quam
1719 3664 2101 3735 perfectionem
2140 3665 2326 3719 tribuit
2423 3675 2524 3731 que
2553 3661 2870 3724 subsistens,
2902 3661 2956 3715 in
2995 3662 3255 3730 sapientia
3287 3662 3481 3716 habeat
3534 3669 3589 3716 et
3643 3662 3695 3714 in
3725 3661 3972 3714 substan-

770 3757 909 3811 Deus
943 3758 1159 3811 mittens
1207 3753 1465 3825 Spiritum
1505 3756 1781 3819 veritatis.
1825 3756 1916 3825 qui
1952 3756 2233 3810 credentes
2267 3754 2320 3807 in
2411 3756 2482 3810 tia
2506 3754 2639 3826 (85).
2665 3752 2837 3823 Loqui
2858 3766 2987 3822 ergo
3015 3752 3256 3821 Patrem,
3286 3750 3443 3824 15.3
3474 3761 3528 3806 et
3546 3750 3733 3807 audire
3755 3751 3986 3817 Filium,

772 3857 936 3899 totam
968 3847 1163 3913 dirigat
1203 3847 1501 3899 veritatem.
1542 3847 1745 3899 Dehine
1783 3846 1835 3897 in
1875 3845 2326 3911 consequentibus
2410 3846 2494 3901 vel
2521 3861 2550 3900 e
2572 3842 3026 3909 contrario,Ftlio
3044 3844 3317 3912 loquente,
3346 3844 3533 3898 audire
3563 3843 3802 3909 Patrem,
3830 3845 3991 3915 ejus-

767 3927 834 3982 de
854 3929 1063 3996 Spiritu
1094 3930 1360 3997 veritatis,
1383 3930 1523 4001 quia
1541 3928 1702 3986 Patre
1726 3930 1998 3995 mittatur,
2017 3931 2154 3986 etsit
2174 3930 2336 3984 Para-
2412 3940 2528 3992 dem
2551 3938 2822 3991 naturaain
2841 3936 2997 3990 Patre
3012 3949 3065 3989 et
3081 3933 3218 3989 FlllO
3233 3949 3638 4005 consensusque
3654 3936 3989 4002 signiticuiio

766 4024 962 4087 cletns,
1006 4022 1255 4081 Salvator
1287 4026 1396 4095 (qui
1430 4033 1485 4079 et
1520 4024 1748 4094 veritas)
1776 4024 1853 4079 ait
1889 4041 1905 4079 :
1945 4023 2103 4095 142
2154 4043 2172 4076 ι
2212 4022 2331 4079 Νοη
2418 4031 2514 4075 est.
2552 4020 2781 4088 Spiritus
2810 4036 3019 4089 quoque
3051 4012 3301 4086 sanctus,
3337 4023 3424 4090 qui
3459 4035 3535 4073 t'sl
3572 4025 3787 4088 spiritus
3826 4026 3978 4073 Vtri-

760 4108 899 4162 enim
933 4108 1174 4179 loquetur
1205 4127 1233 4165 a
1271 4115 1595 4181 semetipso:
1623 4130 1641 4163 ε
1666 4113 1764 4167 hoc
1793 4122 1895 4178 est,
1923 4128 2026 4167 non
2062 4113 2179 4166 sine
2214 4126 2318 4174 me,

763 4207 814 4250 et
851 4199 965 4251 sine
1004 4213 1124 4254 meo
1152 4211 1205 4254 et
1234 4200 1411 4256 Patris
1442 4203 1686 4266 arbitrio,
1726 4204 1849 4272 quia
1886 4201 2257 4279 inseparabilis
2288 4217 2317 4255 a

763 4306 877 4344 mea
903 4301 956 4344 et
985 4290 1160 4347 Patris
1187 4304 1269 4347 est
1296 4295 1587 4361 voluntate,
1632 4298 1754 4366 quia
1783 4311 1884 4349 non
1914 4312 1979 4349 ex
2011 4309 2070 4350 se
2093 4304 2194 4359 est,
2224 4294 2315 4347 sed

831 4384 871 4453 ’ξ
906 4381 1055 4436 Joau.
1082 4398 1178 4453 vit,
1203 4386 1290 4442 39.
1370 4386 1413 4417 ⁸¹
1434 4387 1588 4443 Joan.
1615 4405 1704 4453 xx,
1736 4388 1824 4441 22.
1899 4387 1944 4418 “
1979 4387 2101 4442 Act.
2131 4404 2169 4453 ι,
2200 4388 2254 4440 8.

760 4454 803 4481 ⁸⁵⁷
833 4450 964 4505 Gen.
1002 4467 1045 4513 l,
1081 4452 1130 4504 5.

762 4554 844 4592 ins
884 4541 1122 4609 editio,t
1153 4548 1203 4593 et
1238 4540 1447 4609 penitus
1491 4540 1581 4595 Dei
1633 4542 1945 4609 sapientiam
1996 4541 2299 4594 nescientes
2330 4542 2373 4596 ι)

760 4610 1011 4677 dirigit“
1050 4608 1212 4662 Vatic.
1250 4627 1267 4659 ι
1298 4607 1386 4660 Dei
1434 4607 1743 4676 sapientiam
1778 4612 2073 4664 nescientes
2118 4609 2299 4677 dirigi-

760 4688 872 4738 tur;
901 4695 917 4727 ι
958 4676 1109 4745 Reg,
1150 4696 1171 4746 ᾳ
1202 4677 1292 4730 Dei
1320 4677 1574 4744 sapientia
1605 4682 1833 4746 ignaros,
1854 4696 1871 4729 ι
1905 4689 2007 4731 etc.
2050 4676 2290 4736 Tholos.,

767 4764 784 4795 ι
825 4756 875 4799 ει
914 4745 1094 4812 plenos
1142 4745 1232 4798 Dei
1283 4748 1539 4812 sapientia
1590 4745 1835 4814 dirigitur
1883 4748 2019 4799 sicut
2087 4746 2303 4814 fuerunt

756 4814 887 4881 justi
917 4824 968 4865 et
1002 4814 1297 4879 prophetae,
1346 4814 1436 4867 sed
1489 4816 1553 4867 ad
1601 4829 1713 4876 eos,
1748 4816 1832 4881 qui
1871 4817 2151 4881 verborum
2191 4813 2303 4878 ejus

758 4880 1023 4935 auditores
1052 4884 1272 4935 necdum
1304 4882 1531 4946 fuerant,
1555 4902 1573 4935 ι
1604 4894 1712 4938 etc.
1741 4880 1874 4936 Tum
1903 4885 2074 4935 denuo
2104 4880 2299 4943 Vatic.,

766 4969 783 4999 ι
814 4952 1033 5020 necdum
1054 4948 1272 5020 fuerun_t
1296 4952 1471 5003 omnia
1506 4954 1798 5014 consecuti,
1827 4966 1944 5020 qua
1988 4960 2175 5019 postea
2206 4965 2302 5017 pro

762 5019 974 5071 nomine
1017 5018 1140 5088 ejus
1154 5018 1379 5088 sulferre
1410 5026 1673 5085 poterant,
1724 5022 1816 5073 sed
1845 5018 2021 5088 aliqua
2054 5034 2117 5072 ex
2153 5028 2305 5088 parte

764 5090 976 5141 tradens
1004 5088 1083 5139 eis
1112 5086 1222 5151 illa,
1260 5102 1377 5153 qua:
1406 5088 1602 5154 majora
1643 5100 1797 5141 erant
1823 5089 1874 5140 in
1899 5086 2166 5155 posterum
2203 5087 2305 5138 dif-

760 5155 957 5216 ferens,
990 5157 1364 5209 commendans
1389 5164 1441 5207 et
1472 5156 1580 5220 illa,
1608 5172 1724 5222 qua:
1756 5159 1805 5209 in
1835 5155 2066 5208 futurum
2095 5165 2305 5221 tempus

762 5223 880 5302 ideo
924 5224 1154 5287 distulit,
1197 5234 1255 5276 ut
1292 5224 1493 5291 reliqua
1541 5226 1813 5302 disciplina
1869 5224 2093 5302 Spiritus
2134 5225 2303 5276 sancti

762 5294 863 5355 sui,
891 5306 1071 5361 quae...
1112 5307 1214 5361 non
1250 5303 1495 5361 poterant
1526 5294 1571 5347 si
1614 5295 1858 5361 primitus
1904 5296 1952 5345 in
1990 5302 2169 5361 nostro
2211 5307 2303 5343 ca-

762 5361 868 5428 pite
910 5360 1270 5428 magisterium
1297 5370 1349 5413 et
1382 5361 1549 5414 forma
1581 5360 1753 5415 erucis
1788 5364 2004 5428 periret.
2036 5360 2299 5424 Quaecun-

801 5443 865 5481 ne
910 5429 1051 5480 enim
1116 5427 1334 5481 sulferre
1386 5441 1692 5496 pateram,»
1743 5427 1843 5484 etc.
1889 5431 2079 5482 Eadem
2138 5432 2304 5481 ferme

812 5496 1091 5568 holosaous
1116 5500 1389 5564 praeponit,
1414 5507 1724 5568 tantumque
1749 5501 1941 5552 rectius
1974 5498 2118 5564 legit,
2144 5514 2168 5568 _i
2200 5498 2302 5549 nisi

764 5566 1006 5632 primitus
1053 5566 1103 5617 in
1157 5577 1336 5619 nostro
1387 5568 1561 5634 capite
1617 5566 1977 5634 magisterium
2028 5576 2081 5616 et
2129 5566 2301 5617 fortun

766 5634 937 5685 crucis
984 5634 1269 5701 puniret“
1322 5638 1442 5702 quia
1495 5644 1617 5687 ante
1680 5638 1961 5686 adventum
2025 5635 2306 5684 llomiinme

764 5701 1045 5823 passlionis,
1072 5720 1090 5753 ι
1124 5712 1249 5765 etc.,
1281 5701 1570 5771 exquibus
1616 5705 1734 5758 boui
1784 5704 1979 5770 aliquid
2017 5702 2182 5754 let-tur
2214 5717 2307 5754 ex-

770 5779 859 5822 tun
898 5779 973 5823 at.

770 5779 973 5823 tundat.

2419 4109 2565 4177 tatis,
2614 4109 2939 4178 spiritusque
2993 4111 3285 4178 sapientiae,
3338 4126 3441 4163 non
3495 4119 3671 4177 potest
3717 4109 3855 4163 Filio
3892 4111 3971 4162 lo-

2417 4210 2609 4269 quente
2635 4200 2818 4253 audire
2850 4215 2968 4270 quat
3006 4200 3213 4267 nescit,
3237 4216 3356 4255 cum
3391 4201 3491 4256 hoc
3522 4201 3691 4269 ipsum
3716 4199 3784 4252 sit
3823 4201 3973 4268 quod

2415 4290 2685 4360 profertur
2711 4306 2737 4343 a
2763 4289 2900 4344 Filio
2926 4331 2941 4356 ,
2967 4291 3019 4343 id
3052 4300 3168 4356 est,
3195 4292 3489 4360 procedens
3515 4306 3543 4343 a
3566 4290 3803 4354 veritate,
3832 4304 3976 4343 con-

2331 4384 2541 4439 “Psal.
2604 4397 2753 4448 xxrv,
2803 4382 2854 4437 5.
2932 4382 2975 4413 ⁸⁸
3010 4380 3305 4449 Joan.xtv,
3355 4383 3408 4438 6.
3484 4385 3529 4417 “
3558 4383 3699 4438 Psal.
3748 4398 3862 4446 ctx,
3913 4385 3973 4438 2.

2473 4538 2585 4610 (77)
2626 4539 2867 4602 Tholos.,
2900 4558 2917 4591 ‹
2950 4539 3195 4593 Nondum
3226 4549 3341 4595 erat
3368 4540 3597 4609 Spiritus
3630 4541 3808 4610 datus,
3835 4542 3977 4608 quia

2401 4607 2574 4662 Iesus
2600 4610 2829 4663 nondum
2878 4611 3054 4662 fuerat
3078 4607 3421 4674 glorificatus.
3455 4630 3472 4662 ι
3502 4612 3636 4674 Quid
3671 4618 3748 4662 est
3778 4607 3971 4663 Jes'uu;

2404 4626 2555 4662 aesus
2600 4626 2829 4663 nonuum
2878 4626 3054 4662 luerat
3114 4626 3419 4663 tortucatus.
3455 4630 3472 4662 ι
3502 4626 3636 4674 uutu
3671 4626 3748 4662 est
3778 4626 3856 4662 ae:

2404 4679 2630 4728 nondum
2650 4678 3053 4730 lionorilicatnm
3073 4626 3445 4732 giGlorilicari
3475 4681 3675 4739 dicens,
3698 4695 3716 4727 ι
3747 4688 3856 4731 ctc.

2475 4744 2584 4813 (78)
2638 4744 2757 4797 Erat
2818 4765 2833 4795 ι
2876 4762 2940 4797 ne
2994 4746 3350 4812 spiritualitl.»
3394 4747 3553 4802 Vetus
3600 4749 3761 4809 edit.,
3811 4764 3829 4797 ι
3865 4761 3972 4800 net:

2404 4812 2647 4881 denique.
2680 4833 2698 4865 ι
2741 4813 2880 4876 Vat.,
2916 4831 2934 4864 ε
2968 4829 3155 4881 neque.
3184 4832 3202 4865 ›

2473 4882 2583 4954 (79)
2624 4881 2849 4954 Legerat
2886 4884 3012 4935 olim
3058 4884 3371 4954 Gratianus,
3414 4904 3431 4937 ι
3472 4884 3662 4954 ingerit
3703 4899 3752 4954 tn
3796 4887 3971 4936 corda

2403 4952 2773 5017 credentium,
2805 4962 2859 5005 et
2898 4966 3083 5006 eorum
3112 4952 3362 5007 cordibus
3384 4952 3563 5007 inserit
3588 4992 3602 5013 ,
3639 4953 3725 5017 qni
3753 4966 3899 5012 eam.
3946 4975 3967 5005 ι

2406 5030 2509 5141 inc.
2535 5017 2658 5099 Mox
2693 5019 2935 5084 Tholos.,
2972 5038 2989 5070 ι
3026 5019 3224 5084 dicere,
3265 5024 3425 5085 scire,
3461 5034 3513 5076 et
3553 5022 3871 5088 intelligere,
3912 5034 3972 5075 et

2426 5102 2569 5141 00m.
2613 5106 2631 5138 ι

2426 5102 2569 5155 Oqtll.
2613 5106 2631 5138 ι

2476 5154 2587 5224 (80)
2629 5154 2790 5210 Vetus
2812 5157 2965 5222 edit.,
2996 5175 3016 5210 ς
3050 5167 3229 5213 mente
3251 5156 3598 5223 concipimus,
3620 5167 3671 5210 et
3696 5160 3815 5225 quia
3852 5174 3965 5213 non

2404 5227 2644 5277 valemus
2673 5226 2873 5292 absque
2897 5242 3141 5280 sermone
3181 5228 3233 5279 in
3278 5225 3501 5277 alterum
3532 5240 3742 5277 sensum
3777 5237 3965 5280 trans-

2410 5294 2572 5358 ferre,
2610 5292 2799 5362 linguae
2830 5310 3082 5361 organum
3113 5308 3527 5348 eomtttovetnns.
3563 5312 3580 5344 ι
3622 5295 3819 5346 Exinde
3853 5294 3968 5348 Re-

2408 5363 2540 5427 gina!
2588 5362 2739 5421 liber.
2795 5381 2814 5412 ι
2875 5374 2928 5414 et
2970 5363 3156 5415 dentes
3197 5362 3346 5431 quasi
3378 5365 3643 5429 quoddam
3690 5366 3966 5431 plectrum

2405 5432 2583 5484 Cordis
2621 5433 2950 5490 collidcntes,
2998 5449 3014 5480 ι
3056 5441 3162 5484 etv.

2476 5498 2584 5565 (8t)
2628 5499 2759 5549 Edui
2790 5501 3044 5566 plerique,
3076 5501 3333 5569 «linguam
3362 5514 3521 5568 quam
3549 5498 3739 5567 palato,
3765 5516 3784 5549 ι
3814 5510 3958 5556 etc.:

2407 5570 2751 5618 etnetnlantus
2780 5584 2804 5616 a
2844 5571 3071 5629 scriptis.
3448 5571 3452 5574 ’

2477 5638 2586 5700 (ἐκ)
2624 5637 2896 5686 .‘isscutiur
2930 5637 3164 5697 itu-thin,
3193 5637 3279 5704 qui
3322 5656 3336 5686 ι
3390 5638 3623 5703 arrigere
3650 5654 3668 5685 ι
3706 5637 3963 5704 scripsit,

2409 5718 2501 5771 pro
2538 5722 2552 5746 ι
2588 5720 2807 5760 criuvre,
2851 5722 2866 5751 ι
2898 5712 3035 5769 quod
3071 5711 3321 5756 hactenus
3352 5707 3653 5757 obtinui-rat

2480 5772 2587 5840 (83)
2630 5774 2761 5823 Uluu
2787 5782 2917 5833 crat,
2952 5790 2969 5822 ι
3006 5783 3058 5827 et
3111 5776 3160 5825 in
3200 5774 3417 5825 veritate
3465 5774 3833 5826 substantiam.
3876 5789 3903 5825 ι
