4212 6446
228 422 328 487 111

917 423 1396 484 TRANSLATIO
1427 422 1633 481 LIBRI
1677 415 1948 477 DlDYMI
1986 416 2076 473 DE
2108 414 2423 473 SPIlilTU
2459 410 2770 472 SANCTU.

3342 406 3445 470 14'2

230 525 437 575 solator
470 534 695 574 manans
733 518 795 572 de
839 519 1175 573 consolatore
1207 518 1339 589 (84),
1377 522 1513 575 Deus
1546 523 1608 575 de
1653 523 1789 585 Deo,
1822 528 1867 583 Α
1893 522 2031 589 quod
2058 523 2213 574 datur
2235 520 2278 572 ei
2306 534 2333 570 a
2360 518 2509 573 Filio.
2533 518 2815 584 Propterea
2842 526 3014 567 autem
3045 517 3138 567 ista
3165 517 3430 582 dicuntur,

229 609 467 681 Spiritus
492 611 745 665 veritatis
780 612 1088 678 procedens.
1128 609 1369 677 Denique
1405 626 1471 664 ne
1497 612 1614 678 quis
1641 612 1788 665 illum

226 714 255 752 a
291 699 471 753 Patris
501 710 557 752 et
586 698 708 752 Filii
748 698 1016 751 voluntate
1058 707 1109 749 et
1138 697 1393 751 societate
1421 698 1745 752 discerneret
1774 739 1788 762 ,

222 791 490 860 scriptum
513 802 601 846 est
625 809 638 843 :
682 809 699 841 ι
732 790 843 843 Non
874 790 1014 843 enim
1040 806 1068 843 a
1097 790 1384 858 semetipso
1409 789 1675 857 loquetur,
1699 791 1790 844 sed

221 878 363 932 sicut
392 878 580 932 audiet
625 878 893 945 loquetur.
929 896 946 929 ι
981 876 1079 930 Cui
1109 878 1267 932 etiam
1312 878 1485 931 simile
1518 879 1584 932 de
1617 880 1792 946 seipso

221 968 475 1023 Salvator
502 972 579 1022 ait
607 986 623 1023 :
663 987 682 1019 ι
713 968 860 1022 Sicut
880 970 1054 1032 audio,
1084 978 1135 1022 et
1161 969 1345 1037 judico
1377 968 1451 1030 “;
1484 987 1503 1019 ι
1541 980 1593 1022 et
1620 970 1739 1023 alibi
1774 988 1786 1023 :

224 1079 244 1110 ς
273 1058 392 1114 Non
415 1068 598 1128 potest
634 1060 802 1115 Filius
832 1074 861 1113 a
891 1074 948 1114 se
975 1059 1084 1129 (85)
1118 1059 1292 1113 facere
1326 1060 1614 1128 quidquam
1642 1099 1653 1121 ,
1690 1061 1791 1115 nisi

217 1151 360 1220 quod
388 1152 589 1205 viderit
614 1151 826 1205 Patrem
859 1150 1142 1205 facientem
1159 1151 1226 1203 “.
1249 1169 1267 1201 ι
1296 1148 1351 1203 Si
1373 1150 1513 1204 enim
1543 1166 1677 1206 unus
1708 1159 1790 1204 est

1892 618 1947 663 ut
1980 614 2218 663 eamdem
2264 609 2312 662 in
2372 608 2628 660 Trinitate
2676 607 2956 659 credamus
3010 619 3126 659 esse
3188 619 3432 663 naturam

1892 700 2121 766 Spiritus
2159 698 2348 761 sancti,
2375 712 2491 764 qum
2517 706 2597 749 est
2627 696 2797 747 Patris
2841 708 2893 748 et
2922 695 3059 748 Filii.

1962 789 2048 841 58.
2090 788 2221 851 Quia
2248 804 2371 855 ergo
2401 788 2497 857 Lai.
2522 785 2689 855 enim]
2710 788 2879 839 omnis
2910 787 3137 839 humana
3166 802 3261 839 vox
3294 788 3425 840 nihil

1892 886 2067 948 potest
2117 879 2256 931 aliud
2305 879 2543 947 judicare
2590 892 2749 945 quam
2796 891 3038 945 corpora,
3076 888 3128 932 et
3179 876 3434 944 Trinitas,

1892 972 1955 1025 de
1974 985 2074 1039 qua
2100 984 2240 1023 nunc
2264 971 2413 1025 nobis
2442 985 2615 1024 sermo
2645 979 2743 1033 est,
2776 982 2959 1022 omnes
2989 971 3285 1024 materiales
3308 972 3435 1024 sub-

1891 1064 2114 1117 stantias
2148 1072 2381 1132 superat,
2418 1062 2614 1115 idcirco
2666 1062 2864 1115 nullum
2912 1062 3129 1114 verbum
3181 1072 3354 1129 potest
3387 1063 3436 1117 ei

1892 1154 2103 1223 proprie
2146 1153 2417 1223 coaptari,
2450 1164 2501 1206 et
2544 1153 2657 1219 ejus
2696 1153 2996 1221 signiﬁcare
3049 1154 3394 1208 substantiam
3421 1196 3435 1217 ,

219 1242 366 1295 Patri
407 1241 621 1306 Filius,
658 1256 762 1296 non
788 1241 941 1309 juxta
989 1242 1207 1297 Sabellii
1247 1242 1445 1296 dictum
1492 1242 1706 1297 Patrem
1738 1255 1793 1297 et

220 1333 417 1385 Filium
457 1332 875 1397 confundentis,
909 1336 1000 1388 sed
1034 1333 1182 1400 juxta
1232 1333 1663 1388 indiscretionem
1710 1350 1795 1387 es-

217 1423 428 1486 scotia,
456 1423 580 1477 sive
600 1424 932 1485 substantiae,
959 1439 1061 1477 non
1088 1433 1260 1491 potest
1285 1425 1569 1491 quidquam
1596 1426 1793 1490 absque

220 1509 378 1563 Patre
422 1511 627 1577 facere,
652 1512 777 1580 quia
812 1522 1178 1579 separatorum
1219 1513 1428 1566 diversa
1452 1523 1575 1564 sunt
1607 1526 1793 1580 Opera,

217 1601 311 1655 sed
344 1602 543 1655 videns
568 1612 882 1670 operantem
905 1602 1139 1668 Patrem,
1168 1613 1222 1656 et
1247 1604 1358 1670 ipse
1387 1612 1657 1670 Operatur,
1692 1620 1791 1656 non

216 1693 457 1744 secundo
493 1692 696 1761 gradu,
726 1702 781 1745 et
816 1703 935 1760 post
984 1693 1127 1745 illum
1170 1706 1413 1760 operans.
1447 1693 1561 1744 Alia
1601 1693 1795 1759 quippe

218 1779 417 1843 Patris,
448 1781 557 1833 alia
584 1780 707 1835 Filii
734 1796 897 1849 opera
926 1796 1043 1835 esse
1077 1782 1388 1849 inciperent,
1418 1783 1459 1834 si
1492 1796 1596 1834 non
1622 1796 1794 1847 aequa-

1892 1248 1981 1300 sed
2022 1262 2177 1299 omne
2224 1246 2361 1315 quod
2400 1245 2681 1314 loquimur,
2717 1244 3161 1315 καταχρηστικῶς
3187 1284 3200 1307 ,
3239 1247 3288 1298 id
3316 1260 3389 1301 est
3418 1287 3435 1312 ,

1893 1335 2109 1389 abusive
2138 1344 2239 1400 est,
2272 1344 2323 1387 et
2354 1336 2418 1389 de
2448 1336 2862 1402 incorporalibus
2886 1337 3114 1399 cunctis,
3139 1339 3437 1388 etmaximo

1893 1440 2012 1477 cum
2044 1426 2108 1479 de
2135 1425 2395 1479 Trinitate
2427 1426 2708 1493 loquimur.
2744 1425 3012 1479 Gloriticat
3042 1428 3216 1494 itaque
3241 1428 3431 1480 Filium

1895 1512 2125 1581 Spiritus
2148 1522 2381 1575 sanctus,
2410 1516 2691 1567 ostendens
2718 1514 2860 1566 illum
2887 1524 2938 1566 et
2968 1514 3018 1566 in
3044 1529 3281 1582 apertum
3313 1532 3438 1584 pro-

1896 1605 2072 1657 l'erens
2118 1604 2199 1657 his
2230 1605 2317 1671 qui
2353 1605 2545 1659 mundo
2573 1606 2735 1658 corde
2779 1620 2896 1658 eum
2944 1606 3231 1673 intelligere
3263 1618 3315 1659 et
3359 1610 3439 1657 vi.

1894 1695 2018 1747 dere
2052 1705 2175 1749 sunt
2207 1696 2372 1763 digiti,
2409 1706 2459 1749 et
2492 1698 2828 1765 splendorem
2860 1699 3185 1759 substantia,
3215 1709 3267 1753 et
3304 1701 3439 1752 ima-

1823 1846 1863 1899 Β
1895 1785 2065 1850 ginem
2092 1785 2370 1839 invisibilis
2394 1784 2482 1837 Dei
2502 1787 2657 1839 scire.
2684 1786 2907 1839 Rursum
2932 1787 3102 1855 imago
3128 1788 3236 1856 ipsa
3260 1799 3440 1841 osten-

1898 1878 2021 1899 .ΙΛ..,-
2047 1891 2101 1899 ..η
2131 1876 2266 1899 ,ιη-ἶ,
2304 1876 2566 1899 ---Α-.ιῖΙ..-..
2615 1876 2863 1899 -I.‘_.2(:_..a
2901 1877 2937 1899 Ῐὶ
2980 1888 3107 1899 ι..ν....
3166 1879 3435 1899 !_-!__.____-

217 1872 340 1924 liter
373 1872 593 1926 ﬁerent.
630 1872 902 1941 Scriptum
949 1883 1032 1927 est
1061 1884 1238 1925 autem
1268 1891 1281 1925 :
1319 1894 1336 1926 ι
1364 1876 1496 1940 Quae
1525 1872 1667 1925 enim
1702 1872 1789 1926 ille

216 1962 365 2025 facit,
404 1982 423 2014 ι
457 1963 604 2015 haud
650 1964 867 2016 dubium
906 1963 1031 2031 quin
1066 1962 1224 2016 Pater
1248 2003 1262 2025 ,
1291 1980 1309 2011 ι
1342 1964 1454 2016 haec
1496 1963 1680 2016 eadem
1706 1962 1793 2016 Fi-

216 2054 321 2107 lius
354 2054 618 2107 similiter
646 2053 776 2107 facit
802 2054 869 2104 ’°.
900 2072 918 2103 ι
950 2052 1100 2118 Quod
1126 2054 1170 2105 si
1210 2062 1463 2120 operante
1489 2051 1649 2105 Patre
1678 2052 1791 2122 (86)
1816 2066 1823 2072 ‘

214 2150 268 2194 et
300 2139 462 2204 Filio,
495 2156 606 2194 non
630 2142 782 2209 juxta
811 2141 1075 2203 ordinem,
1121 2140 1277 2209 primi
1327 2152 1379 2194 et
1409 2140 1653 2206 secundi,
1699 2143 1790 2194 sed

216 2232 363 2296 iuxta
425 2231 570 2286 idem
599 2241 807 2300 tempus
836 2232 1090 2301 operandi
1131 2233 1314 2286 eadem
1345 2243 1399 2284 et
1429 2231 1790 2293 indissimilia.

214 2323 523 2376 subsistunt
568 2322 818 2382 universa
859 2336 977 2390 qua
1011 2322 1163 2385 fiunt,
1206 2331 1260 2375 et
1289 2320 1454 2376 Filius
1486 2337 1587 2375 non
1619 2332 1790 2389 potest

215 2428 244 2464 a
271 2414 577 2483 semetipso
606 2414 896 2482 quidquam
938 2413 1111 2466 facere
1133 2454 1148 2477 ,
1181 2414 1269 2482 qui
1311 2428 1339 2465 a
1383 2412 1540 2466 Patre
1567 2429 1670 2465 non
1702 2428 1795 2481 po-

216 2514 323 2559 test
370 2505 646 2572 separari,
699 2504 779 2558 sic
828 2512 883 2557 et
921 2502 1152 2571 Spiritus
1204 2514 1421 2557 sanctus
1462 2514 1792 2570 nequaquam

1894 1878 2023 1927 deus
2046 1891 2103 1929 se
2130 1876 2278 1942 puris
2304 1876 2589 1939 mentibus,
2614 1876 2869 1941 glorificat
2900 1877 3134 1942 Patrem,
3166 1879 3439 1931 insinuans

1893 1979 2012 2016 eum
2063 1964 2455 2028 nescientibus,
2498 1966 2608 2033 ipse
2636 1966 2773 2018 enim
2803 1967 2877 2017 ait
2912 1984 2925 2018 :
2976 1985 2993 2017 ι
3031 1968 3129 2033 Qui
3162 1969 3300 2020 videt
3336 1985 3439 2030 me,

1897 2051 2033 2103 videt
2064 2060 2115 2103 et
2148 2049 2354 2104 Patrem
2381 2053 2445 2105 “.
2482 2072 2500 2104 ι
2527 2054 2680 2106 Pater
2717 2068 2927 2121 quoque
2962 2055 3200 2109 revolans
3247 2050 3439 2109 Filium

1894 2141 1978 2194 his
2018 2142 2105 2208 qui
2157 2143 2221 2194 ad
2274 2143 2469 2197 calcem
2507 2145 2743 2196 scientia:
2785 2146 3061 2212 pervenire
3105 2158 3435 2209 meruerunt,

1893 2230 2157 2299 glorilicat
2187 2230 2523 2301 Unigenitum
2557 2249 2730 2296 stnnn,
2777 2236 3061 2288 ostendens
3095 2236 3208 2303 ejus
3239 2243 3443 2305 magni-

1896 2320 2162 2375 licentiam
2191 2330 2349 2390 atque
2373 2323 2641 2376 virtutem.
2676 2324 2779 2378 Sed
2804 2334 2855 2377 ct
2880 2326 2989 2393 ipse
3009 2325 3173 2380 Filius
3200 2329 3438 2385 tribuens

1897 2411 2154 2479 Spiritum
2202 2424 2441 2467 sanctum
2484 2414 2564 2465 his
2602 2415 2689 2481 qui
2738 2430 2795 2468 se
2836 2416 3021 2484 dignos
3066 2418 3177 2484 ejus
3226 2435 3442 2472 munere

1895 2511 2345 2568 praeparaverunt,
2394 2513 2447 2557 et
2496 2504 2734 2571 pandens
2788 2504 3164 2561 sublimitatem
3190 2508 3285 2578 [aL
3320 2524 3444 2577 ρων

214 2604 504 2663 separatus
532 2610 565 2647 a
585 2594 741 2660 Filio,
769 2604 987 2663 propter
1011 2594 1297 2647 voluntatis
1327 2602 1639 2660 naturaeque
1666 2606 1796 2644 con-

216 2688 448 2740 sortium
476 2726 493 2751 ,
546 2700 651 2737 non
682 2684 973 2751 semetipso
1011 2683 1248 2737 creditur
1299 2682 1441 2750 loqui
1470 2720 1485 2744 ,
1527 2680 1618 2735 sed
1646 2680 1797 2749 juxta

217 2776 445 2826 verbum
472 2782 529 2826 et
573 2773 850 2825 veritatem
892 2772 981 2825 Dei
1017 2771 1251 2839 loquitur
1282 2771 1528 2824 universa
1556 2784 1675 2838 qua:
1718 2769 1797 2822 lo-

220 2866 435 2932 quitur.
462 2863 619 2917 Hanc
644 2864 946 2931 Opinionem
972 2862 1243 2931 sequentia
1264 2861 1467 2915 Domini
1490 2862 1648 2915 verba
1671 2874 1794 2914 con-

218 2955 462 3019 ﬁrmant,
502 2953 759 3007 dicentis:
789 2952 907 3005 «Ille
940 2966 1022 3005 me
1056 2951 1369 3005 clariﬁcabit
1405 2970 1424 3002 ι
1461 2950 1559 3021 [αι.
1588 2949 1797 3018 gloriﬂ-
1901 2962 2017 2999 mea
2050 2959 2208 3010 sunt;
2244 2956 2519 3015 propterea
2555 2948 2683 3009 dixi,
2717 2948 2781 3001 de
2819 2963 2935 3001 meo
2987 2950 3213 3018 accipiet
3243 2960 3295 3003 et
3343 2970 3441 3005 an-

218 3045 411 3115 cabitj,
441 3044 495 3097 id
538 3052 642 3107 est,
687 3042 1020 3107 Paracletus;
1050 3059 1067 3092 ι
1092 3042 1214 3109 quia
1237 3042 1302 3093 de
1330 3057 1445 3095 meo
1482 3040 1729 3095 accipiet.
1769 3058 1790 3091 ο
1902 3034 2161 3087 nuntiabit
2187 3037 2331 3088 vobis
2356 3037 2420 3096 τ’,
2458 3054 2475 3085 ι
2507 3036 2896 3104 quodammodo
2942 3038 3161 3108 loquens
3186 3079 3200 3103 ,
3227 3042 3372 3096 Licet
3414 3063 3443 3096 a

223 3136 461 3190 Rursum
494 3134 609 3194 hic,
652 3134 894 3199 accipere
928 3130 1023 3203 [αι.
1057 3129 1345 3200 accipiet],
1379 3140 1435 3183 ut
1468 3130 1657 3183 divime
1697 3145 1793 3181 na-
1829 3163 1872 3221 Ο
1904 3123 2058 3176 Patre
2110 3125 2360 3192 procedat
2402 3125 2631 3189 Spiritus
2675 3127 2946 3188 veritatis,
2984 3137 3035 3179 et
3057 3129 3145 3181 det
3197 3130 3267 3183 illi
3306 3132 3441 3185 Deus

222 3234 357 3278 tur:
388 3224 690 3279 conveniat
728 3222 1146 3291 intelligendum.
1833 3212 1872 3221 “’
1906 3212 2159 3281 Spiritum
2213 3223 2456 3267 sanctum
2492 3215 2787 3280 petentibus
2820 3229 2897 3277 se,
2944 3226 3117 3270 tamen
3170 3220 3291 3285 quia
3325 3234 3443 3273 ont-

291 3315 381 3367 37.
424 3312 713 3379 Quomodo
740 3327 866 3380 ergo
891 3311 1055 3365 Filius
1091 3313 1261 3377 dans,
1300 3327 1402 3363 non
1445 3312 1684 3377 privatur
1719 3313 1800 3367 liis

1899 3303 2109 3372 nia(89)
2138 3318 2253 3370 quae
2290 3304 2443 3357 habet
2478 3303 2655 3369 Pater,
2680 3320 2790 3357 mea
2816 3314 2956 3364 sunt,
2992 3317 3045 3359 et
3075 3307 3187 3373 ipse
3219 3310 3444 3374 Spiritus

220 3397 320 3471 [ιι.
367 3398 547 3468 enim]
591 3413 711 3465 qua:
746 3398 961 3459 tribuit,
1001 3412 1171 3466 neque
1195 3412 1314 3451 cum
1347 3400 1537 3453 damno
1572 3413 1669 3453 suo
1700 3399 1800 3453 im-

1881 3383 2057 3436 Patris
2076 3400 2232 3438 mens
2246 3394 2349 3447 est,
2372 3383 2527 3452 145
2545 3398 2595 3436 et
2618 3400 2683 3438 ue
2705 3404 2824 3441 nico
2840 3390 3089 3459 accipiet.
3108 3392 3252 3449 Cave
3268 3411 3446 3452 autem

222 3488 388 3555 pertit
435 3487 598 3548 aliis,
632 3487 711 3539 sic
736 3497 790 3538 et
829 3483 1059 3553 Spiritus
1110 3501 1213 3541 non
1262 3486 1456 3554 accipit
1505 3488 1643 3555 quod
1679 3496 1800 3541 ante
1896 3493 2017 3530 cum
2058 3478 2154 3531 ista
2197 3478 2442 3531 dicuntur
2473 3494 2536 3529 ne
2571 3494 2731 3545 grave
2780 3480 2973 3533 labaris
3004 3481 3362 3548 intdligentia:
3392 3489 3441 3536 in

222 3591 331 3629 non
363 3576 581 3629 habuit.
617 3575 675 3626 Si
703 3577 841 3626 enim
874 3576 1012 3641 quod
1042 3576 1189 3641 prius
1234 3591 1337 3629 non
1390 3577 1620 3630 habebat
1650 3591 1799 3631 acce-

1899 3566 2081 3618 vitium
2112 3565 2242 3631 (90),
2272 3575 2325 3618 et
2349 3577 2500 3634 putes
2533 3582 2638 3619 rem
2660 3568 2890 3635 aliquam
2918 3582 3056 3631 esse,
3078 3579 3126 3623 et
3154 3575 3445 3638 possessio-

225 3670 321 3732 pit,
383 3668 655 3720 translato
719 3668 769 3718 itt
829 3669 986 3719 alium
1043 3683 1279 3731 munere,
1340 3683 1534 3722 vacuus
1584 3669 1800 3734 largitor

1900 3673 2049 3724 nem,
2093 3675 2208 3725 qua:
2242 3676 2270 3711 a
2307 3658 2464 3713 Patre
2514 3661 2771 3713 habeatur
2810 3677 2871 3714 ac
2917 3662 3070 3716 Filio.
3106 3666 3295 3719 Verum
3326 3682 3443 3733 quae

220 3753 453 3810 euectus
474 3766 587 3819 est,
613 3771 833 3811 cessans
854 3758 1054 3812 habere
1081 3760 1238 3830 ιω
1256 3759 1400 3827 qund
1428 3760 1631 3813 tribuit,
1658 3759 1805 3825 Quo.
1900 3751 2057 3805 habet
2083 3751 2239 3804 Pater
2260 3750 2405 3817 juxta
2441 3752 2814 3814 substantiam,
2848 3753 2897 3806 id
2929 3764 3027 3815 est,
3053 3759 3403 3811 teternitatem
3427 3799 3443 3820 ,

224 3844 385 3896 modo
448 3844 618 3910 igitur
674 3855 833 3909 supra
881 3842 943 3894 de
970 3844 1175 3895 naturis
1228 3842 1644 3910 incorporalilms
1693 3847 1799 3898 dis~
1902 3841 2399 3904 itnmutabilitatem,
2424 3842 2897 3908 incorruptionem,
2926 3843 3308 3898 immutabilem
3332 3849 3443 3915 (9|)

225 3943 482 4003 putantes
532 3932 931 3991 intelleximus.
975 3931 1051 3983 sic
1089 3940 1145 3984 et
1179 3947 1317 3985 nunc
1373 3931 1628 3999 Spiritum
1676 3949 1800 3987 san-
1900 3930 2211 3990 bonitatem,
2243 3932 2305 3983 de
2328 3944 2387 3984 se
2408 3940 2461 3983 et
2503 3930 2553 3982 in
2584 3945 2641 3983 se
2677 3931 3079 3996 subsistentem,
3110 3935 3221 3987 ltarc
3256 3938 3440 3988 eadem

226 4034 372 4077 ctera
408 4038 437 4072 a
480 4022 623 4075 Filio
656 4022 937 4088 accipere,
981 4022 1031 4073 id
1071 4023 1208 4088 quod
1237 4037 1345 4075 sua:
1388 4031 1589 4076 naturae
1628 4023 1800 4078 tum;
1900 4021 2056 4071 habet
2079 4030 2131 4071 et
2155 4019 2334 4072 Filius.
2366 4019 2450 4080 Et,
2481 4027 2537 4070 ut
2568 4018 2683 4086 plus
2719 4019 2964 4083 inferam,
2994 4022 3247 4089 quidquid
3282 4022 3448 4077 Filius

228 4113 670 4178 cognoscendum
702 4109 796 4181 [aL
836 4109 1259 4180 intelligendum]
1300 4121 1422 4173 est,
1455 4122 1507 4164 et
1532 4128 1634 4165 non
1668 4114 1795 4165 dan-
1900 4110 2010 4175 ipse
2039 4109 2299 4171 subsistit,
2325 4118 2377 4161 et
2408 4122 2736 4175 quacunque
2780 4118 2900 4161 sunt
2926 4108 3044 4161 Filii
3073 4146 3089 4172 ,
3115 4108 3227 4163 haec
3261 4112 3444 4164 eadem

228 4212 336 4255 tem
368 4211 427 4253 et
459 4201 815 4267 accipientem
842 4240 857 4263 ,
896 4202 989 4253 sed
1028 4214 1185 4253 unam
1215 4199 1517 4266 signiﬁcare
1555 4202 1799 4254 substan-
1899 4208 1950 4254 et
1998 4196 2157 4250 Pater
2204 4198 2382 4251 habet.
2420 4196 2610 4251 Procul
2656 4196 2778 4250 hinc
2823 4198 3002 4250 absint
3045 4196 3447 4252 dialecticorum

230 4293 383 4343 tiam.
422 4290 709 4357 Siquidem
749 4302 801 4343 et
844 4291 1011 4343 Filius
1054 4292 1236 4343 eadem
1279 4306 1308 4343 a
1351 4288 1509 4343 Patre
1556 4291 1799 4359 accipere
1902 4288 2209 4349 lendiculm,
2241 4297 2292 4339 et
2321 4286 2645 4353 sophismata
2673 4301 2700 4337 a
2746 4286 2970 4339 veritate
3005 4287 3290 4353 pellantur,
3323 4304 3443 4356 qua:

229 4381 449 4443 dicitur,
476 4382 678 4448 quibus
706 4380 815 4447 ipse
841 4381 1102 4433 subsistit.
1132 4377 1311 4445 Neque
1338 4379 1477 4433 enim
1505 4380 1631 4448 quid
1657 4379 1797 4433 aliud
1898 4378 2231 4430 Occasionem
2252 4375 2539 4444 impietatis
2562 4391 2624 4429 ex
2646 4376 2727 4444 pia
2754 4376 3130 4441 praedicatione
3157 4378 3442 4445 capientia,

229 4481 313 4524 est
366 4471 563 4531 Filius,
621 4472 860 4537 exceptis
908 4470 994 4522 his
1043 4484 1160 4536 quae
1198 4470 1245 4523 ei
1301 4470 1495 4522 dantur
1533 4486 1561 4520 a
1621 4470 1796 4534 Patre,
1832 4486 1874 4539 υ
1901 4465 2123 4517 dicunt:
2165 4465 2298 4531 Ergo
2342 4474 2393 4517 et
2435 4463 2591 4517 Pater
2624 4473 2707 4518 est
2750 4464 2941 4529 Filius,
2984 4474 3035 4518 et
3074 4465 3239 4518 Filius
3267 4467 3444 4519 l'ater.

1896 2588 2203 2660 prietatem]
2236 2588 2650 2659 gloriﬁcationis,
2688 2602 2740 2644 et
2770 2594 3146 2661 magnitudinis
3179 2596 3296 2663 ejus
3328 2600 3437 2650 vir-

1899 2686 2064 2731 tutem
2087 2716 2100 2740 ,
2137 2678 2400 2747 gloriﬁcat
2437 2678 2582 2732 illum
2622 2678 2752 2749 (87).
2799 2680 2994 2734 Deinde
3044 2682 3440 2750 interpretatio-

1900 2779 2018 2817 nem
2052 2764 2283 2819 infereus
2308 2780 2427 2819 cum
2460 2767 2616 2819 modo
2649 2767 2762 2835 (88)
2791 2768 3032 2829 dixisset,
3066 2770 3129 2822 de
3160 2786 3275 2824 meo
3301 2774 3444 2827 acci-

1901 2856 2007 2922 piet
2030 2897 2041 2918 ,
2073 2857 2309 2924 protinus
2341 2856 2565 2925 subjecit
2595 2873 2608 2908 :
2646 2875 2664 2907 t
2707 2856 2895 2911 Omnia
2922 2873 3040 2926 qua:
3076 2860 3232 2914 habet
3263 2860 3440 2925 Pater,

232 4574 411 4629 neque
450 4562 559 4610 alia
597 4559 891 4612 substantia
926 4568 1004 4611 est
1037 4558 1267 4627 Spiritus
1305 4557 1472 4610 sancti
1525 4568 1715 4625 pratter
1740 4557 1791 4610 id

304 4754 351 4785 θ’
379 4752 540 4806 Joan.
576 4769 638 4817 ν,
680 4754 764 4807 30.
838 4754 883 4785 ⁶⁹
922 4753 1047 4806 ibid.
1096 4751 1181 4805 l9.
1256 4751 1300 4780 ⁷⁸
1324 4750 1449 4803 ibid.

305 4916 424 4981 (84)
468 4914 641 4967 Penes
689 4914 997 4967 Gratianum
1032 4924 1109 4967 est
1159 4934 1177 4966 ι
1234 4919 1524 4984 procedens
1557 4916 1690 4969 Dens
1729 4918 1795 4969 de

236 4985 367 5047 Deo,
404 4985 643 5050 Spiritus
674 4984 913 5036 veritatis
942 4987 1232 5049 procedens
1261 5004 1289 5037 a
1317 4997 1559 5051 veritate,
1603 5001 1793 5040 conso-

236 5057 379 5105 lator
414 5068 661 5112 manans,
698 5071 715 5102 ι
750 5064 852 5105 etc.
890 5069 903 5104 :
939 5065 1153 5106 rectius.

309 5122 428 5189 (83)
475 5120 701 5173 Voculas
734 5140 750 5170 ι
787 5137 813 5171 a
853 5136 908 5173 se
940 5140 956 5170 ι
987 5137 1047 5172 ex
1080 5122 1248 5174 Vatic.
1284 5121 1620 5177 snll‘eciunts.
1659 5137 1791 5174 con-

238 5201 513 5242 sentiente
564 5202 733 5257 etiam
777 5189 1133 5243 Graecutextu
1169 5191 1260 5257 ἀφ’
1328 5190 1538 5243 ἑαυτοῦ.
1594 5193 1793 5244 Deinde

240 5272 398 5311 vetus
420 5257 623 5309 editio:
665 5277 681 5306 ι
717 5256 773 5310 Si
802 5261 942 5312 enim
968 5275 1124 5311 tlllulll
1150 5256 1229 5313 est
1252 5260 1408 5312 Pater
1429 5273 1479 5311 et
1507 5259 1668 5311 Filius
1691 5275 1793 5311 non

234 5326 391 5397 juxta
443 5323 659 5397 Sabellii
700 5328 895 5379 dictum
936 5345 949 5381 :
989 5345 1008 5378 ι
1052 5330 1262 5382 codices
1294 5327 1463 5381 Vatic.
1514 5340 1567 5379 et
1604 5328 1796 5397 Regin.

242 5412 261 5443 ι
302 5394 531 5446 Sabellii
565 5396 773 5446 vitium.
797 5416 814 5445 υ

308 5463 429 5528 (86,:
474 5462 662 5530 Hegin.
710 5479 828 5520 tns..
871 5482 890 5514 ι
934 5463 1206 5529 Quomodo
1256 5474 1508 5530 operante
1549 5461 1727 5525 Patre,
1771 5482 1788 5515 ›

237 5536 469 5591 rectius,
512 5542 562 5583 et
612 5532 771 5596 paulo
821 5544 937 5598 post
987 5536 1352 5589 consentiente
1392 5533 1552 5586 etiam
1598 5532 1792 5597 Vatic.,

243 5615 263 5647 ε
298 5603 493 5650 eadem
516 5610 566 5649 et
590 5601 784 5650 sunilta
808 5604 1120 5655 subsistunt.
1169 5621 1186 5654 ι
1372 5604 1382 5612 ’

309 5668 429 5741 (87)
472 5668 629 5741 iidem
661 5684 791 5741 mss.
826 5686 944 5722 cum
966 5676 1145 5741 veteri
1181 5674 1333 5733 edit.,
1364 5689 1383 5722 ι
1426 5671 1658 5741 pandens
1680 5668 1793 5741 ejus

240 5736 335 5801 (at.
373 5740 478 5805 eis)
512 5739 894 5793 subitmitatetn
926 5740 1337 5810 glorilicationis,
1368 5736 1441 5795 δι’
1471 5736 1792 5807 magnitudi-

1528 4750 1569 4780 ⁷¹
1601 4749 1749 4803 Joan.
1782 4766 1887 4815 xiv,
1914 4754 1964 4806 9.

1901 4551 1955 4606 Ξ
2006 4556 2146 4606 enim
2188 4554 2444 4615 dixisset,
2488 4554 2665 4607 onmia
2706 4570 3030 4623 quaecunque
3076 4556 3232 4609 habet
3272 4558 3443 4621 Deus,

2065 4754 2109 4783 '”
2135 4752 2265 4806 Joan
2322 4770 2438 4817 xvi,
2477 4754 2557 4806 15.

1894 4917 1997 4979 nis,
2032 4917 2307 4984 gloriﬁcat.
2350 4936 2366 4968 ι

1962 4986 2072 5053 (88)
2116 4987 2352 5039 Emendo
2377 5002 2440 5040 cx
2473 4985 2675 5039 Barthii
2710 4986 3021 5053 conjectura
3043 5025 3057 5049 ,
3101 5002 3221 5039 cura
3261 5001 3448 5054 perpeo

1895 5070 2004 5105 ram
2032 5066 2173 5107 esset
2202 5072 2309 5109 ttno
2333 5060 2491 5108 verbo
2517 5074 2533 5105 ι
2570 5058 2852 5120 quomodo.
2897 5075 2915 5106 ι

1965 5124 2075 5201 (88)
2119 5124 2188 5201 Ut
2215 5140 2403 5201 sensus
2434 5127 2931 5201 Cettslet,_mculani
2962 5143 2979 5174 ς
3012 5123 3082 5175 illi
3122 5143 3138 5171 ι
3169 5137 3441 5201 expttnge:

1896 5199 2002 5241 tum
2031 5190 2220 5262 liegin.
2253 5196 2369 5247 cod.
2409 5212 2425 5243 ι
2463 5194 2783 5261 petentibus,
2813 5209 2960 5261 teque
2983 5204 3156 5244 tamen
3187 5192 3384 5254 omnia,
3418 5209 3437 5241 ι

1898 5270 2003 5311 etc.

1971 5327 2081 5399 (90)
2124 5328 2295 5383 Malim
2332 5330 2470 5399 quod
2528 5329 2577 5380 in
2614 5329 2775 5382 veteri
2815 5330 2939 5383 edit.
2978 5337 3091 5382 erat
3131 5345 3149 5378 ι
3193 5344 3255 5378 ne
3283 5341 3443 5399 prava

1896 5395 2243 5516 antelligentia
2292 5395 2487 5451 labaris
2538 5399 2591 5450 in
2638 5400 2842 5462 vitium,
2879 5418 2897 5449 ι
2943 5401 3026 5452 cui
3065 5401 3173 5450 fere
3213 5396 3445 5449 concinit

1945 5480 2083 5516 eam.
2114 5483 2210 5516 "IS.
3049 5500 3061 5512 ι

1945 5480 2083 5531 egtn.
2114 5483 2210 5519 nts.
3049 5500 3061 5512 .

1966 5534 2076 5602 (91)
2119 5534 2243 5587 lllml
2280 5553 2298 5586 ι
2329 5535 2709 5589 immutabilem
2747 5554 2763 5585 ι
2800 5536 3029 5589 abundat
3055 5534 3137 5585 hic
3171 5534 3265 5583 loci
3289 5572 3302 5595 ,
3348 5545 3445 5584 nec

1894 5602 2183 5671 inltrginte
2213 5620 2307 5657 ms.
2342 5607 2623 5657 invenitur.
2660 5606 2852 5656 θήκαις
2880 5606 3057 5661 verba,
3091 5621 3107 5652 t
3135 5602 3220 5662 Et,
3253 5612 3308 5652 ttt
3330 5603 3444 5665 plus

1891 5670 2134 5729 inferam,
2156 5674 2403 5741 quidquid
2422 5673 2581 5725 Filius
2607 5673 2715 5738 ipse
2750 5676 3005 5734 subsistit,
3029 5692 3045 5723 ι
3078 5687 3141 5723 ex
3174 5687 3294 5722 mss.
3324 5684 3439 5721 om-

1893 5742 2032 5791 nium
2066 5756 2324 5796 consensu
2356 5760 2417 5796 ac
2448 5746 2547 5795 lide
2578 5753 2815 5793 restituo.
