4212 6448
826 360 928 426 143

1977 365 2035 428 S.
2071 365 2374 425 EUSEBH
2424 361 2855 425 [IlERONYMl

3912 365 4011 428 1H

809 490 923 531 mea
953 474 1603 544 sunt.haheretimpietas
1625 481 1958 534 occasionem
1984 482 2344 548 conlingcntli,
2381 484 2418 536 Α
2450 480 2628 534 Pater.
2682 483 2796 549 Ipse
2857 483 2998 552 enim
3049 481 3282 548 Spiritus
3343 483 3708 535 testimonium
3770 480 4016 546 perhibet

805 577 856 619 et
894 566 1178 619 verisimile
1214 568 1482 620 videretur
1519 581 1636 622 esse
1664 573 2020 624 mendacium.
2053 573 2182 625 Cum
2230 587 2355 624 vero

803 657 1015 718 dixerit,
1039 675 1056 706 ι
1083 656 1270 711 Omnia
1299 673 1415 724 qua:
1442 659 1598 713 habet
1625 659 1780 714 Pater
1811 675 1924 712 mea
1959 670 2101 726 sunt,
2129 680 2148 712 ι
2181 660 2356 714 Patris

803 749 1015 799 nomine
1057 761 1114 801 se
1155 745 1342 799 Filium
1385 749 1692 812 declaravit,
1733 752 2124 817 paternitutem,
2151 753 2239 820 qui
2268 752 2356 805 Fi-

802 835 900 887 lius
931 846 1062 898 erat,
1094 853 1195 888 non
1235 840 1530 906 ursurpavit,
1556 855 1854 908 quanquam
1882 851 1935 894 et
1963 842 2074 910 ipse
2114 858 2208 911 per
2259 846 2354 897 ad-

800 927 1028 999 optionis
1054 929 1300 993 gratiam,
1323 931 1606 982 multorum
1634 941 1937 986 sanctorum
1961 935 2028 986 sit
2057 933 2236 995 Pater.
2266 950 2351 989 se-

800 1017 1026 1070 cundum
1058 1015 1182 1066 illud
1211 1019 1348 1084 quod
1376 1017 1426 1070 in
1451 1017 1675 1073 Psalmis
1704 1020 1920 1088 legitur,
1956 1041 1971 1072 t
2005 1023 2058 1075 Si
2086 1025 2352 1078 custodie-

801 1103 902 1154 rint
933 1103 1022 1156 lilii
1070 1105 1141 1158 tui
1169 1107 1243 1173 ";
1279 1125 1296 1157 ι
1341 1117 1392 1161 et
1416 1109 1605 1163 iterum
1650 1129 1662 1164 :
1699 1130 1716 1162 t
1760 1111 1815 1166 Si
1854 1114 2233 1182 dereliquerint
2260 1115 2351 1170 filii

798 1208 912 1258 qus
947 1194 1114 1262 legem
1146 1213 1312 1250 meam
1341 1198 1405 1252 ".
1437 1216 1456 1250 ι
1485 1199 1588 1255 Sed
1613 1202 1664 1254 iu
1697 1203 1794 1257 hoc
1819 1217 2062 1258 sermone
2090 1219 2352 1274 sensuque

794 1287 1079 1352 pra-posito
1104 1330 1118 1352 ,
1166 1299 1550 1358 consequenter
1590 1307 1651 1346 ea
1689 1308 1805 1362 quae
1847 1295 2075 1350 diximus
2103 1300 2350 1365 superius

796 1377 968 1432 Patris
996 1394 1144 1442 esse,
1175 1381 1332 1434 habet
1357 1394 1410 1435 et
1437 1381 1630 1448 Filius,
1665 1394 1717 1436 et
1756 1399 1872 1452 qua:
1911 1384 2032 1439 Filii
2071 1398 2213 1451 sunt,
2251 1389 2346 1441 ha-

798 1471 880 1529 bet
913 1478 964 1521 et
994 1469 1223 1537 Spiritus
1256 1482 1496 1526 sanctus.
1535 1473 1622 1524 Ait
1659 1475 1873 1543 quippe,
1906 1495 1924 1527 ι
1966 1479 2030 1530 de
2055 1492 2172 1530 meo
2213 1479 2352 1532 acci-

794 1559 931 1624 piet,
963 1570 1238 1628 propterea
1280 1572 1332 1616 et
1362 1573 1578 1617 ventura
1625 1567 1962 1620 annuntiabit
1989 1569 2157 1622 vobis.
2194 1587 2211 1619 ι
2249 1567 2352 1621 Per

798 1649 1051 1716 Spiritum
1077 1652 1338 1720 siquidem
1365 1656 1628 1718 veritatis,
1661 1657 1861 1711 sanctis
1893 1659 2021 1710 viris
2045 1656 2346 1711 futurorum

794 1739 1013 1794 scientia
1063 1752 1209 1795 certa
1260 1744 1594 1798 conceditur.
1637 1746 1784 1800 Unde
1834 1755 1886 1801 et
1928 1749 2194 1816 propheta:
2251 1751 2347 1800 hoc

2461 575 2670 639 spiritui
2735 582 2948 636 nostro,
3007 574 3129 640 quia
3197 589 3380 626 sumus
3443 573 3533 625 lilii
3617 573 3727 626 Dei.
3795 572 3850 623 Si
3917 585 4013 621 an-

2463 672 2564 714 tem
2607 663 2722 723 lilii,
2766 673 2815 716 et
2851 664 3090 716 heredes
3119 680 3132 716 :
3167 664 3405 717 hzeredes
3436 663 3650 730 quidetn
3697 663 3810 725 Dei,
3836 663 4016 715 colit-

2459 751 2611 803 redes
2647 761 2823 804 autem
2854 750 3051 805 Christi
3092 768 3104 802 ε
3151 755 3196 805 si
3246 761 3422 806 tamen
3470 753 3846 820 eotupatimur,
3877 760 3935 802 ut
3966 763 4017 802 et

2457 841 3010 910 congloritlcemur".
3054 861 3072 894 ›
3111 843 3165 896 In
3217 844 3463 911 praesenti
3493 844 3732 910 Apostoli
3782 843 4016 910 capitqu

2455 933 2683 999 plurima
2717 934 2782 985 de
2815 933 3072 988 societate
3103 933 3357 1000 Spiritus,
3391 948 3550 1001 quam
3577 934 3734 986 habet
3767 949 3888 986 cum
3922 932 4017 983 Pa-

2458 1031 2537 1074 tre
2575 1031 2626 1073 et
2674 1021 2808 1075 Filio
2862 1021 3319 1076 demonstrantur.
3372 1022 3460 1075 Ait
3495 1023 3689 1090 quippe
3727 1023 4018 1088 Διιομιυιυδ

2448 1110 2886 1177 justilicationem
2921 1111 3180 1174 divinam,
3223 1122 3276 1165 et
3308 1112 3602 1180 spiritualis
3639 1111 3767 1180 legis
3813 1111 4013 1175 expleti

2455 1202 2506 1255 in
2545 1202 2627 1255 his
2666 1220 2679 1255 :
2715 1216 2818 1256 non
2854 1201 2943 1271 qui
2969 1201 3123 1270 juxta
3155 1216 3373 1256 carnem
3403 1203 3696 1266 ambulant,
3732 1204 3823 1255 sed
3860 1204 4014 1271 juxta

2454 1293 2732 1363 Spiritum.
2758 1292 2918 1347 Juxta
2947 1308 3164 1349 carnem
3195 1294 3574 1356 ambulantem,
3618 1307 3737 1346 eum
3775 1293 3866 1360 qui
3917 1308 4011 1359 per

2453 1385 2748 1453 voluptates
2767 1384 2893 1438 vitia
2919 1386 3098 1438 carnis
3118 1385 3329 1451 corpori
3352 1383 3630 1450 copulatus
3648 1425 3662 1448 ,
3693 1384 3816 1437 facit
3832 1383 4012 1437 omnia

2452 1490 2570 1542 qua:
2605 1475 2782 1528 carnis
2811 1483 2936 1528 sunt
2983 1473 3087 1545 [αι.
3138 1472 3292 1544 esse]
3328 1483 3380 1527 et
3405 1474 3641 1540 corporis
3677 1489 3859 1540 Opera,
3888 1488 4014 1538 apo-

2451 1566 2670 1617 stolicus
2697 1578 2872 1618 sermo
2900 1564 3180 1631 descripsit
3204 1562 3300 1634 [aL
3329 1563 3642 1634 describit].
3673 1562 3840 1616 Porro
3859 1564 4012 1631 juxta

2453 1651 2707 1719 Spiritum
2740 1653 3096 1706 ambulantem
3139 1668 3285 1717 eum,
3331 1655 3420 1721 qui
3460 1654 3510 1707 in
3562 1654 3840 1722 praceptis
3882 1653 4014 1721 legis

2451 1743 2543 1796 Dei
2570 1743 2913 1810 etﬁvangelii
2951 1745 3223 1812 gradiens,
3253 1745 3610 1814 spiritualium
3645 1746 3893 1812 sequitur
3921 1759 4014 1797 or-

796 1831 980 1883 eodem
1005 1832 1186 1898 repleti
1223 1832 1442 1899 Spiritu,
1478 1836 1908 1903 pranuntiabant
1934 1851 2090 1890 sensu
2124 1837 2255 1905 (92),
2294 1846 2347 1890 et
2379 1821 2419 1874 Β
2453 1834 2625 1886 dinem
2659 1834 3051 1887 mandatorum.
3095 1833 3372 1902 Siquidem
3412 1834 3550 1888 sicut
3590 1835 3884 1888 carnalium
3931 1836 4009 1886 vi-

793 1922 944 1990 quasi
992 1923 1270 1990 praesentia
1313 1922 1673 1991 intuebantur,
1728 1944 1846 1997 qua:
1892 1938 2046 1983 erant
2091 1929 2344 1994 deinceps

794 2025 1058 2066 secutura.
1091 2013 1236 2068 Satis
1270 2015 1382 2069 haec
1417 2018 1732 2087 abundeque
1758 2019 1912 2082 juxta
1952 2017 2148 2086 ingenii
2181 2017 2345 2070 nostri

791 2111 1157 2170 paupertatem
1183 2103 1246 2156 de
1285 2105 1532 2171 praesenti
1572 2105 1842 2172 Evangelii
1884 2105 2115 2174 eapitulo
2147 2106 2346 2158 dixisse

790 2191 1036 2245 suﬂieiat.
1073 2192 1127 2246 Si
1171 2195 1364 2261 quibus
1393 2204 1567 2247 autem
1600 2196 1852 2250 Dominus
1901 2196 2215 2250 revelaverit
2239 2235 2253 2258 ,
2293 2205 2348 2248 et

791 2280 843 2333 in
868 2283 1114 2335 viciniam
1137 2284 1380 2337 veritatis
1407 2284 1619 2336 adducti
1644 2294 1790 2348 sunt,
1822 2285 2094 2354 magisque
2124 2293 2345 2352 possunt

792 2387 1010 2425 cernere
1042 2374 1336 2434 veritatem,
1361 2372 1708 2441 disputationi
1741 2375 1948 2428 illorum
1981 2377 2342 2429 concedamus

793 2452 1030 2526 meliora,
1069 2463 1265 2530 quibus
1296 2463 1379 2516 ille
1410 2462 1731 2532 suﬂ'ragatur
1753 2465 1841 2533 qui
1875 2474 1957 2518 est
1989 2463 2221 2534 Spiritus
2251 2480 2344 2518 ve-

793 2552 963 2606 ritatis
998 2570 1011 2605 :
1041 2562 1094 2605 et
1117 2553 1348 2620 petimus
1374 2567 1466 2608 eos
1496 2555 1584 2622 qui
1605 2555 1794 2608 lecturi
1819 2564 1964 2616 sunt.
1990 2565 2046 2607 ut
2070 2557 2345 2623 ignoscant

791 2641 1097 2710 imperitia,
1131 2643 1412 2710 studioque
1456 2644 1582 2697 dent
1627 2645 1834 2697 veniam
1865 2682 1879 2708 ,
1905 2646 2135 2709 cupienti
2176 2654 2342 2697 totum

793 2731 898 2784 Deo
921 2730 1113 2784 otl'erre
1143 2731 1282 2798 quod
1319 2732 1510 2800 potuit,
1538 2731 1660 2786 licet
1686 2748 1834 2786 suam
1866 2748 1971 2788 non
1993 2733 2225 2803 quiverit
2247 2734 2345 2788 im-

791 2825 935 2890 plere
956 2822 1303 2876 voluntatem.

875 2915 1034 2987 ιω
1047 2917 1135 2972 59.
1153 2919 1520 2987 Proponamus
1538 2931 1587 2976 et
1604 2921 1844 2991 Apostoli
1866 2923 1931 2976 ad
1948 2923 2222 2976 Romanos
2242 2919 2367 2990 Epi-

802 3010 948 3061 stolae
965 3020 1021 3063 te
1054 3012 1590 3078 t‘m0iiium,qna’que
1613 3015 1840 3069 nobisin
1862 3015 1946 3068 illa
1961 3015 2212 3068 videntur
2231 3029 2368 3082 pra:-

790 3096 929 3145 seuti
963 3093 1199 3148 materiae
1229 3107 1522 3164 congruere
1553 3097 1893 3152 ventilemus.
1932 3117 1951 3149 ι
1985 3099 2051 3155 Ut
2080 3100 2342 3165 justitica-

792 3184 916 3247 tio,»
948 3184 1152 3252 inquit,
1179 3201 1197 3234 ι
1226 3183 1356 3253 legis
1390 3185 1668 3254 impleatur
1695 3187 1746 3240 in
1776 3191 1946 3252 vobis,
1969 3192 2057 3258 qui
2081 3194 2342 3261 nonjnxta

787 3289 1004 3328 carnem
1062 3275 1367 3339 ambulatis,
1441 3279 1533 3331 sed
1595 3282 1885 3333 secundum
1946 3282 2208 3350 spiritum.
2244 3285 2344 3348 Qui

789 3365 930 3420 enim
973 3364 1126 3432 juxta
1155 3381 1371 3420 carnem
1413 3376 1564 3430 sunt,
1609 3383 1670 3421 ea
1709 3385 1826 3438 qure
1869 3373 2050 3425 carnis
2107 3385 2228 3427 sunt
2259 3391 2345 3428 5a-

786 3459 938 3526 piunt
965 3474 976 3509 :
1003 3457 1091 3526 qui
1119 3459 1413 3526 verojuxta
1441 3461 1707 3528 spiritum,
1735 3477 1796 3516 ea
1838 3478 1957 3531 qum
1982 3465 2202 3533 Spiritus
2224 3477 2346 3518 sunt

789 3547 1046 3599 sentiunt.
1091 3545 1363 3614 Sapientia
1397 3549 1591 3616 quippe
1612 3550 1789 3604 carnis
1817 3564 1960 3603 mors
1989 3562 2102 3614 est;
2139 3553 2344 3620 sapien-

791 3639 863 3690 tia
903 3645 1079 3690 autem
1111 3638 1348 3706 spiritus,
1382 3639 1491 3690 vita
1539 3651 1592 3692 et
1623 3653 1761 3706 pax;
1800 3642 2050 3708 quoniam
2083 3641 2345 3709 sapientia

789 3730 966 3782 carnis
1003 3728 1216 3781 inimica
1250 3736 1331 3781 est
1374 3727 1480 3782 Deo
1509 3747 1520 3781 :
1555 3727 1653 3798 legi
1699 3730 1892 3797 quippe
1927 3729 2016 3784 Dei
2047 3745 2150 3784 non
2183 3732 2347 3798 subji-

789 3821 960 3883 citur;
998 3819 1349 3887 neque'euim
1390 3828 1582 3887 potest.
1617 3820 1716 3885 Qui
1758 3835 1885 3873 vero
1913 3821 1962 3874 in
1993 3836 2157 3876 carne
2199 3830 2343 3886 sunt,

790 3906 898 3960 Deo
927 3906 1132 3976 placere
1170 3921 1273 3959 non
1315 3916 1556 3976 possunt.
1608 3907 1713 3962 Vos
1753 3918 1928 3962 autem
1976 3923 2080 3962 non
2127 3911 2256 3963 estis
2291 3910 2344 3964 in

789 4013 969 4064 carne,
998 4000 1090 4054 sed
1131 3999 1181 4052 in
1215 3998 1416 4067 Spiritu
1450 4017 1462 4053 :
1506 4002 1552 4053 si
1591 4009 1768 4054 tamen
1806 4000 2036 4070 Spiritus
2071 4003 2163 4056 Dei
2192 4001 2342 4054 habi-

792 4099 867 4142 tat
894 4089 950 4141 in
983 4090 1149 4142 vobis.
1194 4090 1248 4143 Si
1295 4090 1415 4158 quis
1460 4099 1637 4144 autem
1686 4090 1940 4160 Spiritum
1988 4091 2187 4147 Christi
2239 4107 2343 4146 non

789 4179 947 4232 habet
977 4217 992 4242 ,
1026 4177 1114 4232 hic
1149 4193 1252 4231 non
1286 4187 1364 4232 est
1395 4177 1530 4246 ejus.
1580 4178 1635 4234 Si
1672 4189 1847 4234 autem
1883 4179 2128 4235 Christus
2167 4189 2249 4236 est
2290 4183 2342 4235 in

790 4269 940 4320 vobis
972 4307 985 4330 ,
1019 4282 1214 4336 corpus
1240 4267 1452 4335 quidem
1485 4278 1753 4322 mortuum
1796 4277 1875 4322 est
1907 4279 2122 4340 propter
2156 4283 2343 4339 pecca-

791 4365 928 4418 tum,
960 4357 1179 4423 spiritus
1213 4371 1338 4410 vero
1360 4357 1487 4410 vivit
1513 4367 1733 4426 propter
1759 4356 2043 4425 justitiam.
2081 4360 2134 4412 Si
2163 4369 2340 4414 autem

2457 1924 2583 1976 tium
2604 1934 2684 1978 est
2713 1936 2773 1976 ea
2797 1939 2985 1991 sapere
3011 1939 3132 1992 qua:
3161 1925 3341 1977 carnis
3369 1935 3510 1990 sunt,
3535 1940 3596 1979 ea
3623 1927 3862 1994 cogitare
3890 1939 4013 1992 qu:e

2453 2027 2773 2082 corporum,
2805 2015 2886 2070 sic
2911 2029 2942 2068 e
2977 2017 3248 2069 contrario
3283 2017 3642 2081 spiritualium
3689 2017 3857 2068 virtus
3892 2025 3970 2066 est
3992 2051 4013 2080 ,

2429 2119 2648 2174 semper
2675 2107 2918 2172 cogitare
2951 2102 3020 2160 de
3054 2102 3374 2159 caelestibus
3398 2113 3452 2156 et
3485 2101 3722 2166 aeternis,
3755 2099 3914 2170 147
3947 2109 4001 2152 et

2429 2199 2517 2253 bis
2549 2207 2783 2252 tractare
2803 2210 2924 2264 quae
2949 2196 3176 2266 spiritus
3195 2205 3338 2249 sunt.
3367 2195 3472 2249 Sed
3497 2210 3677 2249 carnis
3708 2194 4003 2261 sapientia,

2452 2285 2591 2337 illico
2619 2292 2788 2336 morte
2815 2281 2912 2335 sibi
2940 2282 3160 2344 sociata,
3189 2282 3440 2334 interﬁcit
3466 2296 3557 2334 eos
3591 2282 3678 2347 qui
3703 2280 3859 2348 juxta
3889 2293 4011 2332 car-

2450 2389 2570 2428 nem
2600 2374 2913 2443 gradiuntur
2941 2381 2995 2426 et
3035 2372 3278 2438 sapiunt;
3323 2372 3584 2439 sapientia
3613 2385 3738 2423 vero
3763 2370 4009 2438 spiritus,

2453 2467 2644 2519 mentis
2680 2464 3136 2533 tranquillitatem,
3183 2475 3236 2516 et
3278 2479 3458 2532 pacem
3481 2505 3495 2525 ,
3522 2472 3576 2516 et
3602 2463 3760 2517 vitam
3800 2463 4011 2515 haben-

2452 2560 2590 2611 tibus
2617 2572 2675 2612 se
2703 2557 2925 2625 largitur
2962 2566 3237 2609 aeternam.
3277 2554 3447 2619 Quam
3475 2571 3595 2608 cum
3650 2555 4010 2622 possederint,

2449 2665 2636 2703 omnes
2665 2648 3094 2716 perturbationes
3139 2656 3194 2700 et
3232 2661 3426 2713 genera
3452 2647 3700 2699 vitiorum
3725 2687 3738 2707 ,
3769 2657 3822 2699 et
3867 2647 4011 2714 ipsos

2451 2751 2661 2805 quoque
2693 2738 2960 2789 dmmones
2991 2735 3009 2804 (
3028 2735 3114 2802 qui
3152 2737 3262 2787 haec
3288 2750 3571 2804 suggerere
3596 2736 3883 2802 nituntur)
3914 2735 4010 2788 ha-

2448 2828 2649 2880 debunt
2680 2827 2777 2878 sub
2805 2825 3027 2893 pedibus
3057 2825 3187 2878 suis.
3219 2823 3492 2894 Sapientia
3524 2840 3648 2893 ergo
3678 2826 3860 2877 carnis
3886 2840 4009 2878 cum

2451 2915 2606 2968 morti
2645 2913 2828 2979 juncta
2861 2915 2956 2978 sit,
2987 2914 3201 2968 inimica
3247 2925 3328 2968 est
3373 2915 3498 2968 Deo.
3535 2913 3784 2967 Inimicos
3813 2916 4010 2983 quippe

2451 3021 2542 3060 eos
2571 3006 2742 3059 reddit
2780 3007 2868 3073 qui
2898 3007 3009 3059 suis
3036 3005 3239 3075 legibus
3270 3007 3536 3071 vixerint;
3561 3007 3835 3060 comraria
3868 3020 4008 3059 sem-

2453 3117 2568 3168 per,
2592 3111 2644 3152 et
2677 3112 2981 3167 repugnans
3012 3097 3272 3150 voluntati
3301 3109 3354 3150 et
3383 3099 3484 3168 legi
3512 3098 3622 3151 Dei.
3653 3096 3838 3164 Neque
3867 3097 4008 3149 enim

2451 3192 2562 3243 fieri
2593 3199 2786 3257 porest,
2819 3199 2877 3241 tit
2904 3188 2993 3256 qui
3037 3189 3088 3240 in
3120 3188 3377 3255 sapientia
3403 3189 3580 3241 carnis
3609 3196 3711 3249 est,
3750 3185 3847 3239 Dei
3875 3200 4009 3253 pra~

2449 3289 2599 3346 cepta
2619 3277 2905 3338 custodiat,
2931 3285 2983 3328 et
3007 3275 3265 3328 voluntati
3293 3275 3436 3329 illius
3461 3275 3797 3343 subjiciatur.
3830 3272 4010 3340 Quan-

2448 3369 2536 3420 diu
2574 3369 2838 3421 servimus
2866 3367 3228 3435 voluptatibus
3249 3405 3264 3429 ,
3295 3367 3499 3419 servire
3538 3365 3647 3418 Deo
3678 3380 3780 3418 non
3809 3379 4010 3432 possu-

2448 3475 2586 3513 mus.
2628 3460 2759 3512 Cum
2803 3468 2981 3512 autem
3026 3457 3328 3512 titillantem
3379 3456 3772 3523 subjecerimns
3809 3454 4010 3508 nostris

2447 3549 2989 3618 pedibus.luxuriam,
3024 3557 3078 3601 et
3113 3557 3253 3600 totos
3285 3562 3382 3599 nos
3412 3547 3478 3599 ad
3501 3546 3745 3614 spiritum
3776 3543 4006 3598 transfe-

2447 3649 2642 3701 rentes.
2693 3653 3027 3708 nequaquam
3066 3637 3324 3691 fuerimus
3365 3637 3415 3688 iu
3465 3651 3647 3698 carne,
3696 3635 3746 3688 id
3797 3644 3902 3696 est,
3956 3635 4007 3686 in

2446 3728 2623 3782 carnis
2671 3727 3010 3794 passionibus
3039 3765 3057 3789 ,
3107 3734 3234 3779 tunc
3280 3724 3624 3790 subjiciemur
3661 3721 3790 3774 Deo.
3823 3720 4009 3789 Neque

2447 3817 2586 3871 enim
2614 3817 2678 3870 de
2716 3829 2876 3870 earne
2907 3816 3008 3868 hac
3035 3815 3088 3867 in
3115 3829 3218 3881 qua
3246 3815 3492 3874 vivimus,
3521 3821 3575 3866 et
3611 3812 3664 3865 in
3707 3811 3860 3876 cujus
3907 3825 4007 3863 va-

2445 3907 2593 3961 sculo
2616 3916 2797 3960 nostra
2841 3905 3020 3956 anima
3046 3905 3376 3965 continetur,
3419 3901 3656 3969 Apostoli
3700 3915 3881 3954 sermo
3901 3911 4005 3964 est,

2445 3997 2566 4064 quia
2607 4009 2793 4048 omnes
2836 3993 3004 4048 sancti
3029 4032 3046 4057 ,
3081 4006 3306 4060 corpore
3355 4000 3410 4045 et
3448 4006 3612 4045 carne
3645 3992 3966 4044 circumdati
3989 4029 4006 4054 ,

2447 4087 2762 4156 placuerunt
2791 4085 2931 4146 Deo;
2974 4083 3066 4137 sed
3106 4083 3173 4135 ad
3207 4081 3258 4135 id
3287 4082 3464 4149 potius
3486 4080 3640 4151 Lquod
3683 4090 3872 4135 contra
3913 4083 4006 4134 Dei

2445 4183 2766 4246 praeceptum
2821 4188 2885 4227 ex
2937 4174 3167 4226 humana
3219 4173 3479 4226 societate
3526 4178 3889 4239 perpetratur,
3939 4171 4008 4224 de

2445 4267 2638 4333 quibus
2664 4273 2747 4318 est
2778 4281 2792 4318 :
2839 4281 2858 4314 ι
2893 4263 3088 4331 Diliges
3119 4263 3398 4317 Dominum
3437 4261 3601 4316 Deum
3646 4271 3792 4314 tuum
3827 4262 3874 4292 "
3913 4277 3928 4324 ;
3983 4281 4002 4313 ι

2443 4367 2492 4411 et
2526 4375 2538 4410 :
2588 4375 2605 4407 ι
2639 4357 2790 4422 Quod
2824 4356 2912 4408 tibi
2942 4370 3043 4408 non
3079 4357 3157 4409 vis
3191 4355 3304 4408 fieri
3325 4355 3390 4418 ⁷⁷,
3435 4373 3454 4406 ι
3497 4365 3602 4409 etc.
3655 4353 3756 4406 Vos
3800 4364 4003 4414 autem,

790 4437 1024 4512 Spiritus
1064 4445 1177 4513 ejus
1211 4447 1298 4514 qui
1350 4447 1627 4500 suscitavit
1668 4445 1847 4501 Jesum
1894 4464 1922 4501 a
1957 4451 2183 4504 mortuis
2207 4489 2220 4514 ,
2247 4451 2337 4503 ha-
2371 4471 2415 4525 υ
2443 4447 2536 4508 ait,
2566 4445 2704 4498 haud
2737 4443 2953 4497 dubium
2983 4445 3110 4513 quin
3139 4443 3382 4511 discipuli
3414 4443 3633 4507 Christi,
3665 4444 3756 4511 qui
3784 4445 4002 4511 sapien-

788 4538 924 4590 bitat
975 4536 1026 4589 in
1073 4537 1244 4598 vobis,
1297 4536 1386 4605 qui
1435 4537 1715 4590 suscitavit
1756 4536 1938 4591 Jesum
1985 4539 2257 4594 Christum
2309 4554 2338 4592 a

789 4627 1032 4688 mortuis,
1061 4625 1350 4679 vivificabit
1378 4635 1431 4679 et
1478 4627 1721 4681 mortalia
1753 4643 1976 4697 corpora
2012 4640 2186 4682 vestra
2211 4645 2337 4697 pro-

789 4723 906 4784 pter
946 4716 1326 4769 inhabitantem
1356 4715 1612 4783 Spiritum
1634 4717 1746 4783 ejus
1773 4719 1822 4770 in
1850 4719 2012 4772 vobis.
2049 4719 2207 4787 Ergo,
2234 4720 2338 4772 fra-

790 4817 897 4859 tres
921 4806 1052 4876 (95),
1083 4806 1348 4860 debitores
1375 4821 1558 4860 sumus
1599 4822 1699 4860 non
1733 4809 1914 4870 carni,
1956 4818 2010 4860 ut
2044 4811 2332 4862 secundum

786 4909 1000 4947 carnem
1050 4896 1310 4949 vivamus.
1347 4895 1400 4948 Si
1437 4896 1576 4948 enim
1623 4897 1912 4950 secundum
1942 4913 2157 4950 carnem
2189 4898 2335 4950 vixe-

788 4985 923 5049 ritis,
955 4987 1284 5051 moriemini;
1320 4986 1363 5038 si
1398 4995 1572 5039 autem
1605 4987 1792 5054 spiritu
1821 4988 1959 5040 facta
1985 4990 2163 5041 carnis
2195 5004 2336 5040 mor-

789 5076 1145 5141 tificaveritis,
1197 5077 1406 5130 vivetis.
1459 5077 1772 5147 Quicunque
1823 5081 1963 5133 enim
2003 5079 2204 5147 Spiritu
2243 5081 2333 5133 Dei

787 5181 1033 5238 aguntur,
1062 5172 1114 5224 hi
1159 5171 1249 5224 lilii
1299 5181 1423 5226 sunt
1449 5172 1559 5224 Dei.
1591 5170 1706 5226 Non
1736 5173 1876 5225 enim
1919 5174 2200 5238 accepistis
2225 5173 2333 5240 spi-

784 5259 946 5310 ritum
991 5261 1260 5313 servitutis
1310 5262 1500 5314 iterum
1545 5261 1594 5314 in
1646 5262 1872 5323 timore;
1911 5263 2001 5313 sed
2042 5262 2334 5328 accepistis

787 5346 1041 5413 Spiritum
1091 5348 1391 5416 adoptionis
1445 5351 1496 5403 in
1577 5366 1681 5418 quo
1749 5351 2039 5402 clamamus
2085 5367 2096 5400 :
2145 5350 2332 5414 Abba,

847 5505 891 5534 "
915 5503 1056 5558 Psal.
1082 5519 1263 5567 cxxxr,
1296 5505 1380 5558 1‘2.
1456 5505 1501 5533 '”
1532 5503 1669 5557 Psal.
1695 5518 1950 5567 Lxxxvttt,
1988 5501 2074 5555 31.

854 5655 964 5725 (99)
1005 5653 1216 5724 Regina:
1258 5659 1375 5711 cod.
1416 5675 1434 5709 ι
1483 5660 1666 5714 eodem
1713 5659 1896 5726 repleti
1940 5658 2176 5728 Spiritu,
2213 5673 2335 5726 pro-

786 5728 1097 5781 nuntiabant
1115 5740 1167 5781 et
1193 5743 1369 5781 sensu.
1406 5746 1423 5778 ι

2152 5503 2194 5531 ⁷³
2225 5501 2377 5554 Rom.
2412 5514 2527 5564 vui,
2567 5499 2716 5551 4-17.

2445 4535 2573 4585 tiam
2605 4531 2838 4599 Spiritus
2869 4531 3211 4599 suscepistis,
3255 4541 3308 4585 et
3353 4533 3514 4584 vitam
3546 4542 3600 4586 et
3633 4546 3814 4599 pacem
3848 4531 4001 4599 (94);

2444 4639 2548 4675 non
2590 4623 2719 4674 estis
2745 4624 2795 4674 in
2829 4636 3024 4683 carne,
3065 4624 3115 4674 id
3152 4633 3267 4685 cst,
3308 4623 3359 4675 in
3393 4625 3571 4675 carnis
3605 4624 3876 4688 operibus,
3912 4639 4005 4675 ne-

2441 4726 2543 4780 que
2569 4712 2684 4780 ejus
2715 4727 2875 4780 opera
2912 4713 3264 4780 perpetratis,
3298 4712 3563 4780 siquidem
3606 4711 3861 4778 Spiritum
3909 4713 4001 4766 Dei

2441 4804 2649 4857 habetis
2674 4806 2726 4856 in
2770 4803 2940 4857 vobis.
2975 4802 3118 4856 Idem
3152 4813 3328 4855 autem
3375 4803 3608 4870 Spiritus
3641 4803 3731 4856 Dei
3753 4841 3765 4863 ,
3799 4813 3851 4856 ct
3876 4803 4002 4871 Spi-

2439 4897 2574 4949 ritus
2614 4895 2812 4949 Christi
2851 4904 2954 4956 est,
2993 4894 3264 4948 deducens
3289 4903 3342 4947 et
3380 4894 3636 4960 c0pulans
3665 4908 3783 4946 eum
3816 4894 3908 4961 qui
3949 4911 3999 4946 tu

2436 5002 2492 5039 se
2521 4986 2786 5048 habuerit,
2819 4984 3045 5038 Domino
3083 4982 3206 5038 Jesu
3241 4983 3474 5037 Christo.
3520 4981 3670 5037 Unde
3699 4993 3752 5036 et
3785 4984 3835 5034 in
3868 4997 4000 5036 cen-

2435 5075 2777 5143 chuentibus
2827 5074 3080 5127 scribitur
3127 5091 3141 5126 :
3189 5091 3207 5124 ι
3255 5071 3311 5126 Si
3357 5074 3476 5141 quis
3514 5085 3687 5125 autem
3737 5070 3998 5139 Spiritum

2439 5164 2636 5217 Christi
2677 5180 2778 5216 non
2811 5164 2989 5224 habet,
3021 5164 3106 5215 hic
3143 5178 3244 5215 non
3283 5174 3364 5218 est
3392 5165 3522 5229 ejus.
3564 5181 3582 5213 ι

2510 5256 2598 5308 40.
2645 5254 2872 5306 Rursum
2936 5255 2986 5306 in
3042 5255 3288 5322 praesenti
3363 5255 3615 5306 discimus
3680 5253 3991 5306 societatem

2443 5359 2600 5412 quam
2657 5345 2815 5395 habet
2891 5342 3124 5410 Spiritus
3171 5354 3387 5396 sanctus
3447 5342 3512 5393 ad
3566 5342 3761 5406 Deum,
3820 5351 3874 5395 et
3933 5345 3996 5394 ad

2794 5501 2836 5528 τ⁴
2860 5500 3016 5552 Deut.
3052 5515 3121 5565 γι,
3163 5500 3214 5553 ὅ.
3293 5501 3334 5530 ⁷⁷
3360 5499 3491 5552 Tol).
3526 5515 3596 5560 tv,
3621 5500 3702 5553 l6.

2517 5657 2628 5729 (95)
2663 5657 2857 5729 Deerat
2884 5677 2899 5709 t
2933 5660 3144 5723 fratres,
3181 5679 3198 5711 ι
3232 5661 3371 5729 quod
3399 5675 3427 5712 e
3455 5676 3582 5712 mss.
3613 5659 3937 5715 suti‘ecitnus.

2511 5725 2620 5795 (95)
2659 5726 2785 5782 Erat
2820 5744 2834 5780 t
2871 5739 2922 5782 et
2951 5732 3106 5782 vitam
3137 5725 3302 5797 pacis,
3338 5749 3354 5780 ι
3394 5729 3831 5784 dissentientibus
3858 5744 3989 5785 mss.
