  <div class='ocr_page' id='page_1' title='image "/cluster/home/n/w/nwhite01/storage/ocr_20150623/23/hvd.32044012674545/082.png"; bbox 0 0 4212 6454; ppageno 0'>
   <div class='ocr_carea' id='block_1_1' title="bbox 285 425 390 489">
    <p class='ocr_par' dir='ltr' id='par_1_1' title="bbox 285 425 390 489">
     <span class='ocr_line' id='line_1_1' title="bbox 285 425 390 489; baseline -0.029 0"><span class='ocrx_word' id='word_1_1' title='bbox 285 425 390 489; x_wconf 70' lang='grc'>145</span> 
     </span>
    </p>
   </div>
   <div class='ocr_carea' id='block_1_2' title="bbox 960 424 2808 492">
    <p class='ocr_par' dir='ltr' id='par_1_2' title="bbox 960 424 2808 492">
     <span class='ocr_line' id='line_1_2' title="bbox 960 424 2808 492; baseline -0.002 -2"><span class='ocrx_word' id='word_1_2' title='bbox 960 428 1449 490; x_wconf 63' lang='lat' dir='ltr'>TRANSLATIO</span> <span class='ocrx_word' id='word_1_3' title='bbox 1478 431 1686 492; x_wconf 80' lang='lat' dir='ltr'><strong>LIBRI</strong></span> <span class='ocrx_word' id='word_1_4' title='bbox 1730 431 2001 491; x_wconf 75' lang='lat' dir='ltr'>DIDYMI</span> <span class='ocrx_word' id='word_1_5' title='bbox 2036 430 2131 489; x_wconf 76' lang='lat' dir='ltr'>DE</span> <span class='ocrx_word' id='word_1_6' title='bbox 2161 427 2471 487; x_wconf 80' lang='lat' dir='ltr'>SPIRITU</span> <span class='ocrx_word' id='word_1_7' title='bbox 2500 424 2808 487; x_wconf 66' lang='lat' dir='ltr'>SANCTO.</span> 
     </span>
    </p>
   </div>
   <div class='ocr_carea' id='block_1_3' title="bbox 3392 425 3487 488">
    <p class='ocr_par' dir='ltr' id='par_1_3' title="bbox 3392 425 3487 488">
     <span class='ocr_line' id='line_1_3' title="bbox 3392 425 3487 488; baseline 0.021 -2"><span class='ocrx_word' id='word_1_8' title='bbox 3392 425 3487 488; x_wconf 63' lang='lat'>15.6</span> 
     </span>
    </p>
   </div>
   <div class='ocr_carea' id='block_1_4' title="bbox 266 539 3511 617">
    <p class='ocr_par' dir='ltr' id='par_1_4' title="bbox 266 539 3511 617">
     <span class='ocr_line' id='line_1_4' title="bbox 266 539 3511 617; baseline -0.003 -11"><span class='ocrx_word' id='word_1_9' title='bbox 266 551 570 606; x_wconf 73' lang='lat' dir='ltr'>Christum.</span> <span class='ocrx_word' id='word_1_10' title='bbox 598 545 708 604; x_wconf 82' lang='lat' dir='ltr'>Sed</span> <span class='ocrx_word' id='word_1_11' title='bbox 729 558 785 602; x_wconf 85' lang='lat' dir='ltr'>et</span> <span class='ocrx_word' id='word_1_12' title='bbox 808 548 860 603; x_wconf 92' lang='lat' dir='ltr'>in</span> <span class='ocrx_word' id='word_1_13' title='bbox 895 549 1128 617; x_wconf 86' lang='lat' dir='ltr'>Epistola</span> <span class='ocrx_word' id='word_1_14' title='bbox 1154 549 1295 602; x_wconf 81' lang='lat' dir='ltr'>Petri</span> <span class='ocrx_word' id='word_1_15' title='bbox 1325 590 1341 616; x_wconf 84' lang='lat'>,</span> <span class='ocrx_word' id='word_1_16' title='bbox 1369 548 1603 616; x_wconf 75' lang='lat' dir='ltr'>Spiritus</span> <span class='ocrx_word' id='word_1_17' title='bbox 1629 554 1843 597; x_wconf 82' lang='lat' dir='ltr'>sanctus</span> <span class='ocrx_word' id='word_1_18' title='bbox 1877 551 1918 604; x_wconf 76' lang='grc' dir='ltr'>Α</span> <span class='ocrx_word' id='word_1_19' title='bbox 1952 541 2077 605; x_wconf 89' lang='lat' dir='ltr'>tuis,</span> <span class='ocrx_word' id='word_1_20' title='bbox 2123 539 2322 594; x_wconf 90' lang='lat' dir='ltr'>habitat</span> <span class='ocrx_word' id='word_1_21' title='bbox 2363 541 2415 594; x_wconf 91' lang='lat' dir='ltr'>in</span> <span class='ocrx_word' id='word_1_22' title='bbox 2456 542 2641 606; x_wconf 86' lang='lat' dir='ltr'>vobis,</span> <span class='ocrx_word' id='word_1_23' title='bbox 2694 541 2783 611; x_wconf 91' lang='lat' dir='ltr'>qui</span> <span class='ocrx_word' id='word_1_24' title='bbox 2842 540 3121 595; x_wconf 73' lang='lat' dir='ltr'>suscitavit</span> <span class='ocrx_word' id='word_1_25' title='bbox 3166 542 3440 597; x_wconf 72' lang='lat' dir='ltr'>Christum</span> <span class='ocrx_word' id='word_1_26' title='bbox 3484 559 3511 595; x_wconf 82' lang='lat' dir='ltr'>.i</span> 
     </span>
    </p>
   </div>
   <div class='ocr_carea' id='block_1_5' title="bbox 264 638 1838 708">
    <p class='ocr_par' dir='ltr' id='par_1_5' title="bbox 264 638 1838 708">
     <span class='ocr_line' id='line_1_5' title="bbox 264 638 1838 708; baseline -0.004 -18"><span class='ocrx_word' id='word_1_27' title='bbox 264 656 384 693; x_wconf 65' lang='lat' dir='ltr'>esse</span> <span class='ocrx_word' id='word_1_28' title='bbox 415 639 626 694; x_wconf 84' lang='lat' dir='ltr'>Christi</span> <span class='ocrx_word' id='word_1_29' title='bbox 660 638 898 707; x_wconf 78' lang='lat' dir='ltr'>Spiritus</span> <span class='ocrx_word' id='word_1_30' title='bbox 933 640 1316 708; x_wconf 86' lang='lat' dir='ltr'>comprobatur</span> <span class='ocrx_word' id='word_1_31' title='bbox 1350 654 1362 689; x_wconf 89' lang='lat'><strong>:</strong></span> <span class='ocrx_word' id='word_1_32' title='bbox 1399 656 1416 688; x_wconf 78' lang='grc' dir='ltr'>ι</span> <span class='ocrx_word' id='word_1_33' title='bbox 1448 639 1784 697; x_wconf 88' lang='lat' dir='ltr'>Scrutantes,</span> <span class='ocrx_word' id='word_1_34' title='bbox 1822 651 1838 683; x_wconf 76' lang='grc' dir='ltr'>ι</span> 
     </span>
    </p>
   </div>
   <div class='ocr_carea' id='block_1_6' title="bbox 267 724 1854 802">
    <p class='ocr_par' dir='ltr' id='par_1_6' title="bbox 267 724 1854 802">
     <span class='ocr_line' id='line_1_6' title="bbox 267 724 1854 802; baseline 0.01 -33"><span class='ocrx_word' id='word_1_35' title='bbox 267 724 468 787; x_wconf 84' lang='lat' dir='ltr'>inquit,</span> <span class='ocrx_word' id='word_1_36' title='bbox 499 743 522 776; x_wconf 72' lang='grc' dir='ltr'>ι</span> <span class='ocrx_word' id='word_1_37' title='bbox 564 733 621 779; x_wconf 89' lang='lat' dir='ltr'>et</span> <span class='ocrx_word' id='word_1_38' title='bbox 666 724 1025 797; x_wconf 86' lang='lat' dir='ltr'>inquirentes,</span> <span class='ocrx_word' id='word_1_39' title='bbox 1065 750 1083 783; x_wconf 76' lang='grc' dir='ltr'>ι</span> <span class='ocrx_word' id='word_1_40' title='bbox 1112 732 1162 785; x_wconf 90' lang='lat' dir='ltr'>id</span> <span class='ocrx_word' id='word_1_41' title='bbox 1196 742 1281 786; x_wconf 88' lang='lat' dir='ltr'>est</span> <span class='ocrx_word' id='word_1_42' title='bbox 1311 732 1608 802; x_wconf 59' lang='lat' dir='ltr'>prophetat.</span> <span class='ocrx_word' id='word_1_43' title='bbox 1642 733 1708 788; x_wconf 90' lang='lat' dir='ltr'>de</span> <span class='ocrx_word' id='word_1_44' title='bbox 1733 733 1854 800; x_wconf 85' lang='lat' dir='ltr'>qui—</span> 
     </span>
    </p>
   </div>
   <div class='ocr_carea' id='block_1_7' title="bbox 266 810 1855 889">
    <p class='ocr_par' dir='ltr' id='par_1_7' title="bbox 266 810 1855 889">
     <span class='ocr_line' id='line_1_7' title="bbox 266 810 1855 889; baseline 0.008 -27"><span class='ocrx_word' id='word_1_45' title='bbox 266 810 366 865; x_wconf 86' lang='lat' dir='ltr'>bus</span> <span class='ocrx_word' id='word_1_46' title='bbox 384 813 435 865; x_wconf 80' lang='lat' dir='ltr'>ei</span> <span class='ocrx_word' id='word_1_47' title='bbox 456 814 636 869; x_wconf 78' lang='lat' dir='ltr'>fuerat</span> <span class='ocrx_word' id='word_1_48' title='bbox 659 831 843 871; x_wconf 83' lang='lat' dir='ltr'>sermo</span> <span class='ocrx_word' id='word_1_49' title='bbox 865 822 1136 886; x_wconf 82' lang='lat' dir='ltr'>superior.</span> <span class='ocrx_word' id='word_1_50' title='bbox 1168 840 1184 872; x_wconf 77' lang='grc' dir='ltr'>ι</span> <span class='ocrx_word' id='word_1_51' title='bbox 1212 820 1263 874; x_wconf 92' lang='lat' dir='ltr'>in</span> <span class='ocrx_word' id='word_1_52' title='bbox 1286 820 1450 885; x_wconf 85' lang='lat' dir='ltr'>quod.</span> <span class='ocrx_word' id='word_1_53' title='bbox 1473 830 1527 875; x_wconf 86' lang='lat' dir='ltr'>et</span> <span class='ocrx_word' id='word_1_54' title='bbox 1544 820 1701 889; x_wconf 81' lang='lat' dir='ltr'>quale</span> <span class='ocrx_word' id='word_1_55' title='bbox 1718 832 1855 874; x_wconf 89' lang='lat' dir='ltr'>tem-</span> 
     </span>
    </p>
   </div>
   <div class='ocr_carea' id='block_1_8' title="bbox 264 905 1855 983">
    <p class='ocr_par' dir='ltr' id='par_1_8' title="bbox 264 905 1855 983">
     <span class='ocr_line' id='line_1_8' title="bbox 264 905 1855 983; baseline 0.006 -24"><span class='ocrx_word' id='word_1_56' title='bbox 264 920 366 973; x_wconf 87' lang='lat' dir='ltr'>pus</span> <span class='ocrx_word' id='word_1_57' title='bbox 386 905 505 975; x_wconf 81' lang='lat'>’95)</span> <span class='ocrx_word' id='word_1_58' title='bbox 532 909 875 979; x_wconf 71' lang='lat' dir='ltr'>signiﬁcabat</span> <span class='ocrx_word' id='word_1_59' title='bbox 902 911 973 971; x_wconf 89' lang='lat' dir='ltr'>is.</span> <span class='ocrx_word' id='word_1_60' title='bbox 1002 912 1162 982; x_wconf 64' lang='grc'>148</span> <span class='ocrx_word' id='word_1_61' title='bbox 1181 914 1272 983; x_wconf 88' lang='lat' dir='ltr'>qui</span> <span class='ocrx_word' id='word_1_62' title='bbox 1302 913 1354 967; x_wconf 92' lang='lat' dir='ltr'>in</span> <span class='ocrx_word' id='word_1_63' title='bbox 1380 914 1458 968; x_wconf 89' lang='lat' dir='ltr'>eis</span> <span class='ocrx_word' id='word_1_64' title='bbox 1482 923 1601 969; x_wconf 89' lang='lat' dir='ltr'>erat</span> <span class='ocrx_word' id='word_1_65' title='bbox 1619 913 1855 983; x_wconf 82' lang='lat' dir='ltr'>Spiritus</span> 
     </span>
    </p>
   </div>
   <div class='ocr_carea' id='block_1_9' title="bbox 261 1001 1847 1073">
    <p class='ocr_par' dir='ltr' id='par_1_9' title="bbox 261 1001 1847 1073">
     <span class='ocr_line' id='line_1_9' title="bbox 261 1001 1847 1073; baseline 0.002 -17"><span class='ocrx_word' id='word_1_66' title='bbox 261 1003 503 1063; x_wconf 84' lang='lat' dir='ltr'>Christi,</span> <span class='ocrx_word' id='word_1_67' title='bbox 534 1001 840 1055; x_wconf 76' lang='lat' dir='ltr'>testificans</span> <span class='ocrx_word' id='word_1_68' title='bbox 874 1002 925 1055; x_wconf 94' lang='lat' dir='ltr'>in</span> <span class='ocrx_word' id='word_1_69' title='bbox 974 1003 1189 1058; x_wconf 75' lang='lat' dir='ltr'>Christo</span> <span class='ocrx_word' id='word_1_70' title='bbox 1225 1004 1524 1073; x_wconf 84' lang='lat' dir='ltr'>passiones,</span> <span class='ocrx_word' id='word_1_71' title='bbox 1556 1014 1607 1057; x_wconf 88' lang='lat' dir='ltr'>et</span> <span class='ocrx_word' id='word_1_72' title='bbox 1636 1019 1699 1057; x_wconf 87' lang='lat' dir='ltr'>ea</span> <span class='ocrx_word' id='word_1_73' title='bbox 1730 1019 1847 1073; x_wconf 75' lang='lat' dir='ltr'>qua:</span> 
     </span>
    </p>
   </div>
   <div class='ocr_carea' id='block_1_10' title="bbox 262 1094 1844 1166">
    <p class='ocr_par' dir='ltr' id='par_1_10' title="bbox 262 1094 1844 1166">
     <span class='ocr_line' id='line_1_10' title="bbox 262 1094 1844 1166; baseline 0.003 -20"><span class='ocrx_word' id='word_1_74' title='bbox 262 1106 378 1162; x_wconf 69' lang='lat' dir='ltr'>post</span> <span class='ocrx_word' id='word_1_75' title='bbox 418 1106 584 1149; x_wconf 86' lang='lat' dir='ltr'>erant</span> <span class='ocrx_word' id='word_1_76' title='bbox 625 1104 877 1148; x_wconf 83' lang='lat' dir='ltr'>secutura</span> <span class='ocrx_word' id='word_1_77' title='bbox 912 1094 1125 1148; x_wconf 88' lang='lat' dir='ltr'>decreta</span> <span class='ocrx_word' id='word_1_78' title='bbox 1164 1111 1178 1149; x_wconf 90' lang='lat'><strong>:</strong></span> <span class='ocrx_word' id='word_1_79' title='bbox 1225 1096 1278 1150; x_wconf 91' lang='lat' dir='ltr'>in</span> <span class='ocrx_word' id='word_1_80' title='bbox 1315 1098 1506 1166; x_wconf 82' lang='lat' dir='ltr'>quibus</span> <span class='ocrx_word' id='word_1_81' title='bbox 1556 1098 1844 1152; x_wconf 86' lang='lat' dir='ltr'>revelatum</span> 
     </span>
    </p>
   </div>
   <div class='ocr_carea' id='block_1_11' title="bbox 262 1188 1848 1257">
    <p class='ocr_par' dir='ltr' id='par_1_11' title="bbox 262 1188 1848 1257">
     <span class='ocr_line' id='line_1_11' title="bbox 262 1188 1848 1257; baseline 0.002 -18"><span class='ocrx_word' id='word_1_82' title='bbox 262 1196 372 1251; x_wconf 80' lang='lat' dir='ltr'>est,</span> <span class='ocrx_word' id='word_1_83' title='bbox 404 1189 537 1255; x_wconf 85' lang='lat' dir='ltr'>quia</span> <span class='ocrx_word' id='word_1_84' title='bbox 573 1204 679 1242; x_wconf 87' lang='lat' dir='ltr'>non</span> <span class='ocrx_word' id='word_1_85' title='bbox 718 1188 857 1251; x_wconf 86' lang='lat' dir='ltr'>sibi,</span> <span class='ocrx_word' id='word_1_86' title='bbox 890 1188 982 1241; x_wconf 86' lang='lat' dir='ltr'>sed</span> <span class='ocrx_word' id='word_1_87' title='bbox 1026 1188 1179 1242; x_wconf 88' lang='lat' dir='ltr'>nobis</span> <span class='ocrx_word' id='word_1_88' title='bbox 1222 1190 1598 1243; x_wconf 73' lang='lat' dir='ltr'>ministrabant</span> <span class='ocrx_word' id='word_1_89' title='bbox 1633 1206 1695 1244; x_wconf 93' lang='lat' dir='ltr'>ea</span> <span class='ocrx_word' id='word_1_90' title='bbox 1730 1201 1848 1257; x_wconf 64' lang='lat' dir='ltr'>quae</span> 
     </span>
    </p>
   </div>
   <div class='ocr_carea' id='block_1_12' title="bbox 263 1280 1840 1349">
    <p class='ocr_par' dir='ltr' id='par_1_12' title="bbox 263 1280 1840 1349">
     <span class='ocr_line' id='line_1_12' title="bbox 263 1280 1840 1349; baseline 0.001 -18"><span class='ocrx_word' id='word_1_91' title='bbox 263 1296 403 1331; x_wconf 83' lang='lat' dir='ltr'>nunc</span> <span class='ocrx_word' id='word_1_92' title='bbox 419 1283 746 1334; x_wconf 88' lang='lat' dir='ltr'>annuntiata</span> <span class='ocrx_word' id='word_1_93' title='bbox 773 1290 896 1333; x_wconf 89' lang='lat' dir='ltr'>sunt</span> <span class='ocrx_word' id='word_1_94' title='bbox 912 1281 1065 1333; x_wconf 79' lang='lat' dir='ltr'>vobis</span> <span class='ocrx_word' id='word_1_95' title='bbox 1083 1296 1175 1348; x_wconf 88' lang='lat' dir='ltr'>per</span> <span class='ocrx_word' id='word_1_96' title='bbox 1194 1280 1306 1349; x_wconf 85' lang='lat' dir='ltr'>Spit</span> <span class='ocrx_word' id='word_1_97' title='bbox 1322 1283 1449 1335; x_wconf 89' lang='lat' dir='ltr'>itum</span> <span class='ocrx_word' id='word_1_98' title='bbox 1465 1290 1709 1337; x_wconf 85' lang='lat' dir='ltr'>sanctum</span> <span class='ocrx_word' id='word_1_99' title='bbox 1730 1282 1795 1333; x_wconf 77' lang='grc'>⁷⁸.</span> <span class='ocrx_word' id='word_1_100' title='bbox 1822 1300 1840 1333; x_wconf 77' lang='grc' dir='ltr'>ι</span> 
     </span>
    </p>
   </div>
   <div class='ocr_carea' id='block_1_13' title="bbox 263 1370 1845 1441">
    <p class='ocr_par' dir='ltr' id='par_1_13' title="bbox 263 1370 1845 1441">
     <span class='ocr_line' id='line_1_13' title="bbox 263 1370 1845 1441; baseline 0.005 -22"><span class='ocrx_word' id='word_1_101' title='bbox 263 1370 361 1421; x_wconf 81' lang='lat' dir='ltr'>Iste</span> <span class='ocrx_word' id='word_1_102' title='bbox 409 1380 601 1423; x_wconf 88' lang='lat' dir='ltr'>autem</span> <span class='ocrx_word' id='word_1_103' title='bbox 639 1370 873 1438; x_wconf 86' lang='lat' dir='ltr'>Spiritus</span> <span class='ocrx_word' id='word_1_104' title='bbox 919 1378 1140 1423; x_wconf 78' lang='lat' dir='ltr'>sanctus</span> <span class='ocrx_word' id='word_1_105' title='bbox 1182 1372 1355 1426; x_wconf 81' lang='lat' dir='ltr'>dictus</span> <span class='ocrx_word' id='word_1_106' title='bbox 1395 1384 1475 1425; x_wconf 87' lang='lat' dir='ltr'>est</span> <span class='ocrx_word' id='word_1_107' title='bbox 1525 1382 1578 1426; x_wconf 88' lang='lat' dir='ltr'>et</span> <span class='ocrx_word' id='word_1_108' title='bbox 1615 1371 1845 1441; x_wconf 81' lang='lat' dir='ltr'>Spiritus</span> 
     </span>
    </p>
   </div>
   <div class='ocr_carea' id='block_1_14' title="bbox 263 1460 1843 1527">
    <p class='ocr_par' dir='ltr' id='par_1_14' title="bbox 263 1460 1843 1527">
     <span class='ocr_line' id='line_1_14' title="bbox 263 1460 1843 1527; baseline 0.003 -15"><span class='ocrx_word' id='word_1_109' title='bbox 263 1461 377 1522; x_wconf 89' lang='lat' dir='ltr'>Dei,</span> <span class='ocrx_word' id='word_1_110' title='bbox 414 1475 526 1512; x_wconf 80' lang='lat' dir='ltr'>non</span> <span class='ocrx_word' id='word_1_111' title='bbox 575 1460 625 1511; x_wconf 91' lang='lat' dir='ltr'>in</span> <span class='ocrx_word' id='word_1_112' title='bbox 670 1461 919 1527; x_wconf 69' lang='lat' dir='ltr'>prmsenti</span> <span class='ocrx_word' id='word_1_113' title='bbox 973 1470 1175 1513; x_wconf 90' lang='lat' dir='ltr'>tantum</span> <span class='ocrx_word' id='word_1_114' title='bbox 1225 1478 1492 1527; x_wconf 81' lang='lat' dir='ltr'>sermone,</span> <span class='ocrx_word' id='word_1_115' title='bbox 1544 1465 1633 1516; x_wconf 86' lang='lat' dir='ltr'>sed</span> <span class='ocrx_word' id='word_1_116' title='bbox 1684 1473 1735 1516; x_wconf 87' lang='lat' dir='ltr'>et</span> <span class='ocrx_word' id='word_1_117' title='bbox 1792 1465 1843 1517; x_wconf 92' lang='lat' dir='ltr'>in</span> 
     </span>
    </p>
   </div>
   <div class='ocr_carea' id='block_1_15' title="bbox 260 1549 1843 1619">
    <p class='ocr_par' dir='ltr' id='par_1_15' title="bbox 260 1549 1843 1619">
     <span class='ocr_line' id='line_1_15' title="bbox 260 1549 1843 1619; baseline 0.001 -16"><span class='ocrx_word' id='word_1_118' title='bbox 260 1551 379 1603; x_wconf 77' lang='lat' dir='ltr'>aliis</span> <span class='ocrx_word' id='word_1_119' title='bbox 408 1550 545 1602; x_wconf 86' lang='lat' dir='ltr'>locis</span> <span class='ocrx_word' id='word_1_120' title='bbox 586 1549 987 1617; x_wconf 76' lang='lat' dir='ltr'>compluribus,</span> <span class='ocrx_word' id='word_1_121' title='bbox 1020 1560 1077 1604; x_wconf 91' lang='lat' dir='ltr'>ut</span> <span class='ocrx_word' id='word_1_122' title='bbox 1112 1551 1183 1605; x_wconf 90' lang='lat' dir='ltr'>ibi</span> <span class='ocrx_word' id='word_1_123' title='bbox 1220 1570 1232 1604; x_wconf 91' lang='lat'>:</span> <span class='ocrx_word' id='word_1_124' title='bbox 1265 1570 1282 1602; x_wconf 74' lang='grc' dir='ltr'>ι</span> <span class='ocrx_word' id='word_1_125' title='bbox 1320 1552 1393 1604; x_wconf 88' lang='lat' dir='ltr'>Ea</span> <span class='ocrx_word' id='word_1_126' title='bbox 1422 1568 1541 1619; x_wconf 69' lang='lat' dir='ltr'>qua:</span> <span class='ocrx_word' id='word_1_127' title='bbox 1572 1552 1660 1606; x_wconf 93' lang='lat' dir='ltr'>Dei</span> <span class='ocrx_word' id='word_1_128' title='bbox 1696 1561 1843 1616; x_wconf 86' lang='lat' dir='ltr'>sunt,</span> 
     </span>
    </p>
   </div>
   <div class='ocr_carea' id='block_1_16' title="bbox 261 1638 1848 1710">
    <p class='ocr_par' dir='ltr' id='par_1_16' title="bbox 261 1638 1848 1710">
     <span class='ocr_line' id='line_1_16' title="bbox 261 1638 1848 1710; baseline 0.002 -20"><span class='ocrx_word' id='word_1_129' title='bbox 261 1655 419 1692; x_wconf 74' lang='lat' dir='ltr'>tirttto</span> <span class='ocrx_word' id='word_1_130' title='bbox 470 1640 624 1691; x_wconf 83' lang='lat' dir='ltr'>novit</span> <span class='ocrx_word' id='word_1_131' title='bbox 669 1639 769 1691; x_wconf 81' lang='lat' dir='ltr'>nisi</span> <span class='ocrx_word' id='word_1_132' title='bbox 820 1638 1052 1708; x_wconf 89' lang='lat' dir='ltr'>Spiritus</span> <span class='ocrx_word' id='word_1_133' title='bbox 1080 1640 1168 1694; x_wconf 87' lang='lat' dir='ltr'>Dei</span> <span class='ocrx_word' id='word_1_134' title='bbox 1205 1641 1274 1695; x_wconf 74' lang='grc'>⁷⁵.</span> <span class='ocrx_word' id='word_1_135' title='bbox 1316 1659 1333 1692; x_wconf 82' lang='grc'>›</span> <span class='ocrx_word' id='word_1_136' title='bbox 1371 1640 1571 1695; x_wconf 88' lang='lat' dir='ltr'>Deinde</span> <span class='ocrx_word' id='word_1_137' title='bbox 1604 1643 1848 1710; x_wconf 81' lang='lat' dir='ltr'>sequitur</span> 
     </span>
    </p>
   </div>
   <div class='ocr_carea' id='block_1_17' title="bbox 259 1728 1843 1800">
    <p class='ocr_par' dir='ltr' id='par_1_17' title="bbox 259 1728 1843 1800">
     <span class='ocr_line' id='line_1_17' title="bbox 259 1728 1843 1800; baseline 0.005 -21"><span class='ocrx_word' id='word_1_138' title='bbox 259 1740 378 1795; x_wconf 78' lang='lat' dir='ltr'>post</span> <span class='ocrx_word' id='word_1_139' title='bbox 420 1728 525 1779; x_wconf 89' lang='lat' dir='ltr'>hoc</span> <span class='ocrx_word' id='word_1_140' title='bbox 563 1729 710 1795; x_wconf 90' lang='lat' dir='ltr'>quod</span> <span class='ocrx_word' id='word_1_141' title='bbox 740 1730 816 1782; x_wconf 86' lang='lat' dir='ltr'>ait</span> <span class='ocrx_word' id='word_1_142' title='bbox 866 1747 879 1781; x_wconf 89' lang='lat'><strong>:</strong></span> <span class='ocrx_word' id='word_1_143' title='bbox 920 1747 937 1779; x_wconf 75' lang='grc' dir='ltr'>ι</span> <span class='ocrx_word' id='word_1_144' title='bbox 978 1729 1035 1783; x_wconf 89' lang='lat' dir='ltr'>Si</span> <span class='ocrx_word' id='word_1_145' title='bbox 1070 1731 1190 1799; x_wconf 85' lang='lat' dir='ltr'>quis</span> <span class='ocrx_word' id='word_1_146' title='bbox 1226 1741 1402 1785; x_wconf 88' lang='lat' dir='ltr'>autem</span> <span class='ocrx_word' id='word_1_147' title='bbox 1443 1733 1702 1800; x_wconf 85' lang='lat' dir='ltr'>Spiritum</span> <span class='ocrx_word' id='word_1_148' title='bbox 1754 1732 1843 1787; x_wconf 88' lang='lat' dir='ltr'>Dei</span> 
     </span>
    </p>
   </div>
   <div class='ocr_carea' id='block_1_18' title="bbox 258 1818 1849 1886">
    <p class='ocr_par' dir='ltr' id='par_1_18' title="bbox 258 1818 1849 1886">
     <span class='ocr_line' id='line_1_18' title="bbox 258 1818 1849 1886; baseline 0.004 -17"><span class='ocrx_word' id='word_1_149' title='bbox 258 1832 362 1869; x_wconf 85' lang='lat' dir='ltr'>non</span> <span class='ocrx_word' id='word_1_150' title='bbox 395 1818 587 1880; x_wconf 76' lang='lat' dir='ltr'>habet,</span> <span class='ocrx_word' id='word_1_151' title='bbox 623 1818 707 1871; x_wconf 92' lang='lat' dir='ltr'>hic</span> <span class='ocrx_word' id='word_1_152' title='bbox 740 1832 845 1871; x_wconf 89' lang='lat' dir='ltr'>non</span> <span class='ocrx_word' id='word_1_153' title='bbox 868 1828 952 1872; x_wconf 87' lang='lat' dir='ltr'>est</span> <span class='ocrx_word' id='word_1_154' title='bbox 978 1819 1132 1886; x_wconf 83' lang='lat' dir='ltr'>ejus;</span> <span class='ocrx_word' id='word_1_155' title='bbox 1164 1839 1182 1872; x_wconf 77' lang='grc' dir='ltr'>ι</span> <span class='ocrx_word' id='word_1_156' title='bbox 1219 1831 1271 1875; x_wconf 88' lang='lat' dir='ltr'>et</span> <span class='ocrx_word' id='word_1_157' title='bbox 1304 1822 1529 1876; x_wconf 81' lang='lat' dir='ltr'>infertur</span> <span class='ocrx_word' id='word_1_158' title='bbox 1561 1841 1573 1877; x_wconf 92' lang='lat'>:</span> <span class='ocrx_word' id='word_1_159' title='bbox 1610 1841 1627 1874; x_wconf 78' lang='grc' dir='ltr'>ι</span> <span class='ocrx_word' id='word_1_160' title='bbox 1665 1822 1720 1877; x_wconf 89' lang='lat' dir='ltr'>Si</span> <span class='ocrx_word' id='word_1_161' title='bbox 1754 1838 1849 1876; x_wconf 85' lang='lat' dir='ltr'>au-</span> 
     </span>
    </p>
   </div>
   <div class='ocr_carea' id='block_1_19' title="bbox 1951 632 3512 705">
    <p class='ocr_par' dir='ltr' id='par_1_19' title="bbox 1951 632 3512 705">
     <span class='ocr_line' id='line_1_19' title="bbox 1951 632 3512 705; baseline 0.002 -20"><span class='ocrx_word' id='word_1_162' title='bbox 1951 633 2191 694; x_wconf 88' lang='lat' dir='ltr'>rnortuis,</span> <span class='ocrx_word' id='word_1_163' title='bbox 2230 633 2523 687; x_wconf 80' lang='lat' dir='ltr'>viviﬁCabit</span> <span class='ocrx_word' id='word_1_164' title='bbox 2555 646 2607 687; x_wconf 90' lang='lat' dir='ltr'>et</span> <span class='ocrx_word' id='word_1_165' title='bbox 2643 632 2886 688; x_wconf 86' lang='lat' dir='ltr'>mortalia</span> <span class='ocrx_word' id='word_1_166' title='bbox 2916 650 3140 703; x_wconf 86' lang='lat' dir='ltr'>corpora</span> <span class='ocrx_word' id='word_1_167' title='bbox 3194 645 3369 691; x_wconf 89' lang='lat' dir='ltr'>vestra</span> <span class='ocrx_word' id='word_1_168' title='bbox 3419 653 3512 705; x_wconf 66' lang='lat' dir='ltr'>per</span> 
     </span>
    </p>
   </div>
   <div class='ocr_carea' id='block_1_20' title="bbox 1950 723 3510 792">
    <p class='ocr_par' dir='ltr' id='par_1_20' title="bbox 1950 723 3510 792">
     <span class='ocr_line' id='line_1_20' title="bbox 1950 723 3510 792; baseline 0.002 -16"><span class='ocrx_word' id='word_1_169' title='bbox 1950 723 2336 777; x_wconf 86' lang='lat' dir='ltr'>inhabitantem</span> <span class='ocrx_word' id='word_1_170' title='bbox 2404 724 2659 792; x_wconf 82' lang='lat' dir='ltr'>Spiritum</span> <span class='ocrx_word' id='word_1_171' title='bbox 2705 741 2854 778; x_wconf 86' lang='lat' dir='ltr'>suum</span> <span class='ocrx_word' id='word_1_172' title='bbox 2893 726 2943 778; x_wconf 88' lang='lat' dir='ltr'>in</span> <span class='ocrx_word' id='word_1_173' title='bbox 2997 725 3144 779; x_wconf 87' lang='lat' dir='ltr'>vobis</span> <span class='ocrx_word' id='word_1_174' title='bbox 3191 742 3202 777; x_wconf 90' lang='lat'><strong>:</strong></span> <span class='ocrx_word' id='word_1_175' title='bbox 3260 746 3276 778; x_wconf 77' lang='grc' dir='ltr'>ι</span> <span class='ocrx_word' id='word_1_176' title='bbox 3338 744 3510 785; x_wconf 77' lang='lat' dir='ltr'>nenec</span> 
     </span>
    </p>
   </div>
   <div class='ocr_carea' id='block_1_21' title="bbox 1948 815 3481 886">
    <p class='ocr_par' dir='ltr' id='par_1_21' title="bbox 1948 815 3481 886">
     <span class='ocr_line' id='line_1_21' title="bbox 1948 815 3481 886; baseline 0.002 -18"><span class='ocrx_word' id='word_1_177' title='bbox 1948 815 2038 868; x_wconf 89' lang='lat' dir='ltr'>tibi</span> <span class='ocrx_word' id='word_1_178' title='bbox 2078 817 2285 868; x_wconf 88' lang='lat' dir='ltr'>videtur</span> <span class='ocrx_word' id='word_1_179' title='bbox 2317 816 2531 879; x_wconf 80' lang='lat' dir='ltr'>dicere,</span> <span class='ocrx_word' id='word_1_180' title='bbox 2561 816 2682 885; x_wconf 92' lang='lat' dir='ltr'>quia</span> <span class='ocrx_word' id='word_1_181' title='bbox 2718 817 2760 870; x_wconf 84' lang='lat' dir='ltr'>si</span> <span class='ocrx_word' id='word_1_182' title='bbox 2795 816 3025 885; x_wconf 74' lang='lat' dir='ltr'>Spiritus</span> <span class='ocrx_word' id='word_1_183' title='bbox 3059 818 3174 886; x_wconf 79' lang='lat' dir='ltr'>ejus</span> <span class='ocrx_word' id='word_1_184' title='bbox 3212 819 3298 886; x_wconf 87' lang='lat' dir='ltr'>qui</span> <span class='ocrx_word' id='word_1_185' title='bbox 3342 836 3399 871; x_wconf 86' lang='lat' dir='ltr'>su</span> <span class='ocrx_word' id='word_1_186' title='bbox 3422 822 3481 871; x_wconf 69' lang='grc' dir='ltr'><strong>ιρὶ</strong></span> 
     </span>
    </p>
   </div>
   <div class='ocr_carea' id='block_1_22' title="bbox 1951 908 3510 978">
    <p class='ocr_par' dir='ltr' id='par_1_22' title="bbox 1951 908 3510 978">
     <span class='ocr_line' id='line_1_22' title="bbox 1951 908 3510 978; baseline 0.003 -21"><span class='ocrx_word' id='word_1_187' title='bbox 1951 908 2080 958; x_wconf 86' lang='lat' dir='ltr'>lavit</span> <span class='ocrx_word' id='word_1_188' title='bbox 2119 908 2387 961; x_wconf 90' lang='lat' dir='ltr'>Christum</span> <span class='ocrx_word' id='word_1_189' title='bbox 2426 908 2643 971; x_wconf 84' lang='lat' dir='ltr'>Jesum,</span> <span class='ocrx_word' id='word_1_190' title='bbox 2705 908 2756 961; x_wconf 90' lang='lat' dir='ltr'>id</span> <span class='ocrx_word' id='word_1_191' title='bbox 2809 921 2909 974; x_wconf 87' lang='lat' dir='ltr'>est,</span> <span class='ocrx_word' id='word_1_192' title='bbox 2956 912 3043 978; x_wconf 92' lang='lat' dir='ltr'>qui</span> <span class='ocrx_word' id='word_1_193' title='bbox 3096 909 3334 978; x_wconf 69' lang='lat' dir='ltr'>ejus-ient</span> <span class='ocrx_word' id='word_1_194' title='bbox 3389 910 3510 962; x_wconf 73' lang='lat' dir='ltr'>Ju&#39;stt</span> 
     </span>
    </p>
   </div>
   <div class='ocr_carea' id='block_1_23' title="bbox 1946 996 3514 1068">
    <p class='ocr_par' dir='ltr' id='par_1_23' title="bbox 1946 996 3514 1068">
     <span class='ocr_line' id='line_1_23' title="bbox 1946 996 3514 1068; baseline 0 -19"><span class='ocrx_word' id='word_1_195' title='bbox 1946 996 2145 1051; x_wconf 85' lang='lat' dir='ltr'>Christi</span> <span class='ocrx_word' id='word_1_196' title='bbox 2181 999 2408 1064; x_wconf 78' lang='lat' dir='ltr'>Spiritus</span> <span class='ocrx_word' id='word_1_197' title='bbox 2454 1009 2556 1066; x_wconf 88' lang='lat' dir='ltr'>est,</span> <span class='ocrx_word' id='word_1_198' title='bbox 2600 999 2806 1054; x_wconf 79' lang='lat' dir='ltr'>habitat</span> <span class='ocrx_word' id='word_1_199' title='bbox 2853 1001 2903 1053; x_wconf 92' lang='lat' dir='ltr'>in</span> <span class='ocrx_word' id='word_1_200' title='bbox 2954 1002 3146 1055; x_wconf 86' lang='lat' dir='ltr'>vobis:</span> <span class='ocrx_word' id='word_1_201' title='bbox 3184 1015 3514 1068; x_wconf 69' lang='lat' dir='ltr'>consequere-</span> 
     </span>
    </p>
   </div>
   <div class='ocr_carea' id='block_1_24' title="bbox 1948 1088 3511 1162">
    <p class='ocr_par' dir='ltr' id='par_1_24' title="bbox 1948 1088 3511 1162">
     <span class='ocr_line' id='line_1_24' title="bbox 1948 1088 3511 1162; baseline 0.002 -21"><span class='ocrx_word' id='word_1_202' title='bbox 1948 1096 2030 1141; x_wconf 89' lang='lat' dir='ltr'>tcr</span> <span class='ocrx_word' id='word_1_203' title='bbox 2074 1088 2484 1144; x_wconf 76' lang='lat' dir='ltr'>viviﬁcabuntur</span> <span class='ocrx_word' id='word_1_204' title='bbox 2514 1102 2565 1145; x_wconf 92' lang='lat' dir='ltr'>et</span> <span class='ocrx_word' id='word_1_205' title='bbox 2610 1092 2857 1145; x_wconf 83' lang='lat' dir='ltr'>mortalia</span> <span class='ocrx_word' id='word_1_206' title='bbox 2903 1108 3127 1162; x_wconf 82' lang='lat' dir='ltr'>corpora</span> <span class='ocrx_word' id='word_1_207' title='bbox 3160 1104 3339 1149; x_wconf 85' lang='lat' dir='ltr'>vestra</span> <span class='ocrx_word' id='word_1_208' title='bbox 3391 1109 3511 1145; x_wconf 78' lang='lat' dir='ltr'>eum</span> 
     </span>
    </p>
   </div>
   <div class='ocr_carea' id='block_1_25' title="bbox 1947 1178 3517 1255">
    <p class='ocr_par' dir='ltr' id='par_1_25' title="bbox 1947 1178 3517 1255">
     <span class='ocr_line' id='line_1_25' title="bbox 1947 1178 3517 1255; baseline 0.004 -24"><span class='ocrx_word' id='word_1_209' title='bbox 1947 1178 2338 1233; x_wconf 88' lang='lat' dir='ltr'>immortalibus</span> <span class='ocrx_word' id='word_1_210' title='bbox 2374 1181 2652 1236; x_wconf 76' lang='lat' dir='ltr'>animabus</span> <span class='ocrx_word' id='word_1_211' title='bbox 2704 1184 2816 1253; x_wconf 84' lang='lat'>(98)</span> <span class='ocrx_word' id='word_1_212' title='bbox 2865 1186 2931 1238; x_wconf 86' lang='lat' dir='ltr'>ab</span> <span class='ocrx_word' id='word_1_213' title='bbox 2982 1201 3046 1239; x_wconf 86' lang='lat' dir='ltr'>eo</span> <span class='ocrx_word' id='word_1_214' title='bbox 3101 1190 3190 1255; x_wconf 90' lang='lat' dir='ltr'>qui</span> <span class='ocrx_word' id='word_1_215' title='bbox 3232 1188 3517 1241; x_wconf 69' lang='lat' dir='ltr'>suscitavit</span> 
     </span>
    </p>
   </div>
   <div class='ocr_carea' id='block_1_26' title="bbox 1945 1272 3515 1347">
    <p class='ocr_par' dir='ltr' id='par_1_26' title="bbox 1945 1272 3515 1347">
     <span class='ocr_line' id='line_1_26' title="bbox 1945 1272 3515 1347; baseline 0.004 -23"><span class='ocrx_word' id='word_1_216' title='bbox 1945 1272 2216 1325; x_wconf 86' lang='lat' dir='ltr'>Christum</span> <span class='ocrx_word' id='word_1_217' title='bbox 2248 1272 2427 1326; x_wconf 71' lang='lat' dir='ltr'>losum</span> <span class='ocrx_word' id='word_1_218' title='bbox 2457 1288 2482 1325; x_wconf 85' lang='lat' dir='ltr'>a</span> <span class='ocrx_word' id='word_1_219' title='bbox 2518 1276 2764 1337; x_wconf 87' lang='lat' dir='ltr'>mortuis,</span> <span class='ocrx_word' id='word_1_220' title='bbox 2796 1276 3089 1344; x_wconf 78' lang='lat' dir='ltr'>principem</span> <span class='ocrx_word' id='word_1_221' title='bbox 3116 1288 3165 1330; x_wconf 89' lang='lat' dir='ltr'>ct</span> <span class='ocrx_word' id='word_1_222' title='bbox 3194 1279 3515 1347; x_wconf 71' lang='lat' dir='ltr'>primogeni-</span> 
     </span>
    </p>
   </div>
   <div class='ocr_carea' id='block_1_27' title="bbox 1951 1362 3514 1437">
    <p class='ocr_par' dir='ltr' id='par_1_27' title="bbox 1951 1362 3514 1437">
     <span class='ocr_line' id='line_1_27' title="bbox 1951 1362 3514 1437; baseline 0.005 -23"><span class='ocrx_word' id='word_1_223' title='bbox 1951 1372 2060 1414; x_wconf 92' lang='lat' dir='ltr'>tum</span> <span class='ocrx_word' id='word_1_224' title='bbox 2092 1363 2542 1416; x_wconf 82' lang='lat' dir='ltr'>resurrectionis?</span> <span class='ocrx_word' id='word_1_225' title='bbox 2565 1362 2631 1415; x_wconf 84' lang='lat' dir='ltr'>Et</span> <span class='ocrx_word' id='word_1_226' title='bbox 2672 1368 2864 1432; x_wconf 88' lang='lat' dir='ltr'>quibus</span> <span class='ocrx_word' id='word_1_227' title='bbox 2900 1368 2998 1421; x_wconf 86' lang='lat' dir='ltr'>tale</span> <span class='ocrx_word' id='word_1_228' title='bbox 3035 1377 3346 1437; x_wconf 75' lang='lat' dir='ltr'>tantumque</span> <span class='ocrx_word' id='word_1_229' title='bbox 3382 1369 3514 1423; x_wconf 55' lang='lat' dir='ltr'>divi-</span> 
     </span>
    </p>
   </div>
   <div class='ocr_carea' id='block_1_28' title="bbox 1944 1451 3513 1519">
    <p class='ocr_par' dir='ltr' id='par_1_28' title="bbox 1944 1451 3513 1519">
     <span class='ocr_line' id='line_1_28' title="bbox 1944 1451 3513 1519; baseline 0.005 -16"><span class='ocrx_word' id='word_1_230' title='bbox 1944 1451 2089 1505; x_wconf 84' lang='lat' dir='ltr'>nitus</span> <span class='ocrx_word' id='word_1_231' title='bbox 2132 1466 2226 1519; x_wconf 89' lang='lat' dir='ltr'>per</span> <span class='ocrx_word' id='word_1_232' title='bbox 2275 1452 2532 1519; x_wconf 77' lang='lat' dir='ltr'>Spiritum</span> <span class='ocrx_word' id='word_1_233' title='bbox 2580 1468 2773 1507; x_wconf 86' lang='lat' dir='ltr'>munus</span> <span class='ocrx_word' id='word_1_234' title='bbox 2817 1457 3074 1509; x_wconf 84' lang='lat' dir='ltr'>indultum</span> <span class='ocrx_word' id='word_1_235' title='bbox 3106 1468 3206 1519; x_wconf 83' lang='lat' dir='ltr'>est,</span> <span class='ocrx_word' id='word_1_236' title='bbox 3246 1460 3513 1511; x_wconf 79' lang='lat' dir='ltr'>debitores</span> 
     </span>
    </p>
   </div>
   <div class='ocr_carea' id='block_1_29' title="bbox 1946 1541 3508 1613">
    <p class='ocr_par' dir='ltr' id='par_1_29' title="bbox 1946 1541 3508 1613">
     <span class='ocr_line' id='line_1_29' title="bbox 1946 1541 3508 1613; baseline 0.009 -22"><span class='ocrx_word' id='word_1_237' title='bbox 1946 1553 2131 1593; x_wconf 88' lang='lat' dir='ltr'>sumus</span> <span class='ocrx_word' id='word_1_238' title='bbox 2164 1541 2407 1609; x_wconf 78' lang='lat' dir='ltr'>Spiritui,</span> <span class='ocrx_word' id='word_1_239' title='bbox 2452 1558 2552 1596; x_wconf 90' lang='lat' dir='ltr'>non</span> <span class='ocrx_word' id='word_1_240' title='bbox 2596 1546 2769 1608; x_wconf 88' lang='lat' dir='ltr'>carni,</span> <span class='ocrx_word' id='word_1_241' title='bbox 2807 1556 2862 1598; x_wconf 90' lang='lat' dir='ltr'>ut</span> <span class='ocrx_word' id='word_1_242' title='bbox 2896 1547 3045 1613; x_wconf 78' lang='lat' dir='ltr'>juxta</span> <span class='ocrx_word' id='word_1_243' title='bbox 3093 1564 3208 1603; x_wconf 79' lang='lat' dir='ltr'>eam</span> <span class='ocrx_word' id='word_1_244' title='bbox 3248 1551 3508 1605; x_wconf 76' lang='lat' dir='ltr'>vivamus.</span> 
     </span>
    </p>
   </div>
   <div class='ocr_carea' id='block_1_30' title="bbox 1948 1631 3511 1705">
    <p class='ocr_par' dir='ltr' id='par_1_30' title="bbox 1948 1631 3511 1705">
     <span class='ocr_line' id='line_1_30' title="bbox 1948 1631 3511 1705; baseline 0.012 -22"><span class='ocrx_word' id='word_1_245' title='bbox 1948 1631 2223 1700; x_wconf 84' lang='lat' dir='ltr'>Siquidem</span> <span class='ocrx_word' id='word_1_246' title='bbox 2270 1636 2357 1702; x_wconf 88' lang='lat' dir='ltr'>qui</span> <span class='ocrx_word' id='word_1_247' title='bbox 2399 1635 2550 1703; x_wconf 84' lang='lat' dir='ltr'>juxta</span> <span class='ocrx_word' id='word_1_248' title='bbox 2592 1653 2810 1692; x_wconf 90' lang='lat' dir='ltr'>carnem</span> <span class='ocrx_word' id='word_1_249' title='bbox 2860 1642 3073 1705; x_wconf 77' lang='lat' dir='ltr'>vixerit,</span> <span class='ocrx_word' id='word_1_250' title='bbox 3115 1646 3374 1699; x_wconf 86' lang='lat' dir='ltr'>morietur</span> <span class='ocrx_word' id='word_1_251' title='bbox 3426 1648 3511 1701; x_wconf 64' lang='lat' dir='ltr'>ilia.</span> 
     </span>
    </p>
   </div>
   <div class='ocr_carea' id='block_1_31' title="bbox 1948 1732 3513 1807">
    <p class='ocr_par' dir='ltr' id='par_1_31' title="bbox 1948 1732 3513 1807">
     <span class='ocr_line' id='line_1_31' title="bbox 1948 1732 3513 1807; baseline 0.011 -32"><span class='ocrx_word' id='word_1_252' title='bbox 1948 1734 2124 1777; x_wconf 84' lang='lat' dir='ltr'>morte</span> <span class='ocrx_word' id='word_1_253' title='bbox 2156 1740 2271 1791; x_wconf 71' lang='lat' dir='ltr'>quae</span> <span class='ocrx_word' id='word_1_254' title='bbox 2304 1739 2581 1793; x_wconf 87' lang='lat' dir='ltr'>peccatum</span> <span class='ocrx_word' id='word_1_255' title='bbox 2622 1732 2884 1798; x_wconf 88' lang='lat' dir='ltr'>sequitur.</span> <span class='ocrx_word' id='word_1_256' title='bbox 2928 1752 2944 1782; x_wconf 77' lang='grc' dir='ltr'>ι</span> <span class='ocrx_word' id='word_1_257' title='bbox 2995 1732 3275 1789; x_wconf 79' lang='lat' dir='ltr'>Peccatum</span> <span class='ocrx_word' id='word_1_258' title='bbox 3317 1739 3513 1807; x_wconf 79' lang='lat' dir='ltr'>quippe</span> 
     </span>
    </p>
   </div>
   <div class='ocr_carea' id='block_1_32' title="bbox 1948 1820 3511 1893">
    <p class='ocr_par' dir='ltr' id='par_1_32' title="bbox 1948 1820 3511 1893">
     <span class='ocr_line' id='line_1_32' title="bbox 1948 1820 3511 1893; baseline 0.013 -27"><span class='ocrx_word' id='word_1_259' title='bbox 1948 1827 2069 1867; x_wconf 73' lang='lat' dir='ltr'>cuin</span> <span class='ocrx_word' id='word_1_260' title='bbox 2111 1828 2537 1873; x_wconf 86' lang='lat' dir='ltr'>consummatum</span> <span class='ocrx_word' id='word_1_261' title='bbox 2583 1820 2762 1883; x_wconf 79' lang='lat' dir='ltr'>fuerit,</span> <span class='ocrx_word' id='word_1_262' title='bbox 2802 1835 3024 1892; x_wconf 83' lang='lat' dir='ltr'>generat</span> <span class='ocrx_word' id='word_1_263' title='bbox 3072 1840 3320 1893; x_wconf 90' lang='lat' dir='ltr'>mortem,</span> <span class='ocrx_word' id='word_1_264' title='bbox 3369 1848 3387 1882; x_wconf 74' lang='grc' dir='ltr'>ι</span> <span class='ocrx_word' id='word_1_265' title='bbox 3422 1846 3511 1885; x_wconf 85' lang='lat' dir='ltr'>se-</span> 
     </span>
    </p>
   </div>
   <div class='ocr_carea' id='block_1_33' title="bbox 260 1888 3507 1989">
    <p class='ocr_par' dir='ltr' id='par_1_33' title="bbox 260 1888 3507 1989">
     <span class='ocr_line' id='line_1_33' title="bbox 260 1888 3507 1989; baseline 0.006 -30"><span class='ocrx_word' id='word_1_266' title='bbox 260 1917 367 1959; x_wconf 70' lang='lat' dir='ltr'>tern</span> <span class='ocrx_word' id='word_1_267' title='bbox 390 1907 721 1961; x_wconf 86' lang='lat' dir='ltr'>Christnsin</span> <span class='ocrx_word' id='word_1_268' title='bbox 746 1906 921 1969; x_wconf 60' lang='lat' dir='ltr'>rubis,</span> <span class='ocrx_word' id='word_1_269' title='bbox 951 1926 969 1958; x_wconf 75' lang='grc' dir='ltr'>ι</span> <span class='ocrx_word' id='word_1_270' title='bbox 996 1909 1497 1965; x_wconf 81' lang='lat' dir='ltr'>etmanifestissime</span> <span class='ocrx_word' id='word_1_271' title='bbox 1516 1913 1842 1967; x_wconf 88' lang='lat' dir='ltr'>demonstra—</span> <span class='ocrx_word' id='word_1_272' title='bbox 1878 1888 1920 1945; x_wconf 74' lang='grc' dir='ltr'><strong><em>Β</em></strong></span> <span class='ocrx_word' id='word_1_273' title='bbox 1948 1908 2176 1961; x_wconf 79' lang='lat' dir='ltr'>cundum</span> <span class='ocrx_word' id='word_1_274' title='bbox 2223 1908 2480 1965; x_wconf 80' lang='lat' dir='ltr'>JaCObutn</span> <span class='ocrx_word' id='word_1_275' title='bbox 2532 1913 2599 1968; x_wconf 83' lang='grc'>⁸⁸.</span> <span class='ocrx_word' id='word_1_276' title='bbox 2644 1913 2749 1968; x_wconf 87' lang='lat' dir='ltr'>Sed</span> <span class='ocrx_word' id='word_1_277' title='bbox 2802 1926 2855 1969; x_wconf 90' lang='lat' dir='ltr'>et</span> <span class='ocrx_word' id='word_1_278' title='bbox 2900 1916 3145 1972; x_wconf 82' lang='lat' dir='ltr'>Ezechiel</span> <span class='ocrx_word' id='word_1_279' title='bbox 3202 1933 3507 1989; x_wconf 68' lang='lat' dir='ltr'>peccantem</span> 
     </span>
    </p>
   </div>
   <div class='ocr_carea' id='block_1_34' title="bbox 262 1999 1838 2068">
    <p class='ocr_par' dir='ltr' id='par_1_34' title="bbox 262 1999 1838 2068">
     <span class='ocr_line' id='line_1_34' title="bbox 262 1999 1838 2068; baseline 0.004 -19"><span class='ocrx_word' id='word_1_280' title='bbox 262 2009 346 2049; x_wconf 86' lang='lat' dir='ltr'>tur</span> <span class='ocrx_word' id='word_1_281' title='bbox 373 1999 797 2066; x_wconf 81' lang='lat' dir='ltr'>inseparabilem</span> <span class='ocrx_word' id='word_1_282' title='bbox 823 2016 940 2054; x_wconf 80' lang='lat' dir='ltr'>esse</span> <span class='ocrx_word' id='word_1_283' title='bbox 968 2000 1227 2068; x_wconf 85' lang='lat' dir='ltr'>Spiritum</span> <span class='ocrx_word' id='word_1_284' title='bbox 1258 2012 1506 2054; x_wconf 89' lang='lat' dir='ltr'>sanctum</span> <span class='ocrx_word' id='word_1_285' title='bbox 1535 2017 1561 2055; x_wconf 92' lang='lat' dir='ltr'>a</span> <span class='ocrx_word' id='word_1_286' title='bbox 1584 2001 1799 2057; x_wconf 89' lang='lat' dir='ltr'>Christo</span> <span class='ocrx_word' id='word_1_287' title='bbox 1824 2020 1838 2056; x_wconf 87' lang='lat'><strong>:</strong></span> 
     </span>
    </p>
   </div>
   <div class='ocr_carea' id='block_1_35' title="bbox 258 2088 1842 2157">
    <p class='ocr_par' dir='ltr' id='par_1_35' title="bbox 258 2088 1842 2157">
     <span class='ocr_line' id='line_1_35' title="bbox 258 2088 1842 2157; baseline 0.006 -21"><span class='ocrx_word' id='word_1_288' title='bbox 258 2089 384 2154; x_wconf 83' lang='lat' dir='ltr'>quia</span> <span class='ocrx_word' id='word_1_289' title='bbox 418 2088 737 2156; x_wconf 86' lang='lat' dir='ltr'>ubicunque</span> <span class='ocrx_word' id='word_1_290' title='bbox 774 2089 1009 2157; x_wconf 88' lang='lat' dir='ltr'>Spiritus</span> <span class='ocrx_word' id='word_1_291' title='bbox 1041 2100 1259 2143; x_wconf 87' lang='lat' dir='ltr'>sanctus</span> <span class='ocrx_word' id='word_1_292' title='bbox 1290 2089 1470 2155; x_wconf 80' lang='lat' dir='ltr'>luerit,</span> <span class='ocrx_word' id='word_1_293' title='bbox 1506 2092 1575 2144; x_wconf 88' lang='lat' dir='ltr'>ibi</span> <span class='ocrx_word' id='word_1_294' title='bbox 1604 2104 1656 2145; x_wconf 89' lang='lat' dir='ltr'>et</span> <span class='ocrx_word' id='word_1_295' title='bbox 1684 2092 1842 2146; x_wconf 84' lang='lat' dir='ltr'>Chri-</span> 
     </span>
    </p>
   </div>
   <div class='ocr_carea' id='block_1_36' title="bbox 256 2179 1838 2251">
    <p class='ocr_par' dir='ltr' id='par_1_36' title="bbox 256 2179 1838 2251">
     <span class='ocr_line' id='line_1_36' title="bbox 256 2179 1838 2251; baseline 0.002 -20"><span class='ocrx_word' id='word_1_296' title='bbox 256 2191 373 2231; x_wconf 85' lang='lat' dir='ltr'>stus</span> <span class='ocrx_word' id='word_1_297' title='bbox 399 2189 520 2239; x_wconf 86' lang='lat' dir='ltr'>est,</span> <span class='ocrx_word' id='word_1_298' title='bbox 550 2188 603 2232; x_wconf 85' lang='lat' dir='ltr'>et</span> <span class='ocrx_word' id='word_1_299' title='bbox 634 2180 988 2251; x_wconf 73' lang='lat' dir='ltr'>undecunque</span> <span class='ocrx_word' id='word_1_300' title='bbox 1015 2179 1211 2234; x_wconf 89' lang='lat' dir='ltr'>Christi</span> <span class='ocrx_word' id='word_1_301' title='bbox 1252 2180 1485 2249; x_wconf 86' lang='lat' dir='ltr'>Spiritus</span> <span class='ocrx_word' id='word_1_302' title='bbox 1511 2184 1838 2246; x_wconf 84' lang='lat' dir='ltr'>discesserit,</span> 
     </span>
    </p>
   </div>
   <div class='ocr_carea' id='block_1_37' title="bbox 259 2270 1840 2339">
    <p class='ocr_par' dir='ltr' id='par_1_37' title="bbox 259 2270 1840 2339">
     <span class='ocr_line' id='line_1_37' title="bbox 259 2270 1840 2339; baseline 0.002 -17"><span class='ocrx_word' id='word_1_303' title='bbox 259 2270 386 2322; x_wconf 88' lang='lat' dir='ltr'>inde</span> <span class='ocrx_word' id='word_1_304' title='bbox 438 2270 646 2336; x_wconf 90' lang='lat' dir='ltr'>pariter</span> <span class='ocrx_word' id='word_1_305' title='bbox 694 2272 895 2324; x_wconf 84' lang='lat' dir='ltr'>recedit</span> <span class='ocrx_word' id='word_1_306' title='bbox 942 2282 995 2324; x_wconf 90' lang='lat' dir='ltr'>et</span> <span class='ocrx_word' id='word_1_307' title='bbox 1029 2270 1294 2325; x_wconf 90' lang='lat' dir='ltr'>Christus.</span> <span class='ocrx_word' id='word_1_308' title='bbox 1348 2292 1365 2321; x_wconf 75' lang='grc' dir='ltr'>ι</span> <span class='ocrx_word' id='word_1_309' title='bbox 1426 2272 1477 2325; x_wconf 84' lang='lat' dir='ltr'>Si</span> <span class='ocrx_word' id='word_1_310' title='bbox 1531 2273 1651 2339; x_wconf 88' lang='lat' dir='ltr'>quis</span> <span class='ocrx_word' id='word_1_311' title='bbox 1700 2273 1840 2325; x_wconf 87' lang='lat' dir='ltr'>enim</span> 
     </span>
    </p>
   </div>
   <div class='ocr_carea' id='block_1_38' title="bbox 258 2360 1838 2429">
    <p class='ocr_par' dir='ltr' id='par_1_38' title="bbox 258 2360 1838 2429">
     <span class='ocr_line' id='line_1_38' title="bbox 258 2360 1838 2429; baseline 0.004 -20"><span class='ocrx_word' id='word_1_312' title='bbox 258 2361 529 2423; x_wconf 75' lang='lat' dir='ltr'>Spiritum</span> <span class='ocrx_word' id='word_1_313' title='bbox 557 2360 765 2413; x_wconf 89' lang='lat' dir='ltr'>Christi</span> <span class='ocrx_word' id='word_1_314' title='bbox 799 2377 901 2415; x_wconf 90' lang='lat' dir='ltr'>non</span> <span class='ocrx_word' id='word_1_315' title='bbox 936 2362 1117 2425; x_wconf 87' lang='lat' dir='ltr'>habet,</span> <span class='ocrx_word' id='word_1_316' title='bbox 1149 2361 1235 2415; x_wconf 85' lang='lat' dir='ltr'>hic</span> <span class='ocrx_word' id='word_1_317' title='bbox 1269 2379 1371 2415; x_wconf 90' lang='lat' dir='ltr'>non</span> <span class='ocrx_word' id='word_1_318' title='bbox 1406 2371 1487 2416; x_wconf 91' lang='lat' dir='ltr'>est</span> <span class='ocrx_word' id='word_1_319' title='bbox 1516 2364 1651 2429; x_wconf 84' lang='lat' dir='ltr'>ejus.</span> <span class='ocrx_word' id='word_1_320' title='bbox 1692 2380 1709 2412; x_wconf 70' lang='grc' dir='ltr'>δ</span> <span class='ocrx_word' id='word_1_321' title='bbox 1744 2363 1838 2416; x_wconf 86' lang='lat' dir='ltr'>Cui</span> 
     </span>
    </p>
   </div>
   <div class='ocr_carea' id='block_1_39' title="bbox 256 2452 1839 2521">
    <p class='ocr_par' dir='ltr' id='par_1_39' title="bbox 256 2452 1839 2521">
     <span class='ocr_line' id='line_1_39' title="bbox 256 2452 1839 2521; baseline 0.001 -18"><span class='ocrx_word' id='word_1_322' title='bbox 256 2452 556 2513; x_wconf 76' lang='lat' dir='ltr'>coniuncto</span> <span class='ocrx_word' id='word_1_323' title='bbox 598 2452 642 2503; x_wconf 87' lang='lat' dir='ltr'>si</span> <span class='ocrx_word' id='word_1_324' title='bbox 688 2453 806 2518; x_wconf 90' lang='lat' dir='ltr'>quis</span> <span class='ocrx_word' id='word_1_325' title='bbox 841 2452 1169 2505; x_wconf 85' lang='lat' dir='ltr'>contrarium</span> <span class='ocrx_word' id='word_1_326' title='bbox 1219 2461 1492 2515; x_wconf 85' lang='lat' dir='ltr'>assumat,</span> <span class='ocrx_word' id='word_1_327' title='bbox 1528 2454 1706 2505; x_wconf 82' lang='lat' dir='ltr'>dicere</span> <span class='ocrx_word' id='word_1_328' title='bbox 1743 2468 1839 2521; x_wconf 84' lang='lat' dir='ltr'>po-</span> 
     </span>
    </p>
   </div>
   <div class='ocr_carea' id='block_1_40' title="bbox 260 2539 1839 2607">
    <p class='ocr_par' dir='ltr' id='par_1_40' title="bbox 260 2539 1839 2607">
     <span class='ocr_line' id='line_1_40' title="bbox 260 2539 1839 2607; baseline 0.003 -18"><span class='ocrx_word' id='word_1_329' title='bbox 260 2548 361 2590; x_wconf 73' lang='lat' dir='ltr'>test</span> <span class='ocrx_word' id='word_1_330' title='bbox 395 2554 409 2590; x_wconf 92' lang='lat'>:</span> <span class='ocrx_word' id='word_1_331' title='bbox 449 2539 505 2591; x_wconf 89' lang='lat' dir='ltr'>Si</span> <span class='ocrx_word' id='word_1_332' title='bbox 540 2540 666 2605; x_wconf 89' lang='lat' dir='ltr'>quis</span> <span class='ocrx_word' id='word_1_333' title='bbox 715 2540 918 2595; x_wconf 86' lang='lat' dir='ltr'>Christi</span> <span class='ocrx_word' id='word_1_334' title='bbox 953 2552 1067 2603; x_wconf 89' lang='lat' dir='ltr'>est,</span> <span class='ocrx_word' id='word_1_335' title='bbox 1095 2542 1164 2594; x_wconf 88' lang='lat' dir='ltr'>ita</span> <span class='ocrx_word' id='word_1_336' title='bbox 1198 2551 1253 2594; x_wconf 87' lang='grc' dir='ltr'>ιιι</span> <span class='ocrx_word' id='word_1_337' title='bbox 1297 2542 1545 2595; x_wconf 88' lang='lat' dir='ltr'>Christus</span> <span class='ocrx_word' id='word_1_338' title='bbox 1580 2543 1630 2595; x_wconf 93' lang='lat' dir='ltr'>in</span> <span class='ocrx_word' id='word_1_339' title='bbox 1660 2558 1722 2596; x_wconf 93' lang='lat' dir='ltr'>co</span> <span class='ocrx_word' id='word_1_340' title='bbox 1753 2546 1839 2607; x_wconf 87' lang='lat' dir='ltr'>sit,</span> 
     </span>
    </p>
   </div>
   <div class='ocr_carea' id='block_1_41' title="bbox 260 2630 1842 2697">
    <p class='ocr_par' dir='ltr' id='par_1_41' title="bbox 260 2630 1842 2697">
     <span class='ocr_line' id='line_1_41' title="bbox 260 2630 1842 2697; baseline 0.004 -16"><span class='ocrx_word' id='word_1_341' title='bbox 260 2630 309 2682; x_wconf 90' lang='lat' dir='ltr'>in</span> <span class='ocrx_word' id='word_1_342' title='bbox 345 2632 449 2683; x_wconf 87' lang='lat' dir='ltr'>hoc</span> <span class='ocrx_word' id='word_1_343' title='bbox 483 2630 726 2697; x_wconf 87' lang='lat' dir='ltr'>Spiritus</span> <span class='ocrx_word' id='word_1_344' title='bbox 764 2632 852 2685; x_wconf 91' lang='lat' dir='ltr'>Dei</span> <span class='ocrx_word' id='word_1_345' title='bbox 889 2641 988 2685; x_wconf 88' lang='lat' dir='ltr'>est.</span> <span class='ocrx_word' id='word_1_346' title='bbox 1024 2631 1133 2686; x_wconf 80' lang='lat' dir='ltr'>Hoc</span> <span class='ocrx_word' id='word_1_347' title='bbox 1164 2644 1343 2686; x_wconf 85' lang='lat' dir='ltr'>autem</span> <span class='ocrx_word' id='word_1_348' title='bbox 1381 2634 1518 2685; x_wconf 86' lang='lat' dir='ltr'>idem</span> <span class='ocrx_word' id='word_1_349' title='bbox 1548 2644 1599 2687; x_wconf 89' lang='lat' dir='ltr'>et</span> <span class='ocrx_word' id='word_1_350' title='bbox 1629 2634 1693 2687; x_wconf 85' lang='lat' dir='ltr'>de</span> <span class='ocrx_word' id='word_1_351' title='bbox 1738 2635 1842 2688; x_wconf 87' lang='lat' dir='ltr'>Deo</span> 
     </span>
    </p>
   </div>
   <div class='ocr_carea' id='block_1_42' title="bbox 256 2719 1841 2792">
    <p class='ocr_par' dir='ltr' id='par_1_42' title="bbox 256 2719 1841 2792">
     <span class='ocr_line' id='line_1_42' title="bbox 256 2719 1841 2792; baseline 0.003 -19"><span class='ocrx_word' id='word_1_352' title='bbox 256 2719 423 2773; x_wconf 73' lang='lat' dir='ltr'>Patre</span> <span class='ocrx_word' id='word_1_353' title='bbox 472 2722 729 2775; x_wconf 86' lang='lat' dir='ltr'>similiter</span> <span class='ocrx_word' id='word_1_354' title='bbox 776 2726 1161 2791; x_wconf 82' lang='lat' dir='ltr'>usurpandum.</span> <span class='ocrx_word' id='word_1_355' title='bbox 1206 2722 1261 2775; x_wconf 89' lang='lat' dir='ltr'>Si</span> <span class='ocrx_word' id='word_1_356' title='bbox 1304 2724 1423 2791; x_wconf 85' lang='lat' dir='ltr'>quis</span> <span class='ocrx_word' id='word_1_357' title='bbox 1458 2724 1712 2792; x_wconf 69' lang='lat' dir='ltr'>Spiritum</span> <span class='ocrx_word' id='word_1_358' title='bbox 1752 2726 1841 2778; x_wconf 93' lang='lat' dir='ltr'>Dei</span> 
     </span>
    </p>
   </div>
   <div class='ocr_carea' id='block_1_43' title="bbox 258 2812 1840 2881">
    <p class='ocr_par' dir='ltr' id='par_1_43' title="bbox 258 2812 1840 2881">
     <span class='ocr_line' id='line_1_43' title="bbox 258 2812 1840 2881; baseline 0.002 -18"><span class='ocrx_word' id='word_1_359' title='bbox 258 2826 366 2863; x_wconf 86' lang='lat' dir='ltr'>non</span> <span class='ocrx_word' id='word_1_360' title='bbox 393 2813 585 2875; x_wconf 83' lang='lat' dir='ltr'>habet,</span> <span class='ocrx_word' id='word_1_361' title='bbox 615 2812 715 2865; x_wconf 84' lang='lat' dir='ltr'>iste</span> <span class='ocrx_word' id='word_1_362' title='bbox 740 2828 843 2865; x_wconf 90' lang='lat' dir='ltr'>non</span> <span class='ocrx_word' id='word_1_363' title='bbox 870 2821 947 2865; x_wconf 91' lang='lat' dir='ltr'>est</span> <span class='ocrx_word' id='word_1_364' title='bbox 984 2812 1120 2881; x_wconf 83' lang='lat' dir='ltr'>ejus.</span> <span class='ocrx_word' id='word_1_365' title='bbox 1150 2813 1243 2865; x_wconf 91' lang='lat' dir='ltr'>Cui</span> <span class='ocrx_word' id='word_1_366' title='bbox 1275 2828 1485 2865; x_wconf 89' lang='lat' dir='ltr'>rursum</span> <span class='ocrx_word' id='word_1_367' title='bbox 1512 2816 1840 2867; x_wconf 59' lang='lat' dir='ltr'>eoatrarium</span> 
     </span>
    </p>
   </div>
   <div class='ocr_carea' id='block_1_44' title="bbox 257 2904 1842 2972">
    <p class='ocr_par' dir='ltr' id='par_1_44' title="bbox 257 2904 1842 2972">
     <span class='ocr_line' id='line_1_44' title="bbox 257 2904 1842 2972; baseline 0.002 -17"><span class='ocrx_word' id='word_1_368' title='bbox 257 2905 301 2955; x_wconf 89' lang='lat' dir='ltr'>si</span> <span class='ocrx_word' id='word_1_369' title='bbox 336 2904 463 2969; x_wconf 89' lang='lat' dir='ltr'>quis</span> <span class='ocrx_word' id='word_1_370' title='bbox 497 2914 765 2966; x_wconf 85' lang='lat' dir='ltr'>assumat,</span> <span class='ocrx_word' id='word_1_371' title='bbox 803 2904 987 2955; x_wconf 89' lang='lat' dir='ltr'>dicens</span> <span class='ocrx_word' id='word_1_372' title='bbox 1036 2918 1050 2955; x_wconf 92' lang='lat'><strong>:</strong></span> <span class='ocrx_word' id='word_1_373' title='bbox 1088 2904 1143 2956; x_wconf 87' lang='lat' dir='ltr'>Si</span> <span class='ocrx_word' id='word_1_374' title='bbox 1188 2905 1308 2972; x_wconf 89' lang='lat' dir='ltr'>quis</span> <span class='ocrx_word' id='word_1_375' title='bbox 1361 2904 1449 2957; x_wconf 85' lang='lat' dir='ltr'>Dei</span> <span class='ocrx_word' id='word_1_376' title='bbox 1482 2913 1583 2967; x_wconf 87' lang='lat' dir='ltr'>est,</span> <span class='ocrx_word' id='word_1_377' title='bbox 1642 2906 1691 2956; x_wconf 94' lang='lat' dir='ltr'>in</span> <span class='ocrx_word' id='word_1_378' title='bbox 1745 2907 1842 2958; x_wconf 82' lang='lat' dir='ltr'>hoc</span> 
     </span>
    </p>
   </div>
   <div class='ocr_carea' id='block_1_45' title="bbox 259 2991 1840 3063">
    <p class='ocr_par' dir='ltr' id='par_1_45' title="bbox 259 2991 1840 3063">
     <span class='ocr_line' id='line_1_45' title="bbox 259 2991 1840 3063; baseline 0.003 -19"><span class='ocrx_word' id='word_1_379' title='bbox 259 2992 502 3059; x_wconf 79' lang='lat' dir='ltr'>Spiritus</span> <span class='ocrx_word' id='word_1_380' title='bbox 546 2991 642 3045; x_wconf 83' lang='lat' dir='ltr'>Dei</span> <span class='ocrx_word' id='word_1_381' title='bbox 686 3005 789 3046; x_wconf 84' lang='lat' dir='ltr'>est.</span> <span class='ocrx_word' id='word_1_382' title='bbox 829 2991 979 3047; x_wconf 73' lang='lat' dir='ltr'>Linde</span> <span class='ocrx_word' id='word_1_383' title='bbox 1026 2995 1281 3048; x_wconf 89' lang='lat' dir='ltr'>scribitur</span> <span class='ocrx_word' id='word_1_384' title='bbox 1329 3013 1342 3050; x_wconf 91' lang='lat'><strong>:</strong></span> <span class='ocrx_word' id='word_1_385' title='bbox 1401 3015 1417 3045; x_wconf 73' lang='grc' dir='ltr'>ι</span> <span class='ocrx_word' id='word_1_386' title='bbox 1458 2995 1686 3048; x_wconf 76' lang='lat' dir='ltr'>Nescitis</span> <span class='ocrx_word' id='word_1_387' title='bbox 1718 2997 1840 3063; x_wconf 89' lang='lat' dir='ltr'>quia</span> 
     </span>
    </p>
   </div>
   <div class='ocr_carea' id='block_1_46' title="bbox 261 3085 1841 3157">
    <p class='ocr_par' dir='ltr' id='par_1_46' title="bbox 261 3085 1841 3157">
     <span class='ocr_line' id='line_1_46' title="bbox 261 3085 1841 3157; baseline 0.005 -20"><span class='ocrx_word' id='word_1_388' title='bbox 261 3085 526 3151; x_wconf 87' lang='lat' dir='ltr'>templum</span> <span class='ocrx_word' id='word_1_389' title='bbox 590 3086 683 3139; x_wconf 85' lang='lat' dir='ltr'>Dei</span> <span class='ocrx_word' id='word_1_390' title='bbox 732 3088 896 3151; x_wconf 81' lang='lat' dir='ltr'>estis,</span> <span class='ocrx_word' id='word_1_391' title='bbox 950 3096 1003 3141; x_wconf 91' lang='lat' dir='ltr'>et</span> <span class='ocrx_word' id='word_1_392' title='bbox 1056 3089 1105 3141; x_wconf 93' lang='lat' dir='ltr'>in</span> <span class='ocrx_word' id='word_1_393' title='bbox 1159 3088 1307 3141; x_wconf 85' lang='lat' dir='ltr'>vobis</span> <span class='ocrx_word' id='word_1_394' title='bbox 1360 3090 1564 3142; x_wconf 81' lang='lat' dir='ltr'>habitat</span> <span class='ocrx_word' id='word_1_395' title='bbox 1613 3089 1841 3157; x_wconf 77' lang='lat' dir='ltr'>Spiritus</span> 
     </span>
    </p>
   </div>
   <div class='ocr_carea' id='block_1_47' title="bbox 260 3176 1841 3249">
    <p class='ocr_par' dir='ltr' id='par_1_47' title="bbox 260 3176 1841 3249">
     <span class='ocr_line' id='line_1_47' title="bbox 260 3176 1841 3249; baseline 0.001 -20"><span class='ocrx_word' id='word_1_396' title='bbox 260 3176 353 3229; x_wconf 86' lang='lat' dir='ltr'>Dei</span> <span class='ocrx_word' id='word_1_397' title='bbox 377 3177 468 3229; x_wconf 69' lang='grc' dir='ltr'>ὀἳ</span> <span class='ocrx_word' id='word_1_398' title='bbox 493 3196 511 3227; x_wconf 73' lang='grc' dir='ltr'>ι</span> <span class='ocrx_word' id='word_1_399' title='bbox 548 3177 614 3231; x_wconf 85' lang='lat' dir='ltr'>Et</span> <span class='ocrx_word' id='word_1_400' title='bbox 638 3178 689 3231; x_wconf 93' lang='lat' dir='ltr'>iu</span> <span class='ocrx_word' id='word_1_401' title='bbox 707 3177 928 3233; x_wconf 76' lang='lat' dir='ltr'>Joannis</span> <span class='ocrx_word' id='word_1_402' title='bbox 953 3178 1181 3247; x_wconf 69' lang='lat' dir='ltr'>Epistula</span> <span class='ocrx_word' id='word_1_403' title='bbox 1214 3197 1225 3232; x_wconf 76' lang='grc' dir='ltr'><strong>ε</strong></span> <span class='ocrx_word' id='word_1_404' title='bbox 1250 3196 1267 3230; x_wconf 77' lang='grc' dir='ltr'>ι</span> <span class='ocrx_word' id='word_1_405' title='bbox 1300 3179 1352 3231; x_wconf 85' lang='lat' dir='ltr'>In</span> <span class='ocrx_word' id='word_1_406' title='bbox 1382 3180 1481 3233; x_wconf 87' lang='lat' dir='ltr'>hoc</span> <span class='ocrx_word' id='word_1_407' title='bbox 1504 3180 1841 3249; x_wconf 77' lang='lat' dir='ltr'>cognoscitur</span> 
     </span>
    </p>
   </div>
   <div class='ocr_carea' id='block_1_48' title="bbox 268 3268 1842 3337">
    <p class='ocr_par' dir='ltr' id='par_1_48' title="bbox 268 3268 1842 3337">
     <span class='ocr_line' id='line_1_48' title="bbox 268 3268 1842 3337; baseline 0.002 -15"><span class='ocrx_word' id='word_1_408' title='bbox 268 3268 410 3322; x_wconf 84' lang='lat' dir='ltr'>Deus</span> <span class='ocrx_word' id='word_1_409' title='bbox 450 3271 702 3324; x_wconf 71' lang='lat' dir='ltr'>habitans</span> <span class='ocrx_word' id='word_1_410' title='bbox 748 3272 799 3322; x_wconf 91' lang='lat' dir='ltr'>in</span> <span class='ocrx_word' id='word_1_411' title='bbox 832 3270 1173 3337; x_wconf 85' lang='lat' dir='ltr'>quibusdam,</span> <span class='ocrx_word' id='word_1_412' title='bbox 1211 3286 1333 3324; x_wconf 89' lang='lat' dir='ltr'>cum</span> <span class='ocrx_word' id='word_1_413' title='bbox 1381 3273 1637 3324; x_wconf 85' lang='lat' dir='ltr'>n-anserit</span> <span class='ocrx_word' id='word_1_414' title='bbox 1679 3275 1727 3323; x_wconf 88' lang='lat' dir='ltr'>in</span> <span class='ocrx_word' id='word_1_415' title='bbox 1764 3270 1842 3325; x_wconf 88' lang='lat' dir='ltr'>eis</span> 
     </span>
    </p>
   </div>
   <div class='ocr_carea' id='block_1_49' title="bbox 261 3362 1840 3431">
    <p class='ocr_par' dir='ltr' id='par_1_49' title="bbox 261 3362 1840 3431">
     <span class='ocr_line' id='line_1_49' title="bbox 261 3362 1840 3431; baseline -0.001 -14"><span class='ocrx_word' id='word_1_416' title='bbox 261 3363 506 3431; x_wconf 88' lang='lat' dir='ltr'>Spiritus</span> <span class='ocrx_word' id='word_1_417' title='bbox 529 3378 693 3431; x_wconf 83' lang='lat' dir='ltr'>quem</span> <span class='ocrx_word' id='word_1_418' title='bbox 714 3362 940 3416; x_wconf 75' lang='lat' dir='ltr'>dedit&quot;.</span> <span class='ocrx_word' id='word_1_419' title='bbox 973 3383 990 3413; x_wconf 82' lang='grc'><strong>›</strong></span> <span class='ocrx_word' id='word_1_420' title='bbox 1029 3362 1102 3416; x_wconf 74' lang='lat' dir='ltr'>Ex</span> <span class='ocrx_word' id='word_1_421' title='bbox 1130 3364 1322 3431; x_wconf 83' lang='lat' dir='ltr'>quibus</span> <span class='ocrx_word' id='word_1_422' title='bbox 1339 3364 1584 3416; x_wconf 86' lang='lat' dir='ltr'>omnibus</span> <span class='ocrx_word' id='word_1_423' title='bbox 1614 3365 1840 3416; x_wconf 74' lang='lat' dir='ltr'>indisso-</span> 
     </span>
    </p>
   </div>
   <div class='ocr_carea' id='block_1_50' title="bbox 257 3454 1839 3521">
    <p class='ocr_par' dir='ltr' id='par_1_50' title="bbox 257 3454 1839 3521">
     <span class='ocr_line' id='line_1_50' title="bbox 257 3454 1839 3521; baseline -0.003 -11"><span class='ocrx_word' id='word_1_424' title='bbox 257 3454 475 3510; x_wconf 80' lang='lat' dir='ltr'>oiabitis</span> <span class='ocrx_word' id='word_1_425' title='bbox 527 3466 693 3521; x_wconf 84' lang='lat' dir='ltr'>atque</span> <span class='ocrx_word' id='word_1_426' title='bbox 739 3454 1027 3507; x_wconf 86' lang='lat' dir='ltr'>indiscreta</span> <span class='ocrx_word' id='word_1_427' title='bbox 1074 3454 1359 3508; x_wconf 82' lang='lat' dir='ltr'>Trinitatis</span> <span class='ocrx_word' id='word_1_428' title='bbox 1401 3455 1700 3509; x_wconf 82' lang='lat' dir='ltr'>substantia</span> <span class='ocrx_word' id='word_1_429' title='bbox 1749 3456 1839 3507; x_wconf 85' lang='lat' dir='ltr'>de-</span> 
     </span>
    </p>
   </div>
   <div class='ocr_carea' id='block_1_51' title="bbox 259 3552 624 3597">
    <p class='ocr_par' dir='ltr' id='par_1_51' title="bbox 259 3552 624 3597">
     <span class='ocr_line' id='line_1_51' title="bbox 259 3552 624 3597; baseline -0.003 0"><span class='ocrx_word' id='word_1_430' title='bbox 259 3552 624 3597; x_wconf 77' lang='lat' dir='ltr'>monstratur.</span> 
     </span>
    </p>
   </div>
   <div class='ocr_carea' id='block_1_52' title="bbox 332 3630 1837 3701">
    <p class='ocr_par' dir='ltr' id='par_1_52' title="bbox 332 3630 1837 3701">
     <span class='ocr_line' id='line_1_52' title="bbox 332 3630 1837 3701; baseline -0.003 -15"><span class='ocrx_word' id='word_1_431' title='bbox 332 3635 423 3688; x_wconf 68' lang='lat'>“.</span> <span class='ocrx_word' id='word_1_432' title='bbox 468 3634 607 3687; x_wconf 88' lang='lat' dir='ltr'>Cum</span> <span class='ocrx_word' id='word_1_433' title='bbox 640 3647 770 3701; x_wconf 78' lang='lat' dir='ltr'>ergo</span> <span class='ocrx_word' id='word_1_434' title='bbox 805 3634 881 3685; x_wconf 85' lang='lat' dir='ltr'>ait</span> <span class='ocrx_word' id='word_1_435' title='bbox 936 3650 950 3686; x_wconf 92' lang='lat'><strong>:</strong></span> <span class='ocrx_word' id='word_1_436' title='bbox 990 3650 1008 3683; x_wconf 72' lang='grc' dir='ltr'>ι</span> <span class='ocrx_word' id='word_1_437' title='bbox 1058 3632 1112 3687; x_wconf 89' lang='lat' dir='ltr'>Si</span> <span class='ocrx_word' id='word_1_438' title='bbox 1151 3630 1397 3687; x_wconf 89' lang='lat' dir='ltr'>Christus</span> <span class='ocrx_word' id='word_1_439' title='bbox 1437 3632 1488 3685; x_wconf 92' lang='lat' dir='ltr'>in</span> <span class='ocrx_word' id='word_1_440' title='bbox 1542 3631 1692 3685; x_wconf 83' lang='lat' dir='ltr'>vobis</span> <span class='ocrx_word' id='word_1_441' title='bbox 1739 3638 1837 3690; x_wconf 87' lang='lat' dir='ltr'>est.</span> 
     </span>
    </p>
   </div>
   <div class='ocr_carea' id='block_1_53' title="bbox 259 3724 1842 3793">
    <p class='ocr_par' dir='ltr' id='par_1_53' title="bbox 259 3724 1842 3793">
     <span class='ocr_line' id='line_1_53' title="bbox 259 3724 1842 3793; baseline -0.004 -15"><span class='ocrx_word' id='word_1_442' title='bbox 259 3740 460 3793; x_wconf 75' lang='lat' dir='ltr'>corpus</span> <span class='ocrx_word' id='word_1_443' title='bbox 485 3724 709 3792; x_wconf 88' lang='lat' dir='ltr'>quidem</span> <span class='ocrx_word' id='word_1_444' title='bbox 737 3734 1005 3775; x_wconf 90' lang='lat' dir='ltr'>mortuum</span> <span class='ocrx_word' id='word_1_445' title='bbox 1030 3733 1244 3792; x_wconf 89' lang='lat' dir='ltr'>propter</span> <span class='ocrx_word' id='word_1_446' title='bbox 1266 3732 1566 3789; x_wconf 74' lang='lat' dir='ltr'>peceatum,</span> <span class='ocrx_word' id='word_1_447' title='bbox 1606 3740 1621 3770; x_wconf 71' lang='grc' dir='ltr'>ι</span> <span class='ocrx_word' id='word_1_448' title='bbox 1648 3736 1842 3789; x_wconf 85' lang='lat' dir='ltr'>nequa-</span> 
     </span>
    </p>
   </div>
   <div class='ocr_carea' id='block_1_54' title="bbox 260 3812 1843 3881">
    <p class='ocr_par' dir='ltr' id='par_1_54' title="bbox 260 3812 1843 3881">
     <span class='ocr_line' id='line_1_54' title="bbox 260 3812 1843 3881; baseline 0 -18"><span class='ocrx_word' id='word_1_449' title='bbox 260 3831 423 3881; x_wconf 78' lang='lat' dir='ltr'>quam</span> <span class='ocrx_word' id='word_1_450' title='bbox 473 3815 625 3868; x_wconf 74' lang='lat' dir='ltr'>vitiis</span> <span class='ocrx_word' id='word_1_451' title='bbox 671 3814 1011 3881; x_wconf 67' lang='lat' dir='ltr'>lasciviaaque</span> <span class='ocrx_word' id='word_1_452' title='bbox 1048 3813 1381 3874; x_wconf 85' lang='lat' dir='ltr'>deserviens,</span> <span class='ocrx_word' id='word_1_453' title='bbox 1424 3813 1515 3865; x_wconf 82' lang='lat' dir='ltr'>sed</span> <span class='ocrx_word' id='word_1_454' title='bbox 1554 3812 1664 3880; x_wconf 73' lang='lat'>(96)</span> <span class='ocrx_word' id='word_1_455' title='bbox 1701 3825 1843 3864; x_wconf 90' lang='lat' dir='ltr'>mor-</span> 
     </span>
    </p>
   </div>
   <div class='ocr_carea' id='block_1_55' title="bbox 259 3902 1845 3973">
    <p class='ocr_par' dir='ltr' id='par_1_55' title="bbox 259 3902 1845 3973">
     <span class='ocr_line' id='line_1_55' title="bbox 259 3902 1845 3973; baseline -0.003 -13"><span class='ocrx_word' id='word_1_456' title='bbox 259 3908 535 3960; x_wconf 67' lang='grc' dir='ltr'><strong>ιὶιῑωιιιηι</strong></span> <span class='ocrx_word' id='word_1_457' title='bbox 594 3914 845 3973; x_wconf 84' lang='lat' dir='ltr'>peccato,</span> <span class='ocrx_word' id='word_1_458' title='bbox 881 3920 988 3957; x_wconf 92' lang='lat' dir='ltr'>non</span> <span class='ocrx_word' id='word_1_459' title='bbox 1031 3914 1399 3957; x_wconf 87' lang='lat' dir='ltr'>commovetur</span> <span class='ocrx_word' id='word_1_460' title='bbox 1442 3902 1505 3955; x_wconf 86' lang='lat' dir='ltr'>ad</span> <span class='ocrx_word' id='word_1_461' title='bbox 1564 3903 1689 3955; x_wconf 87' lang='lat' dir='ltr'>vitia</span> <span class='ocrx_word' id='word_1_462' title='bbox 1735 3919 1746 3954; x_wconf 88' lang='lat'>:</span> <span class='ocrx_word' id='word_1_463' title='bbox 1790 3911 1845 3955; x_wconf 93' lang='lat' dir='ltr'>et</span> 
     </span>
    </p>
   </div>
   <div class='ocr_carea' id='block_1_56' title="bbox 260 3992 1840 4063">
    <p class='ocr_par' dir='ltr' id='par_1_56' title="bbox 260 3992 1840 4063">
     <span class='ocr_line' id='line_1_56' title="bbox 260 3992 1840 4063; baseline -0.006 -12"><span class='ocrx_word' id='word_1_464' title='bbox 260 4010 612 4063; x_wconf 72' lang='lat' dir='ltr'>nequaquam</span> <span class='ocrx_word' id='word_1_465' title='bbox 666 3994 771 4046; x_wconf 92' lang='lat' dir='ltr'>erit</span> <span class='ocrx_word' id='word_1_466' title='bbox 821 3992 984 4047; x_wconf 87' lang='lat' dir='ltr'>vitale</span> <span class='ocrx_word' id='word_1_467' title='bbox 1036 4002 1274 4061; x_wconf 90' lang='lat' dir='ltr'>peccato.</span> <span class='ocrx_word' id='word_1_468' title='bbox 1329 3992 1611 4060; x_wconf 81' lang='lat' dir='ltr'>Postquam</span> <span class='ocrx_word' id='word_1_469' title='bbox 1664 4000 1840 4043; x_wconf 84' lang='lat' dir='ltr'>autem</span> 
     </span>
    </p>
   </div>
   <div class='ocr_carea' id='block_1_57' title="bbox 261 4080 1841 4154">
    <p class='ocr_par' dir='ltr' id='par_1_57' title="bbox 261 4080 1841 4154">
     <span class='ocr_line' id='line_1_57' title="bbox 261 4080 1841 4154; baseline -0.003 -15"><span class='ocrx_word' id='word_1_470' title='bbox 261 4104 465 4153; x_wconf 76' lang='lat' dir='ltr'>corpus</span> <span class='ocrx_word' id='word_1_471' title='bbox 498 4096 727 4154; x_wconf 86' lang='lat' dir='ltr'>peccato</span> <span class='ocrx_word' id='word_1_472' title='bbox 760 4094 1031 4138; x_wconf 84' lang='lat' dir='ltr'>mortuum</span> <span class='ocrx_word' id='word_1_473' title='bbox 1070 4082 1251 4145; x_wconf 76' lang='lat' dir='ltr'>fuerit,</span> <span class='ocrx_word' id='word_1_474' title='bbox 1278 4081 1524 4135; x_wconf 86' lang='lat' dir='ltr'>Christus</span> <span class='ocrx_word' id='word_1_475' title='bbox 1559 4082 1608 4134; x_wconf 90' lang='lat' dir='ltr'>in</span> <span class='ocrx_word' id='word_1_476' title='bbox 1644 4081 1726 4135; x_wconf 88' lang='lat' dir='ltr'>his</span> <span class='ocrx_word' id='word_1_477' title='bbox 1750 4080 1841 4151; x_wconf 86' lang='lat' dir='ltr'>qui</span> 
     </span>
    </p>
   </div>
   <div class='ocr_carea' id='block_1_58' title="bbox 259 4172 1843 4244">
    <p class='ocr_par' dir='ltr' id='par_1_58' title="bbox 259 4172 1843 4244">
     <span class='ocr_line' id='line_1_58' title="bbox 259 4172 1843 4244; baseline -0.005 -12"><span class='ocrx_word' id='word_1_478' title='bbox 259 4193 356 4232; x_wconf 78' lang='lat' dir='ltr'>sua</span> <span class='ocrx_word' id='word_1_479' title='bbox 383 4192 621 4244; x_wconf 82' lang='lat' dir='ltr'>corpora</span> <span class='ocrx_word' id='word_1_480' title='bbox 656 4175 1138 4236; x_wconf 78' lang='lat' dir='ltr'>mortiﬁcaverunt,</span> <span class='ocrx_word' id='word_1_481' title='bbox 1170 4186 1409 4240; x_wconf 64' lang='lat' dir='ltr'>praesens</span> <span class='ocrx_word' id='word_1_482' title='bbox 1433 4172 1688 4241; x_wconf 89' lang='lat' dir='ltr'>Spiritum</span> <span class='ocrx_word' id='word_1_483' title='bbox 1721 4176 1843 4225; x_wconf 65' lang='lat' dir='ltr'>vitae</span> 
     </span>
    </p>
   </div>
   <div class='ocr_carea' id='block_1_59' title="bbox 261 4252 1855 4326">
    <p class='ocr_par' dir='ltr' id='par_1_59' title="bbox 261 4252 1855 4326">
     <span class='ocr_line' id='line_1_59' title="bbox 261 4252 1855 4326; baseline -0.006 -13"><span class='ocrx_word' id='word_1_484' title='bbox 261 4257 520 4314; x_wconf 81' lang='lat' dir='ltr'>osrendit</span> <span class='ocrx_word' id='word_1_485' title='bbox 538 4271 639 4326; x_wconf 89' lang='lat' dir='ltr'>per</span> <span class='ocrx_word' id='word_1_486' title='bbox 656 4256 924 4323; x_wconf 87' lang='lat' dir='ltr'>justitiam</span> <span class='ocrx_word' id='word_1_487' title='bbox 944 4254 1060 4306; x_wconf 82' lang='lat' dir='ltr'>sive</span> <span class='ocrx_word' id='word_1_488' title='bbox 1084 4254 1475 4307; x_wconf 80' lang='lat' dir='ltr'>correctionem</span> <span class='ocrx_word' id='word_1_489' title='bbox 1498 4269 1721 4323; x_wconf 85' lang='lat' dir='ltr'>operum</span> <span class='ocrx_word' id='word_1_490' title='bbox 1744 4252 1855 4305; x_wconf 79' lang='lat' dir='ltr'>vir-</span> 
     </span>
    </p>
   </div>
   <div class='ocr_carea' id='block_1_60' title="bbox 263 4345 1855 4416">
    <p class='ocr_par' dir='ltr' id='par_1_60' title="bbox 263 4345 1855 4416">
     <span class='ocr_line' id='line_1_60' title="bbox 263 4345 1855 4416; baseline -0.006 -10"><span class='ocrx_word' id='word_1_491' title='bbox 263 4363 442 4406; x_wconf 83' lang='lat' dir='ltr'>tutum</span> <span class='ocrx_word' id='word_1_492' title='bbox 481 4350 905 4410; x_wconf 85' lang='lat' dir='ltr'>immortalium,</span> <span class='ocrx_word' id='word_1_493' title='bbox 930 4347 1044 4400; x_wconf 70' lang='lat' dir='ltr'>sive</span> <span class='ocrx_word' id='word_1_494' title='bbox 1071 4346 1227 4400; x_wconf 81' lang='lat' dir='ltr'>ﬁdem</span> <span class='ocrx_word' id='word_1_495' title='bbox 1253 4347 1379 4400; x_wconf 82' lang='lat' dir='ltr'>Jesu</span> <span class='ocrx_word' id='word_1_496' title='bbox 1411 4347 1611 4401; x_wconf 77' lang='lat' dir='ltr'>ChriSli</span> <span class='ocrx_word' id='word_1_497' title='bbox 1644 4346 1776 4416; x_wconf 76' lang='lat'>(97),</span> <span class='ocrx_word' id='word_1_498' title='bbox 1805 4345 1855 4397; x_wconf 91' lang='lat' dir='ltr'>in</span> 
     </span>
    </p>
   </div>
   <div class='ocr_carea' id='block_1_61' title="bbox 268 4440 1857 4511">
    <p class='ocr_par' dir='ltr' id='par_1_61' title="bbox 268 4440 1857 4511">
     <span class='ocr_line' id='line_1_61' title="bbox 268 4440 1857 4511; baseline -0.006 -14"><span class='ocrx_word' id='word_1_499' title='bbox 268 4449 280 4497; x_wconf 89' lang='lat' dir='ltr'>i</span> <span class='ocrx_word' id='word_1_500' title='bbox 308 4446 353 4496; x_wconf 86' lang='lat' dir='ltr'>is</span> <span class='ocrx_word' id='word_1_501' title='bbox 386 4448 479 4509; x_wconf 90' lang='lat' dir='ltr'>qui</span> <span class='ocrx_word' id='word_1_502' title='bbox 498 4443 657 4511; x_wconf 75' lang='lat' dir='ltr'>juua</span> <span class='ocrx_word' id='word_1_503' title='bbox 687 4442 843 4493; x_wconf 86' lang='lat' dir='ltr'>Iidem</span> <span class='ocrx_word' id='word_1_504' title='bbox 867 4442 1009 4493; x_wconf 85' lang='lat' dir='ltr'>illius</span> <span class='ocrx_word' id='word_1_505' title='bbox 1037 4450 1449 4495; x_wconf 83' lang='lat' dir='ltr'>conversantur.</span> <span class='ocrx_word' id='word_1_506' title='bbox 1484 4440 1685 4493; x_wconf 81' lang='lat' dir='ltr'>Deinde</span> <span class='ocrx_word' id='word_1_507' title='bbox 1713 4440 1825 4506; x_wconf 77' lang='lat' dir='ltr'>Apo</span> <span class='ocrx_word' id='word_1_508' title='bbox 1844 4464 1857 4477; x_wconf 85' lang='lat'><strong>-</strong></span> 
     </span>
    </p>
   </div>
   <div class='ocr_carea' id='block_1_62' title="bbox 1944 1998 3508 2082">
    <p class='ocr_par' dir='ltr' id='par_1_62' title="bbox 1944 1998 3508 2082">
     <span class='ocr_line' id='line_1_62' title="bbox 1944 1998 3508 2082; baseline 0.014 -34"><span class='ocrx_word' id='word_1_509' title='bbox 1944 1998 2174 2052; x_wconf 87' lang='lat' dir='ltr'>animam</span> <span class='ocrx_word' id='word_1_510' title='bbox 2213 2004 2347 2053; x_wconf 87' lang='lat' dir='ltr'>mori</span> <span class='ocrx_word' id='word_1_511' title='bbox 2399 2004 2603 2058; x_wconf 86' lang='lat' dir='ltr'>scribit.</span> <span class='ocrx_word' id='word_1_512' title='bbox 2646 2006 2935 2073; x_wconf 67' lang='lat' dir='ltr'>Separatur</span> <span class='ocrx_word' id='word_1_513' title='bbox 2988 2013 3128 2063; x_wconf 71' lang='lat' dir='ltr'>enim</span> <span class='ocrx_word' id='word_1_514' title='bbox 3160 2011 3269 2077; x_wconf 89' lang='lat' dir='ltr'>jam</span> <span class='ocrx_word' id='word_1_515' title='bbox 3312 2030 3338 2067; x_wconf 93' lang='lat' dir='ltr'>a</span> <span class='ocrx_word' id='word_1_516' title='bbox 3383 2017 3508 2082; x_wconf 87' lang='lat' dir='ltr'>vita,</span> 
     </span>
    </p>
   </div>
   <div class='ocr_carea' id='block_1_63' title="bbox 1944 2090 3200 2163">
    <p class='ocr_par' dir='ltr' id='par_1_63' title="bbox 1944 2090 3200 2163">
     <span class='ocr_line' id='line_1_63' title="bbox 1944 2090 3200 2163; baseline 0.014 -23"><span class='ocrx_word' id='word_1_517' title='bbox 1944 2102 2059 2155; x_wconf 76' lang='lat' dir='ltr'>qua:</span> <span class='ocrx_word' id='word_1_518' title='bbox 2104 2090 2155 2143; x_wconf 90' lang='lat' dir='ltr'>in</span> <span class='ocrx_word' id='word_1_519' title='bbox 2186 2092 2446 2159; x_wconf 85' lang='lat' dir='ltr'>sapientia</span> <span class='ocrx_word' id='word_1_520' title='bbox 2479 2093 2710 2163; x_wconf 85' lang='lat' dir='ltr'>Spiritus</span> <span class='ocrx_word' id='word_1_521' title='bbox 2737 2098 2994 2153; x_wconf 86' lang='lat' dir='ltr'>collocata</span> <span class='ocrx_word' id='word_1_522' title='bbox 3024 2114 3106 2156; x_wconf 87' lang='lat' dir='ltr'>est</span> <span class='ocrx_word' id='word_1_523' title='bbox 3136 2104 3200 2157; x_wconf 78' lang='grc'>⁸³.</span> 
     </span>
    </p>
   </div>
   <div class='ocr_carea' id='block_1_64' title="bbox 2012 2179 3503 2250">
    <p class='ocr_par' dir='ltr' id='par_1_64' title="bbox 2012 2179 3503 2250">
     <span class='ocr_line' id='line_1_64' title="bbox 2012 2179 3503 2250; baseline 0.013 -19"><span class='ocrx_word' id='word_1_524' title='bbox 2012 2179 2100 2231; x_wconf 70' lang='grc'>62.</span> <span class='ocrx_word' id='word_1_525' title='bbox 2138 2180 2193 2234; x_wconf 91' lang='lat' dir='ltr'>Si</span> <span class='ocrx_word' id='word_1_526' title='bbox 2226 2182 2347 2249; x_wconf 88' lang='lat' dir='ltr'>quis</span> <span class='ocrx_word' id='word_1_527' title='bbox 2396 2192 2575 2237; x_wconf 86' lang='lat' dir='ltr'>autem</span> <span class='ocrx_word' id='word_1_528' title='bbox 2610 2190 3002 2243; x_wconf 85' lang='lat' dir='ltr'>transcenderit</span> <span class='ocrx_word' id='word_1_529' title='bbox 3044 2192 3206 2245; x_wconf 84' lang='lat' dir='ltr'>vitam</span> <span class='ocrx_word' id='word_1_530' title='bbox 3238 2196 3419 2249; x_wconf 81' lang='lat' dir='ltr'>Carnis</span> <span class='ocrx_word' id='word_1_531' title='bbox 3450 2205 3503 2250; x_wconf 86' lang='lat' dir='ltr'>et</span> 
     </span>
    </p>
   </div>
   <div class='ocr_carea' id='block_1_65' title="bbox 1945 2272 3503 2351">
    <p class='ocr_par' dir='ltr' id='par_1_65' title="bbox 1945 2272 3503 2351">
     <span class='ocr_line' id='line_1_65' title="bbox 1945 2272 3503 2351; baseline 0.009 -26"><span class='ocrx_word' id='word_1_532' title='bbox 1945 2272 2146 2339; x_wconf 89' lang='lat' dir='ltr'>Spiritu</span> <span class='ocrx_word' id='word_1_533' title='bbox 2173 2285 2333 2340; x_wconf 86' lang='lat' dir='ltr'>opera</span> <span class='ocrx_word' id='word_1_534' title='bbox 2365 2275 2542 2327; x_wconf 75' lang='lat' dir='ltr'>carnis</span> <span class='ocrx_word' id='word_1_535' title='bbox 2572 2280 2973 2334; x_wconf 88' lang='lat' dir='ltr'>mortilicaverit</span> <span class='ocrx_word' id='word_1_536' title='bbox 3006 2282 3138 2351; x_wconf 79' lang='lat'>(09),</span> <span class='ocrx_word' id='word_1_537' title='bbox 3183 2284 3320 2339; x_wconf 84' lang='lat' dir='ltr'>vivet</span> <span class='ocrx_word' id='word_1_538' title='bbox 3353 2287 3503 2347; x_wconf 77' lang='lat' dir='ltr'>beata</span> 
     </span>
    </p>
   </div>
   <div class='ocr_carea' id='block_1_66' title="bbox 1942 2366 3504 2434">
    <p class='ocr_par' dir='ltr' id='par_1_66' title="bbox 1942 2366 3504 2434">
     <span class='ocr_line' id='line_1_66' title="bbox 1942 2366 3504 2434; baseline 0.008 -18"><span class='ocrx_word' id='word_1_539' title='bbox 1942 2373 2250 2429; x_wconf 66' lang='lat' dir='ltr'>aeternaque</span> <span class='ocrx_word' id='word_1_540' title='bbox 2299 2366 2403 2417; x_wconf 85' lang='lat' dir='ltr'>vita</span> <span class='ocrx_word' id='word_1_541' title='bbox 2442 2368 2641 2421; x_wconf 75' lang='lat' dir='ltr'>relatus</span> <span class='ocrx_word' id='word_1_542' title='bbox 2686 2370 2735 2422; x_wconf 91' lang='lat' dir='ltr'>in</span> <span class='ocrx_word' id='word_1_543' title='bbox 2767 2371 2901 2425; x_wconf 83' lang='lat' dir='ltr'>tilios</span> <span class='ocrx_word' id='word_1_544' title='bbox 2936 2372 3051 2434; x_wconf 87' lang='lat' dir='ltr'>Dei,</span> <span class='ocrx_word' id='word_1_545' title='bbox 3102 2384 3155 2428; x_wconf 88' lang='lat' dir='ltr'>et</span> <span class='ocrx_word' id='word_1_546' title='bbox 3187 2374 3423 2429; x_wconf 81' lang='lat' dir='ltr'>directus</span> <span class='ocrx_word' id='word_1_547' title='bbox 3455 2377 3504 2429; x_wconf 92' lang='lat' dir='ltr'>in</span> 
     </span>
    </p>
   </div>
   <div class='ocr_carea' id='block_1_67' title="bbox 1946 2453 3503 2529">
    <p class='ocr_par' dir='ltr' id='par_1_67' title="bbox 1946 2453 3503 2529">
     <span class='ocr_line' id='line_1_67' title="bbox 1946 2453 3503 2529; baseline 0.008 -27"><span class='ocrx_word' id='word_1_548' title='bbox 1946 2453 2082 2505; x_wconf 86' lang='lat' dir='ltr'>viam</span> <span class='ocrx_word' id='word_1_549' title='bbox 2123 2462 2318 2506; x_wconf 82' lang='lat' dir='ltr'>rectam</span> <span class='ocrx_word' id='word_1_550' title='bbox 2353 2464 2565 2521; x_wconf 86' lang='lat' dir='ltr'>propter</span> <span class='ocrx_word' id='word_1_551' title='bbox 2597 2455 2854 2522; x_wconf 85' lang='lat' dir='ltr'>Spiritum</span> <span class='ocrx_word' id='word_1_552' title='bbox 2907 2471 3168 2522; x_wconf 80' lang='lat' dir='ltr'>sanctum,</span> <span class='ocrx_word' id='word_1_553' title='bbox 3210 2462 3297 2529; x_wconf 91' lang='lat' dir='ltr'>qui</span> <span class='ocrx_word' id='word_1_554' title='bbox 3328 2472 3381 2515; x_wconf 90' lang='lat' dir='ltr'>et</span> <span class='ocrx_word' id='word_1_555' title='bbox 3418 2464 3503 2516; x_wconf 89' lang='lat' dir='ltr'>Dei</span> 
     </span>
    </p>
   </div>
   <div class='ocr_carea' id='block_1_68' title="bbox 1947 2541 3506 2617">
    <p class='ocr_par' dir='ltr' id='par_1_68' title="bbox 1947 2541 3506 2617">
     <span class='ocr_line' id='line_1_68' title="bbox 1947 2541 3506 2617; baseline 0.007 -23"><span class='ocrx_word' id='word_1_556' title='bbox 1947 2541 2172 2609; x_wconf 68' lang='lat' dir='ltr'>Spiritus</span> <span class='ocrx_word' id='word_1_557' title='bbox 2195 2543 2508 2610; x_wconf 75' lang='lat' dir='ltr'>appellatur.</span> <span class='ocrx_word' id='word_1_558' title='bbox 2541 2562 2559 2596; x_wconf 76' lang='grc' dir='ltr'>ι</span> <span class='ocrx_word' id='word_1_559' title='bbox 2598 2546 2652 2599; x_wconf 92' lang='lat' dir='ltr'>Si</span> <span class='ocrx_word' id='word_1_560' title='bbox 2682 2548 2844 2611; x_wconf 87' lang='lat' dir='ltr'>enim,</span> <span class='ocrx_word' id='word_1_561' title='bbox 2880 2568 2897 2599; x_wconf 74' lang='grc' dir='ltr'>ι</span> <span class='ocrx_word' id='word_1_562' title='bbox 2933 2550 3123 2617; x_wconf 78' lang='lat' dir='ltr'>inquit,</span> <span class='ocrx_word' id='word_1_563' title='bbox 3155 2570 3171 2601; x_wconf 83' lang='lat' dir='ltr'>r</span> <span class='ocrx_word' id='word_1_564' title='bbox 3206 2552 3352 2617; x_wconf 74' lang='lat' dir='ltr'>juxta</span> <span class='ocrx_word' id='word_1_565' title='bbox 3388 2568 3506 2608; x_wconf 85' lang='lat' dir='ltr'>car-</span> 
     </span>
    </p>
   </div>
   <div class='ocr_carea' id='block_1_69' title="bbox 1946 2634 3504 2709">
    <p class='ocr_par' dir='ltr' id='par_1_69' title="bbox 1946 2634 3504 2709">
     <span class='ocr_line' id='line_1_69' title="bbox 1946 2634 3504 2709; baseline 0.008 -24"><span class='ocrx_word' id='word_1_566' title='bbox 1946 2648 2065 2685; x_wconf 82' lang='lat' dir='ltr'>nem</span> <span class='ocrx_word' id='word_1_567' title='bbox 2099 2634 2354 2695; x_wconf 82' lang='lat' dir='ltr'>vixeritis,</span> <span class='ocrx_word' id='word_1_568' title='bbox 2386 2634 2706 2691; x_wconf 88' lang='lat' dir='ltr'>moriemini.</span> <span class='ocrx_word' id='word_1_569' title='bbox 2737 2637 2887 2703; x_wconf 77' lang='lat' dir='ltr'>Quod</span> <span class='ocrx_word' id='word_1_570' title='bbox 2919 2641 2960 2693; x_wconf 92' lang='lat' dir='ltr'>si</span> <span class='ocrx_word' id='word_1_571' title='bbox 2995 2643 3184 2709; x_wconf 84' lang='lat' dir='ltr'>spiritu</span> <span class='ocrx_word' id='word_1_572' title='bbox 3218 2644 3353 2695; x_wconf 71' lang='lat' dir='ltr'>facta</span> <span class='ocrx_word' id='word_1_573' title='bbox 3384 2660 3504 2697; x_wconf 84' lang='lat' dir='ltr'>car-</span> 
     </span>
    </p>
   </div>
   <div class='ocr_carea' id='block_1_70' title="bbox 1946 2723 3501 2801">
    <p class='ocr_par' dir='ltr' id='par_1_70' title="bbox 1946 2723 3501 2801">
     <span class='ocr_line' id='line_1_70' title="bbox 1946 2723 3501 2801; baseline 0.008 -26"><span class='ocrx_word' id='word_1_574' title='bbox 1946 2723 2025 2775; x_wconf 85' lang='lat' dir='ltr'>nis</span> <span class='ocrx_word' id='word_1_575' title='bbox 2053 2724 2521 2787; x_wconf 81' lang='lat' dir='ltr'>tnortilicaverilis,</span> <span class='ocrx_word' id='word_1_576' title='bbox 2548 2728 2738 2781; x_wconf 82' lang='lat' dir='ltr'>vivetis</span> <span class='ocrx_word' id='word_1_577' title='bbox 2766 2745 2779 2791; x_wconf 87' lang='lat'>;</span> <span class='ocrx_word' id='word_1_578' title='bbox 2819 2750 2835 2779; x_wconf 77' lang='grc' dir='ltr'>ι</span> <span class='ocrx_word' id='word_1_579' title='bbox 2869 2742 2920 2782; x_wconf 86' lang='lat' dir='ltr'>ct</span> <span class='ocrx_word' id='word_1_580' title='bbox 2946 2732 2995 2783; x_wconf 91' lang='lat' dir='ltr'>in</span> <span class='ocrx_word' id='word_1_581' title='bbox 3021 2736 3501 2801; x_wconf 73' lang='lat' dir='ltr'>consequentibus:</span> 
     </span>
    </p>
   </div>
   <div class='ocr_carea' id='block_1_71' title="bbox 1952 2813 3508 2890">
    <p class='ocr_par' dir='ltr' id='par_1_71' title="bbox 1952 2813 3508 2890">
     <span class='ocr_line' id='line_1_71' title="bbox 1952 2813 3508 2890; baseline 0.01 -27"><span class='ocrx_word' id='word_1_582' title='bbox 1952 2831 1969 2863; x_wconf 76' lang='grc' dir='ltr'>ι</span> <span class='ocrx_word' id='word_1_583' title='bbox 2010 2813 2278 2882; x_wconf 83' lang='lat' dir='ltr'>Quotquot</span> <span class='ocrx_word' id='word_1_584' title='bbox 2308 2815 2450 2869; x_wconf 90' lang='lat' dir='ltr'>enim</span> <span class='ocrx_word' id='word_1_585' title='bbox 2488 2817 2690 2885; x_wconf 87' lang='lat' dir='ltr'>Spiritu</span> <span class='ocrx_word' id='word_1_586' title='bbox 2732 2819 2820 2873; x_wconf 92' lang='lat' dir='ltr'>Dei</span> <span class='ocrx_word' id='word_1_587' title='bbox 2856 2834 3107 2890; x_wconf 80' lang='lat' dir='ltr'>aguntur,</span> <span class='ocrx_word' id='word_1_588' title='bbox 3151 2825 3201 2877; x_wconf 91' lang='lat' dir='ltr'>hi</span> <span class='ocrx_word' id='word_1_589' title='bbox 3254 2826 3345 2879; x_wconf 90' lang='lat' dir='ltr'>lilii</span> <span class='ocrx_word' id='word_1_590' title='bbox 3384 2840 3508 2880; x_wconf 81' lang='lat' dir='ltr'>sunt</span> 
     </span>
    </p>
   </div>
   <div class='ocr_carea' id='block_1_72' title="bbox 1948 2903 3501 2984">
    <p class='ocr_par' dir='ltr' id='par_1_72' title="bbox 1948 2903 3501 2984">
     <span class='ocr_line' id='line_1_72' title="bbox 1948 2903 3501 2984; baseline 0.014 -33"><span class='ocrx_word' id='word_1_591' title='bbox 1948 2904 2057 2959; x_wconf 63' lang='lat' dir='ltr'>Dei.</span> <span class='ocrx_word' id='word_1_592' title='bbox 2094 2924 2113 2955; x_wconf 72' lang='grc' dir='ltr'>ι</span> <span class='ocrx_word' id='word_1_593' title='bbox 2144 2903 2373 2958; x_wconf 75' lang='lat' dir='ltr'>Rursum</span> <span class='ocrx_word' id='word_1_594' title='bbox 2410 2907 2711 2962; x_wconf 70' lang='lat' dir='ltr'>rCfttt&#39;iiittliS</span> <span class='ocrx_word' id='word_1_595' title='bbox 2745 2926 2857 2972; x_wconf 85' lang='lat' dir='ltr'>eos,</span> <span class='ocrx_word' id='word_1_596' title='bbox 2889 2922 2941 2966; x_wconf 89' lang='lat' dir='ltr'>et</span> <span class='ocrx_word' id='word_1_597' title='bbox 2970 2916 3273 2977; x_wconf 58' lang='lat' dir='ltr'>consolans,</span> <span class='ocrx_word' id='word_1_598' title='bbox 3303 2926 3348 2969; x_wconf 92' lang='lat' dir='ltr'>et</span> <span class='ocrx_word' id='word_1_599' title='bbox 3384 2934 3501 2984; x_wconf 81' lang='lat' dir='ltr'>pro-</span> 
     </span>
    </p>
   </div>
   <div class='ocr_carea' id='block_1_73' title="bbox 1946 2999 3504 3073">
    <p class='ocr_par' dir='ltr' id='par_1_73' title="bbox 1946 2999 3504 3073">
     <span class='ocr_line' id='line_1_73' title="bbox 1946 2999 3504 3073; baseline 0.012 -27"><span class='ocrx_word' id='word_1_600' title='bbox 1946 3010 2141 3048; x_wconf 85' lang='lat' dir='ltr'>vocans</span> <span class='ocrx_word' id='word_1_601' title='bbox 2196 3010 2413 3062; x_wconf 81' lang='lat' dir='ltr'>spcrare</span> <span class='ocrx_word' id='word_1_602' title='bbox 2460 2999 2700 3065; x_wconf 82' lang='lat' dir='ltr'>meliora,</span> <span class='ocrx_word' id='word_1_603' title='bbox 2750 3003 2941 3069; x_wconf 90' lang='lat' dir='ltr'>quibus</span> <span class='ocrx_word' id='word_1_604' title='bbox 2992 3003 3328 3073; x_wconf 80' lang='lat' dir='ltr'>loquebatur,</span> <span class='ocrx_word' id='word_1_605' title='bbox 3378 3009 3504 3063; x_wconf 86' lang='lat' dir='ltr'>ait:</span> 
     </span>
    </p>
   </div>
   <div class='ocr_carea' id='block_1_74' title="bbox 1951 3086 3504 3163">
    <p class='ocr_par' dir='ltr' id='par_1_74' title="bbox 1951 3086 3504 3163">
     <span class='ocr_line' id='line_1_74' title="bbox 1951 3086 3504 3163; baseline 0.011 -27"><span class='ocrx_word' id='word_1_606' title='bbox 1951 3102 1969 3135; x_wconf 76' lang='grc' dir='ltr'>ι</span> <span class='ocrx_word' id='word_1_607' title='bbox 2009 3086 2119 3139; x_wconf 75' lang='lat' dir='ltr'>Non</span> <span class='ocrx_word' id='word_1_608' title='bbox 2148 3087 2291 3140; x_wconf 82' lang='lat' dir='ltr'>enim</span> <span class='ocrx_word' id='word_1_609' title='bbox 2324 3090 2606 3155; x_wconf 88' lang='lat' dir='ltr'>accepistis</span> <span class='ocrx_word' id='word_1_610' title='bbox 2637 3092 2826 3145; x_wconf 89' lang='lat' dir='ltr'>iterum</span> <span class='ocrx_word' id='word_1_611' title='bbox 2866 3096 3111 3163; x_wconf 90' lang='lat' dir='ltr'>spiritum</span> <span class='ocrx_word' id='word_1_612' title='bbox 3145 3100 3420 3155; x_wconf 73' lang='lat' dir='ltr'>servitutis</span> <span class='ocrx_word' id='word_1_613' title='bbox 3453 3103 3504 3154; x_wconf 92' lang='lat' dir='ltr'>in</span> 
     </span>
    </p>
   </div>
   <div class='ocr_carea' id='block_1_75' title="bbox 1869 3177 3506 3273">
    <p class='ocr_par' dir='ltr' id='par_1_75' title="bbox 1869 3177 3506 3273">
     <span class='ocr_line' id='line_1_75' title="bbox 1869 3177 3506 3273; baseline 0.013 -47"><span class='ocrx_word' id='word_1_614' title='bbox 1869 3215 1910 3273; x_wconf 65' lang='grc' dir='ltr'>Ο</span> <span class='ocrx_word' id='word_1_615' title='bbox 1949 3177 2158 3238; x_wconf 87' lang='lat' dir='ltr'>timore,</span> <span class='ocrx_word' id='word_1_616' title='bbox 2186 3195 2202 3225; x_wconf 75' lang='grc' dir='ltr'>ι</span> <span class='ocrx_word' id='word_1_617' title='bbox 2229 3178 2278 3230; x_wconf 90' lang='lat' dir='ltr'>id</span> <span class='ocrx_word' id='word_1_618' title='bbox 2312 3186 2411 3242; x_wconf 89' lang='lat' dir='ltr'>est,</span> <span class='ocrx_word' id='word_1_619' title='bbox 2438 3194 2538 3233; x_wconf 92' lang='lat' dir='ltr'>non</span> <span class='ocrx_word' id='word_1_620' title='bbox 2571 3182 2919 3240; x_wconf 74' lang='lat' dir='ltr'>similitudine</span> <span class='ocrx_word' id='word_1_621' title='bbox 2953 3201 3251 3253; x_wconf 83' lang='lat' dir='ltr'>servorum,</span> <span class='ocrx_word' id='word_1_622' title='bbox 3282 3203 3422 3245; x_wconf 89' lang='lat' dir='ltr'>metu</span> <span class='ocrx_word' id='word_1_623' title='bbox 3452 3206 3506 3247; x_wconf 86' lang='lat' dir='ltr'>et</span> 
     </span>
    </p>
   </div>
   <div class='ocr_carea' id='block_1_76' title="bbox 1946 3273 3503 3348">
    <p class='ocr_par' dir='ltr' id='par_1_76' title="bbox 1946 3273 3503 3348">
     <span class='ocr_line' id='line_1_76' title="bbox 1946 3273 3503 3348; baseline 0.012 -30"><span class='ocrx_word' id='word_1_624' title='bbox 1946 3274 2150 3320; x_wconf 88' lang='lat' dir='ltr'>terrore</span> <span class='ocrx_word' id='word_1_625' title='bbox 2178 3280 2457 3335; x_wconf 66' lang='lat' dir='ltr'>poenarum</span> <span class='ocrx_word' id='word_1_626' title='bbox 2492 3285 2584 3323; x_wconf 89' lang='lat' dir='ltr'>vos</span> <span class='ocrx_word' id='word_1_627' title='bbox 2614 3273 2896 3328; x_wconf 83' lang='lat' dir='ltr'>abstinetis</span> <span class='ocrx_word' id='word_1_628' title='bbox 2932 3291 2958 3327; x_wconf 88' lang='lat' dir='ltr'>a</span> <span class='ocrx_word' id='word_1_629' title='bbox 2992 3277 3154 3341; x_wconf 84' lang='lat' dir='ltr'>vitiis,</span> <span class='ocrx_word' id='word_1_630' title='bbox 3188 3281 3308 3348; x_wconf 89' lang='lat' dir='ltr'>quia</span> <span class='ocrx_word' id='word_1_631' title='bbox 3341 3284 3503 3336; x_wconf 79' lang='lat' dir='ltr'>habe-</span> 
     </span>
    </p>
   </div>
   <div class='ocr_carea' id='block_1_77' title="bbox 1947 3356 3505 3439">
    <p class='ocr_par' dir='ltr' id='par_1_77' title="bbox 1947 3356 3505 3439">
     <span class='ocr_line' id='line_1_77' title="bbox 1947 3356 3505 3439; baseline 0.012 -30"><span class='ocrx_word' id='word_1_632' title='bbox 1947 3356 2014 3409; x_wconf 93' lang='lat' dir='ltr'>tis</span> <span class='ocrx_word' id='word_1_633' title='bbox 2041 3357 2191 3410; x_wconf 80' lang='lat' dir='ltr'>vobis</span> <span class='ocrx_word' id='word_1_634' title='bbox 2228 3360 2403 3411; x_wconf 87' lang='lat' dir='ltr'>datum</span> <span class='ocrx_word' id='word_1_635' title='bbox 2435 3360 2510 3429; x_wconf 82' lang='lat' dir='ltr'>(t)</span> <span class='ocrx_word' id='word_1_636' title='bbox 2542 3377 2569 3415; x_wconf 88' lang='lat' dir='ltr'>a</span> <span class='ocrx_word' id='word_1_637' title='bbox 2605 3361 2763 3417; x_wconf 81' lang='lat' dir='ltr'>Patre</span> <span class='ocrx_word' id='word_1_638' title='bbox 2809 3366 3065 3433; x_wconf 86' lang='lat' dir='ltr'>Spiritum</span> <span class='ocrx_word' id='word_1_639' title='bbox 3098 3372 3421 3439; x_wconf 82' lang='lat' dir='ltr'>adeptiouis,</span> <span class='ocrx_word' id='word_1_640' title='bbox 3455 3376 3505 3427; x_wconf 78' lang='lat' dir='ltr'>id</span> 
     </span>
    </p>
   </div>
   <div class='ocr_carea' id='block_1_78' title="bbox 1944 3446 3507 3527">
    <p class='ocr_par' dir='ltr' id='par_1_78' title="bbox 1944 3446 3507 3527">
     <span class='ocr_line' id='line_1_78' title="bbox 1944 3446 3507 3527; baseline 0.013 -29"><span class='ocrx_word' id='word_1_641' title='bbox 1944 3458 2023 3498; x_wconf 86' lang='lat' dir='ltr'>est</span> <span class='ocrx_word' id='word_1_642' title='bbox 2064 3446 2323 3513; x_wconf 84' lang='lat' dir='ltr'>Spiritum</span> <span class='ocrx_word' id='word_1_643' title='bbox 2358 3460 2623 3516; x_wconf 78' lang='lat' dir='ltr'>sanctum,</span> <span class='ocrx_word' id='word_1_644' title='bbox 2654 3453 2742 3520; x_wconf 91' lang='lat' dir='ltr'>qui</span> <span class='ocrx_word' id='word_1_645' title='bbox 2777 3454 2888 3523; x_wconf 90' lang='lat' dir='ltr'>ipse</span> <span class='ocrx_word' id='word_1_646' title='bbox 2921 3457 3174 3526; x_wconf 89' lang='lat' dir='ltr'>Spiritus,</span> <span class='ocrx_word' id='word_1_647' title='bbox 3210 3473 3261 3515; x_wconf 93' lang='lat' dir='ltr'>et</span> <span class='ocrx_word' id='word_1_648' title='bbox 3295 3463 3408 3527; x_wconf 68' lang='grc' dir='ltr'>[Μ.</span> <span class='ocrx_word' id='word_1_649' title='bbox 3454 3478 3507 3520; x_wconf 80' lang='lat' dir='ltr'>et</span> 
     </span>
    </p>
   </div>
   <div class='ocr_carea' id='block_1_79' title="bbox 1942 3536 3509 3619">
    <p class='ocr_par' dir='ltr' id='par_1_79' title="bbox 1942 3536 3509 3619">
     <span class='ocr_line' id='line_1_79' title="bbox 1942 3536 3509 3619; baseline 0.015 -31"><span class='ocrx_word' id='word_1_650' title='bbox 1942 3536 2137 3589; x_wconf 81' lang='lat' dir='ltr'>ChriSti</span> <span class='ocrx_word' id='word_1_651' title='bbox 2160 3579 2173 3599; x_wconf 92' lang='lat'>,</span> <span class='ocrx_word' id='word_1_652' title='bbox 2205 3551 2257 3591; x_wconf 92' lang='lat' dir='ltr'>et</span> <span class='ocrx_word' id='word_1_653' title='bbox 2291 3541 2532 3595; x_wconf 87' lang='lat' dir='ltr'>veritatis</span> <span class='ocrx_word' id='word_1_654' title='bbox 2581 3544 2776 3599; x_wconf 91' lang='lat' dir='ltr'>dicitur</span> <span class='ocrx_word' id='word_1_655' title='bbox 2807 3556 2969 3616; x_wconf 88' lang='lat' dir='ltr'>atque</span> <span class='ocrx_word' id='word_1_656' title='bbox 3000 3554 3291 3619; x_wconf 68' lang='lat' dir='ltr'>sapientia).</span> <span class='ocrx_word' id='word_1_657' title='bbox 3327 3555 3381 3609; x_wconf 90' lang='lat' dir='ltr'>Si</span> <span class='ocrx_word' id='word_1_658' title='bbox 3413 3573 3509 3610; x_wconf 87' lang='lat' dir='ltr'>au-</span> 
     </span>
    </p>
   </div>
   <div class='ocr_carea' id='block_1_80' title="bbox 1947 3628 3505 3715">
    <p class='ocr_par' dir='ltr' id='par_1_80' title="bbox 1947 3628 3505 3715">
     <span class='ocr_line' id='line_1_80' title="bbox 1947 3628 3505 3715; baseline 0.015 -37"><span class='ocrx_word' id='word_1_659' title='bbox 1947 3637 2048 3679; x_wconf 81' lang='lat' dir='ltr'>tem</span> <span class='ocrx_word' id='word_1_660' title='bbox 2075 3628 2303 3694; x_wconf 88' lang='lat' dir='ltr'>Spiritus</span> <span class='ocrx_word' id='word_1_661' title='bbox 2335 3631 2435 3685; x_wconf 84' lang='lat' dir='ltr'>iste</span> <span class='ocrx_word' id='word_1_662' title='bbox 2470 3634 2684 3701; x_wconf 85' lang='lat' dir='ltr'>adoptat</span> <span class='ocrx_word' id='word_1_663' title='bbox 2737 3637 2787 3689; x_wconf 94' lang='lat' dir='ltr'>in</span> <span class='ocrx_word' id='word_1_664' title='bbox 2822 3639 2957 3693; x_wconf 83' lang='lat' dir='ltr'>lilios</span> <span class='ocrx_word' id='word_1_665' title='bbox 2988 3642 3076 3695; x_wconf 88' lang='lat' dir='ltr'>Dei</span> <span class='ocrx_word' id='word_1_666' title='bbox 3118 3659 3243 3710; x_wconf 88' lang='lat' dir='ltr'>eos,</span> <span class='ocrx_word' id='word_1_667' title='bbox 3279 3661 3505 3715; x_wconf 85' lang='lat' dir='ltr'>quorum</span> 
     </span>
    </p>
   </div>
   <div class='ocr_carea' id='block_1_81' title="bbox 1942 3718 3504 3805">
    <p class='ocr_par' dir='ltr' id='par_1_81' title="bbox 1942 3718 3504 3805">
     <span class='ocr_line' id='line_1_81' title="bbox 1942 3718 3504 3805; baseline 0.015 -35"><span class='ocrx_word' id='word_1_668' title='bbox 1942 3718 2247 3788; x_wconf 83' lang='lat' dir='ltr'>dignatione</span> <span class='ocrx_word' id='word_1_669' title='bbox 2270 3723 2349 3774; x_wconf 88' lang='lat' dir='ltr'>sui</span> <span class='ocrx_word' id='word_1_670' title='bbox 2382 3722 2648 3778; x_wconf 87' lang='lat' dir='ltr'>habitator</span> <span class='ocrx_word' id='word_1_671' title='bbox 2665 3726 2910 3795; x_wconf 80' lang='lat' dir='ltr'>cliicitur,</span> <span class='ocrx_word' id='word_1_672' title='bbox 2942 3734 3034 3786; x_wconf 87' lang='lat' dir='ltr'>tibi</span> <span class='ocrx_word' id='word_1_673' title='bbox 3062 3742 3504 3805; x_wconf 85' lang='lat' dir='ltr'>consequentium</span> 
     </span>
    </p>
   </div>
   <div class='ocr_carea' id='block_1_82' title="bbox 1943 3813 3321 3891">
    <p class='ocr_par' dir='ltr' id='par_1_82' title="bbox 1943 3813 3321 3891">
     <span class='ocr_line' id='line_1_82' title="bbox 1943 3813 3321 3891; baseline 0.012 -28"><span class='ocrx_word' id='word_1_674' title='bbox 1943 3824 2104 3891; x_wconf 55' lang='lat' dir='ltr'>super</span> <span class='ocrx_word' id='word_1_675' title='bbox 2134 3813 2371 3891; x_wconf 82' lang='lat' dir='ltr'>potentia</span> <span class='ocrx_word' id='word_1_676' title='bbox 2404 3814 2517 3875; x_wconf 85' lang='lat' dir='ltr'>eius</span> <span class='ocrx_word' id='word_1_677' title='bbox 2551 3816 2959 3885; x_wconf 80' lang='lat' dir='ltr'>intelligentiam</span> <span class='ocrx_word' id='word_1_678' title='bbox 2987 3823 3321 3891; x_wconf 87' lang='lat' dir='ltr'>derelinquo.</span> 
     </span>
    </p>
   </div>
   <div class='ocr_carea' id='block_1_83' title="bbox 2009 3886 3507 3986">
    <p class='ocr_par' dir='ltr' id='par_1_83' title="bbox 2009 3886 3507 3986">
     <span class='ocr_line' id='line_1_83' title="bbox 2009 3886 3507 3986; baseline 0.018 -42"><span class='ocrx_word' id='word_1_679' title='bbox 2009 3886 2166 3958; x_wconf 81' lang='lat'><strong>150</strong></span> <span class='ocrx_word' id='word_1_680' title='bbox 2201 3891 2365 3948; x_wconf 87' lang='lat' dir='ltr'>Porro</span> <span class='ocrx_word' id='word_1_681' title='bbox 2390 3896 2445 3951; x_wconf 89' lang='lat' dir='ltr'>in</span> <span class='ocrx_word' id='word_1_682' title='bbox 2476 3898 2580 3955; x_wconf 89' lang='lat' dir='ltr'>hoc</span> <span class='ocrx_word' id='word_1_683' title='bbox 2598 3902 2908 3973; x_wconf 84' lang='lat' dir='ltr'>adeptionis</span> <span class='ocrx_word' id='word_1_684' title='bbox 2925 3904 3124 3978; x_wconf 83' lang='lat' dir='ltr'>Spiritu</span> <span class='ocrx_word' id='word_1_685' title='bbox 3156 3886 3389 3970; x_wconf 75' lang='lat' dir='ltr'>clamant</span> <span class='ocrx_word' id='word_1_686' title='bbox 3416 3924 3507 3986; x_wconf 88' lang='lat' dir='ltr'>qui</span> 
     </span>
    </p>
   </div>
   <div class='ocr_carea' id='block_1_84' title="bbox 1942 3986 3507 4052">
    <p class='ocr_par' dir='ltr' id='par_1_84' title="bbox 1942 3986 3507 4052">
     <span class='ocr_line' id='line_1_84' title="bbox 1942 3986 3507 4052; baseline 0.007 -13"><span class='ocrx_word' id='word_1_687' title='bbox 1942 3988 2242 4039; x_wconf 78' lang='lat' dir='ltr'>habuerunt</span> <span class='ocrx_word' id='word_1_688' title='bbox 2270 3986 2416 4041; x_wconf 82' lang='lat' dir='ltr'>illum</span> <span class='ocrx_word' id='word_1_689' title='bbox 2442 3987 2651 4042; x_wconf 86' lang='lat' dir='ltr'>Patrem</span> <span class='ocrx_word' id='word_1_690' title='bbox 2687 3991 2874 4052; x_wconf 87' lang='lat' dir='ltr'>Deum,</span> <span class='ocrx_word' id='word_1_691' title='bbox 2899 3994 3038 4046; x_wconf 88' lang='lat' dir='ltr'>sicut</span> <span class='ocrx_word' id='word_1_692' title='bbox 3066 3998 3299 4049; x_wconf 86' lang='lat' dir='ltr'>ostendit</span> <span class='ocrx_word' id='word_1_693' title='bbox 3328 4012 3507 4050; x_wconf 75' lang='lat' dir='ltr'>sermo</span> 
     </span>
    </p>
   </div>
   <div class='ocr_carea' id='block_1_85' title="bbox 1943 4078 3506 4158">
    <p class='ocr_par' dir='ltr' id='par_1_85' title="bbox 1943 4078 3506 4158">
     <span class='ocr_line' id='line_1_85' title="bbox 1943 4078 3506 4158; baseline 0.008 -28"><span class='ocrx_word' id='word_1_694' title='bbox 1943 4080 2124 4132; x_wconf 87' lang='lat' dir='ltr'>dicens</span> <span class='ocrx_word' id='word_1_695' title='bbox 2161 4101 2172 4133; x_wconf 89' lang='lat'><strong>:</strong></span> <span class='ocrx_word' id='word_1_696' title='bbox 2215 4097 2233 4129; x_wconf 77' lang='grc' dir='ltr'>ι</span> <span class='ocrx_word' id='word_1_697' title='bbox 2287 4078 2342 4132; x_wconf 81' lang='grc' dir='ltr'>ιιι</span> <span class='ocrx_word' id='word_1_698' title='bbox 2389 4094 2493 4147; x_wconf 89' lang='lat' dir='ltr'>quo</span> <span class='ocrx_word' id='word_1_699' title='bbox 2521 4081 2848 4136; x_wconf 88' lang='lat' dir='ltr'>clamamus:</span> <span class='ocrx_word' id='word_1_700' title='bbox 2880 4084 3050 4147; x_wconf 83' lang='lat' dir='ltr'>Abba,</span> <span class='ocrx_word' id='word_1_701' title='bbox 3090 4086 3243 4140; x_wconf 84' lang='lat' dir='ltr'>Pater</span> <span class='ocrx_word' id='word_1_702' title='bbox 3276 4106 3288 4140; x_wconf 92' lang='lat'><strong>:</strong></span> <span class='ocrx_word' id='word_1_703' title='bbox 3335 4109 3354 4141; x_wconf 77' lang='grc' dir='ltr'>ι</span> <span class='ocrx_word' id='word_1_704' title='bbox 3394 4091 3506 4158; x_wconf 68' lang='lat' dir='ltr'>ipso</span> 
     </span>
    </p>
   </div>
   <div class='ocr_carea' id='block_1_86' title="bbox 1944 4168 3506 4246">
    <p class='ocr_par' dir='ltr' id='par_1_86' title="bbox 1944 4168 3506 4246">
     <span class='ocr_line' id='line_1_86' title="bbox 1944 4168 3506 4246; baseline 0.007 -25"><span class='ocrx_word' id='word_1_705' title='bbox 1944 4168 2144 4233; x_wconf 82' lang='lat' dir='ltr'>Spiritu</span> <span class='ocrx_word' id='word_1_706' title='bbox 2180 4168 2266 4235; x_wconf 89' lang='lat' dir='ltr'>qui</span> <span class='ocrx_word' id='word_1_707' title='bbox 2298 4183 2394 4222; x_wconf 92' lang='lat' dir='ltr'>nos</span> <span class='ocrx_word' id='word_1_708' title='bbox 2432 4171 2646 4238; x_wconf 88' lang='lat' dir='ltr'>adoptat</span> <span class='ocrx_word' id='word_1_709' title='bbox 2678 4172 2726 4223; x_wconf 87' lang='lat' dir='ltr'>iit</span> <span class='ocrx_word' id='word_1_710' title='bbox 2770 4173 2925 4233; x_wconf 84' lang='lat' dir='ltr'>lilios.</span> <span class='ocrx_word' id='word_1_711' title='bbox 2975 4176 3337 4231; x_wconf 88' lang='lat' dir='ltr'>testimonium</span> <span class='ocrx_word' id='word_1_712' title='bbox 3374 4195 3506 4246; x_wconf 72' lang='lat' dir='ltr'>pra:-</span> 
     </span>
    </p>
   </div>
   <div class='ocr_carea' id='block_1_87' title="bbox 1943 4258 3505 4338">
    <p class='ocr_par' dir='ltr' id='par_1_87' title="bbox 1943 4258 3505 4338">
     <span class='ocr_line' id='line_1_87' title="bbox 1943 4258 3505 4338; baseline 0.009 -28"><span class='ocrx_word' id='word_1_713' title='bbox 1943 4260 2102 4311; x_wconf 88' lang='lat' dir='ltr'>bente</span> <span class='ocrx_word' id='word_1_714' title='bbox 2137 4258 2542 4326; x_wconf 82' lang='lat' dir='ltr'>participatione</span> <span class='ocrx_word' id='word_1_715' title='bbox 2581 4261 2682 4322; x_wconf 89' lang='lat' dir='ltr'>sui,</span> <span class='ocrx_word' id='word_1_716' title='bbox 2712 4263 2851 4329; x_wconf 91' lang='lat' dir='ltr'>quod</span> <span class='ocrx_word' id='word_1_717' title='bbox 2887 4278 2915 4315; x_wconf 88' lang='lat' dir='ltr'>a</span> <span class='ocrx_word' id='word_1_718' title='bbox 2949 4276 3129 4321; x_wconf 87' lang='lat' dir='ltr'>nostro</span> <span class='ocrx_word' id='word_1_719' title='bbox 3154 4267 3351 4335; x_wconf 89' lang='lat' dir='ltr'>Spiritu</span> <span class='ocrx_word' id='word_1_720' title='bbox 3384 4286 3505 4338; x_wconf 80' lang='lat' dir='ltr'>pos-</span> 
     </span>
    </p>
   </div>
   <div class='ocr_carea' id='block_1_88' title="bbox 1942 4348 3506 4427">
    <p class='ocr_par' dir='ltr' id='par_1_88' title="bbox 1942 4348 3506 4427">
     <span class='ocr_line' id='line_1_88' title="bbox 1942 4348 3506 4427; baseline 0.01 -27"><span class='ocrx_word' id='word_1_721' title='bbox 1942 4348 2165 4413; x_wconf 89' lang='lat' dir='ltr'>sidetur,</span> <span class='ocrx_word' id='word_1_722' title='bbox 2216 4349 2339 4416; x_wconf 86' lang='lat' dir='ltr'>quia</span> <span class='ocrx_word' id='word_1_723' title='bbox 2392 4348 2483 4403; x_wconf 81' lang='lat' dir='ltr'>filii</span> <span class='ocrx_word' id='word_1_724' title='bbox 2527 4350 2619 4403; x_wconf 83' lang='lat' dir='ltr'>Dei</span> <span class='ocrx_word' id='word_1_725' title='bbox 2666 4367 2870 4406; x_wconf 90' lang='lat' dir='ltr'>smnus.</span> <span class='ocrx_word' id='word_1_726' title='bbox 2911 4354 3009 4408; x_wconf 91' lang='lat' dir='ltr'>Cui</span> <span class='ocrx_word' id='word_1_727' title='bbox 3061 4373 3395 4427; x_wconf 81' lang='lat' dir='ltr'>consequens</span> <span class='ocrx_word' id='word_1_728' title='bbox 3426 4375 3506 4415; x_wconf 88' lang='lat' dir='ltr'>est</span> 
     </span>
    </p>
   </div>
   <div class='ocr_carea' id='block_1_89' title="bbox 1945 4438 3477 4510">
    <p class='ocr_par' dir='ltr' id='par_1_89' title="bbox 1945 4438 3477 4510">
     <span class='ocr_line' id='line_1_89' title="bbox 1945 4438 3477 4510; baseline 0.008 -19"><span class='ocrx_word' id='word_1_729' title='bbox 1945 4438 2107 4491; x_wconf 89' lang='lat' dir='ltr'>Deum</span> <span class='ocrx_word' id='word_1_730' title='bbox 2149 4441 2361 4506; x_wconf 78' lang='lat' dir='ltr'>quidem</span> <span class='ocrx_word' id='word_1_731' title='bbox 2395 4442 2545 4507; x_wconf 86' lang='lat' dir='ltr'>quasi</span> <span class='ocrx_word' id='word_1_732' title='bbox 2578 4454 2804 4510; x_wconf 86' lang='lat' dir='ltr'>patrem,</span> <span class='ocrx_word' id='word_1_733' title='bbox 2842 4448 3211 4501; x_wconf 53' lang='lat' dir='ltr'>hatreditarias</span> <span class='ocrx_word' id='word_1_734' title='bbox 3241 4452 3391 4504; x_wconf 82' lang='lat' dir='ltr'>nobis</span> <span class='ocrx_word' id='word_1_735' title='bbox 3426 4455 3477 4504; x_wconf 88' lang='lat' dir='ltr'>di</span> 
     </span>
    </p>
   </div>
   <div class='ocr_carea' id='block_1_90' title="bbox 273 4528 3507 4602">
    <p class='ocr_par' dir='ltr' id='par_1_90' title="bbox 273 4528 3507 4602">
     <span class='ocr_line' id='line_1_90' title="bbox 273 4528 3507 4602; baseline 0.006 -27"><span class='ocrx_word' id='word_1_736' title='bbox 273 4539 451 4587; x_wconf 60' lang='lat' dir='ltr'>gntus</span> <span class='ocrx_word' id='word_1_737' title='bbox 485 4535 597 4586; x_wconf 63' lang='lat' dir='ltr'>alia</span> <span class='ocrx_word' id='word_1_738' title='bbox 622 4534 793 4602; x_wconf 45' lang='grc' dir='ltr'>θῖνες</span> <span class='ocrx_word' id='word_1_739' title='bbox 818 4548 935 4584; x_wconf 72' lang='lat' dir='ltr'>smn</span> <span class='ocrx_word' id='word_1_740' title='bbox 965 4533 1258 4597; x_wconf 54' lang='lat' dir='ltr'>coniuncto</span> <span class='ocrx_word' id='word_1_741' title='bbox 1299 4536 1485 4593; x_wconf 63' lang='lat' dir='ltr'>utitur,</span> <span class='ocrx_word' id='word_1_742' title='bbox 1520 4530 1659 4598; x_wconf 75' lang='lat' dir='ltr'>quod</span> <span class='ocrx_word' id='word_1_743' title='bbox 1692 4530 1917 4598; x_wconf 72' lang='lat' dir='ltr'>signi-D</span> <span class='ocrx_word' id='word_1_744' title='bbox 1950 4528 2106 4581; x_wconf 83' lang='lat' dir='ltr'>vitias</span> <span class='ocrx_word' id='word_1_745' title='bbox 2144 4529 2433 4583; x_wconf 88' lang='lat' dir='ltr'>contulisse</span> <span class='ocrx_word' id='word_1_746' title='bbox 2606 4534 2904 4601; x_wconf 87' lang='lat' dir='ltr'>spiritualia</span> <span class='ocrx_word' id='word_1_747' title='bbox 2939 4538 3110 4600; x_wconf 87' lang='lat' dir='ltr'>dona;</span> <span class='ocrx_word' id='word_1_748' title='bbox 3142 4541 3335 4593; x_wconf 88' lang='lat' dir='ltr'>Christi</span> <span class='ocrx_word' id='word_1_749' title='bbox 3381 4558 3507 4595; x_wconf 87' lang='lat' dir='ltr'>vero</span> 
     </span>
    </p>
   </div>
   <div class='ocr_carea' id='block_1_91' title="bbox 278 4616 1844 4697">
    <p class='ocr_par' dir='ltr' id='par_1_91' title="bbox 278 4619 1843 4694">
     <span class='ocr_line' id='line_1_91' title="bbox 278 4619 1843 4694; baseline -0.001 -15"><span class='ocrx_word' id='word_1_750' title='bbox 278 4626 612 4679; x_wconf 54' lang='lat' dir='ltr'>heantiuuii</span> <span class='ocrx_word' id='word_1_751' title='bbox 655 4627 829 4678; x_wconf 14' lang='lat' dir='ltr'>lectiei</span> <span class='ocrx_word' id='word_1_752' title='bbox 854 4626 1301 4689; x_wconf 46' lang='lat' dir='ltr'>aiiwuavneant.</span> <span class='ocrx_word' id='word_1_753' title='bbox 1331 4624 1491 4694; x_wconf 63' lang='lat'>115,9</span> <span class='ocrx_word' id='word_1_754' title='bbox 1523 4633 1577 4678; x_wconf 87' lang='lat' dir='ltr'>et</span> <span class='ocrx_word' id='word_1_755' title='bbox 1608 4623 1721 4678; x_wconf 84' lang='lat' dir='ltr'>ait:</span> <span class='ocrx_word' id='word_1_756' title='bbox 1753 4640 1770 4671; x_wconf 76' lang='grc' dir='ltr'>ι</span> <span class='ocrx_word' id='word_1_757' title='bbox 1806 4619 1843 4673; x_wconf 69' lang='grc' dir='ltr'>ὃ</span> 
     </span>
    </p>
   </div>
   <div class='ocr_carea' id='block_1_92' title="bbox 1869 4616 3505 4697">
    <p class='ocr_par' dir='ltr' id='par_1_92' title="bbox 1944 4616 3505 4697">
     <span class='ocr_line' id='line_1_92' title="bbox 1944 4616 3505 4697; baseline 0.01 -30"><span class='ocrx_word' id='word_1_758' title='bbox 1944 4616 2248 4669; x_wconf 80' lang='lat' dir='ltr'>cohaeredes</span> <span class='ocrx_word' id='word_1_759' title='bbox 2291 4631 2387 4669; x_wconf 91' lang='lat' dir='ltr'>nos</span> <span class='ocrx_word' id='word_1_760' title='bbox 2415 4632 2552 4680; x_wconf 84' lang='lat' dir='ltr'>esse,</span> <span class='ocrx_word' id='word_1_761' title='bbox 2586 4636 2649 4673; x_wconf 80' lang='lat' dir='ltr'>eo</span> <span class='ocrx_word' id='word_1_762' title='bbox 2688 4622 2829 4689; x_wconf 87' lang='lat' dir='ltr'>quod</span> <span class='ocrx_word' id='word_1_763' title='bbox 2859 4623 3049 4677; x_wconf 81' lang='lat' dir='ltr'>fratres</span> <span class='ocrx_word' id='word_1_764' title='bbox 3090 4625 3205 4693; x_wconf 87' lang='lat' dir='ltr'>ejus</span> <span class='ocrx_word' id='word_1_765' title='bbox 3250 4642 3343 4694; x_wconf 90' lang='lat' dir='ltr'>per</span> <span class='ocrx_word' id='word_1_766' title='bbox 3385 4646 3505 4697; x_wconf 60' lang='grc' dir='ltr'><strong>ειη·</strong></span> 
     </span>
    </p>
   </div>
   <div class='ocr_carea' id='block_1_93' title="bbox 274 4709 1861 4778">
    <p class='ocr_par' dir='ltr' id='par_1_93' title="bbox 274 4709 1861 4778">
     <span class='ocr_line' id='line_1_93' title="bbox 274 4709 1861 4778; baseline 0.001 -22"><span class='ocrx_word' id='word_1_767' title='bbox 274 4725 459 4758; x_wconf 63' lang='lat' dir='ltr'>.witzrtn</span> <span class='ocrx_word' id='word_1_768' title='bbox 498 4710 735 4773; x_wconf 65' lang='lat' dir='ltr'>Spiritus</span> <span class='ocrx_word' id='word_1_769' title='bbox 767 4709 880 4775; x_wconf 75' lang='lat' dir='ltr'>rjtts</span> <span class='ocrx_word' id='word_1_770' title='bbox 913 4711 1002 4778; x_wconf 89' lang='lat' dir='ltr'>qui</span> <span class='ocrx_word' id='word_1_771' title='bbox 1045 4712 1324 4765; x_wconf 83' lang='lat' dir='ltr'>suscitavit</span> <span class='ocrx_word' id='word_1_772' title='bbox 1356 4713 1626 4766; x_wconf 80' lang='lat' dir='ltr'>Christum</span> <span class='ocrx_word' id='word_1_773' title='bbox 1666 4725 1694 4761; x_wconf 78' lang='lat' dir='ltr'>tt</span> <span class='ocrx_word' id='word_1_774' title='bbox 1728 4723 1861 4759; x_wconf 83' lang='lat' dir='ltr'>ntor-</span> 
     </span>
    </p>
   </div>
   <div class='ocr_carea' id='block_1_94' title="bbox 1450 4818 1895 4885">
    <p class='ocr_par' dir='ltr' id='par_1_94' title="bbox 1450 4818 1895 4885">
     <span class='ocr_line' id='line_1_94' title="bbox 1450 4818 1895 4885; baseline 0.002 -12"><span class='ocrx_word' id='word_1_775' title='bbox 1450 4818 1670 4873; x_wconf 75' lang='lat' dir='ltr'>“lCor.</span> <span class='ocrx_word' id='word_1_776' title='bbox 1700 4835 1780 4885; x_wconf 86' lang='lat' dir='ltr'>ut,</span> <span class='ocrx_word' id='word_1_777' title='bbox 1814 4822 1895 4874; x_wconf 81' lang='lat' dir='ltr'>lii.</span> 
     </span>
    </p>
   </div>
   <div class='ocr_carea' id='block_1_95' title="bbox 345 4817 1374 4885">
    <p class='ocr_par' dir='ltr' id='par_1_95' title="bbox 345 4817 1374 4885">
     <span class='ocr_line' id='line_1_95' title="bbox 345 4817 1374 4885; baseline 0.007 -18"><span class='ocrx_word' id='word_1_778' title='bbox 345 4819 387 4847; x_wconf 61' lang='lat'>*-</span> <span class='ocrx_word' id='word_1_779' title='bbox 416 4818 429 4869; x_wconf 82' lang='lat' dir='ltr'>t</span> <span class='ocrx_word' id='word_1_780' title='bbox 458 4817 575 4871; x_wconf 76' lang='lat' dir='ltr'>rei.</span> <span class='ocrx_word' id='word_1_781' title='bbox 603 4835 640 4879; x_wconf 84' lang='grc' dir='ltr'><strong>ι,</strong></span> <span class='ocrx_word' id='word_1_782' title='bbox 676 4818 761 4883; x_wconf 85' lang='grc' dir='ltr'><strong>ιι,</strong></span> <span class='ocrx_word' id='word_1_783' title='bbox 794 4818 876 4871; x_wconf 70' lang='lat' dir='ltr'>t2.</span> <span class='ocrx_word' id='word_1_784' title='bbox 954 4818 1179 4874; x_wconf 84' lang='lat' dir='ltr'>&quot;lCor.</span> <span class='ocrx_word' id='word_1_785' title='bbox 1206 4835 1269 4885; x_wconf 86' lang='grc' dir='ltr'><strong>ιι,</strong></span> <span class='ocrx_word' id='word_1_786' title='bbox 1296 4822 1374 4874; x_wconf 90' lang='grc' dir='ltr'><strong>ιι.</strong></span> 
     </span>
    </p>
   </div>
   <div class='ocr_carea' id='block_1_96' title="bbox 346 4931 1845 5000">
    <p class='ocr_par' dir='ltr' id='par_1_96' title="bbox 346 4931 1845 5000">
     <span class='ocr_line' id='line_1_96' title="bbox 346 4931 1845 5000; baseline 0.006 -21"><span class='ocrx_word' id='word_1_787' title='bbox 346 4933 459 4999; x_wconf 64' lang='lat'>(93)</span> <span class='ocrx_word' id='word_1_788' title='bbox 501 4931 704 4985; x_wconf 85' lang='lat' dir='ltr'>lterum</span> <span class='ocrx_word' id='word_1_789' title='bbox 740 4934 931 4987; x_wconf 86' lang='lat' dir='ltr'>vitiose</span> <span class='ocrx_word' id='word_1_790' title='bbox 960 4945 1101 4999; x_wconf 88' lang='lat' dir='ltr'>erat,</span> <span class='ocrx_word' id='word_1_791' title='bbox 1137 4947 1191 4988; x_wconf 87' lang='lat' dir='ltr'>et</span> <span class='ocrx_word' id='word_1_792' title='bbox 1221 4936 1367 4989; x_wconf 82' lang='lat' dir='ltr'>nullo</span> <span class='ocrx_word' id='word_1_793' title='bbox 1394 4948 1557 4987; x_wconf 84' lang='lat' dir='ltr'>sensu</span> <span class='ocrx_word' id='word_1_794' title='bbox 1600 4952 1617 4983; x_wconf 83' lang='lat' dir='ltr'>r</span> <span class='ocrx_word' id='word_1_795' title='bbox 1658 4934 1710 4986; x_wconf 92' lang='lat' dir='ltr'>in</span> <span class='ocrx_word' id='word_1_796' title='bbox 1740 4950 1845 5000; x_wconf 89' lang='lat' dir='ltr'>quo</span> 
     </span>
    </p>
   </div>
   <div class='ocr_carea' id='block_1_97' title="bbox 274 5003 1842 5072">
    <p class='ocr_par' dir='ltr' id='par_1_97' title="bbox 274 5003 1842 5072">
     <span class='ocr_line' id='line_1_97' title="bbox 274 5003 1842 5072; baseline 0.001 -18"><span class='ocrx_word' id='word_1_797' title='bbox 274 5004 373 5061; x_wconf 77' lang='lat' dir='ltr'>ait,</span> <span class='ocrx_word' id='word_1_798' title='bbox 414 5003 573 5068; x_wconf 78' lang='lat' dir='ltr'>quale</span> <span class='ocrx_word' id='word_1_799' title='bbox 605 5012 833 5069; x_wconf 84' lang='lat' dir='ltr'>tempus,</span> <span class='ocrx_word' id='word_1_800' title='bbox 873 5022 890 5054; x_wconf 71' lang='grc' dir='ltr'>ι</span> <span class='ocrx_word' id='word_1_801' title='bbox 930 5016 1058 5067; x_wconf 85' lang='lat' dir='ltr'>etc.,</span> <span class='ocrx_word' id='word_1_802' title='bbox 1090 5020 1259 5072; x_wconf 88' lang='lat' dir='ltr'>neque</span> <span class='ocrx_word' id='word_1_803' title='bbox 1289 5018 1340 5057; x_wconf 92' lang='lat' dir='ltr'>ut</span> <span class='ocrx_word' id='word_1_804' title='bbox 1372 5005 1663 5071; x_wconf 69' lang='lat' dir='ltr'>Scriptum</span> <span class='ocrx_word' id='word_1_805' title='bbox 1696 5006 1842 5056; x_wconf 80' lang='lat' dir='ltr'>locus</span> 
     </span>
    </p>
   </div>
   <div class='ocr_carea' id='block_1_98' title="bbox 275 5074 1845 5142">
    <p class='ocr_par' dir='ltr' id='par_1_98' title="bbox 275 5074 1845 5142">
     <span class='ocr_line' id='line_1_98' title="bbox 275 5074 1845 5142; baseline 0 -19"><span class='ocrx_word' id='word_1_806' title='bbox 275 5076 644 5131; x_wconf 59' lang='lat' dir='ltr'>St‘liilcbulttf,</span> <span class='ocrx_word' id='word_1_807' title='bbox 692 5084 744 5122; x_wconf 88' lang='lat' dir='ltr'>ttt</span> <span class='ocrx_word' id='word_1_808' title='bbox 793 5075 893 5124; x_wconf 87' lang='lat' dir='ltr'>alia</span> <span class='ocrx_word' id='word_1_809' title='bbox 951 5077 1138 5125; x_wconf 83' lang='lat' dir='ltr'>tuenda</span> <span class='ocrx_word' id='word_1_810' title='bbox 1193 5074 1666 5142; x_wconf 74' lang='lat' dir='ltr'>interpunctionis,</span> <span class='ocrx_word' id='word_1_811' title='bbox 1716 5086 1845 5136; x_wconf 62' lang='grc' dir='ltr'>ωα,</span> 
     </span>
    </p>
   </div>
   <div class='ocr_carea' id='block_1_99' title="bbox 276 5143 1669 5207">
    <p class='ocr_par' dir='ltr' id='par_1_99' title="bbox 276 5143 1669 5207">
     <span class='ocr_line' id='line_1_99' title="bbox 276 5143 1669 5207; baseline 0.004 -18"><span class='ocrx_word' id='word_1_812' title='bbox 276 5144 479 5207; x_wconf 62' lang='lat' dir='ltr'>quit-ns</span> <span class='ocrx_word' id='word_1_813' title='bbox 514 5151 656 5190; x_wconf 76' lang='lat' dir='ltr'>totus</span> <span class='ocrx_word' id='word_1_814' title='bbox 689 5144 924 5195; x_wconf 58' lang='lat' dir='ltr'>scatebat</span> <span class='ocrx_word' id='word_1_815' title='bbox 959 5146 1041 5196; x_wconf 84' lang='lat' dir='ltr'>hic</span> <span class='ocrx_word' id='word_1_816' title='bbox 1067 5144 1218 5203; x_wconf 84' lang='lat' dir='ltr'>liber,</span> <span class='ocrx_word' id='word_1_817' title='bbox 1255 5143 1669 5195; x_wconf 62' lang='lat' dir='ltr'>dissitnuletnus.</span> 
     </span>
    </p>
   </div>
   <div class='ocr_carea' id='block_1_100' title="bbox 353 5208 1844 5279">
    <p class='ocr_par' dir='ltr' id='par_1_100' title="bbox 353 5208 1844 5279">
     <span class='ocr_line' id='line_1_100' title="bbox 353 5208 1844 5279; baseline 0.001 -16"><span class='ocrx_word' id='word_1_818' title='bbox 353 5210 464 5271; x_wconf 62' lang='lat'>(933)</span> <span class='ocrx_word' id='word_1_819' title='bbox 512 5208 681 5264; x_wconf 59' lang='lat' dir='ltr'>Vatia.</span> <span class='ocrx_word' id='word_1_820' title='bbox 733 5231 749 5259; x_wconf 83' lang='grc' dir='ltr'>ι</span> <span class='ocrx_word' id='word_1_821' title='bbox 788 5215 829 5263; x_wconf 71' lang='lat' dir='ltr'>si</span> <span class='ocrx_word' id='word_1_822' title='bbox 879 5231 896 5261; x_wconf 73' lang='grc' dir='ltr'>ι</span> <span class='ocrx_word' id='word_1_823' title='bbox 939 5228 1033 5279; x_wconf 81' lang='lat' dir='ltr'>pro</span> <span class='ocrx_word' id='word_1_824' title='bbox 1070 5231 1087 5262; x_wconf 78' lang='grc' dir='ltr'>ι</span> <span class='ocrx_word' id='word_1_825' title='bbox 1130 5216 1243 5265; x_wconf 74' lang='lat' dir='ltr'>Sed.</span> <span class='ocrx_word' id='word_1_826' title='bbox 1288 5232 1303 5263; x_wconf 78' lang='grc' dir='ltr'>ι</span> <span class='ocrx_word' id='word_1_827' title='bbox 1347 5214 1411 5265; x_wconf 66' lang='grc' dir='ltr'><strong>υι</strong></span> <span class='ocrx_word' id='word_1_828' title='bbox 1440 5228 1626 5263; x_wconf 67' lang='lat' dir='ltr'>scmus</span> <span class='ocrx_word' id='word_1_829' title='bbox 1671 5224 1844 5264; x_wconf 71' lang='lat' dir='ltr'>latitet]</span> 
     </span>
    </p>
   </div>
   <div class='ocr_carea' id='block_1_101' title="bbox 279 5282 1843 5349">
    <p class='ocr_par' dir='ltr' id='par_1_101' title="bbox 279 5282 1843 5349">
     <span class='ocr_line' id='line_1_101' title="bbox 279 5282 1843 5349; baseline 0.001 -20"><span class='ocrx_word' id='word_1_830' title='bbox 279 5293 557 5346; x_wconf 62' lang='lat' dir='ltr'>utcunque</span> <span class='ocrx_word' id='word_1_831' title='bbox 591 5292 793 5333; x_wconf 45' lang='lat' dir='ltr'>co..stet</span> <span class='ocrx_word' id='word_1_832' title='bbox 826 5298 944 5331; x_wconf 84' lang='lat' dir='ltr'>cunt</span> <span class='ocrx_word' id='word_1_833' title='bbox 982 5285 1239 5346; x_wconf 69' lang='lat' dir='ltr'>Sttpt‘l‘tt&#39;l‘i</span> <span class='ocrx_word' id='word_1_834' title='bbox 1277 5282 1513 5349; x_wconf 72' lang='lat' dir='ltr'>Apostoh</span> <span class='ocrx_word' id='word_1_835' title='bbox 1556 5290 1843 5343; x_wconf 68' lang='lat' dir='ltr'>sententia,</span> 
     </span>
    </p>
   </div>
   <div class='ocr_carea' id='block_1_102' title="bbox 277 5350 1843 5416">
    <p class='ocr_par' dir='ltr' id='par_1_102' title="bbox 277 5350 1843 5416">
     <span class='ocr_line' id='line_1_102' title="bbox 277 5350 1843 5416; baseline 0.002 -17"><span class='ocrx_word' id='word_1_836' title='bbox 277 5352 510 5399; x_wconf 62' lang='lat' dir='ltr'>Verbum</span> <span class='ocrx_word' id='word_1_837' title='bbox 561 5352 769 5415; x_wconf 72' lang='lat' dir='ltr'>aliquoi</span> <span class='ocrx_word' id='word_1_838' title='bbox 814 5350 1165 5416; x_wconf 69' lang='lat' dir='ltr'>sUppIen-Juzu</span> <span class='ocrx_word' id='word_1_839' title='bbox 1200 5360 1301 5412; x_wconf 82' lang='lat' dir='ltr'>est,</span> <span class='ocrx_word' id='word_1_840' title='bbox 1338 5360 1496 5416; x_wconf 83' lang='lat' dir='ltr'>puta,</span> <span class='ocrx_word' id='word_1_841' title='bbox 1540 5367 1557 5399; x_wconf 72' lang='grc' dir='ltr'>ί</span> <span class='ocrx_word' id='word_1_842' title='bbox 1599 5350 1721 5402; x_wconf 84' lang='lat' dir='ltr'>iilud</span> <span class='ocrx_word' id='word_1_843' title='bbox 1760 5354 1843 5402; x_wconf 85' lang='grc' dir='ltr'><strong>ιιι-</strong></span> 
     </span>
    </p>
   </div>
   <div class='ocr_carea' id='block_1_103' title="bbox 282 5420 1807 5485">
    <p class='ocr_par' dir='ltr' id='par_1_103' title="bbox 282 5420 1807 5485">
     <span class='ocr_line' id='line_1_103' title="bbox 282 5420 1807 5485; baseline 0.001 -16"><span class='ocrx_word' id='word_1_844' title='bbox 282 5420 476 5479; x_wconf 55' lang='grc' dir='ltr'><strong>ιιεὶὶιμέι</strong></span> <span class='ocrx_word' id='word_1_845' title='bbox 515 5422 654 5482; x_wconf 77' lang='lat' dir='ltr'>quod</span> <span class='ocrx_word' id='word_1_846' title='bbox 692 5435 1057 5485; x_wconf 66' lang='lat' dir='ltr'>nequaquam,</span> <span class='ocrx_word' id='word_1_847' title='bbox 1106 5439 1121 5469; x_wconf 85' lang='grc'><strong>›</strong></span> <span class='ocrx_word' id='word_1_848' title='bbox 1161 5433 1288 5477; x_wconf 80' lang='lat' dir='ltr'>ete..</span> <span class='ocrx_word' id='word_1_849' title='bbox 1324 5430 1413 5471; x_wconf 90' lang='lat' dir='ltr'>aut</span> <span class='ocrx_word' id='word_1_850' title='bbox 1449 5420 1572 5484; x_wconf 85' lang='lat' dir='ltr'>quid</span> <span class='ocrx_word' id='word_1_851' title='bbox 1616 5420 1807 5471; x_wconf 77' lang='lat' dir='ltr'>simile.</span> 
     </span>
    </p>
   </div>
   <div class='ocr_carea' id='block_1_104' title="bbox 358 5485 1845 5556">
    <p class='ocr_par' dir='ltr' id='par_1_104' title="bbox 358 5485 1845 5556">
     <span class='ocr_line' id='line_1_104' title="bbox 358 5485 1845 5556; baseline 0.001 -19"><span class='ocrx_word' id='word_1_852' title='bbox 358 5486 472 5555; x_wconf 56' lang='lat'>(9&#39;7)</span> <span class='ocrx_word' id='word_1_853' title='bbox 521 5485 648 5539; x_wconf 68' lang='lat' dir='ltr'>\ide</span> <span class='ocrx_word' id='word_1_854' title='bbox 677 5505 797 5539; x_wconf 70' lang='lat' dir='ltr'>num</span> <span class='ocrx_word' id='word_1_855' title='bbox 833 5494 1013 5541; x_wconf 78' lang='lat' dir='ltr'>istha-c</span> <span class='ocrx_word' id='word_1_856' title='bbox 1049 5500 1117 5541; x_wconf 85' lang='lat' dir='ltr'>sit</span> <span class='ocrx_word' id='word_1_857' title='bbox 1149 5491 1475 5555; x_wconf 55' lang='lat' dir='ltr'>praeferentia</span> <span class='ocrx_word' id='word_1_858' title='bbox 1513 5488 1674 5556; x_wconf 60' lang='grc' dir='ltr'><strong>ιιι-εἰη</strong></span> <span class='ocrx_word' id='word_1_859' title='bbox 1697 5506 1724 5540; x_wconf 88' lang='lat' dir='ltr'>e</span> <span class='ocrx_word' id='word_1_860' title='bbox 1758 5504 1845 5538; x_wconf 68' lang='lat' dir='ltr'>eo-</span> 
     </span>
    </p>
   </div>
   <div class='ocr_carea' id='block_1_105' title="bbox 284 5558 1844 5623">
    <p class='ocr_par' dir='ltr' id='par_1_105' title="bbox 284 5558 1844 5623">
     <span class='ocr_line' id='line_1_105' title="bbox 284 5558 1844 5623; baseline 0.001 -15"><span class='ocrx_word' id='word_1_861' title='bbox 284 5559 422 5609; x_wconf 66' lang='lat' dir='ltr'>tiit&#39;ts</span> <span class='ocrx_word' id='word_1_862' title='bbox 452 5558 611 5607; x_wconf 72' lang='lat' dir='ltr'>lecrio</span> <span class='ocrx_word' id='word_1_863' title='bbox 648 5576 659 5609; x_wconf 86' lang='lat'><strong>:</strong></span> <span class='ocrx_word' id='word_1_864' title='bbox 711 5576 727 5605; x_wconf 79' lang='grc' dir='ltr'>ι</span> <span class='ocrx_word' id='word_1_865' title='bbox 764 5558 1032 5621; x_wconf 74' lang='lat' dir='ltr'>Christus,</span> <span class='ocrx_word' id='word_1_866' title='bbox 1071 5564 1180 5609; x_wconf 72' lang='lat' dir='ltr'>suis</span> <span class='ocrx_word' id='word_1_867' title='bbox 1211 5559 1298 5623; x_wconf 80' lang='lat' dir='ltr'>qui</span> <span class='ocrx_word' id='word_1_868' title='bbox 1325 5574 1417 5609; x_wconf 73' lang='grc' dir='ltr'><strong>διιι</strong></span> <span class='ocrx_word' id='word_1_869' title='bbox 1451 5574 1673 5623; x_wconf 74' lang='lat' dir='ltr'>corpora</span> <span class='ocrx_word' id='word_1_870' title='bbox 1706 5573 1844 5610; x_wconf 77' lang='lat' dir='ltr'>inor-</span> 
     </span>
    </p>
   </div>
   <div class='ocr_carea' id='block_1_106' title="bbox 288 5626 1843 5695">
    <p class='ocr_par' dir='ltr' id='par_1_106' title="bbox 288 5626 1843 5695">
     <span class='ocr_line' id='line_1_106' title="bbox 288 5626 1843 5695; baseline 0.001 -19"><span class='ocrx_word' id='word_1_871' title='bbox 288 5626 632 5695; x_wconf 72' lang='lat' dir='ltr'>tilicaveruttt</span> <span class='ocrx_word' id='word_1_872' title='bbox 654 5640 743 5692; x_wconf 82' lang='lat' dir='ltr'>per</span> <span class='ocrx_word' id='word_1_873' title='bbox 769 5639 1081 5694; x_wconf 65' lang='lat' dir='ltr'>prmsmttctn</span> <span class='ocrx_word' id='word_1_874' title='bbox 1107 5629 1386 5695; x_wconf 74' lang='lat' dir='ltr'>Spiritum,</span> <span class='ocrx_word' id='word_1_875' title='bbox 1411 5627 1569 5677; x_wconf 80' lang='lat' dir='ltr'>vitam</span> <span class='ocrx_word' id='word_1_876' title='bbox 1592 5628 1843 5691; x_wconf 82' lang='lat' dir='ltr'>ostendit,</span> 
     </span>
    </p>
   </div>
   <div class='ocr_carea' id='block_1_107' title="bbox 286 5694 1848 5762">
    <p class='ocr_par' dir='ltr' id='par_1_107' title="bbox 286 5694 1848 5762">
     <span class='ocr_line' id='line_1_107' title="bbox 286 5694 1848 5762; baseline 0 -18"><span class='ocrx_word' id='word_1_877' title='bbox 286 5707 385 5759; x_wconf 88' lang='lat' dir='ltr'>per</span> <span class='ocrx_word' id='word_1_878' title='bbox 408 5694 673 5760; x_wconf 79' lang='lat' dir='ltr'>justitiam</span> <span class='ocrx_word' id='word_1_879' title='bbox 713 5711 963 5761; x_wconf 77' lang='lat' dir='ltr'>operum,</span> <span class='ocrx_word' id='word_1_880' title='bbox 998 5697 1108 5748; x_wconf 90' lang='lat' dir='ltr'>sive</span> <span class='ocrx_word' id='word_1_881' title='bbox 1143 5694 1238 5762; x_wconf 78' lang='lat' dir='ltr'>per</span> <span class='ocrx_word' id='word_1_882' title='bbox 1277 5695 1658 5745; x_wconf 69' lang='lat' dir='ltr'>(&#39;Ol&#39;t“.&#39;(‘ii()l|0|ii</span> <span class='ocrx_word' id='word_1_883' title='bbox 1694 5696 1848 5745; x_wconf 83' lang='lat' dir='ltr'>vitio-</span> 
     </span>
    </p>
   </div>
   <div class='ocr_carea' id='block_1_108' title="bbox 288 5762 1839 5830">
    <p class='ocr_par' dir='ltr' id='par_1_108' title="bbox 288 5762 1839 5830">
     <span class='ocr_line' id='line_1_108' title="bbox 288 5762 1839 5830; baseline -0.001 -15"><span class='ocrx_word' id='word_1_884' title='bbox 288 5778 406 5815; x_wconf 84' lang='lat' dir='ltr'>rum</span> <span class='ocrx_word' id='word_1_885' title='bbox 452 5764 777 5830; x_wconf 78' lang='lat' dir='ltr'>mortalium,</span> <span class='ocrx_word' id='word_1_886' title='bbox 811 5766 921 5816; x_wconf 75' lang='lat' dir='ltr'>sive</span> <span class='ocrx_word' id='word_1_887' title='bbox 948 5780 1043 5830; x_wconf 90' lang='lat' dir='ltr'>per</span> <span class='ocrx_word' id='word_1_888' title='bbox 1088 5768 1241 5818; x_wconf 79' lang='lat' dir='ltr'>tidem</span> <span class='ocrx_word' id='word_1_889' title='bbox 1272 5762 1394 5814; x_wconf 76' lang='lat' dir='ltr'>Jesu</span> <span class='ocrx_word' id='word_1_890' title='bbox 1429 5764 1643 5822; x_wconf 80' lang='lat' dir='ltr'>Christi,</span> <span class='ocrx_word' id='word_1_891' title='bbox 1688 5782 1703 5809; x_wconf 71' lang='grc' dir='ltr'>ι</span> <span class='ocrx_word' id='word_1_892' title='bbox 1741 5774 1839 5815; x_wconf 47' lang='lat' dir='ltr'>tite.</span> 
     </span>
    </p>
   </div>
   <div class='ocr_carea' id='block_1_109' title="bbox 360 5829 1842 5901">
    <p class='ocr_par' dir='ltr' id='par_1_109' title="bbox 360 5829 1842 5901">
     <span class='ocr_line' id='line_1_109' title="bbox 360 5829 1842 5901; baseline -0.001 -16"><span class='ocrx_word' id='word_1_893' title='bbox 360 5831 470 5898; x_wconf 74' lang='lat'>(93)</span> <span class='ocrx_word' id='word_1_894' title='bbox 520 5829 590 5883; x_wconf 79' lang='lat' dir='ltr'>Ita</span> <span class='ocrx_word' id='word_1_895' title='bbox 628 5832 801 5885; x_wconf 76' lang='lat' dir='ltr'>terunt</span> <span class='ocrx_word' id='word_1_896' title='bbox 831 5829 979 5887; x_wconf 81' lang='lat' dir='ltr'>vetus</span> <span class='ocrx_word' id='word_1_897' title='bbox 1009 5834 1171 5888; x_wconf 81' lang='lat' dir='ltr'>editio</span> <span class='ocrx_word' id='word_1_898' title='bbox 1198 5844 1248 5886; x_wconf 88' lang='lat' dir='ltr'>et</span> <span class='ocrx_word' id='word_1_899' title='bbox 1288 5832 1497 5901; x_wconf 66' lang='lat' dir='ltr'>Regina:</span> <span class='ocrx_word' id='word_1_900' title='bbox 1532 5851 1607 5883; x_wconf 69' lang='lat' dir='ltr'>iit:</span> <span class='ocrx_word' id='word_1_901' title='bbox 1644 5872 1656 5897; x_wconf 85' lang='lat'>,</span> <span class='ocrx_word' id='word_1_902' title='bbox 1692 5845 1842 5885; x_wconf 70' lang='lat' dir='ltr'>antea</span> 
     </span>
    </p>
   </div>
   <div class='ocr_carea' id='block_1_110' title="bbox 1948 4707 3508 4783">
    <p class='ocr_par' dir='ltr' id='par_1_110' title="bbox 1948 4707 3508 4783">
     <span class='ocr_line' id='line_1_110' title="bbox 1948 4707 3508 4783; baseline 0.01 -24"><span class='ocrx_word' id='word_1_903' title='bbox 1948 4708 2073 4759; x_wconf 88' lang='lat' dir='ltr'>tiam</span> <span class='ocrx_word' id='word_1_904' title='bbox 2105 4716 2157 4759; x_wconf 86' lang='lat' dir='ltr'>et</span> <span class='ocrx_word' id='word_1_905' title='bbox 2185 4707 2561 4774; x_wconf 79' lang='lat' dir='ltr'>benignitatem</span> <span class='ocrx_word' id='word_1_906' title='bbox 2594 4710 2757 4778; x_wconf 88' lang='lat' dir='ltr'>ipsius</span> <span class='ocrx_word' id='word_1_907' title='bbox 2794 4715 3143 4783; x_wconf 88' lang='lat' dir='ltr'>appellamur.</span> <span class='ocrx_word' id='word_1_908' title='bbox 3170 4717 3383 4773; x_wconf 77' lang='lat' dir='ltr'>Erimus</span> <span class='ocrx_word' id='word_1_909' title='bbox 3412 4736 3508 4773; x_wconf 88' lang='lat' dir='ltr'>au-</span> 
     </span>
    </p>
   </div>
   <div class='ocr_carea' id='block_1_111' title="bbox 1971 4821 3505 4897">
    <p class='ocr_par' dir='ltr' id='par_1_111' title="bbox 1971 4821 3505 4897">
     <span class='ocr_line' id='line_1_111' title="bbox 1971 4821 3505 4897; baseline 0.007 -21"><span class='ocrx_word' id='word_1_910' title='bbox 1971 4822 2012 4853; x_wconf 86' lang='grc'>⁸¹</span> <span class='ocrx_word' id='word_1_911' title='bbox 2043 4822 2058 4876; x_wconf 93' lang='grc' dir='ltr'>ι</span> <span class='ocrx_word' id='word_1_912' title='bbox 2085 4821 2238 4877; x_wconf 79' lang='lat' dir='ltr'>Joan.</span> <span class='ocrx_word' id='word_1_913' title='bbox 2265 4837 2336 4886; x_wconf 87' lang='lat' dir='ltr'>tv,</span> <span class='ocrx_word' id='word_1_914' title='bbox 2374 4822 2453 4877; x_wconf 76' lang='lat' dir='ltr'>t5.</span> <span class='ocrx_word' id='word_1_915' title='bbox 2530 4824 2573 4855; x_wconf 87' lang='grc'>⁸¹</span> <span class='ocrx_word' id='word_1_916' title='bbox 2597 4822 2711 4881; x_wconf 80' lang='lat' dir='ltr'>Jac.</span> <span class='ocrx_word' id='word_1_917' title='bbox 2736 4841 2771 4890; x_wconf 84' lang='grc' dir='ltr'><strong>ι,</strong></span> <span class='ocrx_word' id='word_1_918' title='bbox 2807 4828 2887 4881; x_wconf 77' lang='lat' dir='ltr'>l5.</span> <span class='ocrx_word' id='word_1_919' title='bbox 2965 4828 3389 4897; x_wconf 56' lang='lat' dir='ltr'>“Ezecthm,</span> <span class='ocrx_word' id='word_1_920' title='bbox 3417 4834 3505 4887; x_wconf 66' lang='lat'>20.</span> 
     </span>
    </p>
   </div>
   <div class='ocr_carea' id='block_1_112' title="bbox 1944 4936 3505 4998">
    <p class='ocr_par' dir='ltr' id='par_1_112' title="bbox 1944 4936 3505 4998">
     <span class='ocr_line' id='line_1_112' title="bbox 1944 4936 3505 4998; baseline 0.006 -9"><span class='ocrx_word' id='word_1_921' title='bbox 1944 4944 2061 4989; x_wconf 89' lang='lat' dir='ltr'>erat</span> <span class='ocrx_word' id='word_1_922' title='bbox 2109 4952 2125 4985; x_wconf 78' lang='grc' dir='ltr'>ι</span> <span class='ocrx_word' id='word_1_923' title='bbox 2165 4950 2286 4987; x_wconf 89' lang='lat' dir='ltr'>cum</span> <span class='ocrx_word' id='word_1_924' title='bbox 2335 4936 2715 4991; x_wconf 76' lang='lat' dir='ltr'>inmortalium</span> <span class='ocrx_word' id='word_1_925' title='bbox 2749 4939 3047 4994; x_wconf 82' lang='lat' dir='ltr'>animabus.</span> <span class='ocrx_word' id='word_1_926' title='bbox 3092 4959 3109 4993; x_wconf 73' lang='grc' dir='ltr'>ι</span> <span class='ocrx_word' id='word_1_927' title='bbox 3159 4942 3273 4996; x_wconf 78' lang='lat' dir='ltr'>Mox</span> <span class='ocrx_word' id='word_1_928' title='bbox 3320 4947 3505 4998; x_wconf 78' lang='lat' dir='ltr'>eadem</span> 
     </span>
    </p>
   </div>
   <div class='ocr_carea' id='block_1_113' title="bbox 1946 5006 3505 5073">
    <p class='ocr_par' dir='ltr' id='par_1_113' title="bbox 1946 5006 3505 5073">
     <span class='ocr_line' id='line_1_113' title="bbox 1946 5006 3505 5073; baseline 0.009 -18"><span class='ocrx_word' id='word_1_929' title='bbox 1946 5016 2100 5057; x_wconf 83' lang='lat' dir='ltr'>vetus</span> <span class='ocrx_word' id='word_1_930' title='bbox 2149 5006 2277 5057; x_wconf 87' lang='lat' dir='ltr'>edit.</span> <span class='ocrx_word' id='word_1_931' title='bbox 2336 5024 2351 5055; x_wconf 81' lang='grc' dir='ltr'>ι</span> <span class='ocrx_word' id='word_1_932' title='bbox 2416 5008 2823 5073; x_wconf 71' lang='lat' dir='ltr'>primogenitum</span> <span class='ocrx_word' id='word_1_933' title='bbox 2892 5010 3035 5061; x_wconf 87' lang='lat' dir='ltr'>illum</span> <span class='ocrx_word' id='word_1_934' title='bbox 3095 5018 3505 5069; x_wconf 83' lang='lat' dir='ltr'>resurrectionis</span> 
     </span>
    </p>
   </div>
   <div class='ocr_carea' id='block_1_114' title="bbox 1943 5074 3151 5142">
    <p class='ocr_par' dir='ltr' id='par_1_114' title="bbox 1943 5074 3151 5142">
     <span class='ocr_line' id='line_1_114' title="bbox 1943 5074 3151 5142; baseline 0.002 -15"><span class='ocrx_word' id='word_1_935' title='bbox 1943 5074 2253 5128; x_wconf 73' lang='lat' dir='ltr'>ostendens.</span> <span class='ocrx_word' id='word_1_936' title='bbox 2300 5076 2475 5136; x_wconf 75' lang='lat' dir='ltr'>Quare</span> <span class='ocrx_word' id='word_1_937' title='bbox 2508 5086 2561 5127; x_wconf 85' lang='lat' dir='ltr'>et</span> <span class='ocrx_word' id='word_1_938' title='bbox 2605 5078 2796 5142; x_wconf 84' lang='lat' dir='ltr'>quibus</span> <span class='ocrx_word' id='word_1_939' title='bbox 2834 5078 2955 5138; x_wconf 80' lang='lat' dir='ltr'>tale,</span> <span class='ocrx_word' id='word_1_940' title='bbox 2994 5096 3011 5128; x_wconf 71' lang='grc' dir='ltr'>ι</span> <span class='ocrx_word' id='word_1_941' title='bbox 3049 5094 3151 5135; x_wconf 82' lang='lat' dir='ltr'>etc.</span> 
     </span>
    </p>
   </div>
   <div class='ocr_carea' id='block_1_115' title="bbox 2015 5142 3505 5213">
    <p class='ocr_par' dir='ltr' id='par_1_115' title="bbox 2015 5142 3505 5213">
     <span class='ocr_line' id='line_1_115' title="bbox 2015 5142 3505 5213; baseline 0.009 -23"><span class='ocrx_word' id='word_1_942' title='bbox 2015 5144 2122 5207; x_wconf 66' lang='grc'>(99)</span> <span class='ocrx_word' id='word_1_943' title='bbox 2169 5142 2257 5192; x_wconf 64' lang='lat' dir='ltr'>list</span> <span class='ocrx_word' id='word_1_944' title='bbox 2309 5144 2525 5210; x_wconf 66' lang='lat' dir='ltr'>iit‘gitttu</span> <span class='ocrx_word' id='word_1_945' title='bbox 2575 5147 2775 5197; x_wconf 76' lang='lat' dir='ltr'>(inditis</span> <span class='ocrx_word' id='word_1_946' title='bbox 2810 5147 3066 5213; x_wconf 67' lang='lat' dir='ltr'>itttt‘gt&#39;iiit‘</span> <span class='ocrx_word' id='word_1_947' title='bbox 3106 5151 3261 5202; x_wconf 75' lang='lat' dir='ltr'>lcClit)</span> <span class='ocrx_word' id='word_1_948' title='bbox 3298 5152 3405 5203; x_wconf 72' lang='lat' dir='ltr'>lucc</span> <span class='ocrx_word' id='word_1_949' title='bbox 3453 5162 3505 5205; x_wconf 84' lang='lat' dir='ltr'>et</span> 
     </span>
    </p>
   </div>
   <div class='ocr_carea' id='block_1_116' title="bbox 1945 5213 3506 5274">
    <p class='ocr_par' dir='ltr' id='par_1_116' title="bbox 1945 5213 3506 5274">
     <span class='ocr_line' id='line_1_116' title="bbox 1945 5213 3506 5274; baseline 0.006 -10"><span class='ocrx_word' id='word_1_950' title='bbox 1945 5213 2281 5264; x_wconf 79' lang='lat' dir='ltr'>concinnior.</span> <span class='ocrx_word' id='word_1_951' title='bbox 2318 5215 2485 5262; x_wconf 76' lang='lat' dir='ltr'>Antea</span> <span class='ocrx_word' id='word_1_952' title='bbox 2516 5223 2629 5265; x_wconf 74' lang='lat' dir='ltr'>erat</span> <span class='ocrx_word' id='word_1_953' title='bbox 2655 5218 3019 5267; x_wconf 60' lang='lat' dir='ltr'>tantuninmzlo</span> <span class='ocrx_word' id='word_1_954' title='bbox 3054 5236 3071 5266; x_wconf 72' lang='grc' dir='ltr'>ι</span> <span class='ocrx_word' id='word_1_955' title='bbox 3115 5223 3506 5274; x_wconf 59' lang='grc' dir='ltr'><strong>ιι·;ιιικς‹ιιιιίιιι“ἐι</strong></span> 
     </span>
    </p>
   </div>
   <div class='ocr_carea' id='block_1_117' title="bbox 1944 5282 3500 5347">
    <p class='ocr_par' dir='ltr' id='par_1_117' title="bbox 1944 5282 3500 5347">
     <span class='ocr_line' id='line_1_117' title="bbox 1944 5282 3500 5347; baseline 0.006 -17"><span class='ocrx_word' id='word_1_956' title='bbox 1944 5284 2107 5332; x_wconf 70' lang='lat' dir='ltr'>vitam</span> <span class='ocrx_word' id='word_1_957' title='bbox 2132 5282 2330 5340; x_wconf 82' lang='lat' dir='ltr'>carnis,</span> <span class='ocrx_word' id='word_1_958' title='bbox 2353 5291 2404 5332; x_wconf 88' lang='lat' dir='ltr'>et</span> <span class='ocrx_word' id='word_1_959' title='bbox 2426 5283 2628 5347; x_wconf 87' lang='lat' dir='ltr'>Spiritu</span> <span class='ocrx_word' id='word_1_960' title='bbox 2648 5298 2805 5347; x_wconf 80' lang='lat' dir='ltr'>opera</span> <span class='ocrx_word' id='word_1_961' title='bbox 2828 5286 3007 5337; x_wconf 86' lang='lat' dir='ltr'>carnis</span> <span class='ocrx_word' id='word_1_962' title='bbox 3033 5290 3451 5342; x_wconf 77' lang='lat' dir='ltr'>utortilicaverit.</span> <span class='ocrx_word' id='word_1_963' title='bbox 3484 5309 3500 5339; x_wconf 76' lang='grc' dir='ltr'>ι</span> 
     </span>
    </p>
   </div>
   <div class='ocr_carea' id='block_1_118' title="bbox 2017 5348 3502 5419">
    <p class='ocr_par' dir='ltr' id='par_1_118' title="bbox 2017 5348 3502 5419">
     <span class='ocr_line' id='line_1_118' title="bbox 2017 5348 3502 5419; baseline 0.007 -19"><span class='ocrx_word' id='word_1_964' title='bbox 2017 5350 2089 5416; x_wconf 73' lang='grc' dir='ltr'><strong>ιι)</strong></span> <span class='ocrx_word' id='word_1_965' title='bbox 2135 5348 2251 5401; x_wconf 77' lang='lat' dir='ltr'>\&#39;..t.</span> <span class='ocrx_word' id='word_1_966' title='bbox 2285 5366 2301 5397; x_wconf 73' lang='grc' dir='ltr'>ι</span> <span class='ocrx_word' id='word_1_967' title='bbox 2338 5350 2597 5403; x_wconf 79' lang='lat' dir='ltr'>abstinete</span> <span class='ocrx_word' id='word_1_968' title='bbox 2625 5366 2652 5401; x_wconf 91' lang='lat' dir='ltr'>a</span> <span class='ocrx_word' id='word_1_969' title='bbox 2688 5354 2847 5413; x_wconf 76' lang='lat' dir='ltr'>vitiis,</span> <span class='ocrx_word' id='word_1_970' title='bbox 2876 5356 2963 5419; x_wconf 73' lang='lat' dir='ltr'>Q-li</span> <span class='ocrx_word' id='word_1_971' title='bbox 2997 5355 3201 5410; x_wconf 64' lang='lat' dir='ltr'>habrtis</span> <span class='ocrx_word' id='word_1_972' title='bbox 3232 5358 3392 5409; x_wconf 72' lang='lat' dir='ltr'>vobist</span> <span class='ocrx_word' id='word_1_973' title='bbox 3416 5376 3502 5411; x_wconf 89' lang='lat' dir='ltr'>um</span> 
     </span>
    </p>
   </div>
   <div class='ocr_carea' id='block_1_119' title="bbox 1945 5419 3507 5491">
    <p class='ocr_par' dir='ltr' id='par_1_119' title="bbox 1945 5419 3507 5491">
     <span class='ocr_line' id='line_1_119' title="bbox 1945 5419 3507 5491; baseline 0.008 -22"><span class='ocrx_word' id='word_1_974' title='bbox 1945 5420 2146 5491; x_wconf 65' lang='lat' dir='ltr'>datum,</span> <span class='ocrx_word' id='word_1_975' title='bbox 2189 5441 2205 5467; x_wconf 74' lang='grc' dir='ltr'>ι</span> <span class='ocrx_word' id='word_1_976' title='bbox 2244 5431 2383 5491; x_wconf 83' lang='lat' dir='ltr'>etc.,_</span> <span class='ocrx_word' id='word_1_977' title='bbox 2420 5419 2611 5491; x_wconf 72' lang='lat' dir='ltr'>demde</span> <span class='ocrx_word' id='word_1_978' title='bbox 2649 5438 2666 5470; x_wconf 78' lang='grc' dir='ltr'>ι</span> <span class='ocrx_word' id='word_1_979' title='bbox 2724 5422 2812 5487; x_wconf 84' lang='lat' dir='ltr'>qui</span> <span class='ocrx_word' id='word_1_980' title='bbox 2863 5424 2975 5490; x_wconf 85' lang='lat' dir='ltr'>ipse</span> <span class='ocrx_word' id='word_1_981' title='bbox 3024 5422 3252 5491; x_wconf 78' lang='lat' dir='ltr'>Spiritus</span> <span class='ocrx_word' id='word_1_982' title='bbox 3295 5426 3411 5479; x_wconf 80' lang='lat' dir='ltr'>Fdii</span> <span class='ocrx_word' id='word_1_983' title='bbox 3453 5438 3507 5481; x_wconf 85' lang='lat' dir='ltr'>et</span> 
     </span>
    </p>
   </div>
   <div class='ocr_carea' id='block_1_120' title="bbox 1944 5488 2743 5548">
    <p class='ocr_par' dir='ltr' id='par_1_120' title="bbox 1944 5488 2743 5548">
     <span class='ocr_line' id='line_1_120' title="bbox 1944 5488 2743 5548; baseline -0.001 -6"><span class='ocrx_word' id='word_1_984' title='bbox 1944 5488 2166 5542; x_wconf 81' lang='lat' dir='ltr'>Christi.</span> <span class='ocrx_word' id='word_1_985' title='bbox 2200 5495 2253 5537; x_wconf 78' lang='lat' dir='ltr'>rt</span> <span class='ocrx_word' id='word_1_986' title='bbox 2281 5488 2541 5548; x_wconf 62' lang='lat' dir='ltr'>veritatis,</span> <span class='ocrx_word' id='word_1_987' title='bbox 2582 5507 2598 5537; x_wconf 76' lang='grc' dir='ltr'>ι</span> <span class='ocrx_word' id='word_1_988' title='bbox 2640 5498 2743 5541; x_wconf 72' lang='lat' dir='ltr'>etc.</span> 
     </span>
    </p>
   </div>
   <div class='ocr_carea' id='block_1_121' title="bbox 2015 5555 3502 5632">
    <p class='ocr_par' dir='ltr' id='par_1_121' title="bbox 2015 5555 3502 5632">
     <span class='ocr_line' id='line_1_121' title="bbox 2015 5555 3502 5632; baseline 0.005 -25"><span class='ocrx_word' id='word_1_989' title='bbox 2015 5558 2091 5623; x_wconf 69' lang='lat'>(:2)</span> <span class='ocrx_word' id='word_1_990' title='bbox 2126 5556 2254 5607; x_wconf 81' lang='lat' dir='ltr'>Cod.</span> <span class='ocrx_word' id='word_1_991' title='bbox 2296 5555 2511 5632; x_wconf 56' lang='lat' dir='ltr'>Reginae</span> <span class='ocrx_word' id='word_1_992' title='bbox 2554 5576 2568 5607; x_wconf 79' lang='grc' dir='ltr'>ι</span> <span class='ocrx_word' id='word_1_993' title='bbox 2615 5572 2777 5625; x_wconf 84' lang='lat' dir='ltr'>qua-a</span> <span class='ocrx_word' id='word_1_994' title='bbox 2822 5572 3001 5614; x_wconf 84' lang='lat' dir='ltr'>nostro</span> <span class='ocrx_word' id='word_1_995' title='bbox 3033 5563 3220 5627; x_wconf 73' lang='lat' dir='ltr'>Spiritu</span> <span class='ocrx_word' id='word_1_996' title='bbox 3261 5565 3502 5632; x_wconf 80' lang='lat' dir='ltr'>posside-</span> 
     </span>
    </p>
   </div>
   <div class='ocr_carea' id='block_1_122' title="bbox 1947 5629 3503 5699">
    <p class='ocr_par' dir='ltr' id='par_1_122' title="bbox 1947 5629 3503 5699">
     <span class='ocr_line' id='line_1_122' title="bbox 1947 5629 3503 5699; baseline 0.002 -19"><span class='ocrx_word' id='word_1_997' title='bbox 1947 5636 2054 5687; x_wconf 85' lang='lat' dir='ltr'>tur,</span> <span class='ocrx_word' id='word_1_998' title='bbox 2098 5644 2115 5675; x_wconf 77' lang='grc' dir='ltr'>ι</span> <span class='ocrx_word' id='word_1_999' title='bbox 2139 5633 2210 5699; x_wconf 80' lang='lat' dir='ltr'>_et</span> <span class='ocrx_word' id='word_1_1000' title='bbox 2267 5629 2435 5699; x_wconf 81' lang='lat' dir='ltr'>paulo</span> <span class='ocrx_word' id='word_1_1001' title='bbox 2465 5638 2579 5691; x_wconf 81' lang='lat' dir='ltr'>post</span> <span class='ocrx_word' id='word_1_1002' title='bbox 2609 5641 2738 5699; x_wconf 70' lang='lat' dir='ltr'>cum</span> <span class='ocrx_word' id='word_1_1003' title='bbox 2783 5631 2949 5682; x_wconf 82' lang='lat' dir='ltr'>veteri</span> <span class='ocrx_word' id='word_1_1004' title='bbox 3001 5648 3212 5699; x_wconf 83' lang='lat' dir='ltr'>quoque</span> <span class='ocrx_word' id='word_1_1005' title='bbox 3246 5629 3503 5695; x_wconf 70' lang='lat' dir='ltr'>editione,</span> 
     </span>
    </p>
   </div>
   <div class='ocr_carea' id='block_1_123' title="bbox 1950 5695 3501 5760">
    <p class='ocr_par' dir='ltr' id='par_1_123' title="bbox 1950 5695 3501 5760">
     <span class='ocr_line' id='line_1_123' title="bbox 1950 5695 3501 5760; baseline 0.007 -16"><span class='ocrx_word' id='word_1_1006' title='bbox 1950 5714 1967 5744; x_wconf 81' lang='lat' dir='ltr'>r</span> <span class='ocrx_word' id='word_1_1007' title='bbox 2002 5695 2149 5760; x_wconf 84' lang='lat' dir='ltr'>quasi</span> <span class='ocrx_word' id='word_1_1008' title='bbox 2185 5705 2391 5755; x_wconf 76' lang='lat' dir='ltr'>patrem</span> <span class='ocrx_word' id='word_1_1009' title='bbox 2428 5695 2725 5747; x_wconf 73' lang='lat' dir='ltr'>lucreditari</span> <span class='ocrx_word' id='word_1_1010' title='bbox 2758 5711 2783 5746; x_wconf 70' lang='grc' dir='ltr'><strong>τι</strong></span> <span class='ocrx_word' id='word_1_1011' title='bbox 2821 5700 2993 5756; x_wconf 75' lang='lat' dir='ltr'>nobis.</span> <span class='ocrx_word' id='word_1_1012' title='bbox 3022 5695 3222 5754; x_wconf 77' lang='lat' dir='ltr'>Christi</span> <span class='ocrx_word' id='word_1_1013' title='bbox 3266 5719 3386 5754; x_wconf 77' lang='lat' dir='ltr'>veru</span> <span class='ocrx_word' id='word_1_1014' title='bbox 3419 5720 3501 5755; x_wconf 77' lang='lat' dir='ltr'>r0-</span> 
     </span>
    </p>
   </div>
   <div class='ocr_carea' id='block_1_124' title="bbox 1948 5765 3503 5830">
    <p class='ocr_par' dir='ltr' id='par_1_124' title="bbox 1948 5765 3503 5830">
     <span class='ocr_line' id='line_1_124' title="bbox 1948 5765 3503 5830; baseline 0.008 -18"><span class='ocrx_word' id='word_1_1015' title='bbox 1948 5769 2205 5817; x_wconf 11' lang='lat' dir='ltr'>haeretica.</span> <span class='ocrx_word' id='word_1_1016' title='bbox 2264 5780 2280 5807; x_wconf 74' lang='grc' dir='ltr'>ι</span> <span class='ocrx_word' id='word_1_1017' title='bbox 2316 5776 2442 5821; x_wconf 64' lang='grc' dir='ltr'>ειν..</span> <span class='ocrx_word' id='word_1_1018' title='bbox 2489 5772 2687 5830; x_wconf 71' lang='lat' dir='ltr'>absque</span> <span class='ocrx_word' id='word_1_1019' title='bbox 2719 5765 2844 5829; x_wconf 67' lang='lat' dir='ltr'>i&#39;lis,</span> <span class='ocrx_word' id='word_1_1020' title='bbox 2884 5785 2901 5816; x_wconf 80' lang='grc' dir='ltr'>ι</span> <span class='ocrx_word' id='word_1_1021' title='bbox 2952 5770 3167 5823; x_wconf 70' lang='lat' dir='ltr'>divitias</span> <span class='ocrx_word' id='word_1_1022' title='bbox 3213 5772 3503 5825; x_wconf 71' lang='lat' dir='ltr'>contulisse</span> 
     </span>
    </p>
   </div>
   <div class='ocr_carea' id='block_1_125' title="bbox 1946 5832 2481 5899">
    <p class='ocr_par' dir='ltr' id='par_1_125' title="bbox 1946 5832 2481 5899">
     <span class='ocr_line' id='line_1_125' title="bbox 1946 5832 2481 5899; baseline -0.004 -15"><span class='ocrx_word' id='word_1_1023' title='bbox 1946 5832 2239 5899; x_wconf 76' lang='lat' dir='ltr'>sptt&#39;itualta</span> <span class='ocrx_word' id='word_1_1024' title='bbox 2269 5832 2427 5882; x_wconf 77' lang='lat' dir='ltr'>dona.</span> <span class='ocrx_word' id='word_1_1025' title='bbox 2464 5851 2481 5882; x_wconf 74' lang='grc' dir='ltr'>ι</span> 
     </span>
    </p>
   </div>
  </div>
