4212 6456
768 379 868 447 147

1914 365 1979 425 S.
2014 363 2322 425 EUSEDH
2369 359 2806 421 IIIERONYMI

3823 354 3931 417 143

730 519 833 561 tem
867 502 1102 559 lueredes
1133 501 1249 565 Dei,
1281 499 1585 555 colimredes
1616 505 1790 550 autem
1825 494 2025 548 Christi
2056 496 2100 548 si
2132 509 2276 548 com-
2305 500 2349 556 Α
2379 494 2588 548 cordari
2635 500 2811 545 autem
2858 504 2917 542 se
2970 486 3352 543 misericordia
3396 494 3453 540 et
3497 487 3756 539 virtutum
3796 484 3941 555 ejus,

726 595 1010 663 patiamur,
1046 601 1103 645 ut
1136 598 1189 645 et
1223 586 1614 657 conglorilicari
1650 586 1699 640 ei
1733 599 1797 640 ex
1839 583 2142 653 passionum
2188 596 2276 635 so-

725 687 921 741 cietate
956 698 1277 739 mereamur.

795 778 886 832 ‘3.
924 777 1119 832 Verum
1162 773 1287 842 quia
1327 783 1379 826 et
1414 770 1520 825 hoc
1544 770 1695 839 juxta
1732 769 1781 821 id
1830 769 1968 838 quod
2012 768 2278 837 potuimus

726 868 1043 921 edissertum
1092 874 1192 925 est,
1242 873 1601 930 proponamus
1653 857 1923 926 propheta:
1965 855 2276 926 capitulum,

726 958 968 1028 qumdam
1007 956 1070 1009 de
1102 954 1299 1022 Spiritu
1328 960 1510 1005 sancto
1542 945 1841 1007 continens,
1886 955 1942 997 ut
1971 960 2076 998 non
2110 942 2277 997 solum

726 1053 793 1105 ile
830 1049 995 1113 Novo,
1026 1061 1211 1100 verum
1240 1044 1399 1098 etiam
1444 1041 1507 1094 de
1539 1037 1711 1090 Veteri
1741 1035 2085 1091 Testamento
2122 1048 2281 1101 super

726 1144 840 1211 ejus
871 1141 973 1193 ﬁde
1022 1136 1403 1201 intellectuque
1446 1130 1759 1184 doceamur.
1790 1126 1920 1181 Nam
1950 1133 2003 1181 et
2034 1127 2281 1192 superius

727 1230 1002 1303 praelocuti
1036 1242 1248 1291 sumus,
1283 1226 1333 1278 in
1372 1220 1622 1277 omnibus
1655 1219 1877 1281 sanctis,
1908 1225 2013 1269 tam
2067 1216 2150 1271 bis
2190 1216 2279 1284 qui

727 1336 845 1393 post
882 1323 1163 1376 adventum
1200 1314 1407 1371 Domini
1448 1312 1617 1367 nostri
1650 1310 1879 1372 luerunt,
1924 1322 2081 1377 quam
2120 1307 2281 1361 etiam

729 1429 895 1477 retro,
921 1414 972 1465 in
1018 1408 1340 1477 patriarcbis
1372 1404 1618 1459 videlicet
1644 1411 1697 1455 et
1727 1400 2023 1469 prophetis,
2050 1398 2283 1467 Spiritus

728 1505 896 1559 sancti
928 1502 1151 1571 gratiam
1181 1499 1349 1552 fuisse
1381 1506 1663 1555 versatam,
1702 1504 1753 1545 et
1783 1506 1877 1545 eos
1904 1492 2127 1545 diversis
2156 1491 2286 1544 elia-

728 1596 1041 1650 rismatibus
1071 1592 1461 1655 virtutibusque
1491 1585 1804 1652 complesse.
1833 1581 2113 1649 Quomodo
2140 1582 2282 1635 enim

727 1686 887 1739 unius
913 1684 1003 1737 Dei
1030 1692 1081 1736 et
1111 1678 1377 1749 Unigeniti
1403 1677 1519 1745 ejus
1540 1677 1766 1745 gratiam
1795 1674 2144 1743 possidentes,
2178 1684 2282 1724 tam

729 1777 781 1829 lii
810 1776 1065 1844 quiante,
1092 1785 1249 1840 quam
1279 1768 1441 1822 etiam
1470 1767 1541 1819 illi
1567 1768 1655 1834 qui
1686 1773 1804 1834 post
1829 1764 2116 1817 adventum
2146 1763 2281 1830 ejus,

2379 583 2647 652 inquiunt,
2684 583 2745 636 in
2775 578 3025 634 omnibus
3057 592 3176 649 qua:
3206 575 3456 631 retribuit
3496 574 3610 637 eis,
3640 589 3746 628 non
3786 573 3941 643 juxta

2372 677 2635 746 justitiam
2662 690 2811 729 suam
2830 714 2846 738 ,
2876 671 2966 727 sed
2992 669 3145 739 juxta
3182 667 3605 725 misericordiam
3635 677 3690 723 et
3725 665 3947 722 bonita-

2381 778 2484 821 tem
2529 764 2666 833 ejus,
2708 763 2916 833 quiest
2965 760 3131 833 judex
3179 758 3355 814 domui
3393 757 3628 823 videnti,
3673 766 3728 810 et
3759 754 3946 809 sensui

2380 856 2579 913 mundo
2607 856 2770 911 corde
2795 853 3037 910 cernenti
3085 851 3367 907 Dominum
3400 850 3502 920 (4).
3536 848 3649 903 Hoc
3676 847 3949 917 siquidem

2380 964 2441 1002 ex
2489 946 2714 1001 Hebraeo
2754 958 3003 1001 sermone
3036 944 3089 997 in
3124 942 3301 1013 lingua
3335 949 3520 996 nostra
3560 941 3951 1007 interpretatur

2378 1038 2561 1103 lsrael,
2606 1038 2659 1092 id
2702 1044 2805 1104 est,
2839 1052 2982 1091 utens
3024 1035 3200 1090 videns
3231 1032 3394 1087 Deum
3446 1030 3545 1100 (5).
3599 1029 3753 1084 Licet
3799 1028 3948 1082 enim

2381 1138 2643 1184 tormenta
2668 1168 2683 1193 ,
2713 1137 2768 1183 et
2810 1127 3083 1183 cruciatus
3107 1123 3271 1195 judex
3322 1134 3704 1187 nonnunquam
3749 1116 3951 1171 inferat

2376 1222 2631 1290 judicium
2661 1218 3012 1278 merentibus,
3039 1226 3217 1270 tamen
3249 1214 3337 1283 qui
3364 1226 3555 1267 causas
3576 1224 3760 1264 rerum
3785 1207 3951 1261 altius

2382 1315 2639 1375 intuetur,
2662 1310 2849 1365 videns
2874 1308 3204 1379 propositum
3232 1304 3487 1360 bonitatis
3511 1302 3649 1372 ejus,
3676 1301 3768 1370 qui
3798 1300 3950 1367 cupit

2382 1402 2651 1471 corrigere
2696 1406 3028 1469 peccantem,
3070 1396 3269 1451 bonum
3314 1393 3462 1449 illum
3506 1392 3820 1455 confitetur,
3865 1388 3952 1442 di-

2382 1496 2547 1545 cens:
2574 1509 2593 1541 ι
2625 1490 2862 1544 lnferens
2888 1488 2985 1560 [αι.
3015 1485 3236 1557 inferas]
3266 1485 3421 1539 nobis
3447 1482 3596 1552 juxta
3630 1481 3951 1535 misericor-

2384 1584 2523 1638 diam
2560 1596 2731 1634 suam.
2772 1599 2792 1633 ι
2830 1578 2886 1635 Si
2935 1580 3079 1635 enim
3118 1576 3432 1645 iniquitates
3471 1588 3657 1629 eorum
3699 1585 3839 1640 quos
3871 1570 3956 1637 ju-

2384 1671 2524 1723 dicat
2553 1669 2795 1722 attendat
2820 1667 3096 1731 Dominus,
3127 1665 3248 1735 quis
3279 1663 3597 1719 sustinebit?
3624 1661 3798 1716 Porro
3826 1662 3957 1727 quia

2388 1758 2528 1827 apud
2565 1757 2849 1812 Dominum
2898 1756 3209 1825 propitiatio
3236 1762 3340 1817 est,
3393 1752 3652 1807 Dominus
3694 1749 3956 1803 videlicet

726 1866 946 1934 jnstitia:
988 1876 1211 1917 erexere
1252 1858 1500 1911 vexillum
1523 1894 1538 1919 ,
1584 1856 1827 1908 veritatis
1858 1861 1983 1906 sunt
2011 1851 2291 1905 scientiam
2322 1846 2365 1901 Β
2392 1861 2571 1905 noster
2610 1858 2770 1918 atque
2813 1848 3061 1904 Salvator
3090 1847 3255 1903 infert
3292 1847 3445 1900 nobis
3466 1844 3758 1899 secundum
3795 1843 3960 1896 mise-

728 1954 1041 2018 cousecuti;
1085 1954 1161 2005 sic
1196 1960 1248 2003 et
1285 1949 1517 2016 Spiritus
1561 1945 1732 1999 sancti
1767 1943 1993 2011 gratiam
2045 1941 2283 2009 posside-

730 2048 885 2110 bunt,
919 2043 1040 2111 quia
1076 2038 1480 2107 inseparabilem
1518 2051 1546 2088 a
1580 2034 1737 2087 l’atre
1764 2042 1816 2084 et
1836 2030 1975 2084 Filio
1998 2044 2137 2091 esse,
2167 2027 2288 2097 Spi-

731 2138 893 2187 ritum
927 2140 1169 2185 sanctum
1208 2128 1257 2181 in
1311 2126 1491 2179 multis
1537 2138 1697 2192 supra
1746 2121 1878 2175 locis
1931 2121 2283 2175 ostendimus.

731 2226 1001 2295 Scriptum
1030 2233 1113 2276 est
1143 2234 1271 2288 ergo
1303 2219 1353 2270 in
1379 2217 1635 2287 propheta
1673 2231 1686 2267 :
1721 2231 1737 2263 ι
1775 2212 2151 2266 Misericordiae
2181 2210 2286 2263 Do-

731 2315 861 2367 u.ini
909 2312 1218 2367 recordatus
1257 2317 1411 2365 sum,
1455 2314 1507 2357 et
1538 2303 1751 2356 virtutis
1802 2300 1917 2367 ejus
1948 2301 1999 2354 in
2044 2300 2291 2354 omnibus

731 2422 851 2472 qua:
898 2404 1141 2456 retribuit
1191 2398 1359 2453 nobis.
1407 2395 1661 2447 Domitius
1692 2393 1851 2468 jude!
1897 2392 2069 2451 boans
2112 2391 2288 2450 domui

735 2494 917 2566 lstacl,
948 2492 1185 2551 inferens
1216 2489 1369 2548 nobis
1394 2486 1541 2561 juxta
1585 2490 2012 2543 miscrieordtan't
2037 2500 2209 2546 suam,
2240 2492 2294 2537 et

734 2605 879 2660 jUXIa
933 2588 1327 2642 multitudinem
1357 2584 1574 2654 justitim
1620 2596 1747 2634 sum.
1795 2582 1856 2633 Et
1889 2580 2064 2633 dixit:
2115 2576 2295 2629 Nonne

738 2682 961 2752 populus
990 2696 1138 2733 incus
1171 2678 1260 2730 ﬁlii
1307 2687 1359 2729 et
1404 2692 1506 2728 non
1546 2674 2039 2742 praevarieabuutur
2091 2668 2190 2738 (5).
2232 2666 2296 2719 Et

737 2775 910 2826 factus
956 2780 1038 2823 est
1095 2768 1200 2821 illis
1250 2766 1303 2820 in
1354 2764 1583 2819 salutem
1641 2777 1704 2815 ex
1757 2760 1902 2813 omni
1958 2757 2297 2811 tribulatione

738 2879 920 2917 eorum
944 2878 959 2926 ;
984 2876 1088 2913 non
1122 2859 1347 2928 legatus,
1390 2869 1562 2923 neque
1597 2852 1837 2921 angelus,
1868 2852 1958 2905 sed
1988 2851 2102 2919 ipse
2131 2848 2297 2901 salva-

740 2956 818 3007 \it
841 2968 953 3016 eos,
982 2966 1044 3003 eo
1076 2951 1214 3017 quod
1243 2946 1489 3000 dilexerit
1512 2960 1621 3001 eos.
1653 2953 1706 2995 et
1734 2942 2031 3011 pepercerit
2056 2941 2152 2993 eis.
2182 2938 2300 3007 Ipse

740 3032 968 3087 redemit
989 3048 1107 3097 eos,
1143 3030 1516 3099 etsusceperit
1541 3043 1657 3088 eos,
1686 3038 1741 3081 et
1758 3026 2012 3081 exultavit
2038 3040 2132 3080 eos
2162 3022 2312 3092 15!

742 3126 797 3180 in
823 3124 1078 3180 omnibus
1108 3121 1300 3179 diebus
1317 3121 1519 3176 satculi.
1542 3119 1581 3186 1,
1604 3118 1649 3172 si
1671 3132 1799 3171 vero
1819 3134 1922 3170 non
1945 3117 2316 3169 rrediiterunt.

2387 1941 2669 1996 ricordiam
2702 1956 2875 2007 suam,
2901 1940 3079 1995 omnia
3114 1951 3231 2007 qua
3262 1952 3359 1991 nos
3385 1936 3688 2005 proveliant
3717 1933 3784 1986 ad
3816 1933 3960 1986 salu-

2388 2044 2512 2087 tem.
2563 2034 2804 2088 Inferens
2836 2044 3048 2101 quoque
3085 2029 3241 2099 juxta
3291 2027 3715 2081 misericordiam
3756 2038 3916 2078 suam
3939 2063 3954 2085 ,

2387 2136 2438 2179 et
2467 2126 2564 2179 hoc
2598 2125 2804 2179 faciens
2840 2122 3115 2190 injudicio
3152 2121 3249 2190 (6),
3277 2134 3397 2174 cum
3423 2118 3629 2187 justitia
3661 2116 3820 2170 nobis
3856 2118 3958 2167 tri-

2391 2216 2538 2279 buit,
2569 2230 2688 2283 quae
2730 2213 2960 2268 admista
3008 2210 3393 2266 misericordia:
3431 2207 3673 2262 bonitate
3723 2206 3961 2273 largitus

2388 2317 2489 2358 CSI.

2442 2393 2599 2464 152
2632 2391 2719 2445 45.
2750 2387 3074 2459 Arguendus
3104 2396 3192 2443 est
3212 2400 3279 2442 ex
3316 2383 3569 2456 praesenti
3599 2384 3839 2453 capitulo
3873 2387 3959 2456 (7)

2371 2485 2751 2540 haereticorum
2773 2496 2948 2547 error,
2971 2481 3061 2549 qui
3082 2479 3382 2535 bonitatem
3407 2493 3435 2531 a
3452 2478 3661 2546 justitia
3683 2492 3959 2546 separan-

2367 2585 2469 2635 tes,
2488 2573 2649 2627 alium
2664 2572 2836 2626 Deum
2851 2572 3076 2635 bonum,
3096 2570 3260 2624 alium
3275 2569 3482 2638 justum
3499 2567 3791 2622 ﬁnxerunt.
3816 2569 3964 2626 Ecce

2391 2669 2534 2723 enim
2571 2669 2623 2722 in
2662 2664 3065 2737 praesentiarum
3110 2660 3226 2730 ipse
3259 2667 3341 2712 est
3372 2659 3536 2723 Deus,
3581 2663 3636 2709 et
3677 2657 3876 2718 bonus,
3908 2659 3969 2706 et

2390 2760 2573 2825 julex,
2610 2767 2664 2813 et
2713 2756 2865 2826 juxta
2913 2751 3340 2807 misericordiam
3395 2763 3547 2804 suam
3582 2746 3969 2816 justitiamque

2396 2852 2701 2910 restituens,
2748 2858 2804 2900 et
2847 2845 3048 2915 pariter
3098 2844 3269 2897 bonus
3316 2840 3604 2909 jusmsque
3633 2837 3967 2891 subsistens.

2398 2940 2616 2993 Frustra
2666 2935 2827 3005 igitur
2866 2934 3109 3000 iniquum
3151 2930 3343 2997 dogma
3385 2927 3721 2991 simulantes,
3761 2926 3969 2977 bonum

2398 3030 2561 3083 Demn
2592 3023 2887 3093 Evangelii,
2919 3034 2974 3077 et
3004 3021 3213 3076 Veteris
3250 3017 3582 3073 Testamenti
3608 3017 3814 3083 justum
3847 3028 3975 3068 esse

2397 3117 2691 3174 defendunt
2712 3115 2808 3185 (8i,
2834 3114 2958 3182 quia
2985 3121 3039 3167 et
3068 3112 3120 3165 in
3148 3110 3392 3180 plurimis
3412 3108 3535 3162 aliis
3559 3107 3709 3171 locis,
3737 3117 3793 3159 et
3822 3119 3974 3158 nunc

742 3229 798 3271 et
830 3216 1183 3269 irritavcrunt
1206 3212 1472 3281 Spiritum
1497 3219 1746 3265 sanctum
1764 3208 1911 3271 eius;
1949 3216 2003 3262 et
2032 3215 2360 3273 «conversusc
2394 3210 2445 3262 iu
2499 3208 2771 3275 prophetat
2827 3216 3106 3267 sermone,
3170 3201 3372 3269 ijutlex
3430 3199 3600 3252 bonus
3626 3215 3646 3248 ι
3710 3196 3978 3250 Scribit"?

741 3316 826 3358 est
850 3304 930 3359 eis
956 3306 1019 3357 ad
1050 3301 1405 3357 inimicitiam.
1438 3298 1555 3366 Ipse
1588 3295 1884 3351 debellavit
1913 3306 2011 3348 eos
2035 3301 2087 3345 et
2120 3307 2301 3345 recor-

744 3397 901 3468 datus
937 3402 1020 3445 est
1062 3391 1269 3445 dierum
1302 3387 1667 3455 antiquorum.
1703 3384 1805 3448 Qui
1841 3382 2024 3435 eduxit
2066 3382 2131 3435 de
2162 3390 2301 3433 terra

748 3492 1013 3549 pistorem
1052 3480 1254 3542 ovium,
1296 3477 1386 3547 qui
1429 3476 1604 3543 posuit
1640 3474 1691 3526 in
1742 3474 1821 3526 eis
1866 3470 2120 3537 Spiritum
2174 3485 2305 3523 san-

743 3586 916 3635 etum,
946 3583 1278 3639 congregans
1305 3569 1520 3621 dextera
1555 3564 1765 3633 Moysen
1800 3562 1865 3612 ".
1900 3580 1918 3612 ι

819 3660 908 3713 ιι.
951 3658 1053 3724 Qui
1104 3658 1415 3724 frequenter
1468 3654 1557 3706 Dei
1614 3651 1789 3717 adepti
1848 3659 1973 3702 sunt
2014 3647 2305 3711 beneficia,

751 3751 986 3802 scientes
1018 3748 1185 3815 gratia
1224 3746 1411 3814 magis,
1448 3752 1501 3796 et
1540 3740 1904 3795 misericordia
1950 3739 2100 3804 ejus,
2150 3753 2306 3805 quam

754 3839 987 3908 propriis
1014 3848 1078 3891 ex
1104 3851 1161 3891 se
1194 3834 1359 3889 fuisse
1385 3835 1634 3902 Operibus
1661 3839 1996 3888 consecutos,
2028 3830 2179 3895 quasi
2206 3846 2309 3881 uno

755 3945 944 3986 uinnes
966 3942 1249 3989 consensu,
1287 3933 1339 3977 et
1373 3925 1551 3976 animo
1577 3921 1964 3973 concordantes
1999 3919 2307 3986 loquuntur,

758 4043 779 4075 ι
830 4019 1207 4075 Misericordiae
1260 4013 1469 4068 Domini
1529 4010 1842 4065 recordatus
1895 4022 2031 4062 sum.
2077 4026 2095 4060 ι
2153 4009 2310 4075 Cogi-

756 4122 935 4164 tautes
966 4109 1108 4161 enim
1136 4119 1252 4173 qua:
1300 4103 1366 4156 ab
1404 4117 1467 4155 eo
1510 4100 1818 4167 frequenter
1864 4097 1916 4149 in
1953 4095 2137 4166 Moyse
2176 4098 2313 4151 dona

757 4201 1112 4268 susceperint,
1147 4196 1346 4265 gratias
1377 4193 1650 4253 referunt,
1685 4197 1738 4240 et
1772 4202 1890 4238 cum
1924 4188 2310 4253 misericordia,

759 4305 921 4345 etiam
972 4289 1225 4340 virtutum
1273 4280 1483 4336 Domini
1522 4278 1902 4341 recordautur,
1943 4280 2055 4330 sive
2102 4276 2318 4330 mirabi-

759 4381 914 4442 lmm,
949 4390 1069 4445 quin
1098 4376 1286 4427 crebro
1314 4386 1410 4438 pro
1451 4368 1529 4421 eis
1554 4363 1680 4419 fecit
1710 4363 1762 4417 iu
1792 4363 2020 4431 populis,
2056 4364 2168 4417 sive
2195 4379 2321 4433 pro-

761 4480 995 4523 lectuum
1023 4467 1214 4519 animae
1236 4504 1252 4527 ,
1287 4461 1479 4530 quibus
1508 4472 1601 4525 per
1631 4456 1819 4524 legem,
1854 4464 1907 4507 et
1933 4457 2239 4524 prophetas,
2267 4472 2320 4513 et

2405 3298 2561 3360 Deus,
2598 3306 2652 3349 et
2682 3309 2713 3349 e
2740 3293 3015 3347 contrario
3040 3292 3181 3359 quod
3224 3290 3434 3355 nolunt,
3467 3290 3520 3341 in
3552 3287 3700 3341 Pauli
3735 3286 3976 3355 apostoli

2403 3384 2632 3450 Epistola
2662 3382 2773 3453 (qui
2808 3390 2957 3434 certe
2983 3378 3117 3433 Novi
3145 3376 3475 3432 Testamenti
3516 3374 3838 3442 praedicator
3867 3381 3977 3438 est)

2405 3477 2541 3528 Deus
2577 3474 2753 3541 justus
2802 3472 2965 3539 judcx
3010 3468 3263 3524 refertur.
3320 3465 3613 3535 «Reposita
3642 3473 3726 3519 est
3763 3464 3922 3527 milii,
3951 3481 3972 3514 ι

2406 3567 2595 3634 inquit,
2623 3583 2643 3616 ε
2663 3578 2859 3618 corona
2880 3564 3120 3632 justitia‘,
3145 3575 3306 3630 quam
3333 3560 3520 3613 reddet
3549 3557 3677 3611 mibi
3710 3554 3981 3610 Dominus

2407 3657 2458 3711 in
2496 3656 2581 3709 illa
2613 3656 2699 3711 die
2721 3654 2898 3722 justus
2932 3654 3087 3724 jndex
3120 3653 3188 3706 ⁸⁵.
3218 3671 3238 3704 ι
3259 3652 3402 3707 Idem
3431 3660 3514 3705 est
3540 3664 3688 3719 ergo,
3721 3647 3847 3701 licet
3880 3662 3983 3699 no-

2407 3746 2676 3807 lint,l\'ovi
2716 3754 2768 3798 ct
2801 3744 3010 3799 Veteris
3040 3744 3370 3798 Testamenti
3405 3742 3568 3804 Deus,
3601 3741 3896 3793 visibilium
3926 3751 3985 3791 et

2410 3836 2752 3887 invisibilium
2782 3834 3047 3895 coudztor,
3083 3833 3362 3887 Salvatore
3397 3834 3557 3885 etiam
3590 3831 3643 3885 itt
3682 3830 3983 3897 Evangelia

2405 3925 2608 3993 justum
2644 3933 2697 3977 et
2732 3924 2928 3976 bonum
2963 3924 3177 3978 Patrem
3216 3923 3421 3991 liquido
3450 3930 3741 3974 attestante
3772 3936 3786 3973 :
3825 3938 3845 3971 ι
3874 3919 3985 3973 Pa-

2412 4025 2492 4067 ter
2533 4016 2692 4083 juste.
2735 4014 2962 4067 mundus
3018 4024 3069 4068 te
3113 4028 3215 4067 non
3272 4011 3602 4080 cognovit“.
3630 4029 3649 4062 ι
3689 4009 3754 4064 Et
3788 4011 3841 4062 in
3879 4010 3990 4062 alio

2416 4107 2529 4157 loco
2561 4122 2575 4157 :
2616 4124 2632 4155 ι
2655 4105 2819 4158 Nemo
2847 4105 3039 4169 bonus,
3077 4104 3176 4158 nisi
3208 4119 3345 4157 unus
3372 4102 3514 4157 Deus
3533 4102 3602 4155 ⁸⁷.
3635 4120 3655 4154 ι
3688 4101 3792 4155 Sed
3841 4111 3898 4155 et
3931 4104 3988 4154 in

2414 4196 2581 4248 veteri
2622 4195 2734 4266 lege
2788 4195 2913 4248 alibi
2954 4195 3153 4264 justus,
3200 4194 3326 4248 alibi
3374 4195 3547 4247 bonus
3580 4192 3780 4246 dicitur
3809 4192 3985 4245 Deus.

2417 4285 2469 4338 In
2505 4286 2750 4346 Psalmis,
2798 4284 3021 4339 dustus
3069 4286 3388 4345 Dominus,»
3442 4284 3639 4352 inquit,
3682 4292 3779 4336 «et
3827 4282 3993 4348 ju5ti-

2420 4376 2519 4428 tias
2546 4376 2807 4428 dilexit“.
2842 4394 2860 4426 ι
2898 4376 2960 4428 Et
2987 4389 3017 4429 e
3061 4377 3336 4429 contrario
3370 4374 3422 4426 in
3462 4372 3715 4434 Jeremia,
3758 4390 3777 4423 ι
3805 4372 3993 4428 Bonus

2421 4462 2675 4516 Dominus
2705 4465 2789 4518 his
2820 4466 2907 4532 qui
2936 4465 3199 4517 sustinent
3230 4477 3349 4516 eum
3374 4462 3440 4512 θ’.
3464 4480 3483 4513 ι
3519 4461 3726 4514 Rursus
3753 4462 3803 4514 in
3838 4461 3992 4514 Psal-

762 4566 1030 4627 ιηέεεθνιει
1075 4554 1191 4623 eius
1235 4548 1473 4604 salubria
1525 4544 1719 4599 αιύάίίί
1769 4550 1910 4596 sum.
1949 4543 2223 4612 Siquidem
2268 4550 2317 4601 in
2354 4532 2394 4585 θ
2428 4554 2525 4605 mis
2555 4570 2566 4604 :
2600 4570 2617 4601 ι
2643 4554 2811 4619 Quam
2845 4557 3014 4607 bonus
3048 4553 3188 4606 Deus
3233 4551 3416 4613 Israel,
3448 4552 3531 4605 bis
3559 4553 3649 4619 qni
3682 4566 3831 4605 recto
3865 4564 3996 4604 sunt

769 4647 1067 4715 Scripturis
1103 4657 1292 4698 nomen
1334 4638 1546 4692 virtutis
1577 4646 1862 4700 utrumque
1897 4634 2180 4701 significat.
2214 4638 2318 4691 lle.

838 4762 884 4794 “
916 4760 1017 4813 lsa.
1056 4772 1211 4817 Lxut,
1248 4754 1398 4806 7-12.
1493 4750 1536 4781 ⁸⁸
1566 4747 1605 4800 ΙΙ
1644 4746 1782 4801 Τίιη.
1816 4762 1884 4812 IV.
1917 4748 1971 4801 8-

772 4850 854 4897 m,
883 4829 974 4883 25.
1047 4828 1091 4857 ’⁸
1128 4824 1263 4878 Psal.
1305 4835 1470 4881 Lxxtt,
1516 4820 1566 4870 1.

844 4942 922 5012 (3)
966 4940 1078 5012 Erit
1114 4931 1550 5012 operaznpretium
1582 4930 1840 5012 insignem
1883 4928 2328 5012 istttmdsai‘z‘ello-

776 4997 917 5066 cuin,
937 4997 1173 5062 recolere
1202 5006 1267 5057 ad
1290 4997 1531 5055 Grazcuut
1565 4999 1855 5066 exemplar,
1887 5000 1949 5050 ad
1980 4997 2135 5064 eujns
2167 4998 2323 5049 fidem

780 5065 1029 5133 nonnulla
1064 5072 1478 5128 emendavimus.
1521 5067 1625 5119 Pro
1654 5085 1671 5115 ι
1709 5065 1893 5119 Nonne
1920 5067 2144 5132 pupulus
2178 5081 2327 5118 tuens

782 5148 912 5202 ﬁlii?
962 5165 978 5197 ι
1029 5155 1143 5197 erat
1186 5139 1407 5209 negandi
1450 5150 1626 5209 sensu.
1684 5133 1867 5209 (“Npll
1911 5135 2131 5209 populus
2181 5149 2328 5209 meus

783 5218 899 5281 tilii,
949 5235 966 5265 ι
998 5224 1178 5266 contra
1198 5202 1341 5281 mss.
1372 5206 1586 5281 [legium
1612 5213 1665 5255 et
1698 5202 1936 5256 Vaticani
1967 5205 2147 5256 fidem.
2178 5203 2327 5255 Grae-

785 5274 1120 5351 cusquoque
1145 5274 1449 5351 O'Lxdho';
1479 5288 1598 5340 μου,
1628 5284 1735 5325 etc.

855 5338 939 5423 (θ’
977 5338 1138 5403 vetus
1195 5338 1378 5406 editio,
1436 5338 1567 5392 cet
1623 5356 1780 5407 sensu
1833 5339 2029 5393 mundo
2085 5338 2325 5391 cernenti

851 5440 895 5474 ξι
964 5462 975 5473 .

790 5426 952 5556 l“(‘5‘)”
973 5439 1168 5540 \‘i'tiose
1198 5492 1249 5536 et
1277 5490 1457 5535 contra
1492 5492 1619 5556 mss:
1658 5478 1997 5556 li_.lein.autea
2024 5485 2139 5556 erat
2178 5492 2196 5523 ι
2227 5475 2326 5525 Do-

791 5544 1009 5610 titiitun't.
1051 5574 1067 5605 ι
1100 5555 1219 5607 Haec
1243 5566 1400 5620 porro
1423 5549 1651 5620 nominis
1676 5544 1832 5620 lsraei
1861 5546 2198 5620 etymologia,
2218 5560 2330 5620 mae

790 5625 909 5687 νοῦς
936 5625 1074 5692 ὁρῶν
1105 5612 1262 5683 Θεόνξ
1298 5618 1497 5692 Gracis
1522 5615 1803 5692 .przeripue
1832 5612 2329 5692 al‘l'tait,’i‘)lytilplp-

792 5685 921 5746 «toto
970 5685 1032 5745 'in
1096 5706 1211 5755 cap.
1266 5706 1279 5741 ι
1335 5685 1689 5755 Ecclesiastx,

2046 4750 2091 4781 ⁸⁸
2128 4750 2277 4805 Joan.
2314 4770 2445 4819 xvii,
2484 4757 2568 4809 ll.

1764 5682 1979 5734 Leontio
2037 5680 2109 5729 De
2161 5682 2333 5737 sectis,

796 5760 1097 5830 Theophani
1124 5749 1376 5810 (gemmeo
1406 5754 1644 5818 aliisque.
1684 5749 1721 5802 Ε
1755 5749 1954 5802 Latinis
2000 5749 2140 5816 apud
2172 5751 2333 5815 Opta-

2426 4644 2584 4695 corde
2607 4643 2672 4693 “.
2701 4661 2718 4693 ι
2760 4644 2823 4695 Et
2855 4644 2964 4695 bzce
2994 4643 3205 4711 quidem
3231 4656 3261 4695 e
3292 4642 3461 4694 latere
3488 4652 3677 4694 contra
3704 4642 3996 4696 bazreticos

2643 4755 2877 4808 "Marc.
2915 4756 3059 4821 x,l8.
3136 4757 3181 4788 ⁸⁸
3217 4756 3355 4809 Psal.
3424 4769 3475 4818 Χ,
3539 4755 3592 4806 8.
3688 4755 3732 4786 ε’
3781 4753 3993 4810 Tlttett.

2425 4940 2533 4983 tum
2564 4931 2922 4986 Milevitanum
2970 4933 3212 4986 invenias
3255 4934 3349 4986 lib.
3381 4949 3440 4997 tt,
3477 4936 3528 4988 in
3564 4935 3689 5002 line,
3712 4947 3763 4991 et
3799 4936 3997 4995 Hiero-

2437 5015 2649 5067 nymum
2693 5017 2904 5069 quoque
2946 5017 3011 5054 ex
3042 5002 3266 5055 aliorum
3316 5018 3496 5056 sensu.
3546 5005 3646 5069 Qui
3692 5018 3870 5059 autem
3927 5027 3995 5063 ex

2425 5103 2655 5171 eanvoc‘e
2684 5076 2873 5171 Ssx-iw?
2898 5092 3129 5171 extundi
3152 5093 3363 5170 possit,
3399 5092 3524 5171 alibi
3559 5094 3810 5147 diximus.

2497 5158 2572 5225 (li)
2616 5159 2788 5211 Verba
2818 5168 2911 5231 «εί
2937 5162 3037 5231 boc
3063 5160 3264 5231 faciens
3285 5178 3302 5211 ι
3330 5162 3380 5212 in
3410 5161 3626 5231 Regina;
3652 5179 3754 5217 ms.
3782 5180 3997 5231 expun-

2424 5238 2621 5304 guutur
2650 5244 2663 5279 :
2694 5244 2813 5279 uiox
2839 5226 3038 5304 _Vatic.,
3090 5246 3107 5276 ι
3136 5230 3289 5304 nobis
3338 5226 3545 5289 tribuit.
3576 5234 3700 5299 quia
3732 5248 3793 5286 ea
3832 5226 3995 5301 juxta

2425 5298 2804 5375 llllle‘l'lsgl‘dlél:
2840 5298 3129 5375 bonitatem
3152 5299 3377 5365 largitus
3402 5309 3503 5349 est.
3551 5318 3566 5348 ι

2494 5363 2570 5428 (7)
2610 5362 2747 5415 Hinc
2777 5365 2997 5435 tertium,
3017 5364 3209 5435 librum
3245 5362 3595 5432 auspicantur
3620 5369 3856 5422 editores
3879 5371 3998 5435 alii,

2422 5446 2521 5493 qua
2570 5436 2632 5484 de
2677 5448 2731 5484 re
2772 5446 2927 5497 supra
2968 5433 3200 5485 diximus
3248 5436 3299 5487 in
3336 5442 3549 5499 prmtixa
3586 5433 3998 5495 Alntamitione.

2426 5504 2697 5578 Alisonem
2726 5516 2851 5579 vero
2882 5510 2963 5552 est
2988 5503 3241 5578 maxime,
3269 5504 3408 5571 quod
3435 5521 3464 5554 a
3508 5506 3679 5557 media
3710 5505 3861 5560 lsaia:
3894 5509 4000 5563 luci

2431 5572 2767 5633 espesitione
2798 5571 3116 5635 inceperim.

2499 5638 2825 5715 (siniteginae
2850 5639 3001 5713 liber.
3032 5654 3048 5686 ι
3078 5638 3273 5689 bonum
3298 5638 3367 5715 de
3390 5638 3703 5715 Evangelia.
3728 5650 3782 5697 et
3817 5644 3881 5701 de
3907 5655 4006 5699 ve-

2433 5703 2525 5755 teri
2575 5706 2913 5758 Testamento
2934 5703 3137 5772 justum
3179 5722 3297 5759 esse
3338 5703 3650 5762 defendunt.
3684 5727 3707 5761 ξ.
