4212 6458
253 402 353 470 149
932 405 1412 466 TRANSLATIO
1458 405 1671 465 LIBRI
1712 408 1981 468 DlDYMl
2023 408 2119 467 DE
2151 408 2467 469 SPIRITU
2495 410 2809 472 SANCTO.
3387 415 3486 479 1.50

253 535 486 589 strictim
518 535 667 590 dicta
700 544 850 590 sunt.
879 535 1114 606 Tempus
1138 546 1317 590 autem
1364 545 1467 599 est,
1500 547 1557 589 ut
1583 538 1826 604 proposi—
1854 543 1897 596 Α
1930 536 2442 591 consummationem
2484 536 2659 589 satculi
2711 539 2873 591 vitam
2914 538 2988 593 eis
3042 538 3296 602 tribuens,
3332 540 3476 593 saltt-

258 637 364 680 tum
411 627 701 694 propheta
740 627 983 680 ordinem
1020 641 1427 695 prosequamur,
1467 626 1557 694 qui
1591 626 1660 679 ita
1697 642 1825 679 con-
1932 628 2101 695 lisque
2132 638 2317 681 auctor
2346 629 2634 682 exsistens.
2668 626 2923 684 Omnibus
2952 642 3125 683 autem
3156 630 3342 684 diebus
3371 646 3476 683 sae-

255 718 451 770 texitur
481 735 497 770 :
536 734 559 768 ι
583 726 642 769 et
686 716 842 782 dixit,
864 736 883 765 ι
928 716 1064 770 haud
1098 716 1315 770 dubium
1350 716 1476 784 quin
1523 718 1777 771 Dominus
1810 736 1822 770 :
1929 720 2032 773 culi
2065 718 2367 772 illuminans
2393 720 2553 773 corda
2596 734 2803 783 eorum,
2835 735 2935 779 non
2965 722 3091 774 sinit
3113 737 3204 774 eos
3231 723 3282 775 in
3325 733 3477 775 tene-

258 824 278 858 ι
308 808 501 862 Nonne
519 808 753 877 populus
774 807 1057 872 meuslilii,
1078 824 1177 861 nec
1201 808 1690 876 pmvaricabuntur
1710 809 1750 841 ⁹¹
1770 808 1821 861 ?i
1928 808 2039 862 bris
2071 808 2407 876 ignorantiae,
2441 819 2492 861 et
2520 824 2703 863 errore
2737 810 2959 863 versari.
2984 809 3047 862 Et
3078 810 3174 862 hoc
3204 824 3327 877 puto
3358 827 3476 865 esse

254 899 365 953 Noii
402 910 595 962 erant,
640 900 835 968 inquit,
870 898 1074 953 similes
1106 900 1190 953 his
1225 898 1313 966 qui
1360 899 1594 967 generati
1625 909 1828 953 suntet
1929 899 2067 969 quod
2101 900 2359 970 scriptum
2400 910 2503 965 est,
2560 902 2652 954 «in
2703 901 2951 955 onmihus
2989 902 3173 955 diebus
3198 921 3214 952 ι
3253 904 3472 956 exaltari

252 988 497 1053 exaltati,
557 996 614 1042 et
656 1003 781 1041 eum
825 988 913 1055 qui
962 990 1145 1057 genuit
1193 988 1333 1051 illos,
1380 989 1689 1054 despexere.
1724 987 1829 1041 «Et
1926 1006 2041 1044 eos.

255 1078 427 1132 factus
456 1088 547 1131 est
583 1077 664 1130 eis
695 1076 747 1129 in
782 1078 1005 1130 salutem
1028 1077 1096 1140 η,
1138 1094 1155 1126 ι
1181 1076 1232 1130 id
1270 1086 1353 1130 est
1384 1075 1488 1129 illis
1527 1075 1592 1128 de
1638 1075 1828 1143 quibus
1985 1073 2143 1147 155.
2160 1074 2405 1140 i7.Quia
2423 1088 2553 1131 vero
2573 1076 2874 1144 mutabiles,
2897 1090 2947 1133 et
2968 1079 3031 1134 ad
3056 1079 3179 1135 vitia
3200 1080 3488 1149 spontela-

253 1171 520 1223 Dominus
573 1168 687 1220 ait:
722 1165 952 1221 «Nonne
998 1165 1225 1235 populus
1275 1180 1425 1220 meus
1472 1165 1587 1229 lilii,
1636 1175 1829 1220 etnon
1915 1166 2135 1235 bentcs,
2154 1176 2280 1239 post
2301 1176 2449 1223 tanta
2472 1167 2731 1222 beneﬁcia
2754 1169 2859 1223 Deo
2883 1171 3096 1227 fuerunt
3122 1173 3484 1235 incre:luli,et

254 1258 798 1327 pmraricabuntur?
822 1278 839 1310 ι
879 1257 989 1312 Hoc
1024 1258 1167 1310 enim
1197 1257 1367 1325 ipsum
1393 1257 1533 1325 quod
1556 1272 1659 1309 non
1692 1270 1828 1323 prae-
1931 1272 2193 1332 praecepta
2238 1263 2378 1318 illius
2422 1261 2773 1330 reliquerunt,
2802 1269 2855 1316 et
2880 1263 3334 1316 exacerbaverunt
3367 1260 3481 1330 Spi-

257 1349 483 1399 Vaiicati
546 1358 696 1411 sunt,
748 1362 843 1401 nec
893 1357 1212 1415 Spreveruut
1247 1346 1487 1408 Patrem,
1535 1346 1614 1401 eis
1659 1348 1830 1399 lactus
1933 1356 2090 1407 ritum
2140 1362 2376 1407 sanctum
2403 1350 2518 1415 Dei,
2552 1352 2640 1420 qui
2672 1352 2747 1405 eis
2782 1352 2943 1405 multa
2969 1352 3101 1405 bona
3130 1353 3352 1420 largitus
3376 1363 3477 1412 ett,

256 1451 334 1489 e~t
366 1441 419 1488 in
451 1436 693 1490 salutem
728 1454 740 1488 :
777 1436 852 1487 vel
890 1438 956 1488 ob
998 1435 1224 1502 idipsum
1260 1436 1399 1503 quod
1431 1434 1677 1503 appellati
1708 1442 1833 1488 sunt
1935 1447 1985 1498 in
2035 1454 2307 1511 peccatum
2360 1443 2534 1496 simile
2584 1452 2920 1505 corruerunt,
2958 1444 3038 1496 his
3076 1445 3163 1509 qui
3200 1455 3477 1509 postquam

262 1529 373 1590 ίῖῗὶίν
428 1542 601 1581 causa
657 1527 737 1579 είδ
785 1525 972 1579 είιῘυιῘε
1014 1525 1235 1580 emimus
1290 1535 1389 1580 05L
1443 1526 1570 1590 Qua:
1614 1526 1758 1579 58105
1803 1539 1831 1577 3
1934 1534 2095 1603 geniti
2129 1544 2270 1596 sunt,
2306 1544 2359 1587 et
2407 1534 2647 1597 exaltati,
2694 1544 3011 1600 Spreverunt
3055 1533 3264 1586 Patrem
3305 1551 3479 1585 suum.

258 1620 477 1670 Christo
511 1618 743 1668 υοιιιίιιο
786 1615 1111 1679 conifime
1161 1615 1332 1679 ﬁnge“
1382 1630 1590 1684 quoque
1623 1616 1687 1667 ad
1737 1629 1832 1683 Pa'
1936 1621 2028 1675 Vel
2058 1630 2201 1675 certe
2235 1637 2373 1676 nunc
2415 1624 2512 1691 ipsi
2552 1624 2951 1685 describuntur,
2998 1624 3085 1690 qui
3134 1635 3182 1676 et
3216 1634 3335 1675 ante
3389 1625 3484 1673 dc-

262 1720 437 1761 szores
494 1721 633 1759 voce
679 1709 956 1767 lirmalur,
998 1706 1220 1759 dicentis
1254 1724 1265 1759 :
1307 1724 1324 1756 t
1352 1706 1486 1760 Ecce
1529 1706 1834 1773 evangelizo

264 1798 413 1848 mltis
456 1797 721 1863 gaudium
768 1810 1046 1863 magnum,
1092 1797 1232 1864 quod
1274 1798 1377 1849 erit
1424 1798 1567 1849 omni
1612 1796 1832 1865 populo;

1934 1710 2117 1779 scripti
2149 1720 2292 1773 sunt,
2325 1712 2584 1779 siquidem
2627 1723 2683 1767 et
2720 1713 2790 1765 ibi
2839 1724 2955 1780 post
2985 1725 3258 1781 peccatum
3288 1714 3486 1765 dicitur

1937 1804 1999 1856 ad
2029 1818 2121 1857 eos
2148 1820 2161 1855 :
2193 1820 2211 1853 ι
2240 1802 2603 1871 Dcreliquistis
2635 1804 2939 1868 Dominum,
2987 1812 3040 1857 et
3062 1804 3126 1855 ad
3156 1805 3481 1856 iracundiam

259 1874 383 1941 (Ιίίει
409 1862 587 1931 nilus
607 1884 691 1929 est
714 1862 879 1944 1537
901 1876 1056 1934 vobis
1085 1862 1161 1948 (9)
1192 1880 1353 1934 hodie
1369 1862 1638 1945 Salvator,
1664 1862 1757 1947 qui
1776 1862 1908 1931 est8

1818 1862 1908 1931 διδ
1938 1893 2246 1947 concitastis
2296 1892 2548 1947 Sanctum
2603 1892 2782 1956 lsrael,
2821 1912 2839 1944 ι
2870 1903 2922 1947 et
2962 1909 3124 1958 nunc,
3163 1894 3298 1959 quod
3344 1913 3359 1942 ι
3386 1895 3481 1959 ipsi

264 1973 516 2029 Christus
554 1973 837 2040 Dominus,
878 1975 930 2027 in
958 1974 1171 2027 civitate
1196 1976 1357 2026 David
1382 1976 1477 2025 ".t
1519 1976 1634 2041 lpse
1668 1976 1838 2027 laetus

265 2066 614 2125 estcunctis,
672 2065 765 2134 qui
815 2064 867 2116 in
919 2080 1040 2137 eunt
1090 2052 1335 2126 crodunt,
1388 2068 1601 2120 occasio
1648 2066 1839 2121 salutis

264 2162 507 2215 nierum,
544 2162 601 2207 et
632 2157 745 2224 ipse
774 2164 859 2210 est
896 2155 1140 2209 Salvator
1169 2158 1371 2219 mundi,
1405 2160 1490 2226 qui
1524 2159 1666 2210 venit
1693 2173 1838 2227 qua:-

266 2258 384 2297 rere
418 2245 566 2311 quod
600 2248 854 2312 perierat.
892 2247 955 2299 Et
993 2248 1101 2313 ipse
1128 2258 1228 2309 ρει,
1264 2248 1329 2298 de
1364 2263 1467 2312 quo
1490 2249 1686 2301 chorus
1711 2262 1835 2299 san-

264 2346 477 2384 ciorum
516 2335 667 2385 canit
692 2333 735 2363 ’³
766 2350 781 2387 :
812 2351 829 2383 ι
860 2334 996 2386 Deus
1031 2344 1233 2398 noster,
1256 2336 1389 2387 Dens
1413 2336 1649 2390 salt-anili
1670 2336 1791 2405 (l0),
1813 2355 1831 2385 ι

334 2423 425 2474 46.
472 2424 613 2487 Quia
659 2423 822 2491 igitur
856 2423 993 2476 Deus
1023 2432 1161 2484 erat.
1189 2425 1276 2492 qui
1313 2424 1539 2477 salutent
1572 2425 1838 2492 praebebat

263 2525 552 2573 agternam,
586 2515 785 2567 dictqu
814 2525 915 2578 est,
941 2532 958 2563 ι
989 2511 1103 2567 Non
1131 2516 1353 2583 legatus,
1373 2530 1544 2583 neque
1563 2515 1795 2581 angelus,
1814 2535 1831 2566 ι

268 2605 315 2655 id
351 2616 434 2656 est
470 2620 580 2655 non
617 2605 898 2673 propheta,
928 2620 1031 2657 non
1068 2607 1389 2673 patriarcha,
1430 2623 1533 2659 non
1570 2607 1839 2674 legislator

267 2695 479 2764 Moyses
522 2695 758 2747 salvavit
787 2709 900 2747 eos.
934 2696 1130 2749 Omnes
1178 2698 1320 2749 enim
1366 2710 1498 2764 quos
1544 2696 1835 2763 nominavi,

265 2794 521 2852 poterant
569 2787 636 2837 ad
685 2785 966 2838 Dominum
1018 2786 1159 2855 fungi
1193 2788 1460 2857 legatione
1491 2804 1584 2855 pro
1622 2787 1834 2857 populo.

268 2879 514 2946 Denique
544 2879 777 2946 Moyses,
810 2881 1156 2947 interpellans
1203 2896 1324 2934 eum
1360 2898 1454 2949 pro
1493 2882 1837 2948 delinquente

265 2972 442 3037 plebe.
494 2971 618 3023 ait:
654 2970 749 3024 tSi
792 2972 1014 3025 dimittis
1058 2972 1136 3025 eis
1185 2982 1462 3039 peccatum
1508 2987 1726 3035 eorum,
1760 2973 1839 3024 di-

269 3065 421 3113 mitte
436 3061 542 3115 η.»
572 3060 678 3115 Sed
709 3062 1010 3115 obsecravit
1031 3063 1239 3115 veniam
1269 3063 1624 3132 quadraginta
1653 3062 1839 3117 diebus

1936 2000 2039 2039 non
2069 1986 2425 2045 crediderunt,
2460 1992 2512 2038 et
2556 1985 3013 2038 exaeerbaverunt
3064 1984 3320 2052 Spiritum
3364 1999 3488 2035 sat-

1936 2086 2077 2129 ctum
2111 2074 2278 2141 ejus.»
2313 2075 2387 2126 Ex
2417 2076 2662 2141 prteseuti
2696 2089 2821 2141 ergo
2852 2073 2969 2127 loco
2999 2075 3227 2127 societas
3257 2072 3487 2143 Spiritum

1935 2166 2000 2217 ad
2030 2164 2309 2217 Dominum
2348 2164 2665 2217 ostenditur.
2704 2164 2801 2229 Qui
2852 2162 3132 2232 dereliquit
3183 2163 3485 2223 Doininuu,

1935 2262 2098 2307 etest
2144 2253 2468 2316 incredulus,
2497 2262 2548 2306 et
2581 2254 2645 2305 ad
2682 2253 3008 2306 iracundiam
3048 2263 3300 2320 provocat
3350 2254 3483 2304 San-

1935 2354 2079 2396 ctum
2128 2343 2309 2407 Israel,
2357 2352 2410 2396 ct
2440 2345 2726 2397 exacerbat
2775 2344 3029 2411 Spiritum
3073 2353 3314 2397 sanctum
3350 2344 3484 2407 ejus.

1936 2433 2135 2487 Eadem
2165 2434 2461 2502 indignatio
2490 2447 2648 2499 super
2686 2433 3057 2499 peccatoribus
3086 2442 3190 2484 tatu
3225 2434 3289 2485 ad
3319 2432 3488 2500 Spiri-

1939 2532 2046 2574 tum
2080 2532 2342 2585 sanetum,
2390 2536 2546 2588 quam
2602 2522 2665 2572 ad
2718 2520 2969 2597 Sanctum
3018 2519 3180 2573 lsrael
3236 2521 3484 2575 refertur.

1940 2610 2091 2665 Unde
2129 2622 2183 2665 et
2219 2612 2269 2663 in
2316 2610 2767 2678 consequentibus
2814 2609 3072 2663 similibus
3102 2610 3285 2675 Copula
3312 2609 3489 2662 Triui-

1942 2702 2066 2754 tatis
2110 2700 2429 2765 ostenditur,
2481 2700 2688 2753 dicente
2741 2700 3039 2767 Scriptura,
3092 2700 3370 2751 ιιυιιιὶιιιιιιι
3420 2699 3487 2752 ad

1940 2792 2245 2845 inimicitias
2272 2804 2392 2844 esse
2424 2803 2759 2851 conversum,
2792 2787 2873 2841 bis
2906 2790 2993 2856 qui
3028 2787 3486 2841 exacerbavernnt

1940 2880 2193 2947 Spiritum
2226 2890 2468 2933 sanctum
2496 2878 2631 2947 ejus,
2659 2887 2713 2931 et
2736 2878 3018 2931 tradidisse
3043 2893 3135 2931 eos
3162 2878 3488 2946 sempiterno

1939 2970 2219 3034 cruciatui,
2267 2980 2544 3038 postquam
2594 2984 2695 3021 non
2751 2983 3026 3033 sermone,
3084 2970 3176 3021 sed
3227 2968 3381 3021 rebus
3438 2969 3489 3020 in

1940 3069 2182 3114 sanctum
2208 3058 2320 3127 ejus
2346 3059 2598 3127 Spiritum
2624 3057 3149 3125 bIaSpliemaverunt.
3184 3055 3297 3124 Ipse
3326 3056 3491 3125 igitur

264 3156 548 3220 jejunans,
599 3165 654 3206 et
726 3152 1147 3206 misericordiam
1192 3153 1282 3206 Dei
1315 3154 1508 3207 auium
1552 3152 1835 3207 amictione
1867 3180 1913 3240 ρ
1945 3154 2031 3221 qui
2069 3152 2184 3204 «eis
2229 3164 2520 3203 conversus
2560 3157 2641 3201 est
2692 3148 2755 3199 ad
2804 3146 3161 3212 inimicitiam,
3208 3147 3492 3201 debellavit

270 3256 601 3308 provocans.
634 3240 807 3295 Nemo
840 3250 1021 3293 autem
1069 3242 1134 3295 de
1165 3242 1352 3295 borum
1386 3256 1610 3295 numero
1637 3242 1839 3311 legato-

269 3348 388 3385 rum
421 3341 605 3399 potest
650 3345 771 3385 esse
808 3330 1064 3393 salvator,
1099 3330 1345 3400 indigens
1388 3341 1442 3384 et
1473 3332 1585 3401 ipse
1622 3347 1705 3395 eo,
1747 3330 1839 3400 qui

269 3422 464 3474 salutis
496 3421 723 3488 largitor
746 3435 902 3473 verus
934 3428 1035 3473 est.
1061 3418 1187 3472 Nam
1227 3430 1279 3472 et
1308 3420 1498 3489 angeli,
1528 3435 1837 3490 quanquam

270 3513 494 3576 spiritus
529 3511 659 3572 sint,
697 3519 750 3564 et
777 3512 838 3563 ad
870 3510 1078 3563 diversa
1108 3520 1326 3579 propter
1355 3525 1447 3565 eos
1476 3513 1564 3579 qui
1603 3510 1830 3566 salutem

271 3601 551 3669 accepturi
596 3610 738 3663 sunt,
793 3599 1090 3653 ministeria
1141 3602 1441 3664 mittantur,
1473 3615 1577 3653 non
1609 3608 1733 3653 sunt
1762 3610 1841 3653 ta-

273 3708 393 3743 men
429 3699 687 3743 auctores
717 3690 923 3750 salutis,
956 3691 1052 3743 sed
1077 3705 1199 3743 eum
1243 3692 1330 3759 qui
1361 3690 1482 3744 fons
1512 3690 1701 3744 salutis
1739 3700 1839 3755 est,

272 3783 705 3849 interpretantur
728 3790 782 3834 et
810 3782 1075 3835 nuntiant.
1118 3780 1267 3836 Unde
1309 3780 1509 3835 dictum
1546 3790 1648 3847 est,
1684 3799 1704 3832 ι
1738 3796 1841 3834 non

274 3872 505 3939 legatus,
544 3885 717 3937 neque
748 3870 989 3938 angelus,
1028 3872 1120 3925 sed
1156 3872 1269 3939 ipse
1316 3871 1574 3925 Dominus
1620 3872 1845 3926 salvavit

272 3978 385 4016 eos.
409 3982 427 4011 ι
464 3960 582 4013 Non
615 3971 833 4029 propter
858 3962 999 4015 aliud
1032 3963 1181 4030 quid,
1206 3963 1299 4017 sed
1328 3973 1543 4030 propter
1569 3963 1640 4027 id,
1673 3963 1841 4032 «quod

276 4055 523 4121 dirigeret
571 4046 683 4114 eos,
720 4062 773 4105 et
808 4062 1049 4121 parceret
1087 4054 1184 4107 eis.
1208 4070 1227 4103 ι
1270 4053 1502 4105 Parcere
1553 4062 1733 4105 autem
1765 4053 1843 4106 di-

274 4146 437 4205 citur,
470 4144 626 4212 quasi
673 4143 937 4197 creaturis
984 4143 1115 4207 suis,
1158 4142 1309 4210 juxta
1358 4140 1483 4194 illud
1536 4144 1673 4209 quod
1713 4142 1842 4195 alibi

276 4236 533 4287 scribitur
565 4252 577 4285 :
611 4252 630 4284 ι
651 4231 845 4285 Parces
869 4242 1046 4286 autem
1078 4233 1347 4294 omnibus.
1383 4232 1603 4286 Domine
1633 4239 1845 4285 amator

277 4324 608 4382 animarum,
646 4323 769 4389 quia
805 4330 908 4373 tua:
955 4330 1100 4384 sunt,
1131 4336 1301 4389 neque
1342 4321 1484 4374 enim
1531 4320 1680 4375 odies
1709 4335 1843 4389 quos

280 4414 542 4466 iet'isll".
573 4431 591 4462 ι
637 4414 967 4479 Quapropter
998 4420 1051 4464 et
1091 4427 1185 4478 pro
1219 4426 1399 4465 eorum
1435 4411 1605 4464 salute
1632 4410 1843 4479 proprio

1945 3256 2093 3306 eos,»
2142 3247 2193 3292 et
2229 3238 2447 3307 subjecit
2492 3235 2875 3305 multiplicibus
2922 3237 3197 3306 longisque
3236 3237 3492 3289 cruciati-

1940 3333 2060 3394 bus,
2092 3338 2147 3383 ut
2182 3343 2278 3383 nec
2313 3329 2365 3382 in
2395 3326 2639 3398 praesenti
2669 3339 2927 3393 tempore,
2954 3340 3049 3380 nec
3078 3326 3128 3377 in
3158 3323 3338 3378 futuro
3365 3339 3491 3376 con-

1940 3430 2229 3490 sequantur
2252 3423 2455 3475 venian.
2480 3429 2843 3489 peccatorum.
2866 3418 3327 3473 Exacerbaverunt
3348 3416 3491 3470 enim

1942 3514 2199 3580 Spiritum
2261 3525 2503 3567 sanctum
2566 3511 2722 3580 ejus,
2776 3521 2829 3565 et
2886 3508 3383 3578 blasphemavcrunt
3438 3506 3491 3560 in

1942 3604 2108 3657 illum.

2010 3696 2100 3751 48.
2144 3692 2199 3749 Si
2231 3702 2407 3748 autem
2441 3692 2670 3746 volueris
2699 3692 2799 3745 hoc
2835 3693 2899 3744 de
2932 3689 3131 3745 Iudaeis
3172 3688 3487 3756 intelligere,

1941 3784 2031 3852 qui
2072 3783 2454 3837 eruciiixerunt
2499 3780 2779 3833 Dominum
2826 3780 3179 3844 Salvatorem,
3209 3788 3262 3831 et
3293 3778 3490 3831 ideirco

1941 3874 2395 3929 exacerbaverunt
2414 3871 2670 3937 Spiritqu
2698 3876 2962 3933 sanctum,
2994 3870 3044 3923 id
3075 3871 3213 3937 quod
3236 3870 3489 3936 scriptum

1940 3976 2044 4029 est,
2080 3982 2096 4013 ι
2128 3964 2238 4031 ipse
2287 3960 2567 4015 debellavit
2605 3975 2717 4023 eos,
2745 3979 2761 4009 ι
2800 3961 2864 4013 ad
2901 3958 3042 4013 illam
3076 3970 3154 4012 est
3191 3960 3489 4026 inteliigeu-

1946 4056 2070 4106 tium
2095 4052 2451 4114 referendum,
2476 4052 2617 4119 quod
2635 4050 2888 4104 Romanis
2915 4051 3089 4103 traditi
3117 4059 3260 4112 sunt,
3280 4051 3492 4117 quando

1942 4147 2086 4199 venit
2115 4161 2271 4214 super
2301 4161 2393 4199 eos
2429 4146 2503 4197 ira
2545 4143 2637 4197 Dei
2672 4144 2722 4196 in
2756 4145 2934 4196 tinem.
2973 4143 3029 4196 In
3077 4144 3323 4195 universo
3351 4143 3488 4195 enizn

1943 4238 2071 4289 orbe
2113 4235 2421 4301 cunctisque
2471 4234 2775 4301 regionibus
2813 4233 2907 4286 soli
2948 4232 3160 4285 exsules
3200 4231 3402 4299 patriae,
3436 4232 3485 4282 izt

1945 4336 2083 4379 terra
2120 4336 2376 4394 vagantur
2406 4326 2601 4387 aliena,
2655 4339 2759 4376 non
2810 4324 2992 4376 urbem
3042 4324 3334 4389 antiquam,
3387 4338 3487 4372 non

1944 4420 2098 4471 sedes
2144 4417 2386 4485 proprias
2430 4417 2786 4483 possidentes,
2827 4415 2876 4467 id
2922 4415 3061 4482 quod
3122 4414 3395 4480 prophetis
3440 4425 3490 4464 et

281 4504 415 4556 Filio
455 4519 561 4555 non
607 4517 830 4565 parcens
885 4501 1059 4565 Pater,
1096 4500 1310 4553 tradidit
1344 4516 1462 4553 eum
1499 4502 1548 4553 in
1593 4511 1837 4563 mortem,
1868 4498 1916 4557 D
1944 4506 2199 4559 Salvatori
2233 4521 2329 4560 suo
2358 4504 2615 4569 fecerunt,
2652 4514 2983 4571 receperunt.
3022 4504 3154 4568 Quia
3194 4504 3333 4556 enim
3368 4518 3491 4554 san-

281 4604 333 4643 ut
382 4608 477 4658 per
527 4601 748 4641 mortem
795 4587 911 4640 Filii
958 4588 1038 4639 sui
1083 4588 1355 4639 destructo
1394 4603 1456 4639 eo
1486 4588 1573 4653 qui
1610 4588 1841 4640 habebat

283 4684 473 4733 mortis
510 4680 816 4745 imperium,
849 4678 949 4729 hoc
972 4686 1052 4729 est
1081 4675 1311 4736 diabolo,
1344 4676 1626 4729 redimeret
1656 4691 1842 4731 omnes

279 4771 368 4836 qui
394 4771 462 4820 ab
494 4783 563 4821 eo
590 4766 912 4832 captivitatis
942 4764 1149 4817 vinculo
1178 4765 1517 4819 tenebantur.
1539 4764 1688 4819 Unde
1716 4768 1842 4819 sub-

278 4860 500 4925 jicitur:
535 4856 700 4922 «ipse
741 4865 917 4907 autem
965 4854 1187 4907 redemit
1227 4869 1339 4913 eos.
1376 4865 1426 4906 et
1461 4858 1696 4922 suscepit
1722 4869 1838 4918 eos,

282 4960 332 4998 et
360 4946 623 4999 exaltavit
660 4944 837 4999 illos.»
882 4942 1113 5010 Suscipit
1142 4943 1284 4994 enim
1327 4944 1630 5009 exultatque
1666 4943 1840 4996 salva-

286 5050 388 5096 tos.
426 5047 480 5091 et
514 5036 817 5102 redemptos
849 5034 899 5086 in
932 5034 1155 5087 sublime
1188 5034 1317 5085 tollit
1352 5036 1605 5086 virtutum
1638 5034 1759 5097 alis,
1788 5043 1841 5085 et

286 5129 588 5183 eruditione
635 5138 688 5178 et
726 5126 943 5177 scientia
980 5124 1238 5185 veritatis,
1291 5140 1392 5176 non
1440 5125 1503 5178 ad
1539 5141 1702 5177 unum
1732 5136 1841 5178 tan-

288 5232 420 5280 tntn,
462 5224 515 5270 ει
545 5217 767 5268 alterum
800 5215 958 5275 diem,
991 5214 1082 5266 sed
1113 5215 1164 5265 in
1203 5214 1449 5267 omnibus
1474 5214 1657 5267 diebus
1684 5224 1841 5267 aeter-

288 5308 492 5367 nitatis,
540 5306 793 5360 habitans
841 5305 891 5357 iu
935 5306 1033 5367 eis,
1078 5313 1283 5358 etcum
1329 5307 1430 5367 eis,
1470 5313 1524 5358 et
1565 5321 1731 5374 usque
1776 5306 1840 5359 ad

369 5442 410 5471 "
465 5440 569 5491 Isa.
626 5451 667 5495 ι.
718 5436 769 5488 5.
859 5436 901 5465 ⁹²
939 5431 1077 5487 l’sal.
1109 5446 1271 5493 cxvii,
1310 5430 1390 5483 Η.

289 5526 363 5571 ιι,
394 5510 479 5559 ΞΤ.

361 5622 435 5677 (τι)
480 5617 648 5668 Velie.
700 5635 716 5665 ι
752 5614 1089 5673 Ειήῐιαρῐίιιῐη
1143 5627 1415 5680 magnum,
1464 5620 1518 5666 et
1569 5621 1725 5668 natus
1763 5622 1845 5668 est

296 5692 494 5746 miihi
528 5685 712 5739 (ΕΜ-ρο
741 5685 854 5744 ίιιέιι
881 5694 1022 5736 testu
1064 5682 1431 5735 dissentiente.

363 5760 473 5820 tit!)
502 5755 554 5808 lu
588 5770 688 5806 ms.
719 5752 923 5814 Teios.
958 5771 973 5801 ι
1009 5751 1162 5811 Deus,
1200 5751 1336 5805 Deus
1389 5750 1523 5805 Deus
1547 5750 1803 5806 salvandi.
1827 5774 1840 5799 ι

1490 5431 1534 5461 ’³
1562 5431 1689 5485 Luc.
1746 5448 1803 5493 ιι,
1840 5432 1917 5486 ιο.

1945 4596 2194 4662 guiuarii,
2236 4604 2288 4647 et
2334 4609 2527 4647 vesano
2567 4608 2779 4661 semper
2816 4592 2993 4645 furore
3043 4592 3182 4659 capti
3223 4591 3356 4659 (ll),
3388 4608 3488 4642 non

1924 4686 2098 4741 solum
2131 4678 2422 4753 prophetas
2444 4680 2782 4742 occiderunt,
2817 4677 2973 4747 155
3011 4679 3498 4750 lapidaveruntque

1920 4794 2016 4833 eos
2042 4776 2215 4846 quiad
2243 4790 2300 4828 se
2319 4772 2468 4827 missi
2497 4771 2730 4833 fuerant,
2761 4773 2851 4824 sed
2872 4772 2936 4822 ad
2959 4770 3249 4837 impietatis
3272 4772 3430 4824 cultn'
3457 4790 3487 4824 ιι

1942 4862 2161 4928 egressi,
2212 4859 2491 4911 Dominum
2524 4856 2875 4915 Salvatorem,
2917 4854 3005 4920 qui
3054 4868 3147 4919 pro
3179 4862 3490 4903 cunctorum

1942 4953 2109 5003 salute
2136 4948 2458 5001 descendere
2494 4946 2740 5013 dignatus
2776 4942 2947 4995 fuerat
2991 4944 3055 4993 ad
3091 4952 3282 5001 terras,
3318 4942 3494 5006 prodi-

1942 5040 2132 5092 derunt
2157 5047 2211 5091 et
2242 5037 2644 5099 cruciﬁxeruut,
2676 5046 2954 5101 propterea
2985 5031 3187 5100 expuisi
3217 5041 3337 5083 sunt
3364 5031 3493 5083 urbe

1944 5144 2101 5195 quam
2136 5128 2516 5194 prophetarum
2545 5137 2597 5179 et
2626 5125 2822 5177 Christi
2852 5138 3044 5177 cruore
3072 5123 3489 5174 niaculaverunt.

1947 5217 2251 5270 Secundum
2286 5217 2445 5283 igitur
2480 5216 2617 5267 hunc
2641 5228 2856 5266 sensum
2883 5212 3174 5265 debellatus
3203 5227 3295 5263 eos
3326 5225 3353 5261 τι
3388 5212 3488 5261 Du-

1948 5307 2090 5359 minu
2115 5307 2407 5374 intelligere
2439 5306 2711 5363 debemus,
2742 5318 2845 5356 non
2872 5304 2935 5354 ad
2958 5303 3117 5355 breve
3145 5310 3373 5369 tempus.
3400 5302 3491 5351 sed

2026 5433 2070 5465 "
2094 5434 2231 5488 Psal.
2259 5448 2421 5499 van,
2446 5432 2533 5485 21.
2647 5433 2694 5463 ⁸⁸
2721 5431 2885 5485 Exod.
2917 5446 3087 5493 x-xxn,
3117 5429 3203 5484 3i.
3280 5429 3322 5457 ’“
3360 5428 3487 5498 Sap.

2018 5614 2126 5678 (tl)
2151 5612 2263 5664 Duo
2286 5624 2415 5685 mss.
2445 5611 2607 5664 Vatic.
2634 5620 2685 5663 ct
2712 5610 2841 5677 iieg.
2881 5624 2997 5660 runt
3045 5607 3208 5660 veleri
3238 5606 3494 5668 editione,

1952 5702 1968 5731 ι
2003 5686 2179 5735 iurare
2216 5686 2425 5748 inpiati.
2456 5704 2471 5733 ι
