4212 6450
767 353 858 417 151

1921 355 1975 412 ς.
2020 354 2321 413 FUSEBH
2368 353 2794 413 iiiEliONYidi

3855 361 3957 420 152

736 470 799 518 ad
837 479 998 518 ornnc
1027 463 1258 515 futurum
1291 461 1543 514 sa-culmn
1577 476 1743 523 usque
1773 464 1834 512 ad
1864 460 2282 514 consummatio—
2309 458 2358 520 Α
2387 463 2437 516 in
2456 461 2665 529 Graeco,
2686 482 2704 514 α
2725 462 2809 530 qui
2829 461 3210 529 pmvaﬁeatur
3233 461 3512 532 (“Linon
3536 463 3802 518 hominem
3827 481 3961 532 pm.

738 569 856 609 nem
891 551 1216 621 mundi(12).
1249 551 1454 620 Quippe
1491 553 1568 618 (ut
1592 551 1841 618 diximus)
1874 551 2084 620 profugi
2127 561 2286 618 atque

734 643 951 710 captivi,
989 643 1038 695 in
1091 641 1353 695 universis
1393 643 1644 693 aberrant
1685 639 2010 702 nationibus,
2067 655 2168 692 non
2198 657 2288 692 ur-

735 733 874 790 bem.
906 747 1007 785 non
1040 731 1308 799 regionem
1339 730 1604 798 propriam
1645 729 2000 797 possidentes.
2038 730 2282 782 Attamen

733 823 856 890 quia
906 822 1216 877 naturaliter
1264 821 1522 890 benignus
1551 827 1632 873 est
1679 830 1732 874 et
1779 819 2082 873 misericors
2122 817 2164 870 is
2199 817 2288 885 qui

733 927 825 967 eos
868 911 1242 973 debellaverat,
1286 910 1473 964 tribuit
1520 911 1597 964 eis
1642 909 1813 962 locum
1861 907 2208 976 pmnitentia',
2243 907 2287 960 si

734 1004 898 1058 velint
935 1003 999 1057 ad
1049 1002 1263 1055 meliora
1316 1001 1574 1056 converti.
1630 1001 1778 1054 Unde
1809 1009 1860 1052 et
1908 1000 2133 1063 dicitur,
2165 1013 2289 1051 ire-

734 1092 984 1145 cordatus
1004 1103 1086 1146 est
1111 1091 1314 1144 dierum
1345 1091 1522 1144 saeculi
1554 1090 1679 1160 (15).
1714 1108 1731 1140 ι
1778 1089 2107 1144 Recordatus
2143 1092 2285 1143 enim

735 1195 1027 1253 temporum
1073 1181 1394 1244 futurorum,
1418 1182 1884 1251 clausamjannam
1908 1181 2081 1251 aliqua
2114 1186 2192 1238 eis
2225 1197 2287 1235 ex

731 1286 880 1344 parte
931 1275 1211 1336 reseravit,
1256 1283 1312 1326 ut
1363 1282 1644 1340 postquam
1696 1274 1975 1327 intraverit
2018 1275 2288 1341 plenitudo

731 1367 987 1432 gentium,
1036 1375 1160 1419 tunc
1199 1365 1372 1417 omnis
1412 1363 1571 1416 Israel
1606 1364 1714 1433 (qui
1751 1365 1850 1418 hac
1900 1363 2060 1417 fuerit
2097 1364 2288 1430 dignus

733 1457 1104 1524 appellatione)
1136 1453 1394 1508 salvetur.
1429 1453 1575 1508 Licet
1603 1455 1741 1507 enim
1775 1455 1827 1507 in
1884 1455 1934 1509 id
1970 1455 2287 1509 temeritatis

730 1547 1025 1614 eruperint,
1076 1555 1131 1597 ut
1175 1560 1296 1599 eum
1336 1546 1424 1613 qui
1479 1553 1696 1612 propter
1725 1559 1816 1600 eos
1855 1546 2050 1599 missus
2091 1545 2280 1608 fuerat,

731 1638 1115 1702 interficerent,
1145 1637 1380 1691 dicentes
1409 1655 1422 1688 :
1461 1653 1477 1685 ι
1506 1635 1732 1703 Sanguis
1759 1637 1872 1705 ejus
1905 1651 2065 1706 super
2097 1651 2211 1696 nos.
2235 1648 2289 1692 et

728 1745 889 1796 super
924 1728 1060 1784 ﬂlios
1089 1738 1296 1783 nostros
1313 1727 1379 1792 ⁸⁷,
1413 1745 1429 1776 ι
1466 1737 1640 1781 tamen
1679 1729 1817 1783 Deus
1845 1733 2122 1788 suscitavit
2163 1747 2283 1788 eum

732 1821 797 1873 de
827 1826 994 1883 terra,
1028 1819 1079 1872 in
1109 1817 1259 1884 cujus
1286 1818 1450 1872 corde
1476 1818 1647 1873 tribus
1680 1819 1868 1876 diebus
1898 1832 1949 1876 et
1985 1825 2154 1879 tribus
2186 1841 2282 1878 no-

729 1908 902 1962 ctibus
959 1908 1126 1962 fuerat
1165 1917 1532 1962 commoratus
1568 1927 1580 1962 :
1620 1919 1885 1976 pastorem
1935 1915 2115 1968 ovium
2165 1933 2289 1970 sua.

731 2015 867 2053 rum.
902 1996 1176 2068 Siquidem
1204 2000 1272 2051 ita
1296 1999 1624 2066 contexitur,
1671 2019 1688 2050 ε
1712 2004 1800 2071 qui
1840 2007 2024 2059 eduxit
2051 2008 2115 2062 de
2149 2022 2288 2061 terra

731 2100 997 2156 pastorem
1025 2091 1199 2143 ovium
1228 2104 1467 2146 suarum.
1512 2109 1530 2140 ι

796 2179 885 2234 19.
917 2180 1064 2246 Quod
1095 2195 1221 2234 vero
1259 2193 1440 2250 pastor
1463 2188 1641 2240 ovium
1672 2187 1835 2253 Deus,
1863 2190 1951 2258 qui
1995 2204 2134 2243 nunc
2164 2206 2280 2258 pro-

728 2269 926 2336 phetali
961 2285 1206 2325 sermone
1248 2274 1586 2339 describitur,
1634 2279 1887 2333 Dominus
1940 2281 2028 2344 sit,
2063 2282 2288 2335 manife-

728 2360 867 2414 stius
901 2360 951 2413 in
986 2360 1273 2429 Evangelio
1298 2365 1572 2429 discimus,
1600 2368 1712 2435 ipso
1737 2368 2014 2425 Salvatore
2038 2380 2288 2434 testante,

735 2470 752 2500 ι
783 2450 889 2520 Ego
919 2465 1038 2504 sum
1072 2462 1253 2520 pastor
1283 2453 1468 2519 bonus,
1489 2469 1541 2510 et
1574 2458 1804 2512 animam
1831 2476 2002 2514 meam
2037 2477 2172 2530 pono
2193 2478 2289 2531 pro

728 2543 915 2596 ovibus
947 2543 1076 2596 meis
1090 2544 1188 2598 ".i
1214 2544 1277 2597 Et
1299 2547 1485 2600 iterum
1514 2566 1525 2601 :
1549 2567 1564 2599 ‹
1587 2548 1725 2603 Oves
1753 2567 1880 2605 mea:
1906 2566 2086 2606 vocem
2117 2568 2288 2608 meam

729 2634 948 2688 audiunt
969 2636 1071 2688 ⁸⁵.»
1102 2633 1228 2690 Post
1248 2638 1358 2692 haec
1385 2639 1559 2692 omnia
1582 2643 1864 2709 prophetes
1890 2641 1998 2712 (IL)
2026 2643 2120 2708 ait,
2151 2664 2168 2695 ι
2190 2644 2287 2700 Ubi

728 2733 810 2777 est
838 2726 925 2794 qui
950 2728 1125 2795 posuit
1152 2740 1310 2796 super
1341 2743 1430 2782 eos
1462 2728 1716 2797 Spiritum
1749 2735 2024 2786 sanctum?
2048 2752 2064 2783 ι
2100 2736 2287 2789 Admi-

730 2826 877 2870 ratur
902 2818 1096 2886 quippe
1138 2818 1204 2872 de
1248 2830 1447 2887 quanta
1495 2820 1746 2877 felicitate
1775 2823 1839 2875 ad
1872 2833 2096 2891 quantas
2129 2826 2290 2881 mise-

731 2908 838 2961 rias
879 2909 1242 2978 pervenerint.
1297 2911 1357 2964 Et
1404 2913 1634 2982 quodam
1678 2915 1832 2968 modo
1864 2914 2101 2983 loquitur
2134 2917 2284 2986 (15):

729 2998 826 3058 Qui
858 3012 950 3054 eos
981 3004 1299 3061 redemerat,
1345 3004 1433 3070 qui
1486 3015 1734 3072 posuerat
1781 3005 1830 3058 in
1872 3007 1974 3059 illis
2031 3005 2287 3077 Spiritum

2396 553 2742 612 varicabitur,
2785 551 2876 604 sed
2923 550 3105 612 Deum,
3138 550 3228 618 qui
3267 551 3410 605 dedit
3435 551 3690 620 Spiritum
3713 563 3964 607 sanctum

2392 657 2545 693 suum
2575 643 2622 694 in
2653 640 2821 694 vobis.
2854 637 2986 692 Nam
3031 640 3085 694 in
3119 639 3202 694 his
3231 642 3569 694 sermonibus
3603 641 3740 696 Deus
3762 656 3963 695 vocans

2393 744 2487 796 per
2519 728 2675 780 fidem
2716 728 2768 781 in
2803 727 3305 791 sanctiﬁcationem,
3343 728 3393 780 id
3423 736 3502 782 est
3543 737 3602 781 ut
3635 729 3806 782 sancti
3835 727 3962 795 Spi-

2394 822 2526 874 ritus
2566 820 2754 873 iierent
2779 818 3058 872 credentes
3078 816 3212 888 (i8),
3253 817 3398 872 dedit
3439 819 3519 872 eis
3543 817 3801 885 Spiritum
3832 835 3963 874 sano

2391 920 2557 964 ctum.
2607 911 2670 963 Et
2717 907 2952 977 quandiu
3003 918 3263 978 praecepta
3313 909 3409 962 Dei
3439 921 3809 975 servaverunt,
3839 926 3964 979 per-

2393 1000 2590 1052 mansit
2630 999 2681 1052 in
2726 997 2805 1052 eis
2854 997 3085 1066 Spiritus
3115 1007 3357 1062 sanctus,
3408 1013 3565 1067 quem
3608 1009 3962 1068 acceperunt.

2391 1090 2612 1157 Quando
2628 1104 2755 1142 vero
2775 1104 2959 1144 amore
2976 1087 3296 1161 lubrico(i9)
3323 1099 3660 1154 corruerunt,
3689 1099 3740 1144 et
3771 1091 3837 1144 ad
3861 1090 3962 1142 im-

2392 1182 2703 1235 munditiam
2739 1190 2863 1234 sunt
2904 1178 3128 1249 delapsi,
3169 1188 3506 1248 spreverunt,
3557 1181 3672 1235 sive
3708 1181 3962 1250 pravari-

2391 1275 2493 1326 cati
2523 1282 2646 1327 sunt
2680 1271 2986 1336 Dominum,
3029 1271 3118 1339 qui
3165 1271 3385 1326 dederat
3407 1272 3486 1325 eis
3522 1271 3782 1341 Spiritum
3831 1287 3961 1326 san-

2389 1376 2554 1430 ctum,
2586 1373 2643 1417 ut
2683 1378 2787 1417 non
2831 1361 3183 1417 immunditia
3230 1362 3586 1425 deservirem,
3612 1362 3704 1414 sed
3742 1372 3801 1415 ut
3825 1378 3957 1415 san-

2389 1455 2780 1507 ctiticarentur.
2827 1448 2977 1505 Unde
3013 1463 3200 1516 ρωηθε
3229 1448 3376 1502 luent
3421 1449 3510 1517 qui
3542 1448 3641 1501 ista
3671 1447 3961 1501 commise-

2391 1552 2535 1610 runt,
2568 1559 2672 1597 non
2717 1543 2869 1611 quasi
2915 1541 3210 1602 hominem,
3263 1541 3360 1593 sed
3407 1540 3562 1608 quasi
3602 1538 3768 1592 Deum
3798 1551 3960 1606 sper-

2391 1643 2594 1686 nentes.
2624 1634 2695 1686 Et
2713 1643 2770 1686 ut
2796 1632 3030 1686 sciamus
3073 1629 3356 1684 Dominum
3393 1641 3512 1682 esse
3541 1626 3802 1696 Spiritum
3827 1641 3960 1680 san-

2390 1736 2556 1786 ctum,
2601 1724 2690 1791 qui
2736 1722 2895 1774 datur
2936 1718 3280 1773 credentibus
3306 1756 3321 1783 ,
3363 1731 3429 1770 ex
3473 1717 3642 1785 ipsius
3683 1715 3960 1784 propheta

2391 1811 2541 1866 lsaia:
2588 1811 2858 1865 discamus
2896 1808 3134 1876 eloquio,
3167 1806 3256 1874 qui
3294 1805 3500 1860 inducit
3537 1806 3603 1858 ad
3644 1806 3957 1874 quempiam

2389 1903 2653 1955 dicentem
2696 1899 3016 1952 Dominum:
3047 1894 3316 1964 «Spiritus
3357 1908 3507 1948 meus
3560 1895 3612 1947 in
3662 1904 3714 1948 te
3749 1901 3855 1954 est,
3901 1902 3958 1946 et

2390 1992 2550 2044 verba
2578 2003 2692 2042 mea
2717 1983 2834 2042 dedi
2868 1988 2919 2040 in
2959 2001 3021 2040 os
3067 1995 3214 2039 tuum
3233 1986 3276 2037 ’.
3304 2003 3322 2035 ι
3348 1983 3664 2039 Ostenditur
3696 1985 3839 2037 enim
3879 1998 3952 2037 ex

2389 2093 2636 2136 sermone
2660 2077 2929 2147 praesenti,
2963 2077 3102 2145 quod
3127 2075 3217 2143 qui
3251 2073 3519 2143 acceperit
3543 2073 3804 2142 Spiritum
3834 2073 3953 2135 Dei,

2389 2172 2548 2224 simul
2573 2184 2692 2224 cum
2715 2183 2780 2222 eo
2801 2178 2854 2221 et
2878 2168 3037 2220 verba
3061 2163 3154 2219 Dei
3179 2164 3470 2234 possideat,
3495 2178 3771 2218 sermones
3799 2164 3956 2216 vide-

2393 2265 2514 2318 licet
2544 2262 2780 2317 scientia:
2823 2271 2877 2314 et
2920 2259 3220 2326 sapientia.
3265 2256 3484 2311 Necnon
3515 2266 3569 2311 et
3599 2256 3652 2310 in
3691 2256 3796 2310 alio
3837 2256 3958 2310 loco

2389 2357 2626 2424 ejusdem
2664 2353 2938 2423 propheta:
2975 2349 3115 2405 Deus
3154 2349 3432 2418 loquitur:
3468 2367 3487 2401 ς
3527 2349 3653 2403 Dedi
3691 2348 3958 2416 Spiritum

2392 2460 2566 2499 meum
2590 2458 2750 2512 super
2773 2457 2893 2497 eum
2918 2441 2960 2497 ⁸.
2991 2457 3010 2492 s
3047 2439 3147 2505 Qui
3167 2454 3295 2508 ergo
3323 2441 3499 2508 posuit
3526 2440 3576 2492 in
3597 2439 3676 2492 eis
3697 2436 3959 2506 Spiritum

2391 2545 2659 2598 sanctum,
2720 2534 2934 2603 Moysen
2983 2534 3202 2586 dextera
3254 2545 3347 2585 sua
3397 2532 3788 2586 sanctificatum
3835 2545 3962 2584 esse

2391 2633 2796 2687 commemorat,
2828 2625 2940 2679 sive
2970 2622 3116 2676 illum
3150 2622 3415 2676 illustrem
3449 2622 3645 2680 virum.
3674 2631 3726 2675 et
3758 2632 3964 2690 myste-

2369 2713 2575 2769 riorum
2598 2714 2690 2769 Dei
2720 2714 3073 2777 initiatorem,
3091 2711 3158 2767 de
3186 2727 3295 2780 quo
3316 2711 3380 2766 ad
3401 2709 3586 2766 desum
3605 2713 3774 2765 tilium
3798 2711 3953 2766 Nave

2367 2797 2626 2854 Dominus
2646 2801 2764 2855 ait:
2801 2819 2819 2853 ι
2856 2799 3066 2871 Moyses
3096 2799 3518 2870 157,famulus
3537 2802 3743 2867 meus‘,
3775 2819 3793 2852 ι
3834 2803 3958 2856 sive

2389 2899 2586 2969 Legem
2613 2910 2787 2960 suam,
2818 2908 2936 2963 qua:
2959 2893 3014 2946 in
3038 2889 3218 2946 Veteri
3244 2889 3443 2958 scripta
3463 2897 3546 2942 est
3567 2887 3955 2943 instrumento.

2393 2989 2521 3042 Nam
2554 2991 2743 3042 crebro
2772 2986 2968 3054 legisse
2995 2996 3082 3038 me
3125 2981 3342 3036 memini
3373 2979 3590 3050 Moysen
3618 2978 3948 3048 appellatum

738 3095 990 3140 sanctum
1015 3101 1199 3150 suum,
1229 3071 1622 3144 liabitansCttm
1648 3093 1748 3156 eis,
1781 3093 1868 3148 ubi
1895 3110 2037 3149 nunc
2059 3071 2140 3151 est
2159 3098 2183 3149 γ
2205 3109 2295 3167 qur

2391 3096 2510 3136 esse
2534 3096 2629 3146 pro
2659 3079 2792 3147 lege,
2821 3087 2877 3131 ut
2903 3077 2954 3129 in
2980 3073 3234 3142 Apostolo
3259 3093 3271 3126 :
3303 3093 3320 3124 ι
3352 3071 3533 3141 Usque
3558 3073 3611 3126 in
3637 3072 3962 3135 hodiernum

739 3177 913 3232 abiit?
945 3177 1247 3248 Dereiiquit
1275 3195 1393 3246 eos,
1425 3184 1548 3249 quia
1585 3183 1683 3253 ipsi
1721 3186 1867 3254 prius
1889 3160 2362 3258 doreliqneru-nt,“
2392 3174 2556 3233 ἀίθιην
2578 3169 2789 3238 quando
2813 3165 3007 3258 ῙξΒῘΨτ
3036 3164 3300 3258 διογενεεὲ
3327 3181 3346 3213 ³
3376 3161 3735 3258 Εῑῇθιξηίηιη
3765 3160 3846 3258 ι³ά
3873 3160 3963 3258 di"

739 3276 795 3321 et
843 3268 907 3323 ad
944 3268 1286 3327 iracundiam
1344 3287 1779 3341 provocaverunt
1829 3277 2088 3334 Sanctum
2125 3282 2316 3338 israel.

748 3360 1011 3417 Posuerat
1044 3374 1225 3420 autem
1260 3365 1420 3438 156
1455 3367 1658 3423 dudum
1696 3372 1746 3424 in
1767 3371 1846 3425 eis
1875 3373 2138 3442 Spiritum
2181 3391 2314 3431 san-

731 3459 871 3498 rium
895 3445 1051 3511 Deus,
1076 3462 1194 3500 cum
1218 3451 1389 3503 adhuc
1419 3452 1539 3505 boni
1567 3463 1768 3514 essent,
1798 3463 1848 3505 et
1874 3457 2149 3522 praeceptis
2173 3459 2290 3525 ejus

728 3538 951 3605 obsequi
984 3540 1301 3596 niterentur.
1331 3541 1422 3595 liis
1460 3543 1601 3596 enim
1647 3546 2014 3599 tantummodo
2057 3547 2289 3616 Spiritus

730 3635 947 3681 :‘znctus
980 3629 1254 3694 inseritur,
1285 3631 1398 3699 qui,
1426 3633 1568 3686 vitiis
1596 3633 1878 3700 derelictis,
1925 3635 2177 3691 virtutum
2206 3654 2289 3693 se-

732 3725 943 3771 ctantur
969 3719 1212 3785 chorum,
1262 3731 1313 3774 et
1351 3722 1504 3791 juxta
1553 3737 1666 3784 eas,
1714 3733 1767 3776 et
1813 3739 1908 3794 per
1947 3741 2039 3779 eas
2084 3728 2135 3779 in
2186 3729 2290 3783 iide

733 3804 927 3860 Christi
959 3809 1216 3863 victitant.
1252 3812 1399 3878 Quod
1432 3813 1474 3865 si
1517 3812 1770 3877 paulatim
1814 3815 2132 3886 negligentia
2161 3820 2286 3870 suh-

735 3907 951 3963 repente
975 3901 1234 3966 cceperint
1262 3901 1325 3954 ad
1359 3903 1534 3969 pejora
1563 3903 1829 3958 confluere
1856 3906 1988 3976 (16),
2015 3910 2289 3964 concitant

736 3988 1012 4042 adversum
1059 4005 1116 4044 sc
1141 3989 1499 4045 habitatorem
1533 4009 1686 4046 suum
1729 3994 1984 4063 Spiritum
2016 4009 2284 4063 sanctum,

736 4086 788 4129 ot
812 4092 931 4130 eum
961 4080 1048 4145 qui
1078 4079 1224 4132 illum
1253 4083 1491 4145 dederat,
1515 4093 1832 4135 convertunt
1863 4085 1928 4137 ad
1957 4086 2287 4141 inimicitias.

737 4165 869 4220 liuic
897 4168 1022 4234 quid
1059 4168 1234 4222 simile
1284 4179 1337 4223 et
1364 4171 1651 4236 Apostolus
1679 4173 1743 4226 ad
1784 4173 2293 4234 Thessalonicenses

738 4255 997 4317 scribens,
1029 4257 1123 4320 ait,
1158 4276 1175 4307 ε
1198 4257 1377 4324 Neque
1403 4260 1544 4311 enim
1582 4263 1789 4314 vocavit
1815 4278 1909 4317 nos
1939 4264 2079 4320 Deus
2103 4268 2167 4320 ad
2195 4269 2293 4322 im-

739 4345 1072 4410 munditiam,
1097 4348 1188 4400 sed
1219 4348 1284 4400 ad
1312 4350 1788 4404 sanctificationem
1815 4353 1853 4404 ¹.
1882 4371 1901 4403 ι

2395 3262 2555 3314 vitem
2596 3260 2648 3312 in
2691 3257 2969 3326 suppliciis
3006 3256 3383 3317 constitutum,
3413 3271 3431 3302 ι
3454 3252 3682 3311 Habent,
3711 3268 3729 3301 ι
3765 3251 3964 3318 inquit,

2400 3369 2418 3403 ι
2447 3349 2662 3419 Moysen
2686 3359 2740 3402 et
2770 3347 3055 3416 prophetas
3068 3347 3140 3398 ⁸.»
3165 3345 3226 3398 Et
3247 3354 3394 3399 certe
3418 3343 3617 3411 liquido
3637 3341 3963 3410 comproba-

2396 3455 2480 3497 tur
2505 3443 2576 3496 ibi
2619 3439 2857 3509 Moysen,
2901 3455 3003 3491 non
3049 3437 3418 3507 supradictum
3465 3435 3639 3488 virum
3681 3431 3964 3501 significa-

2397 3546 2507 3588 tum
2539 3549 2678 3599 esse,
2715 3533 2805 3586 sed
2838 3532 3029 3600 legem.

2465 3627 2553 3680 51.
2590 3624 2757 3678 Porro
2785 3636 2903 3690 qua:
2930 3628 3017 3674 est
3045 3619 3230 3672 dextra
3261 3615 3380 3680 Dei,
3410 3628 3531 3685 qua
3552 3612 3776 3666 adduxit
3808 3610 3964 3680 Moy-

2399 3732 2518 3780 sen,
2547 3715 2647 3769 nisi
2677 3711 2933 3776 Dominus
2962 3715 3013 3762 et
3037 3706 3289 3760 Salvator
3319 3703 3540 3759 noster?
3567 3702 3682 3772 ipse
3707 3712 3791 3755 est
3817 3703 3964 3754 enim

2396 3808 2617 3861 dextera
2645 3803 2822 3858 Patris
2844 3841 2858 3865 ,
2893 3816 2990 3870 per
3019 3813 3177 3866 quem
3219 3797 3388 3850 salvat
3422 3808 3475 3848 et
3515 3795 3717 3847 exaltat
3749 3805 3804 3847 et
3838 3793 3966 3847 futili

2395 3898 2687 3956 virtutem,
2733 3892 2871 3945 sicut
2911 3887 3033 3941 alibi
3094 3887 3161 3940 de
3208 3883 3318 3938 Deo
3364 3884 3608 3938 dicitur:
3666 3900 3684 3932 ι
3726 3881 3964 3935 Salvavit

2397 3989 2496 4045 sibi
2514 3987 2624 4057 (‘20)
2649 3987 2863 4037 dextera
2890 3994 3005 4040 sua,
3030 3987 3082 4030 et
3102 3976 3376 4030 brachium
3398 3986 3640 4028 sanctum
3662 3973 3873 4040 cjns’.s
3904 3973 3966 4026 Et

2398 4093 2610 4132 rursum
2643 4095 2654 4128 ;
2702 4093 2719 4124 ι
2758 4072 2984 4124 Dextera
3017 4067 3228 4120 Domini
3261 4066 3387 4118 fecit
3411 4066 3662 4118 virtutem
3686 4105 3702 4127 ,
3739 4064 3964 4117 dextera

2402 4169 2606 4224 Domini
2661 4163 2918 4218 exaltavit
2945 4173 3027 4213 me
3062 4175 3077 4210 :
3116 4172 3220 4211 non
3255 4155 3480 4219 moriar,
3523 4155 3616 4209 sed
3652 4155 3826 4207 vivam
3851 4194 3869 4215 ,
3911 4163 3963 4206 et

2401 4257 2633 4315 narrabo
2666 4269 2825 4323 Opera
2863 4251 3070 4305 Domini
3097 4249 3140 4300 ⁸.
3175 4267 3193 4299 ι
3229 4249 3292 4301 Et
3320 4256 3468 4302 certe
3501 4260 3684 4299 vocem
3719 4244 3858 4297 hanc
3891 4258 3958 4296 ex

2401 4363 2631 4422 persona
2667 4342 2929 4400 Dominici
2966 4340 3206 4394 Hominis
3238 4338 3349 4404 (21)
3378 4335 3630 4404 proferri,
3657 4349 3818 4403 quem
3849 4334 3962 4386 uni-

806 4433 893 4486 50.
926 4435 1109 4504 Itaque
1145 4437 1234 4505 qui
1281 4439 1501 4506 spernit,
1528 4439 1639 4494 sive
1672 4442 1814 4510 quod
1853 4442 2042 4499 melius
2066 4446 2295 4500 habetur
2326 4461 2368 4514 ι)
2405 4443 2617 4512 genitus
2645 4438 2812 4491 Filius
2836 4434 2928 4488 Dei
2958 4445 3232 4486 assumere
3260 4431 3508 4492 dignatus
3529 4438 3696 4482 estex
3730 4425 3962 4496 virgine,

807 4589 850 4622 "’
893 4590 1076 4645 Matth.
1113 4607 1280 4656 xxvii,
1315 4593 1407 4646 23.
1483 4596 1529 4627 ’⁸
1561 4595 1712 4649 Joan.
1741 4614 1795 4660 ι,
1825 4600 1906 4652 ii.

741 4660 760 4691 ⁵
785 4659 895 4714 Jos.
933 4662 1085 4725 1,13,
1118 4663 1202 4716 15.
1279 4663 1300 4694 ⁸
1343 4663 1383 4716 ii
1416 4661 1542 4718 Cor.
1573 4680 1655 4730 ιιι,
1701 4659 1788 4722 Νέ
1860 4670 1880 4699 ⁶
1907 4669 2037 4723 Luc.
2065 4688 2172 4734 XVI,
2208 4673 2294 4728 29.

684 4880 687 4882 ,
812 4819 922 4889 (l9)
967 4817 1095 4892 Erat
1123 4819 1582 4892 praefixopuncto,
1613 4841 1630 4872 ς
1657 4823 1840 4892 Usque
1865 4825 1928 4876 ad
1955 4841 2295 4878 consumma-

744 4894 938 4942 tionem
963 4889 1159 4957 quippe
1199 4889 1402 4952 mundi,
1425 4898 1481 4942 ut
1520 4889 1768 4956 diximus,
1793 4913 1810 4944 ι
1840 4905 1971 4959 etc.,
2000 4911 2116 4964 qua:
2138 4899 2294 4949 casti-

741 4969 935 5026 gantur
968 4973 994 5008 a
1044 4973 1173 5012 mss.

817 5026 927 5102 (i5)
969 5026 1480 5102 Viiiosa__rnc_tathesi
1506 5028 1780 5102 ohliucbat
1810 5033 1859 5084 in
1887 5033 2042 5086 editis
2071 5051 2091 5084 σ
2117 5035 2289 5102 aliqua

747 5112 808 5148 ex
842 5099 914 5147 vis
941 5105 1111 5161 parte.
1135 5115 1151 5145 ι
1181 5098 1377 5162 Scripti
1403 5098 1710 5150 emendant.

821 5163 930 5235 (is)
974 5164 1130 5235 Ita_in
1177 5179 1304 5217 mss.
1347 5164 1651 5232 frequenter
1683 5169 2003 5235 iprophetes
2024 5189 2039 5219 ι
2070 5171 2119 5222 ἰη
2145 5181 2292 5224 recto

748 5230 1001 5285 scribitur
1030 5230 1334 5304 Grmcorum
1367 5230 1531 5295 more,
1571 5230 1864 5289 unde-editi
1899 5240 2083 5304 supine
2114 5241 2295 5294 admo-

751 5305 872 5352 dum
914 5301 1224 5378 rprophetis
1246 5321 1262 5352 ι
1299 5303 1497 5371 legunt.
1529 5306 1616 5355 Est
1642 5314 1812 5358 autem
1844 5301 2029 5372 isaias,
2069 5309 2120 5361 in
2150 5312 2301 5378 cujus

750 5388 810 5423 ea
822 5371 1083 5436 positione
1122 5369 1218 5423 loci
1246 5369 1570 5436 perseverat.

821 5438 1255 5514 (i_5)_Perperam
1287 5442 1450 5514 editi,
1486 5443 1611 5506 quin
1655 5443 1811 5514 etiam
1861 5460 1986 5499 mss.
2029 5465 2045 5496 ι
2076 5455 2128 5500 et
2172 5463 2305 5514 quo-

757 5511 911 5562 modo
944 5509 1244 5582 loqni_tur?_i
1287 5509 1417 5560 Tum
1452 5519 1602 5562 vetns
1644 5513 1830 5576 edLIio,
1868 5533 1884 5563 ε
1923 5517 2008 5582 qni
2047 5531 2136 5569 eos
2189 5509 2304 5568 i‘ed-

754 5585 979 5637 emerat,
1008 5577 1092 5639 qui
1118 5577 1465 5634 cxaltavcrat,
1491 5595 1573 5646 qn.
1611 5595 1874 5645 posuerat.
1906 5577 2056 5637 i'etc.

827 5645 1339 5722 (i6).hiii_ms.recte
1388 5645 1536 5722 editi,
1585 5650 1940 5718 «negligentia
1992 5665 2306 5722 suggerente

758 5714 979 5782 ceperit
1006 5713 1069 5766 ad
1105 5714 1278 5781 pejora
1307 5715 1591 5769 conﬂuere.
1633 5735 1648 5765 ι

2012 4602 2055 4635 ⁹⁹
2088 4603 2212 4655 ibid.
2248 4603 2336 4658 27.

2442 4607 2455 4634 ¹
2488 4603 2505 4656 i
2533 4603 2721 4656 Thess.
2764 4615 2838 4652 iv.
2877 4596 2928 4648 7.
3004 4597 3025 4625 ’
3053 4591 3153 4645 isa.
3184 4607 3294 4652 ιιι,
3325 4590 3416 4642 21.
3526 4590 3547 4620 ³
3586 4589 3690 4643 isa.
3723 4603 3855 4652 mi,
3909 4587 3961 4640 1.

2373 4675 2390 4704 ⁷
2435 4673 2571 4725 Psal.
2604 4685 2766 4731 xcvn,
2809 4667 2859 4720 1.
2935 4664 2956 4695 ⁸
2999 4661 3139 4715 Psai.
3180 4675 3345 4724 cavit,
3381 4658 3468 4712 16.

2473 4823 2582 4887 (I7)
2622 4821 2700 4872 Al.
2739 4837 2754 4868 i
2783 4822 3219 4887 prasvaricantur,
3247 4831 3264 4863 ι
3302 4811 3354 4863 in
3388 4811 3598 4887 ﬁrst-co
3629 4811 3958 4887 ἀθετήσωσι.

2473 4883 2580 4959 (l8)
2609 4890 2769 4959 Vetus
2789 4883 2924 4959 edit.
2945 4902 2974 4959 _i
3000 4885 3211 4959 idernut
3233 4883 3590 4935 sanctificaret
3610 4883 3919 4959 credentes.
3939 4903 3956 4933 ι

2473 4951 2582 5028 {19)
2619 4957 2787 5010 V’atic.
2819 4974 2836 5005 ι
2868 4955 2994 5006 vitio
3025 4952 3229 5005 lubrico
3257 4968 3271 5003 :
3310 4970 3328 5002 ι
3367 4960 3521 5004 vetus
3557 4951 3712 5013 edit.,
3762 4969 3779 5000 ι
3804 4953 3956 5005 vitio-

2398 5046 2539 5090 rum,
2578 5047 2595 5078 ι
2629 5037 2731 5079 etc.

2470 5086 2582 5166 (20)
2621 5096 2781 5148 iidem
2811 5091 2962 5154 libri,
3021 5107 3042 5142 ι
3075 5088 3302 5143 saivavit
3331 5088 3401 5142 ei.
3448 5105 3468 5140 ι
3517 5086 3716 5151 Graec"
3756 5087 3957 5140 ἔσωσεν

2398 5185 2563 5220 αυτω.

2478 5220 2588 5304 (in
2632 5228 2931 5304 Displicu‘ib
2953 5225 3383 5304 olim__non_nu|lis
3411 5224 3659 5278 Patribus
3691 5225 3796 5280 dici
3827 5224 3955 5279 Sal-

2407 5296 2646 5357 vatorem
2682 5320 2699 5351 ι
2728 5296 3056 5352 Dominicum
3084 5296 3378 5350 Hominem.
3410 5313 3428 5345 ι
3453 5310 3558 5362 quo
3591 5311 3836 5349 sermone
3863 5311 3954 5349 se-

2409 5373 2583 5439 parari
2611 5370 2877 5439 hominem
2911 5382 2938 5418 a
2977 5364 3219 5439 Domino,
3251 5374 3304 5416 et
3333 5365 3606 5439 Christum
3631 5365 3790 5439 dividi
3815 5379 3952 5439 nova

2408 5432 2659 5510 quapiam
2698 5437 2990 5510 subtilitate
3021 5435 3446 5510 suspicabantur.
3493 5432 3708 5510 Revera
3752 5435 3953 5510 Apnili-

2413 5501 2730 5563 tiaristarum
2764 5506 2972 5574 propria
3019 5512 3135 5574 erat
3173 5503 3368 5574 isthatc
3397 5501 3912 5574 loquendiformula
3933 5541 3948 5564 ,

2412 5596 2567 5647 quam
2594 5570 2880 5647 Gregorius
2904 5573 3269 5647 Nazianzenus
3289 5571 3446 5647 epist.
3474 5575 3494 5622 1
3525 5570 3588 5647 ad
3610 5571 3947 5647 gledonium,

2413 5638 2770 5714 reprehendit.
2821 5643 2958 5714 iiinc
2997 5643 3155 5692 etiam
3191 5642 3494 5714 eireogi‘tata
3533 5638 3724 5714 [intimi
3761 5649 3948 5714 contra

2416 5708 2788 5776 iiiei'on'riiiuni
2823 5711 3017 5774 fabula,
3044 5725 3200 5776 quam
3232 5710 3340 5775 ipse
3366 5709 3516 5775 Apol.
3543 5708 3627 5761 lib.
3663 5723 3697 5761 ll
3733 5708 3944 5768 recitat.
