4212 6460
267 368 366 433 153

258 504 321 544 ex
371 489 486 554 ipso
520 484 643 539 loco
679 479 958 539 manifeste
987 483 1380 549 comprobatur,
1413 481 1541 548 quia
1581 481 1693 548 ipse
1732 488 1814 533 est
1845 489 1883 540 Α

257 579 478 631 dextera
515 574 636 638 Dei,
679 575 816 628 sicut
859 572 1112 640 scriptum
1144 581 1225 624 est
1266 571 1318 623 in
1353 571 1571 624 Actibus
1599 578 1809 635 aposto-

259 667 454 728 lorum,
488 663 640 732 quod
683 661 854 716 factus
888 660 955 714 sit
987 675 1048 713 ex
1082 659 1284 711 semine
1325 656 1487 711 David
1521 657 1810 708 secundum

256 768 472 808 carnem
499 794 516 817 ,
544 753 759 821 genitus
794 751 858 803 de
889 750 1125 818 Virgine,
1173 748 1574 815 superveniente
1605 747 1654 798 in
1695 761 1810 799 eam

268 845 472 912 Spiritu
507 852 725 903 sancto,
754 850 808 895 et
838 839 1032 893 virtute
1059 838 1265 892 Excelsi
1299 836 1646 891 obumbrante
1672 851 1810 889 eam.

257 935 328 989 De
353 950 462 1000 quo
495 933 667 985 David
694 930 1024 1000 propbetavit
1047 931 1100 982 in
1125 927 1350 996 Spiritu,
1373 927 1508 995 quod
1532 942 1558 981 a
1593 925 1813 980 mortuis

911 363 1391 428 TRANSLATIO
1435 365 1634 426 LiBRl
1683 363 1953 423 DIDYMI
2003 361 2094 419 DE
2131 361 2440 424 SPtRlTU
2485 361 2795 422 S.-\.\'CTO.

3335 359 3442 424 154

1981 481 2068 533 53.
2113 480 2254 534 Satis
2288 479 2599 546 abundeque
2625 482 2688 531 de
2714 479 2983 546 prophetae
3013 477 3314 532 testimOnio
3344 482 3444 535 dis-

1915 579 2143 635 putatum
2175 578 2273 632 est,
2308 583 2402 619 nec
2433 568 2497 618 ad
2526 566 2720 633 reliqua
2752 581 3049 634 pergamus,
3085 575 3139 618 ut
3171 579 3440 635 quomouo

1912 659 2108 712 scimus
2136 659 2274 724 quod
2307 658 2415 726 (lii)
2463 656 2620 709 Pater
2664 666 2713 708 et
2753 655 2915 710 Filius
2956 669 3168 711 sanctos
3197 667 3249 712 et
3282 660 3447 713 bonos

1913 751 1992 800 sui
2024 747 2505 801 cOmmuuicatione
2539 747 2856 815 perficiunt:
2887 747 2963 800 sic
2992 761 3204 802 sanctus
3232 766 3446 818 quoque

1913 839 2143 908 Spiritus
2173 839 2578 906 participatiOne
2605 839 2684 892 sui
2716 839 2881 892 bonos
2905 839 3095 892 eliiciat
3121 853 3442 910 sanctosque

1910 931 2220 992 credentes;
2264 939 2315 982 et
2363 943 2425 980 ex
2473 927 2572 980 hnc
2614 928 2769 980 etiam
2827 928 2981 980 unius
3026 942 3144 980 cum
3192 927 3346 980 Patre
3397 938 3448 982 et

255 1038 573 1093 resurgens,
606 1032 911 1089 assumptus
938 1022 1002 1074 sit
1033 1021 1294 1083 incretos,
1325 1020 1542 1072 dextera
1567 1018 1657 1071 Dei
1687 1018 1812 1070 sub—
1913 1018 2042 1070 Filio
2069 1019 2376 1068 substantia:
2418 1031 2534 1068 esse
2581 1016 2849 1068 doceatur.
2887 1016 3090 1069 Dicitur
3124 1016 3171 1068 in
3219 1015 3448 1066 Psalmis

255 1115 461 1168 levatus
501 1113 644 1183 ('29).
683 1111 950 1166 Scribitur
978 1111 1046 1165 ibi
1091 1121 1267 1165 autem
1304 1110 1355 1164 iu
1386 1108 1525 1164 hunc
1552 1107 1764 1162 modum
1794 1125 1807 1162 :
1876 1104 1941 1155 ad
1964 1100 2246 1154 Dominum
2272 1121 2282 1155 :
2309 1121 2326 1152 ‹
2352 1101 2586 1171 Spiritus
2607 1103 2922 1155 tuushonus
2946 1103 3173 1154 deducet
3194 1100 3353 1170 159
3371 1117 3448 1155 me

261 1226 277 1257 ι
327 1204 643 1258 Pravidens
690 1204 827 1257 idem
874 1201 1038 1256 David
1080 1201 1287 1256 locutus
1324 1207 1409 1254 est
1450 1200 1514 1253 de
1571 1211 1813 1252 resurre—
1878 1195 1931 1249 in
1962 1205 2159 1250 terram
2189 1207 2390 1248 rertam
2425 1196 2487 1249 ¹³.
2526 1215 2543 1246 ι
2587 1195 2801 1251 Scimus
2831 1205 3009 1247 autem
3050 1195 3100 1248 in
3129 1197 3449 1264 quibusdam

255 1296 428 1349 ctione
466 1293 709 1357 Christi,
740 1293 990 1362 quoniam
1016 1306 1118 1344 non
1152 1289 1434 1344 derelictus
1463 1288 1573 1359 (23)
1621 1289 1671 1340 iu
1723 1287 1806 1338 in-

259 1385 426 1445 ferno,
473 1398 656 1451 neque
697 1397 821 1437 caro
869 1381 986 1449 ejus
1019 1379 1143 1434 vidit
1194 1379 1612 1448 corruptionem.
1660 1375 1810 1428 lltme

255 1473 433 1526 Jesum
465 1474 750 1526 suscitavit
773 1472 934 1535 Deus,
961 1472 1046 1525 cui
1077 1483 1172 1524 nos
1194 1483 1380 1522 omnes
1403 1476 1569 1520 testes
1599 1478 1806 1518 sumus.

252 1547 489 1604 Dextera
511 1550 685 1618 igitur
703 1546 794 1601 Dei
813 1548 1077 1611 elevatus,
1094 1560 1146 1601 et
1167 1543 1645 1616 repromissionem
1669 1535 1840 1606 Spiri-

247 1655 337 1698 tus
353 1643 538 1696 saneti
565 1640 846 1709 accipiens
873 1655 902 1692 a
929 1639 1108 1702 Patre,
1135 1635 1325 1692 etludit
1349 1634 1510 1706 158
1529 1634 1626 1687 hoc
1641 1631 1842 1686 donum

253 1733 303 1786 in
332 1733 526 1796 nobis,
562 1733 706 1801 quod
752 1745 847 1786 vos
886 1731 1076 1786 videtis
1104 1738 1157 1783 et
1199 1730 1425 1792 auditis,
1455 1743 1625 1796 neque
1665 1727 1803 1780 enim

1906 1283 2296 1350 exemplaribus
2315 1281 2566 1348 scriptum
2585 1298 2719 1346 esse,
2743 1301 2761 1334 ι
2789 1283 3018 1352 Spiritus
3035 1293 3248 1336 sanctus
3268 1295 3406 1336 tuus.
3424 1302 3441 1334 ι

1907 1375 2072 1429 Porro
2124 1375 2171 1426 in
2238 1371 2399 1424 Esdra
2461 1373 2661 1440 absque
2714 1373 2814 1425 ulla
2869 1374 3216 1442 ambiguitate
3281 1376 3448 1426 bonus

1908 1465 2136 1533 Spiritus
2191 1463 2520 1531 appellatur:
2571 1481 2588 1512 ‹
2629 1463 2877 1530 Spiritum
2922 1475 3066 1516 tuum
3120 1465 3312 1516 bonum
3358 1465 3450 1516 de-

1906 1555 2059 1619 disti,
2094 1564 2149 1607 ut
2186 1568 2275 1606 eos
2322 1553 2529 1606 faceres
2573 1553 2864 1622 intelligere
2890 1553 2951 1606 “.
3014 1572 3031 1604 ι
3081 1554 3227 1619 Quod
3274 1563 3446 1605 autem

1905 1644 2063 1699 Pater
2127 1645 2447 1706 sanctilicet,
2507 1643 2789 1711 Apostolus
2854 1643 3067 1706 scribit,
3120 1645 3300 1696 dicens
3345 1643 3444 1694 ¹⁵ε

1913 1753 1930 1786 ι
1959 1734 2095 1790 Deus
2134 1743 2310 1790 autem
2348 1734 2490 1801 pacis
2513 1734 2808 1788 sanctilicet
2841 1749 2935 1786 vos
2979 1732 3235 1800 perfectos
3263 1733 3392 1803 ('27).
3426 1751 3443 1783 ι

253 1824 413 1878 David
449 1823 700 1878 ascendit
727 1823 778 1876 in
813 1823 975 1877 cicius
998 1823 1038 1876 '.
1090 1840 1108 1874 ι
1147 1821 1285 1875 Nulli
1323 1821 1518 1890 quippe
1545 1819 1761 1873 dubium
1787 1855 1802 1882 ν
1834 1823 1876 1877 Β
1905 1824 1969 1880 Et
2015 1824 2256 1879 Salvator
2305 1825 2410 1877 ait:
2460 1842 2478 1875 ι
2527 1821 2682 1876 Pater
2734 1834 2934 1888 sancte,
2969 1823 3242 1878 sanctiﬁca
3273 1838 3363 1877 eos
3396 1823 3446 1876 in

249 1913 549 1968 exaltatum
591 1915 807 1967 dextera
855 1913 980 1973 Dei.
1025 1922 1078 1966 et
1114 1913 1178 1965 ab
1211 1911 1392 1965 inferis
1435 1918 1802 1977 resurgentem

249 2018 366 2056 esse
399 2003 693 2058 Dominum
719 2002 927 2065 Jesum,
957 2003 1092 2055 sicut
1115 2001 1227 2068 ipse
1253 2002 1538 2068 Scriptura:
1561 2011 1804 2052 sermone

252 2104 478 2148 testatus
499 2102 604 2147 est.
630 2093 738 2146 iste
760 2105 888 2161 ergo
911 2092 998 2159 qui
1025 2091 1314 2144 resurrexit
1338 2106 1366 2142 a
1386 2091 1608 2142 mortuis
1638 2087 1802 2140 dicit:

256 2198 275 2230 s
311 2181 422 2250 Ego
451 2180 691 2234 dormivi
721 2188 776 2233 et
804 2193 1044 2233 somnum
1073 2179 1208 2248 cepi,
1245 2187 1300 2232 et
1344 2177 1636 2239 resurrexi,
1681 2174 1803 2243 quia

251 2261 513 2320 Dominus
541 2267 822 2319 suscitavit
848 2280 931 2319 me
960 2265 1023 2318 η.
1065 2284 1082 2317 ι

315 2356 406 2410 52.
449 2355 573 2423 ipse
595 2370 724 2424 ergo
753 2369 1000 2410 sermone
1029 2356 1117 2409 Dei
1146 2354 1255 2424 (24)
1285 2365 1588 2424 assumptus
1613 2359 1669 2409 in
1699 2373 1804 2414 cm-

249 2447 395 2508 lum,
440 2447 689 2500 elevatus
734 2459 853 2500 esse
893 2445 960 2499 ab
997 2460 1081 2507 ea,
1124 2447 1188 2500 de
1221 2461 1324 2514 qua
1355 2460 1514 2515 supra
1550 2447 1802 2513 diximus,

249 2538 468 2589 dextera
503 2533 597 2587 Dei
624 2537 962 2602 pradicatur,
990 2545 1041 2589 et
1063 2536 1332 2604 accepisse
1362 2537 1805 2601 repromissiones

249 2627 486 2695 Spiritus
519 2628 696 2679 Sancti
722 2640 750 2680 a
783 2625 972 2687 Patre,
1012 2635 1064 2678 et
1095 2624 1349 2679 eﬂ'udisse
1395 2626 1540 2678 illum
1582 2627 1634 2678 in
1683 2639 1801 2678 cre-

247 2718 456 2778 dentes,
482 2718 556 2769 ita
597 2726 656 2769 ut
681 2716 912 2769 omnium
943 2717 1134 2784 linguis
1160 2717 1506 2784 loquerentur
1538 2715 1801 2783 magnalia

250 2808 364 2862 Dei.
393 2806 532 2871 Nam
565 2815 618 2858 et
659 2804 971 2859 Dominicus
1005 2804 1172 2858 Homo
1204 2808 1410 2873 accepit
1439 2806 1804 2859 communica-

249 2899 452 2951 tionem
492 2895 731 2962 Spiritus
774 2896 972 2957 sancti,
1007 2897 1142 2950 sicut
1185 2896 1237 2949 in
1270 2896 1574 2965 Evangeliis
1617 2895 1805 2948 scribi-

251 2998 367 3040 tur:
402 3005 420 3037 ι
452 2983 614 3039 Iesus
639 2998 767 3053 ergo
799 2985 1029 3053 repletus
1058 2986 1260 3054 Spiritu
1292 2996 1500 3051 sancto,
1533 3000 1804 3055 regressus

249 3085 333 3128 est
361 3091 393 3126 a
427 3073 763 3135 Iordane“;
802 3090 821 3125 ι
848 3082 900 3126 et
932 3075 981 3126 in
1012 3074 1114 3126 alio
1155 3073 1267 3126 loco
1296 3089 1308 3124 :
1355 3091 1372 3122 ι
1420 3071 1683 3125 Reversus
1724 3081 1806 3125 est

249 3164 408 3218 Iesus
438 3165 491 3217 in
516 3163 718 3217 virtute
739 3162 970 3230 Spiritus
991 3163 1042 3215 in
1064 3161 1334 3216 Galilmam
1352 3163 1414 3213 η.
1438 3180 1458 3214 s
1478 3161 1598 3214 liae
1626 3170 1799 3214 autem

249 3257 459 3321 absque
502 3254 614 3307 ulla
658 3254 920 3307 calumnia
973 3255 1037 3307 de
1086 3254 1358 3308 Dominico
1403 3252 1664 3315 nomine,
1713 3253 1800 3320 qui

251 3347 399 3393 totus
421 3339 694 3405 Christus,
718 3356 856 3396 unus
882 3351 962 3395 est
985 3339 1144 3396 Iesus
1169 3339 1332 3394 Filius
1364 3340 1450 3393 Dei
1478 3340 1612 3409 (25),
1644 3354 1800 3394 sensu

251 3430 516 3484 debemus
555 3431 766 3499 pietatis
803 3433 1041 3500 accipere
1071 3471 1085 3494 ,
1123 3447 1223 3486 non
1259 3432 1397 3500 quod
1425 3430 1556 3486 alter
1587 3440 1639 3483 et
1670 3429 1804 3484 alter

251 3522 354 3582 sit.
386 3523 482 3574 sed
512 3522 655 3589 quod
697 3524 760 3576 de
788 3537 893 3576 uno
915 3532 1072 3589 atque
1101 3521 1285 3576 eodem
1306 3562 1321 3586 ,
1349 3521 1498 3589 quasi
1543 3519 1607 3572 de
1631 3519 1798 3572 altero

250 3612 552 3664 secundum
601 3620 842 3665 naturam
888 3613 1014 3674 Dei,
1048 3621 1100 3664 et
1123 3611 1355 3664 hominis
1400 3611 1720 3678 disputetur,
1752 3617 1805 3662 et

251 3700 378 3765 quia
430 3700 575 3754 Deus
627 3700 852 3754 Verbum
917 3701 1218 3768 unigenitus
1269 3697 1432 3753 Filius
1475 3699 1591 3759 Dei,
1632 3709 1803 3764 neque

254 3793 688 3845 immutationem
717 3793 904 3860 recipit
925 3832 940 3854 ,
971 3805 1071 3846 nec
1113 3800 1454 3860 augmentum
1476 3830 1490 3845 .
1527 3789 1800 3858 Siquidem

257 3881 373 3946 ipse
409 3891 496 3934 est
523 3883 778 3935 bonorum
807 3881 1043 3936 omnium
1072 3881 1361 3948 plenitudo.

322 3993 343 4022 '
371 3992 492 4042 Act.
527 4005 588 4050 ll,
619 3991 805 4042 δι-δι.
895 3992 937 4022 ¹⁶
967 3991 1102 4043 Psal.
1127 4006 1203 4051 lii,
1234 3990 1284 4043 6.

256 4058 336 4110 "l
373 4059 570 4110 Thess.
593 4072 643 4120 ν,
669 4057 760 4111 23.
833 4059 874 4090 ¹⁶
903 4059 1053 4112 Joan.
1079 4073 1205 4120 xvtt,
1232 4059 1314 4112 l7.

1362 3991 1399 4021 “
1435 3987 1564 4043 an.
1606 4003 1676 4048 tv.
1714 3989 1798 4040 7|.

257 4195 276 4224 s
309 4176 456 4241 quod
512 4175 790 4226 Athanasii
849 4175 1076 4239 librum,
1134 4173 1220 4226 ubi
1271 4172 1571 4227 Dominieus
1621 4172 1788 4228 Homo

250 4246 488 4309 scriptus
517 4241 1044 4311 est.rAp,ollinaristae
1096 4244 1160 4296 ad
1207 4241 1483 4311 legendum
1521 4252 1793 4308 acceptum

252 4313 324 4364 ita
361 4310 729 4374 corruperint,
756 4319 812 4360 ut
835 4310 887 4362 in
913 4310 1068 4363 litura
1102 4311 1152 4363 id
1183 4310 1317 4373 quad
1350 4316 1590 4363 raseran‘t
1611 4325 1795 4364 rursus

253 4380 582 4434 scriberent.
623 4387 680 4428 nt
713 4378 915 4432 scilicet
945 4393 1046 4431 non
1079 4378 1143 4432 ab
1189 4379 1290 4432 illis
1337 4377 1600 4438 falsatum,
1636 4381 1724 4430 sed
1770 4398 1788 4428 ι

1877 3989 1916 4020 ’⁸
1945 3987 2072 4041 Luc.
2108 4005 2222 4050 vm,
2249 3991 2337 4045 55.

1391 4058 1430 4089 "
1457 4057 1584 4111 Luc.
1608 4073 1757 4118 ιιι-ιιι,
1784 4058 1864 4111 l9.

1905 1915 2148 1976 veritate,
2181 1913 2298 1980 quia
2331 1915 2549 1966 verbum
2591 1923 2733 1964 tuum
2763 1921 2843 1964 est
2869 1914 3061 1964 veritas
3087 1913 3150 1962 ".
3185 1930 3201 1962 ι
3237 1911 3447 1978 Perspi-

1905 2016 2001 2056 cue
2038 2003 2216 2056 dicens
2247 2018 2260 2053 :
2303 2002 2360 2052 in
2388 2015 2470 2054 me
2506 2000 2628 2068 (qui
2667 1999 2896 2052 Verbum
2929 2009 3072 2051 tuum
3103 2015 3238 2062 sum,
3271 2011 3322 2052 et
3357 2013 3448 2050 ve-

1906 2091 2034 2146 ritas
2059 2089 2168 2158 tua)
2196 2090 2468 2144 sanctiﬁca
2494 2089 2610 2143 illos
2628 2090 2727 2142 lide
2753 2099 2804 2142 et
2827 2091 3090 2142 consortio
3114 2090 3234 2141 mei.
3269 2089 3450 2143 Dictus

1904 2190 1984 2236 est
2015 2189 2066 2235 et
2099 2181 2220 2234 alibi
2269 2181 2436 2234 bonus
2473 2181 2608 2233 Deus
2638 2199 2650 2234 :
2691 2198 2708 2231 ι
2747 2179 2912 2233 Nemo
2950 2181 3142 2242 bonus,
3181 2181 3278 2232 nisi
3315 2195 3449 2232 unus

1906 2269 2043 2326 Deus
2075 2271 2137 2322 ".
2185 2289 2204 2321 ι
2259 2269 2516 2338 Superius
2562 2285 2771 2337 quoque
2823 2272 3154 2324 ostendimus
3199 2270 3446 2337 quoniam

1903 2357 2069 2414 Filius
2094 2359 2409 2425 sanetilicet,
2435 2358 2594 2412 Paulo
2613 2359 2664 2411 in
2697 2357 2882 2412 eadem
2910 2361 3068 2410 verba
3092 2370 3445 2426 congruente:

1909 2464 1928 2497 ι
1973 2447 2180 2501 Etenim
2217 2447 2308 2515 qui
2348 2449 2664 2510 sanetiticat,
2707 2456 2758 2501 et
2787 2448 2875 2515 qui
2921 2447 3345 2507 sanetiticantur,
3381 2462 3444 2498 ex

1904 2550 2007 2590 uno
2026 2551 2210 2591 omnes
2238 2537 2298 2590 ¹⁸.
2331 2555 2347 2587 ι
2377 2537 2803 2590 Sanctiﬁcantem
2826 2537 3129 2605 signiticans
3156 2537 3446 2597 Christum,

1903 2636 1952 2682 et
1981 2628 2336 2682 sanctiticatos
2365 2643 2477 2691 eos,
2506 2629 2593 2696 qui
2623 2636 2841 2695 possunt
2866 2631 3060 2690 dicere,
3098 2646 3114 2676 ‹
3147 2627 3337 2680 Factus
3365 2636 3444 2678 est

1905 2715 2054 2770 nobis
2094 2715 2357 2784 sapientia
2403 2731 2466 2768 cx
2521 2716 2626 2769 Deo
2673 2716 2950 2780 Christus,
3007 2727 3060 2768 et
3095 2714 3300 2782 justitia
3329 2756 3343 2776 ,
3396 2725 3448 2768 t-t

1905 2805 2258 2859 sanctiﬁcatio
2298 2805 2359 2856 ".
2407 2823 2425 2855 ι
2479 2805 2785 2872 Appellatur
2834 2794 3091 2873 siquidem
3138 2815 3188 2857 et
3222 2806 3448 2871 Spiritus

1903 2896 2359 2951 sanctiﬁcationis.
2390 2896 2535 2950 Unde
2560 2906 2611 2950 et
2634 2896 2696 2948 ad
2721 2911 2839 2948 enm
2861 2891 3086 2950 dicitur:
3120 2916 3135 2946 ι
3162 2895 3225 2948 Ει
3261 2913 3447 2949 omnes

1903 2988 2215 3042 sauctiticati
2247 2988 2344 3041 sub
2387 2988 2627 3041 manibus
2669 2989 2792 3049 tuis,
2827 2996 2878 3040 et
2911 2988 3006 3039 sub
3039 2996 3088 3039 te
3120 2994 3260 3039 sunt.
3303 3003 3319 3034 ι
3345 2983 3442 3035 Bu-

1907 3093 2005 3132 nus
2056 3079 2310 3133 Dominus
2359 3089 2538 3131 noster
2573 3077 2725 3130 Jesus
2767 3078 3045 3137 Christus,
3096 3086 3148 3128 et
3199 3091 3260 3127 ex
3304 3076 3444 3127 bono

1905 3167 2059 3221 Patre
2093 3177 2374 3236 generatus
2425 3176 2537 3228 est,
2570 3176 2622 3219 ct
2664 3167 2728 3219 de
2757 3181 2822 3218 eo
2852 3166 3075 3231 legimus
3109 3181 3120 3214 :
3159 3181 3177 3213 ι
3216 3165 3445 3216 (Ξοιιῐὶιιι-

1908 3253 2036 3308 mini
2071 3255 2313 3318 Domino,
2345 3256 2597 3322 quoniam
2630 3254 2797 3306 bonus
2828 3254 2892 3305 ὀ.
2933 3272 2949 3303 ι
2986 3251 3348 3305 Coufitcantur
3374 3253 3444 3302 illi

1907 3355 2082 3399 autem
2111 3345 2197 3412 qui
2226 3345 2291 3397 ab
2320 3360 2381 3398 eo
2407 3354 2496 3398 aut
2521 3346 2726 3398 veniam
2755 3345 3033 3396 obsecrant
3085 3354 3446 3411 peccatorum,

1908 3446 1998 3488 aut
2036 3434 2232 3499 gratias
2266 3433 2500 3487 referunt
2524 3436 2637 3501 ejus
2666 3435 2958 3488 clementiae
2987 3449 3080 3502 pro
3116 3433 3328 3486 indultis
3357 3434 3446 3484 he-

1903 3521 2123 3576 neiiciis.
2167 3521 2396 3585 Spiritus
2430 3536 2641 3590 quoque
2670 3531 2887 3575 sanctus
2918 3537 3010 3573 eos
3039 3536 3172 3589 quos
3198 3521 3447 3590 dignatur

1909 3611 2147 3678 implere,
2178 3610 2497 3673 sanctificat,
2527 3621 2584 3663 ut
2614 3615 2859 3680 superius
2883 3611 2991 3678 jam
3028 3611 3445 3665 detrunstratum

1907 3710 2023 3764 est,
2067 3701 2276 3767 quando
2309 3701 2637 3754 ostendimus
2683 3715 2803 3754 eum
2859 3700 3276 3769 participabilem
3328 3710 3380 3750 et
3418 3713 3444 3749 a

1912 3790 2090 3845 multis
2125 3790 2280 3843 simul
2321 3791 2435 3858 capi
2473 3805 2644 3858 posse.
2676 3790 2737 3844 Et
2769 3806 2908 3844 nunc
2943 3792 2994 3842 in
3029 3791 3270 3856 praesenti
3301 3788 3444 3840 Pauli

1909 3879 2211 3933 testimonio
2252 3880 2467 3947 largitor
2495 3881 2926 3934 sanctilicationis
2962 3880 3276 3941 ostenditur,
3302 3879 3352 3930 in
3382 3893 3446 3932 eo

2416 3991 2458 4022 ¹⁸
2487 3991 2626 4043 Psal.
2652 4005 2812 4054 cun,
2841 3993 2922 4046 10.
2999 3992 3040 4022 ’⁸
3063 3990 3213 4043 Esdr.
3251 4009 3323 4052 ιιι,
3354 3992 3443 4045 20.

1943 4058 1985 4087 "
2024 4057 2181 4111 Hebr.
2213 4074 2270 4120 tt,
2311 4060 2393 4112 ll.
2472 4059 2511 4090 "
2538 4058 2553 4110 l
2577 4060 2697 4114 Cor.
2735 4076 2768 4122 t,
2800 4061 2886 4111 50.
2966 4062 3008 4091 ⁸ο
3037 4060 3173 4112 Psal.
3199 4076 3362 4118 cmi,
3393 4061 3442 4113 l.

1897 4192 1915 4226 ι
1964 4173 2464 4247 llomo__Dominicus
2490 4177 2740 4247 nonnulla
2773 4179 2979 4231 ratione
3008 4189 3176 4247 potest
3207 4179 3438 4244 defendi,

1897 4246 2019 4315 quia
2081 4243 2502 4315 scilicetpotest
2551 4246 2740 4311 aliquis
2789 4247 2964 4300 dicere
2988 4243 3022 4311 ,’
3059 4249 3197 4315 quod
3245 4249 3440 4299 dicitur

1898 4309 2064 4380 Homo
2107 4311 2407 4365 Dominicus
2453 4309 2652 4366 ratione
2687 4316 2925 4366 humanae
2986 4309 3225 4374 natitrm,
3277 4333 3434 4380 quam

1899 4379 2159 4451 significat
2186 4382 2284 4432 hoc
2309 4397 2500 4434 nomen
2529 4384 2709 4444 homo,
2743 4397 2845 4436 non
2874 4393 3050 4436 autem
3080 4379 3439 4451 rationesup-

256 4463 283 4497 a
332 4446 662 4516 Hieronymo
708 4463 726 4494 ι
763 4448 993 4516 additum
1026 4457 1319 4511 putaretur.
1355 4463 1373 4497 ›
1413 4446 1649 4516 Denique
1683 4449 1793 4498 Au-
1828 4462 1870 4516 ο
1899 4447 2074 4516 positi.
2123 4466 2140 4516 ι

253 4514 505 4581 gustinus
531 4527 654 4581 cum
685 4528 746 4566 ea
779 4513 1046 4565 locutione
1086 4528 1209 4566 usus
1237 4522 1377 4567 esset
1414 4513 1505 4566 lib.
1556 4529 1754 4566 Lxxxut
1779 4553 1794 4578 ,

253 4589 448 4700 «Fest.
480 4580 587 4640 '56.
613 4595 726 4632 eam
765 4583 1092 4660 postmodum
1141 4581 1406 4661 emendari
1445 4581 1606 4660 voluit
1659 4582 1747 4661 lib.
1783 4596 1799 4635 ι

308 4659 587 4700 ειναεισι..
624 4664 674 4700 c.
711 4649 775 4700 19
797 4689 812 4700 .
843 4665 965 4700 uuta
997 4664 1114 4700 cum
1149 4649 1390 4700 Christus
1415 4659 1483 4700 stt
1525 4651 1796 4700 Dominus.

308 4659 587 4708 ειναειαι..
624 4664 674 4702 e.
711 4649 775 4702 19
797 4689 812 4711 .
843 4651 965 4714 quia
997 4664 1114 4701 cum
1149 4649 1390 4704 Christus
1415 4650 1483 4702 sit
1525 4651 1796 4711 Dominus.

257 4719 554 4784 improprie
585 4718 886 4785 Dominicus
912 4717 1195 4779 diceretur,
1229 4717 1380 4785 quasi
1409 4719 1798 4784 significaretur

258 4789 406 4838 illum
441 4801 548 4837 non
572 4801 685 4838 esse
711 4784 890 4846 Deum,
923 4797 974 4837 et
1003 4784 1297 4850 Dominum,
1328 4787 1418 4838 sed
1446 4786 1795 4849 Dominicunt,

260 4857 360 4905 hoc
391 4862 476 4903 est
503 4854 833 4918 suppositum
883 4855 1166 4905 humanum
1195 4854 1401 4906 unitum
1437 4855 1678 4915 Domino,
1707 4871 1796 4907 seu

258 4922 541 4989 supposito
587 4921 788 4989 Domini
811 4958 826 4982 ,
863 4935 1025 4985 quare
1061 4924 1164 4974 duo
1191 4921 1460 4989 supposita
1495 4922 1544 4973 iu
1589 4923 1800 4975 Christo

260 4987 624 5057 ﬁngerentur,
661 4999 715 5040 ut
743 4987 1019 5043 Nestorius
1052 4987 1456 5057 blasplie‘tuavit.
1492 4988 1668 5043 Nihilo
1709 5007 1796 5042 se.

261 5055 376 5110 cius
399 5072 519 5109 eam
562 5071 737 5110 vocem
770 5057 858 5110 alii
889 5055 1214 5125 putissimum
1247 5055 1412 5111 Graeci
1455 5059 1654 5124 absque
1697 5060 1798 5112 ulla

257 5127 601 5177 dubitatione
635 5135 913 5193 usurpant.
945 5128 1003 5180 S.
1035 5126 1322 5191 Gregorius
1363 5125 1626 5193 hyssenus
1650 5127 1797 5180 Orat.

258 5196 497 5264 secunda
551 5195 616 5264 de
646 5192 702 5264 S_.
742 5192 1007 5264 Stephano
1022 5195 1094 5264 ,Αὸ
1135 5195 1232 5262 μὲν
1265 5194 1369 5262 γὰρ
1406 5192 1678 5264 Κυριακδς
1710 5195 1800 5247 ἄν.

259 5261 498 5331 Θρωτεος-
524 5258 619 5312 τοῦ
656 5258 903 5331 Σωτῆρος
925 5303 940 5323 ,
977 5281 993 5312 ι
1035 5258 1348 5331 Domittictts
1373 5258 1529 5315 homo
1561 5264 1799 5315 Salvato-

262 5334 355 5382 ris.
391 5349 412 5380 ι
474 5329 533 5381 S.
594 5329 1165 5398 quoque‘Epipltanins
1205 5332 1253 5383 in
1301 5330 1563 5382 Ancorato
1609 5347 1661 5383 n.
1711 5331 1796 5394 95,

259 5399 478 5464 aliique.
533 5398 575 5450 Ε
632 5397 833 5451 Latinis
876 5397 1158 5450 Cassianus
1208 5400 1396 5451 Collat.
1446 5414 1502 5461 tt,
1550 5415 1665 5466 cap.
1711 5399 1797 5452 13.

270 5484 286 5515 I
323 5467 534 5526 Homo.
586 5483 606 5516 ι
646 5467 845 5532 inquit.
891 5484 907 5515 ι
947 5468 1030 5520 ille
1073 5468 1411 5527 Dominicus,
1441 5469 1530 5533 qui
1576 5469 1800 5521 redemit

263 5534 552 5587 humanum
588 5549 771 5600 genus.
805 5553 824 5584 ι
855 5534 945 5587 Est
982 5545 1152 5588 autetn
1206 5536 1340 5595 illis,
1375 5545 1425 5587 u'
1461 5547 1513 5588 et
1553 5537 1796 5601 praesenti

261 5601 469 5670 Didymi
496 5603 633 5666 loco.
663 5607 812 5666 cujus
836 5604 999 5670 gratia
1026 5604 1138 5655 hac
1161 5604 1355 5664 scribo,
1388 5603 1473 5657 illa
1501 5605 1797 5658 adhibenda

262 5672 525 5733 expositio
558 5670 612 5724 S.
671 5673 884 5724 'lnomz
916 5676 971 5725 ιιι
1020 5680 1178 5738 part.,
1225 5682 1408 5741 quaest.
1451 5673 1535 5737 16,
1567 5683 1667 5726 art.
1718 5674 1794 5726 3:

1972 4514 2079 4585 (ἦ)
2123 4515 2315 4581 Vatic.,
2344 4534 2362 4568 t
2393 4517 2483 4571 Dei
2509 4519 2560 4570 in
2584 4517 2855 4574 dexteram
2881 4520 3214 4574 sublevatus:
3250 4540 3267 4570 ι
3302 4521 3440 4574 haud

1900 4595 2059 4636 recte.

1932 4650 2076 4729 .(25)
2118 4653 2277 4729 Vetus
2319 4655 2471 4729 edi_t.,
2533 4673 2551 4705 ι
2608 4654 2857 4729 derelicta
2900 4657 2950 4709 in
3005 4657 3212 4729 inferno
3263 4658 3435 4729 anili"

1898 4722 2012 4790 ejus
2043 4737 2055 4770 :
2092 4740 2110 4773 ι
2154 4722 2307 4788 paulo
2335 4724 2469 4777 infra
2501 4739 2676 4788 voces,
2719 4742 2736 4774 ι
2769 4726 2960 4780 donum
3002 4728 3051 4779 in
3081 4730 3248 4790 nobis,
3289 4745 3307 4776 ›
3346 4722 3440 4778 de-

1901 4789 2290 4843 desiderantur.

1967 4856 2079 4926 (ἳό)
2115 4858 2329 4932 Eadem,
2371 4877 2389 4908 ‹
2425 4860 2525 4912 lste
2567 4876 2692 4931 ergo
2721 4863 2809 4930 qtti
2858 4877 3078 4932 surgens
3119 4879 3147 4917 a
3192 4867 3432 4932 mortuis,

1896 4938 2141 4978 sermone
2173 4927 2286 4987 Dei,
2323 4947 2339 4975 ι
2379 4939 2484 4980 etc.

1966 4992 2076 5066 (ᾖὸ)
2123 4995 2328 5046 Absunt
2361 5011 2386 5046 a
2418 4997 2577 5066 veteri
2613 4999 2845 5050 editione
2878 5001 3078 5059 istltaec,
3117 5019 3133 5049 t
3171 5000 3256 5066 qui
3297 5009 3437 5054 totus

1897 5058 2136 5115 Christus
2164 5079 2297 5114 unus
2320 5077 2398 5116 est
2422 5063 2572 5116 Jesus
2598 5066 2763 5119 Filius
2798 5072 2904 5122 Dei.
2946 5087 2961 5115 ι
2994 5058 3151 5121 Certe
3183 5058 3244 5119 ne
3283 5089 3299 5117 ι
3341 5071 3439 5121 Do-

1900 5131 2122 5202 ntin‘icus
2167 5131 2322 5182 homo
2375 5132 2879 5202 sApullinarioruut
2924 5151 3080 5188 sensu
3128 5139 3435 5202 accipiatur,

1899 5197 2069 5272 addita
2104 5209 2244 5272 sunt,
2270 5217 2300 5272 ξι
2331 5197 2635 5272 Didyzuoue,
2665 5215 2752 5254 aut
2781 5204 3118 5272 Hieronymo,
3147 5223 3209 5256 an
3237 5197 3300 5257 ab
3322 5197 3438 5258 aliis

1900 5278 2000 5318 n0n
2037 5265 2233 5332 judico.
2270 5265 2459 5320 Recole
2492 5283 2665 5321 notam
2694 5265 3018 5332 superiorem
3050 5275 3135 5324 2!.

1969 5332 2327 5406 (StildV'ocnla:
2358 5354 2373 5385 ι
2410 5341 2608 5390 scimus
2642 5332 2778 5406 quod
2829 5360 2846 5388 ι
2881 5342 2932 5393 in
2975 5339 3230 5392 Vaticano
3260 5350 3311 5391 et
3343 5357 3432 5391 ve-

1901 5404 2152 5479 tghedit.
2206 5406 2590 5479 desiderantur.
2647 5404 2761 5462 Mox
2801 5410 3011 5479 Reginae
3039 5412 3156 5462 cod.
3214 5427 3228 5457 ι
3267 5410 3438 5462 bonus

1897 5468 2053 5522 efﬁcit
2086 5486 2208 5522 suos
2245 5478 2536 5525 credentes.
2581 5495 2596 5522 ι

1968 5539 2302 5618 (ῗ-7>ηνλιιξοο;
2338 5558 2354 5588 ι
2391 5559 2479 5596 vos
2503 5560 2594 5610 per
2621 5547 2816 5599 omnia.
2844 5565 2860 5597 ι
2880 5561 2996 5600 cum
3016 5544 3434 5614 Vulgataﬁrzcc.

1899 5608 2039 5677 ὑμᾶς
2069 5608 2346 5670 ὁλοτελεῖς.
