  <div class='ocr_page' id='page_1' title='image "/cluster/home/n/w/nwhite01/storage/ocr_20150623/23/hvd.32044012674545/087.png"; bbox 0 0 4212 6472; ppageno 0'>
   <div class='ocr_carea' id='block_1_1' title="bbox 775 409 881 473">
    <p class='ocr_par' dir='ltr' id='par_1_1' title="bbox 775 409 881 473">
     <span class='ocr_line' id='line_1_1' title="bbox 775 409 881 473; baseline -0.019 0"><span class='ocrx_word' id='word_1_1' title='bbox 775 409 881 473; x_wconf 86' lang='grc'><strong>155</strong></span> 
     </span>
    </p>
   </div>
   <div class='ocr_carea' id='block_1_2' title="bbox 1927 405 2798 468">
    <p class='ocr_par' dir='ltr' id='par_1_2' title="bbox 1927 405 2798 468">
     <span class='ocr_line' id='line_1_2' title="bbox 1927 405 2798 468; baseline 0.001 -2"><span class='ocrx_word' id='word_1_2' title='bbox 1927 409 1984 468; x_wconf 91' lang='lat' dir='ltr'><strong>S.</strong></span> <span class='ocrx_word' id='word_1_3' title='bbox 2013 405 2322 467; x_wconf 81' lang='lat' dir='ltr'><strong>EUSEBII</strong></span> <span class='ocrx_word' id='word_1_4' title='bbox 2362 405 2798 467; x_wconf 81' lang='lat' dir='ltr'><strong>IIIERONYMI</strong></span> 
     </span>
    </p>
   </div>
   <div class='ocr_carea' id='block_1_3' title="bbox 3855 401 3957 462">
    <p class='ocr_par' dir='ltr' id='par_1_3' title="bbox 3855 401 3957 462">
     <span class='ocr_line' id='line_1_3' title="bbox 3855 401 3957 462; baseline -0.069 0"><span class='ocrx_word' id='word_1_5' title='bbox 3855 401 3957 462; x_wconf 76' lang='lat'><strong>136</strong></span> 
     </span>
    </p>
   </div>
   <div class='ocr_carea' id='block_1_4' title="bbox 767 517 3957 596">
    <p class='ocr_par' dir='ltr' id='par_1_4' title="bbox 767 517 3957 596">
     <span class='ocr_line' id='line_1_4' title="bbox 767 517 3957 596; baseline -0.002 -22"><span class='ocrx_word' id='word_1_6' title='bbox 767 527 906 589; x_wconf 80' lang='lat' dir='ltr'><strong>quod</strong></span> <span class='ocrx_word' id='word_1_7' title='bbox 941 522 1009 575; x_wconf 84' lang='lat' dir='ltr'><strong>ait</strong></span> <span class='ocrx_word' id='word_1_8' title='bbox 1045 540 1058 577; x_wconf 93' lang='lat'><strong>:</strong></span> <span class='ocrx_word' id='word_1_9' title='bbox 1100 540 1118 574; x_wconf 74' lang='grc' dir='ltr'><strong>ι</strong></span> <span class='ocrx_word' id='word_1_10' title='bbox 1168 523 1426 578; x_wconf 90' lang='lat' dir='ltr'><strong>Debemus</strong></span> <span class='ocrx_word' id='word_1_11' title='bbox 1458 533 1632 579; x_wconf 89' lang='lat' dir='ltr'><strong>autem</strong></span> <span class='ocrx_word' id='word_1_12' title='bbox 1672 533 1724 581; x_wconf 90' lang='lat' dir='ltr'><strong>et</strong></span> <span class='ocrx_word' id='word_1_13' title='bbox 1772 540 1869 579; x_wconf 90' lang='lat' dir='ltr'><strong>nos</strong></span> <span class='ocrx_word' id='word_1_14' title='bbox 1902 529 2104 594; x_wconf 85' lang='lat' dir='ltr'><strong>gratias</strong></span> <span class='ocrx_word' id='word_1_15' title='bbox 2143 542 2301 593; x_wconf 86' lang='lat' dir='ltr'><strong>agere</strong></span> <span class='ocrx_word' id='word_1_16' title='bbox 2332 528 2503 586; x_wconf 76' lang='lat' dir='ltr'><strong>Anisi</strong></span> <span class='ocrx_word' id='word_1_17' title='bbox 2554 528 2775 596; x_wconf 90' lang='lat' dir='ltr'><strong>spiritus</strong></span> <span class='ocrx_word' id='word_1_18' title='bbox 2825 525 2976 595; x_wconf 80' lang='lat' dir='ltr'><strong>ejus,</strong></span> <span class='ocrx_word' id='word_1_19' title='bbox 3022 524 3143 592; x_wconf 87' lang='lat' dir='ltr'><strong>quia</strong></span> <span class='ocrx_word' id='word_1_20' title='bbox 3187 523 3251 576; x_wconf 91' lang='lat' dir='ltr'><strong>de</strong></span> <span class='ocrx_word' id='word_1_21' title='bbox 3294 534 3519 591; x_wconf 85' lang='lat' dir='ltr'><strong>corpore</strong></span> <span class='ocrx_word' id='word_1_22' title='bbox 3559 517 3805 572; x_wconf 81' lang='lat' dir='ltr'><strong>solitario</strong></span> <span class='ocrx_word' id='word_1_23' title='bbox 3853 519 3957 568; x_wconf 81' lang='lat' dir='ltr'><strong>huc</strong></span> 
     </span>
    </p>
   </div>
   <div class='ocr_carea' id='block_1_5' title="bbox 768 613 2299 681">
    <p class='ocr_par' dir='ltr' id='par_1_5' title="bbox 768 613 2299 681">
     <span class='ocr_line' id='line_1_5' title="bbox 768 613 2299 681; baseline 0.003 -16"><span class='ocrx_word' id='word_1_24' title='bbox 768 613 874 665; x_wconf 82' lang='lat' dir='ltr'><strong>Deo</strong></span> <span class='ocrx_word' id='word_1_25' title='bbox 917 627 1127 680; x_wconf 83' lang='lat' dir='ltr'><strong>semper</strong></span> <span class='ocrx_word' id='word_1_26' title='bbox 1172 626 1267 679; x_wconf 88' lang='lat' dir='ltr'><strong>pro</strong></span> <span class='ocrx_word' id='word_1_27' title='bbox 1305 614 1453 669; x_wconf 86' lang='lat' dir='ltr'><strong>vobis</strong></span> <span class='ocrx_word' id='word_1_28' title='bbox 1478 656 1492 679; x_wconf 95' lang='lat'><strong>,</strong></span> <span class='ocrx_word' id='word_1_29' title='bbox 1534 614 1723 670; x_wconf 81' lang='lat' dir='ltr'><strong>fratres</strong></span> <span class='ocrx_word' id='word_1_30' title='bbox 1763 615 1940 668; x_wconf 88' lang='lat' dir='ltr'><strong>dilecti</strong></span> <span class='ocrx_word' id='word_1_31' title='bbox 1975 631 2003 668; x_wconf 88' lang='lat' dir='ltr'><strong>a</strong></span> <span class='ocrx_word' id='word_1_32' title='bbox 2047 616 2299 681; x_wconf 78' lang='lat' dir='ltr'><strong>Domino,</strong></span> 
     </span>
    </p>
   </div>
   <div class='ocr_carea' id='block_1_6' title="bbox 766 702 2303 771">
    <p class='ocr_par' dir='ltr' id='par_1_6' title="bbox 766 702 2303 771">
     <span class='ocr_line' id='line_1_6' title="bbox 766 702 2303 771; baseline 0.001 -15"><span class='ocrx_word' id='word_1_33' title='bbox 766 704 886 766; x_wconf 85' lang='lat' dir='ltr'><strong>quia</strong></span> <span class='ocrx_word' id='word_1_34' title='bbox 910 702 1073 768; x_wconf 74' lang='lat' dir='ltr'><strong>elegit</strong></span> <span class='ocrx_word' id='word_1_35' title='bbox 1106 703 1245 756; x_wconf 87' lang='lat' dir='ltr'><strong>Deus</strong></span> <span class='ocrx_word' id='word_1_36' title='bbox 1281 718 1377 758; x_wconf 87' lang='lat' dir='ltr'><strong>nos</strong></span> <span class='ocrx_word' id='word_1_37' title='bbox 1418 706 1677 771; x_wconf 81' lang='lat' dir='ltr'><strong>primitias</strong></span> <span class='ocrx_word' id='word_1_38' title='bbox 1724 704 1773 756; x_wconf 91' lang='lat' dir='ltr'><strong>in</strong></span> <span class='ocrx_word' id='word_1_39' title='bbox 1808 705 2052 770; x_wconf 65' lang='lat' dir='ltr'><strong>salutem,</strong></span> <span class='ocrx_word' id='word_1_40' title='bbox 2098 708 2148 759; x_wconf 91' lang='lat' dir='ltr'><strong>in</strong></span> <span class='ocrx_word' id='word_1_41' title='bbox 2182 722 2303 759; x_wconf 70' lang='lat' dir='ltr'><strong>snti-</strong></span> 
     </span>
    </p>
   </div>
   <div class='ocr_carea' id='block_1_7' title="bbox 2405 614 3339 685">
    <p class='ocr_par' dir='ltr' id='par_1_7' title="bbox 2405 614 3339 685">
     <span class='ocr_line' id='line_1_7' title="bbox 2405 614 3339 685; baseline -0.006 -14"><span class='ocrx_word' id='word_1_42' title='bbox 2405 618 2697 680; x_wconf 77' lang='lat' dir='ltr'><strong>intelligcre</strong></span> <span class='ocrx_word' id='word_1_43' title='bbox 2729 617 2863 671; x_wconf 82' lang='lat' dir='ltr'><strong>velle</strong></span> <span class='ocrx_word' id='word_1_44' title='bbox 2897 614 3208 685; x_wconf 88' lang='lat' dir='ltr'><strong>perstultum</strong></span> <span class='ocrx_word' id='word_1_45' title='bbox 3238 620 3339 667; x_wconf 88' lang='lat' dir='ltr'><strong>est.</strong></span> 
     </span>
    </p>
   </div>
   <div class='ocr_carea' id='block_1_8' title="bbox 2442 701 3948 775">
    <p class='ocr_par' dir='ltr' id='par_1_8' title="bbox 2442 701 3948 775">
     <span class='ocr_line' id='line_1_8' title="bbox 2442 701 3948 775; baseline -0.007 -12"><span class='ocrx_word' id='word_1_46' title='bbox 2442 704 2596 775; x_wconf 72' lang='lat'><strong>161</strong></span> <span class='ocrx_word' id='word_1_47' title='bbox 2623 705 2694 760; x_wconf 79' lang='grc'><strong>55</strong></span> <span class='ocrx_word' id='word_1_48' title='bbox 2734 704 2892 771; x_wconf 83' lang='lat' dir='ltr'><strong>Quod</strong></span> <span class='ocrx_word' id='word_1_49' title='bbox 2918 706 2961 758; x_wconf 65' lang='lat' dir='ltr'><strong>si</strong></span> <span class='ocrx_word' id='word_1_50' title='bbox 2987 716 3171 773; x_wconf 81' lang='lat' dir='ltr'><strong>arguta</strong></span> <span class='ocrx_word' id='word_1_51' title='bbox 3191 706 3386 757; x_wconf 89' lang='lat' dir='ltr'><strong>nititur</strong></span> <span class='ocrx_word' id='word_1_52' title='bbox 3409 701 3599 756; x_wconf 73' lang='lat' dir='ltr'><strong>fraude</strong></span> <span class='ocrx_word' id='word_1_53' title='bbox 3622 702 3948 771; x_wconf 63' lang='lat' dir='ltr'><strong>subrepere,</strong></span> 
     </span>
    </p>
   </div>
   <div class='ocr_carea' id='block_1_9' title="bbox 764 787 3956 870">
    <p class='ocr_par' dir='ltr' id='par_1_9' title="bbox 764 787 3956 870">
     <span class='ocr_line' id='line_1_9' title="bbox 764 787 3956 870; baseline 0.001 -30"><span class='ocrx_word' id='word_1_54' title='bbox 764 787 1084 842; x_wconf 87' lang='lat' dir='ltr'><strong>ctiticatione</strong></span> <span class='ocrx_word' id='word_1_55' title='bbox 1104 787 1331 859; x_wconf 90' lang='lat' dir='ltr'><strong>Spiritus</strong></span> <span class='ocrx_word' id='word_1_56' title='bbox 1352 794 1546 856; x_wconf 80' lang='lat' dir='ltr'><strong>sancti,</strong></span> <span class='ocrx_word' id='word_1_57' title='bbox 1576 803 1627 845; x_wconf 91' lang='lat' dir='ltr'><strong>et</strong></span> <span class='ocrx_word' id='word_1_58' title='bbox 1656 791 1760 845; x_wconf 72' lang='lat' dir='ltr'><strong>{ide</strong></span> <span class='ocrx_word' id='word_1_59' title='bbox 1786 794 2031 846; x_wconf 83' lang='lat' dir='ltr'><strong>veritatis</strong></span> <span class='ocrx_word' id='word_1_60' title='bbox 2059 793 2299 847; x_wconf 74' lang='lat' dir='ltr'><strong>“.iNam</strong></span> <span class='ocrx_word' id='word_1_61' title='bbox 2368 797 2435 853; x_wconf 87' lang='lat' dir='ltr'><strong>de</strong></span> <span class='ocrx_word' id='word_1_62' title='bbox 2456 796 2658 870; x_wconf 81' lang='lat' dir='ltr'><strong>Spiritu</strong></span> <span class='ocrx_word' id='word_1_63' title='bbox 2679 809 2869 854; x_wconf 88' lang='lat' dir='ltr'><strong>sancto</strong></span> <span class='ocrx_word' id='word_1_64' title='bbox 2887 797 3002 852; x_wconf 77' lang='lat' dir='ltr'><strong>h;rc</strong></span> <span class='ocrx_word' id='word_1_65' title='bbox 3016 797 3217 861; x_wconf 84' lang='lat' dir='ltr'><strong>scripta</strong></span> <span class='ocrx_word' id='word_1_66' title='bbox 3233 804 3575 859; x_wconf 62' lang='lat' dir='ltr'><strong>contestans;</strong></span> <span class='ocrx_word' id='word_1_67' title='bbox 3595 795 3639 848; x_wconf 92' lang='lat' dir='ltr'><strong>si</strong></span> <span class='ocrx_word' id='word_1_68' title='bbox 3654 795 3956 865; x_wconf 61' lang='lat' dir='ltr'><strong>diligenter</strong></span> 
     </span>
    </p>
   </div>
   <div class='ocr_carea' id='block_1_10' title="bbox 763 878 2299 951">
    <p class='ocr_par' dir='ltr' id='par_1_10' title="bbox 763 878 2299 951">
     <span class='ocr_line' id='line_1_10' title="bbox 763 878 2299 951; baseline 0.005 -22"><span class='ocrx_word' id='word_1_69' title='bbox 763 891 815 929; x_wconf 91' lang='lat' dir='ltr'><strong>et</strong></span> <span class='ocrx_word' id='word_1_70' title='bbox 849 879 897 930; x_wconf 91' lang='lat' dir='ltr'><strong>in</strong></span> <span class='ocrx_word' id='word_1_71' title='bbox 946 878 1046 934; x_wconf 83' lang='lat' dir='ltr'><strong>hoc</strong></span> <span class='ocrx_word' id='word_1_72' title='bbox 1092 879 1209 935; x_wconf 92' lang='lat' dir='ltr'><strong>loco</strong></span> <span class='ocrx_word' id='word_1_73' title='bbox 1238 882 1559 937; x_wconf 75' lang='lat' dir='ltr'><strong>charismata</strong></span> <span class='ocrx_word' id='word_1_74' title='bbox 1611 881 1700 937; x_wconf 91' lang='lat' dir='ltr'><strong>Dei</strong></span> <span class='ocrx_word' id='word_1_75' title='bbox 1734 883 2199 951; x_wconf 81' lang='lat' dir='ltr'><strong>subiutelliguntur</strong></span> <span class='ocrx_word' id='word_1_76' title='bbox 2247 885 2299 937; x_wconf 92' lang='lat' dir='ltr'><strong>in</strong></span> 
     </span>
    </p>
   </div>
   <div class='ocr_carea' id='block_1_11' title="bbox 765 968 2298 1045">
    <p class='ocr_par' dir='ltr' id='par_1_11' title="bbox 765 968 2298 1045">
     <span class='ocr_line' id='line_1_11' title="bbox 765 968 2298 1045; baseline 0.005 -25"><span class='ocrx_word' id='word_1_77' title='bbox 765 968 987 1036; x_wconf 89' lang='lat' dir='ltr'><strong>Spiritu,</strong></span> <span class='ocrx_word' id='word_1_78' title='bbox 1019 986 1139 1026; x_wconf 90' lang='lat' dir='ltr'><strong>cum</strong></span> <span class='ocrx_word' id='word_1_79' title='bbox 1182 974 1231 1026; x_wconf 89' lang='lat' dir='ltr'><strong>in</strong></span> <span class='ocrx_word' id='word_1_80' title='bbox 1260 974 1678 1028; x_wconf 80' lang='lat' dir='ltr'><strong>sanctiﬁcatione</strong></span> <span class='ocrx_word' id='word_1_81' title='bbox 1711 976 1957 1044; x_wconf 88' lang='lat' dir='ltr'><strong>Spiritus,</strong></span> <span class='ocrx_word' id='word_1_82' title='bbox 1998 975 2125 1028; x_wconf 86' lang='lat' dir='ltr'><strong>lides</strong></span> <span class='ocrx_word' id='word_1_83' title='bbox 2157 976 2298 1045; x_wconf 88' lang='lat' dir='ltr'><strong>pari-</strong></span> 
     </span>
    </p>
   </div>
   <div class='ocr_carea' id='block_1_12' title="bbox 766 1064 1686 1135">
    <p class='ocr_par' dir='ltr' id='par_1_12' title="bbox 766 1064 1686 1135">
     <span class='ocr_line' id='line_1_12' title="bbox 766 1064 1686 1135; baseline 0.008 -24"><span class='ocrx_word' id='word_1_84' title='bbox 766 1069 863 1121; x_wconf 88' lang='lat' dir='ltr'><strong>ter,</strong></span> <span class='ocrx_word' id='word_1_85' title='bbox 888 1072 943 1115; x_wconf 90' lang='lat' dir='ltr'><strong>et</strong></span> <span class='ocrx_word' id='word_1_86' title='bbox 970 1064 1167 1119; x_wconf 86' lang='lat' dir='ltr'><strong>veritas</strong></span> <span class='ocrx_word' id='word_1_87' title='bbox 1196 1065 1527 1132; x_wconf 84' lang='lat' dir='ltr'><strong>possidentur</strong></span> <span class='ocrx_word' id='word_1_88' title='bbox 1555 1067 1686 1135; x_wconf 76' lang='lat'><strong>(28).</strong></span> 
     </span>
    </p>
   </div>
   <div class='ocr_carea' id='block_1_13' title="bbox 835 1151 2295 1221">
    <p class='ocr_par' dir='ltr' id='par_1_13' title="bbox 835 1151 2295 1221">
     <span class='ocr_line' id='line_1_13' title="bbox 835 1151 2295 1221; baseline 0.004 -19"><span class='ocrx_word' id='word_1_89' title='bbox 835 1151 922 1203; x_wconf 68' lang='grc'><strong>54.</strong></span> <span class='ocrx_word' id='word_1_90' title='bbox 965 1151 1097 1216; x_wconf 86' lang='lat' dir='ltr'><strong>Quia</strong></span> <span class='ocrx_word' id='word_1_91' title='bbox 1138 1166 1263 1221; x_wconf 82' lang='lat' dir='ltr'><strong>ergo</strong></span> <span class='ocrx_word' id='word_1_92' title='bbox 1299 1164 1464 1218; x_wconf 84' lang='lat' dir='ltr'><strong>recte,</strong></span> <span class='ocrx_word' id='word_1_93' title='bbox 1511 1164 1563 1209; x_wconf 89' lang='lat' dir='ltr'><strong>et</strong></span> <span class='ocrx_word' id='word_1_94' title='bbox 1596 1154 1701 1221; x_wconf 86' lang='lat' dir='ltr'><strong>pie,</strong></span> <span class='ocrx_word' id='word_1_95' title='bbox 1734 1163 1787 1207; x_wconf 89' lang='lat' dir='ltr'><strong>et</strong></span> <span class='ocrx_word' id='word_1_96' title='bbox 1814 1163 1868 1208; x_wconf 93' lang='lat' dir='ltr'><strong>ut</strong></span> <span class='ocrx_word' id='word_1_97' title='bbox 1899 1170 1955 1207; x_wconf 91' lang='lat' dir='ltr'><strong>se</strong></span> <span class='ocrx_word' id='word_1_98' title='bbox 1985 1157 2179 1208; x_wconf 90' lang='lat' dir='ltr'><strong>veritas</strong></span> <span class='ocrx_word' id='word_1_99' title='bbox 2212 1156 2295 1209; x_wconf 89' lang='lat' dir='ltr'><strong>ba-</strong></span> 
     </span>
    </p>
   </div>
   <div class='ocr_carea' id='block_1_14' title="bbox 765 1241 2303 1311">
    <p class='ocr_par' dir='ltr' id='par_1_14' title="bbox 765 1241 2303 1311">
     <span class='ocr_line' id='line_1_14' title="bbox 765 1241 2303 1311; baseline 0.003 -19"><span class='ocrx_word' id='word_1_100' title='bbox 765 1241 874 1301; x_wconf 89' lang='lat' dir='ltr'><strong>het,</strong></span> <span class='ocrx_word' id='word_1_101' title='bbox 908 1242 1014 1294; x_wconf 63' lang='lat' dir='ltr'><strong>iure</strong></span> <span class='ocrx_word' id='word_1_102' title='bbox 1048 1243 1299 1307; x_wconf 81' lang='lat' dir='ltr'><strong>diximus,</strong></span> <span class='ocrx_word' id='word_1_103' title='bbox 1335 1244 1793 1307; x_wconf 74' lang='lat' dir='ltr'><strong>sanctificationis,</strong></span> <span class='ocrx_word' id='word_1_104' title='bbox 1824 1246 2182 1311; x_wconf 90' lang='lat' dir='ltr'><strong>bonitatisque</strong></span> <span class='ocrx_word' id='word_1_105' title='bbox 2219 1261 2303 1297; x_wconf 83' lang='lat' dir='ltr'><strong>vo-</strong></span> 
     </span>
    </p>
   </div>
   <div class='ocr_carea' id='block_1_15' title="bbox 760 1319 2329 1399">
    <p class='ocr_par' dir='ltr' id='par_1_15' title="bbox 760 1319 2329 1399">
     <span class='ocr_line' id='line_1_15' title="bbox 760 1319 2329 1399; baseline 0.008 -28"><span class='ocrx_word' id='word_1_106' title='bbox 760 1319 1028 1376; x_wconf 82' lang='lat' dir='ltr'><strong>cabulum.</strong></span> <span class='ocrx_word' id='word_1_107' title='bbox 1046 1328 1100 1372; x_wconf 85' lang='lat' dir='ltr'><strong>et</strong></span> <span class='ocrx_word' id='word_1_108' title='bbox 1128 1323 1192 1375; x_wconf 86' lang='lat' dir='ltr'><strong>ad</strong></span> <span class='ocrx_word' id='word_1_109' title='bbox 1221 1322 1459 1386; x_wconf 81' lang='lat' dir='ltr'><strong>Patrem,</strong></span> <span class='ocrx_word' id='word_1_110' title='bbox 1483 1334 1538 1379; x_wconf 92' lang='lat' dir='ltr'><strong>et</strong></span> <span class='ocrx_word' id='word_1_111' title='bbox 1557 1324 1625 1379; x_wconf 85' lang='lat' dir='ltr'><strong>ad</strong></span> <span class='ocrx_word' id='word_1_112' title='bbox 1647 1324 1868 1386; x_wconf 79' lang='lat' dir='ltr'><strong>Filium.</strong></span> <span class='ocrx_word' id='word_1_113' title='bbox 1899 1337 1953 1383; x_wconf 88' lang='lat' dir='ltr'><strong>et</strong></span> <span class='ocrx_word' id='word_1_114' title='bbox 1979 1330 2043 1381; x_wconf 86' lang='lat' dir='ltr'><strong>ad</strong></span> <span class='ocrx_word' id='word_1_115' title='bbox 2069 1329 2329 1399; x_wconf 83' lang='lat' dir='ltr'><strong>Spiritum</strong></span> 
     </span>
    </p>
   </div>
   <div class='ocr_carea' id='block_1_16' title="bbox 760 1411 2330 1489">
    <p class='ocr_par' dir='ltr' id='par_1_16' title="bbox 760 1411 2330 1489">
     <span class='ocr_line' id='line_1_16' title="bbox 760 1411 2330 1489; baseline 0.01 -30"><span class='ocrx_word' id='word_1_116' title='bbox 760 1420 1006 1462; x_wconf 88' lang='lat' dir='ltr'><strong>sanctum</strong></span> <span class='ocrx_word' id='word_1_117' title='bbox 1033 1411 1190 1481; x_wconf 76' lang='lat'><strong>160</strong></span> <span class='ocrx_word' id='word_1_118' title='bbox 1215 1428 1364 1481; x_wconf 71' lang='lat' dir='ltr'><strong>mque</strong></span> <span class='ocrx_word' id='word_1_119' title='bbox 1390 1412 1644 1480; x_wconf 79' lang='lat' dir='ltr'><strong>refertur,</strong></span> <span class='ocrx_word' id='word_1_120' title='bbox 1675 1416 1819 1471; x_wconf 84' lang='lat' dir='ltr'><strong>sicut</strong></span> <span class='ocrx_word' id='word_1_121' title='bbox 1842 1418 1955 1485; x_wconf 87' lang='lat' dir='ltr'><strong>ipsa</strong></span> <span class='ocrx_word' id='word_1_122' title='bbox 1986 1434 2199 1487; x_wconf 85' lang='lat' dir='ltr'><strong>quoque</strong></span> <span class='ocrx_word' id='word_1_123' title='bbox 2235 1438 2330 1489; x_wconf 91' lang='lat' dir='ltr'><strong>ap-</strong></span> 
     </span>
    </p>
   </div>
   <div class='ocr_carea' id='block_1_17' title="bbox 759 1505 2305 1579">
    <p class='ocr_par' dir='ltr' id='par_1_17' title="bbox 759 1505 2305 1579">
     <span class='ocr_line' id='line_1_17' title="bbox 759 1505 2305 1579; baseline 0.006 -23"><span class='ocrx_word' id='word_1_124' title='bbox 759 1505 979 1571; x_wconf 75' lang='lat' dir='ltr'><strong>pellatio</strong></span> <span class='ocrx_word' id='word_1_125' title='bbox 1015 1507 1265 1576; x_wconf 89' lang='lat' dir='ltr'><strong>Spiritus.</strong></span> <span class='ocrx_word' id='word_1_126' title='bbox 1302 1509 1433 1563; x_wconf 81' lang='lat' dir='ltr'><strong>Nam</strong></span> <span class='ocrx_word' id='word_1_127' title='bbox 1465 1520 1517 1564; x_wconf 90' lang='lat' dir='ltr'><strong>et</strong></span> <span class='ocrx_word' id='word_1_128' title='bbox 1548 1511 1703 1565; x_wconf 88' lang='lat' dir='ltr'><strong>Pater</strong></span> <span class='ocrx_word' id='word_1_129' title='bbox 1745 1512 1971 1579; x_wconf 88' lang='lat' dir='ltr'><strong>Spiritus</strong></span> <span class='ocrx_word' id='word_1_130' title='bbox 1997 1512 2214 1575; x_wconf 87' lang='lat' dir='ltr'><strong>dicitur,</strong></span> <span class='ocrx_word' id='word_1_131' title='bbox 2247 1522 2305 1565; x_wconf 94' lang='lat' dir='ltr'><strong>ut</strong></span> 
     </span>
    </p>
   </div>
   <div class='ocr_carea' id='block_1_18' title="bbox 764 1595 2299 1667">
    <p class='ocr_par' dir='ltr' id='par_1_18' title="bbox 764 1595 2299 1667">
     <span class='ocr_line' id='line_1_18' title="bbox 764 1595 2299 1667; baseline 0.006 -21"><span class='ocrx_word' id='word_1_132' title='bbox 764 1595 835 1647; x_wconf 85' lang='lat' dir='ltr'><strong>ibi</strong></span> <span class='ocrx_word' id='word_1_133' title='bbox 862 1616 871 1649; x_wconf 92' lang='lat'><strong>:</strong></span> <span class='ocrx_word' id='word_1_134' title='bbox 903 1615 921 1645; x_wconf 85' lang='grc'><strong>‹</strong></span> <span class='ocrx_word' id='word_1_135' title='bbox 954 1596 1182 1663; x_wconf 79' lang='lat' dir='ltr'><strong>Spiritus</strong></span> <span class='ocrx_word' id='word_1_136' title='bbox 1208 1609 1290 1652; x_wconf 83' lang='lat' dir='ltr'><strong>est</strong></span> <span class='ocrx_word' id='word_1_137' title='bbox 1313 1601 1450 1654; x_wconf 89' lang='lat' dir='ltr'><strong>Deus</strong></span> <span class='ocrx_word' id='word_1_138' title='bbox 1468 1602 1549 1654; x_wconf 84' lang='grc'><strong>¹¹;</strong></span> <span class='ocrx_word' id='word_1_139' title='bbox 1578 1620 1595 1651; x_wconf 81' lang='grc' dir='ltr'><strong>ι</strong></span> <span class='ocrx_word' id='word_1_140' title='bbox 1623 1614 1675 1653; x_wconf 90' lang='lat' dir='ltr'><strong>et</strong></span> <span class='ocrx_word' id='word_1_141' title='bbox 1694 1599 1857 1654; x_wconf 89' lang='lat' dir='ltr'><strong>Filius</strong></span> <span class='ocrx_word' id='word_1_142' title='bbox 1890 1601 2119 1667; x_wconf 86' lang='lat' dir='ltr'><strong>Spiritus</strong></span> <span class='ocrx_word' id='word_1_143' title='bbox 2160 1602 2299 1667; x_wconf 70' lang='lat'><strong>(29):</strong></span> 
     </span>
    </p>
   </div>
   <div class='ocr_carea' id='block_1_19' title="bbox 768 1680 2304 1756">
    <p class='ocr_par' dir='ltr' id='par_1_19' title="bbox 768 1680 2304 1756">
     <span class='ocr_line' id='line_1_19' title="bbox 768 1680 2304 1756; baseline 0.007 -22"><span class='ocrx_word' id='word_1_144' title='bbox 768 1700 787 1734; x_wconf 75' lang='grc' dir='ltr'><strong>ι</strong></span> <span class='ocrx_word' id='word_1_145' title='bbox 832 1680 1109 1748; x_wconf 84' lang='lat' dir='ltr'><strong>Dominus,</strong></span> <span class='ocrx_word' id='word_1_146' title='bbox 1150 1705 1166 1737; x_wconf 84' lang='grc' dir='ltr'><strong>ι</strong></span> <span class='ocrx_word' id='word_1_147' title='bbox 1219 1689 1406 1755; x_wconf 88' lang='lat' dir='ltr'><strong>inquit,</strong></span> <span class='ocrx_word' id='word_1_148' title='bbox 1468 1706 1486 1738; x_wconf 70' lang='grc' dir='ltr'><em>α</em></span> <span class='ocrx_word' id='word_1_149' title='bbox 1533 1689 1761 1756; x_wconf 88' lang='lat' dir='ltr'><strong>Spiritus</strong></span> <span class='ocrx_word' id='word_1_150' title='bbox 1802 1694 1975 1743; x_wconf 73' lang='lat' dir='ltr'><strong>est&quot;.</strong></span> <span class='ocrx_word' id='word_1_151' title='bbox 2026 1710 2043 1740; x_wconf 74' lang='grc' dir='ltr'><strong>ι</strong></span> <span class='ocrx_word' id='word_1_152' title='bbox 2075 1691 2304 1753; x_wconf 88' lang='lat' dir='ltr'><strong>Spiritus</strong></span> 
     </span>
    </p>
   </div>
   <div class='ocr_carea' id='block_1_20' title="bbox 762 1780 2302 1850">
    <p class='ocr_par' dir='ltr' id='par_1_20' title="bbox 762 1780 2302 1850">
     <span class='ocr_line' id='line_1_20' title="bbox 762 1780 2302 1850; baseline 0.005 -24"><span class='ocrx_word' id='word_1_153' title='bbox 762 1786 941 1834; x_wconf 66' lang='lat' dir='ltr'><strong>autem</strong></span> <span class='ocrx_word' id='word_1_154' title='bbox 1027 1790 1280 1836; x_wconf 83' lang='lat' dir='ltr'><strong>sanctus.</strong></span> <span class='ocrx_word' id='word_1_155' title='bbox 1368 1794 1578 1846; x_wconf 84' lang='lat' dir='ltr'><strong>semper</strong></span> <span class='ocrx_word' id='word_1_156' title='bbox 1643 1780 1870 1847; x_wconf 87' lang='lat' dir='ltr'><strong>Spiritus</strong></span> <span class='ocrx_word' id='word_1_157' title='bbox 1942 1782 2116 1835; x_wconf 81' lang='lat' dir='ltr'><strong>sani-ti</strong></span> <span class='ocrx_word' id='word_1_158' title='bbox 2210 1797 2302 1850; x_wconf 89' lang='lat' dir='ltr'><strong>ap-</strong></span> 
     </span>
    </p>
   </div>
   <div class='ocr_carea' id='block_1_21' title="bbox 2403 877 3950 955">
    <p class='ocr_par' dir='ltr' id='par_1_21' title="bbox 2403 877 3950 955">
     <span class='ocr_line' id='line_1_21' title="bbox 2403 877 3950 955; baseline -0.006 -17"><span class='ocrx_word' id='word_1_159' title='bbox 2403 890 2561 941; x_wconf 84' lang='lat' dir='ltr'><strong>verba</strong></span> <span class='ocrx_word' id='word_1_160' title='bbox 2582 890 2690 955; x_wconf 63' lang='lat' dir='ltr'><strong>ipsa</strong></span> <span class='ocrx_word' id='word_1_161' title='bbox 2713 887 3029 947; x_wconf 78' lang='lat' dir='ltr'><strong>consideret,</strong></span> <span class='ocrx_word' id='word_1_162' title='bbox 3057 882 3291 938; x_wconf 75' lang='lat' dir='ltr'><strong>cessabit</strong></span> <span class='ocrx_word' id='word_1_163' title='bbox 3316 893 3563 936; x_wconf 79' lang='lat' dir='ltr'><strong>asserere</strong></span> <span class='ocrx_word' id='word_1_164' title='bbox 3586 877 3950 933; x_wconf 89' lang='lat' dir='ltr'><strong>mendacium.</strong></span> 
     </span>
    </p>
   </div>
   <div class='ocr_carea' id='block_1_22' title="bbox 2405 967 3954 1046">
    <p class='ocr_par' dir='ltr' id='par_1_22' title="bbox 2405 967 3954 1046">
     <span class='ocr_line' id='line_1_22' title="bbox 2405 967 3954 1046; baseline -0.01 -13"><span class='ocrx_word' id='word_1_165' title='bbox 2405 980 2674 1046; x_wconf 73' lang='lat' dir='ltr'><strong>Siquidem</strong></span> <span class='ocrx_word' id='word_1_166' title='bbox 2701 979 2769 1031; x_wconf 88' lang='lat' dir='ltr'><strong>ita</strong></span> <span class='ocrx_word' id='word_1_167' title='bbox 2799 980 3055 1045; x_wconf 87' lang='lat' dir='ltr'><strong>scriptum</strong></span> <span class='ocrx_word' id='word_1_168' title='bbox 3098 984 3216 1029; x_wconf 90' lang='lat' dir='ltr'><strong>est:</strong></span> <span class='ocrx_word' id='word_1_169' title='bbox 3255 991 3275 1024; x_wconf 76' lang='grc' dir='ltr'><strong>ι</strong></span> <span class='ocrx_word' id='word_1_170' title='bbox 3306 972 3441 1038; x_wconf 85' lang='lat' dir='ltr'><strong>Quis</strong></span> <span class='ocrx_word' id='word_1_171' title='bbox 3473 971 3612 1024; x_wconf 89' lang='lat' dir='ltr'><strong>enim</strong></span> <span class='ocrx_word' id='word_1_172' title='bbox 3640 969 3742 1025; x_wconf 84' lang='lat' dir='ltr'><strong>scit</strong></span> <span class='ocrx_word' id='word_1_173' title='bbox 3780 967 3954 1021; x_wconf 85' lang='lat' dir='ltr'><strong>homi-</strong></span> 
     </span>
    </p>
   </div>
   <div class='ocr_carea' id='block_1_23' title="bbox 2404 1054 3955 1135">
    <p class='ocr_par' dir='ltr' id='par_1_23' title="bbox 2404 1054 3955 1135">
     <span class='ocr_line' id='line_1_23' title="bbox 2404 1054 3955 1135; baseline -0.01 -15"><span class='ocrx_word' id='word_1_174' title='bbox 2404 1085 2524 1121; x_wconf 92' lang='lat' dir='ltr'><strong>num</strong></span> <span class='ocrx_word' id='word_1_175' title='bbox 2558 1084 2672 1135; x_wconf 68' lang='lat' dir='ltr'><strong>quae</strong></span> <span class='ocrx_word' id='word_1_176' title='bbox 2714 1078 2837 1120; x_wconf 89' lang='lat' dir='ltr'><strong>sunt</strong></span> <span class='ocrx_word' id='word_1_177' title='bbox 2868 1063 3097 1119; x_wconf 87' lang='lat' dir='ltr'><strong>hominis</strong></span> <span class='ocrx_word' id='word_1_178' title='bbox 3122 1104 3136 1127; x_wconf 92' lang='lat'><strong>,</strong></span> <span class='ocrx_word' id='word_1_179' title='bbox 3170 1062 3269 1116; x_wconf 90' lang='lat' dir='ltr'><strong>nisi</strong></span> <span class='ocrx_word' id='word_1_180' title='bbox 3300 1058 3517 1129; x_wconf 87' lang='lat' dir='ltr'><strong>spiritus</strong></span> <span class='ocrx_word' id='word_1_181' title='bbox 3558 1055 3825 1117; x_wconf 84' lang='lat' dir='ltr'><strong>hominis,</strong></span> <span class='ocrx_word' id='word_1_182' title='bbox 3860 1054 3955 1121; x_wconf 91' lang='lat' dir='ltr'><strong>qui</strong></span> 
     </span>
    </p>
   </div>
   <div class='ocr_carea' id='block_1_24' title="bbox 2404 1144 3955 1221">
    <p class='ocr_par' dir='ltr' id='par_1_24' title="bbox 2404 1144 3955 1221">
     <span class='ocr_line' id='line_1_24' title="bbox 2404 1144 3955 1221; baseline -0.008 -11"><span class='ocrx_word' id='word_1_183' title='bbox 2404 1160 2454 1211; x_wconf 92' lang='lat' dir='ltr'><strong>in</strong></span> <span class='ocrx_word' id='word_1_184' title='bbox 2495 1173 2559 1211; x_wconf 84' lang='lat' dir='ltr'><strong>eo</strong></span> <span class='ocrx_word' id='word_1_185' title='bbox 2588 1158 2715 1210; x_wconf 80' lang='lat' dir='ltr'><strong>est?</strong></span> <span class='ocrx_word' id='word_1_186' title='bbox 2743 1156 2831 1209; x_wconf 85' lang='lat' dir='ltr'><strong>Sic</strong></span> <span class='ocrx_word' id='word_1_187' title='bbox 2861 1164 2914 1209; x_wconf 91' lang='lat' dir='ltr'><strong>et</strong></span> <span class='ocrx_word' id='word_1_188' title='bbox 2943 1169 3004 1207; x_wconf 81' lang='lat' dir='ltr'><strong>ea</strong></span> <span class='ocrx_word' id='word_1_189' title='bbox 3035 1167 3151 1221; x_wconf 73' lang='lat' dir='ltr'><strong>qua:</strong></span> <span class='ocrx_word' id='word_1_190' title='bbox 3186 1161 3308 1203; x_wconf 86' lang='lat' dir='ltr'><strong>sunt</strong></span> <span class='ocrx_word' id='word_1_191' title='bbox 3338 1148 3462 1207; x_wconf 84' lang='lat' dir='ltr'><strong>Dei,</strong></span> <span class='ocrx_word' id='word_1_192' title='bbox 3494 1160 3649 1200; x_wconf 89' lang='lat' dir='ltr'><strong>nemo</strong></span> <span class='ocrx_word' id='word_1_193' title='bbox 3672 1146 3772 1198; x_wconf 91' lang='lat' dir='ltr'><strong>scit</strong></span> <span class='ocrx_word' id='word_1_194' title='bbox 3793 1185 3807 1207; x_wconf 86' lang='lat'><strong>,</strong></span> <span class='ocrx_word' id='word_1_195' title='bbox 3847 1144 3955 1197; x_wconf 74' lang='lat' dir='ltr'><strong>ni~i</strong></span> 
     </span>
    </p>
   </div>
   <div class='ocr_carea' id='block_1_25' title="bbox 2406 1233 3958 1315">
    <p class='ocr_par' dir='ltr' id='par_1_25' title="bbox 2406 1233 3958 1315">
     <span class='ocr_line' id='line_1_25' title="bbox 2406 1233 3958 1315; baseline -0.009 -15"><span class='ocrx_word' id='word_1_196' title='bbox 2406 1247 2637 1315; x_wconf 76' lang='lat' dir='ltr'><strong>Spiritus</strong></span> <span class='ocrx_word' id='word_1_197' title='bbox 2654 1248 2742 1298; x_wconf 86' lang='lat' dir='ltr'><strong>Dci</strong></span> <span class='ocrx_word' id='word_1_198' title='bbox 2759 1246 2825 1299; x_wconf 82' lang='grc' dir='ltr'><strong>⁸ο.</strong></span> <span class='ocrx_word' id='word_1_199' title='bbox 2842 1265 2858 1296; x_wconf 79' lang='grc' dir='ltr'><strong>ι</strong></span> <span class='ocrx_word' id='word_1_200' title='bbox 2885 1242 3159 1310; x_wconf 85' lang='lat' dir='ltr'><strong>Quomodo</strong></span> <span class='ocrx_word' id='word_1_201' title='bbox 3182 1240 3324 1293; x_wconf 91' lang='lat' dir='ltr'><strong>enim</strong></span> <span class='ocrx_word' id='word_1_202' title='bbox 3352 1238 3486 1290; x_wconf 81' lang='lat' dir='ltr'><strong>alius</strong></span> <span class='ocrx_word' id='word_1_203' title='bbox 3508 1245 3592 1290; x_wconf 88' lang='lat' dir='ltr'><strong>est</strong></span> <span class='ocrx_word' id='word_1_204' title='bbox 3609 1234 3789 1298; x_wconf 87' lang='lat' dir='ltr'><strong>homo,</strong></span> <span class='ocrx_word' id='word_1_205' title='bbox 3815 1233 3958 1287; x_wconf 86' lang='lat' dir='ltr'><strong>alius</strong></span> 
     </span>
    </p>
   </div>
   <div class='ocr_carea' id='block_1_26' title="bbox 2402 1324 3955 1403">
    <p class='ocr_par' dir='ltr' id='par_1_26' title="bbox 2402 1324 3955 1403">
     <span class='ocr_line' id='line_1_26' title="bbox 2402 1324 3955 1403; baseline -0.01 -14"><span class='ocrx_word' id='word_1_206' title='bbox 2402 1348 2482 1391; x_wconf 83' lang='lat' dir='ltr'><strong>est</strong></span> <span class='ocrx_word' id='word_1_207' title='bbox 2521 1340 2676 1398; x_wconf 88' lang='lat' dir='ltr'><strong>Deus,</strong></span> <span class='ocrx_word' id='word_1_208' title='bbox 2715 1337 2793 1389; x_wconf 90' lang='lat' dir='ltr'><strong>sic</strong></span> <span class='ocrx_word' id='word_1_209' title='bbox 2841 1346 2893 1389; x_wconf 88' lang='lat' dir='ltr'><strong>et</strong></span> <span class='ocrx_word' id='word_1_210' title='bbox 2930 1334 3151 1403; x_wconf 80' lang='lat' dir='ltr'><strong>spiritus</strong></span> <span class='ocrx_word' id='word_1_211' title='bbox 3194 1327 3455 1391; x_wconf 86' lang='lat' dir='ltr'><strong>hominis,</strong></span> <span class='ocrx_word' id='word_1_212' title='bbox 3491 1326 3578 1393; x_wconf 88' lang='lat' dir='ltr'><strong>qui</strong></span> <span class='ocrx_word' id='word_1_213' title='bbox 3626 1334 3708 1377; x_wconf 89' lang='lat' dir='ltr'><strong>est</strong></span> <span class='ocrx_word' id='word_1_214' title='bbox 3756 1324 3810 1376; x_wconf 90' lang='lat' dir='ltr'><strong>in</strong></span> <span class='ocrx_word' id='word_1_215' title='bbox 3867 1336 3955 1383; x_wconf 88' lang='lat' dir='ltr'><strong>eo,</strong></span> 
     </span>
    </p>
   </div>
   <div class='ocr_carea' id='block_1_27' title="bbox 2402 1412 3956 1495">
    <p class='ocr_par' dir='ltr' id='par_1_27' title="bbox 2402 1412 3956 1495">
     <span class='ocr_line' id='line_1_27' title="bbox 2402 1412 3956 1495; baseline -0.012 -15"><span class='ocrx_word' id='word_1_216' title='bbox 2402 1440 2680 1495; x_wconf 84' lang='lat' dir='ltr'><strong>separatur</strong></span> <span class='ocrx_word' id='word_1_217' title='bbox 2702 1442 2729 1478; x_wconf 89' lang='lat' dir='ltr'><strong>a</strong></span> <span class='ocrx_word' id='word_1_218' title='bbox 2755 1424 2955 1493; x_wconf 88' lang='lat' dir='ltr'><strong>Spiritu</strong></span> <span class='ocrx_word' id='word_1_219' title='bbox 2981 1422 3091 1485; x_wconf 78' lang='lat' dir='ltr'><strong>Dei,</strong></span> <span class='ocrx_word' id='word_1_220' title='bbox 3112 1420 3199 1490; x_wconf 86' lang='lat' dir='ltr'><strong>qui</strong></span> <span class='ocrx_word' id='word_1_221' title='bbox 3221 1418 3373 1473; x_wconf 87' lang='lat' dir='ltr'><strong>estin</strong></span> <span class='ocrx_word' id='word_1_222' title='bbox 3392 1432 3486 1471; x_wconf 91' lang='lat' dir='ltr'><strong>eo:</strong></span> <span class='ocrx_word' id='word_1_223' title='bbox 3514 1431 3666 1484; x_wconf 87' lang='lat' dir='ltr'><strong>quem</strong></span> <span class='ocrx_word' id='word_1_224' title='bbox 3692 1412 3956 1480; x_wconf 78' lang='lat' dir='ltr'><strong>Spiritum</strong></span> 
     </span>
    </p>
   </div>
   <div class='ocr_carea' id='block_1_28' title="bbox 2404 1499 3959 1581">
    <p class='ocr_par' dir='ltr' id='par_1_28' title="bbox 2404 1499 3959 1581">
     <span class='ocr_line' id='line_1_28' title="bbox 2404 1499 3959 1581; baseline -0.014 -13"><span class='ocrx_word' id='word_1_225' title='bbox 2404 1524 2643 1568; x_wconf 84' lang='lat' dir='ltr'><strong>sanctum</strong></span> <span class='ocrx_word' id='word_1_226' title='bbox 2679 1515 2982 1581; x_wconf 77' lang='lat' dir='ltr'><strong>frequenter</strong></span> <span class='ocrx_word' id='word_1_227' title='bbox 3010 1508 3359 1564; x_wconf 88' lang='lat' dir='ltr'><strong>ostendimus.</strong></span> <span class='ocrx_word' id='word_1_228' title='bbox 3409 1504 3512 1558; x_wconf 85' lang='lat' dir='ltr'><strong>Sed</strong></span> <span class='ocrx_word' id='word_1_229' title='bbox 3539 1513 3592 1555; x_wconf 90' lang='lat' dir='ltr'><strong>et</strong></span> <span class='ocrx_word' id='word_1_230' title='bbox 3619 1503 3670 1555; x_wconf 92' lang='lat' dir='ltr'><strong>in</strong></span> <span class='ocrx_word' id='word_1_231' title='bbox 3703 1501 3807 1552; x_wconf 88' lang='lat' dir='ltr'><strong>alio</strong></span> <span class='ocrx_word' id='word_1_232' title='bbox 3835 1499 3959 1550; x_wconf 85' lang='lat' dir='ltr'><strong>loco</strong></span> 
     </span>
    </p>
   </div>
   <div class='ocr_carea' id='block_1_29' title="bbox 2404 1591 3954 1670">
    <p class='ocr_par' dir='ltr' id='par_1_29' title="bbox 2404 1591 3954 1670">
     <span class='ocr_line' id='line_1_29' title="bbox 2404 1591 3954 1670; baseline -0.01 -15"><span class='ocrx_word' id='word_1_233' title='bbox 2404 1606 2539 1657; x_wconf 82' lang='lat' dir='ltr'><strong>idem</strong></span> <span class='ocrx_word' id='word_1_234' title='bbox 2576 1603 2854 1670; x_wconf 82' lang='lat' dir='ltr'><strong>Apostolus</strong></span> <span class='ocrx_word' id='word_1_235' title='bbox 2879 1617 2907 1654; x_wconf 90' lang='lat' dir='ltr'><strong>a</strong></span> <span class='ocrx_word' id='word_1_236' title='bbox 2934 1608 3115 1654; x_wconf 83' lang='lat' dir='ltr'><strong>nostro</strong></span> <span class='ocrx_word' id='word_1_237' title='bbox 3137 1596 3326 1666; x_wconf 87' lang='lat' dir='ltr'><strong>spiritu</strong></span> <span class='ocrx_word' id='word_1_238' title='bbox 3356 1594 3613 1662; x_wconf 88' lang='lat' dir='ltr'><strong>Spiritum</strong></span> <span class='ocrx_word' id='word_1_239' title='bbox 3649 1591 3739 1645; x_wconf 84' lang='lat' dir='ltr'><strong>Dei</strong></span> <span class='ocrx_word' id='word_1_240' title='bbox 3766 1604 3954 1642; x_wconf 78' lang='lat' dir='ltr'><strong>secer-</strong></span> 
     </span>
    </p>
   </div>
   <div class='ocr_carea' id='block_1_30' title="bbox 2405 1680 3959 1760">
    <p class='ocr_par' dir='ltr' id='par_1_30' title="bbox 2405 1680 3959 1760">
     <span class='ocr_line' id='line_1_30' title="bbox 2405 1680 3959 1760; baseline -0.01 -15"><span class='ocrx_word' id='word_1_241' title='bbox 2405 1709 2554 1756; x_wconf 82' lang='lat' dir='ltr'><strong>nrns,</strong></span> <span class='ocrx_word' id='word_1_242' title='bbox 2578 1694 2684 1745; x_wconf 86' lang='lat' dir='ltr'><strong>ait:</strong></span> <span class='ocrx_word' id='word_1_243' title='bbox 2711 1710 2729 1742; x_wconf 76' lang='grc' dir='ltr'><strong>ι</strong></span> <span class='ocrx_word' id='word_1_244' title='bbox 2755 1693 2867 1759; x_wconf 85' lang='lat' dir='ltr'><strong>ipse</strong></span> <span class='ocrx_word' id='word_1_245' title='bbox 2895 1690 3125 1760; x_wconf 89' lang='lat' dir='ltr'><strong>Spiritus</strong></span> <span class='ocrx_word' id='word_1_246' title='bbox 3151 1685 3507 1742; x_wconf 90' lang='lat' dir='ltr'><strong>testimonium</strong></span> <span class='ocrx_word' id='word_1_247' title='bbox 3528 1681 3767 1750; x_wconf 85' lang='lat' dir='ltr'><strong>perhibet</strong></span> <span class='ocrx_word' id='word_1_248' title='bbox 3792 1680 3959 1747; x_wconf 85' lang='lat' dir='ltr'><strong>spiri-</strong></span> 
     </span>
    </p>
   </div>
   <div class='ocr_carea' id='block_1_31' title="bbox 2410 1769 3953 1848">
    <p class='ocr_par' dir='ltr' id='par_1_31' title="bbox 2410 1769 3953 1848">
     <span class='ocr_line' id='line_1_31' title="bbox 2410 1769 3953 1848; baseline -0.01 -14"><span class='ocrx_word' id='word_1_249' title='bbox 2410 1784 2484 1834; x_wconf 86' lang='lat' dir='ltr'><strong>tui</strong></span> <span class='ocrx_word' id='word_1_250' title='bbox 2521 1791 2701 1835; x_wconf 90' lang='lat' dir='ltr'><strong>nostro</strong></span> <span class='ocrx_word' id='word_1_251' title='bbox 2724 1781 2789 1847; x_wconf 78' lang='grc'><strong>³⁸,</strong></span> <span class='ocrx_word' id='word_1_252' title='bbox 2830 1799 2848 1831; x_wconf 75' lang='grc' dir='ltr'><strong>ι</strong></span> <span class='ocrx_word' id='word_1_253' title='bbox 2891 1780 2989 1834; x_wconf 86' lang='lat' dir='ltr'><strong>hoc</strong></span> <span class='ocrx_word' id='word_1_254' title='bbox 3027 1776 3366 1848; x_wconf 82' lang='lat' dir='ltr'><strong>signiﬁcans,</strong></span> <span class='ocrx_word' id='word_1_255' title='bbox 3397 1773 3536 1839; x_wconf 86' lang='lat' dir='ltr'><strong>quod</strong></span> <span class='ocrx_word' id='word_1_256' title='bbox 3560 1771 3779 1838; x_wconf 86' lang='lat' dir='ltr'><strong>spiritus</strong></span> <span class='ocrx_word' id='word_1_257' title='bbox 3821 1769 3913 1822; x_wconf 76' lang='lat' dir='ltr'><strong>Dei</strong></span> <span class='ocrx_word' id='word_1_258' title='bbox 3937 1807 3953 1828; x_wconf 93' lang='lat'><strong>,</strong></span> 
     </span>
    </p>
   </div>
   <div class='ocr_carea' id='block_1_32' title="bbox 761 1844 3958 1940">
    <p class='ocr_par' dir='ltr' id='par_1_32' title="bbox 761 1844 3958 1940">
     <span class='ocr_line' id='line_1_32' title="bbox 761 1844 3958 1940; baseline -0.003 -20"><span class='ocrx_word' id='word_1_259' title='bbox 761 1868 1044 1932; x_wconf 85' lang='lat' dir='ltr'><strong>pellatione</strong></span> <span class='ocrx_word' id='word_1_260' title='bbox 1108 1880 1371 1932; x_wconf 77' lang='lat' dir='ltr'><strong>censetur,</strong></span> <span class='ocrx_word' id='word_1_261' title='bbox 1419 1886 1520 1924; x_wconf 92' lang='lat' dir='ltr'><strong>non</strong></span> <span class='ocrx_word' id='word_1_262' title='bbox 1574 1874 1710 1937; x_wconf 88' lang='lat' dir='ltr'><strong>quod</strong></span> <span class='ocrx_word' id='word_1_263' title='bbox 1771 1886 1832 1924; x_wconf 80' lang='lat' dir='ltr'><strong>ex</strong></span> <span class='ocrx_word' id='word_1_264' title='bbox 1878 1874 2147 1927; x_wconf 83' lang='lat' dir='ltr'><strong>consortio</strong></span> <span class='ocrx_word' id='word_1_265' title='bbox 2191 1886 2302 1927; x_wconf 80' lang='lat' dir='ltr'><strong>taa-</strong></span> <span class='ocrx_word' id='word_1_266' title='bbox 2333 1844 2374 1897; x_wconf 75' lang='lat' dir='ltr'><strong>B</strong></span> <span class='ocrx_word' id='word_1_267' title='bbox 2407 1873 2455 1924; x_wconf 88' lang='lat' dir='ltr'><strong>id</strong></span> <span class='ocrx_word' id='word_1_268' title='bbox 2483 1882 2563 1925; x_wconf 90' lang='lat' dir='ltr'><strong>est</strong></span> <span class='ocrx_word' id='word_1_269' title='bbox 2589 1872 2819 1940; x_wconf 89' lang='lat' dir='ltr'><strong>Spiritus</strong></span> <span class='ocrx_word' id='word_1_270' title='bbox 2840 1878 3055 1923; x_wconf 89' lang='lat' dir='ltr'><strong>sanctus</strong></span> <span class='ocrx_word' id='word_1_271' title='bbox 3081 1907 3095 1930; x_wconf 94' lang='lat'><strong>,</strong></span> <span class='ocrx_word' id='word_1_272' title='bbox 3133 1863 3497 1939; x_wconf 77' lang='lat' dir='ltr'><strong>testimonium</strong></span> <span class='ocrx_word' id='word_1_273' title='bbox 3532 1860 3739 1928; x_wconf 88' lang='lat' dir='ltr'><strong>spiritui</strong></span> <span class='ocrx_word' id='word_1_274' title='bbox 3767 1872 3958 1911; x_wconf 69' lang='lat' dir='ltr'><strong>uosuo</strong></span> 
     </span>
    </p>
   </div>
   <div class='ocr_carea' id='block_1_33' title="bbox 763 1956 2308 2026">
    <p class='ocr_par' dir='ltr' id='par_1_33' title="bbox 763 1956 2308 2026">
     <span class='ocr_line' id='line_1_33' title="bbox 763 1956 2308 2026; baseline 0.003 -16"><span class='ocrx_word' id='word_1_275' title='bbox 763 1963 874 2010; x_wconf 80' lang='lat' dir='ltr'><strong>tum</strong></span> <span class='ocrx_word' id='word_1_276' title='bbox 910 1956 1136 2009; x_wconf 58' lang='lat' dir='ltr'><strong>neminis</strong></span> <span class='ocrx_word' id='word_1_277' title='bbox 1193 1957 1422 2024; x_wconf 70' lang='lat' dir='ltr'><strong>Spiritus</strong></span> <span class='ocrx_word' id='word_1_278' title='bbox 1462 1973 1582 2011; x_wconf 84' lang='lat' dir='ltr'><strong>cum</strong></span> <span class='ocrx_word' id='word_1_279' title='bbox 1634 1957 1793 2010; x_wconf 82' lang='lat' dir='ltr'><strong>Patre</strong></span> <span class='ocrx_word' id='word_1_280' title='bbox 1838 1970 2062 2026; x_wconf 81' lang='lat' dir='ltr'><strong>ponatur</strong></span> <span class='ocrx_word' id='word_1_281' title='bbox 2126 1973 2173 2014; x_wconf 94' lang='lat' dir='ltr'><strong>et</strong></span> <span class='ocrx_word' id='word_1_282' title='bbox 2219 1960 2308 2014; x_wconf 86' lang='lat' dir='ltr'><strong>Fi-</strong></span> 
     </span>
    </p>
   </div>
   <div class='ocr_carea' id='block_1_34' title="bbox 762 2041 2307 2114">
    <p class='ocr_par' dir='ltr' id='par_1_34' title="bbox 762 2041 2307 2114">
     <span class='ocr_line' id='line_1_34' title="bbox 762 2041 2307 2114; baseline 0.003 -18"><span class='ocrx_word' id='word_1_283' title='bbox 762 2041 859 2108; x_wconf 85' lang='lat' dir='ltr'><strong>lio,</strong></span> <span class='ocrx_word' id='word_1_284' title='bbox 890 2044 977 2097; x_wconf 88' lang='lat' dir='ltr'><strong>sed</strong></span> <span class='ocrx_word' id='word_1_285' title='bbox 1014 2044 1150 2110; x_wconf 88' lang='lat' dir='ltr'><strong>quod</strong></span> <span class='ocrx_word' id='word_1_286' title='bbox 1211 2060 1311 2097; x_wconf 86' lang='lat' dir='ltr'><strong>una</strong></span> <span class='ocrx_word' id='word_1_287' title='bbox 1365 2055 1580 2109; x_wconf 69' lang='lat' dir='ltr'><strong>natura,</strong></span> <span class='ocrx_word' id='word_1_288' title='bbox 1611 2060 1772 2098; x_wconf 88' lang='lat' dir='ltr'><strong>unum</strong></span> <span class='ocrx_word' id='word_1_289' title='bbox 1819 2047 2085 2114; x_wconf 81' lang='lat' dir='ltr'><strong>possideat</strong></span> <span class='ocrx_word' id='word_1_290' title='bbox 2132 2056 2184 2100; x_wconf 92' lang='lat' dir='ltr'><strong>et</strong></span> <span class='ocrx_word' id='word_1_291' title='bbox 2214 2063 2307 2101; x_wconf 87' lang='lat' dir='ltr'><strong>no-</strong></span> 
     </span>
    </p>
   </div>
   <div class='ocr_carea' id='block_1_35' title="bbox 761 2124 2307 2201">
    <p class='ocr_par' dir='ltr' id='par_1_35' title="bbox 761 2124 2307 2201">
     <span class='ocr_line' id='line_1_35' title="bbox 761 2124 2307 2201; baseline 0.001 -14"><span class='ocrx_word' id='word_1_292' title='bbox 761 2148 906 2187; x_wconf 89' lang='lat' dir='ltr'><strong>men.</strong></span> <span class='ocrx_word' id='word_1_293' title='bbox 954 2135 1087 2199; x_wconf 85' lang='lat' dir='ltr'><strong>Quia</strong></span> <span class='ocrx_word' id='word_1_294' title='bbox 1147 2124 1555 2201; x_wconf 17' lang='lat' dir='ltr'><strong>vero‘Spiritus</strong></span> <span class='ocrx_word' id='word_1_295' title='bbox 1612 2134 1926 2188; x_wconf 79' lang='lat' dir='ltr'><strong>vocabulum</strong></span> <span class='ocrx_word' id='word_1_296' title='bbox 1998 2133 2159 2187; x_wconf 87' lang='lat' dir='ltr'><strong>multa</strong></span> <span class='ocrx_word' id='word_1_297' title='bbox 2234 2136 2307 2189; x_wconf 88' lang='lat' dir='ltr'><strong>si-</strong></span> 
     </span>
    </p>
   </div>
   <div class='ocr_carea' id='block_1_36' title="bbox 762 2224 2303 2293">
    <p class='ocr_par' dir='ltr' id='par_1_36' title="bbox 762 2224 2303 2293">
     <span class='ocr_line' id='line_1_36' title="bbox 762 2224 2303 2293; baseline 0.004 -19"><span class='ocrx_word' id='word_1_298' title='bbox 762 2224 1006 2292; x_wconf 75' lang='lat' dir='ltr'><strong>gnificat,</strong></span> <span class='ocrx_word' id='word_1_299' title='bbox 1038 2225 1448 2280; x_wconf 86' lang='lat' dir='ltr'><strong>enumerandum</strong></span> <span class='ocrx_word' id='word_1_300' title='bbox 1500 2232 1579 2278; x_wconf 90' lang='lat' dir='ltr'><strong>est</strong></span> <span class='ocrx_word' id='word_1_301' title='bbox 1632 2224 1865 2278; x_wconf 83' lang='lat' dir='ltr'><strong>breviter</strong></span> <span class='ocrx_word' id='word_1_302' title='bbox 1902 2224 2095 2293; x_wconf 82' lang='lat' dir='ltr'><strong>quibus</strong></span> <span class='ocrx_word' id='word_1_303' title='bbox 2145 2226 2303 2281; x_wconf 86' lang='lat' dir='ltr'><strong>rebus</strong></span> 
     </span>
    </p>
   </div>
   <div class='ocr_carea' id='block_1_37' title="bbox 760 2315 2298 2384">
    <p class='ocr_par' dir='ltr' id='par_1_37' title="bbox 760 2315 2298 2384">
     <span class='ocr_line' id='line_1_37' title="bbox 760 2315 2298 2384; baseline 0.001 -18"><span class='ocrx_word' id='word_1_304' title='bbox 760 2332 953 2369; x_wconf 87' lang='lat' dir='ltr'><strong>nomen</strong></span> <span class='ocrx_word' id='word_1_305' title='bbox 1002 2317 1116 2384; x_wconf 85' lang='lat' dir='ltr'><strong>ejus</strong></span> <span class='ocrx_word' id='word_1_306' title='bbox 1161 2326 1384 2383; x_wconf 85' lang='lat' dir='ltr'><strong>aptetur.</strong></span> <span class='ocrx_word' id='word_1_307' title='bbox 1446 2316 1672 2369; x_wconf 77' lang='lat' dir='ltr'><strong>Vocatur</strong></span> <span class='ocrx_word' id='word_1_308' title='bbox 1713 2315 1932 2383; x_wconf 78' lang='lat' dir='ltr'><strong>Spiritus</strong></span> <span class='ocrx_word' id='word_1_309' title='bbox 1994 2324 2049 2369; x_wconf 88' lang='lat' dir='ltr'><strong>et</strong></span> <span class='ocrx_word' id='word_1_310' title='bbox 2092 2325 2298 2379; x_wconf 86' lang='lat' dir='ltr'><strong>ventus,</strong></span> 
     </span>
    </p>
   </div>
   <div class='ocr_carea' id='block_1_38' title="bbox 761 2403 2303 2472">
    <p class='ocr_par' dir='ltr' id='par_1_38' title="bbox 761 2403 2303 2472">
     <span class='ocr_line' id='line_1_38' title="bbox 761 2403 2303 2472; baseline 0.001 -15"><span class='ocrx_word' id='word_1_311' title='bbox 761 2405 900 2457; x_wconf 89' lang='lat' dir='ltr'><strong>sicut</strong></span> <span class='ocrx_word' id='word_1_312' title='bbox 948 2405 1000 2457; x_wconf 93' lang='lat' dir='ltr'><strong>in</strong></span> <span class='ocrx_word' id='word_1_313' title='bbox 1046 2405 1324 2457; x_wconf 77' lang='lat' dir='ltr'><strong>Ezechiele</strong></span> <span class='ocrx_word' id='word_1_314' title='bbox 1359 2423 1371 2457; x_wconf 91' lang='lat'><strong>:</strong></span> <span class='ocrx_word' id='word_1_315' title='bbox 1421 2422 1438 2455; x_wconf 75' lang='grc' dir='ltr'><strong>ι</strong></span> <span class='ocrx_word' id='word_1_316' title='bbox 1477 2403 1709 2457; x_wconf 87' lang='lat' dir='ltr'><strong>Tertiam</strong></span> <span class='ocrx_word' id='word_1_317' title='bbox 1742 2412 1919 2457; x_wconf 88' lang='lat' dir='ltr'><strong>autem</strong></span> <span class='ocrx_word' id='word_1_318' title='bbox 1963 2414 2163 2472; x_wconf 87' lang='lat' dir='ltr'><strong>partem</strong></span> <span class='ocrx_word' id='word_1_319' title='bbox 2195 2405 2303 2458; x_wconf 87' lang='lat' dir='ltr'><strong>dis-</strong></span> 
     </span>
    </p>
   </div>
   <div class='ocr_carea' id='block_1_39' title="bbox 761 2492 2301 2560">
    <p class='ocr_par' dir='ltr' id='par_1_39' title="bbox 761 2492 2301 2560">
     <span class='ocr_line' id='line_1_39' title="bbox 761 2492 2301 2560; baseline 0.002 -17"><span class='ocrx_word' id='word_1_320' title='bbox 761 2506 948 2560; x_wconf 85' lang='lat' dir='ltr'><strong>pcrges</strong></span> <span class='ocrx_word' id='word_1_321' title='bbox 982 2492 1033 2545; x_wconf 91' lang='lat' dir='ltr'><strong>in</strong></span> <span class='ocrx_word' id='word_1_322' title='bbox 1064 2492 1303 2559; x_wconf 90' lang='lat' dir='ltr'><strong>spiritum</strong></span> <span class='ocrx_word' id='word_1_323' title='bbox 1330 2493 1413 2542; x_wconf 69' lang='grc' dir='ltr'><strong>’δε</strong></span> <span class='ocrx_word' id='word_1_324' title='bbox 1466 2509 1485 2542; x_wconf 73' lang='grc' dir='ltr'><strong>ι</strong></span> <span class='ocrx_word' id='word_1_325' title='bbox 1522 2493 1619 2544; x_wconf 90' lang='lat' dir='ltr'><strong>hoc</strong></span> <span class='ocrx_word' id='word_1_326' title='bbox 1652 2501 1753 2553; x_wconf 87' lang='lat' dir='ltr'><strong>est,</strong></span> <span class='ocrx_word' id='word_1_327' title='bbox 1794 2492 1844 2544; x_wconf 91' lang='lat' dir='ltr'><strong>in</strong></span> <span class='ocrx_word' id='word_1_328' title='bbox 1876 2500 2108 2545; x_wconf 89' lang='lat' dir='ltr'><strong>ventum.</strong></span> <span class='ocrx_word' id='word_1_329' title='bbox 2151 2492 2301 2557; x_wconf 86' lang='lat' dir='ltr'><strong>Quod</strong></span> 
     </span>
    </p>
   </div>
   <div class='ocr_carea' id='block_1_40' title="bbox 760 2580 2349 2649">
    <p class='ocr_par' dir='ltr' id='par_1_40' title="bbox 760 2580 2349 2649">
     <span class='ocr_line' id='line_1_40' title="bbox 760 2580 2349 2649; baseline -0.001 -15"><span class='ocrx_word' id='word_1_330' title='bbox 760 2582 803 2634; x_wconf 87' lang='lat' dir='ltr'><strong>si</strong></span> <span class='ocrx_word' id='word_1_331' title='bbox 840 2583 1065 2636; x_wconf 87' lang='lat' dir='ltr'><strong>volueris</strong></span> <span class='ocrx_word' id='word_1_332' title='bbox 1094 2582 1380 2635; x_wconf 85' lang='lat' dir='ltr'><strong>secundum</strong></span> <span class='ocrx_word' id='word_1_333' title='bbox 1414 2581 1690 2633; x_wconf 79' lang='lat' dir='ltr'><strong>historiam</strong></span> <span class='ocrx_word' id='word_1_334' title='bbox 1719 2580 1847 2634; x_wconf 89' lang='lat' dir='ltr'><strong>illud</strong></span> <span class='ocrx_word' id='word_1_335' title='bbox 1892 2580 2123 2645; x_wconf 87' lang='lat' dir='ltr'><strong>sentire,</strong></span> <span class='ocrx_word' id='word_1_336' title='bbox 2161 2582 2300 2649; x_wconf 91' lang='lat' dir='ltr'><strong>quod</strong></span> <span class='ocrx_word' id='word_1_337' title='bbox 2342 2604 2349 2610; x_wconf 86' lang='grc'>·</span> 
     </span>
    </p>
   </div>
   <div class='ocr_carea' id='block_1_41' title="bbox 760 2669 2303 2738">
    <p class='ocr_par' dir='ltr' id='par_1_41' title="bbox 760 2669 2303 2738">
     <span class='ocr_line' id='line_1_41' title="bbox 760 2669 2303 2738; baseline 0.001 -16"><span class='ocrx_word' id='word_1_338' title='bbox 760 2669 1013 2737; x_wconf 85' lang='lat' dir='ltr'><strong>scriptum</strong></span> <span class='ocrx_word' id='word_1_339' title='bbox 1059 2680 1159 2733; x_wconf 86' lang='lat' dir='ltr'><strong>est,</strong></span> <span class='ocrx_word' id='word_1_340' title='bbox 1206 2687 1225 2721; x_wconf 76' lang='grc' dir='ltr'><strong>ι</strong></span> <span class='ocrx_word' id='word_1_341' title='bbox 1263 2669 1317 2723; x_wconf 87' lang='grc' dir='ltr'><strong>1η</strong></span> <span class='ocrx_word' id='word_1_342' title='bbox 1352 2670 1540 2738; x_wconf 87' lang='lat' dir='ltr'><strong>spiritu</strong></span> <span class='ocrx_word' id='word_1_343' title='bbox 1590 2670 1818 2723; x_wconf 88' lang='lat' dir='ltr'><strong>violento</strong></span> <span class='ocrx_word' id='word_1_344' title='bbox 1850 2680 2095 2724; x_wconf 88' lang='lat' dir='ltr'><strong>conteres</strong></span> <span class='ocrx_word' id='word_1_345' title='bbox 2141 2685 2303 2724; x_wconf 85' lang='lat' dir='ltr'><strong>naves</strong></span> 
     </span>
    </p>
   </div>
   <div class='ocr_carea' id='block_1_42' title="bbox 761 2757 2299 2825">
    <p class='ocr_par' dir='ltr' id='par_1_42' title="bbox 761 2757 2299 2825">
     <span class='ocr_line' id='line_1_42' title="bbox 761 2757 2299 2825; baseline 0 -13"><span class='ocrx_word' id='word_1_346' title='bbox 761 2757 985 2812; x_wconf 81' lang='lat' dir='ltr'><strong>Tharsis</strong></span> <span class='ocrx_word' id='word_1_347' title='bbox 1008 2759 1075 2822; x_wconf 80' lang='lat'><strong>“,</strong></span> <span class='ocrx_word' id='word_1_348' title='bbox 1104 2777 1123 2810; x_wconf 74' lang='grc' dir='ltr'><strong>ι</strong></span> <span class='ocrx_word' id='word_1_349' title='bbox 1150 2773 1250 2811; x_wconf 91' lang='lat' dir='ltr'><strong>non</strong></span> <span class='ocrx_word' id='word_1_350' title='bbox 1281 2757 1420 2809; x_wconf 81' lang='lat' dir='ltr'><strong>aliud</strong></span> <span class='ocrx_word' id='word_1_351' title='bbox 1450 2758 1519 2810; x_wconf 93' lang='lat' dir='ltr'><strong>ibi</strong></span> <span class='ocrx_word' id='word_1_352' title='bbox 1546 2757 1784 2825; x_wconf 84' lang='lat' dir='ltr'><strong>spiritus,</strong></span> <span class='ocrx_word' id='word_1_353' title='bbox 1816 2772 1972 2823; x_wconf 86' lang='lat' dir='ltr'><strong>quam</strong></span> <span class='ocrx_word' id='word_1_354' title='bbox 1997 2767 2185 2811; x_wconf 89' lang='lat' dir='ltr'><strong>ventus</strong></span> <span class='ocrx_word' id='word_1_355' title='bbox 2207 2774 2299 2812; x_wconf 92' lang='lat' dir='ltr'><strong>ac-</strong></span> 
     </span>
    </p>
   </div>
   <div class='ocr_carea' id='block_1_43' title="bbox 758 2844 2300 2916">
    <p class='ocr_par' dir='ltr' id='par_1_43' title="bbox 758 2844 2300 2916">
     <span class='ocr_line' id='line_1_43' title="bbox 758 2844 2300 2916; baseline 0 -15"><span class='ocrx_word' id='word_1_356' title='bbox 758 2849 972 2916; x_wconf 91' lang='lat' dir='ltr'><strong>cipitur.</strong></span> <span class='ocrx_word' id='word_1_357' title='bbox 1018 2846 1231 2901; x_wconf 84' lang='lat' dir='ltr'><strong>Necnon</strong></span> <span class='ocrx_word' id='word_1_358' title='bbox 1286 2844 1533 2900; x_wconf 90' lang='lat' dir='ltr'><strong>Salomon</strong></span> <span class='ocrx_word' id='word_1_359' title='bbox 1569 2847 1709 2900; x_wconf 92' lang='lat' dir='ltr'><strong>inter</strong></span> <span class='ocrx_word' id='word_1_360' title='bbox 1754 2847 1917 2900; x_wconf 92' lang='lat' dir='ltr'><strong>multa</strong></span> <span class='ocrx_word' id='word_1_361' title='bbox 1950 2848 2049 2901; x_wconf 89' lang='lat' dir='ltr'><strong>hoc</strong></span> <span class='ocrx_word' id='word_1_362' title='bbox 2091 2862 2300 2916; x_wconf 85' lang='lat' dir='ltr'><strong>quoque</strong></span> 
     </span>
    </p>
   </div>
   <div class='ocr_carea' id='block_1_44' title="bbox 757 2935 2294 3007">
    <p class='ocr_par' dir='ltr' id='par_1_44' title="bbox 757 2935 2294 3007">
     <span class='ocr_line' id='line_1_44' title="bbox 757 2935 2294 3007; baseline -0.003 -14"><span class='ocrx_word' id='word_1_363' title='bbox 757 2953 953 2993; x_wconf 86' lang='lat' dir='ltr'><strong>munus</strong></span> <span class='ocrx_word' id='word_1_364' title='bbox 976 2955 1004 2992; x_wconf 90' lang='lat' dir='ltr'><strong>a</strong></span> <span class='ocrx_word' id='word_1_365' title='bbox 1032 2939 1134 2993; x_wconf 87' lang='lat' dir='ltr'><strong>Deo</strong></span> <span class='ocrx_word' id='word_1_366' title='bbox 1157 2938 1382 3007; x_wconf 83' lang='lat' dir='ltr'><strong>accepit,</strong></span> <span class='ocrx_word' id='word_1_367' title='bbox 1408 2947 1463 2992; x_wconf 91' lang='lat' dir='ltr'><strong>ut</strong></span> <span class='ocrx_word' id='word_1_368' title='bbox 1484 2937 1646 2992; x_wconf 85' lang='lat' dir='ltr'><strong>sciret</strong></span> <span class='ocrx_word' id='word_1_369' title='bbox 1673 2935 1954 2991; x_wconf 86' lang='lat' dir='ltr'><strong>violentias</strong></span> <span class='ocrx_word' id='word_1_370' title='bbox 1980 2937 2294 3005; x_wconf 89' lang='lat' dir='ltr'><strong>spirituum;</strong></span> 
     </span>
    </p>
   </div>
   <div class='ocr_carea' id='block_1_45' title="bbox 761 3025 2295 3095">
    <p class='ocr_par' dir='ltr' id='par_1_45' title="bbox 761 3025 2295 3095">
     <span class='ocr_line' id='line_1_45' title="bbox 761 3025 2295 3095; baseline -0.002 -14"><span class='ocrx_word' id='word_1_371' title='bbox 761 3042 865 3081; x_wconf 91' lang='lat' dir='ltr'><strong>non</strong></span> <span class='ocrx_word' id='word_1_372' title='bbox 905 3028 1045 3081; x_wconf 91' lang='lat' dir='ltr'><strong>aliud</strong></span> <span class='ocrx_word' id='word_1_373' title='bbox 1074 3042 1130 3080; x_wconf 93' lang='lat' dir='ltr'><strong>se</strong></span> <span class='ocrx_word' id='word_1_374' title='bbox 1179 3028 1231 3081; x_wconf 91' lang='lat' dir='ltr'><strong>in</strong></span> <span class='ocrx_word' id='word_1_375' title='bbox 1264 3028 1364 3082; x_wconf 90' lang='lat' dir='ltr'><strong>hoc</strong></span> <span class='ocrx_word' id='word_1_376' title='bbox 1392 3027 1658 3095; x_wconf 84' lang='lat' dir='ltr'><strong>accepisse</strong></span> <span class='ocrx_word' id='word_1_377' title='bbox 1683 3025 2091 3089; x_wconf 89' lang='lat' dir='ltr'><strong>demonstrans,</strong></span> <span class='ocrx_word' id='word_1_378' title='bbox 2137 3041 2295 3095; x_wconf 90' lang='lat' dir='ltr'><strong>quam</strong></span> 
     </span>
    </p>
   </div>
   <div class='ocr_carea' id='block_1_46' title="bbox 758 3114 2297 3183">
    <p class='ocr_par' dir='ltr' id='par_1_46' title="bbox 758 3114 2297 3183">
     <span class='ocr_line' id='line_1_46' title="bbox 758 3114 2297 3183; baseline -0.001 -12"><span class='ocrx_word' id='word_1_379' title='bbox 758 3118 894 3171; x_wconf 81' lang='lat' dir='ltr'><strong>scire</strong></span> <span class='ocrx_word' id='word_1_380' title='bbox 919 3116 1129 3183; x_wconf 88' lang='lat' dir='ltr'><strong>rapidos</strong></span> <span class='ocrx_word' id='word_1_381' title='bbox 1156 3125 1430 3169; x_wconf 90' lang='lat' dir='ltr'><strong>ventorum</strong></span> <span class='ocrx_word' id='word_1_382' title='bbox 1458 3118 1645 3180; x_wconf 87' lang='lat' dir='ltr'><strong>llatus,</strong></span> <span class='ocrx_word' id='word_1_383' title='bbox 1682 3124 1734 3169; x_wconf 88' lang='lat' dir='ltr'><strong>et</strong></span> <span class='ocrx_word' id='word_1_384' title='bbox 1768 3114 1962 3183; x_wconf 87' lang='lat' dir='ltr'><strong>quibus</strong></span> <span class='ocrx_word' id='word_1_385' title='bbox 1990 3116 2163 3168; x_wconf 85' lang='lat' dir='ltr'><strong>causis</strong></span> <span class='ocrx_word' id='word_1_386' title='bbox 2206 3130 2297 3170; x_wconf 87' lang='lat' dir='ltr'><strong>eo-</strong></span> 
     </span>
    </p>
   </div>
   <div class='ocr_carea' id='block_1_47' title="bbox 2408 1947 3958 2026">
    <p class='ocr_par' dir='ltr' id='par_1_47' title="bbox 2408 1947 3958 2026">
     <span class='ocr_line' id='line_1_47' title="bbox 2408 1947 3958 2026; baseline -0.012 -13"><span class='ocrx_word' id='word_1_387' title='bbox 2408 1960 2671 2026; x_wconf 68' lang='lat' dir='ltr'><strong>prtebeat:</strong></span> <span class='ocrx_word' id='word_1_388' title='bbox 2706 1973 2861 2025; x_wconf 89' lang='lat' dir='ltr'><strong>quem</strong></span> <span class='ocrx_word' id='word_1_389' title='bbox 2898 1970 3036 2008; x_wconf 88' lang='lat' dir='ltr'><strong>nunc</strong></span> <span class='ocrx_word' id='word_1_390' title='bbox 3065 1954 3297 2006; x_wconf 79' lang='lat' dir='ltr'><strong>diximus</strong></span> <span class='ocrx_word' id='word_1_391' title='bbox 3337 1965 3456 2005; x_wconf 87' lang='lat' dir='ltr'><strong>esse</strong></span> <span class='ocrx_word' id='word_1_392' title='bbox 3489 1948 3743 2015; x_wconf 83' lang='lat' dir='ltr'><strong>Spiritum</strong></span> <span class='ocrx_word' id='word_1_393' title='bbox 3777 1947 3958 1998; x_wconf 83' lang='lat' dir='ltr'><strong>homi-</strong></span> 
     </span>
    </p>
   </div>
   <div class='ocr_carea' id='block_1_48' title="bbox 2406 2036 3955 2108">
    <p class='ocr_par' dir='ltr' id='par_1_48' title="bbox 2406 2036 3955 2108">
     <span class='ocr_line' id='line_1_48' title="bbox 2406 2036 3955 2108; baseline -0.008 -11"><span class='ocrx_word' id='word_1_394' title='bbox 2406 2047 2505 2099; x_wconf 88' lang='lat' dir='ltr'><strong>nis.</strong></span> <span class='ocrx_word' id='word_1_395' title='bbox 2539 2046 2618 2097; x_wconf 87' lang='lat' dir='ltr'><strong>Ad</strong></span> <span class='ocrx_word' id='word_1_396' title='bbox 2651 2043 3147 2098; x_wconf 81' lang='lat' dir='ltr'><strong>Tliessalonicenses</strong></span> <span class='ocrx_word' id='word_1_397' title='bbox 3188 2056 3439 2108; x_wconf 88' lang='lat' dir='ltr'><strong>quoque:</strong></span> <span class='ocrx_word' id='word_1_398' title='bbox 3482 2059 3501 2092; x_wconf 74' lang='grc' dir='ltr'><strong>ι</strong></span> <span class='ocrx_word' id='word_1_399' title='bbox 3543 2041 3768 2107; x_wconf 72' lang='lat' dir='ltr'><strong>inti-ger.</strong></span> <span class='ocrx_word' id='word_1_400' title='bbox 3811 2055 3828 2086; x_wconf 80' lang='grc' dir='ltr'><strong>ι</strong></span> <span class='ocrx_word' id='word_1_401' title='bbox 3867 2036 3955 2086; x_wconf 85' lang='lat' dir='ltr'><strong>in-</strong></span> 
     </span>
    </p>
   </div>
   <div class='ocr_carea' id='block_1_49' title="bbox 2404 2126 3958 2205">
    <p class='ocr_par' dir='ltr' id='par_1_49' title="bbox 2404 2126 3958 2205">
     <span class='ocr_line' id='line_1_49' title="bbox 2404 2126 3958 2205; baseline -0.007 -18"><span class='ocrx_word' id='word_1_402' title='bbox 2404 2136 2538 2204; x_wconf 91' lang='lat' dir='ltr'><strong>quit,</strong></span> <span class='ocrx_word' id='word_1_403' title='bbox 2572 2153 2588 2185; x_wconf 75' lang='grc' dir='ltr'><strong>ι</strong></span> <span class='ocrx_word' id='word_1_404' title='bbox 2620 2135 2837 2205; x_wconf 83' lang='lat' dir='ltr'><strong>spiritus</strong></span> <span class='ocrx_word' id='word_1_405' title='bbox 2868 2143 3063 2198; x_wconf 88' lang='lat' dir='ltr'><strong>vester,</strong></span> <span class='ocrx_word' id='word_1_406' title='bbox 3093 2142 3144 2186; x_wconf 91' lang='lat' dir='ltr'><strong>et</strong></span> <span class='ocrx_word' id='word_1_407' title='bbox 3167 2131 3338 2184; x_wconf 88' lang='lat' dir='ltr'><strong>anima</strong></span> <span class='ocrx_word' id='word_1_408' title='bbox 3365 2141 3416 2182; x_wconf 90' lang='lat' dir='ltr'><strong>et</strong></span> <span class='ocrx_word' id='word_1_409' title='bbox 3440 2145 3633 2196; x_wconf 72' lang='lat' dir='ltr'><strong>corpus</strong></span> <span class='ocrx_word' id='word_1_410' title='bbox 3658 2129 3722 2178; x_wconf 80' lang='grc'><strong>³³.</strong></span> <span class='ocrx_word' id='word_1_411' title='bbox 3750 2146 3767 2177; x_wconf 76' lang='grc' dir='ltr'><strong>ι</strong></span> <span class='ocrx_word' id='word_1_412' title='bbox 3802 2126 3958 2177; x_wconf 75' lang='lat' dir='ltr'><strong>Sit-ut</strong></span> 
     </span>
    </p>
   </div>
   <div class='ocr_carea' id='block_1_50' title="bbox 2405 2218 3956 2291">
    <p class='ocr_par' dir='ltr' id='par_1_50' title="bbox 2405 2218 3956 2291">
     <span class='ocr_line' id='line_1_50' title="bbox 2405 2218 3956 2291; baseline -0.006 -12"><span class='ocrx_word' id='word_1_413' title='bbox 2405 2228 2543 2279; x_wconf 90' lang='lat' dir='ltr'><strong>enim</strong></span> <span class='ocrx_word' id='word_1_414' title='bbox 2575 2227 2674 2279; x_wconf 86' lang='lat' dir='ltr'><strong>alia</strong></span> <span class='ocrx_word' id='word_1_415' title='bbox 2710 2237 2792 2280; x_wconf 86' lang='lat' dir='ltr'><strong>est</strong></span> <span class='ocrx_word' id='word_1_416' title='bbox 2830 2226 3025 2285; x_wconf 89' lang='lat' dir='ltr'><strong>anima,</strong></span> <span class='ocrx_word' id='word_1_417' title='bbox 3061 2233 3112 2278; x_wconf 90' lang='lat' dir='ltr'><strong>et</strong></span> <span class='ocrx_word' id='word_1_418' title='bbox 3153 2237 3347 2291; x_wconf 91' lang='lat' dir='ltr'><strong>corpus</strong></span> <span class='ocrx_word' id='word_1_419' title='bbox 3373 2220 3554 2274; x_wconf 87' lang='lat' dir='ltr'><strong>aliud:</strong></span> <span class='ocrx_word' id='word_1_420' title='bbox 3597 2219 3672 2272; x_wconf 84' lang='lat' dir='ltr'><strong>sic</strong></span> <span class='ocrx_word' id='word_1_421' title='bbox 3715 2230 3765 2271; x_wconf 92' lang='lat' dir='ltr'><strong>et</strong></span> <span class='ocrx_word' id='word_1_422' title='bbox 3810 2218 3956 2270; x_wconf 83' lang='lat' dir='ltr'><strong>aliud</strong></span> 
     </span>
    </p>
   </div>
   <div class='ocr_carea' id='block_1_51' title="bbox 2403 2310 3959 2385">
    <p class='ocr_par' dir='ltr' id='par_1_51' title="bbox 2403 2310 3959 2385">
     <span class='ocr_line' id='line_1_51' title="bbox 2403 2310 3959 2385; baseline -0.006 -14"><span class='ocrx_word' id='word_1_423' title='bbox 2403 2327 2483 2371; x_wconf 91' lang='lat' dir='ltr'><strong>est</strong></span> <span class='ocrx_word' id='word_1_424' title='bbox 2528 2318 2743 2385; x_wconf 82' lang='lat' dir='ltr'><strong>spiritus</strong></span> <span class='ocrx_word' id='word_1_425' title='bbox 2795 2317 2860 2370; x_wconf 92' lang='lat' dir='ltr'><strong>ab</strong></span> <span class='ocrx_word' id='word_1_426' title='bbox 2903 2317 3112 2377; x_wconf 88' lang='lat' dir='ltr'><strong>anima,</strong></span> <span class='ocrx_word' id='word_1_427' title='bbox 3164 2330 3281 2382; x_wconf 71' lang='lat' dir='ltr'><strong>qua:</strong></span> <span class='ocrx_word' id='word_1_428' title='bbox 3340 2329 3435 2367; x_wconf 88' lang='lat' dir='ltr'><strong>suo</strong></span> <span class='ocrx_word' id='word_1_429' title='bbox 3486 2312 3604 2366; x_wconf 83' lang='lat' dir='ltr'><strong>loco</strong></span> <span class='ocrx_word' id='word_1_430' title='bbox 3646 2310 3959 2379; x_wconf 77' lang='lat' dir='ltr'><strong>specialiter</strong></span> 
     </span>
    </p>
   </div>
   <div class='ocr_carea' id='block_1_52' title="bbox 2404 2399 3959 2473">
    <p class='ocr_par' dir='ltr' id='par_1_52' title="bbox 2404 2399 3959 2473">
     <span class='ocr_line' id='line_1_52' title="bbox 2404 2399 3959 2473; baseline 0 -18"><span class='ocrx_word' id='word_1_431' title='bbox 2404 2406 2713 2473; x_wconf 85' lang='lat' dir='ltr'><strong>appellatur.</strong></span> <span class='ocrx_word' id='word_1_432' title='bbox 2744 2405 2818 2457; x_wconf 85' lang='lat' dir='ltr'><strong>De</strong></span> <span class='ocrx_word' id='word_1_433' title='bbox 2846 2420 2950 2471; x_wconf 90' lang='lat' dir='ltr'><strong>quo</strong></span> <span class='ocrx_word' id='word_1_434' title='bbox 2981 2414 3033 2458; x_wconf 86' lang='lat' dir='ltr'><strong>et</strong></span> <span class='ocrx_word' id='word_1_435' title='bbox 3078 2404 3247 2457; x_wconf 85' lang='lat' dir='ltr'><strong>oravit</strong></span> <span class='ocrx_word' id='word_1_436' title='bbox 3290 2401 3385 2473; x_wconf 76' lang='grc' dir='ltr'><strong>[αι.</strong></span> <span class='ocrx_word' id='word_1_437' title='bbox 3422 2400 3563 2471; x_wconf 86' lang='lat' dir='ltr'><strong>orat]</strong></span> <span class='ocrx_word' id='word_1_438' title='bbox 3586 2440 3599 2461; x_wconf 78' lang='lat'><strong>,</strong></span> <span class='ocrx_word' id='word_1_439' title='bbox 3656 2412 3712 2450; x_wconf 91' lang='lat' dir='ltr'><strong>ut</strong></span> <span class='ocrx_word' id='word_1_440' title='bbox 3748 2399 3959 2466; x_wconf 65' lang='lat' dir='ltr'><strong>integt‘l‘</strong></span> 
     </span>
    </p>
   </div>
   <div class='ocr_carea' id='block_1_53' title="bbox 2403 2487 3953 2559">
    <p class='ocr_par' dir='ltr' id='par_1_53' title="bbox 2403 2487 3953 2559">
     <span class='ocr_line' id='line_1_53' title="bbox 2403 2487 3953 2559; baseline -0.004 -14"><span class='ocrx_word' id='word_1_441' title='bbox 2403 2508 2520 2545; x_wconf 91' lang='lat' dir='ltr'><strong>cum</strong></span> <span class='ocrx_word' id='word_1_442' title='bbox 2550 2494 2721 2547; x_wconf 89' lang='lat' dir='ltr'><strong>anima</strong></span> <span class='ocrx_word' id='word_1_443' title='bbox 2748 2502 2987 2546; x_wconf 82' lang='lat' dir='ltr'><strong>servetur</strong></span> <span class='ocrx_word' id='word_1_444' title='bbox 3014 2504 3065 2546; x_wconf 90' lang='lat' dir='ltr'><strong>et</strong></span> <span class='ocrx_word' id='word_1_445' title='bbox 3094 2504 3332 2559; x_wconf 89' lang='lat' dir='ltr'><strong>corpore,</strong></span> <span class='ocrx_word' id='word_1_446' title='bbox 3357 2490 3480 2556; x_wconf 90' lang='lat' dir='ltr'><strong>quia</strong></span> <span class='ocrx_word' id='word_1_447' title='bbox 3506 2487 3818 2542; x_wconf 84' lang='lat' dir='ltr'><strong>incredibile</strong></span> <span class='ocrx_word' id='word_1_448' title='bbox 3844 2498 3953 2546; x_wconf 76' lang='lat' dir='ltr'><strong>est,</strong></span> 
     </span>
    </p>
   </div>
   <div class='ocr_carea' id='block_1_54' title="bbox 2402 2577 3954 2650">
    <p class='ocr_par' dir='ltr' id='par_1_54' title="bbox 2402 2577 3954 2650">
     <span class='ocr_line' id='line_1_54' title="bbox 2402 2577 3954 2650; baseline -0.006 -15"><span class='ocrx_word' id='word_1_449' title='bbox 2402 2593 2560 2650; x_wconf 88' lang='lat' dir='ltr'><strong>atque</strong></span> <span class='ocrx_word' id='word_1_450' title='bbox 2587 2583 2949 2649; x_wconf 86' lang='lat' dir='ltr'><strong>blasphemum</strong></span> <span class='ocrx_word' id='word_1_451' title='bbox 2974 2621 2988 2643; x_wconf 91' lang='lat'><strong>,</strong></span> <span class='ocrx_word' id='word_1_452' title='bbox 3041 2596 3197 2635; x_wconf 86' lang='lat' dir='ltr'><strong>orare</strong></span> <span class='ocrx_word' id='word_1_453' title='bbox 3236 2578 3542 2647; x_wconf 78' lang='lat' dir='ltr'><strong>Apostolum</strong></span> <span class='ocrx_word' id='word_1_454' title='bbox 3564 2617 3579 2639; x_wconf 92' lang='lat'><strong>,</strong></span> <span class='ocrx_word' id='word_1_455' title='bbox 3623 2588 3678 2629; x_wconf 93' lang='lat' dir='ltr'><strong>ut</strong></span> <span class='ocrx_word' id='word_1_456' title='bbox 3713 2577 3954 2644; x_wconf 74' lang='lat' dir='ltr'><strong>Spiritus</strong></span> 
     </span>
    </p>
   </div>
   <div class='ocr_carea' id='block_1_55' title="bbox 2400 2666 3952 2739">
    <p class='ocr_par' dir='ltr' id='par_1_55' title="bbox 2400 2666 3952 2739">
     <span class='ocr_line' id='line_1_55' title="bbox 2400 2666 3952 2739; baseline -0.004 -14"><span class='ocrx_word' id='word_1_457' title='bbox 2400 2681 2615 2725; x_wconf 82' lang='lat' dir='ltr'><strong>sanctus</strong></span> <span class='ocrx_word' id='word_1_458' title='bbox 2634 2672 2832 2739; x_wconf 82' lang='lat' dir='ltr'><strong>integer</strong></span> <span class='ocrx_word' id='word_1_459' title='bbox 2852 2680 3113 2735; x_wconf 85' lang='lat' dir='ltr'><strong>servetur,</strong></span> <span class='ocrx_word' id='word_1_460' title='bbox 3141 2670 3228 2736; x_wconf 85' lang='lat' dir='ltr'><strong>qui</strong></span> <span class='ocrx_word' id='word_1_461' title='bbox 3262 2684 3357 2721; x_wconf 91' lang='lat' dir='ltr'><strong>nec</strong></span> <span class='ocrx_word' id='word_1_462' title='bbox 3385 2666 3808 2721; x_wconf 85' lang='lat' dir='ltr'><strong>imminutionem</strong></span> <span class='ocrx_word' id='word_1_463' title='bbox 3836 2666 3952 2735; x_wconf 82' lang='lat'><strong>(55)</strong></span> 
     </span>
    </p>
   </div>
   <div class='ocr_carea' id='block_1_56' title="bbox 2405 2758 3948 2829">
    <p class='ocr_par' dir='ltr' id='par_1_56' title="bbox 2405 2758 3948 2829">
     <span class='ocr_line' id='line_1_56' title="bbox 2405 2758 3948 2829; baseline -0.003 -18"><span class='ocrx_word' id='word_1_464' title='bbox 2405 2770 2579 2829; x_wconf 82' lang='lat' dir='ltr'><strong>potest</strong></span> <span class='ocrx_word' id='word_1_465' title='bbox 2609 2761 2864 2827; x_wconf 82' lang='lat' dir='ltr'><strong>recipere,</strong></span> <span class='ocrx_word' id='word_1_466' title='bbox 2892 2774 2989 2814; x_wconf 91' lang='lat' dir='ltr'><strong>nec</strong></span> <span class='ocrx_word' id='word_1_467' title='bbox 3016 2758 3329 2825; x_wconf 76' lang='lat' dir='ltr'><strong>profectum.</strong></span> <span class='ocrx_word' id='word_1_468' title='bbox 3354 2758 3429 2811; x_wconf 90' lang='lat' dir='ltr'><strong>De</strong></span> <span class='ocrx_word' id='word_1_469' title='bbox 3452 2758 3682 2810; x_wconf 89' lang='lat' dir='ltr'><strong>humano</strong></span> <span class='ocrx_word' id='word_1_470' title='bbox 3706 2770 3857 2824; x_wconf 77' lang='lat' dir='ltr'><strong>ergo,</strong></span> <span class='ocrx_word' id='word_1_471' title='bbox 3888 2764 3948 2807; x_wconf 92' lang='lat' dir='ltr'><strong>ut</strong></span> 
     </span>
    </p>
   </div>
   <div class='ocr_carea' id='block_1_57' title="bbox 2399 2849 3947 2917">
    <p class='ocr_par' dir='ltr' id='par_1_57' title="bbox 2399 2849 3947 2917">
     <span class='ocr_line' id='line_1_57' title="bbox 2399 2849 3947 2917; baseline -0.005 -12"><span class='ocrx_word' id='word_1_472' title='bbox 2399 2852 2650 2912; x_wconf 75' lang='lat' dir='ltr'><strong>diximus,</strong></span> <span class='ocrx_word' id='word_1_473' title='bbox 2680 2852 2868 2917; x_wconf 86' lang='lat' dir='ltr'><strong>spiritu</strong></span> <span class='ocrx_word' id='word_1_474' title='bbox 2898 2850 2949 2903; x_wconf 90' lang='lat' dir='ltr'><strong>in</strong></span> <span class='ocrx_word' id='word_1_475' title='bbox 2989 2850 3086 2902; x_wconf 86' lang='lat' dir='ltr'><strong>hoc</strong></span> <span class='ocrx_word' id='word_1_476' title='bbox 3118 2849 3351 2916; x_wconf 73' lang='lat' dir='ltr'><strong>Apostoli</strong></span> <span class='ocrx_word' id='word_1_477' title='bbox 3387 2863 3562 2903; x_wconf 88' lang='lat' dir='ltr'><strong>sermo</strong></span> <span class='ocrx_word' id='word_1_478' title='bbox 3590 2856 3817 2900; x_wconf 85' lang='lat' dir='ltr'><strong>testatus</strong></span> <span class='ocrx_word' id='word_1_479' title='bbox 3840 2856 3947 2898; x_wconf 84' lang='lat' dir='ltr'><strong>est.</strong></span> 
     </span>
    </p>
   </div>
   <div class='ocr_carea' id='block_1_58' title="bbox 2467 2936 3959 3009">
    <p class='ocr_par' dir='ltr' id='par_1_58' title="bbox 2467 2936 3959 3009">
     <span class='ocr_line' id='line_1_58' title="bbox 2467 2936 3959 3009; baseline -0.002 -15"><span class='ocrx_word' id='word_1_480' title='bbox 2467 2940 2553 2994; x_wconf 73' lang='lat'><strong>56.</strong></span> <span class='ocrx_word' id='word_1_481' title='bbox 2586 2940 2927 3009; x_wconf 82' lang='lat' dir='ltr'><strong>Appellantur</strong></span> <span class='ocrx_word' id='word_1_482' title='bbox 2953 2954 3162 3007; x_wconf 86' lang='lat' dir='ltr'><strong>quoque</strong></span> <span class='ocrx_word' id='word_1_483' title='bbox 3206 2954 3443 3006; x_wconf 74' lang='lat' dir='ltr'><strong>superna:</strong></span> <span class='ocrx_word' id='word_1_484' title='bbox 3498 2936 3959 3004; x_wconf 86' lang='lat' dir='ltr'><strong>rationabilcsque</strong></span> 
     </span>
    </p>
   </div>
   <div class='ocr_carea' id='block_1_59' title="bbox 2398 3025 3957 3097">
    <p class='ocr_par' dir='ltr' id='par_1_59' title="bbox 2398 3025 3957 3097">
     <span class='ocr_line' id='line_1_59' title="bbox 2398 3025 3957 3097; baseline -0.001 -17"><span class='ocrx_word' id='word_1_485' title='bbox 2398 3030 2639 3091; x_wconf 82' lang='lat' dir='ltr'><strong>virtutes,</strong></span> <span class='ocrx_word' id='word_1_486' title='bbox 2673 3042 2808 3096; x_wconf 85' lang='lat' dir='ltr'><strong>quas</strong></span> <span class='ocrx_word' id='word_1_487' title='bbox 2862 3027 2992 3080; x_wconf 87' lang='lat' dir='ltr'><strong>solet</strong></span> <span class='ocrx_word' id='word_1_488' title='bbox 3033 3026 3303 3095; x_wconf 83' lang='lat' dir='ltr'><strong>Scriptura</strong></span> <span class='ocrx_word' id='word_1_489' title='bbox 3354 3027 3568 3097; x_wconf 82' lang='lat' dir='ltr'><strong>angelos</strong></span> <span class='ocrx_word' id='word_1_490' title='bbox 3599 3038 3651 3081; x_wconf 89' lang='lat' dir='ltr'><strong>et</strong></span> <span class='ocrx_word' id='word_1_491' title='bbox 3682 3025 3957 3079; x_wconf 75' lang='lat' dir='ltr'><strong>fortitudi-</strong></span> 
     </span>
    </p>
   </div>
   <div class='ocr_carea' id='block_1_60' title="bbox 2399 3115 3945 3183">
    <p class='ocr_par' dir='ltr' id='par_1_60' title="bbox 2399 3115 3945 3183">
     <span class='ocr_line' id='line_1_60' title="bbox 2399 3115 3945 3183; baseline -0.002 -13"><span class='ocrx_word' id='word_1_492' title='bbox 2399 3134 2492 3172; x_wconf 72' lang='lat' dir='ltr'><strong>nes</strong></span> <span class='ocrx_word' id='word_1_493' title='bbox 2519 3118 2811 3178; x_wconf 87' lang='lat' dir='ltr'><strong>nominare,</strong></span> <span class='ocrx_word' id='word_1_494' title='bbox 2842 3115 3093 3169; x_wconf 77' lang='lat' dir='ltr'><strong>vocabulo</strong></span> <span class='ocrx_word' id='word_1_495' title='bbox 3114 3116 3351 3183; x_wconf 80' lang='lat' dir='ltr'><strong>Spiritus,</strong></span> <span class='ocrx_word' id='word_1_496' title='bbox 3381 3126 3439 3169; x_wconf 90' lang='lat' dir='ltr'><strong>ut</strong></span> <span class='ocrx_word' id='word_1_497' title='bbox 3472 3115 3578 3169; x_wconf 90' lang='lat' dir='ltr'><strong>ibi:</strong></span> <span class='ocrx_word' id='word_1_498' title='bbox 3613 3132 3633 3165; x_wconf 72' lang='grc' dir='ltr'><strong>ι</strong></span> <span class='ocrx_word' id='word_1_499' title='bbox 3680 3116 3768 3183; x_wconf 87' lang='lat' dir='ltr'><strong>qui</strong></span> <span class='ocrx_word' id='word_1_500' title='bbox 3809 3115 3945 3167; x_wconf 81' lang='lat' dir='ltr'><strong>facis</strong></span> 
     </span>
    </p>
   </div>
   <div class='ocr_carea' id='block_1_61' title="bbox 759 3178 3954 3283">
    <p class='ocr_par' dir='ltr' id='par_1_61' title="bbox 759 3178 3954 3283">
     <span class='ocr_line' id='line_1_61' title="bbox 759 3178 3954 3283; baseline -0.001 -24"><span class='ocrx_word' id='word_1_501' title='bbox 759 3222 875 3259; x_wconf 92' lang='lat' dir='ltr'><strong>rum</strong></span> <span class='ocrx_word' id='word_1_502' title='bbox 908 3216 1095 3259; x_wconf 87' lang='lat' dir='ltr'><strong>natura</strong></span> <span class='ocrx_word' id='word_1_503' title='bbox 1136 3206 1407 3259; x_wconf 87' lang='lat' dir='ltr'><strong>subsistat.</strong></span> <span class='ocrx_word' id='word_1_504' title='bbox 1452 3203 1686 3258; x_wconf 78' lang='lat' dir='ltr'><strong>Vocatur</strong></span> <span class='ocrx_word' id='word_1_505' title='bbox 1719 3213 1772 3258; x_wconf 91' lang='lat' dir='ltr'><strong>et</strong></span> <span class='ocrx_word' id='word_1_506' title='bbox 1816 3205 1993 3259; x_wconf 86' lang='lat' dir='ltr'><strong>anima</strong></span> <span class='ocrx_word' id='word_1_507' title='bbox 2045 3206 2295 3275; x_wconf 84' lang='lat' dir='ltr'><strong>spiritus,</strong></span> <span class='ocrx_word' id='word_1_508' title='bbox 2325 3178 2367 3236; x_wconf 56' lang='grc' dir='ltr'><strong>(ἶ</strong></span> <span class='ocrx_word' id='word_1_509' title='bbox 2401 3209 2497 3283; x_wconf 67' lang='grc' dir='ltr'><strong>[αι.</strong></span> <span class='ocrx_word' id='word_1_510' title='bbox 2531 3208 2660 3264; x_wconf 78' lang='lat' dir='ltr'><strong>facit</strong></span> <span class='ocrx_word' id='word_1_511' title='bbox 2683 3218 2727 3262; x_wconf 77' lang='lat' dir='ltr'><strong>et</strong></span> <span class='ocrx_word' id='word_1_512' title='bbox 2755 3205 2899 3279; x_wconf 80' lang='lat' dir='ltr'><strong>suos]</strong></span> <span class='ocrx_word' id='word_1_513' title='bbox 2932 3206 3141 3273; x_wconf 78' lang='lat' dir='ltr'><strong>angelos</strong></span> <span class='ocrx_word' id='word_1_514' title='bbox 3182 3215 3297 3261; x_wconf 89' lang='lat' dir='ltr'><strong>tuos</strong></span> <span class='ocrx_word' id='word_1_515' title='bbox 3327 3206 3545 3275; x_wconf 84' lang='lat' dir='ltr'><strong>spiritus</strong></span> <span class='ocrx_word' id='word_1_516' title='bbox 3566 3205 3609 3236; x_wconf 87' lang='grc'><em>³³</em></span> <span class='ocrx_word' id='word_1_517' title='bbox 3633 3223 3680 3269; x_wconf 76' lang='grc' dir='ltr'><strong>;ι</strong></span> <span class='ocrx_word' id='word_1_518' title='bbox 3709 3214 3761 3259; x_wconf 88' lang='lat' dir='ltr'><strong>et</strong></span> <span class='ocrx_word' id='word_1_519' title='bbox 3781 3204 3908 3256; x_wconf 87' lang='lat' dir='ltr'><strong>alibi</strong></span> <span class='ocrx_word' id='word_1_520' title='bbox 3940 3223 3954 3257; x_wconf 91' lang='lat'><strong>:</strong></span> 
     </span>
    </p>
   </div>
   <div class='ocr_carea' id='block_1_62' title="bbox 757 3294 2297 3366">
    <p class='ocr_par' dir='ltr' id='par_1_62' title="bbox 757 3294 2297 3366">
     <span class='ocr_line' id='line_1_62' title="bbox 757 3294 2297 3366; baseline 0.003 -19"><span class='ocrx_word' id='word_1_521' title='bbox 757 3296 888 3349; x_wconf 78' lang='lat' dir='ltr'><strong>utin</strong></span> <span class='ocrx_word' id='word_1_522' title='bbox 921 3294 1103 3349; x_wconf 82' lang='lat' dir='ltr'><strong>Jacobi</strong></span> <span class='ocrx_word' id='word_1_523' title='bbox 1138 3294 1367 3364; x_wconf 88' lang='lat' dir='ltr'><strong>Epistula</strong></span> <span class='ocrx_word' id='word_1_524' title='bbox 1395 3312 1407 3345; x_wconf 90' lang='lat'><strong>:</strong></span> <span class='ocrx_word' id='word_1_525' title='bbox 1440 3313 1458 3346; x_wconf 73' lang='grc' dir='ltr'><strong>ι</strong></span> <span class='ocrx_word' id='word_1_526' title='bbox 1492 3296 1765 3360; x_wconf 84' lang='lat' dir='ltr'><strong>Quomodo</strong></span> <span class='ocrx_word' id='word_1_527' title='bbox 1790 3309 1982 3363; x_wconf 85' lang='lat' dir='ltr'><strong>corpus</strong></span> <span class='ocrx_word' id='word_1_528' title='bbox 2016 3306 2161 3351; x_wconf 91' lang='lat' dir='ltr'><strong>tuum</strong></span> <span class='ocrx_word' id='word_1_529' title='bbox 2187 3299 2297 3366; x_wconf 77' lang='lat'><strong>(50)</strong></span> 
     </span>
    </p>
   </div>
   <div class='ocr_carea' id='block_1_63' title="bbox 758 3387 2301 3455">
    <p class='ocr_par' dir='ltr' id='par_1_63' title="bbox 758 3387 2301 3455">
     <span class='ocr_line' id='line_1_63' title="bbox 758 3387 2301 3455; baseline 0.002 -15"><span class='ocrx_word' id='word_1_530' title='bbox 758 3389 875 3441; x_wconf 81' lang='lat' dir='ltr'><strong>sine</strong></span> <span class='ocrx_word' id='word_1_531' title='bbox 904 3388 1088 3455; x_wconf 90' lang='lat' dir='ltr'><strong>spiritu</strong></span> <span class='ocrx_word' id='word_1_532' title='bbox 1118 3396 1383 3440; x_wconf 89' lang='lat' dir='ltr'><strong>mortuum</strong></span> <span class='ocrx_word' id='word_1_533' title='bbox 1408 3396 1506 3451; x_wconf 89' lang='lat' dir='ltr'><strong>est,</strong></span> <span class='ocrx_word' id='word_1_534' title='bbox 1538 3405 1556 3437; x_wconf 84' lang='grc' dir='ltr'><strong>ι</strong></span> <span class='ocrx_word' id='word_1_535' title='bbox 1585 3397 1638 3441; x_wconf 91' lang='lat' dir='ltr'><strong>et</strong></span> <span class='ocrx_word' id='word_1_536' title='bbox 1666 3387 1865 3455; x_wconf 88' lang='lat' dir='ltr'><strong>reliqua</strong></span> <span class='ocrx_word' id='word_1_537' title='bbox 1889 3388 1953 3438; x_wconf 79' lang='grc'><strong>³⁸.</strong></span> <span class='ocrx_word' id='word_1_538' title='bbox 1984 3387 2301 3443; x_wconf 54' lang='lat' dir='ltr'><strong>Manifestis.</strong></span> 
     </span>
    </p>
   </div>
   <div class='ocr_carea' id='block_1_64' title="bbox 758 3476 2301 3544">
    <p class='ocr_par' dir='ltr' id='par_1_64' title="bbox 758 3476 2301 3544">
     <span class='ocr_line' id='line_1_64' title="bbox 758 3476 2301 3544; baseline -0.001 -12"><span class='ocrx_word' id='word_1_539' title='bbox 758 3477 893 3532; x_wconf 86' lang='lat' dir='ltr'><strong>sime</strong></span> <span class='ocrx_word' id='word_1_540' title='bbox 922 3478 1063 3530; x_wconf 86' lang='lat' dir='ltr'><strong>enim</strong></span> <span class='ocrx_word' id='word_1_541' title='bbox 1092 3478 1311 3544; x_wconf 91' lang='lat' dir='ltr'><strong>spiritus</strong></span> <span class='ocrx_word' id='word_1_542' title='bbox 1355 3478 1440 3529; x_wconf 90' lang='lat' dir='ltr'><strong>hic</strong></span> <span class='ocrx_word' id='word_1_543' title='bbox 1474 3477 1602 3529; x_wconf 87' lang='lat' dir='ltr'><strong>nihil</strong></span> <span class='ocrx_word' id='word_1_544' title='bbox 1640 3476 1784 3529; x_wconf 86' lang='lat' dir='ltr'><strong>aliud</strong></span> <span class='ocrx_word' id='word_1_545' title='bbox 1818 3477 1917 3530; x_wconf 91' lang='lat' dir='ltr'><strong>nisi</strong></span> <span class='ocrx_word' id='word_1_546' title='bbox 1959 3478 2133 3529; x_wconf 89' lang='lat' dir='ltr'><strong>anima</strong></span> <span class='ocrx_word' id='word_1_547' title='bbox 2168 3494 2301 3531; x_wconf 88' lang='lat' dir='ltr'><strong>nun-</strong></span> 
     </span>
    </p>
   </div>
   <div class='ocr_carea' id='block_1_65' title="bbox 758 3564 2301 3634">
    <p class='ocr_par' dir='ltr' id='par_1_65' title="bbox 758 3564 2301 3634">
     <span class='ocr_line' id='line_1_65' title="bbox 758 3564 2301 3634; baseline 0.001 -16"><span class='ocrx_word' id='word_1_548' title='bbox 758 3577 1000 3634; x_wconf 88' lang='lat' dir='ltr'><strong>cupatur.</strong></span> <span class='ocrx_word' id='word_1_549' title='bbox 1049 3565 1205 3619; x_wconf 77' lang='lat' dir='ltr'><strong>Juxta</strong></span> <span class='ocrx_word' id='word_1_550' title='bbox 1245 3581 1402 3633; x_wconf 89' lang='lat' dir='ltr'><strong>quam</strong></span> <span class='ocrx_word' id='word_1_551' title='bbox 1448 3566 1855 3632; x_wconf 83' lang='lat' dir='ltr'><strong>intelligentiam</strong></span> <span class='ocrx_word' id='word_1_552' title='bbox 1897 3575 1951 3619; x_wconf 92' lang='lat' dir='ltr'><strong>et</strong></span> <span class='ocrx_word' id='word_1_553' title='bbox 1999 3564 2301 3632; x_wconf 82' lang='lat' dir='ltr'><strong>Stephanus</strong></span> 
     </span>
    </p>
   </div>
   <div class='ocr_carea' id='block_1_66' title="bbox 760 3655 2296 3724">
    <p class='ocr_par' dir='ltr' id='par_1_66' title="bbox 760 3655 2296 3724">
     <span class='ocr_line' id='line_1_66' title="bbox 760 3655 2296 3724; baseline -0.001 -16"><span class='ocrx_word' id='word_1_554' title='bbox 760 3657 988 3708; x_wconf 88' lang='lat' dir='ltr'><strong>animam</strong></span> <span class='ocrx_word' id='word_1_555' title='bbox 1026 3672 1171 3708; x_wconf 85' lang='lat' dir='ltr'><strong>suam</strong></span> <span class='ocrx_word' id='word_1_556' title='bbox 1202 3656 1444 3723; x_wconf 88' lang='lat' dir='ltr'><strong>spiritum</strong></span> <span class='ocrx_word' id='word_1_557' title='bbox 1476 3670 1697 3717; x_wconf 89' lang='lat' dir='ltr'><strong>vocans,</strong></span> <span class='ocrx_word' id='word_1_558' title='bbox 1722 3673 1748 3704; x_wconf 67' lang='grc' dir='ltr'><strong>ς</strong></span> <span class='ocrx_word' id='word_1_559' title='bbox 1780 3655 2018 3719; x_wconf 80' lang='lat' dir='ltr'><strong>Domine,</strong></span> <span class='ocrx_word' id='word_1_560' title='bbox 2053 3674 2070 3706; x_wconf 80' lang='grc' dir='ltr'><strong>ι</strong></span> <span class='ocrx_word' id='word_1_561' title='bbox 2111 3655 2296 3724; x_wconf 89' lang='lat' dir='ltr'><strong>inquit,</strong></span> 
     </span>
    </p>
   </div>
   <div class='ocr_carea' id='block_1_67' title="bbox 764 3743 2303 3814">
    <p class='ocr_par' dir='ltr' id='par_1_67' title="bbox 764 3743 2303 3814">
     <span class='ocr_line' id='line_1_67' title="bbox 764 3743 2303 3814; baseline 0.003 -19"><span class='ocrx_word' id='word_1_562' title='bbox 764 3764 782 3795; x_wconf 70' lang='grc' dir='ltr'><strong>ι</strong></span> <span class='ocrx_word' id='word_1_563' title='bbox 826 3743 947 3797; x_wconf 82' lang='lat' dir='ltr'><strong>Jesu</strong></span> <span class='ocrx_word' id='word_1_564' title='bbox 973 3785 986 3804; x_wconf 87' lang='lat'><strong>.</strong></span> <span class='ocrx_word' id='word_1_565' title='bbox 1020 3746 1227 3812; x_wconf 83' lang='lat' dir='ltr'><strong>suscipe</strong></span> <span class='ocrx_word' id='word_1_566' title='bbox 1272 3745 1515 3813; x_wconf 89' lang='lat' dir='ltr'><strong>spiritum</strong></span> <span class='ocrx_word' id='word_1_567' title='bbox 1569 3758 1743 3798; x_wconf 86' lang='lat' dir='ltr'><strong>meum</strong></span> <span class='ocrx_word' id='word_1_568' title='bbox 1781 3746 1847 3798; x_wconf 78' lang='grc'><strong>’⁷.</strong></span> <span class='ocrx_word' id='word_1_569' title='bbox 1879 3764 1897 3795; x_wconf 75' lang='grc' dir='ltr'><strong>ι</strong></span> <span class='ocrx_word' id='word_1_570' title='bbox 1936 3746 2062 3799; x_wconf 90' lang='lat' dir='ltr'><strong>lllud</strong></span> <span class='ocrx_word' id='word_1_571' title='bbox 2094 3760 2303 3814; x_wconf 84' lang='lat' dir='ltr'><strong>quoque</strong></span> 
     </span>
    </p>
   </div>
   <div class='ocr_carea' id='block_1_68' title="bbox 758 3834 2302 3905">
    <p class='ocr_par' dir='ltr' id='par_1_68' title="bbox 758 3834 2302 3905">
     <span class='ocr_line' id='line_1_68' title="bbox 758 3834 2302 3905; baseline 0.002 -20"><span class='ocrx_word' id='word_1_572' title='bbox 758 3837 898 3905; x_wconf 85' lang='lat' dir='ltr'><strong>quod</strong></span> <span class='ocrx_word' id='word_1_573' title='bbox 933 3836 982 3887; x_wconf 92' lang='lat' dir='ltr'><strong>in</strong></span> <span class='ocrx_word' id='word_1_574' title='bbox 1020 3835 1332 3888; x_wconf 84' lang='lat' dir='ltr'><strong>Ecclesiaste</strong></span> <span class='ocrx_word' id='word_1_575' title='bbox 1364 3836 1593 3888; x_wconf 91' lang='lat' dir='ltr'><strong>dicitur:</strong></span> <span class='ocrx_word' id='word_1_576' title='bbox 1642 3853 1659 3885; x_wconf 73' lang='grc' dir='ltr'><strong>ε</strong></span> <span class='ocrx_word' id='word_1_577' title='bbox 1701 3835 1828 3899; x_wconf 82' lang='lat' dir='ltr'><strong>Quis</strong></span> <span class='ocrx_word' id='word_1_578' title='bbox 1862 3835 1963 3888; x_wconf 90' lang='lat' dir='ltr'><strong>scit</strong></span> <span class='ocrx_word' id='word_1_579' title='bbox 1993 3851 2056 3887; x_wconf 90' lang='lat' dir='ltr'><strong>an</strong></span> <span class='ocrx_word' id='word_1_580' title='bbox 2088 3834 2302 3901; x_wconf 87' lang='lat' dir='ltr'><strong>spiritus</strong></span> 
     </span>
    </p>
   </div>
   <div class='ocr_carea' id='block_1_69' title="bbox 760 3923 2302 3991">
    <p class='ocr_par' dir='ltr' id='par_1_69' title="bbox 760 3923 2302 3991">
     <span class='ocr_line' id='line_1_69' title="bbox 760 3923 2302 3991; baseline -0.002 -13"><span class='ocrx_word' id='word_1_581' title='bbox 760 3925 989 3978; x_wconf 68' lang='lat' dir='ltr'><strong>beluinis</strong></span> <span class='ocrx_word' id='word_1_582' title='bbox 1018 3924 1266 3977; x_wconf 86' lang='lat' dir='ltr'><strong>ascendat</strong></span> <span class='ocrx_word' id='word_1_583' title='bbox 1308 3939 1549 3986; x_wconf 88' lang='lat' dir='ltr'><strong>sursum,</strong></span> <span class='ocrx_word' id='word_1_584' title='bbox 1589 3933 1642 3978; x_wconf 85' lang='lat' dir='ltr'><strong>ct</strong></span> <span class='ocrx_word' id='word_1_585' title='bbox 1699 3925 1918 3991; x_wconf 90' lang='lat' dir='ltr'><strong>spiritus</strong></span> <span class='ocrx_word' id='word_1_586' title='bbox 1945 3923 2167 3989; x_wconf 87' lang='lat' dir='ltr'><strong>jumenti</strong></span> <span class='ocrx_word' id='word_1_587' title='bbox 2212 3923 2302 3975; x_wconf 90' lang='lat' dir='ltr'><strong>de-</strong></span> 
     </span>
    </p>
   </div>
   <div class='ocr_carea' id='block_1_70' title="bbox 759 4016 2305 4071">
    <p class='ocr_par' dir='ltr' id='par_1_70' title="bbox 759 4016 2305 4071">
     <span class='ocr_line' id='line_1_70' title="bbox 759 4016 2305 4071; baseline -0.002 0"><span class='ocrx_word' id='word_1_588' title='bbox 759 4018 979 4071; x_wconf 80' lang='lat' dir='ltr'><strong>scendat</strong></span> <span class='ocrx_word' id='word_1_589' title='bbox 1011 4018 1255 4069; x_wconf 87' lang='lat' dir='ltr'><strong>deorsum</strong></span> <span class='ocrx_word' id='word_1_590' title='bbox 1282 4016 1360 4067; x_wconf 66' lang='lat'><strong>&#39;3?</strong></span> <span class='ocrx_word' id='word_1_591' title='bbox 1398 4035 1414 4066; x_wconf 83' lang='grc' dir='ltr'><strong>ι</strong></span> <span class='ocrx_word' id='word_1_592' title='bbox 1447 4016 1897 4070; x_wconf 85' lang='lat' dir='ltr'><strong>Considerandum</strong></span> <span class='ocrx_word' id='word_1_593' title='bbox 1924 4024 2222 4068; x_wconf 86' lang='lat' dir='ltr'><strong>utrumnam</strong></span> <span class='ocrx_word' id='word_1_594' title='bbox 2251 4023 2305 4068; x_wconf 91' lang='lat' dir='ltr'><strong>ct</strong></span> 
     </span>
    </p>
   </div>
   <div class='ocr_carea' id='block_1_71' title="bbox 762 4104 2301 4176">
    <p class='ocr_par' dir='ltr' id='par_1_71' title="bbox 762 4104 2301 4176">
     <span class='ocr_line' id='line_1_71' title="bbox 762 4104 2301 4176; baseline 0.001 -20"><span class='ocrx_word' id='word_1_595' title='bbox 762 4111 1019 4176; x_wconf 83' lang='lat' dir='ltr'><strong>pecudum</strong></span> <span class='ocrx_word' id='word_1_596' title='bbox 1069 4109 1254 4159; x_wconf 61' lang='lat' dir='ltr'><strong>anima:</strong></span> <span class='ocrx_word' id='word_1_597' title='bbox 1282 4109 1496 4175; x_wconf 77' lang='lat' dir='ltr'><strong>spiritus</strong></span> <span class='ocrx_word' id='word_1_598' title='bbox 1534 4107 1884 4175; x_wconf 85' lang='lat' dir='ltr'><strong>appellentur.</strong></span> <span class='ocrx_word' id='word_1_599' title='bbox 1915 4104 2116 4159; x_wconf 91' lang='lat' dir='ltr'><strong>Dicitur</strong></span> <span class='ocrx_word' id='word_1_600' title='bbox 2140 4106 2301 4158; x_wconf 83' lang='lat' dir='ltr'><strong>etiam</strong></span> 
     </span>
    </p>
   </div>
   <div class='ocr_carea' id='block_1_72' title="bbox 763 4194 2303 4264">
    <p class='ocr_par' dir='ltr' id='par_1_72' title="bbox 763 4194 2303 4264">
     <span class='ocr_line' id='line_1_72' title="bbox 763 4194 2303 4264; baseline -0.002 -14"><span class='ocrx_word' id='word_1_601' title='bbox 763 4206 985 4264; x_wconf 80' lang='lat' dir='ltr'><strong>excepta</strong></span> <span class='ocrx_word' id='word_1_602' title='bbox 1022 4197 1196 4249; x_wconf 82' lang='lat' dir='ltr'><strong>anima</strong></span> <span class='ocrx_word' id='word_1_603' title='bbox 1223 4236 1237 4259; x_wconf 92' lang='lat'><strong>,</strong></span> <span class='ocrx_word' id='word_1_604' title='bbox 1276 4206 1328 4248; x_wconf 89' lang='lat' dir='ltr'><strong>et</strong></span> <span class='ocrx_word' id='word_1_605' title='bbox 1375 4206 1594 4262; x_wconf 74' lang='lat' dir='ltr'><strong>excepto</strong></span> <span class='ocrx_word' id='word_1_606' title='bbox 1625 4197 1812 4261; x_wconf 64' lang='lat' dir='ltr'><strong>spiritu</strong></span> <span class='ocrx_word' id='word_1_607' title='bbox 1844 4203 2047 4259; x_wconf 87' lang='lat' dir='ltr'><strong>nostro,</strong></span> <span class='ocrx_word' id='word_1_608' title='bbox 2086 4194 2303 4261; x_wconf 86' lang='lat' dir='ltr'><strong>spiritus</strong></span> 
     </span>
    </p>
   </div>
   <div class='ocr_carea' id='block_1_73' title="bbox 766 4281 2304 4350">
    <p class='ocr_par' dir='ltr' id='par_1_73' title="bbox 766 4281 2304 4350">
     <span class='ocr_line' id='line_1_73' title="bbox 766 4281 2304 4350; baseline 0.002 -17"><span class='ocrx_word' id='word_1_609' title='bbox 766 4283 903 4335; x_wconf 87' lang='lat' dir='ltr'><strong>alius</strong></span> <span class='ocrx_word' id='word_1_610' title='bbox 934 4283 1040 4349; x_wconf 74' lang='lat'><strong>(‘51)</strong></span> <span class='ocrx_word' id='word_1_611' title='bbox 1068 4283 1185 4350; x_wconf 88' lang='lat' dir='ltr'><strong>quis</strong></span> <span class='ocrx_word' id='word_1_612' title='bbox 1215 4297 1332 4335; x_wconf 89' lang='lat' dir='ltr'><strong>esse</strong></span> <span class='ocrx_word' id='word_1_613' title='bbox 1363 4282 1415 4333; x_wconf 90' lang='lat' dir='ltr'><strong>in</strong></span> <span class='ocrx_word' id='word_1_614' title='bbox 1442 4284 1684 4347; x_wconf 89' lang='lat' dir='ltr'><strong>homine,</strong></span> <span class='ocrx_word' id='word_1_615' title='bbox 1718 4283 1780 4336; x_wconf 90' lang='lat' dir='ltr'><strong>de</strong></span> <span class='ocrx_word' id='word_1_616' title='bbox 1810 4297 1916 4349; x_wconf 90' lang='lat' dir='ltr'><strong>quo</strong></span> <span class='ocrx_word' id='word_1_617' title='bbox 1954 4281 2142 4335; x_wconf 82' lang='lat' dir='ltr'><strong>Paulus</strong></span> <span class='ocrx_word' id='word_1_618' title='bbox 2172 4283 2304 4336; x_wconf 87' lang='lat' dir='ltr'><strong>scri-</strong></span> 
     </span>
    </p>
   </div>
   <div class='ocr_carea' id='block_1_74' title="bbox 765 4373 2303 4439">
    <p class='ocr_par' dir='ltr' id='par_1_74' title="bbox 765 4373 2303 4439">
     <span class='ocr_line' id='line_1_74' title="bbox 765 4373 2303 4439; baseline -0.002 -12"><span class='ocrx_word' id='word_1_619' title='bbox 765 4374 882 4427; x_wconf 83' lang='lat' dir='ltr'><strong>bit:</strong></span> <span class='ocrx_word' id='word_1_620' title='bbox 916 4390 933 4423; x_wconf 85' lang='grc'><em>‹</em></span> <span class='ocrx_word' id='word_1_621' title='bbox 968 4373 1092 4439; x_wconf 91' lang='lat' dir='ltr'><strong>Quis</strong></span> <span class='ocrx_word' id='word_1_622' title='bbox 1122 4375 1260 4426; x_wconf 88' lang='lat' dir='ltr'><strong>enim</strong></span> <span class='ocrx_word' id='word_1_623' title='bbox 1296 4376 1397 4429; x_wconf 88' lang='lat' dir='ltr'><strong>scit</strong></span> <span class='ocrx_word' id='word_1_624' title='bbox 1430 4374 1701 4427; x_wconf 91' lang='lat' dir='ltr'><strong>hominum</strong></span> <span class='ocrx_word' id='word_1_625' title='bbox 1736 4389 1795 4425; x_wconf 87' lang='lat' dir='ltr'><strong>ea</strong></span> <span class='ocrx_word' id='word_1_626' title='bbox 1828 4387 1943 4439; x_wconf 73' lang='lat' dir='ltr'><strong>qua:</strong></span> <span class='ocrx_word' id='word_1_627' title='bbox 1986 4382 2106 4424; x_wconf 89' lang='lat' dir='ltr'><strong>sunt</strong></span> <span class='ocrx_word' id='word_1_628' title='bbox 2133 4373 2303 4426; x_wconf 86' lang='lat' dir='ltr'><strong>homi-</strong></span> 
     </span>
    </p>
   </div>
   <div class='ocr_carea' id='block_1_75' title="bbox 2404 3293 3949 3364">
    <p class='ocr_par' dir='ltr' id='par_1_75' title="bbox 2404 3293 3949 3364">
     <span class='ocr_line' id='line_1_75' title="bbox 2404 3293 3949 3364; baseline -0.003 -13"><span class='ocrx_word' id='word_1_629' title='bbox 2404 3321 2421 3351; x_wconf 83' lang='grc'>‹</span> <span class='ocrx_word' id='word_1_630' title='bbox 2460 3300 2644 3354; x_wconf 81' lang='lat' dir='ltr'><strong>Nonne</strong></span> <span class='ocrx_word' id='word_1_631' title='bbox 2679 3314 2861 3354; x_wconf 87' lang='lat' dir='ltr'><strong>omnes</strong></span> <span class='ocrx_word' id='word_1_632' title='bbox 2916 3303 3040 3350; x_wconf 76' lang='lat' dir='ltr'><strong>suit</strong></span> <span class='ocrx_word' id='word_1_633' title='bbox 3082 3296 3537 3351; x_wconf 72' lang='lat' dir='ltr'><strong>administratores</strong></span> <span class='ocrx_word' id='word_1_634' title='bbox 3581 3295 3803 3364; x_wconf 87' lang='lat' dir='ltr'><strong>spiritus</strong></span> <span class='ocrx_word' id='word_1_635' title='bbox 3834 3293 3949 3349; x_wconf 66' lang='lat' dir='ltr'><strong>“2s</strong></span> 
     </span>
    </p>
   </div>
   <div class='ocr_carea' id='block_1_76' title="bbox 2398 3372 3957 3456">
    <p class='ocr_par' dir='ltr' id='par_1_76' title="bbox 2398 3372 3957 3456">
     <span class='ocr_line' id='line_1_76' title="bbox 2398 3372 3957 3456; baseline -0.003 -12"><span class='ocrx_word' id='word_1_636' title='bbox 2398 3392 2531 3445; x_wconf 88' lang='lat' dir='ltr'><strong>Puto</strong></span> <span class='ocrx_word' id='word_1_637' title='bbox 2564 3392 2626 3444; x_wconf 87' lang='lat' dir='ltr'><strong>ad</strong></span> <span class='ocrx_word' id='word_1_638' title='bbox 2656 3372 2797 3443; x_wconf 81' lang='lat' dir='ltr'><strong>hunc</strong></span> <span class='ocrx_word' id='word_1_639' title='bbox 2823 3404 3035 3446; x_wconf 87' lang='lat' dir='ltr'><strong>sensum</strong></span> <span class='ocrx_word' id='word_1_640' title='bbox 3069 3399 3117 3441; x_wconf 91' lang='lat' dir='ltr'><strong>et</strong></span> <span class='ocrx_word' id='word_1_641' title='bbox 3154 3389 3278 3442; x_wconf 90' lang='lat' dir='ltr'><strong>illud</strong></span> <span class='ocrx_word' id='word_1_642' title='bbox 3306 3387 3516 3453; x_wconf 74' lang='lat' dir='ltr'><strong>referri,</strong></span> <span class='ocrx_word' id='word_1_643' title='bbox 3562 3388 3702 3456; x_wconf 88' lang='lat' dir='ltr'><strong>quod</strong></span> <span class='ocrx_word' id='word_1_644' title='bbox 3731 3387 3783 3440; x_wconf 90' lang='lat' dir='ltr'><strong>in</strong></span> <span class='ocrx_word' id='word_1_645' title='bbox 3808 3386 3957 3440; x_wconf 85' lang='lat' dir='ltr'><strong>Acti-</strong></span> 
     </span>
    </p>
   </div>
   <div class='ocr_carea' id='block_1_77' title="bbox 2400 3477 3950 3546">
    <p class='ocr_par' dir='ltr' id='par_1_77' title="bbox 2400 3477 3950 3546">
     <span class='ocr_line' id='line_1_77' title="bbox 2400 3477 3950 3546; baseline -0.003 -14"><span class='ocrx_word' id='word_1_646' title='bbox 2400 3482 2497 3533; x_wconf 86' lang='lat' dir='ltr'><strong>bus</strong></span> <span class='ocrx_word' id='word_1_647' title='bbox 2543 3479 2896 3545; x_wconf 85' lang='lat' dir='ltr'><strong>apostolorum</strong></span> <span class='ocrx_word' id='word_1_648' title='bbox 2958 3477 3211 3530; x_wconf 85' lang='lat' dir='ltr'><strong>scribitur</strong></span> <span class='ocrx_word' id='word_1_649' title='bbox 3250 3494 3265 3531; x_wconf 88' lang='lat'><strong>:</strong></span> <span class='ocrx_word' id='word_1_650' title='bbox 3304 3478 3574 3546; x_wconf 66' lang='lat' dir='ltr'><strong>«Spiritus</strong></span> <span class='ocrx_word' id='word_1_651' title='bbox 3627 3477 3834 3529; x_wconf 82' lang='lat' dir='ltr'><strong>Domini</strong></span> <span class='ocrx_word' id='word_1_652' title='bbox 3869 3492 3950 3528; x_wconf 89' lang='lat' dir='ltr'><strong>ra-</strong></span> 
     </span>
    </p>
   </div>
   <div class='ocr_carea' id='block_1_78' title="bbox 2399 3566 3955 3636">
    <p class='ocr_par' dir='ltr' id='par_1_78' title="bbox 2399 3566 3955 3636">
     <span class='ocr_line' id='line_1_78' title="bbox 2399 3566 3955 3636; baseline -0.001 -17"><span class='ocrx_word' id='word_1_653' title='bbox 2399 3568 2509 3636; x_wconf 90' lang='lat' dir='ltr'><strong>puit</strong></span> <span class='ocrx_word' id='word_1_654' title='bbox 2525 3567 2898 3636; x_wconf 86' lang='lat' dir='ltr'><strong>Philippum,et</strong></span> <span class='ocrx_word' id='word_1_655' title='bbox 2913 3583 3015 3622; x_wconf 91' lang='lat' dir='ltr'><strong>non</strong></span> <span class='ocrx_word' id='word_1_656' title='bbox 3029 3569 3252 3636; x_wconf 89' lang='lat' dir='ltr'><strong>amplius</strong></span> <span class='ocrx_word' id='word_1_657' title='bbox 3264 3581 3384 3621; x_wconf 86' lang='lat' dir='ltr'><strong>eum</strong></span> <span class='ocrx_word' id='word_1_658' title='bbox 3406 3568 3534 3621; x_wconf 83' lang='lat' dir='ltr'><strong>vidit</strong></span> <span class='ocrx_word' id='word_1_659' title='bbox 3559 3568 3835 3621; x_wconf 82' lang='lat' dir='ltr'><strong>eunuchus</strong></span> <span class='ocrx_word' id='word_1_660' title='bbox 3851 3566 3919 3627; x_wconf 81' lang='grc'><strong>⁸³,</strong></span> <span class='ocrx_word' id='word_1_661' title='bbox 3935 3586 3955 3618; x_wconf 74' lang='grc' dir='ltr'><strong>ι</strong></span> 
     </span>
    </p>
   </div>
   <div class='ocr_carea' id='block_1_79' title="bbox 2400 3658 3957 3725">
    <p class='ocr_par' dir='ltr' id='par_1_79' title="bbox 2400 3658 3957 3725">
     <span class='ocr_line' id='line_1_79' title="bbox 2400 3658 3957 3725; baseline 0 -18"><span class='ocrx_word' id='word_1_662' title='bbox 2400 3658 2449 3708; x_wconf 88' lang='lat' dir='ltr'><strong>id</strong></span> <span class='ocrx_word' id='word_1_663' title='bbox 2486 3666 2563 3710; x_wconf 83' lang='lat' dir='ltr'><strong>est</strong></span> <span class='ocrx_word' id='word_1_664' title='bbox 2599 3659 2819 3725; x_wconf 85' lang='lat' dir='ltr'><strong>angelus</strong></span> <span class='ocrx_word' id='word_1_665' title='bbox 2851 3659 3055 3713; x_wconf 83' lang='lat' dir='ltr'><strong>Domini</strong></span> <span class='ocrx_word' id='word_1_666' title='bbox 3082 3661 3133 3712; x_wconf 90' lang='lat' dir='ltr'><strong>in</strong></span> <span class='ocrx_word' id='word_1_667' title='bbox 3154 3659 3375 3712; x_wconf 82' lang='lat' dir='ltr'><strong>sublime</strong></span> <span class='ocrx_word' id='word_1_668' title='bbox 3401 3658 3957 3723; x_wconf 78' lang='lat' dir='ltr'><strong>elevansPlnlippum.</strong></span> 
     </span>
    </p>
   </div>
   <div class='ocr_carea' id='block_1_80' title="bbox 2399 3746 3959 3813">
    <p class='ocr_par' dir='ltr' id='par_1_80' title="bbox 2399 3746 3959 3813">
     <span class='ocr_line' id='line_1_80' title="bbox 2399 3746 3959 3813; baseline 0.012 -20"><span class='ocrx_word' id='word_1_669' title='bbox 2399 3746 2667 3799; x_wconf 68' lang='lat' dir='ltr'><strong>transtulit</strong></span> <span class='ocrx_word' id='word_1_670' title='bbox 2697 3747 2839 3799; x_wconf 86' lang='lat' dir='ltr'><strong>illum</strong></span> <span class='ocrx_word' id='word_1_671' title='bbox 2877 3748 2926 3800; x_wconf 91' lang='lat' dir='ltr'><strong>in</strong></span> <span class='ocrx_word' id='word_1_672' title='bbox 2958 3750 3121 3801; x_wconf 73' lang='lat' dir='ltr'><strong>alium</strong></span> <span class='ocrx_word' id='word_1_673' title='bbox 3173 3747 3365 3801; x_wconf 88' lang='lat' dir='ltr'><strong>locmn.</strong></span> <span class='ocrx_word' id='word_1_674' title='bbox 3415 3746 3716 3799; x_wconf 73' lang='lat' dir='ltr'><strong>Rationales</strong></span> <span class='ocrx_word' id='word_1_675' title='bbox 3743 3762 3959 3813; x_wconf 58' lang='grc' dir='ltr'><strong>ῳιοψιθ</strong></span> 
     </span>
    </p>
   </div>
   <div class='ocr_carea' id='block_1_81' title="bbox 2401 3833 3958 3903">
    <p class='ocr_par' dir='ltr' id='par_1_81' title="bbox 2401 3833 3958 3903">
     <span class='ocr_line' id='line_1_81' title="bbox 2401 3833 3958 3903; baseline 0.001 -17"><span class='ocrx_word' id='word_1_676' title='bbox 2401 3833 2513 3886; x_wconf 80' lang='lat' dir='ltr'><strong>alize</strong></span> <span class='ocrx_word' id='word_1_677' title='bbox 2553 3845 2827 3890; x_wconf 59' lang='lat' dir='ltr'><strong>creaturas.</strong></span> <span class='ocrx_word' id='word_1_678' title='bbox 2860 3847 2911 3889; x_wconf 87' lang='lat' dir='ltr'><strong>et</strong></span> <span class='ocrx_word' id='word_1_679' title='bbox 2935 3839 2999 3890; x_wconf 86' lang='lat' dir='ltr'><strong>de</strong></span> <span class='ocrx_word' id='word_1_680' title='bbox 3030 3838 3168 3891; x_wconf 88' lang='lat' dir='ltr'><strong>bono</strong></span> <span class='ocrx_word' id='word_1_681' title='bbox 3198 3838 3248 3889; x_wconf 91' lang='lat' dir='ltr'><strong>in</strong></span> <span class='ocrx_word' id='word_1_682' title='bbox 3288 3836 3481 3888; x_wconf 84' lang='lat' dir='ltr'><strong>malum</strong></span> <span class='ocrx_word' id='word_1_683' title='bbox 3515 3848 3701 3901; x_wconf 84' lang='lat' dir='ltr'><strong>sponte</strong></span> <span class='ocrx_word' id='word_1_684' title='bbox 3742 3837 3958 3903; x_wconf 77' lang='lat' dir='ltr'><strong>prOpria</strong></span> 
     </span>
    </p>
   </div>
   <div class='ocr_carea' id='block_1_82' title="bbox 2400 3921 3962 3991">
    <p class='ocr_par' dir='ltr' id='par_1_82' title="bbox 2400 3921 3962 3991">
     <span class='ocr_line' id='line_1_82' title="bbox 2400 3921 3962 3991; baseline 0.002 -21"><span class='ocrx_word' id='word_1_685' title='bbox 2400 3921 2740 3989; x_wconf 80' lang='lat' dir='ltr'><strong>proﬂuentes,</strong></span> <span class='ocrx_word' id='word_1_686' title='bbox 2765 3924 2983 3990; x_wconf 87' lang='lat' dir='ltr'><strong>spiritus</strong></span> <span class='ocrx_word' id='word_1_687' title='bbox 3014 3926 3252 3991; x_wconf 79' lang='lat' dir='ltr'><strong>pessimi,</strong></span> <span class='ocrx_word' id='word_1_688' title='bbox 3281 3934 3333 3976; x_wconf 90' lang='lat' dir='ltr'><strong>et</strong></span> <span class='ocrx_word' id='word_1_689' title='bbox 3372 3922 3589 3989; x_wconf 80' lang='lat' dir='ltr'><strong>spiritus</strong></span> <span class='ocrx_word' id='word_1_690' title='bbox 3618 3922 3962 3991; x_wconf 84' lang='lat' dir='ltr'><strong>appellantur</strong></span> 
     </span>
    </p>
   </div>
   <div class='ocr_carea' id='block_1_83' title="bbox 2401 4007 3959 4075">
    <p class='ocr_par' dir='ltr' id='par_1_83' title="bbox 2401 4007 3959 4075">
     <span class='ocr_line' id='line_1_83' title="bbox 2401 4007 3959 4075; baseline 0.001 -16"><span class='ocrx_word' id='word_1_691' title='bbox 2401 4007 2689 4067; x_wconf 83' lang='lat' dir='ltr'><strong>iumtundi;</strong></span> <span class='ocrx_word' id='word_1_692' title='bbox 2722 4008 2858 4060; x_wconf 83' lang='lat' dir='ltr'><strong>sicut</strong></span> <span class='ocrx_word' id='word_1_693' title='bbox 2882 4010 2985 4063; x_wconf 89' lang='lat' dir='ltr'><strong>ibi:</strong></span> <span class='ocrx_word' id='word_1_694' title='bbox 3019 4028 3038 4059; x_wconf 85' lang='grc'><strong><em>‹</em></strong></span> <span class='ocrx_word' id='word_1_695' title='bbox 3076 4010 3210 4064; x_wconf 89' lang='lat' dir='ltr'><strong>Cum</strong></span> <span class='ocrx_word' id='word_1_696' title='bbox 3260 4019 3436 4062; x_wconf 90' lang='lat' dir='ltr'><strong>autem</strong></span> <span class='ocrx_word' id='word_1_697' title='bbox 3476 4008 3694 4075; x_wconf 88' lang='lat' dir='ltr'><strong>spiritus</strong></span> <span class='ocrx_word' id='word_1_698' title='bbox 3721 4009 3959 4060; x_wconf 88' lang='lat' dir='ltr'><strong>immun-</strong></span> 
     </span>
    </p>
   </div>
   <div class='ocr_carea' id='block_1_84' title="bbox 2401 4095 3963 4165">
    <p class='ocr_par' dir='ltr' id='par_1_84' title="bbox 2401 4095 3963 4165">
     <span class='ocr_line' id='line_1_84' title="bbox 2401 4095 3963 4165; baseline 0.001 -17"><span class='ocrx_word' id='word_1_699' title='bbox 2401 4096 2497 4148; x_wconf 88' lang='lat' dir='ltr'><strong>dus</strong></span> <span class='ocrx_word' id='word_1_700' title='bbox 2527 4096 2715 4148; x_wconf 77' lang='lat' dir='ltr'><strong>exierit</strong></span> <span class='ocrx_word' id='word_1_701' title='bbox 2742 4097 2806 4150; x_wconf 91' lang='lat' dir='ltr'><strong>ab</strong></span> <span class='ocrx_word' id='word_1_702' title='bbox 2836 4097 3110 4161; x_wconf 60' lang='lat' dir='ltr'><strong>homines)</strong></span> <span class='ocrx_word' id='word_1_703' title='bbox 3138 4099 3261 4153; x_wconf 90' lang='lat' dir='ltr'><strong>etin</strong></span> <span class='ocrx_word' id='word_1_704' title='bbox 3294 4095 3777 4165; x_wconf 89' lang='lat' dir='ltr'><strong>consequentibus:</strong></span> <span class='ocrx_word' id='word_1_705' title='bbox 3812 4116 3831 4147; x_wconf 72' lang='grc' dir='ltr'><strong>ι</strong></span> <span class='ocrx_word' id='word_1_706' title='bbox 3856 4098 3963 4149; x_wconf 77' lang='lat' dir='ltr'><strong>As-</strong></span> 
     </span>
    </p>
   </div>
   <div class='ocr_carea' id='block_1_85' title="bbox 2402 4184 3962 4254">
    <p class='ocr_par' dir='ltr' id='par_1_85' title="bbox 2402 4184 3962 4254">
     <span class='ocr_line' id='line_1_85' title="bbox 2402 4184 3962 4254; baseline 0.003 -18"><span class='ocrx_word' id='word_1_707' title='bbox 2402 4185 2561 4236; x_wconf 84' lang='lat' dir='ltr'><strong>sumit</strong></span> <span class='ocrx_word' id='word_1_708' title='bbox 2590 4194 2787 4251; x_wconf 89' lang='lat' dir='ltr'><strong>septem</strong></span> <span class='ocrx_word' id='word_1_709' title='bbox 2816 4185 2947 4239; x_wconf 89' lang='lat' dir='ltr'><strong>alios</strong></span> <span class='ocrx_word' id='word_1_710' title='bbox 2978 4186 3194 4254; x_wconf 80' lang='lat' dir='ltr'><strong>spiritus</strong></span> <span class='ocrx_word' id='word_1_711' title='bbox 3218 4187 3498 4254; x_wconf 89' lang='lat' dir='ltr'><strong>nequiores</strong></span> <span class='ocrx_word' id='word_1_712' title='bbox 3524 4201 3582 4239; x_wconf 86' lang='lat' dir='ltr'><strong>se</strong></span> <span class='ocrx_word' id='word_1_713' title='bbox 3607 4184 3702 4239; x_wconf 83' lang='grc' dir='ltr'><strong>³⁶.ι</strong></span> <span class='ocrx_word' id='word_1_714' title='bbox 3725 4184 3962 4252; x_wconf 88' lang='lat' dir='ltr'><strong>Spiritus</strong></span> 
     </span>
    </p>
   </div>
   <div class='ocr_carea' id='block_1_86' title="bbox 2406 4274 3959 4348">
    <p class='ocr_par' dir='ltr' id='par_1_86' title="bbox 2406 4274 3959 4348">
     <span class='ocr_line' id='line_1_86' title="bbox 2406 4274 3959 4348; baseline 0.003 -25"><span class='ocrx_word' id='word_1_715' title='bbox 2406 4286 2619 4340; x_wconf 87' lang='lat' dir='ltr'><strong>quoque</strong></span> <span class='ocrx_word' id='word_1_716' title='bbox 2648 4277 2913 4330; x_wconf 69' lang='lat' dir='ltr'><strong>daemones</strong></span> <span class='ocrx_word' id='word_1_717' title='bbox 2942 4276 2994 4329; x_wconf 92' lang='lat' dir='ltr'><strong>in</strong></span> <span class='ocrx_word' id='word_1_718' title='bbox 3026 4276 3326 4348; x_wconf 83' lang='lat' dir='ltr'><strong>Evange’liis</strong></span> <span class='ocrx_word' id='word_1_719' title='bbox 3362 4274 3717 4343; x_wconf 86' lang='lat' dir='ltr'><strong>appellantur.</strong></span> <span class='ocrx_word' id='word_1_720' title='bbox 3755 4277 3862 4328; x_wconf 88' lang='lat' dir='ltr'><strong>Sed</strong></span> <span class='ocrx_word' id='word_1_721' title='bbox 3902 4286 3959 4327; x_wconf 85' lang='lat' dir='ltr'><strong>et</strong></span> 
     </span>
    </p>
   </div>
   <div class='ocr_carea' id='block_1_87' title="bbox 2400 4362 3956 4435">
    <p class='ocr_par' dir='ltr' id='par_1_87' title="bbox 2400 4362 3956 4435">
     <span class='ocr_line' id='line_1_87' title="bbox 2400 4362 3956 4435; baseline -0.001 -20"><span class='ocrx_word' id='word_1_722' title='bbox 2400 4362 2505 4416; x_wconf 75' lang='lat' dir='ltr'><strong>lzoc</strong></span> <span class='ocrx_word' id='word_1_723' title='bbox 2538 4364 2851 4427; x_wconf 88' lang='lat' dir='ltr'><strong>notandum,</strong></span> <span class='ocrx_word' id='word_1_724' title='bbox 2889 4382 3157 4434; x_wconf 86' lang='lat' dir='ltr'><strong>nunquam</strong></span> <span class='ocrx_word' id='word_1_725' title='bbox 3205 4366 3522 4435; x_wconf 81' lang='lat' dir='ltr'><strong>simpliciter</strong></span> <span class='ocrx_word' id='word_1_726' title='bbox 3554 4366 3826 4432; x_wconf 84' lang='lat' dir='ltr'><strong>spiritum,</strong></span> <span class='ocrx_word' id='word_1_727' title='bbox 3864 4366 3956 4419; x_wconf 65' lang='lat' dir='ltr'><strong>Sed</strong></span> 
     </span>
    </p>
   </div>
   <div class='ocr_carea' id='block_1_88' title="bbox 764 4452 3961 4543">
    <p class='ocr_par' dir='ltr' id='par_1_88' title="bbox 764 4452 3961 4543">
     <span class='ocr_line' id='line_1_88' title="bbox 764 4452 3961 4543; baseline -0.001 -36"><span class='ocrx_word' id='word_1_728' title='bbox 764 4462 871 4526; x_wconf 73' lang='lat' dir='ltr'><strong>nis,</strong></span> <span class='ocrx_word' id='word_1_729' title='bbox 899 4463 997 4513; x_wconf 76' lang='lat' dir='ltr'><strong>nisi</strong></span> <span class='ocrx_word' id='word_1_730' title='bbox 1031 4461 1243 4529; x_wconf 75' lang='lat' dir='ltr'><strong>spiritus</strong></span> <span class='ocrx_word' id='word_1_731' title='bbox 1266 4462 1512 4525; x_wconf 62' lang='lat' dir='ltr'><strong>hominis,</strong></span> <span class='ocrx_word' id='word_1_732' title='bbox 1543 4462 1630 4529; x_wconf 76' lang='lat' dir='ltr'><strong>qui</strong></span> <span class='ocrx_word' id='word_1_733' title='bbox 1658 4463 1707 4513; x_wconf 71' lang='lat' dir='ltr'><strong>in</strong></span> <span class='ocrx_word' id='word_1_734' title='bbox 1739 4475 1800 4513; x_wconf 77' lang='lat' dir='ltr'><strong>eo</strong></span> <span class='ocrx_word' id='word_1_735' title='bbox 1824 4469 1905 4512; x_wconf 75' lang='grc' dir='ltr'><strong>εει</strong></span> <span class='ocrx_word' id='word_1_736' title='bbox 1928 4460 2006 4512; x_wconf 68' lang='lat' dir='ltr'><strong>ﬂ?</strong></span> <span class='ocrx_word' id='word_1_737' title='bbox 2038 4480 2056 4510; x_wconf 69' lang='grc' dir='ltr'><strong>ι</strong></span> <span class='ocrx_word' id='word_1_738' title='bbox 2085 4460 2138 4512; x_wconf 81' lang='lat' dir='ltr'><strong>Si</strong></span> <span class='ocrx_word' id='word_1_739' title='bbox 2165 4462 2301 4513; x_wconf 69' lang='lat' dir='ltr'><strong>enim</strong></span> <span class='ocrx_word' id='word_1_740' title='bbox 2335 4489 2378 4543; x_wconf 66' lang='grc' dir='ltr'><strong>Β</strong></span> <span class='ocrx_word' id='word_1_741' title='bbox 2406 4463 2527 4502; x_wconf 90' lang='lat' dir='ltr'><strong>cum</strong></span> <span class='ocrx_word' id='word_1_742' title='bbox 2552 4452 2735 4536; x_wconf 80' lang='lat' dir='ltr'><strong>aliquo</strong></span> <span class='ocrx_word' id='word_1_743' title='bbox 2764 4454 3125 4508; x_wconf 86' lang='lat' dir='ltr'><strong>additamento</strong></span> <span class='ocrx_word' id='word_1_744' title='bbox 3150 4455 3393 4523; x_wconf 87' lang='lat' dir='ltr'><strong>spiritum</strong></span> <span class='ocrx_word' id='word_1_745' title='bbox 3425 4453 3715 4523; x_wconf 76' lang='lat' dir='ltr'><strong>signiﬁcari</strong></span> <span class='ocrx_word' id='word_1_746' title='bbox 3746 4463 3961 4506; x_wconf 83' lang='lat' dir='ltr'><strong>contra-</strong></span> 
     </span>
    </p>
   </div>
   <div class='ocr_carea' id='block_1_89' title="bbox 764 4540 3963 4619">
    <p class='ocr_par' dir='ltr' id='par_1_89' title="bbox 764 4540 3963 4619">
     <span class='ocr_line' id='line_1_89' title="bbox 764 4540 3963 4619; baseline -0.004 -16"><span class='ocrx_word' id='word_1_747' title='bbox 764 4552 991 4605; x_wconf 91' lang='lat' dir='ltr'><strong>voluerit</strong></span> <span class='ocrx_word' id='word_1_748' title='bbox 1020 4551 1336 4605; x_wconf 88' lang='lat' dir='ltr'><strong>contendere</strong></span> <span class='ocrx_word' id='word_1_749' title='bbox 1366 4550 1626 4618; x_wconf 86' lang='lat' dir='ltr'><strong>quispiam</strong></span> <span class='ocrx_word' id='word_1_750' title='bbox 1649 4552 1879 4603; x_wconf 88' lang='lat' dir='ltr'><strong>animam</strong></span> <span class='ocrx_word' id='word_1_751' title='bbox 1908 4551 2302 4619; x_wconf 81' lang='lat' dir='ltr'><strong>bicsignilicari</strong></span> <span class='ocrx_word' id='word_1_752' title='bbox 2336 4540 2541 4613; x_wconf 50' lang='lat' dir='ltr'><strong>—rium,</strong></span> <span class='ocrx_word' id='word_1_753' title='bbox 2578 4557 2638 4602; x_wconf 87' lang='lat' dir='ltr'><strong>ut</strong></span> <span class='ocrx_word' id='word_1_754' title='bbox 2666 4547 2891 4618; x_wconf 87' lang='lat' dir='ltr'><strong>spiritus</strong></span> <span class='ocrx_word' id='word_1_755' title='bbox 2922 4545 3260 4609; x_wconf 88' lang='lat' dir='ltr'><strong>itnmundus,</strong></span> <span class='ocrx_word' id='word_1_756' title='bbox 3301 4552 3354 4596; x_wconf 85' lang='lat' dir='ltr'><strong>et</strong></span> <span class='ocrx_word' id='word_1_757' title='bbox 3384 4544 3616 4611; x_wconf 85' lang='lat' dir='ltr'><strong>spiritus</strong></span> <span class='ocrx_word' id='word_1_758' title='bbox 3647 4540 3805 4609; x_wconf 75' lang='lat'><strong>1&#39;62</strong></span> <span class='ocrx_word' id='word_1_759' title='bbox 3847 4544 3963 4593; x_wconf 66' lang='lat' dir='ltr'><strong>ila--</strong></span> 
     </span>
    </p>
   </div>
   <div class='ocr_carea' id='block_1_90' title="bbox 763 4642 2303 4711">
    <p class='ocr_par' dir='ltr' id='par_1_90' title="bbox 763 4642 2303 4711">
     <span class='ocr_line' id='line_1_90' title="bbox 763 4642 2303 4711; baseline -0.003 -14"><span class='ocrx_word' id='word_1_760' title='bbox 763 4643 817 4698; x_wconf 87' lang='lat' dir='ltr'><strong>in</strong></span> <span class='ocrx_word' id='word_1_761' title='bbox 854 4644 1063 4711; x_wconf 87' lang='lat' dir='ltr'><strong>spiritu,</strong></span> <span class='ocrx_word' id='word_1_762' title='bbox 1092 4645 1207 4711; x_wconf 87' lang='lat' dir='ltr'><strong>quis</strong></span> <span class='ocrx_word' id='word_1_763' title='bbox 1236 4643 1336 4697; x_wconf 88' lang='lat' dir='ltr'><strong>erit</strong></span> <span class='ocrx_word' id='word_1_764' title='bbox 1362 4644 1517 4697; x_wconf 89' lang='lat' dir='ltr'><strong>homo</strong></span> <span class='ocrx_word' id='word_1_765' title='bbox 1553 4642 1701 4710; x_wconf 87' lang='lat' dir='ltr'><strong>cujus</strong></span> <span class='ocrx_word' id='word_1_766' title='bbox 1737 4644 2101 4708; x_wconf 84' lang='lat' dir='ltr'><strong>cogitationes,</strong></span> <span class='ocrx_word' id='word_1_767' title='bbox 2136 4652 2187 4695; x_wconf 90' lang='lat' dir='ltr'><strong>et</strong></span> <span class='ocrx_word' id='word_1_768' title='bbox 2218 4658 2303 4693; x_wconf 90' lang='lat' dir='ltr'><strong>ar-</strong></span> 
     </span>
    </p>
   </div>
   <div class='ocr_carea' id='block_1_91' title="bbox 764 4730 2300 4803">
    <p class='ocr_par' dir='ltr' id='par_1_91' title="bbox 764 4730 2300 4803">
     <span class='ocr_line' id='line_1_91' title="bbox 764 4730 2300 4803; baseline -0.003 -17"><span class='ocrx_word' id='word_1_769' title='bbox 764 4746 893 4786; x_wconf 88' lang='lat' dir='ltr'><strong>cana</strong></span> <span class='ocrx_word' id='word_1_770' title='bbox 920 4773 934 4799; x_wconf 96' lang='lat'><strong>,</strong></span> <span class='ocrx_word' id='word_1_771' title='bbox 980 4742 1031 4787; x_wconf 91' lang='lat' dir='ltr'><strong>et</strong></span> <span class='ocrx_word' id='word_1_772' title='bbox 1061 4743 1278 4803; x_wconf 76' lang='lat' dir='ltr'><strong>secreta</strong></span> <span class='ocrx_word' id='word_1_773' title='bbox 1296 4733 1471 4787; x_wconf 85' lang='lat' dir='ltr'><strong>cordis</strong></span> <span class='ocrx_word' id='word_1_774' title='bbox 1502 4730 1708 4786; x_wconf 87' lang='lat' dir='ltr'><strong>occulta</strong></span> <span class='ocrx_word' id='word_1_775' title='bbox 1759 4731 1963 4784; x_wconf 82' lang='lat' dir='ltr'><strong>nesciat</strong></span> <span class='ocrx_word' id='word_1_776' title='bbox 1993 4731 2150 4784; x_wconf 89' lang='lat' dir='ltr'><strong>homo</strong></span> <span class='ocrx_word' id='word_1_777' title='bbox 2191 4730 2300 4800; x_wconf 73' lang='lat'><strong>(32)</strong></span> 
     </span>
    </p>
   </div>
   <div class='ocr_carea' id='block_1_92' title="bbox 833 4867 1379 4931">
    <p class='ocr_par' dir='ltr' id='par_1_92' title="bbox 833 4867 1379 4931">
     <span class='ocr_line' id='line_1_92' title="bbox 833 4867 1379 4931; baseline 0.009 -13"><span class='ocrx_word' id='word_1_778' title='bbox 833 4867 877 4899; x_wconf 68' lang='grc' dir='ltr'><strong>υ</strong></span> <span class='ocrx_word' id='word_1_779' title='bbox 917 4868 955 4919; x_wconf 95' lang='lat' dir='ltr'><strong>ll</strong></span> <span class='ocrx_word' id='word_1_780' title='bbox 980 4869 1165 4921; x_wconf 88' lang='lat' dir='ltr'><strong>Thess.</strong></span> <span class='ocrx_word' id='word_1_781' title='bbox 1198 4883 1253 4931; x_wconf 87' lang='lat' dir='ltr'><strong>tt,</strong></span> <span class='ocrx_word' id='word_1_782' title='bbox 1293 4867 1379 4923; x_wconf 73' lang='grc'><strong>12.</strong></span> 
     </span>
    </p>
   </div>
   <div class='ocr_carea' id='block_1_93' title="bbox 760 4937 1384 4999">
    <p class='ocr_par' dir='ltr' id='par_1_93' title="bbox 760 4937 1384 4999">
     <span class='ocr_line' id='line_1_93' title="bbox 760 4937 1384 4999; baseline -0.003 -9"><span class='ocrx_word' id='word_1_783' title='bbox 760 4937 853 4990; x_wconf 72' lang='lat'><strong>26.</strong></span> <span class='ocrx_word' id='word_1_784' title='bbox 927 4938 970 4967; x_wconf 77' lang='grc'><strong>’⁷</strong></span> <span class='ocrx_word' id='word_1_785' title='bbox 1012 4938 1127 4989; x_wconf 85' lang='lat' dir='ltr'><strong>Act.</strong></span> <span class='ocrx_word' id='word_1_786' title='bbox 1171 4953 1265 4999; x_wconf 87' lang='lat' dir='ltr'><strong>vn,</strong></span> <span class='ocrx_word' id='word_1_787' title='bbox 1297 4938 1384 4991; x_wconf 74' lang='lat'><strong>58.</strong></span> 
     </span>
    </p>
   </div>
   <div class='ocr_carea' id='block_1_94' title="bbox 765 5002 1439 5072">
    <p class='ocr_par' dir='ltr' id='par_1_94' title="bbox 765 5002 1439 5072">
     <span class='ocr_line' id='line_1_94' title="bbox 765 5002 1439 5072; baseline 0 -17"><span class='ocrx_word' id='word_1_788' title='bbox 765 5021 819 5072; x_wconf 86' lang='lat' dir='ltr'><strong>v,</strong></span> <span class='ocrx_word' id='word_1_789' title='bbox 841 5004 928 5057; x_wconf 76' lang='lat'><strong>‘23.</strong></span> <span class='ocrx_word' id='word_1_790' title='bbox 1002 5006 1047 5037; x_wconf 83' lang='grc'><strong>⁸³</strong></span> <span class='ocrx_word' id='word_1_791' title='bbox 1084 5005 1221 5059; x_wconf 79' lang='lat' dir='ltr'><strong>Psal.</strong></span> <span class='ocrx_word' id='word_1_792' title='bbox 1246 5021 1359 5069; x_wconf 83' lang='lat' dir='ltr'><strong>Clu,</strong></span> <span class='ocrx_word' id='word_1_793' title='bbox 1388 5002 1439 5056; x_wconf 76' lang='grc'><strong>4.</strong></span> 
     </span>
    </p>
   </div>
   <div class='ocr_carea' id='block_1_95' title="bbox 1454 4865 1978 4995">
    <p class='ocr_par' dir='ltr' id='par_1_95' title="bbox 1454 4865 1978 4995">
     <span class='ocr_line' id='line_1_95' title="bbox 1454 4865 1978 4995; baseline -0.004 -8"><span class='ocrx_word' id='word_1_794' title='bbox 1454 4865 1978 4995; x_wconf 54' lang='grc' dir='ltr'><strong>’ἰθὲἰῖῑένιιῖξι</strong></span> 
     </span>
    </p>
   </div>
   <div class='ocr_carea' id='block_1_96' title="bbox 1513 5002 1937 5064">
    <p class='ocr_par' dir='ltr' id='par_1_96' title="bbox 1513 5002 1937 5064">
     <span class='ocr_line' id='line_1_96' title="bbox 1513 5002 1937 5064; baseline 0 -9"><span class='ocrx_word' id='word_1_795' title='bbox 1513 5004 1556 5035; x_wconf 72' lang='grc'><strong>³⁸</strong></span> <span class='ocrx_word' id='word_1_796' title='bbox 1594 5002 1755 5057; x_wconf 84' lang='lat' dir='ltr'><strong>llebr.</strong></span> <span class='ocrx_word' id='word_1_797' title='bbox 1790 5002 1937 5064; x_wconf 69' lang='lat'><strong>1,14.</strong></span> 
     </span>
    </p>
   </div>
   <div class='ocr_carea' id='block_1_97' title="bbox 840 5138 2294 5213">
    <p class='ocr_par' dir='ltr' id='par_1_97' title="bbox 840 5138 2294 5213">
     <span class='ocr_line' id='line_1_97' title="bbox 840 5138 2294 5213; baseline -0.001 -16"><span class='ocrx_word' id='word_1_798' title='bbox 840 5146 947 5213; x_wconf 63' lang='lat'><strong>(9.8)</strong></span> <span class='ocrx_word' id='word_1_799' title='bbox 986 5144 1194 5213; x_wconf 68' lang='lat' dir='ltr'><strong>Reginae</strong></span> <span class='ocrx_word' id='word_1_800' title='bbox 1242 5144 1417 5213; x_wconf 82' lang='lat' dir='ltr'><strong>liber,</strong></span> <span class='ocrx_word' id='word_1_801' title='bbox 1454 5161 1471 5193; x_wconf 75' lang='grc' dir='ltr'><strong>ι</strong></span> <span class='ocrx_word' id='word_1_802' title='bbox 1524 5143 1574 5193; x_wconf 89' lang='lat' dir='ltr'><strong>in</strong></span> <span class='ocrx_word' id='word_1_803' title='bbox 1611 5140 2027 5195; x_wconf 83' lang='lat' dir='ltr'><strong>sanctiﬁcatione</strong></span> <span class='ocrx_word' id='word_1_804' title='bbox 2068 5138 2294 5209; x_wconf 89' lang='lat' dir='ltr'><strong>Spiritus</strong></span> 
     </span>
    </p>
   </div>
   <div class='ocr_carea' id='block_1_98' title="bbox 766 5212 1653 5279">
    <p class='ocr_par' dir='ltr' id='par_1_98' title="bbox 766 5212 1653 5279">
     <span class='ocr_line' id='line_1_98' title="bbox 766 5212 1653 5279; baseline -0.01 -11"><span class='ocrx_word' id='word_1_805' title='bbox 766 5212 921 5268; x_wconf 82' lang='lat' dir='ltr'><strong>Pater</strong></span> <span class='ocrx_word' id='word_1_806' title='bbox 949 5224 998 5265; x_wconf 87' lang='lat' dir='ltr'><strong>et</strong></span> <span class='ocrx_word' id='word_1_807' title='bbox 1031 5212 1222 5265; x_wconf 86' lang='lat' dir='ltr'><strong>veritas</strong></span> <span class='ocrx_word' id='word_1_808' title='bbox 1249 5212 1600 5279; x_wconf 85' lang='lat' dir='ltr'><strong>possidentur.</strong></span> <span class='ocrx_word' id='word_1_809' title='bbox 1635 5227 1653 5259; x_wconf 78' lang='grc' dir='ltr'><strong>ι</strong></span> 
     </span>
    </p>
   </div>
   <div class='ocr_carea' id='block_1_99' title="bbox 837 5274 2297 5349">
    <p class='ocr_par' dir='ltr' id='par_1_99' title="bbox 837 5274 2297 5349">
     <span class='ocr_line' id='line_1_99' title="bbox 837 5274 2297 5349; baseline -0.003 -16"><span class='ocrx_word' id='word_1_810' title='bbox 837 5284 944 5349; x_wconf 71' lang='grc'><strong>(29)</strong></span> <span class='ocrx_word' id='word_1_811' title='bbox 973 5281 1201 5334; x_wconf 78' lang='lat' dir='ltr'><strong>Pessime</strong></span> <span class='ocrx_word' id='word_1_812' title='bbox 1234 5274 1479 5349; x_wconf 75' lang='lat' dir='ltr'><strong>acceptos</strong></span> <span class='ocrx_word' id='word_1_813' title='bbox 1520 5279 1649 5331; x_wconf 88' lang='lat' dir='ltr'><strong>duos</strong></span> <span class='ocrx_word' id='word_1_814' title='bbox 1679 5278 1839 5349; x_wconf 57' lang='lat' dir='ltr'><strong>hosce</strong></span> <span class='ocrx_word' id='word_1_815' title='bbox 1861 5274 2157 5349; x_wconf 70' lang='lat' dir='ltr'><strong>Scriptura:</strong></span> <span class='ocrx_word' id='word_1_816' title='bbox 2185 5287 2297 5349; x_wconf 73' lang='lat' dir='ltr'><strong>tex-</strong></span> 
     </span>
    </p>
   </div>
   <div class='ocr_carea' id='block_1_100' title="bbox 768 5343 2298 5409">
    <p class='ocr_par' dir='ltr' id='par_1_100' title="bbox 768 5343 2298 5409">
     <span class='ocr_line' id='line_1_100' title="bbox 768 5343 2298 5409; baseline -0.005 -8"><span class='ocrx_word' id='word_1_817' title='bbox 768 5343 851 5405; x_wconf 85' lang='lat' dir='ltr'><strong>tus</strong></span> <span class='ocrx_word' id='word_1_818' title='bbox 904 5343 972 5401; x_wconf 82' lang='lat' dir='ltr'><strong>ita</strong></span> <span class='ocrx_word' id='word_1_819' title='bbox 1024 5350 1240 5401; x_wconf 88' lang='lat' dir='ltr'><strong>restituo</strong></span> <span class='ocrx_word' id='word_1_820' title='bbox 1269 5362 1329 5399; x_wconf 89' lang='lat' dir='ltr'><strong>ac</strong></span> <span class='ocrx_word' id='word_1_821' title='bbox 1364 5343 1653 5409; x_wconf 72' lang='lat' dir='ltr'><strong>distinguo.</strong></span> <span class='ocrx_word' id='word_1_822' title='bbox 1688 5344 1815 5396; x_wconf 89' lang='lat' dir='ltr'><strong>Erat</strong></span> <span class='ocrx_word' id='word_1_823' title='bbox 1861 5344 1910 5395; x_wconf 93' lang='lat' dir='ltr'><strong>iu</strong></span> <span class='ocrx_word' id='word_1_824' title='bbox 1940 5343 2102 5397; x_wconf 86' lang='lat' dir='ltr'><strong>altera</strong></span> <span class='ocrx_word' id='word_1_825' title='bbox 2139 5363 2157 5394; x_wconf 84' lang='grc'><strong>‹</strong></span> <span class='ocrx_word' id='word_1_826' title='bbox 2199 5346 2298 5397; x_wconf 86' lang='lat' dir='ltr'><strong>Do-</strong></span> 
     </span>
    </p>
   </div>
   <div class='ocr_carea' id='block_1_101' title="bbox 768 5415 2226 5479">
    <p class='ocr_par' dir='ltr' id='par_1_101' title="bbox 768 5415 2226 5479">
     <span class='ocr_line' id='line_1_101' title="bbox 768 5415 2226 5479; baseline -0.006 -7"><span class='ocrx_word' id='word_1_827' title='bbox 768 5424 959 5479; x_wconf 75' lang='lat' dir='ltr'><strong>minus,</strong></span> <span class='ocrx_word' id='word_1_828' title='bbox 993 5436 1009 5466; x_wconf 77' lang='grc' dir='ltr'><strong>ι</strong></span> <span class='ocrx_word' id='word_1_829' title='bbox 1045 5418 1123 5469; x_wconf 89' lang='lat' dir='ltr'><strong>vel</strong></span> <span class='ocrx_word' id='word_1_830' title='bbox 1154 5434 1171 5465; x_wconf 88' lang='grc'><em>‹</em></span> <span class='ocrx_word' id='word_1_831' title='bbox 1203 5417 1431 5475; x_wconf 84' lang='lat' dir='ltr'><strong>Domini,</strong></span> <span class='ocrx_word' id='word_1_832' title='bbox 1465 5416 1680 5476; x_wconf 80' lang='lat' dir='ltr'><strong>spiritus</strong></span> <span class='ocrx_word' id='word_1_833' title='bbox 1709 5415 1821 5475; x_wconf 86' lang='lat' dir='ltr'><strong>ejus</strong></span> <span class='ocrx_word' id='word_1_834' title='bbox 1856 5430 1873 5461; x_wconf 77' lang='grc' dir='ltr'><strong>ι</strong></span> <span class='ocrx_word' id='word_1_835' title='bbox 1911 5427 2004 5477; x_wconf 91' lang='lat' dir='ltr'><strong>pro</strong></span> <span class='ocrx_word' id='word_1_836' title='bbox 2034 5421 2170 5465; x_wconf 64' lang='lat' dir='ltr'><strong>eest.</strong></span> <span class='ocrx_word' id='word_1_837' title='bbox 2209 5432 2226 5463; x_wconf 80' lang='grc' dir='ltr'><strong>ι</strong></span> 
     </span>
    </p>
   </div>
   <div class='ocr_carea' id='block_1_102' title="bbox 838 5480 2298 5547">
    <p class='ocr_par' dir='ltr' id='par_1_102' title="bbox 838 5480 2298 5547">
     <span class='ocr_line' id='line_1_102' title="bbox 838 5480 2298 5547; baseline -0.005 -9"><span class='ocrx_word' id='word_1_838' title='bbox 838 5488 944 5547; x_wconf 64' lang='lat' dir='ltr'><strong>(Sili)</strong></span> <span class='ocrx_word' id='word_1_839' title='bbox 978 5487 1147 5537; x_wconf 80' lang='lat' dir='ltr'><strong>Alium</strong></span> <span class='ocrx_word' id='word_1_840' title='bbox 1184 5486 1248 5536; x_wconf 84' lang='lat' dir='ltr'><strong>ab</strong></span> <span class='ocrx_word' id='word_1_841' title='bbox 1292 5484 1391 5535; x_wconf 87' lang='lat' dir='ltr'><strong>isto</strong></span> <span class='ocrx_word' id='word_1_842' title='bbox 1422 5501 1451 5533; x_wconf 79' lang='lat' dir='ltr'><strong>e</strong></span> <span class='ocrx_word' id='word_1_843' title='bbox 1484 5482 1660 5534; x_wconf 83' lang='lat' dir='ltr'><strong>Jacobi</strong></span> <span class='ocrx_word' id='word_1_844' title='bbox 1697 5481 1923 5547; x_wconf 85' lang='lat' dir='ltr'><strong>Epistola</strong></span> <span class='ocrx_word' id='word_1_845' title='bbox 1964 5480 2134 5533; x_wconf 91' lang='lat' dir='ltr'><strong>locum</strong></span> <span class='ocrx_word' id='word_1_846' title='bbox 2172 5482 2298 5534; x_wconf 76' lang='lat' dir='ltr'><strong>sult-</strong></span> 
     </span>
    </p>
   </div>
   <div class='ocr_carea' id='block_1_103' title="bbox 768 5548 2296 5621">
    <p class='ocr_par' dir='ltr' id='par_1_103' title="bbox 768 5548 2296 5621">
     <span class='ocr_line' id='line_1_103' title="bbox 768 5548 2296 5621; baseline -0.003 -18"><span class='ocrx_word' id='word_1_847' title='bbox 768 5554 941 5621; x_wconf 78' lang='lat' dir='ltr'><strong>stituit</strong></span> <span class='ocrx_word' id='word_1_848' title='bbox 972 5554 1179 5621; x_wconf 67' lang='lat' dir='ltr'><strong>Reginae</strong></span> <span class='ocrx_word' id='word_1_849' title='bbox 1202 5554 1342 5615; x_wconf 85' lang='lat' dir='ltr'><strong>cud.;</strong></span> <span class='ocrx_word' id='word_1_850' title='bbox 1380 5554 1523 5621; x_wconf 79' lang='lat' dir='ltr'><strong>hunc</strong></span> <span class='ocrx_word' id='word_1_851' title='bbox 1558 5564 1763 5621; x_wconf 68' lang='lat' dir='ltr'><strong>nempe,</strong></span> <span class='ocrx_word' id='word_1_852' title='bbox 1792 5563 1908 5621; x_wconf 73' lang='lat' dir='ltr'><strong>cap.</strong></span> <span class='ocrx_word' id='word_1_853' title='bbox 1946 5563 2013 5621; x_wconf 78' lang='lat' dir='ltr'><strong>tv.</strong></span> <span class='ocrx_word' id='word_1_854' title='bbox 2048 5548 2080 5599; x_wconf 79' lang='lat'><strong>5</strong></span> <span class='ocrx_word' id='word_1_855' title='bbox 2110 5568 2132 5621; x_wconf 55' lang='grc' dir='ltr'><strong>εΔ</strong></span> <span class='ocrx_word' id='word_1_856' title='bbox 2158 5568 2187 5621; x_wconf 65' lang='grc' dir='ltr'><strong>Δι</strong></span> <span class='ocrx_word' id='word_1_857' title='bbox 2222 5549 2296 5601; x_wconf 82' lang='lat' dir='ltr'><strong>Ad</strong></span> 
     </span>
    </p>
   </div>
   <div class='ocr_carea' id='block_1_104' title="bbox 768 5616 2294 5686">
    <p class='ocr_par' dir='ltr' id='par_1_104' title="bbox 768 5616 2294 5686">
     <span class='ocr_line' id='line_1_104' title="bbox 768 5616 2294 5686; baseline -0.004 -13"><span class='ocrx_word' id='word_1_858' title='bbox 768 5620 1015 5673; x_wconf 80' lang='lat' dir='ltr'><strong>invidiam</strong></span> <span class='ocrx_word' id='word_1_859' title='bbox 1044 5616 1366 5686; x_wconf 77' lang='lat' dir='ltr'><strong>concupiscit</strong></span> <span class='ocrx_word' id='word_1_860' title='bbox 1389 5618 1614 5686; x_wconf 74' lang='lat' dir='ltr'><strong>Spiritus</strong></span> <span class='ocrx_word' id='word_1_861' title='bbox 1642 5618 1729 5686; x_wconf 85' lang='lat' dir='ltr'><strong>qui</strong></span> <span class='ocrx_word' id='word_1_862' title='bbox 1752 5616 1949 5686; x_wconf 70' lang='lat' dir='ltr'><strong>habitat</strong></span> <span class='ocrx_word' id='word_1_863' title='bbox 1973 5617 2023 5668; x_wconf 91' lang='lat' dir='ltr'><strong>in</strong></span> <span class='ocrx_word' id='word_1_864' title='bbox 2051 5617 2202 5671; x_wconf 78' lang='lat' dir='ltr'><strong>vobis</strong></span> <span class='ocrx_word' id='word_1_865' title='bbox 2230 5635 2241 5668; x_wconf 79' lang='lat'><strong>2</strong></span> <span class='ocrx_word' id='word_1_866' title='bbox 2277 5636 2294 5667; x_wconf 79' lang='grc' dir='ltr'><strong>ι</strong></span> 
     </span>
    </p>
   </div>
   <div class='ocr_carea' id='block_1_105' title="bbox 766 5684 2297 5755">
    <p class='ocr_par' dir='ltr' id='par_1_105' title="bbox 766 5684 2297 5755">
     <span class='ocr_line' id='line_1_105' title="bbox 766 5684 2297 5755; baseline -0.005 -16"><span class='ocrx_word' id='word_1_867' title='bbox 766 5689 1062 5751; x_wconf 71' lang='lat' dir='ltr'><strong>subditque.</strong></span> <span class='ocrx_word' id='word_1_868' title='bbox 1107 5706 1122 5735; x_wconf 77' lang='grc' dir='ltr'><strong>ι</strong></span> <span class='ocrx_word' id='word_1_869' title='bbox 1159 5684 1385 5755; x_wconf 81' lang='lat' dir='ltr'><strong>Spiritus</strong></span> <span class='ocrx_word' id='word_1_870' title='bbox 1416 5684 1553 5739; x_wconf 83' lang='lat' dir='ltr'><strong>enim</strong></span> <span class='ocrx_word' id='word_1_871' title='bbox 1584 5685 1712 5739; x_wconf 84' lang='lat' dir='ltr'><strong>nihil</strong></span> <span class='ocrx_word' id='word_1_872' title='bbox 1753 5684 1925 5755; x_wconf 81' lang='lat' dir='ltr'><strong>aliud,</strong></span> <span class='ocrx_word' id='word_1_873' title='bbox 1953 5702 1970 5733; x_wconf 81' lang='grc' dir='ltr'><strong>ι</strong></span> <span class='ocrx_word' id='word_1_874' title='bbox 1991 5693 2106 5755; x_wconf 58' lang='grc' dir='ltr'><strong>Δεἰς.</strong></span> <span class='ocrx_word' id='word_1_875' title='bbox 2136 5686 2205 5755; x_wconf 21' lang='grc' dir='ltr'><strong>γξιι</strong></span> <span class='ocrx_word' id='word_1_876' title='bbox 2237 5702 2297 5733; x_wconf 80' lang='lat' dir='ltr'><strong>ru</strong></span> 
     </span>
    </p>
   </div>
   <div class='ocr_carea' id='block_1_106' title="bbox 770 5752 2298 5824">
    <p class='ocr_par' dir='ltr' id='par_1_106' title="bbox 770 5752 2298 5824">
     <span class='ocr_line' id='line_1_106' title="bbox 770 5752 2298 5824; baseline -0.003 -17"><span class='ocrx_word' id='word_1_877' title='bbox 770 5756 859 5824; x_wconf 87' lang='lat' dir='ltr'><strong>qui</strong></span> <span class='ocrx_word' id='word_1_878' title='bbox 894 5757 1167 5809; x_wconf 82' lang='lat' dir='ltr'><strong>exhibetur</strong></span> <span class='ocrx_word' id='word_1_879' title='bbox 1202 5752 1397 5809; x_wconf 57' lang='lat' dir='ltr'><strong>&#39;voccm</strong></span> <span class='ocrx_word' id='word_1_880' title='bbox 1444 5772 1461 5804; x_wconf 75' lang='grc' dir='ltr'><strong>ι</strong></span> <span class='ocrx_word' id='word_1_881' title='bbox 1509 5765 1651 5807; x_wconf 90' lang='lat' dir='ltr'><strong>tuum</strong></span> <span class='ocrx_word' id='word_1_882' title='bbox 1696 5773 1715 5805; x_wconf 74' lang='grc' dir='ltr'><strong>ι</strong></span> <span class='ocrx_word' id='word_1_883' title='bbox 1769 5769 1870 5807; x_wconf 82' lang='lat' dir='ltr'><strong>non</strong></span> <span class='ocrx_word' id='word_1_884' title='bbox 1920 5752 2075 5807; x_wconf 84' lang='lat' dir='ltr'><strong>habet</strong></span> <span class='ocrx_word' id='word_1_885' title='bbox 2132 5754 2298 5805; x_wconf 73' lang='lat' dir='ltr'><strong>\‘atic.</strong></span> 
     </span>
    </p>
   </div>
   <div class='ocr_carea' id='block_1_107' title="bbox 1978 4864 2368 4929">
    <p class='ocr_par' dir='ltr' id='par_1_107' title="bbox 1978 4864 2368 4929">
     <span class='ocr_line' id='line_1_107' title="bbox 1978 4864 2368 4929; baseline 0.005 -12"><span class='ocrx_word' id='word_1_886' title='bbox 1978 4865 2022 4896; x_wconf 81' lang='lat'>&quot;</span> <span class='ocrx_word' id='word_1_887' title='bbox 2063 4864 2102 4917; x_wconf 91' lang='lat' dir='ltr'><strong>ll</strong></span> <span class='ocrx_word' id='word_1_888' title='bbox 2132 4865 2252 4919; x_wconf 80' lang='lat' dir='ltr'><strong>Cor.</strong></span> <span class='ocrx_word' id='word_1_889' title='bbox 2287 4883 2368 4929; x_wconf 87' lang='lat' dir='ltr'><strong>Ill,</strong></span> 
     </span>
    </p>
   </div>
   <div class='ocr_carea' id='block_1_108' title="bbox 2053 4934 2536 4995">
    <p class='ocr_par' dir='ltr' id='par_1_108' title="bbox 2053 4934 2536 4995">
     <span class='ocr_line' id='line_1_108' title="bbox 2053 4934 2536 4995; baseline 0.012 -11"><span class='ocrx_word' id='word_1_890' title='bbox 2053 4934 2143 4985; x_wconf 83' lang='lat' dir='ltr'><strong>&quot;l</strong></span> <span class='ocrx_word' id='word_1_891' title='bbox 2185 4935 2303 4988; x_wconf 84' lang='lat' dir='ltr'><strong>Cor.</strong></span> <span class='ocrx_word' id='word_1_892' title='bbox 2345 4954 2402 4995; x_wconf 87' lang='lat' dir='ltr'><strong>tt.</strong></span> <span class='ocrx_word' id='word_1_893' title='bbox 2453 4940 2536 4991; x_wconf 83' lang='lat' dir='ltr'><strong>ll.</strong></span> 
     </span>
    </p>
   </div>
   <div class='ocr_carea' id='block_1_109' title="bbox 2011 5002 2456 5068">
    <p class='ocr_par' dir='ltr' id='par_1_109' title="bbox 2011 5002 2456 5068">
     <span class='ocr_line' id='line_1_109' title="bbox 2011 5002 2456 5068; baseline 0.013 -13"><span class='ocrx_word' id='word_1_894' title='bbox 2011 5002 2053 5033; x_wconf 80' lang='grc'><strong>³⁸</strong></span> <span class='ocrx_word' id='word_1_895' title='bbox 2091 5003 2210 5057; x_wconf 90' lang='lat' dir='ltr'><strong>Act.</strong></span> <span class='ocrx_word' id='word_1_896' title='bbox 2245 5007 2456 5068; x_wconf 79' lang='lat' dir='ltr'><strong>\&#39;ttt,59.</strong></span> 
     </span>
    </p>
   </div>
   <div class='ocr_carea' id='block_1_110' title="bbox 2382 4633 3968 4707">
    <p class='ocr_par' dir='ltr' id='par_1_110' title="bbox 2382 4633 3968 4707">
     <span class='ocr_line' id='line_1_110' title="bbox 2382 4633 3968 4707; baseline -0.006 -13"><span class='ocrx_word' id='word_1_897' title='bbox 2382 4640 2600 4703; x_wconf 88' lang='lat' dir='ltr'><strong>monis;</strong></span> <span class='ocrx_word' id='word_1_898' title='bbox 2634 4640 2687 4693; x_wconf 88' lang='lat' dir='ltr'><strong>hi</strong></span> <span class='ocrx_word' id='word_1_899' title='bbox 2721 4654 2853 4693; x_wconf 90' lang='lat' dir='ltr'><strong>vero</strong></span> <span class='ocrx_word' id='word_1_900' title='bbox 2876 4640 2968 4707; x_wconf 88' lang='lat' dir='ltr'><strong>qui</strong></span> <span class='ocrx_word' id='word_1_901' title='bbox 2993 4637 3164 4691; x_wconf 88' lang='lat' dir='ltr'><strong>sancti</strong></span> <span class='ocrx_word' id='word_1_902' title='bbox 3197 4645 3325 4687; x_wconf 90' lang='lat' dir='ltr'><strong>sunt</strong></span> <span class='ocrx_word' id='word_1_903' title='bbox 3344 4638 3589 4702; x_wconf 80' lang='lat' dir='ltr'><strong>spiritus,</strong></span> <span class='ocrx_word' id='word_1_904' title='bbox 3615 4635 3821 4699; x_wconf 68' lang='lat' dir='ltr'><strong>absque</strong></span> <span class='ocrx_word' id='word_1_905' title='bbox 3854 4633 3968 4684; x_wconf 83' lang='lat' dir='ltr'><strong>ttllU</strong></span> 
     </span>
    </p>
   </div>
   <div class='ocr_carea' id='block_1_111' title="bbox 2383 4725 3761 4801">
    <p class='ocr_par' dir='ltr' id='par_1_111' title="bbox 2383 4725 3761 4801">
     <span class='ocr_line' id='line_1_111' title="bbox 2383 4725 3761 4801; baseline -0.007 -14"><span class='ocrx_word' id='word_1_906' title='bbox 2383 4732 2761 4787; x_wconf 80' lang='lat' dir='ltr'><strong>additamenta</strong></span> <span class='ocrx_word' id='word_1_907' title='bbox 2790 4731 3015 4801; x_wconf 91' lang='lat' dir='ltr'><strong>spiritus</strong></span> <span class='ocrx_word' id='word_1_908' title='bbox 3044 4728 3363 4798; x_wconf 88' lang='lat' dir='ltr'><strong>simpliciter</strong></span> <span class='ocrx_word' id='word_1_909' title='bbox 3392 4725 3761 4794; x_wconf 81' lang='lat' dir='ltr'><strong>appellantur.</strong></span> 
     </span>
    </p>
   </div>
   <div class='ocr_carea' id='block_1_112' title="bbox 2406 4862 3946 4933">
    <p class='ocr_par' dir='ltr' id='par_1_112' title="bbox 2406 4862 3946 4933">
     <span class='ocr_line' id='line_1_112' title="bbox 2406 4862 3946 4933; baseline -0.005 -12"><span class='ocrx_word' id='word_1_910' title='bbox 2406 4870 2468 4921; x_wconf 81' lang='lat' dir='ltr'><strong>l7</strong></span> <span class='ocrx_word' id='word_1_911' title='bbox 2549 4873 2593 4901; x_wconf 74' lang='lat'><strong>“</strong></span> <span class='ocrx_word' id='word_1_912' title='bbox 2621 4872 2812 4924; x_wconf 77' lang='lat' dir='ltr'><strong>Ezech.</strong></span> <span class='ocrx_word' id='word_1_913' title='bbox 2844 4872 2972 4933; x_wconf 48' lang='grc' dir='ltr'><strong>νβ,</strong></span> <span class='ocrx_word' id='word_1_914' title='bbox 3046 4873 3092 4903; x_wconf 72' lang='grc'><strong>’⁸</strong></span> <span class='ocrx_word' id='word_1_915' title='bbox 3139 4869 3469 4929; x_wconf 75' lang='lat' dir='ltr'><strong>Psal.xu’tt,</strong></span> <span class='ocrx_word' id='word_1_916' title='bbox 3504 4869 3558 4921; x_wconf 81' lang='lat'><strong>8.</strong></span> <span class='ocrx_word' id='word_1_917' title='bbox 3633 4866 3679 4898; x_wconf 81' lang='lat'><strong>&quot;</strong></span> <span class='ocrx_word' id='word_1_918' title='bbox 3728 4862 3843 4917; x_wconf 77' lang='lat' dir='ltr'><strong>Jac.</strong></span> <span class='ocrx_word' id='word_1_919' title='bbox 3891 4880 3946 4916; x_wconf 85' lang='lat' dir='ltr'><strong>tt.</strong></span> 
     </span>
    </p>
   </div>
   <div class='ocr_carea' id='block_1_113' title="bbox 2612 4933 3952 5003">
    <p class='ocr_par' dir='ltr' id='par_1_113' title="bbox 2612 4933 3952 5003">
     <span class='ocr_line' id='line_1_113' title="bbox 2612 4933 3952 5003; baseline -0.005 -12"><span class='ocrx_word' id='word_1_920' title='bbox 2612 4941 2657 4971; x_wconf 80' lang='grc' dir='ltr'><strong>³ο</strong></span> <span class='ocrx_word' id='word_1_921' title='bbox 2683 4940 2696 4991; x_wconf 93' lang='lat' dir='ltr'><strong>l</strong></span> <span class='ocrx_word' id='word_1_922' title='bbox 2719 4940 2841 4992; x_wconf 80' lang='lat' dir='ltr'><strong>Cor.</strong></span> <span class='ocrx_word' id='word_1_923' title='bbox 2876 4956 2936 5003; x_wconf 88' lang='lat' dir='ltr'><strong>tt,</strong></span> <span class='ocrx_word' id='word_1_924' title='bbox 2963 4939 3049 4992; x_wconf 85' lang='lat' dir='ltr'><strong>l0.</strong></span> <span class='ocrx_word' id='word_1_925' title='bbox 3094 4938 3137 4969; x_wconf 78' lang='lat'><strong>&quot;</strong></span> <span class='ocrx_word' id='word_1_926' title='bbox 3170 4938 3320 4991; x_wconf 73' lang='lat' dir='ltr'><strong>ﬂom.</strong></span> <span class='ocrx_word' id='word_1_927' title='bbox 3358 4952 3475 5000; x_wconf 84' lang='lat' dir='ltr'><strong>vui,</strong></span> <span class='ocrx_word' id='word_1_928' title='bbox 3509 4934 3594 4989; x_wconf 75' lang='grc'><strong>16.</strong></span> <span class='ocrx_word' id='word_1_929' title='bbox 3643 4934 3688 4966; x_wconf 82' lang='grc'><em>³³</em></span> <span class='ocrx_word' id='word_1_930' title='bbox 3715 4933 3733 4987; x_wconf 91' lang='lat' dir='ltr'><strong>l</strong></span> <span class='ocrx_word' id='word_1_931' title='bbox 3760 4933 3952 4987; x_wconf 77' lang='lat' dir='ltr'><strong>Thess.</strong></span> 
     </span>
    </p>
   </div>
   <div class='ocr_carea' id='block_1_114' title="bbox 2532 5007 3127 5069">
    <p class='ocr_par' dir='ltr' id='par_1_114' title="bbox 2532 5007 3127 5069">
     <span class='ocr_line' id='line_1_114' title="bbox 2532 5007 3127 5069; baseline -0.003 -10"><span class='ocrx_word' id='word_1_932' title='bbox 2532 5008 2577 5038; x_wconf 83' lang='grc'><strong><em>³⁸</em></strong></span> <span class='ocrx_word' id='word_1_933' title='bbox 2610 5008 2789 5060; x_wconf 78' lang='lat' dir='ltr'><strong>Matth.</strong></span> <span class='ocrx_word' id='word_1_934' title='bbox 2816 5023 2907 5069; x_wconf 81' lang='lat' dir='ltr'><strong>xu,</strong></span> <span class='ocrx_word' id='word_1_935' title='bbox 2939 5007 3127 5060; x_wconf 62' lang='lat'><strong>4545.</strong></span> 
     </span>
    </p>
   </div>
   <div class='ocr_carea' id='block_1_115' title="bbox 2404 5143 3338 5210">
    <p class='ocr_par' dir='ltr' id='par_1_115' title="bbox 2404 5143 3338 5210">
     <span class='ocr_line' id='line_1_115' title="bbox 2404 5143 3338 5210; baseline -0.001 -15"><span class='ocrx_word' id='word_1_936' title='bbox 2404 5143 2557 5198; x_wconf 85' lang='lat' dir='ltr'><strong>liber.</strong></span> <span class='ocrx_word' id='word_1_937' title='bbox 2591 5159 2760 5209; x_wconf 84' lang='lat' dir='ltr'><strong>neque</strong></span> <span class='ocrx_word' id='word_1_938' title='bbox 2789 5144 2901 5210; x_wconf 89' lang='lat' dir='ltr'><strong>ipse</strong></span> <span class='ocrx_word' id='word_1_939' title='bbox 2922 5143 3107 5197; x_wconf 76' lang='lat' dir='ltr'><strong>Jacobi</strong></span> <span class='ocrx_word' id='word_1_940' title='bbox 3142 5152 3338 5195; x_wconf 75' lang='lat' dir='ltr'><strong>textus.</strong></span> 
     </span>
    </p>
   </div>
   <div class='ocr_carea' id='block_1_116' title="bbox 2470 5207 3938 5279">
    <p class='ocr_par' dir='ltr' id='par_1_116' title="bbox 2470 5207 3938 5279">
     <span class='ocr_line' id='line_1_116' title="bbox 2470 5207 3938 5279; baseline -0.003 -16"><span class='ocrx_word' id='word_1_941' title='bbox 2470 5213 2579 5279; x_wconf 75' lang='grc'><strong>(51)</strong></span> <span class='ocrx_word' id='word_1_942' title='bbox 2612 5207 3009 5279; x_wconf 65' lang='grc' dir='ltr'><strong>Ιιιὲίειιῖειτοτθ</strong></span> <span class='ocrx_word' id='word_1_943' title='bbox 3033 5213 3157 5279; x_wconf 81' lang='lat' dir='ltr'><strong>editi</strong></span> <span class='ocrx_word' id='word_1_944' title='bbox 3189 5212 3463 5271; x_wconf 74' lang='lat' dir='ltr'><strong>hactenus,</strong></span> <span class='ocrx_word' id='word_1_945' title='bbox 3495 5218 3546 5263; x_wconf 89' lang='lat' dir='ltr'><strong>et</strong></span> <span class='ocrx_word' id='word_1_946' title='bbox 3576 5207 3938 5279; x_wconf 77' lang='lat' dir='ltr'><strong>passim__tttss.</strong></span> 
     </span>
    </p>
   </div>
   <div class='ocr_carea' id='block_1_117' title="bbox 2401 5275 3952 5347">
    <p class='ocr_par' dir='ltr' id='par_1_117' title="bbox 2401 5275 3952 5347">
     <span class='ocr_line' id='line_1_117' title="bbox 2401 5275 3952 5347; baseline -0.003 -17"><span class='ocrx_word' id='word_1_947' title='bbox 2401 5275 2643 5347; x_wconf 76' lang='lat' dir='ltr'><strong>legebant</strong></span> <span class='ocrx_word' id='word_1_948' title='bbox 2679 5298 2696 5328; x_wconf 85' lang='grc'><strong><em>‹</em></strong></span> <span class='ocrx_word' id='word_1_949' title='bbox 2722 5275 3017 5347; x_wconf 74' lang='lat' dir='ltr'><strong>etescepto</strong></span> <span class='ocrx_word' id='word_1_950' title='bbox 3043 5277 3240 5346; x_wconf 89' lang='lat' dir='ltr'><strong>Spiritu</strong></span> <span class='ocrx_word' id='word_1_951' title='bbox 3263 5278 3710 5347; x_wconf 66' lang='lat' dir='ltr'><strong>sanum-spiritus</strong></span> <span class='ocrx_word' id='word_1_952' title='bbox 3738 5275 3901 5347; x_wconf 65' lang='lat' dir='ltr'><strong>alius,</strong></span> <span class='ocrx_word' id='word_1_953' title='bbox 3934 5292 3952 5325; x_wconf 79' lang='grc' dir='ltr'><strong>ι</strong></span> 
     </span>
    </p>
   </div>
   <div class='ocr_carea' id='block_1_118' title="bbox 2402 5341 3956 5413">
    <p class='ocr_par' dir='ltr' id='par_1_118' title="bbox 2402 5341 3956 5413">
     <span class='ocr_line' id='line_1_118' title="bbox 2402 5341 3956 5413; baseline -0.003 -14"><span class='ocrx_word' id='word_1_954' title='bbox 2402 5341 2505 5399; x_wconf 75' lang='lat' dir='ltr'><strong>etc.</strong></span> <span class='ocrx_word' id='word_1_955' title='bbox 2556 5347 2814 5400; x_wconf 88' lang='lat' dir='ltr'><strong>Substitui</strong></span> <span class='ocrx_word' id='word_1_956' title='bbox 2843 5366 2861 5397; x_wconf 74' lang='grc' dir='ltr'><strong>ι</strong></span> <span class='ocrx_word' id='word_1_957' title='bbox 2891 5341 3099 5413; x_wconf 81' lang='lat' dir='ltr'><strong>spiritui</strong></span> <span class='ocrx_word' id='word_1_958' title='bbox 3130 5348 3340 5408; x_wconf 73' lang='lat' dir='ltr'><strong>nostro,</strong></span> <span class='ocrx_word' id='word_1_959' title='bbox 3362 5364 3381 5396; x_wconf 81' lang='grc' dir='ltr'><strong>ι</strong></span> <span class='ocrx_word' id='word_1_960' title='bbox 3418 5347 3482 5398; x_wconf 91' lang='lat' dir='ltr'><strong>ad</strong></span> <span class='ocrx_word' id='word_1_961' title='bbox 3507 5341 3702 5399; x_wconf 84' lang='lat' dir='ltr'><strong>codicis</strong></span> <span class='ocrx_word' id='word_1_962' title='bbox 3737 5341 3956 5407; x_wconf 67' lang='lat' dir='ltr'><strong>Reginae</strong></span> 
     </span>
    </p>
   </div>
   <div class='ocr_carea' id='block_1_119' title="bbox 2409 5415 3954 5481">
    <p class='ocr_par' dir='ltr' id='par_1_119' title="bbox 2409 5415 3954 5481">
     <span class='ocr_line' id='line_1_119' title="bbox 2409 5415 3954 5481; baseline -0.003 -16"><span class='ocrx_word' id='word_1_963' title='bbox 2409 5416 2585 5478; x_wconf 74' lang='lat' dir='ltr'><strong>Iidem,</strong></span> <span class='ocrx_word' id='word_1_964' title='bbox 2633 5415 2860 5467; x_wconf 82' lang='lat' dir='ltr'><strong>maxime</strong></span> <span class='ocrx_word' id='word_1_965' title='bbox 2884 5430 3010 5468; x_wconf 90' lang='lat' dir='ltr'><strong>vero</strong></span> <span class='ocrx_word' id='word_1_966' title='bbox 3034 5416 3097 5467; x_wconf 86' lang='lat' dir='ltr'><strong>ad</strong></span> <span class='ocrx_word' id='word_1_967' title='bbox 3125 5426 3281 5467; x_wconf 72' lang='lat' dir='ltr'><strong>recta:</strong></span> <span class='ocrx_word' id='word_1_968' title='bbox 3309 5415 3531 5468; x_wconf 71' lang='lat' dir='ltr'><strong>rationis</strong></span> <span class='ocrx_word' id='word_1_969' title='bbox 3553 5422 3954 5481; x_wconf 69' lang='lat' dir='ltr'><strong>argumentum,</strong></span> 
     </span>
    </p>
   </div>
   <div class='ocr_carea' id='block_1_120' title="bbox 2404 5483 3298 5535">
    <p class='ocr_par' dir='ltr' id='par_1_120' title="bbox 2404 5483 3298 5535">
     <span class='ocr_line' id='line_1_120' title="bbox 2404 5483 3298 5535; baseline 0 0"><span class='ocrx_word' id='word_1_970' title='bbox 2404 5492 2455 5535; x_wconf 88' lang='lat' dir='ltr'><strong>et</strong></span> <span class='ocrx_word' id='word_1_971' title='bbox 2492 5483 2695 5535; x_wconf 84' lang='lat' dir='ltr'><strong>Paulini</strong></span> <span class='ocrx_word' id='word_1_972' title='bbox 2729 5484 3014 5535; x_wconf 87' lang='lat' dir='ltr'><strong>testimonii</strong></span> <span class='ocrx_word' id='word_1_973' title='bbox 3062 5498 3298 5535; x_wconf 78' lang='lat' dir='ltr'><strong>sensum.</strong></span> 
     </span>
    </p>
   </div>
   <div class='ocr_carea' id='block_1_121' title="bbox 2476 5546 3945 5617">
    <p class='ocr_par' dir='ltr' id='par_1_121' title="bbox 2476 5546 3945 5617">
     <span class='ocr_line' id='line_1_121' title="bbox 2476 5546 3945 5617; baseline -0.005 -14"><span class='ocrx_word' id='word_1_974' title='bbox 2476 5552 2585 5610; x_wconf 68' lang='lat'><strong>(32)</strong></span> <span class='ocrx_word' id='word_1_975' title='bbox 2624 5552 2793 5602; x_wconf 74' lang='lat' dir='ltr'><strong>Vatic.</strong></span> <span class='ocrx_word' id='word_1_976' title='bbox 2821 5564 2869 5601; x_wconf 91' lang='lat' dir='ltr'><strong>et</strong></span> <span class='ocrx_word' id='word_1_977' title='bbox 2901 5551 3115 5617; x_wconf 66' lang='lat' dir='ltr'><strong>Regium</strong></span> <span class='ocrx_word' id='word_1_978' title='bbox 3143 5550 3526 5605; x_wconf 84' lang='lat' dir='ltr'><strong>cod..mesciat</strong></span> <span class='ocrx_word' id='word_1_979' title='bbox 3554 5546 3685 5599; x_wconf 81' lang='lat' dir='ltr'><strong>alius</strong></span> <span class='ocrx_word' id='word_1_980' title='bbox 3712 5552 3893 5617; x_wconf 78' lang='lat' dir='ltr'><strong>homo.</strong></span> <span class='ocrx_word' id='word_1_981' title='bbox 3924 5563 3945 5595; x_wconf 72' lang='grc' dir='ltr'><strong>ο</strong></span> 
     </span>
    </p>
   </div>
   <div class='ocr_carea' id='block_1_122' title="bbox 2481 5615 3956 5685">
    <p class='ocr_par' dir='ltr' id='par_1_122' title="bbox 2481 5615 3956 5685">
     <span class='ocr_line' id='line_1_122' title="bbox 2481 5615 3956 5685; baseline -0.004 -15"><span class='ocrx_word' id='word_1_982' title='bbox 2481 5619 2590 5685; x_wconf 72' lang='grc'><strong>(55)</strong></span> <span class='ocrx_word' id='word_1_983' title='bbox 2622 5619 2708 5670; x_wconf 81' lang='lat' dir='ltr'><strong>Sic</strong></span> <span class='ocrx_word' id='word_1_984' title='bbox 2736 5619 2849 5684; x_wconf 77' lang='lat' dir='ltr'><strong>lego</strong></span> <span class='ocrx_word' id='word_1_985' title='bbox 2871 5632 2932 5670; x_wconf 77' lang='lat' dir='ltr'><strong>ex</strong></span> <span class='ocrx_word' id='word_1_986' title='bbox 2960 5615 3125 5671; x_wconf 79' lang='lat' dir='ltr'><strong>veteri</strong></span> <span class='ocrx_word' id='word_1_987' title='bbox 3149 5619 3413 5677; x_wconf 81' lang='lat' dir='ltr'><strong>editiOne;</strong></span> <span class='ocrx_word' id='word_1_988' title='bbox 3450 5618 3501 5669; x_wconf 89' lang='lat' dir='ltr'><strong>in</strong></span> <span class='ocrx_word' id='word_1_989' title='bbox 3527 5616 3642 5668; x_wconf 84' lang='lat' dir='ltr'><strong>aliis</strong></span> <span class='ocrx_word' id='word_1_990' title='bbox 3664 5615 3806 5668; x_wconf 85' lang='lat' dir='ltr'><strong>enim</strong></span> <span class='ocrx_word' id='word_1_991' title='bbox 3832 5623 3956 5665; x_wconf 78' lang='lat' dir='ltr'><strong>erat</strong></span> 
     </span>
    </p>
   </div>
   <div class='ocr_carea' id='block_1_123' title="bbox 2414 5687 2949 5739">
    <p class='ocr_par' dir='ltr' id='par_1_123' title="bbox 2414 5687 2949 5739">
     <span class='ocr_line' id='line_1_123' title="bbox 2414 5687 2949 5739; baseline 0 -4"><span class='ocrx_word' id='word_1_992' title='bbox 2414 5705 2429 5735; x_wconf 73' lang='grc' dir='ltr'>α</span> <span class='ocrx_word' id='word_1_993' title='bbox 2466 5687 2897 5739; x_wconf 72' lang='lat' dir='ltr'><strong>immutationem.</strong></span> <span class='ocrx_word' id='word_1_994' title='bbox 2936 5706 2949 5735; x_wconf 88' lang='grc' dir='ltr'><strong>ι</strong></span> 
     </span>
    </p>
   </div>
  </div>
