4212 6472
262 340 354 401 157

921 341 1401 403 TRANSLATIO
1439 343 1642 401 Lllilil
1691 338 1956 401 DiD't'IlIl
2011 341 2101 397 DE
2133 335 2447 399 Sl'lRITU
2487 334 2794 397 SANCTO.

3347 330 3447 392 1'58

321 446 406 496 57.
441 444 741 499 Sciendum
795 462 1007 517 quoque
1058 457 1197 521 quod
1247 470 1436 509 nomen
1503 459 1739 524 spiritus,
1763 467 1811 508 et
1843 463 1882 514 A
1917 457 2053 507 aliud
2091 457 2139 508 itt
2167 455 2426 508 Trinitate
2474 461 2712 523 usurpari
2776 462 2930 522 solet,
2989 459 3294 529 συνώνυμον
3332 473 3451 522 est;

253 535 581 588 voluntatem
640 539 895 601 hominis,
946 553 1001 594 et
1051 545 1210 596 animi
1272 547 1590 600 sententiam
1634 557 1806 599 sonet.

253 625 442 678 \‘otens
475 627 683 695 quippe
708 631 994 694 Apostolus
1024 634 1279 699 virginem
1309 652 1411 689 non
1429 637 1598 690 solum
1624 652 1808 703 opere,

247 715 337 765 sed
365 723 419 765 et
443 723 627 767 mente
660 726 901 769 sanctam
942 732 1077 781 esse,
1108 720 1156 771 id
1193 731 1294 785 est,
1336 738 1440 775 nou
1473 729 1672 773 tantum
1693 737 1809 774 cor-

245 811 388 864 pore,
414 800 512 853 sed
545 811 604 852 et
634 813 782 853 motu
817 803 992 858 cordis
1019 807 1246 868 interno,
1271 808 1369 862 ait:
1391 826 1408 858 ι
1444 806 1510 862 Ut
1539 809 1604 863 sit
1625 819 1808 864 sancta

241 902 467 956 corpore
494 899 554 943 et
586 891 780 957 spiritu
812 891 896 958 '7;
939 911 960 944 ι
1006 895 1330 951 voluntatem
1371 899 1558 964 spiritu
1607 911 1659 954 et
1683 915 1805 954 cor-

238 994 364 1046 pore
386 995 560 1046 opera
594 983 925 1053 signiﬁcans.
955 985 1240 1041 Considera
1273 999 1446 1042 utrum
1493 993 1591 1045 hoc
1637 993 1805 1060 ipsum

239 1069 288 1120 in
315 1071 452 1123 Isaia
488 1085 677 1138 sonet,
707 1075 847 1141 quod
878 1078 1131 1145 scriptum
1157 1090 1238 1131 est
1281 1094 1294 1128 :
1333 1098 1352 1130 ι
1388 1081 1450 1134 Ει
1498 1083 1686 1146 scient,
1715 1082 1806 1149 qui

235 1160 422 1224 spiritu
452 1173 674 1226 errant,
715 1164 1035 1220 intellectum
1069 1167 1165 1219 ".i
1188 1168 1286 1234 Qui
1341 1170 1480 1222 enim
1523 1169 1808 1236 erroreju-

236 1249 355 1301 dicii
379 1250 488 1302 alia
522 1267 628 1318 pro
658 1251 780 1307 aliis
807 1255 943 1308 bona
978 1254 1073 1326 [αι.
1095 1257 1232 1312 liouo
1258 1257 1454 1330 studio]
1477 1259 1805 1322 existimant,

235 1340 504 1408 arcipient
545 1342 904 1407 intellectum.
930 1357 986 1398 ut
1004 1347 1302 1418 corrigatur
1325 1363 1477 1403 error
1499 1349 1730 1408 illorum,
1751 1355 1807 1402 ut

235 1444 326 1498 pro
391 1433 588 1496 pravis
649 1447 715 1486 ea
769 1449 886 1501 qua:
939 1446 1080 1489 recta
1138 1450 1260 1493 sunt
1329 1439 1546 1506 eligant.
1590 1439 1804 1494 Necnon

234 1528 284 1573 et
307 1521 471 1573 illud:
500 1540 520 1571 ε
544 1519 666 1576 Una
687 1523 936 1578 fortitudo
960 1529 1176 1594 spiritus
1195 1529 1353 1582 vestri
1373 1529 1414 1561 ³⁹
1437 1527 1532 1598 lui.
1550 1529 1766 1599 nostri],
1783 1547 1800 1580 ι

235 1611 358 1662 ride
408 1625 498 1662 au'
521 1612 762 1678 idipsum
798 1615 1064 1671 ostendat.
1097 1615 1157 1668 Et
1181 1632 1338 1685 super
1375 1621 1550 1672 omnia
1576 1618 1806 1672 vocabu-

236 1700 340 1753 lum
377 1703 616 1768 spiritus
639 1703 887 1757 altiorem
905 1715 960 1759 et
985 1706 1263 1775 mysticum
1288 1708 1339 1761 in
1369 1708 1658 1777 Scripturis
1681 1723 1806 1760 san-

1910 545 2050 596 vtrrhi
2084 547 2271 610 gratia,
2301 554 2517 596 sant-tus
2557 546 2722 596 lionus
2746 547 2876 615 (56),
2905 557 2953 600 et
2989 561 3179 600 Caetera
3209 550 3453 600 liissn-ui-

1909 632 1998 692 lia,
2035 634 2096 685 de
2125 635 2314 699 quibus
2342 634 2495 702 paulo
2517 645 2638 688 ante
2670 637 3096 701 perstrinximus.

1977 719 2261 774 59.1’orro
2303 726 2367 775 ad
2409 724 2520 777 hmo
2567 725 2867 777 necessario
2899 725 3122 777 devoluti
3154 741 3356 789 sumus,
3396 736 3450 778 ut

1907 811 2033 880 quia
2067 810 2376 878 frequenter
2397 812 2679 878 appellatio
2711 811 2932 879 spiritus
2964 812 3012 863 in
3051 813 3342 879 Scriptttris
3370 821 3453 865 est

1907 913 2152 966 respersa
2179 899 2390 957 divinis.
2413 916 2512 951 non
2533 899 2771 952 laliamur
2801 901 2852 953 in
2879 901 3113 961 nomine,
3142 904 3233 954 sed
3261 917 3452 953 unum-

1906 990 2154 1057 quodque
2218 990 2508 1041 secundum
2574 989 2806 1040 locorum
2847 992 3132 1045 varietates
3165 1002 3215 1045 et
3252 992 3448 1043 intelli-

1905 1081 2472 1151 gentiasaccipiamus.
2495 1078 2650 1134 Omni
2692 1082 2866 1146 itaque
2908 1083 3082 1134 studio
3101 1082 3454 1148 acdiligentla

1907 1169 2217 1222 vocabulum
2283 1169 2534 1234 Spiritus,
2588 1167 2676 1219 tibi
2736 1171 3080 1234 ctquomodo
3136 1171 3452 1237 appt-llatunt

1907 1260 1997 1321 sit,
2029 1258 2466 1323 contemplantes,
2487 1258 2806 1325 sophismata
2823 1273 3002 1310 eorum
3021 1270 3078 1310 et
3098 1258 3454 1312 fraudulentas

1907 1348 2175 1416 decipulas
2206 1360 2563 1410 conteratnus,
2623 1351 2707 1413 qui
2753 1350 3006 1416 Spiritum
3037 1360 3276 1401 sanctum
3310 1363 3455 1400 asse-

1911 1447 2030 1488 runt
2058 1445 2378 1488 creaturam.
2439 1433 2697 1502 Legentcs
2739 1439 2878 1486 enim
2914 1436 2964 1488 in
2998 1439 3271 1502 propheta,
3296 1454 3312 1486 ι
3350 1437 3456 1504 ligo

1905 1540 2020 1577 sunt
2063 1524 2279 1577 firmans
2309 1523 2417 1590 (57)
2451 1526 2828 1586 touitrumn,ct
2852 1540 3038 1576 crcaus
3066 1526 3319 1591 Spiritum
3350 1526 3450 1587 ⁸⁵.)

1906 1613 2201 1682 igtei'autia
2240 1615 2542 1681 multiplicis
2585 1614 2634 1665 itt
2673 1614 2771 1667 hac
2804 1624 2952 1681 parte
2985 1616 3268 1674 sermonis,
3301 1625 3456 1681 puta-

1906 1715 2095 1757 verunt
2128 1704 2384 1772 Spiritum
2421 1714 2663 1756 sanciunt
2699 1720 2764 1757 ex
2797 1706 2894 1756 hoc
2923 1705 3176 1756 vocabulo
3234 1707 3454 1757 demon-

235 1792 332 1844 ctis
356 1793 643 1861 signiﬁcat
677 1795 1025 1860 intellectum,
1074 1808 1129 1850 ut
1161 1798 1230 1852 ibi
1260 1817 1271 1850 :
1304 1816 1323 1849 ι
1359 1798 1556 1852 Littera
1584 1800 1800 1862 occidit,
1835 1780 1876 1834 Β
1904 1794 2083 1857 Strari,
2128 1809 2245 1846 cum
2273 1794 2322 1844 in
2361 1794 2760 1859 praesentiarum
2839 1794 3058 1859 spiritus
3108 1808 3295 1845 nomen
3328 1809 3454 1845 ven-

233 1885 453 1948 apiritns
494 1895 687 1938 autem
727 1887 959 1940 vivificat
986 1887 1096 1951 ⁶⁶;›
1129 1888 1355 1943 litteram
1379 1891 1562 1944 dicens
1599 1891 1804 1960 simpli-

232 1988 368 2030 cem.
401 1984 460 2025 et
498 1974 846 2028 manifestam
870 1975 1020 2041 juxta
1089 1977 1364 2030 historiam
1407 1979 1802 2044 narrationem;

232 2064 484 2128 spiritum
520 2077 676 2128 vero,
715 2076 958 2118 sanctum
977 2077 1029 2119 et
1053 2067 1327 2133 Splrlttlale
1351 2081 1506 2121 nosse
1533 2068 1643 2133 (54)
1663 2069 1801 2136 quod

233 2152 449 2220 legitur.
475 2152 539 2204 In
581 2152 722 2206 hanc
743 2155 989 2222 congruit
1021 2155 1340 2210 voluntatem
1364 2167 1418 2211 et
1450 2156 1610 2210 illud:
1648 2175 1666 2207 ι
1698 2157 1804 2212 Nos

231 2257 416 2295 sumus
441 2242 819 2303 circumcisio.
857 2245 945 2310 qui
997 2245 1181 2312 spiritu
1239 2245 1461 2298 Domino
1504 2247 1802 2301 servientes

230 2348 441 2397 sumus,
470 2344 528 2386 et
573 2349 678 2386 non
735 2333 788 2386 in
822 2348 982 2387 carne
1022 2336 1349 2390 contidentes
1378 2336 1444 2389 “.
1476 2355 1494 2388 ι
1523 2337 1620 2402 Qui
1659 2339 1799 2391 enim

234 2437 332 2474 non
366 2425 558 2477 littera
595 2439 813 2478 carnem
870 2427 1176 2486 concidunt,
1230 2427 1325 2480 sed
1355 2441 1451 2481 cor
1481 2428 1670 2496 spiritu
1698 2427 1802 2480 cir-

229 2514 575 2573 cumcidunt,
611 2512 917 2568 auferentes
943 2529 1097 2567 omne
1123 2514 1236 2579 ejus
1260 2513 1606 2582 superfluum,
1660 2515 1797 2582 quod

229 2603 572 2667 generationi
600 2604 900 2668 proximum
932 2613 1033 2666 est,
1084 2611 1136 2656 et
1178 2604 1426 2665 amicum,
1457 2603 1509 2656 hi
1539 2618 1660 2658 vere
1687 2603 1797 2671 (55)

228 2692 418 2757 spiritu
484 2692 803 2747 circumcisi
844 2703 987 2758 sunt,
1045 2694 1096 2747 itt
1139 2695 1347 2748 occulto
1385 2692 1572 2760 Judaei,
1607 2705 1661 2750 et
1689 2695 1798 2749 veri

229 2780 517 2847 Israelita,
545 2784 601 2836 in
633 2785 828 2852 quibus
880 2799 984 2838 non
1029 2793 1108 2838 est
1159 2784 1332 2838 dolus.
1386 2785 1482 2851 Qui
1529 2795 1800 2839 transcen-

228 2875 417 2927 dentes
446 2873 681 2926 umbras
717 2884 772 2928 et
801 2875 1056 2943 imagines
1082 2874 1287 2929 Veteris
1317 2874 1663 2940 Testamenti,
1686 2874 1797 2928 cul-

229 2973 373 3016 tores
403 2963 522 3016 veri
564 2964 798 3016 adorant
829 2960 1046 3016 Patrem
1081 2963 1131 3016 in
1155 2963 1339 3032 spiritu
1389 2971 1442 3018 et
1474 2964 1694 3017 veritate
1713 2963 1792 3016 “z

231 3053 278 3105 in
307 3054 540 3121 spiritu,
579 3055 702 3120 quia
729 3053 1026 3122 corporalia
1067 3064 1120 3108 et
1183 3055 1402 3108 humilia
1453 3056 1795 3110 transcende-

232 3155 384 3208 runt;
416 3143 476 3194 in
502 3144 758 3207 veritate,
785 3144 906 3212 quia
943 3155 1115 3214 typos.
1149 3153 1202 3198 et
1229 3146 1462 3208 umbras,
1506 3155 1560 3198 et
1609 3159 1792 3198 exem-

1906 1893 2012 1936 tum
2055 1896 2226 1938 sonet.
2261 1883 2477 1935 Necnon
2512 1885 2558 1934 iti
2591 1881 2852 1935 Zacharia
2909 1883 3185 1935 audientes
3222 1885 3451 1934 locutum

1903 1975 2203 2034 Dominum,
2234 1977 2371 2043 quod
2400 1976 2508 2040 ipse
2539 1976 2605 2026 sit
2643 1975 2729 2040 qui
2770 1984 2915 2025 creat
2947 1975 3185 2039 spiritum
3218 1974 3451 2026 hominis

1901 2065 1950 2117 in
1987 2081 2050 2117 eo
2089 2065 2618 2124 'Rnistirnaverunt
2658 2066 2911 2129 Spiritum
2945 2075 3182 2116 sanctum
3221 2063 3452 2117 etiamin

1899 2155 1998 2208 hoc
2031 2156 2262 2222 capitulo
2296 2155 2608 2221 signiﬁcari,
2645 2169 2747 2206 non
2811 2155 3290 2207 ttnituadvertcntes
3313 2154 3452 2220 quod

1898 2243 2127 2294 animam
2160 2244 2418 2306 hominis,
2469 2252 2557 2295 aut
2615 2244 2856 2309 spiritum
2918 2253 3092 2309 (quem
3159 2243 3365 2294 tertium
3398 2241 3448 2294 itt

1899 2333 2110 2385 humi-te
2143 2349 2264 2385 esse
2297 2333 2403 2398 jam
2433 2332 2685 2398 dixitzius)
2723 2331 2938 2398 spiritus
2987 2332 3263 2398 appellatio
3287 2333 3450 2398 signi-

1901 2425 2042 2476 ﬁcet.
2093 2422 2231 2489 Ergo
2264 2431 2320 2472 ιιι
2374 2423 2641 2488 pra-locuti
2706 2437 2923 2484 smnus,
2975 2422 3452 2487 quomodonutun-

1900 2514 2144 2579 quodque.
2202 2511 2400 2563 dierum
2448 2511 2536 2574 sit,
2588 2513 3008 2568 COIISldL‘l‘CtIltls,
3062 2526 3125 2562 ne
3169 2512 3302 2562 forte
3359 2527 3451 2577 per

1909 2603 2263 2668 ignorantiam
2296 2603 2345 2652 in
2393 2601 2702 2652 barathrum
2755 2601 3060 2651 tlet'itlatteus
3097 2603 3304 2656 erroris.
3363 2601 3449 2653 Si-

1901 2693 2113 2761 quidem
2148 2693 2196 2742 itt
2230 2692 2349 2744 aliis
2415 2691 2572 2743 rebus
2629 2706 2692 2742 ex
2744 2694 3010 2743 consortio
3072 2692 3446 2743 voralmluruul

1898 2798 2052 2835 error
2080 2783 2352 2842 evenieus,
2391 2782 2757 2836 confusionem
2791 2792 2843 2833 et
2888 2784 3138 2847 pudorem
3163 2783 3206 2833 ei
3246 2783 3332 2848 qui
3361 2798 3448 2833 er—

1898 2873 2038 2925 ravit
2094 2873 2383 2938 importat;
2421 2871 2484 2923 de
2526 2871 2770 2934 supernis
2803 2885 2927 2922 vero
2975 2881 3024 2922 et
3057 2873 3244 2922 tiiviuis
3275 2871 3448 2936 lar-sus

1901 2969 1966 3013 ad
1999 2975 2186 3028 prava,
2213 2963 2276 3013 ad
2303 2970 2560 3014 a~tcruam
2613 2975 2820 3029 prunam
2872 2962 3080 3013 deducit
3106 2971 3154 3013 et
3189 2971 3445 3014 tartarum

1901 3045 1994 3118 [αι.
2023 3048 2380 3119 tiarathrmn],
2415 3049 2643 3102 maxime
2697 3063 2814 3101 cum
2873 3049 3034 3102 semel
3070 3050 3321 3116 deceptus
3356 3068 3445 3101 ao-

1893 3133 2034 3186 uerit
2066 3128 2415 3200 resipiscere,
2463 3133 2557 3184 sed
2594 3149 2748 3184 suum
2783 3133 2942 3204 16!.
2963 3133 3240 3186 delensare
3276 3151 3457 3203 tmpu-

228 3234 396 3300 piari;
429 3233 820 3301 relinquentes,
853 3235 918 3287 ad
974 3237 1134 3299 ipsius
1182 3234 1420 3288 veritatis
1451 3248 1638 3288 venere
1667 3235 1796 3287 sub.
1873 3223 2066 3279 denter
2086 3238 2352 3277 errorem.
2389 3222 2626 3277 Dt-cehat
2651 3226 2840 3282 etiam,
2868 3236 2922 3274 ιιι
2947 3225 3267 3292 magnitudo
3305 3229 3466 3280 volu—

228 3323 854 3388 stautiam;et,utiam
906 3322 1160 3385 diximus,
1219 3324 1400 3378 humili
1449 3333 1503 3377 et
1541 3339 1795 3392 corporea

229 3405 523 3458 Verborum
585 3406 927 3474 simplicitate
969 3417 1292 3476 contempta,
1352 3409 1418 3460 ad
1465 3407 1793 3476 spiritualetu

231 3498 362 3558 legis
394 3497 653 3549 notitiam
689 3508 1063 3565 pervenerunt.

299 3587 390 3640 58.
427 3585 558 3640 llaec
589 3586 804 3640 interitu
831 3588 981 3654 juxta
1036 3587 1441 3656 possibilitatem
1472 3587 1665 3656 ingenii
1700 3601 1796 3639 no-

231 3678 324 3729 stri
371 3686 512 3744 quot
563 3689 648 3728 res
697 3675 913 3744 spiritus
952 3679 1310 3744 signiﬁcaret,
1347 3676 1618 3742 attigimus
1646 3712 1660 3734 .
1699 3688 1794 3728 suo

233 3777 480 3831 tempore
509 3765 642 3831 quid
695 3766 1106 3832 unumquodque
1133 3764 1416 3834 signiticet,
1462 3765 1505 3817 si
1552 3764 1796 3818 Christus

233 3856 509 3916 tribuerit,
548 3855 848 3908 disserturi.
875 3853 1260 3924 Nonnunquam
1308 3863 1485 3908 autem
1543 3855 1793 3922 Spiritus,

231 3955 282 3996 et
323 3945 588 3998 Dominus
619 3953 803 3998 noster
829 3942 985 3998 Iesus
1013 3945 1278 4006 Christus,
1311 3945 1359 3996 id
1387 3951 1491 4008 est,
1519 3943 1608 3998 Dei
1629 3942 1795 3998 Filius

233 4036 560 4101 appellatur.
600 4053 617 4084 ι
643 4031 908 4100 Beniguus
938 4035 1197 4100 siquidem
1228 4045 1303 4087 εει
1327 4034 1558 4101 Spiritus
1585 4034 1795 4098 sapieno

1873 3315 2040 3372 minis
2077 3317 2350 3386 exigebat,
2387 3327 2446 3370 ut
2480 3319 2640 3370 linem
2668 3318 2942 3385 acciperet
2969 3317 3164 3370 oratio.

1968 3407 2056 3460 ϐυ.
2091 3405 2283 3458 Verun.
2344 3407 2469 3474 quia
2518 3408 2678 3459 infert
2720 3421 2777 3459 se
2819 3410 3040 3472 qna'stio
3103 3409 3355 3458 adversus
3385 3421 3444 3457 ea

1896 3510 2014 3562 qua:
2038 3498 2280 3562 superius
2310 3497 2723 3563 disputavimus:
2749 3513 2904 3562 quant
2939 3497 3135 3548 idcirco
3168 3509 3288 3548 tunc.
3317 3511 3449 3561 prte-

1897 3583 2241 3646 teruiisimus,
2275 3601 2336 3635 ne
2372 3595 2567 3635 textum
2593 3583 3276 3649 sermonisirrumperet,et
3311 3585 3447 3635 intt-r

1896 3674 2032 3740 piant
2099 3674 2531 3739 przcdicationetn
2591 3674 2752 3740 impia
2806 3676 3072 3724 contentio
3135 3683 3441 3739 poneretur,

1898 3761 2256 3816 necessarium
2288 3773 2414 3829 puto
2443 3763 2506 3812 ad
2547 3763 2874 3828 prepositum
2903 3762 3243 3825 respondere.
3277 3771 3324 3812 et
3356 3760 3444 3820 le-

1895 3853 2058 3906 ctoris
2086 3852 2327 3912 arbitrio,
2353 3853 2476 3917 quid
2508 3868 2668 3918 super
2701 3852 2782 3902 his
2802 3852 3015 3910 sentiat,
3045 3851 3438 3914 derelinquere.

1897 3941 2290 4010 Disputantihus
2326 3955 2450 4007 ergo
2479 3956 2656 4007 supra,
2685 3940 2822 4007 quo-.1
2845 3938 3076 3989 animam
3107 3937 3184 3988 vel
3211 3945 3442 3988 mentem

1896 4033 2124 4090 hominis
2155 4032 2292 4083 nulla
2334 4042 2574 4086 creatura
2602 4030 2750 4096 juxta
2771 4031 3118 4084 substantiam
3151 4029 3314 4094 possit
3344 4029 3442 4077 im-

237 4121 412 4175 ιιευ.
443 4139 462 4171 ι
484 4118 557 4172 Et
757 4123 808 4174 ιιι
827 4121 935 4176 alio
951 4122 1068 4177 loco
1094 4137 1113 4180 ζ
1136 4139 1154 4173 ι
1186 4121 1447 4177 Dominus
1463 4132 1643 4178 autem
1658 4122 1829 4192 Spiri-
1893 4126 2055 4194 plere,
2085 4123 2186 4176 nisi
2220 4121 2327 4174 sola
2359 4121 2614 4182 Trinitas,
2652 4123 2773 4188 quia
2833 4122 3193 4172 tantummodo
3239 4131 3435 4169 secunc

235 4224 324 4267 ιιιε
341 4220 436 4268 εει
458 4214 530 4280 ⁸⁸,
568 4231 589 4266 ι
621 4223 679 4268 ιιι
699 4227 827 4272 ante
855 4215 1222 4285 diximus,ubl
1239 4216 1402 4272 etiam
1423 4217 1551 4274 illud
1568 4213 1824 4289 adjunxi-
1891 4215 2017 4269 dum
2048 4216 2434 4283 operationem,
2472 4223 2526 4264 et
2584 4213 2872 4263 voluntatis
2899 4225 3162 4270 errorem,
3193 4209 3304 4259 sive
3337 4208 3442 4257 vir-

233 4313 373 4356 ntus,
397 4313 416 4344 ς
446 4295 684 4362 Spiritus
715 4297 850 4350 Dens
873 4307 955 4350 est
982 4298 1082 4353 “.i
1113 4313 1214 4352 non
1239 4297 1387 4365 juxta
1417 4302 1643 4354 nominis
1675 4313 1794 4354 tan-

1894 4313 2081 4366 tulem,
2115 4305 2325 4356 animus
2355 4304 2415 4354 dc
2449 4303 2525 4353 his
2558 4316 2675 4367 quae
2726 4311 2899 4352 creata
2934 4299 3027 4369 [αΙ.
3069 4298 3290 4358 sociata?
3317 4306 3442 4348 sunt

233 4395 341 4435 tuin
372 4384 829 4446 conm-unionem,
856 4386 946 4437 sed
972 4385 1119 4451 juxta
1145 4397 1346 4440 natura:
1378 4390 1790 4456 substantiqum
1821 4414 1864 4468 υ
1894 4394 2180 4464 impletur:
2215 4397 2406 4445 oborta
2447 4399 2528 4444 est
2557 4395 2781 4459 qurcstio
2815 4401 3017 4453 nostra,
3046 4390 3195 4456 quasi
3227 4402 3442 4440 senten-

232 4474 872 4538 consortiumﬂnomodo
900 4475 1040 4526 enim
1068 4490 1289 4541 quorum
1315 4479 1519 4530 diversa
1542 4478 1790 4532 substan-

235 4575 301 4614 tia
335 4572 441 4621 est.
476 4564 748 4616 interdum
785 4564 960 4616 evenit
993 4572 1047 4616 ut
1085 4565 1350 4617 communi
1375 4568 1628 4621 vocabulo
1660 4585 1795 4622 nuu-

233 4664 520 4720 rupeutur,
547 4663 600 4706 et
628 4653 741 4705 lia-c
757 4653 1002 4706 dicuntur
1022 4652 1280 4723 ὁμώνυμα
1299 4670 1313 4684 ·
1341 4659 1411 4708 ita
1435 4671 1635 4718 eorum,
1655 4673 1790 4726 quo-

235 4759 349 4792 tmu
375 4745 568 4794 eadem
603 4756 680 4795 ρει
717 4753 901 4794 natura
939 4751 1095 4809 atque
1120 4744 1439 4806 substantia,
1469 4759 1587 4799 cum
1615 4746 1788 4800 socie-

235 4843 341 4881 tate
378 4831 652 4888 vocaliuli.
683 4843 884 4884 natura:
933 4847 1140 4899 quoque
1186 4835 1459 4902 aequalitas
1491 4836 1787 4904 copulatur,

233 4930 283 4967 rt
314 4919 616 4980 disciplina:
655 4920 1052 4974 dialecticorum
1093 4931 1177 4974 est
1217 4923 1485 4990 appellare
1512 4926 1623 4978 haec
1667 4941 1790 4977 cav-

481 5009 687 5065 lJcit-co
720 5021 774 5065 et
812 5011 1042 5079 Spiritus
1071 5015 1406 5078 vocabulum,
1463 5023 1515 5067 et
1562 5016 1602 5068 si
1662 5017 1787 5083 quid

307 5163 349 5194 ³⁷
393 5163 410 5215 l
444 5163 569 5216 Car.
591 5178 688 5227 vn,
715 5163 802 5215 5-1».

239 5234 284 5264 ⁸³
327 5232 458 5297 Sap.
500 5233 620 5295 t,G.

876 5164 923 5197 ³⁸
951 5165 1049 5219 lsa.
1075 5181 1220 5228 xxix,
1245 5168 1334 5222 '24.

696 5234 742 5262 δδ
773 5232 814 5286 ll
835 5233 957 5289 Cor.
991 5250 1072 5302 Ill,
1107 5237 1188 5289 17.
1263 5238 1308 5268 ³³
1341 5235 1494 5292 Joatt.
1524 5255 1593 5302 tv,
1617 5240 1708 5293 '2}.

308 5392 424 5454 (⁸54)
452 5390 650 5444 lterum
673 5407 737 5447 ex
766 5394 949 5446 eadem
974 5395 1204 5449 editione
1228 5407 1283 5450 et
1314 5396 1484 5452 Vatic.
1513 5415 1636 5464 ms.,
1669 5416 1788 5455 cum

239 5477 358 5514 autr
384 5485 420 5519 ι.
461 5481 475 5510 ε
503 5478 623 5513 (περ
655 5499 664 5509 .
696 5479 790 5529 pro
839 5481 856 5513 ι
892 5480 1084 5517 nasse;
1125 5467 1406 5534 legeret-tr.

309 5531 425 5597 ὦὸ)
473 5529 669 5583 \ittose
714 5543 765 5583 et
799 5536 973 5585 hiulCU
1017 5529 1187 5588 sensu
1210 5550 1398 5606 cra-thr
1426 5537 1473 5589 hi
1505 5552 1664 5591 vero)
1694 5553 1789 5606 pto

245 5615 264 5648 ι
291 5613 415 5649 vere
438 5616 449 5649 :
475 5615 494 5646 ι
537 5607 647 5649 tum
701 5615 834 5676 novo
880 5606 1092 5670 mendo,
1120 5621 1138 5655 ι
1167 5620 1304 5658 verte
1361 5601 1608 5660 Israelita:
1635 5626 1653 5660 ›
1693 5601 1786 5676 pro

246 5683 266 5706 ⁸
285 5681 430 5720 νρτε.
462 5685 478 5712 Ι
502 5679 593 5718 aut
617 5687 633 5716 ο
659 5683 784 5719 VP”.
810 5686 829 5718 1

1410 5167 1450 5200 ³⁵³
1477 5168 1576 5224 lsa.
1612 5186 1683 5230 λι,
1727 5170 1803 5223 l5.
1882 5171 1924 5201 ⁵ο
1960 5172 1996 5224 ll
2021 5171 2141 5223 Cor.
2177 5185 2253 5228 ut,
2280 5169 2329 5219 6.

1789 5239 1831 5268 ⁸⁸
1869 5241 2030 5293 Anius
2054 5255 2120 5303 tv,
2150 5241 2231 5292 12.

1895 4487 2018 4539 ιίειτιι
2055 4487 2282 4545 solvens,
2318 4486 2458 4551 quod
2493 4493 2671 4534 creata
2703 4484 3025 4545 substantia,
3055 4498 3170 4548 quin
3216 4483 3264 4532 in
3297 4482 3441 4534 Scri-

1893 4574 2066 4646 pturis
2098 4574 2326 4626 Satanas
2380 4572 2692 4640 appellatur,
2747 4573 3076 4638 ingrediatur
3106 4572 3158 4623 in
3209 4574 3439 4639 aliquos,

1898 4675 1950 4720 et
1985 4680 2078 4719 cor
2107 4663 2460 4731 quorumdam
2512 4660 2731 4727 implere
2789 4661 3012 4712 dicatur.
3049 4659 3177 4713 Nam
3215 4663 3274 4714 ad
3315 4676 3439 4714 eum

1893 4757 1984 4824 qui
2022 4755 2355 4808 medietatem
2392 4751 2540 4818 pretii
2599 4751 2663 4802 de
2713 4763 2840 4817 agro
2880 4749 3092 4802 vendito
3141 4749 3263 4811 sibi,
3300 4749 3438 4802 aliud

1895 4843 2172 4910 profiteus,
2202 4848 2522 4900 reservaret,
2559 4854 2584 4890 a
2627 4837 2782 4889 Petro
2829 4839 3066 4904 apostuio
3101 4841 3297 4890 dictum
3327 4848 3434 4891 est:

1899 4950 1917 4980 ι
1952 4934 2154 4984 Auauia
2185 4970 2198 4994 ,
2245 4947 2411 4996 quare
2457 4931 2686 4996 implevit
2751 4931 2975 4980 balanus
3005 4945 3096 4981 cor
3155 4944 3296 4981 tuum
3324 4930 3435 4980 ψ’»

1895 5020 1956 5072 Et
1988 5022 2050 5072 de
2079 5017 2213 5071 Juda
2267 5019 2502 5084 loquitur
2538 5020 2648 5083 ipse
2685 5018 2951 5081 Salvator,
3001 5021 3132 5086 quod
3163 5019 3438 5070 intraverit

2407 5169 2446 5199 “
2488 5168 2712 5236 Philipp.
2750 5185 2828 5232 ιιι,
2868 5170 2920 5222 3.
2993 5173 3036 5201 δ’
3068 5170 3221 5224 Juan.
3248 5187 3317 5234 tv,
3347 5171 3432 5225 ἑὸ.

2309 5240 2350 5268 ⁵⁷
2382 5237 2542 5290 Zach.
2576 5254 2671 5300 xu,
2711 5239 2756 5290 l.
2833 5240 2877 5270 ³⁸
2906 5239 3025 5292 Aet.
3062 5255 3111 5304 v,
3141 5241 3192 5294 5.

1967 5399 2076 5462 (56)
2120 5401 2354 5452 Etucndo
2381 5415 2443 5452 cx
2462 5403 2624 5452 veteri
2649 5400 2897 5465 editione,
2920 5419 2937 5450 ι
2971 5401 3193 5454 Sanctus
3213 5404 3432 5456 hortus.»

1897 5487 2016 5520 ιτιι.ιι
2071 5480 2213 5523 esset
2240 5480 2422 5521 contra
2459 5470 2706 5522 Auctoris
2744 5481 2993 5532 utentem,
3053 5487 3068 5518 t
3093 5469 3320 5535 Spiritus
3344 5473 3432 5521 lto-

1894 5554 2011 5590 "US.
2039 5557 2055 5586 Ι

1963 5605 2074 5662 ιόῗ)
2115 5602 2217 5658 Pro
2255 5619 2412 5658 rsum
2458 5605 2694 5667 ﬁrmans,
2758 5603 2961 5659 iGrzrc.
3018 5605 3268 5673 στερεῶν,
3320 5618 3438 5661 erat

1898 5694 1912 5722 ι
1951 5675 2274 5728 euntirtttavi,
2308 5693 2324 5724 i
2359 5679 2411 5728 in
2437 5677 2628 5741 aliquot
2666 5691 2819 5736 ttt.-.,s.,
2867 5693 2883 5724 ι
2916 5689 3031 5728 sum
3061 5677 3313 5728 iortzuius.
3340 5689 3362 5724 ι
