4212 6458
780 438 878 501 159

1059 441 1118 501 S.
1161 438 1463 502 EUSEBIl
1497 432 1931 497 HIERONYMI
1971 430 2293 491 TRANSL.
2339 430 2487 489 LIB.
2535 426 2809 487 DIDYMI
2859 422 2952 483 DE
2995 418 3314 482 SPIRITU
3356 418 3668 479 SANCTO.

3870 416 3972 475 ΜΟ

777 549 828 602 in
860 567 979 606 cum
1017 550 1256 603 Satanas.
1285 548 1361 601 Ad
1396 548 1535 617 quod
1566 560 1744 613 postea
1772 545 2191 613 respondemlmn
2217 552 2315 595 est.
2350 544 2391 597 Α
2423 541 2613 591 fartum
2654 554 2772 589 esse
2803 543 2855 588 et
2880 532 3074 585 habere
3103 530 3449 599 principium.
3495 526 3659 579 Porro
3702 525 3846 593 quod
3882 525 3961 575 in-

778 638 988 693 lntt-rim
1010 655 1147 693 nunc
1166 640 1498 705 disputemus
1518 638 1628 703 (58)
1645 639 1924 690 adversum
1949 637 1996 688 id
2016 637 2155 704 quod
2180 634 2313 686 srri-

778 740 921 795 ptutu
948 740 1048 792 est,
1093 748 1109 779 ι
1140 741 1307 797 quare
1346 729 1579 796 implevit
1628 726 1854 780 Satanas
1880 742 1974 779 cor
2026 738 2168 777 tuum
2194 724 2307 774 "ili

775 817 1040 884 quomodo
1059 814 1287 870 Satanas
1306 827 1532 869 mentem
1558 816 1783 883 alicujus
1811 825 1862 869 et
1894 813 2177 883 principale
2202 811 2312 881 (39)

774 906 951 960 rordis
985 908 1215 975 impleat,
1251 922 1353 959 non
1384 905 1682 975 ingrediens
1711 906 1760 957 in
1790 919 1908 957 eum
1933 913 1985 957 et
2023 904 2071 955 in
2095 918 2310 956 sensum

773 995 911 1061 ejus,
948 1006 1125 1063 atque,
1160 1006 1217 1047 ut
1246 996 1315 1047 ita
1344 994 1537 1058 dicant,
1566 994 1763 1045 aditum
1816 991 1995 1045 cordis
2031 991 2310 1052 introiens,

775 1084 1036 1148 siquidem
1073 1086 1182 1138 hanc
1231 1094 1463 1150 potestas
1509 1084 1671 1137 solius
1735 1090 1815 1135 est
1873 1081 2180 1147 Trinitatis;
2221 1080 2311 1134 sed

774 1177 924 1241 quasi
956 1176 1173 1227 callidus
1207 1176 1418 1244 quidam
1453 1184 1505 1228 et
1540 1188 1765 1241 nequam
1802 1187 1862 1226 ac
1908 1172 2061 1225 l‘allax
2096 1171 2313 1225 fraudu-

775 1266 1056 1330 leninsque
1089 1266 1358 1331 deceptor,
1387 1264 1437 1315 in
1478 1277 1568 1315 eos
1610 1261 1837 1313 animant
1870 1260 2153 1313 humanam
2197 1273 2311 1309 ma—

772 1352 898 1404 litire
945 1353 1164 1406 allectus
1215 1353 1391 1412 trahit,
1434 1364 1526 1417 per
1564 1349 1908 1417 cogitatimies
1964 1357 2015 1400 et
2045 1348 2309 1399 incentiva

774 1444 1045 1503 vitiorum,
1080 1444 1269 1509 quibus
1314 1443 1423 1508 ipse
1473 1441 1660 1505 plenus
1698 1449 1797 1492 est.
1846 1437 2078 1503 Denique
2126 1445 2177 1489 et
2202 1436 2312 1502 ipse

777 1531 988 1598 Efymas
1026 1545 1207 1596 magus
1243 1529 1376 1581 lilius
1404 1527 1623 1589 diaboli,
1658 1527 1808 1594 juxta
1835 1525 2087 1577 malitiam
2122 1524 2309 1590 nequi-

2417 628 2760 694 Cnt'ruptiltilc
2792 625 2884 686 sit,
2905 637 3028 677 esse
3053 633 3106 674 et
3149 630 3291 674 retro
3313 631 3365 674 et
3392 621 3639 684 iléitm‘ps
3668 616 3954 680 setitpiterv

2418 736 2563 772 num.
2600 718 2709 771 Non
2743 702 2889 782 ergo,
2925 723 2980 765 ιιι
3021 712 3234 780 quidam
3281 718 3487 779 putant,
3551 705 3959 774 partieipatinnd

2418 820 2636 869 naturm.
2665 808 2774 860 sive
2809 803 3124 859 substantiae
3155 801 3335 868 implet
3365 797 3663 867 quempiam
3694 795 3961 853 diabolus,

2419 911 2510 953 aut
2540 899 2654 968 ejus
2693 898 2955 951 habitator
2981 893 3224 956 elliritur,
3256 892 3345 946 sed
3394 905 3489 958 per
3523 887 3962 948 fraudulentiam,

2416 1001 2466 1044 et
2489 988 2878 1055 deceptionem.
2912 995 2963 1037 et
2985 982 3260 1041 malitiam,
3290 981 3529 1033 habitare
3554 978 3603 1030 itt
3628 992 3689 1029 eo
3720 974 3964 1028 creditur

2415 1096 2571 1149 quem
2594 1077 2830 1145 replevit.
2852 1075 2957 1129 Hac
2986 1085 3159 1127 autem
3188 1070 3392 1122 fallacia
3406 1070 3565 1121 etiam
3594 1064 3960 1136 presbyteros,

2415 1170 2502 1238 qui
2547 1168 2803 1220 adversus
2840 1163 3140 1218 Susannam
3195 1160 3248 1212 in
3279 1157 3647 1211 crudelitatem
3698 1169 3756 1206 se
3782 1163 3965 1206 verte-

2417 1270 2534 1311 rant
2557 1257 2694 1325 (42),
2729 1252 2970 1314 intravit,
2995 1251 3219 1318 impletis
3249 1249 3453 1301 animas
3499 1261 3678 1300 eorum
3715 1244 3965 1296 incendio

2415 1346 2664 1407 libidinis,
2689 1352 2739 1396 et
2762 1357 2881 1397 sera
2910 1341 3041 1395 senii
3076 1340 3361 1405 voluptate.
3391 1335 3653 1401 Scriptum
3686 1345 3759 1385 es:
3789 1332 3961 1382 enim:

2421 1454 2439 1485 r
2468 1435 2741 1487 Venerunt
2773 1441 2949 1485 autem
2985 1438 3039 1482 et
3070 1430 3173 1481 dno
3225 1424 3543 1494 presbyteri,
3600 1422 3734 1489 pleni
3778 1422 3962 1485 iniqua

2414 1524 2735 1593 cogitatione
2755 1522 2854 1575 ".i
2871 1520 2965 1574 His
2987 1516 3192 1572 insidiis
3214 1513 3447 1578 implevit
3464 1523 3517 1565 et
3545 1511 3843 1561 universum
3865 1522 3963 1569 po-

778 1595 1009 1684 tia'nique
1034 1595 1350 1677 subsistens,
1404 1616 1591 1682 plenus
1638 1615 1779 1665 onmi
1821 1613 1938 1666 dolo
1991 1621 2045 1666 ct
2086 1613 2307 1676 malitia,
2374 1602 3147 1683 pulumhMmonun,dicente
3165 1598 3428 1669 praplteta
3449 1597 3671 1652 det'ozt
3701 1595 3788 1649 Vae
3829 1610 3971 1665 gens

773 1708 1025 1758 scribitur
1052 1725 1068 1755 ι
1104 1706 1295 1759 Sataoa
1331 1714 1479 1772 patre
1501 1705 1638 1769 ejus,
1660 1722 1678 1753 ι
1716 1703 1853 1756 hanc
1882 1703 1929 1755 ei
1963 1703 2309 1763 voluntatem,
2384 1700 2545 1771 166
2567 1694 2865 1767 peccatrix.
2889 1691 3123 1761 populus
3143 1691 3337 1758 plenus
3354 1686 3614 1756 peccatis,
3634 1702 3820 1740 setuen
3848 1702 3971 1751 pes-

772 1796 923 1861 quasi
960 1810 1023 1847 ex
1083 1796 1466 1847 consuetudine
1519 1795 1766 1846 vitiorum
1803 1794 1853 1845 in
1899 1802 2142 1844 naturam
2190 1807 2309 1843 ver-

2414 1791 2624 1847 simum,
2655 1785 2745 1837 lilii
2777 1781 3020 1850 iniqui".
3057 1797 3076 1831 ι
3107 1779 3297 1833 Semen
3321 1776 3510 1844 quippe
3527 1790 3747 1843 nequam
3776 1774 3966 1826 diabo-

774 1892 916 1939 tsate
945 1882 1075 1951 (40).
1124 1883 1367 1947 Arguens
1419 1882 1597 1947 itaque
1646 1896 1765 1933 eum
1805 1879 2071 1946 apostolus
2127 1877 2317 1931 Paulus
2348 1871 2387 1923 Β
2419 1877 2651 1941 Ιιιεμὸ),
2692 1885 2742 1928 et
2767 1873 2861 1927 lilii
2888 1871 3022 1941 ejus,
3047 1878 3263 1938 propter
3288 1867 3619 1933 iniquitatem
3650 1873 3701 1916 et
3724 1863 3963 1927 plenitu-

775 1985 934 2040 atqne
966 1973 1262 2039 corripiens
1294 1973 1367 2022 ait
1399 1987 1412 2021 :
1444 1987 1462 2021 ι
1496 1970 1538 2023 Ο
1569 1970 1719 2035 plene
1767 1967 1910 2021 omni
1955 1968 2233 2034 iniquitate
2265 1978 2316 2021 et

773 2061 918 2112 muni
957 2062 1096 2123 dolo,
1135 2060 1206 2112 [ili
1254 2058 1470 2121 diaboli,
1519 2058 1733 2111 inimice
1779 2056 2000 2125 justitia‘.
2051 2057 2141 2109 Dei
2183 2058 2259 2109 "2
2294 2076 2311 2107 ι

779 2150 913 2208 Liuia
950 2148 1091 2200 enim
1125 2139 1420 2215 versipellis
1445 2154 1497 2199 et
1526 2144 1765 2206 callidus,
1812 2159 2020 2196 onmem
2062 2145 2110 2194 in
2138 2158 2192 2195 se
2228 2146 2320 2196 do-

776 2228 885 2280 lum
906 2226 1284 2282 lraudulentix
1300 2236 1634 2297 susceperat,
1651 2228 1955 2298 appellatur
1970 2228 2113 2283 lilius
2128 2228 2350 2297 diaboli,

778 2326 905 2385 quia
958 2321 1216 2388 implebat
1260 2321 1375 2388 ipse
1427 2334 1647 2373 onmem
1688 2321 1983 2389 principale
2016 2320 2170 2392 165
2207 2301 2350 2377 illius

778 2407 810 2457 ίί
826 2408 958 2459 aude
992 2418 1043 2461 et
1066 2408 1361 2476 iniquitate,
1393 2416 1445 2461 et
1472 2408 1613 2461 omni
1642 2409 1835 2461 malitia
1860 2426 1873 2471 ;
1898 2410 1947 2461 iu
1982 2420 2183 2461 tantum
2212 2410 2314 2461 illi-

777 2498 923 2550 riens
950 2511 1070 2550 eum
1100 2509 1257 2565 atque
1280 2498 1570 2564 decipiens,
1597 2507 1654 2549 ut
1682 2499 1791 2565 ipse
1821 2496 2043 2550 Satanas
2072 2498 2319 2564 implesse

778 2588 1009 2638 animam
1059 2588 1243 2653 ipsius,
1299 2595 1353 2638 et
1404 2586 1645 2639 habitare
1699 2588 1746 2637 itt
1808 2588 1987 2637 eodem
2021 2596 2315 2652 putaretur,

777 2691 931 2741 quem
964 2678 1029 2728 ad
1062 2690 1245 2729 omnes
1278 2691 1387 2729 suae
1418 2676 1778 2744 perversitatis
1810 2676 1977 2739 dolos,
2021 2677 2314 2730 ministrum

778 2765 875 2817 sibi
912 2779 975 2818 ac
1003 2765 1257 2818 famulum
1287 2778 1674 2833 praeparaverat
1708 2767 1837 2836 (tl).

847 2855 933 2907 6|.
974 2856 1053 2906 Ad
1087 2854 1135 2906 id
1159 2869 1285 2907 vero
1317 2856 1459 2921 quod
1492 2857 1782 2907 secundum
1803 2872 2147 2923 posueramus
2169 2855 2316 2927 [Vah

781 2943 1583 3015 proposueramus]exemplum,
1603 2947 1727 3013 quia
1751 2947 1798 2997 in
1833 2946 2020 2999 Jtttlatn
2054 2948 2320 3000 iuttoisset

780 3033 1027 3092 Satanas.
1054 3034 1150 3085 hoc
1171 3034 1451 3086 dicendum
1475 3042 1575 3085 est.
1605 3033 1907 3087 Observans
1933 3036 2174 3089 diabolus
2201 3036 2320 3103 qui-

779 3122 999 3173 busdam
1032 3125 1261 3176 motibus
1286 3133 1339 3176 et
1371 3123 1737 3191 operationum
1770 3124 1956 3190 signis,
1998 3126 2060 3177 ad
2084 3140 2202 3193 quze
2231 3141 2315 3193 po-

783 3211 1041 3264 tissimum
1074 3210 1222 3265 Iudae
1248 3228 1340 3266 eor
1369 3224 1511 3266 esset
1535 3214 1656 3265 vitia
1687 3212 1995 3280 proelivius,
2028 3216 2322 3283 deprehen-

780 3298 855 3352 d.t
880 3314 999 3350 cum
1034 3309 1213 3367 patere
1247 3301 1451 3353 insidiis
1482 3301 1718 3353 avaritiae
1740 3340 1752 3361 ,
1803 3309 1857 3354 et
1881 3313 2087 3369 reperta
2112 3306 2319 3371 cupidi-

784 3389 1103 3453 tatisjauua,
1133 3392 1276 3443 misit
1311 3392 1361 3443 in
1405 3400 1633 3444 mentem
1660 3391 1777 3456 ejus
1821 3394 2085 3459 quomodo
2119 3394 2323 3448 deside-

785 3487 951 3530 ratam
982 3481 1254 3546 pecuniam
1291 3482 1572 3548 acciperet,
1606 3491 1657 3534 et
1691 3497 1783 3549 per
1813 3486 2145 3537 occasionem
2169 3485 2320 3550 lucri,

783 3564 1024 3632 proditor
1059 3568 1296 3634 magistri
1328 3579 1377 3620 et
1400 3568 1692 3621 Salvatoris
1717 3569 1797 3622 sui
1816 3571 2114 3633 exsisteret,
2138 3588 2322 3639 argen—

783 3660 895 3704 tum
936 3669 1031 3721 pro
1070 3655 1267 3721 pietate
1295 3666 1651 3720 commutatis,
1680 3666 1732 3710 ct
1775 3661 2071 3728 suscipiens
2097 3662 2322 3728 pretium

784 3743 1002 3796 sceleris
1029 3758 1058 3796 a
1090 3743 1370 3799 Pharisazis
1401 3756 1560 3811 atque
1584 3746 1801 3802 Judaeis.
1840 3749 1956 3802 llaec
1984 3764 2111 3818 ergo
2128 3752 2326 3817 cogita-

789 3832 948 3883 tionis
978 3833 1187 3885 occasio
1215 3833 1384 3887 locum
1419 3837 1598 3888 tribuit
1633 3837 1875 3899 Satanae,
1909 3849 1966 3890 ut
2000 3838 2052 3890 in
2093 3854 2187 3890 cor
2211 3837 2325 3903 ejus

790 3922 1069 3987 introiens,
1094 3923 1334 3991 impleret
1354 3941 1471 3978 cum
1504 3928 1733 3994 pessima
1764 3931 2053 3982 voluntate.
2088 3928 2327 3982 Introivit

791 4026 917 4079 ergo
956 4028 1057 4064 non
1124 4016 1411 4067 secundum
1458 4018 1830 4081 substantiam,
1884 4020 1975 4072 sed
2040 4019 2325 4073 secundum

790 4103 1188 4166 operationem,
1234 4107 1354 4172 quia
1408 4106 1625 4159 introire
1678 4106 1726 4158 itt
1781 4107 2047 4174 aliquem,
2080 4108 2329 4160 increatu:

793 4203 994 4244 natura:
1016 4202 1096 4244 est
1122 4192 1257 4258 ejus,
1286 4209 1402 4260 qum
1428 4196 1816 4261 participetura
1848 4195 2100 4263 pluribus.
2131 4195 2331 4262 impar-

794 4279 1079 4345 ticipabilis
1111 4294 1235 4348 ergo
1271 4281 1511 4335 diabolus
1545 4291 1646 4344 est,
1680 4297 1780 4333 non
1815 4292 2046 4345 creator,
2073 4283 2331 4334 sedcrea-

796 4377 909 4416 tura
952 4368 1261 4421 subsistens.
1292 4369 1436 4421 Unde
1459 4379 1509 4420 et
1533 4371 1892 4422 convertibilis
1915 4381 2074 4438 atque
2105 4370 2331 4422 mutabi-

2348 3170 2388 3224 C

2413 1967 2612 2027 dinem,
2646 1965 2771 2015 dicti
2802 1970 2926 2015 sunt
2973 1967 3302 2028 peccatores.
3359 1954 3415 2008 Si
3461 1964 3633 2007 autem
3664 1952 3730 2004 ab
3757 1952 3841 2003 his
3869 1949 3964 2017 qui

2414 2058 2526 2122 ejus
2561 2056 2611 2107 in
2647 2053 2939 2120 Scripturis
2961 2049 3051 2102 lilii
3079 2048 3441 2108 nominantur,
3474 2043 3621 2109 juxta
3653 2040 3968 2094 substantiae

2415 2144 2872 2211 participationem
2903 2153 3006 2191 non
3048 2138 3259 2203 capitur
3281 2132 3376 2204 [αι.
3429 2127 3844 2199 nuncupantur],
3884 2128 3963 2178 si-

2416 2231 2633 2299 quidem
2662 2227 2990 2296 impossibile
3019 2226 3118 2279 hoc
3144 2236 3260 2277 esse
3294 2224 3345 2276 in
3378 2220 3640 2275 creaturis
3658 2219 3966 2286 frequenter

2416 2335 2686 2373 oStensnm
2723 2328 2825 2381 est,
2867 2331 3036 2385 neque
3082 2315 3218 2368 alius
3268 2314 3386 2381 quis
3420 2321 3593 2380 potest
3615 2324 3733 2363 eum
3768 2324 3964 2375 capere

2417 2411 2818 2477 participatione
2852 2408 3179 2468 substantias,
3221 2405 3314 2458 sed
3363 2402 3723 2456 tantummodo
3750 2415 3965 2452 assmu-

2418 2501 2596 2568 ptione
2655 2499 3157 2551 lramlulentissinue
3232 2496 3536 2549 Voluptatis.
3584 2493 3961 2561 Operatiouen;

2418 2593 2609 2658 quippe
2645 2599 2696 2641 ct
2727 2588 2897 2641 studia
2931 2604 3034 2638 non
3071 2585 3237 2639 solum
3304 2584 3560 2636 bonorum
3595 2597 3834 2649 operum,
3865 2580 3960 2633 sed

2417 2679 2576 2729 etiam
2616 2677 2869 2727 malorum
2911 2675 2962 2726 in
2988 2673 3247 2725 creaturis
3277 2671 3543 2731 diximus;
3572 2679 3812 2721 naturam
3837 2682 3965 2719 tero

2421 2780 2580 2833 atque
2611 2765 2959 2818 substantiam
3005 2762 3169 2817 solius
3220 2762 3272 2815 in
3315 2760 3446 2814 alios
3505 2774 3659 2827 posse
3680 2756 3963 2810 Trinitatis

2421 2857 2616 2910 intrare
2648 2855 2780 2921 (Η).

2487 2954 2574 3007 62.
2617 2951 2855 3013 Abunde,
2922 2959 2978 3002 ut
3023 2962 3163 3009 reor,
3221 2958 3498 2999 occursum
3555 2952 3636 2997 est
3682 2940 3964 3010 proposita?

2419 3042 2722 3112 qnmstioni.
2754 3042 2885 3104 Quia
2924 3053 3052 3092 vero
3102 3039 3334 3104 ineptum
3386 3043 3440 3087 et
3472 3033 3687 3087 stultum
3727 3032 3964 3093 videtur,

2421 3137 2678 3187 adversus
2733 3131 2873 3182 fatua
2922 3126 3264 3196 respondere,
3300 3134 3352 3178 et
3405 3124 3600 3192 siquid
3648 3124 3698 3173 in
3739 3122 3963 3174 buccam

2425 3223 2585 3275 ruerit
2612 3220 2707 3291 [αι.
2735 3217 2911 3289 irruit]
2961 3217 3265 3283 impiorum,
3320 3214 3424 3268 hoc
3472 3211 3603 3265 velle
3633 3210 3962 3271 dissolvere;

2420 3328 2521 3364 non
2556 3310 2695 3363 enim
2733 3319 2933 3361 tantttm
2985 3307 3232 3374 impietas
3297 3312 3403 3365 est,
3458 3303 3715 3356 scelerata
3773 3316 3967 3367 propo-

2421 3418 2565 3463 nere,
2596 3409 2850 3468 quantnm
2881 3406 2934 3450 et
2963 3399 3027 3453 de
3061 3395 3337 3450 sceleratis
3377 3408 3497 3448 cum
3534 3392 3811 3445 resistente
3854 3390 3965 3442 tci-

2419 3492 2465 3545 le
2500 3492 2610 3557 (45)
2657 3498 2926 3551 tractare;
2964 3488 3158 3539 idcirco
3197 3484 3323 3538 illud
3377 3482 3518 3551 quod
3541 3481 3703 3534 solent
3735 3482 3963 3545 jactare,

2420 3590 2678 3647 praetereo
2708 3576 2962 3644 sacrilega
2990 3577 3244 3627 adversus
3267 3588 3361 3626 nos
3378 3571 3596 3624 audacia
3627 3568 3931 3637 proclaman
3954 3602 3955 3605 η

2424 3668 2607 3724 tcs:Si
2632 3668 2865 3737 Spiritus
2910 3674 3124 3718 sanctus
3186 3671 3397 3715 creatus
3420 3674 3521 3713 non
3543 3668 3643 3715 est,
3678 3666 3768 3708 aut
3800 3655 3965 3706 frater

2422 3770 2506 3812 e-t
2540 3761 2626 3811 Dei
2646 3758 2839 3819 Patris,
2867 3765 2956 3807 aut
2976 3764 3195 3822 patruus
3215 3761 3298 3805 est
3317 3747 3574 3817 unigeniti
3596 3745 3720 3799 Jesu
3740 3744 3965 3806 Christi,

2423 3858 2511 3901 aut
2544 3848 2682 3900 lilius
2734 3846 2930 3899 Christi
2975 3852 3076 3905 est,
3102 3852 3191 3895 aut
3221 3855 3385 3908 nepos
3406 3848 3485 3892 est
3523 3838 3613 3891 Dei
3641 3835 3836 3897 Patris,
3871 3845 3968 3887 aut

2426 3936 2534 4004 ipse
2556 3934 2719 3989 Filius
2742 3934 2831 3986 Dei
2848 3941 3004 3994 est,et
3019 3929 3126 3996 jam
3149 3943 3251 3980 non
3274 3927 3375 3979 erit
3398 3925 3693 3993 unigenittts
3714 3922 3969 3973 Dominus

2424 4024 2577 4079 Jesus
2606 4021 2872 4082 Christus,
2897 4034 3017 4071 cum
3048 4018 3271 4070 altermn
3302 4015 3520 4066 fratrem
3560 4012 3768 4064 habeat.
3791 4009 3967 4061 Miseri

2425 4124 2587 4180 atque
2619 4108 2968 4170 miserabiles,
3005 4121 3107 4159 non
3137 4105 3424 4158 sentientes
3456 4100 3520 4154 de
3562 4098 3885 4166 incorporeis
3915 4108 3971 4151 et

2429 4200 2799 4260 invisibilibus,
2823 4199 2972 4265 juxta
3002 4194 3354 4261 corporalium
3389 4200 3442 4244 et
3467 4188 3748 4242 visibilium
3780 4187 3967 4253 diSpu-

2430 4290 2528 4345 tari
2557 4304 2658 4342 non
2694 4288 2854 4340 licere
2889 4295 3153 4337 naturam.
3185 4280 3420 4333 Fratrem
3447 4292 3565 4331 esse
3592 4275 3671 4328 vel
3690 4285 3963 4341 patruum,

2430 4386 2674 4443 nepotem
2709 4374 2788 4425 vel
2818 4371 3005 4431 lilium,
3036 4381 3314 4435 corporum
3351 4366 3559 4416 nomina
3596 4373 3736 4427 sunt,
3779 4373 3833 4415 et
3866 4363 3971 4413 im-

794 4457 882 4521 lis,
919 4473 947 4510 e
968 4462 1247 4510 sanctitate
1272 4460 1640 4527 deeittitatqne
1665 4463 1877 4514 virtute.
1914 4462 2150 4515 Diximus
2172 4476 2327 4527 supra
2362 4476 2403 4528 ι)
2432 4464 2729 4518 becillitatis
2761 4464 2999 4513 humana:
3054 4457 3325 4511 vocabula.
3371 4453 3604 4506 Trinitas
3632 4468 3753 4507 vero
3773 4467 3971 4505 omnes

797 4548 1083 4615 μετοχικόν
1112 4546 1245 4618 [erat
1272 4547 1612 4617 μετοχικῶς],
1644 4550 1692 4601 id
1729 4561 1829 4611 est,
1878 4553 2013 4617 quod
2047 4552 2330 4619 participa-

800 4637 940 4688 tione
968 4639 1224 4703 capiatur,
1254 4653 1371 4690 esse
1404 4639 1801 4704 iucorruptibile
1828 4650 1878 4690 et
1907 4640 2251 4700 immutabile.
2278 4650 2332 4692 et

798 4736 1187 4793 consequenter
1219 4738 1492 4779 atternnm.
1527 4728 1674 4792 Quod
1704 4739 1878 4780 autem
1914 4730 2105 4780 mutari
2134 4738 2267 4795 pote.
2290 4736 2329 4792 t,

870 4834 914 4864 δ’
955 4834 1105 4886 Joan.
1155 4850 1269 4898 xm,
1314 4835 1400 4889 27.
1470 4836 1641 4888 "Act.
1674 4837 1893 4901 xtu,10.

871 4925 979 4992 (3-3)
1021 4926 1327 4992 Itltpet'ft‘t‘lo
1352 4942 1505 4979 sensu
1537 4937 1650 4979 erat
1678 4943 1690 4978 :
1729 4945 1745 4977 ι
1783 4929 1992 4980 Interim
2024 4941 2163 4979 nunc
2195 4928 2257 4979 ad
2285 4929 2335 4980 id

800 4998 939 5061 quod
971 5000 1221 5062 scriptum
1248 5007 1378 5048 est.»
1411 4994 1637 5047 Verbum
1682 5014 1699 5044 ι
1725 4996 2053 5063 disptttettttts
2080 5011 2194 5063 rex
2233 4995 2336 5048 lte-

802 5080 934 5127 ptnae
964 5080 1061 5113 ms.
1096 5065 1315 5114 alterum
1347 5081 1363 5111 ι
1386 5068 1687 5127 adversum,
1715 5081 1732 5114 ›
1764 5062 1823 5117 ex
1857 5066 1966 5131 ipso
2000 5075 2045 5115 et
2079 5062 2337 5116 Vaticano

802 5145 1110 5189 esttte~SIttu
1136 5140 1231 5182 est.

876 5198 984 5263 (59)
1025 5198 1205 5251 Grzeee
1244 5198 1590 5267 ἡγεμονικόν.
1631 5197 1758 5253 Vide
1791 5200 1841 5251 in
1868 5199 2262 5251 commentariis
2287 5199 2338 5249 in

804 5266 1127 5317 Matt/urunt.
1268 5266 1271 5267 ⁷
1356 5266 1359 5267 ⁷
1717 5309 1721 5315 .
2058 5309 2062 5313 4

874 5335 982 5412 illi)
1026 5335 1255 5412 yaticqr
1287 5334 1433 5401 quasi
1487 5349 1550 5387 ex
1615 5334 1997 5387 consuetudine
2044 5334 2330 5387 secundam

802 5417 932 5469 pene
969 5416 1233 5461 tnthteutn
1263 5414 1523 5453 ttulttraut.
1556 5422 1573 5452 ι

875 5470 982 5535 (il)
1002 5472 1189 5533 ldrtn,¢
1206 5472 1501 5521 tuittistrnttt
1522 5470 1617 5521 sibi
1638 5486 1697 5521 ac
1713 5470 1870 5520 lilium
1889 5478 2296 5538 praeparaverat.
2311 5487 2327 5518 ι

809 5603 820 5614 .
873 5539 1007 5614 (4-2)-
1030 5538 1185 5614 ιβιυε
1208 5542 1355 5600 edit.,
1377 5556 1392 5587 ι
1418 5540 1502 5604 qui
1524 5540 1773 5614 adversus
1792 5539 2085 5590 Susannam
2102 5553 2335 5589 amorem

810 5605 857 5654 itt
886 5608 1243 5658 crudelitatem
1264 5619 1575 5659 verterant.»
1604 5605 1791 5668 \'atir.,
1820 5609 1936 5671 (qui
1968 5608 2219 5657 adversus
2234 5606 2336 5655 Stt-

812 5686 1029 5723 sannam
1056 5677 1359 5731 saeviebant,
1398 5676 1449 5727 in
1488 5675 1848 5727 crudelitatem
1877 5682 2123 5734 verterat,
2157 5681 2210 5725 et
2234 5672 2333 5723 im~

821 5740 978 5803 μιωυιι
1014 5743 1235 5801 anilitas,
1270 5767 1284 5790 ι
1309 5755 1407 5795 etc.

1970 4837 2009 4869 "
2046 4836 2180 4890 Dan.
2237 4852 2352 4900 χιιι,
2409 4838 2498 4892 28.

2435 4552 2535 4605 has
2561 4548 2987 4619 praatergreditnr
3010 4543 3442 4605 nuncupationes.
3474 4541 3537 4594 Et
3555 4543 3970 4608 quotiescunque

2438 4642 2489 4694 in
2516 4641 2685 4707 aliqua
2714 4639 2775 4689 de
2807 4637 2888 4688 his
2916 4636 3056 4687 cadit
3081 4650 3098 4695 ',
3124 4633 3426 4685 nominibus
3464 4630 3675 4689 nostris,
3698 4638 3751 4681 et
3787 4631 3971 4680 itteou-

2437 4729 2581 4797 gruis
2598 4724 2867 4779 vocabulis
2888 4738 2991 4775 non
3013 4735 3161 4775 suam
3181 4730 3419 4772 naturam
3440 4718 3549 4786 (ιῦ)
3569 4718 3812 4785 loquitur.
3832 4716 3968 4770 Cum

2571 4837 2616 4867 "
2648 4835 2746 4887 Isa.
2790 4847 2829 4893 ι,
2878 4831 2932 4884 4.

2502 4926 2611 4995 (A5)
2651 4924 2779 4976 Cod'.
2808 4920 3041 4987 Reginae,
3092 4937 3109 4969 ι
3134 4918 3223 4972 lilii
3266 4916 3479 4995 diaboli.
3504 4934 3523 4968 ι
3548 4917 3607 4969 Et
3648 4931 3765 4969 mos
3794 4917 3968 4995 \'atic_.

2440 5014 2456 5046 ι
2486 4987 2609 5047 dicti
2639 5001 2760 5044 sunt
2800 5000 3158 5055 peccatorum,
3184 5006 3201 5037 ι
3232 4988 3399 5057 probo
3423 4997 3643 5053 uterque
3663 5000 3839 5049 sensu,
3863 4987 3968 5039 nisi

2430 5065 2587 5117 etiam
2610 5062 2832 5112 meliori.

2500 5130 2607 5196 (Μ)
2650 5125 2963 5192 Expressins
3009 5124 3143 5196 lt'eg.
3169 5136 3295 5184 ms.,
3326 5139 3370 5196 Δι
3400 5120 3489 5196 sed
3513 5120 3671 5196 etiam
3706 5120 3969 5173 malorum

2432 5189 2813 5264 pai'tieipabilia
2848 5208 2965 5246 esse
3016 5189 3368 5264 ittjcreaturis
3427 5189 3688 5264 lusimus,
3722 5201 3969 5264 naturain

2436 5255 2558 5316 vero
2626 5255 2783 5327 atque
2836 5260 3187 5314 substantiam
3234 5259 3398 5312 solius
3444 5255 3723 5309 Trinitatis
3757 5259 3807 5309 in
3836 5260 3974 5311 alios

2436 5346 2589 5401 posse
2615 5340 2834 5401 nitrum}.
2884 5348 2901 5377 ι

2502 5402 2612 5464 (45)
2655 5399 2779 5449 Erat
2807 5397 3136 5448 incommodo
3159 5408 3339 5454 sensu,
3387 5410 3404 5442 ι
3430 5392 3611 5464 saltem
3640 5392 3973 5443 resistentem

2434 5462 2616 5527 \‘t‘llt‘,l
2644 5478 2745 5517 ete.
2772 5481 2784 5523 ;
2814 5478 2917 5514 tum
2939 5477 3082 5515 certo
3098 5477 3299 5523 errore,
3321 5481 3337 5507 ι
3362 5463 3497 5526 qnod
3526 5462 3692 5513 solent
3722 5471 3974 5515 ιιιιιῖιιιιόι,

2434 5549 2707 5602 ιιινιιςινιηιυ,
2742 5552 2756 5581 ι
2818 5548 2912 5602 pro
2966 5550 2982 5580 ι
3005 5532 3223 5595 jaCtare,
3254 5550 3270 5580 ι
3325 5540 3417 5583 aut
3440 5529 3742 5594 tjactitat'e,
3776 5546 3792 5575 ι
3832 5533 3973 5594 (lauti

2438 5600 2630 5656 habent
2655 5600 3041 5652 etnettdatiores
3068 5602 3206 5651 libri.

2506 5671 2614 5735 (alii
2660 5668 2788 5718 Male
2812 5670 3103 5728 obtinebat,
3145 5684 3162 5716 ι
3190 5683 3288 5717 non
3324 5680 3415 5718 sua
3444 5673 3650 5727 natura,
3678 5682 3697 5712 ι
3722 5662 3772 5713 in
3803 5676 3973 5714 recto.

2441 5738 2697 5790 Emendat
2730 5735 2892 5788 \‘atic.
2932 5749 2980 5789 et
3014 5749 3159 5788 vrtus
3198 5737 3377 5786 editio.
