4212 6454
170 433 265 498 161

1530 409 1979 478 ΑΒΜΟΝΙΤΙΟ.

3237 395 3341 456 162

169 551 321 615 igitur
348 550 541 599 sancta
600 538 877 607 Scriptura
930 536 1156 604 amplius
1208 533 1273 586 de
1308 532 1570 585 Trinitate
1608 548 1708 582 non
1751 539 1789 591 Α
1825 552 1931 585 ram
1967 532 2287 591 hominibus,
2357 530 2635 601 negabitur
2673 533 2741 580 ab
2794 542 2855 579 cn
2885 540 3059 578 coram
3100 523 3275 586 Patre,
3311 530 3361 572 et

166 638 323 697 dicat,
349 632 454 685 nisi
490 632 657 684 Deum
687 629 896 681 Patrem
925 639 1043 678 esse
1084 622 1401 685 Salvatoris,
1444 630 1493 673 et
1528 620 1718 673 Filium

169 736 480 793 generatum
515 736 635 775 esse
669 736 697 773 a
730 718 911 781 Patre,
953 717 1053 768 hoc
1088 716 1452 767 tantummodo
1471 712 1722 763 debemus

167 815 361 870 sentire
388 813 537 883 quod
565 811 825 878 scriptum
857 818 958 861 est.
997 808 1058 860 Et
1088 816 1302 857 ostenso
1328 803 1466 871 quod
1496 801 1722 869 Spiritus

167 916 381 961 sanctus
413 906 692 958 increatus
723 900 813 960 sit,
841 902 1225 962 consequenter
1243 891 1557 958 intelligere,
1585 889 1722 956 quod

166 995 315 1062 cuius
348 1008 458 1045 non
486 1001 574 1044 est
606 999 788 1045 creata
808 986 1127 1047 substantia,
1154 990 1296 1035 recte
1324 977 1467 1031 Patri
1485 975 1723 1044 Filioque

165 1088 364 1142 sorietu
374 1101 421 1137 r.

1826 625 2027 691 angelis
2061 623 2175 689 ejus
2207 622 2272 673 ".
2302 621 2436 689 Ergo
2466 623 2583 689 quin
2621 620 2758 673 nulla
2801 617 2948 669 venia
2977 617 3025 666 in
3052 613 3361 667 Trinitate-n

1830 714 2142 767 conceditur
2181 711 2688 780 blasphelnantibus,
2710 708 2851 764 omni
2895 705 3068 760 studio
3088 714 3140 757 et
3162 702 3361 757 cautela

1788 814 1869 859 est
1890 807 2307 874 providendum,
2330 805 2488 874 168
2508 816 2561 855 ut
2588 820 2653 855 ne
2686 805 2734 855 in
2760 801 2905 856 brevi
2926 800 3142 869 quidem
3171 817 3363 868 parvo-

1793 912 1899 967 que
1917 912 2169 950 sermone
2188 899 2254 951 de
2279 914 2337 951 ea
2366 898 2727 963 tlisptttautvs,
2746 896 3015 947 labantur.
3033 892 3167 959 Quia
3191 893 3369 960 potius

1792 989 1840 1045 si
1871 990 1994 1061 quis
2032 990 2135 1043 hoc
2176 989 2422 1043 volumen
2455 991 2628 1056 legere
2667 986 2911 1044 voluerit,
2943 1000 3277 1051 quassumus,
3313 996 3367 1035 ut

1844 1083 2057 1131 rnumtet
2090 1093 2147 1131 se
2179 1081 2243 1130 ah
2270 1080 2411 1133 omni
2442 1094 2604 1149 Opere
2661 1078 2797 1132 malo
2818 1116 2833 1141 ,
2872 1086 2921 1131 et
2975 1078 3377 1147 cogitationibus

241 1163 402 1234 167
429 1162 528 1218 63.
562 1159 691 1216 Hac
715 1159 868 1228 juxta
885 1152 1084 1222 eloquii
1107 1148 1279 1204 nosui
1300 1152 1672 1214 paupertatem
1698 1140 1754 1195 in

1842 1171 2123 1239 pessimis:
2150 1184 2254 1237 quo
2286 1171 2449 1236 possit
2482 1170 2778 1222 illuminato
2809 1170 2969 1223 corde
2993 1184 3051 1220 ea
3092 1170 3378 1237 intelligere

175 1260 433 1327 praesenti
474 1257 626 1311 dicta
666 1251 959 1312 sullieiant,
998 1248 1251 1303 timorem
1302 1254 1505 1300 meum,
1532 1235 1676 1304 quod
1703 1235 1769 1285 de

1843 1275 1959 1328 quae
1992 1261 2263 1322 dicuntur,
2300 1267 2350 1309 et
2382 1257 2567 1324 plenus
2594 1257 2876 1311 sanctitate
2919 1267 3075 1324 atque
3098 1257 3376 1323 sapientia,

179 1356 373 1407 Spiritu
408 1353 608 1393 sancto
640 1339 781 1406 loqui
810 1350 970 1389 ausus
997 1336 1115 1394 sim,
1145 1332 1429 1386 indicantia
1457 1330 1587 1398 (Π).
1616 1329 1737 1393 Qui-

178 1451 383 1499 cunque
410 1435 558 1485 enim
586 1433 635 1483 in
672 1444 793 1482 eum
841 1425 1314 1491 blasphemaverit,
1345 1438 1447 1475 non
1477 1422 1646 1473 solum
1678 1421 1731 1471 in

180 1529 273 1576 huc
303 1527 527 1582 sa-cnlu,
553 1535 734 1573 verum
766 1520 928 1571 etiam
964 1516 1015 1568 in
1060 1514 1239 1567 futuro
1284 1528 1385 1565 non
1444 1511 1736 1563 dimittetur

180 1618 224 1666 ei
252 1615 318 1674 ⁸³,
353 1631 454 1665 nec
483 1612 592 1663 ulla
626 1608 992 1662 misericordia
1019 1616 1070 1657 et
1102 1606 1253 1656 venia
1288 1601 1642 1655 resert'abitur
1662 1600 1732 1653 illi

1842 1351 2113 1416 ignOSrere
2142 1350 2313 1408 nobis,
2342 1347 2510 1400 sicubi
2550 1348 2873 1401 uoluntatem
2902 1357 3133 1400 nostram
3162 1361 3260 1397 non
3280 1348 3376 1397 im-

1840 1442 1996 1507 plevit
2031 1441 2265 1501 effectus,
2304 1450 2352 1491 et
2382 1440 2746 1491 tantummodo
2770 1438 3184 1504 consideretqna
3207 1447 3380 1487 mente.

1838 1533 1963 1599 quid
1993 1532 2189 1583 dictum
2225 1531 2312 1591 sit,
2344 1543 2443 1581 non
2470 1530 2659 1596 quibus
2688 1543 2995 1594 expressum
3026 1527 3377 1579 sermonibus.

1842 1622 1991 1675 Sicut
2022 1621 2161 1673 enim
2221 1621 2433 1687 pietatis
2471 1634 2683 1671 sensum
2730 1619 2883 1671 nobis
2935 1620 3205 1670 audaciter
3230 1618 3379 1684 juxta

178 1705 261 1772 Ψλί
286 1702 691 1755 ⁶⁰⁸¹⁰¹¹¹⁰³ν⁰τίῑ
731 1698 923 1751 Filium
970 1695 1081 1755 θεῖ’
1124 1702 1176 1745 θι
1221 1692 1462 1758 mimum
1492 1689 1583 1760 la"
1610 1706 1738 1743 ⁰⁰¹¹⁶
1842 1722 2077 1765 nostram
2112 1711 2491 1764 conscientiam
2544 1709 2891 1771 vindicamus,
2926 1708 2992 1759 ita
3033 1719 3283 1773 quantum
3314 1708 3380 1759 de

181 1789 478 1860 ¹“¹¹¹¹“¹¹³“⁸]
512 1789 698 1841 [eccm
723 1784 944 1851 Spiritui
969 1782 1148 1851 gnum
1175 1781 1311 1847 eiust
1339 1782 1389 1869 δ’)
1414 1796 1515 1844 (1⁸³0
1540 1778 1736 1869 ⁵³³¹¹ς¹ί’
1838 1816 1900 1855 eo
1926 1801 2063 1869 loqui
2093 1800 2338 1867 pertinet,
2363 1807 2690 1850 Venustatem
2713 1796 3034 1850 rhetoricam
3058 1795 3381 1848 facundiam-

182 1885 365 1936 ﬁcatus
396 1890 482 1933 est
513 1881 577 1929 “.
626 1878 774 1942 Quod
816 1876 1028 1942 quidem
1060 1880 1111 1924 et
1143 1871 1192 1923 in
1234 1871 1339 1922 Deo
1371 1868 1526 1920 Patre
1548 1874 1628 1920 est
1653 1868 1731 1917 in-
1765 1874 1805 1927 Β
1835 1912 1845 1943 ί

1713 1894 1731 1905 '
1765 1874 1805 1927 Β
1835 1906 1958 1959 que,
1979 1891 2127 1954 juxta
2154 1887 2585 1954 consequentiam
2616 1886 2723 1952 (49)
2760 1896 3066 1951 textumque
3094 1885 3376 1947 sermonis,

182 1974 553 2039 ιτιιίεειιάηιιι-
601 1970 731 2019 Nam
786 1964 876 2031 Ψ¹ί
937 1958 1377 2027 ¹¹¹²⁸Ρ¹¹¹²¹η³⁸ἐτίί
1428 1958 1476 2009 in
1508 1967 1730 2018 θ¹¹¹¹¹νθί
1832 1958 2011 2045 procul
2046 1978 2232 2029 ahesse
2266 1975 2577 2041 simpliciter
2610 1975 2946 2025 conﬁtemur.
2998 1974 3381 2039 Studiiqnippe

179 2064 338 2129 impie
374 2060 575 2129 egerit,
632 2059 748 2109 sine
806 2054 957 2106 venia
1009 2046 1649 2113 crucialiitnr,nullupro
1676 2060 1739 2099 eo
1832 2083 1842 2119 ι

1718 2060 1739 2099 ⁵
1832 2065 1998 2119 nostri
2030 2064 2150 2127 fuit,
2178 2064 2240 2116 de
2293 2061 2589 2129 Scripturis
2632 2061 2832 2112 sanctis
2861 2060 3263 2120 disserentibus,
3299 2077 3381 2125 pre

182 2154 464 2205 llutninum
499 2151 820 2214 deprecante
844 2142 977 2213 (l3).
1008 2141 1143 2193 sicut
1168 2139 1421 2204 ειτῑριιιιιι
1452 2143 1551 2195 est,
1591 2153 1608 2184 ε
1639 2132 1738 2198 Qui
1832 2158 1845 2210 ί

1715 2148 1738 2185 “¹
1832 2157 2125 2224 intelligere
2156 2169 2275 2222 qua:
2309 2154 2506 2220 scripta
2552 2162 2697 2215 sunt,
2733 2161 2783 2204 et
2826 2152 3143 2218 imperitiam
3172 2167 3378 2204 niensu-

180 2255 356 2295 autem
391 2242 446 2293 in
488 2239 769 2293 Ουιηῖιιιιιιι
817 2232 981 2287 Dem"
1036 2229 1371 2298 Ρθουυνυτίιν
1422 2226 1539 2293 ίΙ¹¹ί⁵
1566 2224 1742 2277 “ab”
1836 2261 2055 2314 ramque
2086 2244 2248 2296 nostri
2287 2258 2387 2294 non
2425 2243 2670 2309 ignorare
2710 2242 2992 2293 sermonis.

183 2347 276 2400 pro
318 2346 385 2385 eo
425 2328 515 2381 ”?
555 2347 571 2379 ι
606 2326 819 2380 Necnon
866 2332 918 2377 et
948 2321 1036 2389 qui
1077 2318 1265 2372 Frlinnt
1311 2314 1581 2384 negaverit
1637 2328 1730 2366 eo-

243 2468 289 2500 ⁸³
330 2466 526 2520 Matth.
568 2480 666 2525 xu,
693 2461 783 2518 59..
854 2456 899 2489 ³⁸
916 2453 1253 2519 Hebr.x,29.
1328 2452 1373 2484 ⁸³
1410 2451 1580 2520 llteg.
1613 2463 1673 2513 ll,
1700 2448 1788 2503 25.
1861 2448 1906 2479 ⁵⁸

693 2461 783 2518 59..
854 2456 899 2489 ³⁸
916 2453 1253 2519 Hebr.x,29.
1328 2452 1373 2484 ⁸³
1410 2451 1429 2505 ι
1458 2452 1580 2520 lteg.
1613 2463 1673 2513 Il,
1700 2448 1788 2503 25.
1861 2448 1907 2479 "
1946 2446 2131 2500 Matth.
2164 2459 2216 2507 ι,
2246 2442 2334 2495 '53.

1913 2588 2021 2651 (49)
2065 2588 2266 2639 Intrusa
2299 2584 2381 2637 hic
2422 2595 2695 2650 perperam
2749 2597 2765 2627 σ
2798 2593 2889 2651 nos
2916 2596 2933 2651 ρ
2962 2579 3163 2651 vocula,
3192 2593 3378 2651 sensus

1846 2644 2139 2707 Lilrnrubut.
2182 2644 2551 2720 EXpuuxi'npe
2580 2651 2778 2699 endit-is
2806 2644 3036 2720 Reginae,
3079 2650 3166 2720 qui
3196 2650 3375 2720 itidem

1844 2736 2104 2789 expuneta
2143 2718 2272 2775 voce
2303 2740 2319 2773 ι
2344 2723 2513 2788 juxta,
2540 2735 2558 2767 ι
2620 2723 2726 2770 tere
2769 2718 3079 2769 concinnius
3112 2718 3235 2786 legit
3266 2736 3283 2767 ι
3309 2718 3378 2769 fa-

1844 2795 2031 2846 cuudia
2060 2789 2493 2858 eoosequeutizt'u
2523 2821 2540 2842 ο

250 2603 363 2669 (47)
408 2602 629 2670 Regina
676 2600 809 2670 liber
835 2607 914 2670 Δ(·ι
958 2596 1169 2670 ΑΥθιὶθ..
1203 2612 1221 2645 t
1252 2593 1497 2670 timorem
1532 2598 1735 2666 tantum

184 2664 357 2726 meum
379 2672 431 2723 in
464 2664 553 2733 eo,
577 2668 717 2738 quod
741 2670 805 2722 de
828 2666 1028 2735 Spiritu
1059 2673 1242 2717 sancto
1266 2664 1406 2731 loqui
1432 2675 1590 2714 ausus
1610 2664 1734 2718 situ,

184 2741 430 2794 indicari.
478 2758 497 2789 ι

251 2810 364 2877 (48)
408 2810 555 2859 Ιιιοοηο
588 2807 719 2873 Reg.
744 2819 871 2868 ms.,
909 2823 926 2855 ι
963 2802 1103 2854 nullo
1134 2799 1485 2866 modopron
1515 2798 1736 2850 Domino

183 2880 559 2945 deprecante.»

165 2998 3407 3062 Μ

649 3233 849 3387 ΙΝ
965 3228 2120 3410 SEQUENTEM
2237 3226 2955 3385 LIBRUM

1425 3547 2171 3643 ADMONITIO.

237 3975 437 4029 Notum
491 3974 757 4031 Luciferi
781 3975 1079 4031 Calaritani
1117 3974 1358 4044 episcopi
1392 3973 1538 4029 hanc
1586 3973 1760 4032 fuisse
1789 3985 2046 4042 mentem,
2087 3985 2143 4030 ut
2175 3977 2267 4048 qui
2308 3978 2361 4032 in
2394 3978 2725 4033 Ariminensi
2769 3976 3005 4033 concilio
3049 3978 3264 4033 Arianm
3300 3998 3423 4050 per-

170 4066 307 4120 ﬁdia
361 4066 842 4134 subscripserant,
880 4062 1115 4131 amplius
1161 4062 1303 4116 inire
1343 4064 1789 4118 communionem
1824 4080 1948 4118 cum
1989 4066 2257 4129 Ecclesia,
2313 4068 2530 4120 tametsi
2586 4066 2932 4135 paenitentes,
2985 4082 3092 4119 non
3148 4082 3364 4135 possent
3404 4087 3421 4124 :

164 4166 331 4221 seque.
361 4156 512 4209 adeo
547 4154 617 4208 ab
639 4169 829 4208 eorum
864 4167 1087 4224 quoque
1109 4150 1518 4217 communione,
1548 4152 1642 4220 qui
1675 4152 1856 4221 lapsos
1884 4162 2004 4220 post
2033 4152 2461 4209 satisfactionem
2494 4163 2833 4221 receperant,
2866 4156 3083 4220 penitus
3115 4157 3421 4211 abdicasse.

169 4241 335 4306 Nam,
376 4244 564 4310 inquit
602 4240 906 4311 Sulpicius,
949 4240 1087 4295 Hist.
1138 4242 1232 4296 lib.
1282 4256 1342 4306 ll,
1380 4258 1504 4314 cap.
1541 4241 1634 4308 45,
1679 4245 1733 4297 in
1770 4252 1976 4298 tantum
2002 4258 2087 4297 eos
2127 4243 2216 4312 qui
2260 4243 2492 4297 Arimini
2532 4244 2783 4309 fuerant,
2836 4244 3234 4303 condemnavit.
3280 4255 3337 4297 ut
3369 4261 3426 4299 te

162 4350 326 4386 etiam
356 4334 425 4385 ob
455 4349 644 4387 eorum
682 4333 1053 4387 communione
1080 4337 1382 4403 secreverit,
1422 4337 1516 4407 qui
1551 4354 1638 4391 eos
1662 4337 1757 4392 sub
1788 4333 2175 4403 satisfactione,
2208 4333 2284 4386 vel
2314 4333 2626 4399 poenitentia
2675 4334 2976 4386 reciperent.
3015 4332 3088 4386 Et
3117 4349 3180 4388 eo
3208 4335 3424 4388 Lucife-

166 4425 457 4475 rianorum
496 4422 740 4474 manavit
787 4420 1036 4485 haeresis,
1089 4430 1296 4478 temere
1333 4425 1700 4481 asserentium
1738 4425 1807 4480 ab
1836 4423 2079 4487 Arianis,
2108 4431 2162 4477 et
2192 4421 2283 4492 qui
2321 4421 2429 4476 illis
2457 4421 2628 4475 semel
2679 4431 3072 4477 consenserant
3118 4424 3418 4493 episcopis,

166 4527 276 4563 non
310 4510 559 4563 conferri
590 4510 859 4577 Spiritum
891 4518 1167 4572 sanetum,
1196 4526 1401 4581 eosque
1432 4513 1501 4567 ab
1531 4515 1848 4582 episcopatu
1872 4526 1935 4564 ac
1967 4511 2258 4566 sat-erdoui
2288 4522 2516 4561 munere
2569 4510 2641 4560 ita
2674 4509 2965 4574 excidisse,
2998 4518 3057 4564 ut
3080 4521 3421 4565 sacramenta

165 4599 594 4651 alministrandi
650 4597 962 4651 facultatem
1000 4614 1216 4651 omnem
1258 4599 1367 4653 illis
1406 4601 1732 4665 adimerent,
1768 4612 1934 4668 atque
1969 4604 2117 4670 ipsos
2154 4600 2316 4654 etiam
2359 4598 2666 4666 baptizatos
2697 4599 2764 4653 ab
2809 4598 2889 4654 eis
2935 4598 3042 4655 nisi
3086 4615 3181 4670 per
3229 4617 3424 4657 manus

166 4689 609 4754 impositionem,
644 4695 809 4754 atque.
842 4688 1244 4742 invocationem
1271 4686 1511 4755 Spiritus
1545 4690 1744 4752 sancti,
1780 4691 1993 4744 nollent
2023 4690 2329 4761 suscipere.

239 4778 352 4830 Hac
384 4778 453 4830 de
484 4791 542 4829 re
573 4776 910 4845 disputatum
948 4784 1032 4830 est
1077 4776 1379 4844 aliquando
1410 4777 1815 4831 Lueiferianum
1861 4780 2005 4832 inter
2037 4792 2202 4848 atque
2246 4780 2649 4844 Orthodoxum,
2700 4780 2793 4833 sed
2831 4778 3114 4840 conviciis,
3150 4787 3205 4831 ut
3254 4777 3425 4833 ferme

170 4865 459 4925 usurenit,
495 4864 669 4934 magis
704 4879 869 4933 quam
904 4867 1245 4931 argumentis
1300 4874 1536 4933 uterque
1584 4867 1902 4933 altercatus,
1948 4869 2324 4923 adversnrium
2362 4870 2597 4940 fregerat
2631 4870 2809 4939 potius
2846 4883 3009 4937 quam
3044 4881 3421 4934 superaverat.

169 4953 500 5007 Cernlictum
534 4964 618 5008 est
649 4953 853 5021 itaque,
883 4961 945 5008 ut
977 4954 1145 5007 altera
1192 4954 1281 5009 die
1314 4957 1693 5020 convenirent,
1728 4956 1910 5025 iisque
1940 4957 2420 5022 contendrntibns,
2456 4975 2578 5029 qua:
2610 4972 2709 5027 pro
2736 4972 2831 5010 sua
2865 4958 3098 5025 quisque
3144 4971 3307 5009 causa
3338 4957 3425 5008 «Ιὶ-

168 5052 339 5106 ceret,
368 5058 399 5096 a
436 5041 908 5111 notariisescepta
939 5050 1083 5097 sunt.
1105 5047 1284 5111 Atque
1314 5044 1367 5098 in
1400 5042 1502 5099 hoc
1531 5044 1751 5115 quidem
1778 5045 1919 5099 libro
1950 5060 2046 5114 per
2078 5046 2361 5109 Dialogum
2390 5048 2485 5101 abs
2518 5046 2848 5116 Hieronymo
2867 5052 3235 5113 exponuntur,
3268 5044 3422 5113 quasi

172 5133 239 5183 ab
271 5131 665 5183 altercantinm
706 5144 802 5183 ore
831 5130 1292 5199 proﬁciscantur;
1328 5132 1422 5186 sed
1461 5131 1593 5186 nihil
1629 5132 1849 5186 dubium
1889 5144 1973 5185 est
2012 5149 2039 5185 a
2076 5132 2134 5187 S.
2173 5133 2403 5187 Doetnre
2444 5134 2690 5187 Studiose
2722 5143 3032 5187 contextum
3080 5147 3218 5199 Opus
3265 5141 3427 5201 atque

173 5220 479 5286 expolitum
531 5217 707 5273 fuisse
739 5220 806 5272 ad
845 5220 1134 5275 catholica
1190 5220 1437 5275 veritatis
1494 5219 1749 5275 tuendam
1831 5220 2011 5273 fidem.
2050 5219 2184 5273 Nam
2218 5231 2272 5273 et
2298 5232 2448 5291 gesta
2503 5221 2868 5274 Ariminensis
2903 5219 3121 5273 concilii
3178 5233 3425 5286 magnam

174 5317 389 5372 partem
420 5305 674 5370 adducit,
728 5308 906 5376 deque
942 5312 1062 5377 ejus
1094 5307 1343 5368 historia.
1392 5308 1831 5377 Arianornmque
1868 5310 1921 5361 in
1969 5324 2035 5362 eo
2087 5309 2297 5362 artibus
2334 5324 2397 5361 ac
2426 5308 2567 5362 dolis
2611 5308 2877 5377 loquitur,
2940 5322 3114 5374 eoque
3148 5306 3198 5359 in
3238 5308 3426 5372 primis

178 5395 320 5460 quod
362 5395 497 5446 asia
530 5394 858 5447 vocabulum
900 5393 965 5447 ad
1007 5395 1355 5448 sarciendam
1398 5408 1587 5464 pacem
1624 5396 1776 5464 rejici
1808 5397 1877 5451 ab
1915 5397 2242 5451 orthodoxis
2280 5397 2521 5451 haeretici
2557 5397 2936 5458 obtinuerunt,
2976 5393 3195 5463 quando
3229 5394 3281 5445 in
3316 5407 3427 5445 cm-

183 5483 315 5535 teris
350 5496 411 5535 se
441 5482 712 5549 ﬁngerent
752 5482 1101 5549 consentire;
1133 5480 1228 5538 sed
1262 5493 1555 5553 postquam
1594 5485 1885 5554 episcopos
1935 5483 2144 5538 nefaria
2189 5484 2594 5553 subscriptione
2638 5485 2727 5538 illa
2761 5484 3138 5543 devinxerant,
3170 5479 3427 5535 fraudem

185 5572 528 5640 aperuerint,
559 5580 613 5624 et
648 5586 749 5639 pro
774 5587 833 5626 se
859 5572 1143 5625 victoriam
1182 5571 1551 5627 inelamarint.
1586 5572 1660 5628 De
1709 5575 1986 5641 baptismo
2016 5573 2183 5628 etiam
2230 5574 2611 5629 haereticorum
2659 5572 2877 5639 copiose
2929 5570 3169 5631 disserit.
3206 5579 3426 5634 tamque

187 5662 252 5712 ad
288 5666 497 5711 rectum
531 5672 780 5720 sensum,
819 5667 875 5710 ut
900 5672 1090 5712 eorum
1131 5658 1359 5714 minime
1384 5659 1609 5729 probem
1640 5662 1981 5731 opinionem,
2020 5663 2113 5730 qui
2156 5662 2348 5717 dicunt
2381 5664 2630 5731 quaedam
2665 5662 2717 5714 in
2752 5661 2855 5714 hoc
2887 5662 3023 5713 libro
3055 5674 3222 5727 super
3252 5658 3429 5711 hare-

187 5749 428 5803 tieorum
460 5747 741 5815 baptismo
791 5744 852 5801 S.
881 5745 1100 5802 Doctori
1136 5748 1427 5816 excidisse,
1459 5764 1579 5818 qua:
1607 5751 1827 5819 ingenio
1862 5768 1953 5820 per
1978 5760 2193 5805 aetatem
2235 5751 2406 5820 uagis
2438 5750 2668 5805 subacto
2696 5749 3040 5819 postmodum
3068 5744 3427 5803 revocaverit.
