4212 6506
742 418 844 485 163
1897 415 1959 478 s.
2004 413 2322 475 EUSEBII
2364 392 2823 474 HIERONYMI'
3898 407 4018 472 ist

736 535 872 591 Tale
898 532 1031 588 illud
1059 530 1224 588 etiam
1256 536 1365 597 est,
1393 531 1539 601 quod
1572 530 1849 586 Victorius
1882 530 2161 596 confutat,
2190 546 2384 601 nempe
2415 528 2472 583 S.
2501 527 2898 599 Hieronymum
2931 534 3154 595 putasse
3180 528 3550 583 necessariam
3578 540 3704 584 esse
3731 526 3788 580 in
3814 540 4023 582 sacer—

741 623 964 680 dotibus
1013 627 1217 676 rectam
1270 619 1464 686 vitam,
1497 629 1554 674 ut
1586 618 1669 673 vel
1701 619 2017 687 absolvant,
2072 620 2157 677 vel
2194 618 2596 674 eucharistiam
2651 616 2968 672 conﬁciant.
3013 615 3217 671 Contra
3246 617 3393 671 enim
3444 632 3597 672 num.
3629 615 3942 688 praesertim
3976 613 4022 667 5

733 711 1050 767 luculenter
1087 709 1400 773 constituit,
1449 717 1508 762 ut
1538 708 1583 763 si
1619 706 1749 765 alibi
1791 710 2129 763 contrarium
2166 707 2416 762 videatur
2448 719 2717 770 asserere,
2750 704 2875 759 ideo
2907 704 3103 770 faciat,
3139 719 3209 761 ne
3238 705 3369 761 dum
3416 704 3486 761 de
3524 706 3644 762 sola
3672 703 3779 761 sibi
3810 716 4022 759 sacer-

731 799 890 855 dotes
922 804 1198 868 potestate
1227 796 1640 864 ohlandiuntur,
1677 805 1886 852 rectam
1916 794 2131 853 vivendi
2166 795 2427 852 deserant
2460 810 2732 862 normam,
2759 807 2811 851 et
2861 793 3009 867 quod
3045 802 3317 867 potestate
3349 804 3697 865 construunt,
3741 792 4024 866 exemplo

730 891 1038 950 destruant.
1258 896 1261 897 '

812 981 886 1036 De
918 994 1067 1035 anno
1112 994 1223 1050 quo
1274 994 1413 1050 opus
1447 981 1596 1037 istud
1644 979 1987 1036 elucubrarit
2038 994 2151 1035 non
2182 980 2319 1035 satis
2350 979 2614 1034 convenit
2663 979 2806 1035 inter
2832 980 3104 1037 eruditos.
3138 982 3275 1038 Illud
3312 995 3509 1053 nempe
3540 978 3754 1051 aliquos
3794 986 4022 1042 movet,

733 1070 883 1141 quod
915 1071 970 1125 in
1005 1070 1287 1125 Chronico
1319 1068 1634 1125 Luciferum
1666 1069 1839 1124 multa
1868 1084 1989 1124 cum
2023 1069 2190 1125 laude
2232 1077 2522 1134 memoret,
2558 1082 2740 1139 neque
2784 1068 2857 1125 sit
2892 1082 3024 1125 vero
3052 1071 3235 1126 simile
3279 1070 3404 1140 eius
3442 1059 3709 1125 celebrari
3736 1078 4023 1123 constan-

738 1161 872 1217 tiam
906 1176 970 1216 ac
1004 1162 1193 1230 ﬁdem,
1226 1162 1389 1231 cujus
1420 1161 1771 1229 sententiam,
1804 1162 1916 1218 imo
1945 1177 2191 1218 errorem
2237 1162 2387 1216 edito
2429 1156 2571 1219 libro
2604 1157 2909 1228 impugnat,
2942 1157 3051 1215 nisi
3083 1162 3129 1216 si
3160 1159 3301 1216 liber
3328 1160 3458 1225 iste,
3502 1160 3555 1212 in
3585 1170 3697 1227 quo
3733 1155 3887 1213 male
3910 1170 4025 1210 au-

734 1249 838 1316 dit,
868 1250 965 1306 illo
1004 1250 1061 1306 in
1087 1266 1197 1323 quo
1231 1250 1392 1316 bene,
1442 1250 1718 1321 posterior
1748 1251 1838 1308 sit.
1886 1250 2255 1318 Quamobrem
2286 1265 2413 1304 cum
2465 1262 2613 1302 anno
2646 1246 2753 1305 380
2779 1247 3091 1305 Chronicon
3130 1248 3304 1304 fuisse
3354 1248 3728 1316 conscriptum
3760 1251 4022 1306 constet,

735 1337 1023 1411 Dialogum
1057 1339 1202 1394 hunc
1232 1347 1357 1408 post
1409 1355 1528 1395 eam
1566 1341 1828 1410 temporis
1865 1340 2202 1394 notationem
2226 1336 2432 1393 ditl‘erri
2486 1337 2698 1393 volunt.
2733 1337 2839 1392 Sed
2877 1338 3012 1392 nihil
3058 1353 3188 1394 esse
3246 1335 3565 1408 huiusmodi
3613 1344 4022 1405 argumentum

735 1427 946 1491 videas,
978 1428 1023 1482 si
1059 1427 1147 1481 illa
1176 1428 1295 1496 ipsa
1339 1437 1488 1482 recte
1529 1428 1856 1498 expenderis
1888 1426 2224 1489 testimonia,
2260 1435 2314 1480 et
2350 1425 2523 1479 multa
2560 1438 2682 1480 esse
2716 1423 2881 1491 scias,
2909 1440 3032 1496 qua
3057 1426 3114 1481 in
3138 1424 3395 1481 Lucifero
3427 1422 3802 1493 Hieronymus
3829 1420 4027 1487 suspi-

740 1515 922 1569 ciebat
955 1530 970 1569 :
1005 1528 1105 1569 nec
1140 1515 1361 1585 proprie
1396 1516 1576 1586 ipsum
1624 1516 1966 1585 episcopum,
1994 1516 2087 1570 sed
2118 1513 2240 1584 ejus
2273 1514 2537 1578 asseclas,
2568 1511 2661 1582 qui
2692 1511 2811 1579 eius
2854 1514 3081 1568 nomine
3113 1513 3179 1567 ad
3213 1511 3424 1567 erroris
3470 1511 3841 1581 patrocinium
3871 1508 4028 1562 abu-

741 1604 1023 1667 tebantnr,
1054 1604 1384 1674 impugnari.
1416 1604 1551 1658 Nam
1582 1619 1637 1660 et
1666 1606 1767 1660 hoc
1800 1606 1918 1675 ipso
1947 1608 2001 1659 in
2034 1606 2175 1660 libro
2204 1605 2342 1659 bene
2376 1599 2532 1656 audit
2567 1598 2809 1668 Lucifer,
2854 1609 2914 1654 ut
2955 1600 3066 1655 illis
3094 1599 3299 1666 verbis,
3346 1598 3521 1670 Cogor
3557 1597 3623 1652 de
3652 1598 3807 1652 beato
3838 1594 4026 1650 Luci-

741 1691 854 1761 fero
885 1708 1035 1745 secus
1074 1694 1388 1763 quidquam,
1429 1710 1588 1765 quam
1620 1704 1668 1748 et
1699 1695 1843 1748 illius
1903 1696 2170 1757 meritum,
2224 1702 2273 1748 et
2314 1708 2428 1746 mea
2470 1690 2781 1743 humanitas
2825 1690 3017 1758 poscit,
3056 1690 3382 1746 existimare.
3424 1689 3504 1742 Es
3539 1689 3689 1743 serie
3729 1696 3923 1742 autem
3960 1697 4030 1739 et

742 1782 887 1843 loco,
917 1796 1027 1847 quo
1061 1781 1115 1835 in
1144 1780 1411 1852 Catalogo
1441 1785 1509 1836 ab
1542 1782 1661 1855 ipso
1690 1784 2025 1853 Hieronymo
2050 1790 2307 1837 censetur
2334 1781 2423 1837 hic
2460 1777 2623 1842 liber,
2658 1776 2712 1833 et
2740 1776 3019 1831 Chronico
3050 1778 3297 1847 proxime
3321 1777 3631 1846 praecedere
3656 1790 3780 1831 eum
3813 1776 4022 1844 liquet,

741 1868 857 1921 sive
884 1883 1085 1921 annum
1115 1866 1218 1921 580
1251 1879 1618 1934 antevertere,
1650 1880 1705 1925 et
1737 1870 1940 1925 relicta:
2006 1870 2320 1927 solitudinis
2368 1868 2663 1939 epocham,
2692 1868 2809 1923 sive
2839 1882 2972 1921 ann.
3006 1865 3133 1929 379.
3164 1876 3225 1921 ut
3250 1867 3305 1920 in
3336 1865 3746 1936 chronologicis
3782 1863 4024 1934 Episto-

743 1958 917 2009 larum
950 1957 1288 2024 argumentis
1323 1950 1575 2013 notatum
1605 1968 1712 2021 est.
1747 1974 2037 2029 superare.
2075 1960 2257 2014 Facile
2296 1959 2468 2029 igitur
2510 1958 2631 2026 ipso
2674 1971 2820 2011 anno
2853 1956 2984 2021 379,
3023 1969 3135 2024 quo
3165 1970 3197 2010 e
3224 1953 3503 2010 Chalcidis
3537 1968 3725 2009 eremo
3763 1952 4022 2019 fugiens,

744 2044 1051 2099 Antiochia:
1102 2047 1371 2110 substitit,
1402 2047 1606 2102 librum
1647 2050 1915 2115 exaravit,
1954 2064 2078 2104 nam
2111 2060 2165 2103 et
2194 2048 2500 2103 Antiochia:
2544 2044 2924 2099 Luciferianus
2952 2053 3122 2113 atque
3158 2043 3515 2098 (lrtbodoxus
3554 2041 3812 2097 altercati
3854 2049 4022 2105 sunt,

744 2141 802 2186 et
833 2132 1085 2201 proxime
1115 2134 1182 2188 ab
1213 2136 1317 2189 illa'
1337 2136 1708 2191 altercatione
1739 2137 1985 2191 scribere
2014 2153 2073 2191 se
2103 2137 2471 2207 Hieronymus
2496 2134 2801 2204 profitetur.

758 2270 1052 2285 *ὴ

2024 2253 3962 2289 W

1321 2426 1463 2539 S.
1531 2428 2256 2541 EUSEBII
2354 2424 3429 2546 HIEBONYMI

1828 2641 2408 2709 STRIDUNENSIS
2465 2640 2949 2705 PRESBYTERI

1078 2811 1812 2939 DIALOGUS‘
1927 2818 2506 2933 CONTRA
2596 2814 3681 2933 LUCIFERIANOS.

836 3202 990 3273 171
1030 3202 1079 3255 1.
1117 3198 1372 3253 Proxime
1420 3197 1620 3253 accidit
1652 3199 1697 3266 ’,
1734 3207 1795 3251 ut
1832 3197 1961 3270 [ΑΙ.
1994 3196 2175 3271 quod]
2214 3199 2335 3270 qui-
2368 3201 2409 3258 Α
2441 3197 2512 3252 ita
2542 3197 2759 3256 cunctis
2803 3197 3197 3264 residentibus,
3255 3196 3565 3254 [leuamus
3622 3199 4030 3255 LUCIFEBIAIUS

762 3296 887 3349 dam
923 3293 1157 3349 Luciferi
1190 3300 1451 3357 sectator,
1480 3307 1605 3346 cum
1660 3291 1767 3347 alio
1800 3291 2059 3346 Ecclesiae
2114 3292 2338 3347 alumno
2444 3292 2577 3355 dixit
2625 3309 2638 3345 :
2674 3291 2789 3347 lloc
2833 3292 3068 3361 primum
3124 3294 3255 3349 mihi
3289 3294 3605 3362 responderi
3654 3292 3797 3355 volo,
3834 3302 4029 3346 utrum

765 3388 954 3440 odiosa
991 3384 1324 3451 loquacitate
1352 3384 1713 3445 contendens,
1743 3383 1995 3437 caninam
2027 3382 2336 3437 facundiam.
2443 3387 2633 3440 Ariani
2664 3386 2967 3443 Christiani
3004 3389 3138 3455 sint,
3163 3402 3229 3441 an
3262 3387 3408 3442 non?
3434 3385 3800 3440 Oarttonoius
3829 3383 3874 3434 '.
3910 3380 4031 3451 Ego

763 3480 1072 3535 exercuerit
1104 3475 1268 3547 [nam
1298 3474 1602 3546 exercuit].
1638 3475 1925 3530 Assercbat
1975 3476 2174 3545 quippe
2220 3475 2341 3529 uni-

769 3586 987 3625 versum
1021 3567 1283 3623 mundum
1318 3583 1437 3623 esse
1464 3568 1689 3633 diaboli,
1726 3578 1780 3621 et
1823 3577 1883 3622 ut
1930 3569 2039 3636 jam
2077 3570 2343 3623 familiare

768 3674 855 3716 est
878 3663 958 3717 eis
990 3662 1192 3725 dicere,
1233 3659 1435 3715 factum
1472 3662 1539 3715 de
1579 3659 1822 3715 Ecclesia
1861 3660 2110 3730 lupanar.
2146 3662 2214 3715 At
2254 3661 2343 3715 ille

764 3772 800 3811 c
837 3755 1140 3819 contrario,
1194 3752 1597 3808 rationabiliter
1632 3753 1875 3822 quidem.
1908 3753 2005 3808 sed
2034 3753 2346 3823 importuno

769 3859 823 3901 et
874 3848 995 3901 loco
1020 3856 1074 3901 et
1128 3854 1394 3914 tempore,
1451 3845 1797 3908 defendebat,
1853 3860 1957 3900 non
2009 3846 2129 3899 sine
2181 3860 2345 3899 causa

770 3941 1056 3995 Christum
1109 3947 1385 3991 mortuum
1425 3937 1617 4000 fuisse,
1656 3952 1755 3992 nec
1784 3938 1854 3991 ob
1888 3936 2180 3991 Sardorum
2233 3946 2351 3989 tan-

773 4046 893 4089 tum
936 4044 1261 4087 mastrucam
1309 4030 1329 4061 ³
1382 4030 1475 4085 Dei
1524 4029 1726 4083 Filium
1782 4030 2153 4085 descendisse.
2209 4027 2349 4094 Quid

777 4126 981 4196 plura?
1011 4126 1139 4179 dum
1174 4122 1513 4178 audientiam
1550 4130 1602 4177 et
1635 4122 1905 4176 circulum
1944 4122 2153 4176 lumina
2191 4123 2213 4152 ⁸
2242 4125 2348 4186 iam

778 4221 836 4275 in
870 4219 1063 4289 plateis
1088 4232 1321 4271 accensa
1370 4217 1666 4280 solverent,
1705 4226 1760 4270 et
1793 4216 2129 4271 inconditam
2166 4216 2353 4284 dispu-

783 4315 1043 4367 tationem
1089 4326 1193 4364 nox
1228 4312 1679 4377 interrumperet,
1732 4318 1994 4378 consputa
2039 4323 2175 4379 pene
2210 4308 2352 4362 invi-

781 4418 902 4459 cem
931 4401 1086 4463 facie,
1116 4408 1483 4454 recesserunt.
1512 4396 1624 4452 Hoc
1648 4408 1827 4453 tamen
1858 4398 1941 4453 his
1963 4398 2056 4467 qui
2079 4395 2356 4451 ail'uerunt

779 4492 1175 4554 statuentibus,
1209 4501 1267 4546 ut
1298 4490 1354 4544 in
1385 4499 1649 4545 secretam
1683 4492 1954 4561 porticum
1987 4493 2162 4561 primo
2198 4506 2357 4545 mane

790 4588 1185 4643 conveniretur
1218 4600 1233 4640 :
1260 4599 1369 4654 quo
1392 4598 1515 4638 cum
1542 4585 1699 4654 juxta
1729 4585 1985 4656 placitum
2014 4600 2203 4639 omnes
2228 4599 2360 4639 con-

789 4682 1099 4742 uenissent,
1140 4679 1315 4731 visum
1365 4688 1449 4732 est
1484 4686 1768 4747 utriusque
1798 4694 2101 4733 sermonem
2145 4693 2174 4730 a
2207 4687 2359 4731 nuta-

782 4776 885 4829 viis
914 4772 1108 4842 excipi.

857 4868 916 4920 2.
954 4866 1026 4918 De
1054 4864 1299 4918 heretico
1337 4861 1647 4931 loquendum
1674 4872 1732 4917 ut
1764 4864 1825 4916 de
1848 4862 2052 4932 gentili.
2084 4892 2152 4901 —
2182 4864 2360 4932 Atque

862 5008 880 5039 ‘
916 5003 1051 5059 Edd.
1086 5000 1336 5054 Martian.
1370 5007 1425 5053 et
1470 4997 1701 5052 Vallars.
1748 4999 1954 5053 habent
1987 5018 2001 5054 :
2032 4998 2227 5065 Incipit
2266 4999 2360 5052 Αι-

785 5078 1011 5133 ιετταιὶο
1052 5071 1380 5140 Luciferiam'
1415 5080 1463 5121 et
1497 5067 1815 5133 Orthodoxi,
1860 5087 1889 5122 α
1933 5070 1991 5122 8.
2039 5069 2363 5137 Hieronymo

784 5150 1010 5215 scripta.
1030 5140 1435 5215 Enim—Vetus
1460 5143 1626 5215 codes
1648 5154 1747 5215 ius.
1768 5140 2028 5215 Sorbonm
2046 5152 2365 5204 sequentem

794 5209 989 5289 retinet
1034 5214 1366 5289 epigraphcn
1408 5209 1648 5289 {incipit
1692 5209 1827 5289 Epla
1863 5210 2172 5289 ﬂieronymi
2216 5227 2365 5273 pres—

794 5288 962 5358 ὑψενί
1019 5280 1267 5358 αὰυέψω
1312 5280 1683 5358 Luciferianos
1708 5294 1757 5358 ;-.
1792 5280 1984 5358 deimlfg
2036 5281 2177 5333 hunc:
2234 5296 2368 5333 con.

1058 5372 1070 5407 :
1113 5373 1131 5403 ε
1167 5353 1417 5405 Proxime
1452 5352 1682 5404 accessit
1733 5350 2113 5405 Luciferianus
2149 5353 2370 5405 haeresis

801 5436 1064 5487 sectator,
1110 5437 1232 5476 cum
1282 5420 1464 5486 aliquo
1495 5418 2020 5474 Ecclesiae-alumno
2068 5421 2259 5476 odiosa
2295 5422 2373 5475 lo-

803 5370 1008 5412 textum

802 5498 1078 5565 quacitate
1116 5489 1477 5551 contendens,
1508 5507 1526 5539 ι
1566 5500 1671 5544 etc.
1717 5490 1991 5545 Maurum.

876 5592 894 5621 ’
948 5585 1326 5643 Cluniacensis
1383 5583 1577 5646 t‘odev,
1648 5584 1898 5637 Proa‘ime
1952 5586 2179 5647 accidit,

803 5659 1019 5730 quidam
1055 5656 1278 5722 Luciferi
1312 5664 1540 5707 secmzor
1565 5672 1682 5707 cum
1715 5655 1819 5709 alio
1851 5656 2098 5710 Ecclesia:
2130 5656 2368 5719 alumno,

802 5726 908 5783 etc.
938 5726 1210 5781 Mauram.

876 5799 895 5829 ³
954 5797 1210 5851 Notatum
1274 5795 1694 5862 Lexicographis
1758 5811 1975 5849 nomen.
2047 5796 2363 5851 Theodorus

806 5866 1080 5923 Mastruca
1105 5868 1256 5924 vestis
1275 5868 1446 5925 Surda
1490 5864 1597 5937 [AL
1632 5864 1955 5937 Mastruga].
1992 5868 2318 5922 Prudentius
2348 5886 2359 5921 :

2237 5584 2375 5654 quod

2450 3483 2590 3550 plus,
2639 3483 2841 3551 inquit,
2892 3482 3192 3547 interrogo,
3234 3488 3489 3534 utrumne
3520 3493 3714 3532 omnes
3775 3472 4031 3531 haeretici

2448 3574 2752 3629 Christiani
2798 3573 2948 3627 sint?
2981 3570 3046 3625 L.
3082 3572 3240 3637 dixit,
3284 3568 3456 3637 Quem
3499 3568 3814 3623 liereticum
3870 3566 4032 3620 dixe-

2450 3664 2547 3730 ris,
2595 3662 2968 3719 Christianum
3028 3661 3268 3731 negasti.
3302 3659 3365 3716 0.
3423 3660 3581 3724 dixit,
3627 3662 3827 3715 Omnes
3890 3673 4032 3729 ergo

2449 3758 2691 3813 haeretici
2719 3756 3017 3812 Christiani
3046 3771 3156 3811 non
3186 3754 3361 3810 sunt?
3386 3752 3453 3809 L.
3486 3752 3605 3809 Jam
3638 3753 3899 3824 superius
3928 3767 4031 3806 au-

2451 3850 2602 3907 disti.
2646 3848 2715 3905 0.
2761 3848 2818 3904 Si
2870 3846 3078 3903 Christi
3136 3861 3244 3900 non
3301 3855 3450 3907 sunt,
3510 3847 3708 3901 diaboli
3770 3852 3927 3900 sunt.
3962 3843 4033 3898 L.

2450 3941 2624 3996 Nemo
2658 3941 2897 3997 dubitat.
2931 3939 2995 3993 0.
3026 3936 3083 3991 Si
3125 3948 3308 3994 autem
3339 3937 3542 3992 diaboli
3568 3947 3718 3999 sunt,
3746 3936 3911 4006 172
3946 3937 4034 3989 ni-

2456 4036 2531 4089 hil
2560 4035 2721 4089 refert
2754 4034 2991 4089 haeretici
3022 4032 3157 4099 sint,
3189 4048 3257 4087 an
3295 4033 3543 4101 gentiles.
3578 4031 3642 4086 ι.
3669 4030 3782 4085 Non
3816 4029 4035 4084 refello.

2460 4127 2525 4183 0.
2574 4127 2742 4197 Igitur
2787 4125 2952 4179 fixum
3005 4126 3146 4181 inter
3196 4142 3295 4181 nos
3330 4126 3634 4189 habemus,
3670 4124 3738 4179 de
3773 4123 4036 4179 haeretica

2457 4222 2536 4278 sic
2562 4220 2914 4291 loquendum,
2945 4220 3090 4275 sicut
3112 4221 3179 4275 de
3205 4218 3419 4291 gentili.
3456 4216 3520 4272 L.
3549 4216 3717 4270 Plane
3742 4214 3938 4269 fixum.
3970 4212 4039 4269 0.

2458 4312 2653 4380 Qtnere
2702 4327 2849 4366 nunc
2879 4321 2939 4365 ut
2975 4310 3126 4375 libet,
3171 4310 3433 4381 quoniam
3478 4310 3621 4363 inter
3665 4322 3767 4361 nos
3794 4314 4038 4369 constat,

2461 4409 2743 4462 haereticos
2782 4404 3015 4475 gentiles
3044 4420 3189 4460 esse.
3223 4402 3288 4459 L.
3325 4401 3483 4469 Quod
3517 4398 3875 4468 interrogatio
3909 4413 4037 4452 mea

2395 4544 2435 4597 Β
2468 4515 2663 4569 cogere
2697 4498 2913 4554 volebat
2957 4512 3278 4566 expressum
3306 4505 3412 4557 est,
3446 4496 3730 4549 haereticos
3763 4492 4040 4548 Citrislia-

2467 4608 2566 4647 nos
2616 4607 2725 4647 non
2776 4607 2919 4646 esse.
2963 4590 3119 4644 Nunc
3178 4598 3346 4643 restat
3394 4588 3698 4642 conclusio.
3749 4586 3804 4637 Si
3846 4582 4042 4638 Ariani

2467 4684 2708 4738 haeretici
2755 4692 2899 4745 sunt,
2937 4694 2988 4734 et
3028 4680 3493 4733 hmretici-omnes
3532 4676 3765 4746 gentiles
3800 4686 3957 4734 sunt.
3992 4682 4045 4727 et

2465 4775 2650 4831 Ariani
2679 4776 2907 4845 gentiles
2938 4783 3085 4828 sunt.
3116 4772 3171 4825 Si
3202 4781 3383 4825 autem
3411 4769 3595 4824 Ariani
3624 4769 3857 4838 gentiles
3887 4775 4039 4828 sunt,

2467 4880 2520 4923 ct
2552 4876 2771 4924 constat
2824 4867 3027 4920 nullam
3070 4867 3389 4920 societatem
3442 4862 3697 4918 Ecclesia:
3730 4876 3858 4916 esse
3912 4874 4041 4914 cum

2625 5001 2832 5051 Solvere
2864 4999 3120 5049 Mastrucis
3141 5012 3395 5067 proceres,
3435 4997 3620 5046 vestire
3650 4995 3883 5057 Togatos.

2548 5087 2995 5154 Appositeﬂvero
3055 5084 3110 5138 in
3168 5083 3361 5154 pritnis
3401 5081 3771 5154 Quintilianus
3816 5080 3946 5154 _li_h.r
3984 5093 4041 5140 ll,

2475 5149 2607 5225 cap.-
2634 5149 2719 5207 ’10
2762 5172 2776 5208 t
2811 5149 3183 5223 Marti-agam,
3223 5153 3361 5225 quod
3396 5149 3634 5225 ,Sardum
3679 5159 3779 5209 est,
3808 5150 4039 5225 filudens

2479 5219 2662 5279 Cicero
2694 5239 2758 5278 ex
2783 5219 3047 5277 industria
3084 5224 3240 5276 dixit.
3274 5221 3535 5274 Paulinus
3560 5235 3777 5288 quoque
3808 5219 4043 5272 Macario

2481 5297 2631 5363 inops
2673 5295 2905 5355 habitus.
2945 5305 2992 5347 et
3024 5294 3301 5361 Mastruga
3331 5290 3645 5347 Sardorum.
3676 5316 3749 5328 —-
3780 5288 3911 5363 Mss.
3948 5304 4044 5342 co-

2480 5360 2628 5422 dices
2660 5368 2843 5437 legunt
2880 5360 3247 5437 Mastrugqrn.
3279 5362 3408 5415 [crat
3448 5371 3719 5437 ma~trtica
3755 5360 4047 5437 vestimen-

2479 5450 2590 5491 tum
2619 5455 2682 5491 ex
2711 5430 2966 5502 pellibus.
3001 5430 3116 5491 sive
3144 5436 3319 5487 ferina
3357 5435 3528 5487 vestis
3551 5430 3693 5485 male
3722 5430 3899 5491 olens,
3935 5443 4043 5499 qua

2475 5510 2633 5562 Sardi
2669 5508 2981 5560 utebantur.
3020 5509 3288 5560 Mannax.

2546 5584 2565 5609 ⁸
2606 5579 2659 5630 In
2694 5580 2902 5644 aliquot
2937 5576 3091 5632 libris
3124 5578 3247 5629 dum
3290 5574 3620 5630 audientium
3664 5570 3926 5625 circulum
3971 5569 4047 5621 lu-

2474 5650 2639 5706 mina.
2682 5659 2787 5702 ctc.

2549 5724 2567 5751 ⁸
2614 5719 2776 5771 Vetus
2825 5720 2993 5772 editio
3034 5718 3414 5788 Hieronymum
3470 5718 3648 5788 ipsum
3699 5713 3799 5767 Sub
3846 5713 4049 5788 Ortho-

2473 5789 2597 5843 doxi
2641 5805 2870 5858 persona
2920 5784 3501 5854 loquentem-inducit.
3543 5785 3882 5841 OrthoJorns
3927 5784 4047 5837 llis-

2475 5878 2744 5929 ronysntts,
2774 5875 2887 5928 ego,
2916 5868 3024 5911 etc.
