4212 6442
139 373 236 434 185

1109 365 1385 426 DIAIDG
1401 366 1493 425 US
1530 361 1829 422 CONTRA
1875 356 2472 421 LUCIFERHNQS.

3309 352 3405 417 166

132 491 366 552 Ariauis,
413 486 466 541 id
504 496 614 550 est,
663 498 788 539 cum
829 481 1158 553 gentilibus,
1218 481 1573 534 manifestum
1631 491 1714 534 est
1743 491 1790 544 Α
1820 482 1962 533 niam
1987 478 2261 534 obstinate
2297 489 2467 539 tenes,
2498 475 2657 528 aliam
2688 489 2808 528 esse
2846 475 3108 527 rationem
3142 473 3399 539 epis-rupi,

133 595 367 637 iestram
420 579 732 636 Ecelesiani
773 591 893 645 qum
928 576 996 630 ab
1024 575 1268 638 Arianis.
1302 574 1354 629 id
1387 586 1494 639 est,
1527 591 1553 626 a
1592 589 1723 643 gen-

134 678 339 739 tilibus,
375 677 680 745 episcopos
713 669 966 738 suscipit,
1017 684 1125 723 non
1169 679 1275 722 tam
1311 667 1603 737 cpiscopus
1641 682 1723 720 re‘

133 773 332 837 cipere,
377 783 554 837 quam
585 766 656 820 de
686 763 954 834 Capitolio
989 762 1301 818 sacerdotes
1332 776 1345 814 :
1380 775 1445 814 ac
1486 775 1581 828 per
1620 759 1724 812 boc

133 863 457 918 Antichristi
487 859 670 928 magis
705 872 1003 930 synagoga,
1033 871 1199 928 quam
1240 853 1445 909 Christi
1477 851 1720 906 Ecclesia

133 961 320 1012 debeat
351 952 700 1022 nuncupari.

198 1050 252 1103 5.
287 1046 679 1102 Eucharistia.
712 1072 782 1085 —
817 1039 884 1097 0.
916 1039 1054 1095 Ecce
1094 1038 1317 1108 impleta
1361 1044 1443 1092 est
1483 1034 1724 1105 pmpbe-

133 1148 204 1198 tia
232 1162 247 1198 :
281 1140 514 1196 Paravit
547 1137 939 1199 mibil’oveam,
964 1135 1150 1205 etipse
1181 1131 1374 1186 incidit
1397 1130 1452 1184 in
1487 1144 1624 1184 eam.
1660 1126 1720 1180 L.

131 1238 376 1304 Quonam
411 1235 586 1290 modo
612 1232 638 1286 ἳ
691 1229 762 1287 0.
795 1231 852 1287 Si
881 1227 1108 1293 Ariani,
1170 1235 1229 1282 ut
1273 1223 1448 1288 dicis,
1494 1222 1724 1293 gentiles

132 1342 282 1396 sunt,
312 1340 368 1386 et
396 1329 746 1383 Arianorum
785 1322 1169 1381 conventicula
1219 1330 1396 1375 castra
1435 1326 1565 1375 sunt
1601 1316 1724 1372 dia-

135 1425 259 1487 boli,
308 1421 603 1494 quomodo
641 1421 698 1476 in
744 1418 940 1474 castris
973 1415 1176 1472 diaboli
1217 1415 1548 1483 baptizatum
1583 1409 1726 1464 reei-

133 1520 211 1587 pis
235 1519 256 1571 ?
284 1517 348 1572 L.
381 1515 641 1586 Recipio,
675 1513 772 1571 sed
796 1513 1177 1583 panitentem.
1218 1507 1285 1563 0.
1334 1507 1563 1563 Prorsus
1592 1503 1723 1573 quid

134 1616 299 1671 dicas.
340 1626 455 1665 non
485 1607 779 1677 intelligis.
825 1605 1200 1674 Quisquamne
1231 1601 1487 1671 gentilem
1532 1599 1725 1666 recipit

136 1704 493 1774 plenitatem
518 1702 545 1754 ?
572 1699 628 1754 L.
663 1698 777 1770 Ego
819 1696 1146 1765 simpliciter
1179 1693 1236 1748 in'
1261 1692 1488 1747 exordio
1519 1706 1728 1745 sermo-

135 1800 215 1851 nis
239 1812 436 1852 omnes
472 1793 767 1850 haereticos
792 1791 1025 1861 gentiles
1057 1805 1176 1844 esse
1208 1786 1484 1855 respondi.
1524 1785 1722 1840 Verum

131 1890 255 1960 quia
327 1889 584 1954 captiosa
648 1882 1008 1954 interrogatio
1081 1879 1246 1938 fuit..
1325 1877 1514 1946 prima:
1575 1890 1722 1945 quie-

133 1983 325 2038 stionis
357 1983 460 2036 tibi
500 1981 735 2049 palmam
782 1978 1004 2031 tradens
1032 2013 1048 2038 ,
1100 1971 1260 2044 1'73
1301 1970 1367 2025 ad
1425 1967 1720 2024 secundam

133 2078 347 2130 veniam
409 2077 465 2129 in
499 2089 607 2144 qua
648 2071 736 2127 aio
786 2070 986 2124 laicum
1031 2066 1102 2121 ab
1150 2065 1370 2120 Arianis
1418 2061 1721 2118 venientem

138 2167 300 2236 recipi
332 2165 546 2220 debere
593 2165 951 2231 poenitentem
979 2202 992 2224 ,
1026 2158 1284 2212 clericum
1320 2170 1449 2210 vero
1491 2169 1598 2208 non
1633 2153 1726 2207 de—

135 2261 282 2313 bere.
313 2256 385 2314 0.
416 2255 589 2331 Atqui
613 2255 670 2311 in
701 2255 879 2326 prima
901 2252 1206 2322 quaestione
1229 2263 1392 2320 quam
1419 2246 1724 2302 obtinuisse

135 2370 216 2408 me
248 2353 420 2416 dicis,
459 2351 628 2407 etiam
668 2347 967 2406 secundam
998 2344 1233 2400 obtinui.
1283 2339 1347 2398 L.
1386 2342 1528 2397 Doce
1581 2355 1720 2409 quo-

138 2442 299 2498 modo
345 2440 687 2497 obtinneris.
722 2437 790 2495 0.
850 2434 1040 2492 Nescis
1086 2442 1140 2490 et
1186 2433 1358 2488 laicos
1411 2443 1464 2487 et
1495 2431 1724 2486 clericos

136 2553 302 2592 unum
333 2535 545 2590 habere
571 2533 876 2598 Christum,
907 2544 1010 2584 nec
1034 2527 1197 2582 alium
1233 2525 1538 2595 neopbytis,
1559 2523 1724 2576 alium

135 2628 415 2698 episcopis
464 2639 590 2680 esse
622 2621 838 2678 Deum?
884 2621 1000 2676 Cur
1047 2633 1176 2690 ergo
1205 2632 1312 2672 non
1352 2616 1579 2685 recipiat
1611 2613 1726 2668 cle-

143 2723 312 2784 ricos,
342 2720 444 2789 qui
500 2716 702 2786 recipit
741 2716 910 2770 laicus
966 2709 1340 2784 pmnitentes‘l
1369 2708 1430 2762 L.
1479 2707 1597 2764 Non
1644 2712 1729 2762 est

141 2817 320 2886 ipsum
368 2815 652 2882 lacrymas
681 2808 907 2863 fundere
937 2808 953 2839 ι
982 2821 1079 2876 pro
1103 2804 1344 2875 peccatis
1363 2844 1378 2864 .
1432 2811 1488 2857 et
1529 2815 1727 2868 corpus

135 2916 439 2962 attrectare
468 2901 726 2964 Domini;
773 2915 880 2954 non
932 2908 1014 2953 est
1059 2896 1236 2966 ipsum
1276 2893 1342 2946 ad
1376 2892 1606 2947 fratrum
1633 2907 1726 2960 ge-

137 3014 244 3053 nua
289 2995 570 3069 provolvi,
596 3004 649 3048 ct
678 2994 748 3048 de
778 2989 994 3046 sublimi
1038 2989 1158 3044 loco
1193 2984 1593 3040 Eucharistiam
1628 2981 1730 3034 mi-

137 3093 376 3149 nistrare
409 3091 642 3160 populo.
673 3087 834 3140 Aliud
864 3093 945 3140 est
973 3085 1160 3153 lugere
1184 3083 1327 3149 quod
1360 3078 1548 3142 fueris,
1580 3075 1727 3129 aliud

1828 575 1987 628 aliam
2027 574 2168 634 laici.
2200 573 2264 625 ad
2311 569 2692 637 compendium
2735 567 3176 625 concertatimiis.
3224 567 3404 620 tribuo

1827 667 1967 736 quod
2003 666 2244 734 pustulas
2281 681 2294 716 :
2339 678 2438 716 nec
2464 677 2547 714 me
2584 660 2787 728 pigebit
2823 661 2998 712 locum
3039 668 3088 712 te
3125 659 3357 711 faciente
3382 696 3396 718 ,

1827 774 2046 813 manum
2083 768 2258 812 tecum
2313 769 2626 810 conserere.
2663 751 2886 819 Expone
2917 752 3070 817 milii,
3107 768 3278 818 quare
3307 751 3404 802 lai-

1827 870 1950 911 cum
1983 856 2289 907 venientem
2329 854 2396 907 ab
2428 850 2648 905 Arianis
2676 847 2928 918 recipias,
2960 847 3267 916 episcopum
3295 863 3399 898 non

1833 948 2072 1017 recipias
2101 948 2123 1000 ?
2164 946 2224 1000 L.
2260 947 2483 1016 Recipio
2517 945 2737 1005 laicum,
2775 942 2865 1011 qui
2903 955 3115 995 errasse
3150 955 3207 993 se
3239 939 3406 990 conli—

1828 1053 1972 1099 tetur
2001 1059 2017 1112 ;
2048 1052 2100 1096 cl
2130 1042 2392 1095 Dominus
2423 1041 2626 1094 mavult
2661 1034 3034 1108 pmoitentiam
3067 1033 3400 1102 peccatoris,

1827 1154 1991 1208 quam
2021 1147 2270 1191 mortem.
2309 1135 2376 1191 0.
2414 1137 2613 1204 lteripe
2645 1147 2775 1202 ergo
2817 1142 2870 1186 et
2905 1131 3216 1200 episcopum
3245 1129 3285 1192 ³,
3316 1127 3407 1195 qui

1825 1244 1881 1290 et
1907 1249 2123 1289 errasse
2156 1248 2214 1287 se
2246 1234 2567 1291 conlitctur,
2608 1239 2660 1281 et
2693 1226 2955 1280 Dominus
2994 1223 3198 1278 mavult
3230 1222 3408 1292 [Hnni-

1830 1327 2053 1380 tentiam
2093 1324 2420 1394 peccatoris,
2468 1336 2627 1391 quam
2685 1329 2938 1373 mortem.
2975 1317 3036 1371 L.
3083 1315 3138 1371 Si
3193 1328 3408 1370 errasse

1829 1436 1887 1474 se
1915 1421 2222 1483 comitetur,
2261 1418 2423 1489 17!.
2471 1431 2570 1471 cur
2594 1415 2884 1483 episcopus
2933 1419 3242 1482 perseverat
3267 1409 3290 1462 ?
3318 1410 3409 1461 dc-

1833 1523 1995 1580 ponat
2028 1511 2417 1572 sacerdotium,
2454 1506 2700 1562 concedo
2731 1505 2942 1559 veniam
2990 1502 3305 1572 pmoitcnti.
3339 1498 3407 1554 0.

1835 1604 2196 1673 Respondebo
2233 1603 2326 1654 tibi
2372 1613 2421 1654 et
2469 1617 2568 1670 ego
2601 1596 2950 1652 sermonibus
2981 1596 3106 1648 tuis.
3148 1591 3201 1645 Si
3239 1593 3410 1644 laicus

1830 1711 2047 1751 errasse
2085 1710 2143 1749 se
2174 1695 2485 1754 conﬁtetur,
2521 1690 2800 1760 quomodo
2850 1687 3021 1741 laicus
3051 1693 3359 1754 perseverat
3388 1684 3412 1735 ‘.'

1833 1790 2068 1857 deponat
2093 1787 2462 1840 sacerdotium
2503 1784 2624 1836 laici
2676 1782 2717 1846 ⁸,
2777 1783 2828 1835 in
2869 1790 2986 1845 est,
3024 1779 3313 1847 baptisma,
3357 1784 3410 1827 ct

1831 1894 1931 1945 ego
1982 1881 2050 1930 do
2108 1878 2316 1929 veniam
2377 1873 2688 1945 ροξιιίιειιιί.
2755 1873 3030 1938 Scriptum
3081 1880 3162 1922 est
3210 1868 3403 1917 enim:

1830 1968 2065 2038 Regnum
2105 1985 2306 2037 quoth
2335 1983 2426 2020 nos
2461 1977 2506 2018 et
2539 1965 2838 2018 sacerdotes
2876 1961 2984 2015 Deo
3021 1960 3170 2013 Patri
3200 1973 3294 2009 suo
3334 1956 3408 2021 fe—

1829 2066 1898 2117 cit
1932 2065 1950 2093 ⁵
1973 2065 2151 2133 (Apoc.
2186 2079 2222 2124 l,
2248 2062 2321 2123 6).
2363 2061 2425 2114 Ει
2449 2061 2662 2121 iterum,
2689 2056 2911 2112 Gentem
2943 2062 3203 2115 sanctam,
3234 2049 3410 2118 regale

1828 2154 2201 2214 sacerdotium,
2240 2153 2490 2221 populum
2543 2150 2854 2218 acquisitum
2924 2143 2992 2215 (Ι
3036 2143 3185 2197 Pctr.
3222 2157 3293 2206 tt,
3327 2140 3405 2204 9).

1829 2246 2003 2302 Omne
2043 2245 2188 2316 quod
2241 2258 2351 2296 non
2409 2244 2540 2297 licet
2583 2241 2899 2295 Christiano
2927 2239 2971 2301 ⁸,
3005 2251 3292 2290 commune.
3323 2241 3406 2286 est

1831 2350 1940 2392 tam
1978 2339 2237 2408 episeepo
2285 2352 2446 2406 quam
2495 2334 2661 2388 laico.
2706 2333 2806 2398 Qui
2853 2329 3229 2398 paenitentiam
3262 2328 3406 2394 agit,

1832 2431 2012 2501 priora
2058 2430 2390 2484 condemnat
2449 2425 2560 2498 [ΑΙ.
2616 2420 2976 2496 contemnat].
3029 2421 3084 2475 Si
3137 2436 3240 2474 non
3283 2419 3409 2473 licit

1831 2524 2094 2592 episcopo
2150 2518 2435 2590 pmnitenti
2495 2530 2843 2585 perseverare
2876 2511 3020 2581 quod
3073 2511 3268 2573 fuerat,
3299 2523 3405 2561 non

1834 2615 1954 2669 licet
1990 2623 2042 2668 et
2084 2613 2223 2667 laico
2255 2613 2274 2643 ⁷
2309 2609 2594 2682 pcenitemi
2636 2621 2954 2676 permanere
2992 2604 3044 2657 in
3087 2617 3150 2657 eo
3185 2609 3410 2671 prapter

1832 2709 1974 2780 quod
2011 2709 2394 2779 paenitentiam
2445 2705 2737 2759 conlitetur
2772 2703 2814 2755 ⁸.
2858 2699 2922 2754 ι.
2970 2698 3280 2766 Recipimus
3309 2695 3411 2748 lai-

1829 2816 1951 2869 cos,
1986 2802 2243 2870 quoniam
2293 2813 2455 2854 nemo
2490 2805 2862 2855 convcrtetur,
2912 2793 2955 2847 si
3011 2807 3068 2844 se
3097 2789 3278 2844 scierit
3325 2804 3408 2842 re-

1832 2895 2222 2964 baptizandum
2263 2909 2276 2948 :
2308 2901 2362 2947 et
2394 2894 2467 2945 ita
2499 2891 2608 2956 lict,
2657 2895 2715 2941 ut
2747 2901 2848 2940 nos
2881 2887 3052 2937 simus
3081 2897 3242 2936 causa
3281 2897 3409 2950 pcr-

1833 2988 2065 3046 ditionis
2123 3001 2312 3040 eorum
2371 2985 2416 3039 si
2460 2982 2838 3051 repudientur.
2876 2982 2938 3032 0.
2975 2976 3054 3032 Tu
3089 2977 3140 3030 in
3171 2992 3235 3030 eo
3266 2977 3410 3043 quod

1833 3078 2031 3147 recipis
2071 3077 2296 3139 laicum,
2361 3088 2526 3128 unam
2570 3072 2806 3126 animam
2846 3064 3157 3136 recipiendo
3187 3067 3408 3118 salias:

138 3178 389 3253 neglecto
419 3189 675 3248 peccato,
716 3178 771 3229 in
801 3173 1042 3229 Ecclesia
1067 3171 1250 3225 vivere
1279 3167 1604 3238 gloriosum.
1642 3163 1724 3218 Tu
1754 3185 1798 3243 α
1834 3179 1884 3225 et
1917 3183 2015 3236 ego
2041 3168 2096 3221 in
2139 3161 2457 3233 recipiendo
2483 3160 2802 3231 episcopum
2831 3197 2846 3222 ,
2881 3171 2988 3210 non
3023 3156 3200 3207 dicam
3249 3155 3411 3205 unius

143 3277 234 3346 qui
275 3276 553 3329 hesterno
584 3271 676 3326 die
716 3267 1018 3336 sacrilegus
1047 3270 1359 3318 creaturam
1413 3260 1503 3313 Dei
1530 3257 1727 3312 Filium

141 3369 522 3441 pradicabas;
559 3363 654 3434 qui
696 3360 945 3431 quotidie
1000 3356 1155 3428 pejor
1199 3351 1440 3418 ludatis,
1474 3351 1731 3419 blasphe-

139 3462 372 3516 miarurn
405 3459 623 3527 lapides
650 3455 704 3510 in
731 3453 1013 3508 Christum
1046 3449 1311 3519 jaciebas,
1342 3444 1501 3514 cujus
1535 3457 1729 3497 manus

140 3555 409 3626 sanguine
458 3553 634 3620 plenae
681 3556 851 3610 sunt,
891 3543 1050 3612 cujus
1095 3541 1267 3609 stylus
1299 3539 1486 3593 lancea
1539 3535 1728 3588 militis

143 3623 262 3711 fuit,
294 3644 365 3700 ad
399 3642 573 3697 unius
624 3640 773 3693 born:
804 3633 1225 3690 conversionem
1253 3629 1520 3700 virginem
1549 3623 1731 3679 Eccle-

137 3741 270 3795 siam
295 3736 527 3792 adulter
573 3724 950 3800 ingredieris‘l
986 3722 1044 3777 Si
1075 3733 1336 3791 peccasse
1363 3727 1416 3772 te
1459 3716 1688 3787 pcenitet
1713 3753 1728 3780 ,

140 3830 377 3887 eliciam
411 3824 638 3894 depone
679 3816 985 3874 sacerdotis
1017 3831 1034 3870 :
1069 3813 1118 3869 ai
1169 3819 1225 3868 te
1254 3823 1517 3882 peccasse
1559 3809 1732 3864 conh-

143 3923 244 3982 dis.
279 3931 555 3985 permane
585 3909 736 3980 quod
770 3905 944 3962 fuisti.

205 4015 258 4068 ὁ.
297 4013 364 4068 0.
395 4001 819 4066 Rhetoricaris;
851 4008 908 4053 et
965 4013 998 4052 a
1040 3992 1479 4062 disputationum
1499 3985 1731 4058 spinetis

144 4109 210 4162 ad
259 4117 498 4172 campos
531 4099 719 4153 liberae
751 4089 1168 4147 declamationis
1219 4083 1493 4142 excurris.
1526 4079 1727 4135 Verum

142 4199 349 4256 desine,
376 4168 573 4263 quaeso
594 4227 610 4251 ,
644 4203 675 4239 a
716 4177 1104 4238 communibus
1127 4176 1284 4242 locis,
1326 4182 1381 4229 et
1413 4171 1470 4227 in
1497 4168 1726 4242 gradum

144 4302 361 4344 rursum
395 4261 473 4336 iac
509 4281 689 4334 lineas
739 4272 1072 4346 regredere:
1109 4278 1296 4339 postea
1335 4267 1380 4321 si
1422 4261 1724 4335 placuerit,

144 4377 304 4436 latius
358 4376 728 4430 disseremus.
781 4365 846 4422 L.
894 4365 1052 4420 Nulla
1102 4358 1432 4418 declamatio
1484 4357 1572 4411 liic
1623 4363 1724 4409 est.

143 4474 305 4526 Dolor
354 4467 684 4539 patientiam
713 4466 934 4529 supcrat
953 4473 974 4522 ;
1003 4467 1251 4526 propone
1282 4460 1340 4506 ut
1363 4450 1530 4513 libet,
1569 4461 1729 4516 argu-

1835 3261 2070 3317 civitatis
2097 3257 2350 3326 populos,
2403 3254 2495 3308 sed
2528 3255 2867 3313 universam,
2914 3247 2999 3300 eui
3038 3255 3250 3315 pra-est,
3280 3260 3408 3312 pro-

1830 3353 2067 3407 vinciam
2102 3349 2362 3403 Ecclesia:
2410 3345 2584 3410 socio,
2617 3359 2779 3413 quem
2806 3342 2850 3397 si
2886 3341 3172 3411 repellam,
3203 3339 3408 3393 multos

1831 3461 2015 3502 secum
2059 3445 2110 3497 in
2141 3444 2354 3496 ruinam
2380 3439 2575 3494 trahet.
2610 3437 2975 3504 Quamobrem
3015 3448 3198 3502 qumso
3227 3447 3324 3486 vos
3352 3443 3409 3485 ut

1832 3555 1950 3594 eam
1976 3541 2263 3604 rationem,
2297 3550 2463 3606 quam
2501 3533 2555 3587 ili
2603 3532 2800 3602 paucis
2841 3529 3164 3596 recipiendis
3209 3526 3408 3580 habere

1830 3646 1929 3686 vos
1955 3627 2301 3689 existimatis,
2332 3627 2496 3680 etiam
2541 3625 2607 3678 ad
2635 3622 2800 3676 totius
2846 3620 2996 3675 orbis
3027 3620 3252 3672 salutem
3279 3636 3414 3669 t'ozl-

1830 3723 2058 3780 cedatis.
2093 3721 2246 3786 Quod
2279 3719 2321 3772 si
2374 3715 2646 3785 displicet,
2691 3721 2744 3767 et
2795 3721 2902 3765 tam
2940 3711 3057 3763 duri
3107 3711 3264 3772 estis,
3300 3711 3407 3760 imo

1830 3826 1938 3871 tam
1972 3811 2428 3869 irrationabiliter
2459 3806 2835 3865 inclementes,
2863 3810 2921 3856 ut
2956 3817 3078 3855 eum
3121 3801 3212 3870 qui
3243 3801 3408 3851 tlt'tit."'

1831 3909 1901 3963 rit
1956 3907 2221 3975 baptisma
2290 3903 2501 3956 hostem
2554 3897 2782 3957 Christi,
2836 3910 2960 3948 cum
2988 3893 3080 3961 qui
3135 3892 3410 3962 accvperit

1837 3999 2010 4054 lilium
2073 3999 2305 4064 putetis;
2367 4007 2467 4046 nos
2501 3990 2662 4044 nobis
2705 3987 2934 4041 adversa
2974 3999 3080 4038 non
3123 3982 3405 4039 facimus:

1830 4101 1924 4149 aut
1959 4092 2274 4159 episcopum
2312 4099 2437 4140 cum
2490 4081 2692 4154 populo
2723 4077 3041 4146 recipimus,
3085 4092 3244 4143 quem
3281 4074 3410 4128 facit

1829 4178 2246 4243 Clu-istianum;
2312 4186 2406 4229 aut
2435 4174 2479 4228 si
2541 4173 2855 4242 episcopum
2915 4184 3020 4220 non
3072 4167 3407 4235 recipimus,

1827 4275 2034 4332 scimus
2059 4273 2220 4325 etiam
2259 4268 2415 4324 nobis
2447 4270 2707 4334 populum
2735 4261 3118 4332 rejiciendum.

1902 4368 1951 4422 5.
1992 4366 2283 4437 Episcopus
2332 4362 2722 4415 condimentum
2767 4373 2877 4411 sua:
2921 4354 3190 4408 Eccleriw.
3229 4354 3408 4407 Fletus

1829 4461 2088 4516 Ecclesiw
2134 4474 2227 4525 pro
2260 4453 2653 4526 pwuiteutibus.
2687 4448 2841 4502 Liber
2869 4446 3142 4500 duodecim
3176 4445 3406 4513 l'rnphe-

145 4535 391 4620 meritare
444 4569 508 4612 ut
551 4555 705 4618 libet,
755 4563 1035 4619 nunquam
1088 4542 1444 4616 persuadebis
1493 4540 1548 4595 id
1609 4553 1726 4593 esse

1840 4565 2036 4607 tarum.
2091 4548 2288 4604 Oculus
2350 4545 2607 4599 Ecclesia:
2639 4543 2931 4611 episcopus.
2971 4566 3042 4577 —
3091 4535 3157 4589 L.
3195 4538 3301 4590 Oro
3334 4546 3409 4599 ιο»,

141 4661 501 4730 episcopum,
537 4649 681 4721 quod
747 4645 942 4701 laicum
986 4639 1403 4710 pcenitentem’.
1459 4634 1527 4691 0.
1587 4633 1736 4698 Quo-

214 4779 230 4808 ¹
267 4775 394 4829 Non
425 4782 504 4826 est
535 4772 708 4837 ipsum
752 4766 1014 4837 lacrumas
1032 4759 1284 4837 fundere.
1323 4752 1604 4837 Superﬂue
1637 4752 1727 4806 hic

147 4851 196 4898 in
243 4828 415 4897 editis
458 4828 675 4894 enim
725 4847 776 4890 et
819 4828 1044 4888 Bl'ariani
1103 4828 1346 4882 additum
1401 4833 1482 4878 est
1526 4837 1724 4898 nomen

146 4893 582 4981 ὧῗετῦέξὶξιιῖιοά
614 4923 723 4962 non
791 4905 978 4981 l--g_unt
1029 4897 1361 4981 exemplaria
1395 4893 1725 4981 vetet-mgis

147 4963 600 5053 ibé'ﬁéi'ro'ioco
636 4963 981 5045 apertissime
1020 4963 1407 5053 comprobatur
1438 4965 1568 5018 fides
1608 4963 1726 5044 Ca.-

147 5035 372 5116 tuuli'ca,
406 5035 515 5113 una
547 5035 826 5102 credimus
859 5055 1048 5116 Verum
1083 5035 1286 5091 Christi
1324 5051 1529 5116 corpus
1586 5035 1731 5088 essi-

148 5106 370 5180 stere'iu'
391 5106 759 5180 Eircliaristia,
790 5126 843 5169 et
870 5113 1128 5180 inanibus
1148 5106 1494 5162 sacerdotum
1526 5114 1728 5180 attrec-

150 5176 281 5262 iaiig
310 5176 345 5248 e
411 5191 637 5262 sublimi
668 5176 790 5262 loco
827 5179 1226 5237 Eucharistiam
1264 5190 1480 5262 qupque
1532 5176 1730 5244 pepulo

148 5247 519 5318 ministratam
543 5260 828 5311 discimus.
1314 5247 1587 5300 Mantua.

219 5339 237 5368 ³
269 5334 513 5389 Gravius
559 5331 640 5383 sic
667 5330 765 5394 legi
797 5327 969 5393 jubet,
1014 5319 1068 5373 id
1094 5319 1540 5394 essecpiscopum
1572 5318 1732 5385 εοηβ.

152 5417 367 5469 tentem,
398 5406 541 5472 quod
585 5389 777 5452 laicu‘m
798 5389 1139 5463 'pa'nitentem
1169 5431 1184 5455 ,
1218 5389 1380 5458 idque
1411 5389 1636 5452 reetius,
1675 5399 1731 5442 ut

155 5478 382 5530 videtur.

222 5549 243 5578 ³
279 5550 335 5599 1η
367 5543 549 5597 Veteri
600 5541 752 5601 edit..
790 5536 995 5605 Recipio
1027 5542 1077 5588 et
1106 5539 1200 5605 ego
1231 5530 1552 5605 epitcOpum.

223 5618 246 5648 ⁸
275 5618 436 5671 Certa
473 5612 708 5680 quadam
755 5601 1071 5673 acceptione
1104 5601 1244 5671 plebi
1306 5615 1528 5680 quoque
1577 5613 1731 5651 com-

159 5705 316 5741 mune
369 5671 541 5738 luisse
600 5683 753 5739 ol-m.
814 5671 1006 5745 primis
1071 5685 1264 5741 nempe
1323 5671 1732 5745 Christianismi

161 5741 854 5825 t-'~mp:\ribus.Vsocerdotii
909 5760 1156 5825 pomeri.
1217 5741 1427 5794 erudite
1486 5751 1730 5793 notatum

159 5812 336 5889 es:,ev
377 5829 469 5879 illo
502 5812 682 5877 lrl’ctri
716 5837 776 5883 ll,
802 5823 833 5873 9
864 5837 877 5871 :
906 5817 1179 5889 βασίλξιρν
1209 5827 1533 5889 ιεριτευεια,
1558 5812 1733 5879 regale

174 5885 548 5959 sacerdotium,
587 5893 731 5961 quod
785 5893 964 5944 statim
1026 5885 1340 5948 adducitur;
1385 5897 1506 5934 nam
1553 5894 1730 5935 locum

1842 4659 2021 4700 nonne
2051 4644 2069 4675 '
2099 4640 2274 4710 legisti
2310 4639 2375 4693 de
2398 4635 2667 4706 episcopis
2703 4634 2908 4687 dictum
2943 4647 2954 4683 :
3012 4627 3111 4683 Vos
3157 4629 3280 4682 estis
3325 4629 3411 4681 cal

1834 4760 2094 4814 omiserat
2124 4756 2492 4818 Martiumus,
2532 4751 2676 4820 quod
2709 4750 2763 4804 in
2799 4748 2914 4804 suis
2951 4761 3082 4800 mss.
3117 4760 3226 4798 non
3258 4746 3407 4798 inve-

1835 4840 2068 4952 ηιξςῖξο
2129 4895 2282 4948 Patri
2339 4911 2433 4950 suo
2484 4891 2632 4963 fecit.
2690 4891 2908 4963 Addunt
2943 4888 3252 4963 cilitilibri
3287 4906 3299 4941 :
3341 4886 3412 4940 Et

1834 4973 2040 5026 iterum.
2068 4978 2269 5037 gentem
2309 4961 2544 5037 sanctam
2581 5001 2595 5037 ,
2642 4961 2812 5029 regale
2843 4961 3215 5020 sacerdotium,
3245 4976 3420 5027 popu-

1835 5040 1946 5094 lum
1983 5033 2326 5109 acq'uisitum.
2371 5036 2425 5090 Id
2445 5050 2551 5088 non
2581 5035 2767 5102 legunt
2798 5033 3133 5149 mssa-mum
3166 5045 3406 5084 CoitlccS.

2923 5114 3191 5149 .unrun.

2923 5114 3191 5154 dlARTlAN.

1909 5181 1931 5213 ⁸
1963 5179 2203 5247 Negandi
2237 5175 2555 5245 particulam
2584 5173 2856 5247 expressit
2885 5168 3335 5247 antiquaediiio.

1911 5251 1930 5282 ⁷
1963 5239 2086 5304 Nai:
2141 5239 2260 5301 licet
2296 5256 2345 5299 et
2395 5247 2554 5304 laico.
2588 5239 2694 5296 etc.
2751 5241 2850 5293 Ms.
2895 5239 3252 5298 Sorbouicus,
3307 5255 3410 5290 non

1840 5321 1996 5376 licent
2029 5331 2076 5374 et
2115 5320 2254 5371 laico
2288 5316 2554 5384 pmuitenti
2581 5327 2946 5384 ipermaucre,
3012 5318 3222 5384 propter
3262 5311 3410 5384 quid

1839 5392 2198 5458 pwniteutiam
2228 5379 2531 5454 conﬁtetur.
2563 5383 2939 5458 Cluniacensis
2975 5380 3223 5458 Similiter
3261 5379 3406 5443 legit,

1839 5449 2061 5529 excepto
2101 5461 2274 5516 liceat.
2303 5449 2465 5529 habet
2492 5455 2633 5529 enim
2667 5453 2809 5504 licet.
2947 5520 2956 5529 _
3029 5449 3370 5529 “Maurum.

1914 5534 1934 5565 ⁸
1968 5517 2195 5586 Ϋοείιιειδ
2230 5531 2282 5582 iu
2313 5545 2371 5580 eo
2407 5528 2459 5579 in
2507 5524 2719 5576 duobus
2761 5534 2887 5572 mss.
2927 5517 3228 5572 desiderari
3279 5521 3411 5567 thr-

1842 5608 1976 5660 tian.
2013 5611 2183 5655 uolat.
2212 5599 2442 5653 Gravius
2475 5598 2540 5648 ita
2573 5599 2748 5647 locum
2784 5596 2980 5652 relixtt,
3028 5586 3336 5660 Nounch
3360 5597 3410 5640 ct

1842 5658 1976 5728 loica
2035 5673 2306 5739 pamiteuti
2343 5679 2643 5734 permanere
2701 5662 2836 5728 quod
2869 5669 2982 5712 erat
3009 5697 3024 5721 ,
3078 5658 3167 5727 qui
3203 5668 3416 5722 propter

1842 5746 2199 5813 penitentiam
2235 5752 2534 5804 σοιιμιιυιιιῑ.

1914 5795 1932 5848 έ
1967 5795 2129 5868 Vetus
2188 5795 2345 5874 edit.,
2381 5810 2489 5861 ()ro
2537 5815 2586 5860 te
2625 5803 2834 5858 nomine
2889 5798 3129 5860 Christi,
3195 5809 3298 5849 non
3338 5795 3415 5852 le-

1844 5888 1982 5956 gisti,
2017 5899 2122 5939 etc.
