4218 6448
827 415 926 478 167

1981 423 2043 482 S.
2088 413 2405 479 EUSEEHi
2454 411 2896 473 lllERONYMI

3983 403 4093 469 tos

819 545 996 589 term.
1030 532 1088 587 Si
1122 544 1296 586 autem
1341 534 1422 589 sal
1450 535 1773 606 infamatum
1795 535 1976 606 fuerit,
2016 538 2067 588 in
2095 552 2194 595 quo
2225 531 2357 584 salie
2419 528 2462 586 Α
2494 542 2556 580 ex
2595 529 2834 582 omnium
2870 528 3038 582 corde
3091 528 3330 582 tenebrat
3384 526 3776 582 discutiuntur.
3832 523 3998 593 176
4024 522 4093 575 Et

821 630 951 683 tur?
985 627 1053 679 ad
1085 627 1310 680 nihilum
1357 640 1431 683 est
1466 629 1615 693 utile,
1651 630 1751 684 nisi
1783 641 1840 682 nt
1881 631 2195 699 proficiatur
2227 628 2395 696 foras,

819 731 868 774 et
892 724 1226 776 conculcetur
1254 725 1316 776 ab
1346 723 1644 778 hominibus
1695 725 1910 793 (Matth.
1956 724 2148 792 v,13).
2194 720 2298 775 Sed
2349 730 2398 773 et

824 813 958 868 illud
987 855 1002 878 ,
1058 816 1203 883 quod
1242 831 1336 882 pro
1374 816 1572 886 populo
1601 827 1884 886 peccatore
1927 819 2182 872 sacerdos
2228 817 2394 872 Deum

821 916 1030 972 exoret,
1075 922 1136 961 ac
1176 924 1272 972 pro
1309 907 1594 963 sacerdote
1637 911 1815 964 nullus
1860 912 1932 964 sit
1967 911 2106 964 alius
2135 950 2148 973 ,
2180 912 2270 979 qui
2305 909 2398 962 dc-

821 1014 1075 1068 precetur
1099 999 1286 1071 (Leuit.
1322 998 1421 1071 ts).
1456 1003 1587 1070 Quae
1618 1003 1832 1073 quidem
1862 1004 2396 1074 titioScripturarmu

821 1092 1059 1162 capitula
1103 1094 1155 1149 in
1201 1096 1531 1150 sententiam
1564 1105 1900 1151 concurrunt
1939 1114 2126 1153 unam.
2166 1097 2299 1152 Nam
2340 1109 2399 1151 ut

825 1185 902 1238 sal
956 1200 1174 1240 omnem
1231 1187 1412 1241 cibum
1450 1187 1671 1249 condit,
1709 1203 1808 1243 nec
1838 1197 1921 1242 est
1975 1190 2179 1259 aliquid
2214 1204 2308 1257 per
2340 1205 2398 1244 se

819 1286 932 1331 tam
962 1292 1152 1345 suave,
1181 1279 1325 1348 quod
1377 1278 1579 1347 absque
1630 1278 1788 1348 175
1818 1294 1884 1333 eo
1921 1289 2135 1348 gustum
2173 1280 2398 1333 demul—

819 1380 944 1425 ceat
976 1387 991 1423 :
1018 1371 1090 1425 ita
1125 1371 1311 1425 mundi
1349 1370 1520 1424 totius
1559 1381 1614 1425 et
1642 1372 1876 1439 propria:
1917 1370 2176 1424 Ecclesia:
2203 1371 2397 1423 condi-

824 1476 1072 1517 mentum
1124 1464 1417 1532 episcopus
1452 1471 1568 1526 est,
1615 1461 1710 1531 qui
1743 1463 1787 1516 si
1843 1461 2144 1515 infamatus
2188 1461 2392 1527 fuerit,

816 1555 934 1610 sive
993 1569 1088 1624 per
1121 1555 1464 1622 negationem
1492 1595 1506 1620 ,
1551 1555 1666 1608 sive
1715 1568 1813 1623 per
1849 1553 2124 1616 lneresim,
2155 1554 2270 1607 sive
2304 1567 2399 1621 per

815 1647 1120 1710 libidinem,
1150 1658 1206 1700 et
1235 1656 1292 1700 ut
1322 1647 1491 1701 semel
1512 1645 1710 1708 dicam,
1733 1661 1828 1716 per
1856 1645 2111 1701 universa
2151 1654 2396 1715 peccata,

815 1758 843 1796 a
878 1756 988 1808 quo
1012 1740 1122 1794 alio
1151 1741 1350 1809 poterit
1377 1738 1615 1803 condiri,
1645 1754 1770 1794 cum
1804 1738 1920 1808 ipse
1955 1738 2121 1794 fuerit
2151 1739 2394 1794 onmium

814 1834 1272 1891 condimentum?
1325 1832 1601 1888 Sacerdos
1652 1832 1855 1901 quippe
1909 1846 2007 1901 pro
2053 1831 2189 1884 laico
2237 1828 2397 1884 otIert

2501 639 2725 678 causam
2761 622 2937 677 reddit
2974 640 2987 678 :
3026 622 3205 692 Neque
3235 625 3370 677 enim
3416 622 3631 675 lucerna
3673 621 3985 674 accenditur
4036 625 4092 670 et

2500 719 2716 786 ponitur
2748 718 2925 770 subter
2973 716 3236 781 modium,
3268 719 3359 770 sed
3390 731 3545 784 super
3572 714 3979 776 candelabrum,
4026 719 4092 763 ut

2501 809 2673 863 luceat
2728 809 2968 864 omnibus
3015 810 3106 879 qui
3151 809 3204 860 in
3236 809 3392 862 domo
3445 818 3568 862 sunt
3607 806 3825 875 (ﬂatth.
3871 822 3927 870 ν,
3967 805 4087 873 15).

2502 903 2616 956 Hoc
2643 917 2748 965 esu,
2792 902 2915 956 ideo
2951 902 3096 957 Deus
3161 902 3404 955 scientia
3452 916 3565 956 sua:
3616 899 3640 932 δ
3669 901 3978 970 igniculum
4030 901 4087 952 in

2501 999 2759 1067 episcopo
2791 997 3098 1058 succendit,
3134 1004 3325 1050 utnon
3357 994 3460 1050 sibi
3489 1004 3698 1048 tantum
3746 995 3956 1056 luceat,
3987 992 4085 1046 Sed

2501 1090 2753 1146 omnibus
2793 1089 2984 1158 prosit.
3008 1089 3075 1144 Et
3106 1091 3156 1143 in
3191 1087 3542 1157 consequenti
3576 1086 3697 1152 :Si,
3719 1086 3924 1154 inquit,
3956 1101 4090 1138 ocu-

2501 1186 2581 1237 lus
2617 1197 2735 1236 tuus
2766 1198 2989 1253 nequam
3021 1183 3200 1252 fuerit,
3229 1197 3380 1235 omne
3399 1195 3587 1248 corpus
3613 1178 3951 1233 tenebrosus
3978 1186 4084 1230 est.

2502 1282 2561 1337 Si
2592 1290 2767 1333 autem
2805 1279 2980 1332 lumen
3007 1278 3147 1348 quod
3183 1279 3239 1330 in
3299 1288 3346 1330 te
3381 1287 3482 1341 est,
3517 1275 3744 1329 tenebrcc
3771 1284 3936 1339 sunt;
3975 1273 4086 1338 ipse

2501 1373 2726 1428 tenebrw
2767 1382 2981 1444 quanta:
3035 1380 3190 1425 erunt
3237 1370 3457 1442 (Matth.
3493 1385 3570 1432 vr,
3616 1368 3710 1434 25)
3739 1367 3754 1420 Σ
3788 1365 3857 1419 Et
3906 1377 4083 1419 recte.

2499 1465 2634 1521 Nam
2665 1482 2790 1521 cum
2834 1466 2955 1521 ideo
2985 1464 3278 1536 episcopus
3300 1465 3354 1518 in
3395 1463 3642 1520 Ecclesia
3677 1459 4083 1519 constituatur,

2502 1567 2561 1611 ut
2591 1557 2848 1625 populum
2882 1564 3136 1610 coerceat
3177 1556 3246 1610 ab
3273 1569 3482 1617 errore.
3505 1558 3748 1623 quantus
3787 1551 3895 1606 erit
3922 1563 4087 1603 error

2499 1653 2554 1704 in
2583 1649 2784 1720 populo
2808 1689 2824 1714 ,
2854 1664 2978 1708 cum
3016 1659 3163 1702 errat
3192 1647 3310 1716 ipse
3347 1647 3438 1716 qui
3471 1645 3629 1701 docet
3673 1645 3783 1720 [AL
3814 1641 4080 1715 doceat]!

2501 1741 2788 1811 Quomodo
2822 1750 3005 1810 potest
3033 1748 3255 1811 peccata
3283 1739 3580 1805 dimittere,
3612 1739 3706 1807 qui
3733 1738 3850 1807 ipse
3879 1750 4084 1806 pecca-

2503 1845 2588 1890 tor
2647 1843 2731 1890 est
2783 1832 2808 1886 ?
2855 1833 3133 1903 quomodo
3185 1839 3438 1886 sanctum
3490 1830 3794 1901 sacrilegus
3863 1826 4089 1883 faciet?

816 1927 1152 1981 oblationem
1188 1931 1394 1986 suam,’
1421 1923 1649 1993 imponit
1687 1938 1910 1977 manum
1951 1923 2221 1990 subjecto,
2254 1921 2395 1975 redi.
2428 1901 2471 1956 Β
2503 1926 2657 1982 Unde
2681 1925 2747 1981 ad
2780 1901 3078 1980 mevlumen
3119 1924 3362 1988 introiet,
3391 1938 3513 1977 cum
3546 1923 3739 1977 oculus
3784 1935 3947 1976 meus
3976 1935 4086 1974 ca-

818 2028 932 2072 tum
991 2016 1165 2071 sancti
1223 2016 1462 2085 Spiritus
1500 2016 1753 2080 invocat,
1787 2024 1952 2085 atque
2002 2016 2074 2069 ita
2115 2029 2265 2077 eum,
2303 2013 2396 2083 qui

818 2111 1057 2165 traditus
1097 2107 1277 2163 fuerat
1309 2109 1527 2163 Satanae
1563 2109 1615 2161 in
1652 2111 1932 2164 interitum
1965 2108 2170 2174 carnis,
2201 2119 2259 2162 ut
2286 2109 2398 2178 spi-

816 2201 954 2252 ritus
1008 2196 1194 2251 salvus
1248 2197 1399 2250 ﬁeret
1427 2238 1440 2261 ,
1474 2196 1677 2252 indicta
1715 2198 1768 2251 in
1821 2197 2079 2267 populum
2108 2197 2356 2253 oratione
2379 2236 2394 2262 ,

819 2291 1017 2344 altario
1083 2289 1447 2356 reconciliat,
1507 2303 1610 2343 nec
1660 2289 1811 2358 prius
1861 2305 2028 2343 unum
2087 2290 2394 2344 membrum

820 2383 1060 2436 restituit
1092 2381 1336 2444 sanitati,
1367 2396 1532 2450 quam
1565 2380 1746 2434 omnia
1775 2380 1935 2434 simul
1972 2381 2214 2435 membra
2265 2397 2398 2436 con-

817 2474 1063 2528 ﬂeveriut
1104 2471 1144 2526 ⁸.
1186 2471 1370 2526 Facile
1402 2472 1603 2540 quippe
1654 2472 1882 2542 ignoscit
1922 2473 2030 2527 lilio
2061 2485 2234 2542 pater,
2271 2491 2394 2529 cum

819 2577 991 2619 mater
1031 2580 1128 2631 pro
1172 2564 1474 2618 visceribus
1507 2565 1622 2618 suis
1666 2565 2010 2634 deprecatur.
2049 2566 2104 2620 Si
2131 2583 2260 2637 ergo
2291 2569 2398 2623 hoc

815 2673 977 2726 quem
1038 2657 1276 2712 diximus
1323 2659 1492 2727 gradu
1546 2657 1719 2710 laicus
1764 2661 2033 2726 pamitcns
2088 2662 2398 2717 restituitur

819 2750 1105 2813 Ecclesiae,
1139 2748 1324 2817 ibique
1360 2749 1607 2818 sequitur
1636 2752 1812 2813 venia,
1845 2750 1935 2804 ubi
1963 2751 2141 2805 luctus
2166 2769 2396 2822 praeces-

815 2849 963 2897 serat
1003 2859 1016 2895 :
1052 2840 1404 2896 manifestum
1459 2850 1563 2905 cst,
1597 2843 1938 2896 sacerdotem
1977 2845 2042 2896 de
2090 2847 2256 2913 grafu
2294 2862 2393 2901 suo

815 2944 1021 2988 motum
1067 2935 1086 2964 '
1108 2974 1122 2999 ,
1155 2934 1209 2987 in
1251 2934 1504 2989 eumdem
1566 2935 1743 2989 locum
1800 2949 1906 2988 non
1941 2949 2103 3004 posse
2135 2937 2346 2990 restitui
2376 2976 2391 3002 ,

813 3028 941 3097 quia
968 3037 1062 3081 aut
1094 3027 1365 3095 paenitens
1389 3027 1699 3081 sacerdotio
1722 3027 1953 3092 carebit,
1982 3038 2076 3083 aut
2104 3031 2157 3082 in
2189 3031 2396 3085 honore

815 3117 1137 3187 persistens,
1181 3114 1367 3170 reduci
1425 3118 1478 3170 in
1526 3116 1822 3172 Ecclesiam
1891 3135 2003 3175 non
2043 3123 2240 3191 poterit
2299 3136 2395 3192 per

2499 2035 2598 2076 cus
2626 2019 2735 2074 sit?
2758 2017 2903 2073 Proh
2939 2015 3136 2073 dolori
3173 2013 3504 2071 Antichristi
3547 2013 3854 2084 discipulus
3891 2011 4086 2067 Eccle-

2500 2113 2639 2168 siam
2669 2111 2875 2166 Christi
2911 2109 3203 2177 gubernat.
3247 2109 3316 2163 Et
3374 2108 3465 2163 ubi
3503 2116 3586 2163 est
3622 2107 3750 2161 illud
3785 2125 3800 2161 :
3837 2106 3965 2160 Non
3992 2122 4088 2171 po-

2501 2205 2647 2260 testis
2667 2204 2867 2258 duobus
2885 2203 3118 2258 dominis
3139 2201 3330 2257 servire
3356 2200 3404 2272 (1
3414 2201 3525 2256 bid.
3546 2200 3682 2271 24)?
3709 2198 3814 2254 Sed
3837 2212 3897 2254 et
3923 2198 4084 2263 illud,

2500 2299 2631 2364 Qua:
2662 2297 3070 2352 communicatio
3097 2297 3203 2352 luci
3243 2293 3312 2349 ad
3349 2294 3590 2348 tenebras
3623 2295 3647 2346 .’
3675 2293 3764 2363 qui
3791 2307 4084 2345 consensus

2499 2388 2793 2446 Christoad
2813 2385 2988 2441 Belial
3007 2385 3091 2457 (II
3108 2384 3233 2442 Cor.
3261 2386 3449 2448 v1.14.
3478 2385 3567 2453 15)
3590 2384 3614 2436 τ
3634 2383 3895 2450 Legimus
3912 2382 3968 2436 in
3989 2399 4084 2434 ve-

2499 2482 2600 2536 teri
2647 2479 3001 2535 Testamento
3059 2476 3250 2547 (Leuit.
3305 2494 3417 2541 nx,
3457 2493 3548 2540 xx,
3592 2475 3728 2544 ut)
3762 2493 3776 2527 :
3818 2473 3999 2528 Homo
4028 2474 4083 2526 in

2498 2589 2598 2641 quo
2657 2573 2816 2641 fuerit
2881 2571 3097 2625 macula
3125 2581 3186 2638 ,et
3238 2570 3446 2634 uitium,
3485 2586 3587 2621 non
3625 2568 3840 2622 accedat
3883 2566 4083 2634 olferre

2497 2667 2640 2720 dona
2678 2665 2922 2718 Domino.
2957 2664 3024 2718 Et
3051 2679 3272 2718 rursum
3300 2680 3314 2716 :
3342 2661 3649 2717 Sacerdotes
3684 2661 3773 2728 qui
3817 2659 4080 2713 accedunt

2498 2757 2567 2810 ad
2605 2757 2890 2809 Dominum
2927 2755 3114 2815 Deam.
3145 2763 3205 2808 ut
3254 2753 3589 2821 sacrificent,
3632 2752 3814 2806 mundi
3845 2753 3985 2815 sint,
4017 2766 4082 2802 ne

2498 2850 2634 2919 forte
2667 2849 2997 2917 derelinquat
3059 2863 3145 2901 eos
3184 2845 3464 2900 Dominus.
3513 2846 3581 2899 Et
3629 2845 3682 2899 in
3722 2844 3915 2899 eodem
3955 2860 3972 2898 :
4011 2841 4081 2895 Et

2495 2958 2614 2995 cum
2643 2939 2896 2994 accedunt
2932 2940 3241 2992 ministrare
3269 2948 3476 3002 sancta,
3508 2955 3610 2991 non
3634 2937 3902 2990 adducant
3932 2935 3992 2989 in
4027 2949 4084 2988 se

2497 3033 2773 3096 delictum,
2816 3048 2878 3085 ne
2908 3031 3230 3084 moriantur.
3260 3031 3328 3084 Et
3360 3030 3528 3083 multa
3562 3028 3666 3083 alia
3690 3069 3706 3093 ,
3730 3043 3854 3094 qua
3893 3042 4087 3096 perse-

2498 3126 2592 3196 qui
2618 3126 2889 3179 iulinitum
2925 3134 3030 3186 est,
3064 3123 3247 3176 studio
3279 3122 3395 3195 [ΑΙ.
3427 3121 3522 3177 sed
3551 3118 3756 3192 studio]
3789 3119 4082 3174 brevitatis

814 3210 1062 3263 ordinem
1095 3210 1434 3279 paenitentis.
1471 3207 1551 3263 Tu
1601 3211 1730 3264 mihi
1767 3223 1910 3269 nunc
1945 3214 2213 3270 inlaluato
2240 3219 2354 3270 sale
2377 3255 2392 3280 ,
2423 3237 2464 3296 ο
2499 3219 2711 3273 omitto.
2745 3216 2930 3285 Neque
2957 3215 3103 3268 enim
3156 3229 3418 3269 numerus
3446 3213 3886 3269 testimoniorum
3917 3249 3936 3277 ,
3980 3211 4080 3265 sed

817 3300 1077 3353 Ecclesiae
1115 3314 1367 3367 saporem
1421 3302 1802 3366 coutaminas;
1859 3315 1914 3358 tu
1957 3322 2080 3359 eum
2119 3309 2209 3373 qui
2268 3324 2394 3376 pro-

808 3392 983 3461 jectus
1034 3391 1196 3456 foras,
1231 3390 1415 3458 jacere
1467 3391 1693 3446 deberet
1742 3393 1796 3446 in
1828 3404 2091 3461 stercore,
2122 3413 2151 3451 a
2182 3400 2393 3453 cunctis

817 3484 1125 3538 hominibus
1160 3485 1586 3549 conculcandus,
1637 3501 1804 3555 super
1837 3488 2090 3543 altarium
2124 3492 2346 3558 reponis
2374 3494 2388 3546 l

818 3575 882 3628 Et
938 3576 1029 3628 ubi
1073 3561 1175 3628 erii
1235 3575 1365 3628 illud
1425 3576 1672 3644 Apostoli
1733 3589 2115 3648 praeceptum:
2176 3583 2393 3648 Oportet

815 3669 1112 3736 episcopum
1157 3683 1269 3719 esse
1316 3668 1429 3729 sine
1464 3668 1724 3730 crimine,
1767 3673 1924 3738 quasi
1975 3673 2394 3739 dispensatorem

822 3759 916 3809 Dei
949 3757 1073 3824 (Tit.
1105 3772 1144 3820 ι,
1187 3757 1265 3824 7).
1304 3755 1367 3810 Et
1403 3759 1597 3811 iterum
1635 3775 1649 3812 :
1693 3759 1890 3813 Probet
1921 3775 2095 3816 autem
2128 3782 2181 3818 se
2229 3783 2396 3819 unus-

815 3853 1034 3919 quisque
1055 3861 1103 3903 et
1130 3851 1206 3904 sic
1238 3849 1456 3904 accedat
1481 3850 1531 3919 (Ι
1559 3851 1686 3907 Cor.
1709 3871 1781 3910 at.
1815 3854 1950 3922 28)?
1979 3855 2077 3910 Ubi
2117 3857 2392 3914 Doniinica

816 3939 1156 3992 denuntiatio
1186 3948 1270 3993 est
1321 3956 1335 3993 :
1393 3939 1471 3994 Ne
1506 3942 1760 3995 miseritis
1821 3947 2140 4013 margaritas
2191 3958 2394 4002 vestras

819 4030 928 4103 [ΔΙ.
961 4031 1264 4083 miserimus
1317 4040 1373 4086 et
1404 4030 1643 4101 nostras]
1677 4044 1797 4087 ante
1827 4051 2014 4102 porcos
2047 4039 2262 4105 (Matth.
2298 4055 2395 4106 vn,

815 4122 912 4190 6)?
948 4121 1101 4185 Quod
1135 4122 1179 4176 si
1214 4121 1282 4176 de
1325 4124 1581 4179 omnibus
1615 4126 1946 4195 generaliter
1973 4129 2180 4183 dictum
2227 4131 2394 4186 intel-

816 4217 960 4284 ligis,
987 4224 1194 4281 quanto
1233 4216 1405 4284 magis
1456 4215 1523 4269 de
1568 4219 1943 4273 sacerdotibus
1979 4223 2394 4289 praecavendum

817 4316 925 4369 est,
953 4321 1072 4359 cum
1108 4307 1270 4359 etiam
1305 4310 1370 4360 de
1400 4305 1552 4361 laicis
1579 4309 1658 4361 sic
1692 4321 1918 4363 cavetur
1946 4311 2055 4382 (ΑΙ.
2087 4313 2390 4383 habeatur)!

817 4398 1172 4466 Separamini,
1218 4400 1395 4467 inquit
1437 4399 1701 4455 Dominus
1727 4417 1823 4470 per
1859 4402 2119 4474 Moysem,
2162 4423 2194 4460 ο
2222 4408 2397 4460 taber-

818 4490 1021 4543 naculis
1055 4490 1278 4543 istorum
1340 4490 1609 4544 hominum
1649 4492 2092 4560 durissimarum,
2143 4507 2192 4551 et
2236 4499 2394 4551 nolite

2498 3312 2799 3365 auctoritas
2845 3310 3010 3364 valet.
3064 3307 3141 3362 Ex
3202 3307 3404 3376 quibus
3449 3305 3778 3368 ostenditur,
3812 3319 3917 3358 vos
3983 3318 4083 3373 per

2499 3405 2772 3459 modicum
2803 3402 3131 3455 fermentum
3172 3409 3342 3453 totam
3393 3397 3655 3453 Ecclesia:
3683 3411 3923 3450 massam
3953 3410 4082 3451 cor-

2499 3497 2733 3567 rupisse,
2765 3503 2818 3548 et
2849 3495 2916 3549 de
2956 3493 3080 3562 ejus
3111 3507 3275 3545 manu
3313 3490 3474 3544 hodie
3500 3487 3900 3544 Eucharistiam
3929 3488 4083 3542 acci-

2498 3603 2647 3661 pere.
2675 3601 2836 3657 quem
2875 3588 2986 3638 beri
3023 3583 3179 3654 quasi
3212 3582 3414 3638 idolum
3437 3580 3788 3650 despuehatis
3817 3580 3858 3634 '.

2569 3679 2621 3732 6.
2656 3677 2993 3743 Sacri/icium
3037 3676 3091 3727 in
3130 3671 3396 3728 Ecclesia.
3425 3669 3672 3726 Christus
3712 3671 3936 3726 lauacro
3981 3686 4081 3725 suo

2498 3770 2771 3823 mundarit
2797 3784 2982 3837 aquas.
3008 3797 3078 3806 —
3103 3765 3171 3821 Ο.
3201 3765 3372 3820 Multa
3405 3764 3623 3834 quidem
3649 3763 3718 3818 de
3761 3762 3939 3818 sacris
3968 3761 4082 3816 Vo-

2498 3862 2798 3916 luminibus
2833 3856 3150 3913 memoriter
3179 3855 3510 3924 copioseque
3549 3852 3732 3907 dixisti
3762 3868 3778 3906 :
3808 3852 3904 3906 sed
3949 3866 4081 3906 cum

2499 3965 2670 4008 totum
2715 3952 3058 4006 circumieris
3099 3949 3330 4012 saltum,
3362 3946 3503 4001 meis
3536 3945 3791 4000 cassibus
3847 3945 4083 3999 conclu-

2497 4048 2643 4102 deris
2674 4043 2825 4117 [mss.
2882 4040 3122 4098 cluderis
3172 4039 3252 4096 vel
3282 4036 3615 4110 clauderis].
3641 4037 3723 4093 Sit
3760 4038 3988 4107 quippe,
4021 4046 4082 4090 ut

2499 4139 2601 4203 vis,
2643 4139 2972 4191 Arianorum
3014 4135 3310 4204 episcopus
3362 4131 3538 4186 hostia
3579 4128 3804 4193 Christi,
3833 4130 3906 4184 sit
3939 4129 4082 4182 infa-

2499 4239 2709 4286 tuatum
2729 4231 2833 4295 sal,
2856 4230 2928 4286 sit
2947 4230 3171 4284 lucerna
3193 4226 3314 4283 sine
3335 4224 3600 4295 igniculo,
3630 4223 3704 4278 sit
3729 4221 3928 4279 oculus
3956 4222 4084 4277 sine

2500 4325 2701 4394 pupilla
2741 4341 2756 4376 :
2796 4337 2988 4392 nempe
3019 4335 3086 4376 eo
3114 4318 3420 4390 pervenies,
3453 4326 3517 4371 ut
3539 4316 3706 4370 salire
3733 4330 3842 4370 non
3881 4315 4082 4384 possit,

2501 4417 2591 4487 qui
2624 4416 2700 4471 sal
2735 4416 2850 4485 ipse
2878 4429 2986 4468 non
3025 4412 3226 4467 habeat
3245 4426 3261 4477 ;
3290 4425 3400 4465 non
3432 4408 3698 4463 illuminet
3727 4421 3931 4474 aecus,
3969 4422 4080 4461 non

2504 4510 2764 4561 accendat
2797 4507 3129 4560 exstinctus.
3163 4502 3246 4557 Tu
3301 4513 3482 4557 autem
3529 4516 3652 4556 cum
3683 4500 3970 4555 conditum
4014 4501 4080 4553 ab

817 4583 961 4651 “"95
987 4580 1051 4634 ab
1088 4582 1331 4634 omnm“
1359 4582 1380 4612 ⁸
1401 4597 1516 4650 (ἵνα)
1541 4592 1663 4635 "m‘
1687 4599 1887 4645 εοναηιι
1909 4601 1970 4637 ⁷³⁸
1989 4585 2385 4654 δίἠυιρενεαιὶε
2423 4570 2465 4624 D
2502 4615 2565 4653 eo
2592 4599 2771 4651 cibum
2804 4598 3051 4662 devores,
3077 4612 3177 4649 cur
3203 4594 3473 4650 insulsum
3500 4593 3684 4663 arguis
3709 4593 4084 4646 conditorem?

818 4675 872 4725 in
902 4685 1111 4740 peccato
1168 4689 1345 4725 eorum
1398 4673 1580 4743 (Num.
1617 4691 1702 4727 tm
1732 4715 1746 4739 ,
1783 4674 1851 4728 26
1882 4678 1919 4744 ).
1985 4675 2047 4730 Et
2082 4693 2296 4732 rursum
2336 4681 2391 4734 in

817 4764 1102 4820 duodecim
1161 4762 1503 4832 Propbctis:
1559 4764 1834 4835 Sacriﬁcia
1897 4785 2074 4821 eorum
2131 4782 2387 4837 tanquam

816 4857 969 4924 panis
1000 4854 1206 4919 luctus;
1258 4873 1432 4910 omnes
1465 4858 1554 4927 qai
1587 4859 1907 4912 manducant
1949 4877 2027 4925 ea,
2057 4867 2391 4916 contamina-

818 4953 1013 5004 buntur
1060 4948 1212 5019 (Osee
1247 4967 1322 5016 is,
1379 4950 1457 5014 Α).
1523 4949 1588 5004 ΕΙ.
1628 4953 1680 5004 in
1738 4951 2028 5022 Et‘angclio
2079 4954 2388 5012 Dominus:

819 5042 1078 5106 Lucerna,
1107 5042 1304 5111 inquit,
1336 5044 1572 5107 corporis
1604 5052 1680 5098 est
1717 5048 1920 5112 oculus,
1954 5049 2004 5100 id
2044 5057 2128 5102 est
2154 5088 2169 5111 ,
2200 5049 2389 5103 Eccle-

817 5134 912 5187 sie
973 5136 1150 5185 lumen
1205 5143 1291 5186 est
1344 5135 1654 5201 episcopus.
1702 5132 1761 5188 Si
1809 5147 1986 5189 autem
2031 5139 2216 5190 oculus
2266 5150 2388 5194 tuus

816 5224 1042 5290 simplex
1071 5230 1169 5283 est,
1193 5231 1360 5274 totum
1395 5238 1580 5291 corpus
1605 5230 1752 5276 tuum
1785 5225 2015 5279 lucidum
2038 5229 2136 5281 erit
2163 5229 2387 5297 (Matth.

823 5332 893 5380 ri,
930 5314 1046 5382 22).
1080 5314 1377 5368 Sacerdote
1426 5317 1574 5369 enim
1609 5303 1775 5371 tidem
1805 5333 1987 5372 veram
2026 5324 2390 5394 prmdicaute,

886 5427 900 5457 ι
930 5426 1051 5501 alio
1083 5440 1264 5501 sensu
1321 5441 1418 5501 uec
1454 5427 1671 5494 penitus
1723 5428 1896 5481 inutili
1932 5472 1947 5493 ,
1980 5441 2137 5485 vetus
2171 5435 2340 5488 editio
2372 5477 2387 5501 ,

812 5497 1138 5565 conﬂauerit,
1169 5506 1221 5548 et
1253 5496 1414 5564 paulo
1448 5508 1609 5566 post,
1652 5503 1989 5566 consequitur
2018 5507 2242 5571 ueniant,
2277 5496 2384 5573 ubi,

811 5577 918 5620 CIC.

885 5639 904 5666 ³
940 5634 1160 5756 Αιὺειμιθ
1202 5637 1266 5688 de
1316 5636 1418 5706 legi
1457 5638 1509 5690 in
1566 5640 1797 5694 vetustis
1845 5641 2121 5697 codicibus
2153 5645 2390 5704 Gravius

885 5721 971 5756 me
1001 5745 1014 5756 .

813 5720 1014 5759 mouet.

885 5776 904 5805 ⁸
939 5774 1174 5827 Gravius
1208 5777 1399 5848 (activa
1449 5775 1622 5829 forma
1678 5781 1879 5834 mavult
1934 5792 2146 5848 tangere
2184 5805 2200 5841 :
2234 5799 2384 5843 textu

823 5855 1076 5915 utroque,
1116 5846 1314 5901 nedum
1359 5846 1552 5903 Latino
1591 5848 1905 5920 interprete,
1940 5843 2349 5915 consentiente.

2499 4688 2574 4742 De
2613 4688 2852 4756 igniculo
2911 4687 3033 4754 ejus
3069 4685 3312 4740 Ecclesia
3356 4693 3449 4738 tua
3485 4684 3655 4748 lucet,
3701 4692 3754 4736 et
3793 4684 4080 4736 lucernam

2497 4781 2616 4850 ejus
2653 4778 2809 4848 177
2842 4777 3152 4831 criminaris
3181 4773 3554 4830 exstinctam?
3583 4773 3784 4829 Oculos
3820 4774 3916 4826 tibi
3943 4791 4082 4842 prre-

2498 4875 2609 4938 bet,
2633 4883 2685 4926 et
2715 4885 2895 4925 caecus
2927 4868 3024 4922 es?
3071 4868 3435 4934 Quamobrem
3465 4881 3562 4920 oro
3591 4877 3664 4929 te,
3686 4876 3745 4920 ut
3772 4876 3868 4920 aut
3900 4869 4081 4920 sacri-

2499 4965 2694 5018 ﬁcandi
2717 4964 2765 5017 ei
2791 4961 3071 5015 licentiam
3103 4958 3336 5021 tribuas.
3360 4956 3520 5026 cujus
3550 4957 3819 5027 baptisma
3839 4957 4078 5026 probas:

2499 5067 2592 5111 aut
2653 5057 2913 5124 reprobes
2947 5054 3069 5120 ejus
3101 5051 3362 5120 baptisma
3392 5091 3407 5115 ,
3439 5065 3601 5119 quem
3634 5057 3771 5103 non"
3789 5050 4080 5103 existimas

2499 5151 2865 5204 sacerdotem.
2919 5144 3108 5216 Neque
3160 5143 3306 5197 enim
3365 5142 3480 5196 ﬁeri
3532 5151 3732 5212 potest,
3763 5151 3822 5195 ut
3874 5143 3974 5210 qui
4027 5144 4080 5196 in

2498 5241 2822 5309 baptismate
2864 5239 2884 5268 ⁸
2911 5251 3137 5292 sanctus
3173 5244 3279 5303 est,
3307 5234 3378 5290 sit
3410 5236 3550 5304 apud
3591 5235 3763 5291 altare
3798 5246 4076 5305 peccator.

2499 5331 2562 5386 L.
2595 5331 2698 5385 Sed
2740 5345 2838 5400 ego
2873 5329 3078 5398 recipio
3111 5328 3308 5382 laicum
3343 5327 3698 5397 paenitentiam
3737 5342 3830 5396 per
3873 5343 4077 5382 manus

2569 5444 2590 5473 δ
2621 5443 2676 5494 1η
2737 5442 2904 5494 veteri
2956 5439 3066 5492 edit
3101 5454 3116 5491 ε
3155 5438 3260 5504 Qui
3296 5440 3350 5493 in
3385 5442 3538 5492 domo
3577 5449 3718 5493 sunt.
3777 5438 4074 5493 Lucernam

2497 5515 2636 5567 enim
2666 5519 2757 5564 hoc
2785 5524 2885 5575 est,
2925 5511 3058 5563 Deus
3091 5512 3459 5580 scientia‘sua‘
3485 5511 3792 5580 igniculum,
3821 5518 3931 5564 etc.

2571 5585 2590 5614 δ
2613 5582 2881 5634 Victorius
2917 5584 3126 5642 maluit,
3153 5580 3307 5645 juxta
3330 5579 3619 5634 Brixianos
3646 5582 3882 5646 codices,
3908 5582 4075 5645 Quasi

2501 5653 2847 5707 idololatrant
2875 5653 3221 5718 respuebatis.

2573 5727 2592 5755 ⁶
2625 5726 2773 5802 Alias
2804 5735 2923 5777 erat
2957 5727 3010 5774 in
3043 5721 3372 5788 baptisteria,
3397 5720 3539 5791 quod
3576 5721 3878 5790 elegantius
3911 5719 4072 5775 altari

2501 5805 2811 5865 opponitur.
