4218 6452
693 401 790 466 ιη

1859 391 1924 453 S.
1966 389 2275 452 EUSEBlI
2314 389 2608 449 HlERON
2625 388 2754 449 ΥΜῘ

3849 376 3954 441 17!

688 525 912 589 peccata
939 513 1311 568 dimittuntur.
1340 507 1448 562 Ant
1490 506 1532 562 si
1586 508 1929 562 contentiosa
1960 521 2249 575 argumen-
2284 514 2326 565 Α
2359 506 2575 558 ditionis
2628 505 3012 558 anctoritas.—
3057 499 3120 553 L.
3175 498 3277 566 Qui
3326 498 3660 554 dormientes
3725 495 3950 555 sitiunt,

694 613 850 676 taris,
904 610 1026 664 ideo
1066 605 1298 660 Joannis
1343 603 1611 673 baptisma
1663 599 1967 654 dimississe
2014 605 2259 668 peccata,

684 707 814 776 quia
845 703 910 758 de
937 701 1091 757 cmlis
1141 697 1269 762 fuit,
1298 699 1466 752 edoce
1501 692 1632 764 quid
1682 691 1913 762 amplius
1965 691 2018 745 iu
2055 687 2260 744 Clit'isti

685 797 1008 866 baptismate
1063 807 1489 863 consequamur.
1535 790 1690 857 Quod
1745 798 1963 860 peccata
2015 786 2260 847 dimittit,

685 889 880 943 liberat
923 905 951 943 a
981 888 1249 960 gehenna.
1284 885 1437 949 Quod
1467 901 1493 937 ιι
1521 884 1767 954 gehenna
1797 881 2011 941 liberat.
2085 877 2261 948 perle-

685 994 841 1038 ctum
875 993 976 1037 est.
1008 979 1314 1034 Perfectum
1343 988 1522 1031 autem
1559 977 1849 1045 baptisma,
1893 974 1996 1028 nisi
2029 974 2174 1044 quod
2207 973 2259 1024 in

684 1092 849 1132 cruce
898 1086 949 1131 et
999 1077 1053 1128 in
1105 1073 1509 1128 resurrectione
1559 1068 1764 1124 Christi
1801 1075 1907 1132 est,
1941 1084 2047 1121 nun
2081 1073 2262 1136 potest

683 1173 816 1226 dici.
851 1170 930 1225 lla
971 1178 1028 1223 tu
1061 1168 1113 1222 in
1149 1180 1470 1237 perversum
1517 1163 1800 1232 religiosius
1824 1161 1868 1225 ³,
1897 1161 2113 1215 dicente
2145 1162 2262 1230 ipso

681 1265 914 1329 Joanne,
993 1261 1155 1316 Illum
1197 1267 1397 1326 Oportet
1438 1273 1689 1321 crescere,
1743 1273 1822 1309 me
1865 1266 2039 1308 autent
2093 1255 2262 1307 minui

684 1357 868 1428 (Joan.
905 1375 986 1422 ιιι,
1021 1357 1111 1424 50)
1141 1373 1155 1421 ;
1187 1355 1314 1409 dum
1342 1354 1484 1407 servi
1515 1352 1783 1421 baptismo
1805 1353 1930 1420 plus
1959 1365 2119 1419 quam
2165 1349 2261 1401 ba-

685 1452 1043 1514 buittribuis,
1075 1449 1420 1503 Domintcum
1446 1446 1709 1509 desu-uis,
1737 1444 1820 1497 cni
1844 1445 2081 1510 amplius
2126 1439 2262 1494 nihil

684 1545 968 1613 relinquis.
1003 1543 1248 1609 Quorum
1299 1539 1604 1594 istateudit
1654 1535 1929 1590 assertio?
1979 1533 2260 1598 Videlicet,

687 1651 880 1693 utnon
932 1637 1029 1690 tibi
1063 1633 1266 1689 mirum
1322 1633 1596 1696 videatur,
1649 1629 1695 1684 si
1737 1629 1792 1682 bi
1849 1628 2006 1698 quia
2057 1626 2264 1680 Joanne

688 1733 909 1786 fuerant
938 1728 1215 1798 baptizati,
1248 1737 1433 1795 postea
1465 1739 1556 1791 per
1610 1721 2015 1791 impositionem
2071 1733 2264 1772 manus

687 1826 1085 1897 apostolorum,
1135 1821 1247 1874 sint
1299 1817 1566 1886 Spiritum
1629 1823 1878 1868 sanetum
1939 1812 2262 1875 consecuti;

2367 598 2522 652 avide
2587 596 2776 650 fauces
2826 592 3144 648 ﬂuminibus
3200 590 3554 660 ittgurgitattt.
3618 587 3683 640 Et
3736 598 3951 654 quanto

2366 690 2488 759 plus
2520 688 2824 752 hauserint,
2860 695 3009 741 tanto
3044 686 3164 756 plus
3213 683 3431 738 sitiunt.
3466 684 3544 736 Ita
3599 680 3730 734 mihi
3789 690 3844 732 et
3890 689 3951 733 tu

2368 783 2571 836 videris
2618 783 2883 836 adversus
2926 776 3387 850 qumstiunculam
3433 789 3600 845 quam
3657 772 3952 844 preposui,

2368 876 2494 931 hinc
2531 887 2695 946 atque
2723 875 2872 928 illine
2902 882 3224 943 argumenta
3261 871 3547 939 quasisse,
3573 878 3629 922 ct
3660 864 3950 921 nihilomi-

2367 987 2470 1026 nus
2525 973 2575 1024 itt
2611 969 2798 1024 eadem
2852 967 3218 1038 quaestionum
3275 964 3366 1020 siti
3420 975 3805 1032 perseverare.
3866 962 3952 1011 An

2367 1066 2545 1118 nescis
2596 1063 2760 1116 etiam
2821 1061 3191 1115 Ecclesiarum
3231 1061 3376 1113 hunc
3435 1070 3557 1111 esse
3613 1067 3849 1114 morem,
3890 1059 3954 1102 ut

2367 1157 2663 1226 baptizatis
2715 1163 2901 1223 postea
2938 1168 3132 1217 manus
3166 1153 3540 1219 imponantur,
3591 1156 3647 1201 et
3679 1148 3750 1198 ita
3786 1143 3954 1198 invo-

2366 1264 2520 1305 cetur
2552 1250 2790 1320 Spiritus
2839 1259 3067 1302 sanctus
3090 1245 3116 1299 ?
3149 1243 3335 1314 Exigis
3369 1243 3461 1297 ubi
3518 1242 3786 1309 scriptum
3825 1236 3901 1292 sit
3934 1235 3960 1287 3

2368 1345 2424 1399 ln
2453 1344 2681 1398 Actibus
2713 1341 3114 1412 apostolorum.
3140 1338 3318 1392 Etiam
3351 1337 3398 1392 si
3425 1334 3729 1403 Scriptura:
3761 1341 3959 1385 aucto-

2367 1439 2501 1490 ritas
2559 1451 2664 1488 ttou
2720 1436 2988 1494 subesset,
3041 1432 3211 1486 totius
3259 1431 3410 1486 orbis
3446 1431 3498 1483 in
3550 1430 3692 1480 bane
3725 1437 3946 1494 partem

2367 1544 2672 1584 consensus
2705 1527 2881 1582 instar
2911 1526 3160 1595 praeepti
3194 1523 3490 1578 obtineret.
3513 1518 3649 1573 Nam
3684 1529 3740 1571 et
3771 1519 3953 1571 multa

2369 1623 2474 1676 alia
2511 1637 2632 1691 qua:
2665 1636 2758 1689 per
2781 1619 3142 1674 traditionem
3192 1615 3245 1670 in
3273 1613 3539 1670 Ecclesiis
3562 1613 3956 1673 obseristttur,

2367 1715 2747 1770 auctoritatem
2791 1710 2897 1765 sibi
2925 1711 3140 1778 scriptzc
3173 1709 3305 1778 legis
3337 1713 3762 1776 surpaverunt,
3793 1705 3957 1756 velut

2370 1809 2423 1861 in
2461 1808 2680 1861 lavacro
2725 1815 2812 1858 ter
2852 1813 3018 1874 caput
3062 1803 3383 1872 mergitare,
3436 1798 3634 1853 deinde
3666 1810 3951 1869 egressos.

689 1870 814 1970 rimi
847 1921 1062 1969 constet
1109 1925 1204 1964 eos
1240 1901 1309 1962 ne
1339 1916 1685 1977 peccatorum
1715 1903 1936 1973 quidem
1987 1906 2108 1956 sine
2137 1902 2264 1956 sub-
2300 1870 2338 1925 Β
2375 1901 2529 1956 lactis
2557 1911 2611 1954 et
2639 1899 2813 1953 niellis
2840 1905 3175 1968 pra-gustare
3196 1870 3554 1949 concordiam
3586 1891 3656 1946 ad
3689 1889 3952 1944 inlantia

688 2017 945 2065 secutura
974 2004 1080 2059 lide
1115 2000 1493 2056 remissionem
1519 2005 1867 2051 consecutos.
1899 1993 1978 2048 Tu
2016 2009 2142 2048 vero
2172 1995 2263 2061 qui

689 2104 758 2156 ab
787 2097 1008 2154 Arianis
1044 2095 1243 2164 recipis
1279 2092 1633 2161 baptizatum,
1667 2099 1720 2143 et
1768 2089 1818 2144 ei
1853 2088 2048 2142 tribuis
2091 2087 2267 2154 bapti-

689 2211 832 2254 sma.
868 2192 1011 2262 quod
1040 2188 1343 2259 perlectum
1375 2184 1608 2252 est,qito
1639 2181 1781 2236 facto
1805 2182 1962 2249 quasi
1997 2181 2264 2236 modicum

687 2288 820 2360 quid
855 2287 904 2340 ei
955 2283 1211 2343 defuerit,
1250 2289 1502 2335 sanetum
1554 2277 1787 2330 advocas
1823 2275 2105 2344 Spiritum,
2142 2290 2265 2330 cum

689 2380 954 2448 baptisma
981 2372 1182 2429 Christi
1212 2373 1330 2426 sine
1365 2367 1574 2437 Spiritu
1623 2377 1810 2424 sancto
1846 2366 2008 2436 180
2059 2367 2266 2421 nullum

687 2473 808 2528 sit?
840 2467 1041 2524 Verum
1074 2465 1291 2535 longius
1330 2451 1574 2524 excessi,
1616 2467 1670 2513 et
1719 2474 1841 2514 eum
1879 2475 2035 2527 aqua
2091 2458 2268 2514 fronte

689 2561 990 2619 adversarii
1042 2560 1316 2631 potuerim
1367 2556 1631 2626 impetum
1667 2553 2018 2614 submovere,
2064 2551 2267 2608 leviora

689 2658 905 2712 eminus
951 2652 1107 2726 [mss.
1165 2646 1368 2720 minus]
1424 2647 1528 2702 tela
1581 2644 1786 2699 direxi.
1844 2643 2073 2700 Joannis
2122 2645 2265 2699 enim

692 2748 965 2819 baptisma
1018 2745 1290 2798 iutantum
1341 2737 1721 2809 imperfectum
1775 2735 1896 2802 fuit,
1950 2745 2008 2791 ut
2058 2743 2270 2792 constet

691 2851 876 2910 postea
931 2836 1133 2893 Christi
1184 2832 1512 2903 baptismate
1571 2829 1893 2898 baptizatos,
1937 2829 2030 2898 qui
2085 2827 2153 2881 ab
2204 2842 2269 2880 co

690 2937 914 2990 fuerant
948 2928 1238 3000 baptizati.
1289 2925 1363 2978 lta
1395 2924 1544 2978 enim
1593 2921 1824 2976 historia
1874 2921 2090 2975 refert:
2154 2917 2268 2973 Fa-

693 3038 835 3082 ctum
869 3031 946 3076 est
991 3029 1189 3083 autem,
1217 3034 1335 3071 cum
1382 3014 1568 3085 Apollo
1599 3023 1732 3068 esset
1767 3013 2027 3079 Corinthi,
2062 3022 2118 3066 et
2152 3029 2268 3066 cunt

693 3118 898 3174 Paulus
931 3112 1279 3182 pertransiret
1320 3109 1615 3178 superiores
1650 3117 1825 3174 partes
1873 3106 2033 3169 Λείας,
2067 3105 2270 3158 deuenit

695 3211 984 3280 Ephesum,
1008 3215 1056 3258 et
1088 3220 1205 3257 cum
1240 3202 1517 3255 inuenisset
1543 3199 1795 3269 quosdam
1823 3199 2105 3260 discentes,
2133 3199 2268 3249 dixit
2300 3204 2344 3264 (ζ

696 3305 765 3356 ad
794 3319 881 3357 eos
919 3317 936 3355 :
969 3298 1027 3353 Si
1052 3297 1312 3366 Spiritum
1342 3302 1585 3348 sanctum
1613 3292 1909 3358 accepistis,
1941 3305 2059 3342 cum
2105 3290 2273 3342 credi-

696 3395 851 3449 distis
881 3394 906 3446 7
926 3393 993 3446 At
1021 3391 1099 3444 illi
1113 3385 1504 3456 responderunt
1536 3399 1554 3438 :
1587 3384 1693 3437 Sed
1720 3399 1807 3435 nec
1833 3384 1877 3435 si
1901 3380 2110 3450 Spritus
2143 3400 2274 3436 san-

697 3499 813 3542 ctus
840 3489 932 3548 sit,
967 3483 1289 3539 audivimus.
1319 3479 1468 3532 Dixit
1503 3488 1677 3530 autem
1701 3479 1768 3528 ad
1789 3492 1874 3528 eos
1900 3491 1916 3528 :
1945 3473 2008 3528 In
2028 3491 2127 3545 quo
2154 3492 2274 3544 ergo

699 3579 957 3650 baptizari
982 3576 1151 3631 estis?
1181 3572 1579 3644 Responderunt
1613 3576 1664 3625 in
1686 3569 1913 3624 Joannis
1935 3574 2272 3650 baptismate.

698 3674 848 3728 Dixit
872 3680 1046 3724 autem
1073 3664 1566 3720 Paulusuloamtes
1612 3663 1819 3733 quidem
1870 3662 2272 3731 baptizanitba—

697 3760 1224 3835 ptismopmnitentiw
1251 3755 1468 3826 plebem,
1493 3756 1669 3808 dicens
1698 3755 1752 3808 in
1774 3754 2128 3806 advenientem
2157 3763 2271 3820 post

698 3874 819 3911 eum
879 3867 935 3908 ut
960 3851 1253 3916 crederent,
1284 3849 1380 3902 hoc
1405 3856 1478 3902 est
1506 3847 1572 3899 .in
1601 3846 1806 3912 Jesttm,
1842 3847 1894 3897 in
1921 3845 2274 3896 remissionem

697 3958 1054 4020 peccatorum.
1094 3946 1192 3999 llis
1243 3941 1464 4004 auditis,
1510 3939 1770 4007 baptizati
1821 3947 1942 3988 sunt
1978 3938 2031 3988 in
2068 3937 2275 3989 nomine

700 4046 918 4101 Domini
955 4043 1120 4095 nostri
1143 4039 1274 4093 Jesu
1303 4036 1524 4090 Christi.
1566 4033 1633 4087 Et
1665 4049 1782 4087 cum
1809 4031 2143 4098 imposuisset
2169 4028 2273 4080 illis

700 4154 892 4192 manus
929 4130 1440 4196 Pauluspcontinuo
1465 4126 1650 4180 cecidit
1678 4123 1913 4190 Spiritus
1942 4134 2154 4173 sanctus
2185 4135 2275 4171 su-

700 4247 793 4299 per
845 4244 932 4283 eos
992 4228 1135 4294 (Act.
1187 4238 1299 4287 xu,
1367 4221 1390 4274 l
1454 4234 1595 4285 seqq.
1637 4218 1677 4288 ).
1722 4213 1776 4266 Si
1832 4226 1959 4281 ergo
2020 4210 2274 4278 baptizati

703 4331 827 4377 sunt
863 4337 992 4374 vero
1043 4329 1096 4373 et
1127 4317 1369 4387 legitimo
1392 4312 1657 4367 Ecclesiae
1713 4305 2060 4374 baptismate,
2094 4315 2151 4359 et
2201 4303 2273 4356 ita

702 4423 895 4486 postea
956 4413 1220 4480 Spiritum
1279 4416 1532 4462 sanctum
1586 4397 1864 4454 consecuti
1918 4407 2045 4450 sunt
2080 4414 2094 4449 :
2128 4407 2176 4451 et
2218 4409 2272 4448 tu

701 4507 1085 4577 apostolorum
1120 4515 1351 4570 sequere
1375 4493 1782 4553 auctoritatem,
1815 4495 1871 4541 et
1909 4488 2120 4554 baptiza
2175 4503 2272 4542 eos

705 4600 797 4668 qui
836 4597 1040 4652 Christi
1076 4609 1185 4648 non
1225 4591 1425 4645 habent
1460 4583 1749 4653 baptisma,
1787 4586 1840 4632 et
1878 4579 2083 4646 poteris
2109 4579 2262 4631 invo~

704 4706 832 4747 care
872 4688 1136 4758 Spiritum
1166 4691 1443 4738 sanctum.

775 4823 829 4878 8.
874 4819 988 4875 llos
1018 4817 1377 4873 Ecclesiarum
1407 4816 1460 4869 in
1485 4831 1735 4868 manuum
1762 4812 2116 4883 impositione.
2142 4809 2274 4863 Tra-

779 5023 794 5052 ¹
839 5019 1051 5073 Erasm.
1107 5032 1230 5071 eum
1266 5013 1558 5082 antiquiori
1588 5012 1741 5074 edit.,
1765 5013 1971 5064 duceris
2004 5011 2262 5077 irreligio-

707 5109 818 5145 sus.
860 5093 1083 5151 Victor.,
1110 5100 1343 5151 perverse
1373 5083 1667 5150 religiosus.
1708 5082 2070 5150 Hieronymus
2105 5084 2270 5148 epist.

705 5164 799 5224 M,
850 5179 866 5210 ι
901 5158 1047 5212 Licet
1099 5159 1154 5211 in
1204 5165 1519 5226 perversum
1565 5168 1791 5206 munera
1847 5161 2028 5204 vestra
2079 5165 2273 5204 conve-

708 5239 884 5285 ιιιυιιῑ.
923 5246 942 5279 1

778 5305 799 5332 ’
839 5297 1180 5352 Martizinmus
1235 5297 1437 5363 legerat
1467 5293 1535 5348 ad
1564 5293 1807 5363 infantia:
1832 5290 2270 5363 signiﬁcationem

705 5371 878 5424 redire
906 5386 927 5422 .'
960 5367 1261 5428 Dominica,
1291 5362 1425 5430 etc.,
1478 5362 1629 5418 nullo
1673 5379 1857 5416 sensu.
1910 5362 2273 5430 lieposuimus

706 5441 850 5510 quod
896 5441 950 5493 in
987 5439 1107 5492 aliis
1141 5435 1557 5510 obtinebattdie,
1591 5449 1687 5510 pro
1725 5432 1920 5510 redire.

778 5511 798 5541 ³
835 5511 915 5564 Ad
941 5526 1049 5572 eos,
1082 5512 1169 5576 qui
1201 5507 1373 5574 longe.
1434 5501 1766 5576 Sorbonieus
1801 5504 1970 5576 codex
2002 5501 2276 5576 quilonge

708 5597 740 5634 a
777 5571 1063 5649 majoribus
1091 5571 1325 5637 urbibui,
1357 5587 1461 5629 etc.
1483 5572 1875 5649 ΔΜιιιιιηιτιη--ο
1903 5571 2038 5625 Cum
2075 5572 2274 5649 Gravia

711 5660 767 5703 et
813 5641 1198 5703 vetustioribus
1247 5645 1527 5714 impressis
1563 5646 1705 5713 lego.
1748 5643 1933 5714 Antea
1989 5655 2146 5714 erat,
2173 5641 2274 5704 Qui

713 5721 866 5786 longe
904 5720 960 5770 in
1007 5719 1294 5770 minoribus
1329 5712 1548 5767 urbibus
1583 5731 1600 5778 ;
1631 5712 1793 5786 serie
1847 5713 1956 5778 ipsa
2012 5712 2277 5786 orationis

709 5783 995 5843 renitente.
1032 5790 1225 5839 Adnmc
1257 5787 1420 5839 urbes
1471 5785 1684 5837 tametsi
1721 5798 1958 5834 utinm-es
2011 5783 2274 5849 cpiscoltu

711 5874 824 5913 non
860 5858 1102 5912 caruisse
1136 5870 1261 5911 ante
1312 5867 1362 5909 et
1397 5864 1520 5925 pnst
1553 5854 1933 5907 Sardiccnscnt
1985 5866 2272 5914 enuntiem,

2371 1992 2841 2062 signiﬁcationem,
2895 1990 2983 2044 die
3039 1987 3322 2041 Dominico
3359 1987 3404 2050 ’,
3440 1995 3495 2039 et
3548 1983 3696 2038 omni
3749 1983 3956 2037 Pente-

2369 2095 2519 2140 coste
2550 2103 2565 2152 ς
2613 2101 2713 2139 nec
2757 2083 2825 2138 de
2853 2081 3122 2152 geniculis
3149 2081 3415 2144 adorare,
3444 2090 3499 2132 et
3521 2078 3793 2148 jejunium
3828 2075 3950 2129 sol-

2369 2196 2516 2243 vere,
2554 2180 2831 2249 multaque
2881 2177 2984 2232 alia
3013 2178 3214 2246 scripta
3254 2193 3362 2230 non
3405 2184 3554 2239 sunt,
3600 2190 3723 2243 qua
3768 2174 3949 2227 ratio-

2369 2272 2568 2327 nabilis
2615 2271 2718 2326 sibi
2771 2271 3084 2325 observatio
3132 2268 3453 2322 vindicavit.
3504 2266 3662 2334 181
3711 2263 3784 2318 Es
3834 2277 3951 2331 quo

2371 2365 2759 2419 animadvertis
2809 2378 2908 2416 nos
2959 2361 3220 2416 Ecclesia
3265 2361 3720 2415 consuetudinem
3757 2357 3950 2424 sequi,

2375 2461 2498 2515 licet
2528 2470 2652 2514 ante
2685 2460 3098 2516 advocationem
3147 2457 3388 2529 Spiritus
3436 2464 3654 2512 constet
3690 2455 3944 2522 aliquem

2373 2554 2724 2625 baptizatum.

2441 2698 2497 2752 9.
2545 2697 2830 2766 Episcopus
2878 2697 2946 2750 ad
2999 2695 3390 2762 impositionem
3461 2708 3651 2745 manus
3689 2690 3954 2743 accurrit.

2373 2793 2695 2848 Arianorum
2725 2790 3084 2858 blasphemia.
3122 2788 3397 2857 lmpositio
3447 2800 3727 2850 manuum,
3784 2797 3960 2853 quare

2372 2887 2613 2954 episcopo
2663 2893 2924 2936 reseruata
2952 2885 2977 2938 2
3007 2882 3107 2936 Jus
3140 2881 3449 2948 baptizandi
3478 2879 3542 2932 ab
3577 2879 3847 2946 episcopo.
3879 2904 3955 2914 ~—

2377 2977 2441 3031 Ο.
2473 2976 2587 3030 Non
2633 2977 2849 3046 quidem
2881 2974 3062 3029 abnuo
3089 2976 3226 3028 banc
3257 2988 3379 3029 esse
3411 2973 3782 3026 Ecclesiarum
3817 2984 3958 3023 con-

2376 3069 2744 3132 suetudinem,
2777 3077 2835 3120 ut
2863 3068 2929 3120 ad
2956 3083 3052 3121 eos
3092 3067 3186 3135 qni
3219 3068 3382 3134 longe
3413 3065 3432 3096 ³
3467 3079 3500 3117 a
3527 3061 3831 3132 majoribus
3865 3075 3957 3113 ur-

2377 3163 2533 3216 bibus
2572 3177 2664 3231 per
2709 3144 3059 3231 presbyteros
3085 3168 3140 3213 et
3180 3157 3447 3212 diaconos
3495 3154 3752 3224 baptizati
3795 3161 3956 3217 sunt,

2377 3257 2666 3323 episcopus
2705 3253 2769 3307 ad
2796 3252 3200 3306 invocationem
3232 3250 3408 3305 sancti
3441 3248 3680 3318 Spiritus
3711 3259 3944 3300 manum

2379 3349 2744 3417 impositurus
2769 3353 3046 3399 excurrat.
3086 3342 3200 3397 Sed
3235 3343 3396 3412 quale
3428 3353 3533 3406 est,
3581 3353 3639 3396 ut
3669 3340 3817 3410 leges
3846 3337 3958 3393 Ee-

2378 3443 2557 3496 clesizc
2591 3441 2656 3493 ad
2688 3439 2934 3492 ltzeresiin
2964 3439 3286 3500 transferas,
3321 3445 3377 3491 et
3406 3433 3632 3504 virginis
3666 3443 3772 3487 tua:
3808 3435 3961 3485 inte-

2380 3535 2763 3604 gritatemper
2787 3531 3137 3584 meretricum
3172 3529 3456 3596 lupanaria
3479 3527 3705 3596 patiaris
3732 3526 3793 3579 ⁵2
3819 3525 3962 3592 Epi-

2378 3643 2576 3696 scopus
2595 3627 2640 3680 si
2661 3625 3151 3694 imponitmanum,
3174 3623 3259 3675 bis
3279 3622 3513 3693 imponit
3529 3621 3697 3689 quiin
3715 3630 3863 3673 recta
3889 3618 3960 3673 ﬂ-

2376 3717 2445 3772 de
2465 3717 2889 3787 baptizatisunt,
2914 3715 3006 3782 qtri
3045 3717 3098 3768 in
3124 3713 3306 3778 Patre,
3343 3722 3396 3768 et
3433 3712 3593 3776 Filio,
3630 3722 3684 3765 et
3729 3711 3954 3781 Spiritu

2379 3818 2569 3863 sancto
2589 3819 2695 3863 tres
2716 3823 2999 3877 personas,
3020 3822 3182 3860 unam
3203 3806 3561 3860 substantiam
3578 3804 3955 3860 crediderunt.

2381 3903 2616 3957 Arianus
2652 3915 2778 3954 vero
2798 3915 2923 3953 cum
2949 3897 3094 3953 aliud
3142 3897 3275 3951 nihil
3327 3897 3622 3952 crediderit
3668 3896 3959 3966 (claudite,

2379 4010 2585 4066 qnteso,
2607 4007 2765 4046 aures
2787 3992 2879 4059 qui
2913 3989 3154 4044 audituri
3181 3992 3338 4055 estis,
3361 4004 3428 4043 ne
3464 3998 3628 4042 tanta:
3653 3991 3959 4056 impietatis

2377 4086 2603 4139 vocibus
2619 4082 2982 4153 polluamini),
3005 4081 3108 4134 nisi
3133 4081 3185 4133 in
3207 4080 3361 4134 Patre
3378 4081 3499 4135 solo
3520 4093 3650 4134 vero
3668 4078 3802 4140 Dee.
3822 4090 3877 4133 et
3900 4083 3958 4134 in

2376 4176 2500 4234 Jesn
2524 4177 2743 4231 Christo
2761 4174 3043 4229 Salvatore
3061 4183 3404 4236 creatura,et
3446 4175 3499 4226 in
3523 4173 3728 4242 Spiritu
3757 4183 3956 4228 sancto

2381 4267 2663 4336 utriusque
2706 4279 2889 4329 servo,
2935 4264 3210 4334 quomodo
3261 4263 3533 4332 Spiritum
3578 4275 3832 4318 sanctum
3881 4265 3958 4318 ab

2380 4357 2886 4425 Ecclesia‘recipiet,
2916 4357 3008 4424 qui
3055 4356 3286 4408 necdum
3321 4355 3704 4408 remissionem
3746 4369 3955 4422 pecea-

2381 4461 2558 4504 torum
2611 4456 2940 4502 consecutus
2990 4446 3122 4500 est?
3157 4445 3393 4513 Spiritus
3435 4446 3638 4514 quippe
3695 4459 3951 4510 sanctus,

2307 4537 2352 4594 D
2381 4543 2485 4596 nisi
2517 4541 2772 4594 mundam
2826 4538 3010 4592 sedem
3050 4551 3159 4591 non
3216 4537 3405 4591 incolit
3433 4538 3456 4569 '
3489 4554 3503 4592 :
3531 4553 3635 4591 nec
3672 4538 3956 4593 habitator

2382 4633 2498 4702 ejus
2547 4630 2726 4699 templi
2762 4629 3011 4693 cliicitur,
3065 4628 3210 4696 quod
3248 4628 3546 4680 antistitem
3603 4643 3710 4682 non
3762 4628 3950 4693 habet,

2380 4739 2559 4777 veram
2595 4723 2775 4776 ﬁdem.
2818 4721 2969 4786 Quod
3016 4720 3060 4773 si
3112 4720 3215 4772 boc
3261 4718 3383 4771 loco
3413 4719 3617 4786 quaeris
3661 4735 3829 4788 quare
3894 4723 3951 4775 ιιι

2380 4818 2618 4872 Ecclesia
2667 4816 2993 4885 baptizatus,
3036 4813 3138 4868 nisi
3171 4829 3267 4882 pcr
3298 4827 3494 4868 manus
3528 4815 3793 4883 episcopi,
3837 4832 3948 4870 non

2380 5031 2510 5089 puto
2547 5036 2560 5071 :
2596 5026 2780 5071 contra
2817 5016 3256 5089 \illa‘,_castella,
3290 5027 3343 5071 ct
3369 5026 3668 5072 remotiora
3708 5020 3778 5074 ab
3805 5021 3957 5075 urbi-

2381 5085 2482 5143 bus
2512 5090 2658 5148 loca,
2690 5102 2808 5154 qua!
2839 5085 3071 5139 ittferius
3103 5089 3433 5140 indicantur.

2449 5158 2470 5218 ἕ
2509 5157 2817 5225 Lupanaria
2864 5156 3112 5224 patiaris.
3139 5155 3311 5210 detis
3334 5159 3538 5228 addunt
3557 5160 3779 5213 verbum
3803 5176 3954 5228 spur.

2379 5231 2512 5290 c.-:ri,
2560 5229 2702 5296 quod
2760 5242 2868 5279 non
2926 5227 3162 5280 retinent
3209 5227 3541 5292 exemplaria
3601 5245 3732 5283 mss.
3799 5227 3952 5284 llu-

2381 5314 2527 5353 'nsN.
2565 5326 2632 5337 —-
2661 5297 2798 5349 Olim
2836 5305 2952 5349 erat
2973 5297 3215 5363 spurcari
3242 5297 3488 5364 patiaris,
3530 5299 3624 5351 sed
3652 5299 3804 5366 prius
3835 5317 3956 5353 ver-

2382 5369 2510 5421 bum
2556 5369 2612 5421 iu
2660 5383 2791 5419 mss.
2831 5381 2937 5418 non
2973 5366 3208 5419 inveniri
3242 5368 3396 5420 testis
3430 5381 3514 5420 est
3555 5368 3903 5423 Martianzus
3933 5388 3953 5425 :

2383 5440 2511 5491 mihi
2538 5437 2786 5510 unicum
2813 5436 3048 5510 patiaris
3091 5451 3198 5488 non
3232 5436 3526 5510 placet,pac
3569 5437 3961 5510 ttialim_cqui-

2381 5510 2502 5560 dem
2536 5508 2637 5575 legi
2678 5506 2964 5570 partiaris,
3001 5515 3058 5558 ut
3081 5506 3550 5575 quemadmodum
3588 5509 3733 5573 leges
3766 5506 3958 5564 Eccle-

2382 5580 2476 5630 sim:
2509 5578 2573 5629 ad
2595 5572 2860 5648 'ltzeresim
2901 5572 3225 5648 transferri,
3266 5580 3348 5628 sic
3401 5572 3957 5648 virginis’itttcgrita-

2381 5656 2486 5699 tem
2525 5662 2616 5712 per
2669 5644 2947 5712 lupanaria
2983 5644 3172 5712 partiri
3208 5646 3495 5711 improbet.

2455 5718 2474 5747 ⁸
2516 5716 2738 5784 ltepotto
2761 5730 2826 5766 ex
2871 5715 3094 5781 antiqua
3128 5713 3366 5766 editione
3395 5715 3571 5769 sedem
3607 5735 3703 5783 pro
3750 5721 3911 5785 ﬁdem
3940 5740 3958 5776 :

2381 5801 2499 5854 quae
2530 5788 2656 5837 item
2704 5799 2798 5854 pro
2827 5785 2967 5854 quod
3000 5785 3312 5848 antistitem,
3336 5788 3498 5838 habet
3527 5787 3680 5853 cuius
3709 5793 3933 5846 antistes

2381 5853 2433 5910 et
2463 5854 2655 5909 deinde
2694 5853 2983 5921 oblaqueris
3021 5868 3114 5922 pro
3148 5855 3243 5906 hoc
3276 5853 3386 5906 loco
3421 5860 3638 5925 qua'ris.
