4218 6462
216 404 315 470 ΠΒ

1180 411 1312 472 DIA
1328 411 1468 474 LOG
1484 411 1577 474 US
1621 412 1916 475 CONTRA
1959 413 2287 476 LUCIFER
2304 414 2426 474 HV
2444 414 2551 475 DS.

3387 413 3491 489 l'lii

208 522 443 596 accipiat
476 525 749 594 Spiritum
782 533 1056 592 sanctum,
1087 543 1247 599 quem
1284 545 1383 584 nos
1416 532 1713 585 asserimus
1739 530 1790 583 in
1828 536 1867 589 Α
1899 529 2149 594 cmderis,
2206 542 2255 585 et
2311 531 2450 585 nuda
2515 546 2542 583 τι
2600 528 2828 599 spiculis
2876 529 3039 583 dorsa
3077 546 3183 586 non
3224 534 3427 599 protegi
3470 574 3483 594 ,

208 634 337 675 vero
368 621 709 687 baptismate
739 621 929 685 tribui,
978 621 1125 676 disce
1164 622 1305 678 hanc
1352 624 1794 678 observationem

205 729 273 767 rx
299 730 360 768 ea
393 716 737 770 auctoritate
776 714 1129 781 descendere,
1181 714 1326 784 quod
1359 725 1477 786 post
1507 732 1794 771 ascensum

206 806 424 862 Domini
458 809 707 879 Spiritus
737 819 964 864 sanctus
994 810 1058 863 ad
1095 815 1375 881 apostolos
1406 812 1703 866 descendit.
1736 810 1798 868 Et

204 903 390 956 multis
425 904 478 954 in
515 902 661 957 locis
707 903 845 957 idem
880 902 1183 958 factitatum
1232 906 1554 975 reperimus,
1599 904 1663 957 ad
1697 907 1794 956 ho-
1823 972 1827 976 ὶ

201 1012 392 1050 norem
431 997 621 1063 potius
647 1000 946 1054 sacerdotii
978 1002 994 1033 ¹
1027 1017 1189 1071 quam
1229 1002 1295 1055 ad
1331 1001 1505 1071 legem
1550 1002 1794 1054 necessio

204 1092 351 1145 tatis.
386 1092 616 1163 Alioqui
643 1094 689 1147 si
717 1094 782 1149 ad
813 1095 1058 1163 episcopi
1089 1105 1303 1149 tantum
1337 1096 1787 1166 imprecatiooem

202 1186 441 1251 Spiritus
473 1199 712 1243 sanctus
737 1188 945 1251 defluit,
982 1188 1192 1260 legendi
1236 1199 1359 1242 sunt
1416 1192 1505 1260 qui
1542 1191 1593 1245 in
1633 1192 1794 1246 villu-

202 1276 270 1332 lis
297 1281 336 1341 ',
370 1289 463 1332 aut
493 1279 553 1332 in
597 1280 865 1341 castellis,
894 1291 981 1334 aut
1021 1284 1072 1336 in
1104 1283 1491 1337 remotioribus
1516 1284 1649 1337 locis
1703 1301 1796 1353 per

202 1372 557 1440 presbyteros
582 1384 639 1426 ct
668 1372 937 1427 diaconos
975 1374 1233 1441 baptiza'i
1267 1386 1393 1430 ante
1428 1375 1788 1442 dormierunt,

199 1478 363 1530 quam
420 1465 493 1517 ah
544 1467 824 1537 epismpis
873 1467 1259 1522 inviserentur.
1322 1468 1487 1545 182
1536 1468 1792 1524 EtClCSl'L‘

200 1556 349 1608 salus
385 1555 438 1608 in
472 1558 681 1610 summi
712 1558 1017 1615 sacerdotis
1049 1560 1316 1629 dignitate
1344 1563 1541 1629 pendet
1575 1558 1594 1588 ³
1629 1561 1716 1615 cui
1744 1562 1787 1615 si

203 1661 309 1699 non
351 1662 554 1704 essers
583 1650 604 1678 ⁵
634 1650 883 1719 quaedam
920 1660 973 1706 et
1010 1652 1077 1705 ab
1102 1654 1360 1705 omnibus
1400 1657 1648 1708 eminens
1692 1654 1789 1708 dc-

204 1753 290 1794 tur
320 1754 593 1812 potestas.
631 1756 710 1799 tot
758 1748 822 1800 in'
850 1746 1111 1802 Ecclesiis
1142 1747 1448 1804 ellieientur
1494 1749 1790 1802 schismata

199 1842 332 1902 quot
366 1838 720 1892 sacerdotes.
769 1837 900 1892 Inde
960 1840 1103 1892 venit
1155 1848 1211 1892 ut
1241 1840 1361 1892 sine
1410 1838 1704 1894 chrismate
1737 1849 1787 1894 et

197 1928 433 1995 episcOpi
462 1927 747 1995 iussione,
774 1945 951 2000 neque
976 1933 1282 2002 presbyter,
1325 1947 1500 2001 neque
1529 1931 1789 1986 diaconus

193 2024 282 2093 jus
315 2026 559 2079 habeant
592 2027 933 2096 baptizandi.
965 2028 1116 2095 Quod
1154 2030 1494 2098 frequenter,
1528 2030 1573 2085 si
1607 2041 1787 2085 tamen

195 2122 504 2174 necessi:as
565 2121 738 2191 cogit,
794 2122 1000 2177 scimus
1048 2124 1212 2179 etiam
1270 2126 1433 2179 licore
1475 2125 1651 2179 laicis.
1700 2123 1768 2183 Ut

194 2212 339 2265 enim
373 2214 588 2283 accipit
618 2214 769 2282 quis,
823 2214 895 2269 ita
946 2222 1001 2269 et
1056 2215 1188 2271 dare
1236 2228 1463 2287 potest;
1508 2219 1611 2273 nisi
1652 2219 1790 2273 forte

199 2303 500 2361 eunuchus
530 2321 563 2357 a
596 2303 851 2375 Philippo
881 2308 1116 2363 diacono
1154 2310 1487 2378 baptizatus,
1521 2313 1637 2365 sine.
1671 2309 1791 2381 Spi-

200 2394 306 2445 ritu
338 2405 543 2450 sancto
571 2393 748 2451 fuisse
779 2396 1086 2452 credendus
1119 2408 1224 2463 est,
1273 2402 1337 2454 de
1369 2415 1478 2470 quo
1507 2390 1787 2471 Scripiuia

200 2486 271 2541 ita
299 2488 558 2559 loquitur
589 2506 605 2543 :
643 2488 711 2544 Et
746 2490 1132 2545 descenderunt
1165 2491 1318 2546 ambo
1355 2495 1409 2547 in
1456 2510 1651 2564 aquam
1691 2511 1708 2559 ;
1738 2505 1787 2549 et

193 2582 491 2652 baptisarit
541 2601 665 2638 eum
700 2582 979 2656 Philippus
1010 2587 1151 2656 (Act.
1206 2601 1325 2651 vin,
1366 2587 1458 2659 33)
1495 2630 1509 2642 .
1555 2588 1618 2642 Et
1662 2605 1787 2645 cum

194 2676 561 2731 abscederent
591 2680 661 2731 ab
687 2692 827 2745 aqua
859 2696 874 2733 :
910 2677 1142 2747 Spiritus
1190 2692 1408 2734 sanctus
1447 2683 1578 2735 venit
1608 2683 1659 2735 in
1691 2700 1787 2735 eu-

195 2769 426 2823 nuchum
462 2769 660 2840 (Ibid.,
686 2769 803 2839 39).
838 2768 893 2824 Si
916 2782 1095 2827 autem
1130 2773 1260 2827 illud
1297 2774 1660 2842 obiiciendum
1693 2792 1789 2843 pu-

197 2872 301 2927 tas,
336 2864 496 2933 quia,
534 2862 670 2918 Cum
704 2866 983 2919 audissent
1032 2867 1256 2935 apostoli
1284 2868 1375 2939 qui
1411 2879 1563 2921 erant
1592 2871 1783 2922 Hiero-

194 2959 439 3029 solymis,
465 2961 598 3029 quia
630 2960 818 3028 recepit
851 2957 1103 3015 Samaria
1133 2961 1341 3015 verbum
1377 2961 1491 3025 Dei,
1532 2964 1788 3016 miserunt

195 3051 269 3105 ad
300 3069 391 3107 eos
425 3051 658 3106 Petrum
705 3062 754 3106 et
792 3050 1079 3115 Joannem,
1112 3055 1202 3122 qui
1254 3071 1373 3108 cum
1430 3057 1687 3109 venissent
1720 3057 1788 3109 ad

195 3162 311 3210 eos,
337 3156 632 3200 orat-erunt
663 3162 762 3215 pro
789 3147 888 3210 eis,
924 3156 977 3201 ut
1010 3149 1310 3215 acciperent
1343 3148 1609 3218 Spiritum
1654 3168 1782 3205 san-

1903 625 2033 679 Esto
2066 626 2265 695 quippe
2311 627 2449 694 apud
2503 626 2735 679 Arianos
2763 641 2828 678 nc
2874 624 3146 696 baptisma
3180 626 3336 695 183
3368 630 3489 693 qni-

1902 718 2022 769 dem
2084 732 2226 779 esse,
2264 732 2311 772 et
2354 719 2475 772 ideo
2510 718 2779 788 Spiritum
2834 729 3080 773 sanetum
3119 721 3187 773 ab
3242 720 3323 774 eis
3374 734 3485 777 non

1900 824 2061 880 posse
2094 811 2233 873 dari,
2269 811 2396 881 quia
2433 813 2667 866 necdum
2718 812 3097 868 remissiooem
3134 822 3487 880 peccatorum

1900 906 2250 977 acceperint;
2302 915 2475 965 totum
2525 907 2625 959 hoc
2676 907 2919 963 victoria:
2961 922 3092 961 mea!
3139 908 3376 976 prolicit,
3427 918 3485 963 Cl.

1901 1011 2347 1067 argumentorum
2410 1011 2624 1054 tuorum
2683 1003 2977 1071 palmstra.
3041 1002 3172 1057 mihi
3246 1003 3481 1072 palmam

1900 1093 2143 1147 victoriie
2195 1097 2375 1151 sudat.
2432 1096 2673 1151 Arianus
2732 1098 2999 1164 baptisma
3056 1112 3166 1151 non
3223 1097 3485 1160 habt-uit

1902 1188 2175 1255 quomodo
2207 1192 2570 1243 sacerdotium
2610 1190 2825 1243 habet?
2859 1188 3053 1244 Lairus
3082 1190 3225 1260 apud
3254 1205 3349 1244 eos
3374 1204 3482 1249 non

1896 1290 2001 1345 est,
2033 1290 2085 1335 et
2112 1284 2384 1350 quomodo
2414 1286 2703 1353 episcopus
2742 1299 2863 1339 esse
2889 1285 3110 1353 potest?
3158 1284 3284 1338 Mihi
3343 1286 3486 1338 reci-

1899 1390 2026 1443 pere
2076 1376 2389 1429 mendicum
2426 1393 2531 1430 non
2582 1379 2727 1433 licet.
2769 1386 2825 1430 ιιι
2869 1379 3066 1445 rcelpis
3106 1378 3334 1447 regem?
3374 1376 3484 1435 Vos

1904 1468 2043 1519 hosti
2078 1478 2257 1521 castra
2314 1470 2568 1537 tl'alitis;
2606 1480 2660 1524 et
2688 1488 2713 1522 ιι
2754 1470 2909 1525 nobis
2949 1468 3175 1545 perfuga
3208 1467 3315 1541 [ΑΙ.
3352 1485 3483 1540 pro-

1898 1558 2044 1628 fuga]
2074 1560 2403 1628 ri-jirieudus
2434 1570 2537 1615 est.

1973 1651 2056 1704 ll.
2095 1651 2157 1705 0.
2193 1651 2247 1705 Si
2287 1655 2530 1722 priorum
2578 1656 2949 1712 meiuiiilsses.
2977 1656 3085 1720 jam
3139 1656 3310 1708 scires
3377 1655 3478 1721 tibi

1898 1742 2070 1797 fuisse
2104 1760 2427 1814 responsum
2455 1766 2467 1810 ;
2504 1748 2597 1801 sed
2633 1749 2761 1800 dum
2789 1762 3027 1801 amorem
3064 1748 3476 1802 contradicendi

1896 1838 2187 1907 sequeris,
2245 1854 2273 1893 ει
2336 1842 2701 1909 quaestionum
2771 1842 2933 1896 lineis
2994 1842 3245 1896 exridisti
3284 1857 3479 1895 :moro

1894 1933 2256 1999 quorumdam
2292 1931 2600 2001 loquacium
2634 1934 2815 2003 potius
2871 1950 3037 2004 quam
3091 1934 3473 2003 facundorum,

1895 2023 2143 2090 quicum
2205 2024 2489 2094 disputare
2534 2027 2807 2091 nesciant,
2868 2036 3047 2088 tamen
3107 2027 3317 2097 litigare
3367 2043 3472 2080 non

1894 2114 2173 2168 desinunt.
2223 2118 2335 2187 Ego
2367 2120 2508 2171 enim
2546 2137 2650 2171 non
2685 2130 2793 2175 tam
2848 2122 2897 2175 in
2957 2122 3212 2186 prmsenti
3244 2121 3475 2174 Arianos

1896 2210 1977 2262 vel
2009 2210 2281 2279 improbo,
2318 2212 2398 2267 vel
2435 2212 2690 2277 defendo,
2725 2229 2886 2287 quam
2944 2212 3090 2271 illam
3128 2227 3323 2266 cursus
3358 2216 3462 2265 mei

1895 2312 2092 2357 metam
2118 2304 2416 2368 circumeo,
2441 2304 2629 2360 eadem
2660 2306 2874 2359 ratione
2902 2320 2930 2359 a
2967 2306 3122 2360 nobis
3152 2307 3469 2375 episcopum

1894 2396 2081 2463 recipi,
2138 2411 2243 2465 qua
2304 2398 2535 2451 laicusa
2575 2398 2730 2451 vobis
2800 2400 3082 2466 recipitur.
3145 2400 3201 2453 Si
3265 2403 3469 2457 erranti

1894 2489 2147 2543 concedis
2180 2489 2416 2554 veniam,
2460 2499 2514 2543 et
2562 2506 2662 2561 ego
2700 2491 2925 2561 ignosco
2977 2495 3288 2562 prenitenti.
3325 2492 3381 2547 Si
3419 2495 3468 2555 iu

1896 2580 1999 2634 lide
2028 2595 2125 2634 sua
2166 2582 2441 2652 baptizata
2493 2579 2599 2655 [ΑΙ.
2635 2582 2999 2656 baptizatum]
3054 2584 3339 2653 baptizans
3374 2600 3474 2638 nil-9

1892 2689 2017 2730 cere
2046 2692 2151 2729 non
2187 2678 2382 2745 potuit,
2418 2679 2550 2731 etin
2590 2676 2695 2732 ﬁde
2751 2692 2849 2732 sua
2888 2679 3230 2733 sa‘cerdoteu
3261 2683 3473 2734 cons-ti—

1894 2778 2070 2823 tutum
2127 2770 2470 2828 constituens
2539 2788 2644 2825 non
2707 2772 3033 2842 inquinavit.
3094 2773 3326 2827 Subtilis
3386 2782 3473 2836 est

1894 2861 2139 2926 lueresis,
2172 2872 2223 2916 et
2252 2863 2373 2915 ideo
2399 2862 2676 2932 simplices
2700 2864 2898 2917 animze
2927 2863 3084 2921 facile
3101 2864 3471 2934 decipiuntur.

1898 2953 2149 3021 Deceptio
2201 2963 2309 3006 tam
2366 2954 2489 3007 lillCl
2524 2970 2686 3023 quam
2738 2956 2977 3026 episcopi
3015 2958 3324 3011 communis
3366 2967 3467 3019 est,

1892 3047 1959 3101 At
1988 3050 2280 3117 episcopus
2307 3062 2494 3101 errare
2527 3062 2632 3101 non
2669 3049 2868 3118 potuit.
2900 3048 3108 3105 Revera
3132 3050 3197 3104 de
3227 3050 3472 3110 Platonis

1892 3140 2367 3209 etAristOphanis
2399 3141 2521 3193 sinu
2578 3140 2631 3194 in
2691 3142 3073 3211 episcopatum
3152 3145 3469 3215 ulli-guntun

196 3250 365 3303 stum,
398 3238 643 3291 nondum
687 3238 825 3290 enim
864 3237 1125 3290 ceciderat
1161 3252 1320 3305 super
1363 3240 1533 3291 ullum
1575 3238 1787 3293 illorum
1818 3235 1860 3290 C
1896 3232 2008 3306 [ΑΙ.
2048 3231 2371 3303 eliguntur].
2398 3231 2608 3299 Quotus
2643 3234 2784 3288 enim
2820 3235 3052 3304 quisque
3081 3245 3185 3299 est,
3222 3238 3315 3305 qui
3358 3254 3466 3302 non

202 3328 370 3410 (Ibid.
406 3329 635 3396 i446).
675 3326 787 3383 Cur
815 3329 889 3382 ita
912 3327 1115 3382 factum
1148 3329 1242 3394 sit,
1292 3332 1349 3384 in
1398 3335 1787 3401 consequenti-

201 3424 321 3477 bus-
346 3422 529 3477 disce.
587 3421 708 3491 Ipse
762 3421 907 3474 enim
972 3424 1090 3474 ait:
1127 3420 1235 3476 Sed
1287 3423 1461 3476 solum
1527 3424 1789 3493 baptizali

196 3524 352 3573 erant
387 3516 441 3567 in
477 3514 693 3569 nomine
736 3512 943 3567 Domini
979 3510 1132 3567 Iesu.
1176 3513 1322 3569 Tunc
1353 3518 1691 3582 imponebnnt
1723 3520 1790 3571 il-

196 3609 263 3661 lis
293 3624 512 3667 manus,
554 3617 604 3659 et
635 3603 964 3668 accipiebant
1009 3604 1271 3675 Spiritum
1318 3622 1559 3661 sanctum
1612 3609 1779 3680 (Ibid.

198 3702 288 3766 16,
317 3702 434 3767 17).
473 3699 587 3757 Hoc
631 3700 749 3752 loco
787 3699 837 3752 si
870 3707 923 3753 et
951 3708 1005 3751 tu
1039 3699 1291 3753 similiter
1322 3708 1375 3756 te
1413 3702 1589 3757 facere
1625 3704 1783 3770 dicis,

195 3794 322 3865 quia
354 3793 608 3848 heretici
638 3806 744 3847 non
788 3792 1206 3860 baptizaverunt
1238 3793 1291 3846 in
1323 3792 1529 3864 Spiritu
1567 3806 1784 3862 sancto,

196 3892 344 3944 scias
378 3886 695 3956 Philippum
743 3885 813 3940 ab
844 3887 1109 3954 apostolis
1156 3903 1267 3943 non
1317 3888 1488 3946 fuisse
1522 3894 1782 3959 divisum,

193 3984 450 4039 eamdem
511 3982 770 4053 habuisse
824 3980 1148 4043 Ecclesium,
1200 3983 1453 4037 eumdem
1491 3986 1780 4040 Dominum

193 4075 384 4131 Jaum
405 4072 694 4129 Christum
720 4073 1045 4140 praedicasse
1074 4089 1088 4129 :
1114 4073 1407 4128 diaconum
1436 4089 1581 4131 certe
1617 4079 1785 4134 fuisse

195 4182 417 4232 ωηο,
466 4167 563 4235 qui
610 4176 796 4235 postea
844 4180 1037 4219 manus
1092 4164 1490 4235 imposuerunt.
1528 4168 1606 4227 Tu
1658 4188 1784 4227 vero

195 4279 322 4317 cum
355 4260 506 4329 apud
528 4254 775 4312 'Arisnos
822 4273 933 4313 non
984 4256 1288 4313 Ecclesiani
1322 4260 1474 4315 dicas
1504 4278 1647 4327 esse,
1688 4266 1781 4320 sed

195 4368 533 4426 synagogam
565 4369 581 4419 ;
615 4366 715 4405 nec
736 4351 972 4405 clericos
1001 4350 1118 4413 Dei.
1155 4350 1251 4412 sed
1285 4364 1553 4410 creatura:
1583 4366 1637 4412 ct
1667 4358 1785 4412 ido-

194 4448 378 4501 lorum
412 4447 674 4505 cultores,
702 4443 979 4512 quomodo
1011 4444 1065 4498 in
1097 4443 1305 4515 dispari
1335 4460 1503 4502 causa
1532 4450 1780 4507 eamdem

195 4542 402 4597 asseris
436 4540 705 4593 rationein
742 4548 795 4591 te
829 4545 1034 4593 tenere.

268 4636 356 4689 l0.
412 4631 477 4686 L.
530 4629 786 4684 Valenter
828 4630 1044 4694 quidem
1080 4638 1135 4684 et
1174 4630 1282 4685 ﬁxo
1316 4633 1485 4703 gradu
1542 4651 1629 4691 me
1682 4639 1775 4694 tibi

196 4730 249 4783 in
307 4728 511 4782 faciem
545 4724 897 4779 dimicantem
949 4722 1211 4792 repellis;
1266 4724 1363 4781 sed
1399 4736 1522 4795 post
1566 4738 1777 4801 tergum

266 4936 284 4966 ι
317 4931 419 4988 las
466 4926 823 4997 consignandi
860 4927 1187 4998 presbyteris
1244 4943 1351 4984 non
1418 4929 1653 4987 obscure
1687 4947 1768 4988 as.

196 5006 349 5064 serit,
388 5000 510 5071 qui_
535 5002 705 5071 etiam,
738 5014 896 5071 nsum
938 4998 1241 5071 aliquando
1272 5000 1509 5071 permitti
1556 5002 1635 5071 in,
1662 5006 1777 5071 cpi-

194 5075 334 5129 stola
366 5068 433 5125 ad
470 5068 826 5136 Evangelium
861 5069 1122 5124 indicavit
1152 5086 1167 5125 :
1212 5088 1230 5120 ι
1266 5069 1407 5136 Quid
1442 5072 1587 5125 enim
1618 5068 1771 5138 facit,

194 5154 445 5213 excepta
494 5139 879 5213 ordinatione;
922 5141 1214 5213 episcopus
1272 5142 1418 5209 quod
1493 5143 1775 5213 presbyter

196 5229 303 5267 non
337 5208 516 5266 iaciat
549 5210 573 5262 ?
616 5228 633 5260 ι
677 5208 742 5263 Et
771 5208 823 5262 in
842 5208 1262 5264 Commentariis
1292 5208 1569 5265 Ambrosii
1597 5208 1772 5267 nomi-

195 5299 262 5338 ne
291 5283 529 5350 vulgatis
575 5282 626 5333 in
668 5278 869 5351 Ephes.
913 5296 1009 5335 iv:
1058 5297 1077 5331 ‹
1110 5282 1265 5348 Apud
1302 5279 1600 5351 Egyptum
1650 5299 1771 5350 pre-

196 5357 401 5423 sbyteri
434 5352 779 5413 consignant.
810 5350 853 5402 si
884 5365 1126 5423 przesens
1164 5365 1271 5403 non
1300 5352 1372 5405 sit
1400 5350 1710 5421 episcopus.
1747 5373 1764 5405 ι

212 5420 373 5476 Paria
410 5425 575 5478 habet
611 5428 765 5473 vetus
810 5430 1001 5474 auctor
1029 5420 1402 5484 Quaestionum
1437 5437 1503 5475 ex
1533 5433 1771 5484 utroque

212 5440 373 5476 farta
410 5440 575 5478 naues
611 5440 765 5473 VCLUS
810 5440 1001 5474 IUClOl‘
1029 5440 1402 5484 υυωειιοιιιιιῐι
1437 5440 1503 5475 ex
1533 5440 1657 5475 ller
1702 5441 1771 5479 ue

198 5493 444 5548 Testam.
478 5492 685 5545 mixtim
723 5493 867 5543 inter
900 5490 1191 5559 Augustini
1225 5505 1386 5561 opera
1424 5508 1437 5544 :
1475 5503 1636 5559 atque
1664 5440 1772 5550 rliic

197 5580 333 5617 usus
360 5565 660 5617 etiamnum
695 5562 899 5614 dicitur
923 5562 1068 5630 apud
1098 5561 1318 5616 Grzecos
1360 5563 1632 5616 obtinere.
1679 5564 1768 5618 lu-

197 5637 485 5687 noccntius
546 5643 725 5685 tamen
753 5633 953 5685 celebri
990 5633 1061 5684 ita
1096 5636 1161 5701 ad
1211 5632 1524 5691 Decentium
1571 5634 1773 5701 episto-

201 5707 246 5755 la
277 5721 291 5756 :
328 5722 348 5755 ι
385 5708 457 5758 De
492 5704 879 5772 consignandis
912 5716 1044 5755 vero
1081 5700 1382 5756 infantibus
1415 5703 1768 5772 manifesmnt

198 5785 281 5827 est
312 5781 384 5827 ab
415 5774 545 5834 alio,
582 5770 744 5841 quam
777 5774 1038 5842 episcopo
1084 5772 1197 5826 fieri
1230 5772 1415 5827 licere.
1445 5770 1578 5824 Nam
1642 5790 1765 5841 pro.

198 5845 403 5910 sbyteri
444 5845 570 5898 licet
600 5844 821 5897 secundi
860 5844 1003 5898 sicut
1050 5845 1383 5913 sacerdotes,
1415 5843 1766 5913 pontificatus

202 5924 386 5968 tamen
416 5915 628 5985 apicem
659 5930 768 5971 non
802 5916 1021 5975 habent.
1058 5912 1171 5969 lloc
1206 5925 1384 5974 autem
1420 5912 1763 5987 pontificium

1894 3328 2140 3400 apprime
2173 3326 2225 3381 in
2278 3328 2363 3380 bis
2395 3326 2647 3382 eruditus
2694 3327 2805 3381 sit?
2839 3327 3081 3398 Denique
3116 3345 3178 3387 cx
3215 3330 3469 3393 litteratis

1892 3421 2206 3489 quicunque
2258 3418 2418 3472 hodie
2452 3419 2799 3480 ordfnantur.
2834 3418 2883 3475 id
2918 3419 3120 3476 habent
3166 3436 3333 3485 curat,
3360 3438 3466 3487 non

1890 3511 2170 3583 quomodo
2242 3511 2650 3581 Scripturarum
2723 3511 2991 3566 medullas
3043 3512 3309 3575 obibant,
3372 3519 3466 3579 sed

1891 3608 2166 3677 quomodo
2237 3622 2401 3662 aures
2460 3607 2644 3681 populi
2716 3606 3142 3667 declamatorum
3223 3608 3468 3674 ﬂosculis

1892 3701 2188 3754 nuilccant.
2255 3700 2480 3753 Accedit
2530 3701 2596 3752 ad
2646 3699 2769 3760 hoc.
2821 3700 2965 3768 quod
3001 3699 3204 3753 Ariana
3241 3702 3464 3757 luvresii

1890 3795 2064 3863 magis
2118 3808 2240 3847 cum
2302 3792 2571 3862 sapientia
2623 3794 2809 3847 δεῖευιί
2841 3791 2992 3855 facit,
3025 3804 3078 3847 et
3110 3804 3463 3863 argumenta.

1888 3890 2099 3941 tionum
2163 3886 2309 3939 rivos
2354 3886 2420 3941 de
2464 3885 2782 3940 Aristotelis
2841 3886 3090 3947 fontibus
3154 3897 3461 3954 mutuatur,

1885 3979 2055 4053 Igitur
2085 3978 2437 4048 parvulorum
2493 3978 2635 4032 inler
2668 3992 2724 4032 se
2772 3980 3098 4052 certantium
3145 3980 3271 4047 ritu,
3300 3983 3462 4048 quidq

1885 4077 2014 4146 quid
2042 4075 2269 4133 dixeris.
2303 4071 2480 4125 dicam
2517 4090 2532 4124 :
2565 4070 2887 4135 allirmabis,
2934 4070 3224 4124 allirmaho
3252 4091 3265 4125 :
3296 4089 3461 4144 negas

1885 4168 1991 4233 bis,
2026 4165 2253 4236 negabo.
2282 4163 2517 4218 Arianus
2546 4162 2775 4231 baptizat
2800 4203 2813 4223 ,
2850 4178 2979 4231 ergo
3014 4162 3306 4235 episcopus
3340 4172 3458 4217 est:

1888 4276 1998 4315 non
2036 4258 2293 4327 baptizat,
2329 4265 2385 4309 tu
2420 4254 2595 4309 refota
2635 4254 2860 4317 laicum,
2892 4263 2943 4309 et
2986 4271 3085 4321 ego
3112 4271 3217 4309 non
3256 4256 3460 4324 recipio

1886 4356 2248 4410 sacerdotem.
2298 4349 2509 4425 Sequar
2538 4358 2589 4403 te
2634 4363 2965 4417 quocunque
2990 4348 3143 4417 ieris,
3178 4358 3271 4401 aut
3304 4349 3453 4421 paria

1886 4461 1968 4509 ter
2002 4451 2054 4503 in
2099 4448 2212 4502 luto
2248 4443 2656 4505 haasitabimus,
2691 4453 2785 4495 aut
2817 4442 3024 4511 pariter
3077 4442 3455 4510 expedit-mur,

1963 4540 2047 4594 l2.
2082 4536 2346 4594 Solemnis
2372 4533 2720 4601 interrogatio
2749 4533 2803 4585 in
2832 4531 3115 4599 baptismo.
3146 4562 3211 4573 —-
3248 4531 3310 4585 L.
3344 4531 3453 4595 Sed

1886 4635 2029 4689 laico
2062 4634 2181 4686 ideo
2215 4627 2608 4699 ignoscendum
2657 4634 2763 4691 est,
2798 4623 2958 4695 184
2994 4624 3120 4691 quia
3156 4622 3453 4687 Ecclesiam

1888 4728 2241 4796 Di‘igputans,
2296 4720 2621 4790 simpliciter
2677 4726 2933 4781 accessit,
2967 4724 3021 4770 et
3082 4718 3236 4786 juxta
3295 4716 3454 4780 fidem

1882 4933 2014 4989 Solis
2045 4926 2233 4985 deberi
2264 4923 2559 4995 episcopis,
2590 4931 2649 4977 ut
2681 4922 2762 4978 vel
2797 4922 3140 4991 consignant,
3174 4924 3254 4977 vel
3290 4939 3449 4991 para-

1880 5006 2079 5058 cletnm
2132 4998 2395 5066 Spiritum
2430 4998 2669 5057 tradant,
2708 5010 2814 5045 non
2874 4996 3050 5066 solum
3111 5000 3455 5048 consuetudo

1878 5064 2251 5126 ecclesiastica
2293 5070 2658 5125 demonstrat,
2694 5080 2880 5117 verum
2915 5073 2967 5115 et
3002 5064 3087 5114 illa
3142 5067 3299 5117 lectio
3346 5070 3453 5117 Ac-

1877 5150 2031 5197 tuuiu
2061 5138 2456 5206 apostolorum.
2498 5152 2516 5185 ι
2545 5144 2653 5206 ete_.
2685 5134 2887 5206 Confer
2928 5132 3253 5206 S._,Gregor.
3310 5134 3448 5188 Μειει,

1879 5216 1917 5267 ι,
1956 5228 2030 5271 ιν,
2078 5202 2166 5278 ep.
2200 5207 2265 5259 ad
2318 5206 2574 5260 Jaiiuar.:
2611 5204 2783 5278 Tolet.
2838 5202 3051 5257 Coucil.
3084 5216 3123 5267 t,
3177 5218 3299 5257 can.
3358 5206 3451 5261 ‘20.

1876 5275 2206 5338 Aransican.
2234 5279 2392 5331 Iidem
2424 5278 2471 5335 l,
2501 5275 2719 5328 can.ll.

1948 5355 1967 5385 ²
2000 5353 2158 5406 Falso
2213 5349 2576 5408 lllartiamcus,
2606 5347 2662 5396 in
2700 5344 2905 5397 lectulis
2961 5360 3056 5414 pro
3108 5344 3327 5410 vilullis,
3360 5356 3452 5407 aut

1874 5427 2249 5564 t'c:l’l'rii.pre5si
2294 5488 2521 5560 aliquot,
2553 5489 2813 5560 dignitate
2853 5504 2914 5541 ac
2940 5489 3273 5542 veneratione
3325 5506 3450 5543 ron~

1873 5575 2085 5689 m‘ufliui
2130 5635 2174 5687 si
2224 5649 2328 5686 non
2385 5646 2589 5684 exsors.
2653 5628 2777 5683 Mss.
2817 5629 3035 5683 codices
3090 5630 3159 5681 ita
3213 5632 3449 5697 legunt;

1880 5726 1899 5760 ι
1931 5707 2030 5765 Cui
2087 5706 2131 5759 si
2173 5720 2274 5756 non
2328 5705 2436 5757 lucc
2498 5716 2610 5753 sors
2662 5700 2907 5770 qna-dam
2964 5700 3110 5751 etab
3150 5702 3449 5763 hominith

1872 5780 2106 5831 eminens
2138 5775 2293 5828 detur
2321 5780 2572 5845 potestas,
2604 5789 2622 5821 ι
2659 5780 2767 5845 etc.
2799 5772 2902 5845 Sed
2936 5772 3155 5845 videtur
3184 5772 3294 5823 lucc
3339 5790 3451 5839 sor;

1876 5850 2111 5918 positum
2150 5862 2246 5916 pro
2279 5842 2483 5901 essors.
2516 5860 2534 5894 ι
2567 5842 2713 5911 quod
2744 5842 2875 5905 satis
2906 5857 3012 5903 non
3056 5843 3449 5917 intelligi-haut.

1884 5922 2144 5985 MisRTIAN.
