4218 6474
761 388 832 454 75
1888 378 1950 436 S.
1991 371 2310 436 EUSEBII
2337 370 2632 433 HiEBON
2648 374 2776 432 Yall

3883 374 3992 436 176

723 519 876 560 suam
917 501 1146 560 credens
1171 499 1483 572 baptizatus
1515 502 1620 553 est.
1661 495 1724 551 0.
1761 494 1965 548 Novam
2000 508 2114 549 rem
2141 505 2292 545 asse-
2323 492 2366 546 Λ
2397 502 2516 555 que
2580 500 2840 544 contento
2885 507 3062 547 nervo
3121 490 3400 564 dirigitur,
3460 491 3676 546 dil‘lieile
3755 491 3986 545 vitatur-

723 599 823 664 ris,
859 606 917 651 ut
939 594 1286 651 Christianus
1335 593 1628 664 quisquam
1665 589 1841 642 laetus
1881 587 1952 642 sit
1982 586 2048 639 ab
2074 599 2159 645 eo.
2198 581 2292 651 qui

723 710 828 751 non
884 693 986 748 fuit
1015 692 1390 748 Christianus.
1432 686 1714 742 Accedens
1761 683 1827 737 ad
1890 680 2121 735 [triarios
2157 677 2195 740 ‘,
2239 674 2292 727 in

721 808 826 860 qua
852 790 959 844 ilde
995 787 1297 859 baptizatus
1333 782 1457 838 est?
1501 778 1704 850 Nempe
1737 779 1792 832 in
1829 791 1891 831 ea
1933 787 2093 843 quam
2131 770 2296 823 habe-

723 884 854 940 bant
910 880 1124 938 Ariani.
1182 880 1285 931 Ant
1333 876 1375 930 si
1417 874 1531 944 jam
1584 874 1698 942 ipse
1756 870 1892 924 bene
1942 865 2296 926 credehatmt

724 978 905 1032 sciens
933 976 1001 1029 ab
1034 971 1305 1026 haareticis
1341 967 1652 1037 baptizatus
1707 973 1810 1022 est.
1839 960 2046 1015 erroris
2078 960 2295 1011 veniam

725 1087 832 1126 non
865 1077 1118 1125 uteretur.
1151 1063 1346 1118 Verum
1380 1063 1483 1116 hoc
1517 1059 1735 1129 penitus
1783 1055 2082 1110 absurdum
2115 1062 2218 1114 est,
2241 1064 2298 1104 ut

724 1162 1025 1233 discipulus
1053 1159 1117 1213 ad
1159 1158 1482 1227 magistrum
1532 1153 1736 1206 vadens
1795 1159 1920 1203 ante
1977 1148 2046 1201 sit
2103 1144 2297 1198 artifex

725 1272 887 1330 quam
915 1253 1214 1318 doceatur;
1247 1261 1304 1304 ιιι
1331 1249 1493 1302 modo
1525 1246 1593 1299 ab
1635 1243 1906 1298 idolorum
1942 1239 2291 1296 veneratione

723 1365 1048 1416 conversus,
1077 1343 1288 1400 noverit
1325 1340 1603 1396 Christum
1639 1339 1836 1393 melius
1858 1350 2017 1406 quam
2059 1333 2146 1386 ille
2206 1330 2297 1399 qui

724 1447 939 1500 doceat.
977 1443 1043 1494 At
1067 1438 1202 1494 dicis
1234 1455 1250 1490 :
1298 1435 1630 1504 Simpliciter
1663 1432 1716 1486 in
1749 1430 1926 1492 Patre,
1970 1437 2022 1482 et
2062 1426 2219 1491 Filio,
2249 1434 2301 1479 et

726 1535 929 1605 Spiritu
958 1539 1151 1586 sancto
1181 1525 1415 1583 credidit
1450 1533 1502 1580 et
1541 1523 1664 1578 ideo
1697 1521 1968 1590 baptisma
2024 1533 2295 1573 consecu-

719 1636 813 1681 tus
844 1637 948 1682 esu.
976 1623 1108 1690 Qua:
1159 1631 1239 1677 est
1294 1619 1419 1682 ista,
1449 1630 1655 1686 quaeso,
1686 1613 2035 1684 simplicitas,
2077 1613 2294 1666 nescire

725 1719 872 1790 quod
900 1716 1130 1773 credas?
1166 1710 1505 1782 Simpliciter
1556 1707 1807 1763 credidit.
1853 1705 1991 1773 Quid
2039 1702 2307 1759 credidit?

2403 585 2541 634 Ante
2571 582 2719 637 enim
2749 581 2816 645 ad
2850 597 3000 650 eum,
3038 585 3105 638 ad
3157 598 3319 653 quem
3369 583 3514 650 jacta
3575 594 3658 638 est
3710 585 3985 650 pervenit,

2403 690 2566 742 quam
2601 675 2759 730 obice
2797 676 2955 744 clipei
2979 675 3296 734 fruatretur.
3329 677 3369 731 E
3399 678 3676 732 contrario
3711 688 3819 731 line
3859 693 3992 746 pro-

2405 769 2728 838 positiones,
2770 767 2901 837 quia
2933 769 3053 823 sine
3089 768 3216 822 ferri
3252 770 3503 823 acumine
3539 770 3856 834 mittuntur,
3888 770 3989 822 lto-

2408 873 2545 915 stem
2606 878 2712 915 non
2768 863 2950 916 valent
3017 861 3316 933 pcrl‘orare.
3374 862 3527 916 "anc
3563 863 3730 932 igitur
3772 865 3990 915 hastam

2405 970 2566 1024 quam
2612 957 2741 1008 totis
2782 956 2994 1009 viribus
3050 957 3267 1020 misisti,
3306 956 3373 1010 de
3404 971 3510 1023 qua
3552 955 3706 1012 nobis
3767 955 3996 1008 minita-

2408 1048 2509 1111 ris,
2547 1062 2678 1110 tino,
2715 1055 2773 1100 tit
2803 1047 2979 1111 aiunt,
3014 1049 3243 1118 digitulo
3284 1048 3566 1118 repellam.
3600 1047 3788 1117 Neque
3839 1049 3992 1100 enim

2407 1141 2510 1194 hoc
2545 1142 2705 1194 modo
2754 1141 3043 1211 quaeritur,
3077 1158 3141 1195 an
3177 1145 3474 1214 cpiscopus
3536 1145 3814 1212 paenitens
3863 1157 3994 1196 esse

2405 1251 2511 1288 non
2551 1237 2744 1304 possit,
2769 1245 2822 1289 et
2853 1236 3028 1290 laicus
3063 1236 3279 1306 possit?
3306 1237 3398 1291 sed
3437 1253 3501 1290 an
3537 1237 3828 1290 hereticus
3867 1236 3996 1303 hapo

2408 1330 2567 1384 tisma
2627 1329 2860 1384 habeat?
2899 1331 2993 1401 qtti
3050 1333 3119 1397 si,
3178 1342 3240 1386 ut
3284 1340 3520 1391 constat.
3557 1330 3820 1400 baptisma
3881 1343 3995 1381 non

2411 1426 2590 1487 habet,
2625 1423 2900 1492 quomodo
2957 1432 3137 1493 potest
3186 1441 3310 1480 esse
3361 1424 3653 1494 pmuitens,
3689 1436 3993 1489 antequam

2408 1515 2800 1571 Christianus?
2849 1515 3022 1570 Proba
3078 1516 3208 1569 mihi
3245 1518 3313 1570 ab
3376 1517 3596 1569 Ariauis
3676 1515 3994 1566 venientem

2409 1610 2608 1665 laicam
2652 1610 2849 1663 habere
2883 1608 3238 1677 baptismum,
3277 1619 3324 1663 et
3358 1618 3486 1663 tunc
3519 1609 3568 1662 ei
3605 1608 3992 1677 pmttitentizun

2413 1719 2518 1756 non
2559 1701 2788 1772 negabo.
2827 1701 2885 1753 Si
2927 1715 3057 1755 vero
3091 1700 3454 1756 Christianus
3516 1717 3621 1754 non
3660 1711 3762 1762 est,
3799 1699 3845 1753 si
3883 1715 3994 1750 non

725 1820 872 1867 certe
898 1817 993 1863 aut
1029 1807 1132 1862 tria
1170 1804 1395 1861 nomina
1443 1800 1695 1863 audiens,
1724 1807 1836 1854 tres
1881 1799 2015 1851 deos
2049 1794 2301 1856 credidit,
2341 1839 2383 1896 Β
2413 1795 2664 1849 habuerit
2691 1797 3030 1848 sacerdotem
3064 1793 3153 1863 qui
3187 1809 3312 1848 eum
3351 1793 3555 1848 laceret
3584 1793 3996 1850 Christianum.

724 1912 778 1958 et
818 1900 1105 1957 idololatra
1165 1897 1388 1953 ell'ectus
1436 1903 1560 1957 est;
1595 1901 1688 1946 aut
1721 1891 1773 1944 in
1818 1889 1991 1943 tribus
2028 1885 2306 1941 vocabulis

724 1991 1078 2048 trinominem
1131 1986 1362 2044 credens
1416 1983 1610 2048 Deum,
1655 1983 1710 2036 in
1767 1980 1988 2037 Sabellii
2051 1980 2306 2034 haeresim

725 2085 984 2141 incurrit.
1008 2082 1115 2138 Aut
1139 2081 1367 2135 edoctus
1406 2077 1474 2132 ab
1496 2077 1738 2138 Arianis,
1765 2089 1931 2128 unum
1970 2088 2091 2128 esse
2120 2088 2308 2126 verum

731 2175 902 2231 Deum
932 2175 1175 2236 Patrem,
1199 2167 1424 2234 Filium,
1456 2177 1510 2222 et
1547 2163 1813 2234 Spit-itum
1865 2172 2110 2216 sanctum
2139 2159 2312 2215 credi-

721 2268 804 2325 dit
827 2274 1132 2323 creaturas.
1165 2263 1270 2316 Aut
1297 2267 1450 2314 extra
1484 2257 1598 2311 lucc
1627 2255 1755 2326 quid
1792 2254 2014 2309 credere
2047 2255 2306 2322 potuerit,

726 2362 916 2419 nescio
948 2377 964 2415 :
997 2357 1098 2413 nisi
1135 2356 1276 2410 forte
1318 2353 1484 2407 homo
1513 2349 1622 2419 jam
1664 2350 1898 2402 eductus
1932 2347 1982 2400 in
2017 2345 2308 2415 Capitolio,

729 2451 1052 2509 liomousion
1108 2447 1378 2502 didicerat
1427 2442 1773 2497 Trinitatem.
1807 2437 2026 2492 Sciebat
2068 2439 2309 2503 Patrem,

722 2544 950 2614 Filium,
980 2550 1033 2598 et
1064 2539 1326 2610 Spiritum
1368 2543 1638 2598 sanctum,
1675 2547 1782 2585 non
1813 2539 2027 2593 natura,
2064 2530 2157 2584 sed
2192 2545 2312 2598 per-

727 2637 880 2692 sonis
917 2648 1038 2689 esse
1063 2629 1292 2684 divisos.
1321 2625 1546 2682 Sciebat
1571 2634 1626 2677 et
1658 2621 1777 2676 Filii
1813 2637 2008 2676 nomen
2044 2623 2096 2674 iu
2128 2619 2310 2682 Patre.

724 2738 783 2782 et
817 2725 995 2780 Patris
1028 2737 1223 2776 nomen
1261 2721 1313 2774 itt
1342 2718 1481 2773 Filio
1510 2718 1555 2771 '.
1587 2713 1834 2770 Ridicula
1888 2715 2104 2783 penitus
2135 2729 2313 2766 asser-

733 2823 831 2884 tio,
868 2828 995 2873 ante
1029 2818 1094 2872 do
1137 2816 1240 2870 [ide
1305 2813 1614 2884 qttempiam
1662 2811 1964 2880 disputare,
1994 2824 2156 2878 quam
2190 2822 2310 2861 cre-

728 2910 900 2977 dere;
935 2917 1061 2962 ante
1111 2905 1431 2977 mysterium
1490 2904 1650 2966 scire,
1685 2917 1848 2970 quam
1910 2900 2156 2954 initiatus
2199 2899 2307 2964 sit;

731 3001 892 3055 aliter
922 2999 989 3053 de
1025 2998 1136 3053 Deo
1175 2997 1380 3051 sentire
1426 2995 1816 3064 baptizantcm,
1857 3001 1910 3046 et
1939 2992 2097 3045 aliter
2133 2993 2311 3060 bapti-

732 3104 935 3148 lutum.
1013 3090 1278 3145 Praterea
1347 3102 1471 3142 cum
1542 3088 1782 3141 solemne
1849 3087 1919 3140 sit
1983 3087 2034 3140 in
2097 3085 2312 3138 lavacro

2413 1885 2688 1956 quomodo
2746 1893 2870 1955 aget
2921 1883 3304 1954 penitentiam
3363 1884 3695 1954 homo,'qui
3757 1883 3996 1937 necdu‘u

2410 1980 2620 2035 credit?

2488 2075 2570 2129 Η.
2608 2073 2666 2128 Ι..
2696 2071 2805 2127 0m
2843 2085 2899 2128 te
2924 2081 2999 2136 ut.
3026 2071 3474 2142 pbilosoMorum
3513 2069 3998 2141 argumentatione

2412 2167 2680 2236 deposita,
2713 2165 3021 2222 Christiana
3057 2179 3271 2219 mecum
3322 2165 3678 2233 simplicitate
3716 2162 3997 2231 loquaris,

2411 2261 2457 2317 si
2494 2269 2672 2314 tamen
2726 2275 2836 2313 non
2890 2259 3208 2313 dialecticos
3259 2261 3510 2327 sequaris
3537 2257 3644 2329 [ΑΙ.
3677 2253 3991 2326 sequeris},

2412 2354 2506 2408 sed
2540 2355 2866 2422 piscatores.
2895 2352 3208 2422 .Equnntne
3269 2352 3367 2406 tibi
3400 2352 3630 2414 videtur,
3667 2361 3724 2403 ut
3751 2352 4000 2404 Arianus

2413 2450 2704 2519 episcopus
2731 2446 2842 2500 sit?
2875 2445 2938 2500 0.
2973 2446 3052 2500 Ttt
3093 2460 3217 2499 eum
3254 2447 3569 2515 episcopum
3615 2445 3834 2514 probas,
3860 2441 3999 2512 quia

2415 2538 2484 2592 ab
2519 2553 2582 2590 eo
2627 2537 2822 2607 recipis
2884 2537 3246 2606 baptizatum,
3280 2548 3331 2591 et
3361 2537 3412 2590 iu
3448 2537 3548 2589 hoc
3581 2537 3907 2604 reprehendi
3934 2553 4001 2586 n-

2415 2631 2515 2684 dus
2545 2645 2626 2694 es,
2656 2644 2825 2698 quare
2857 2646 2886 2684 a
2923 2629 3081 2684 nobis
3113 2630 3417 2699 parietibus
3447 2628 3746 2697 srpararia.
3780 2643 3905 2681 cum
3940 2627 3996 2679 in

2421 2721 2522 2774 lide
2552 2731 2605 2774 et
2642 2721 2694 2774 in
2749 2721 3076 2775 Arianorum
3131 2721 3417 2776 nobiscum
3478 2721 3794 2790 receptinne
3849 2735 4002 2785 cori-7

2417 2812 2885 2869 setttialeJam
2919 2825 2969 2868 et
3002 2813 3253 2878 superius
3307 2814 3512 2878 rozavi,
3547 2828 3598 2866 ut
3649 2828 3757 2865 non
3813 2812 4000 2880 phil-t-

2417 2907 2660 2975 snpliice,
2689 2907 2780 2960 sed
2804 2906 3112 2962 Christiane
3144 2921 3352 2959 mecum
3401 2905 3661 2975 loquaris.
3698 2903 3934 2959 0.Disce
3971 2921 4000 2958 e

2416 2997 2518 3065 vis,
2552 3015 2616 3051 an
2671 2997 2985 3050 contendis?
3019 2997 3080 3051 L.
3120 2998 3322 3066 Utique
3361 2998 3653 3051 contendo.
3703 2999 3827 3066 quia
3864 2997 3998 3051 fat-2i

2420 3093 2496 3144 tui
2534 3108 2560 3143 a
2599 3102 2648 3143 te
2681 3105 2863 3159 qner
2899 3089 3195 3144 rationem.
3228 3088 3290 3144 0.
3323 3089 3378 3142 Si
3411 3090 3714 3155 contendis,
3747 3091 3855 3156 iam
3899 3092 3998 3142 tii-i

733 3193 860 3255 post
909 3183 1195 3238 Trinitatis
1251 3179 1658 3237 οοῐὶΐυεεῖοηεω
1693 3180 2054 3248 interrogare.
2107 3177 2300 3232 Credis
2338 3222 2380 3275 (η
2423 3199 2740 3250 responsum
2788 3194 2891 3236 e5t.
2924 3182 3126 3236 Eadem
3151 3183 3297 3236 enim
3349 3182 3558 3237 ratione
3577 3183 3897 3251 episcopum
3927 3187 4002 3235 ab

730 3286 979 3331 sanctam
1013 3274 1312 3330 Ecclesiam
1351 3272 1418 3325 '?
1451 3271 1629 3327 credis
1675 3270 2059 3326 remissionem
2113 3286 2310 3341 pecca-

735 3371 961 3425 torum?
1004 3369 1180 3434 Quam
1241 3366 1541 3420 Ecclesiam
1600 3365 1900 3421 credidisse
1953 3380 2078 3418 eum
2141 3363 2311 3417 dicis?

735 3461 1106 3520 Arianorum?
1142 3459 1234 3517 sed
1272 3474 1378 3512 non
1417 3459 1639 3512 habent.
1679 3456 1979 3512 Nostram?
2012 3455 2105 3510 sed
2157 3464 2308 3508 extra

738 3561 880 3609 hanc
926 3554 1232 3624 baptizatus
1288 3566 1392 3606 non
1454 3550 1629 3620 potuit
1687 3564 1806 3605 eam
1863 3548 2107 3611 credere,
2146 3562 2308 3618 quant

739 3664 854 3703 ιιοε(
873 3646 991 3701 ivit.

808 3744 896 3798 15.
926 3741 987 3796 L.
1021 3741 1288 3808 Quoniam
1328 3741 1392 3794 ad
1440 3739 1626 3794 omnia
1687 3736 1981 3807 argutaris,
2009 3745 2063 3791 et
2114 3737 2311 3790 emissa

734 3853 767 3891 ι
799 3837 958 3890 nobis
992 3833 1201 3902 spicula
1236 3841 1392 3886 scuto
1445 3829 1711 3884 orationis
1744 3827 1943 3889 cludis.
1976 3843 2140 3880 unam
2206 3830 2308 3880 lia-

735 3940 876 3983 Itam
904 3925 1127 3994 iaciam,
1158 3940 1281 3994 quae
1310 3923 1605 3976 umbonem
1644 3921 1901 3990 tegminis
1927 3921 2025 3982 tui,
2063 3931 2115 3974 et
2153 3922 2310 3974 verba

738 4019 1088 4088 crepitantia,
1134 4016 1185 4068 vi
1243 4029 1339 4069 sua
1386 4021 1667 4081 penetret,
1722 4026 1822 4066 nec
1881 4011 2086 4066 diutius
2136 4012 2313 4082 patiar

737 4114 1115 4169 fortitudinem
1147 4120 1263 4166 arte
1304 4106 1742 4178 superari.185
1791 4106 1989 4162 Laieus
2021 4109 2181 4161 etiam
2213 4124 2308 4162 ex-

738 4220 819 4261 tra
852 4205 1150 4260 Ecclesiatn
1184 4203 1286 4259 fido
1315 4203 1622 4272 baptizatus
1651 4199 1694 4263 ⁵,
1717 4200 1985 4271 paenitens
2014 4201 2311 4269 recipitur:

734 4298 1024 4368 episcopus
1070 4311 1197 4351 vero
1227 4305 1322 4349 aut
1368 4292 1748 4364 pmnitentiam
1798 4307 1902 4345 non
1959 4292 2107 4358 agit,
2140 4302 2193 4346 et
2227 4308 2316 4347 sa-

738 4386 938 4442 cerdos
977 4394 1085 4448 est,
1128 4394 1218 4438 aut
1274 4385 1318 4440 si
1373 4383 1750 4454 pmnitentiam
1807 4382 2000 4451 egerit,
2033 4397 2154 4437 esse
2202 4385 2315 4453 cpi-

738 4495 944 4551 scopus
992 4478 1212 4533 desinit.
1244 4478 1612 4542 Quamobrem
1676 4485 1820 4530 recte
1858 4490 1956 4528 nos
2008 4473 2205 4529 laicum
2261 4487 2314 4531 et

2418 3277 2632 3330 Arianis
2664 3276 2884 3346 recipio,
2905 3290 3009 3344 qua
3029 3284 3085 3329 tu
3111 3275 3307 3343 recipis
3324 3275 3676 3346 baptizatum.
3702 3276 3756 3329 St
3782 3277 3955 3329 discet
3973 3291 4004 3328 e

2417 3369 2594 3439 cupis,
2634 3369 2684 3420 in
2741 3383 2917 3420 nteam
2950 3367 3124 3422 aciem
3174 3369 3581 3438 transgredere.
3630 3369 4002 3423 Adversarius

2416 3476 2560 3513 enim
2618 3460 2877 3526 vincitur,
2909 3443 3212 3529 discipulus
3278 3459 3532 3514 docetur.
3575 3459 3735 3531 188
3771 3458 3834 3514 L.
3869 3458 3998 3515 Non

2419 3568 2636 3620 possunt
2704 3564 2830 3606 ante
2887 3568 3008 3606 esse
3066 3553 3392 3622 discipulus,
3443 3569 3603 3620 quam
3670 3555 3997 3622 magistrum

2419 3645 2638 3697 audiam
2712 3643 3118 3711 praedicantem.
3151 3643 3218 3698 0.
3253 3644 3529 3710 Quoniam
3591 3645 3994 3714 tergiversaris,

2418 3750 2468 3790 et
2501 3739 2577 3790 sic
2615 3739 2751 3790 visa
2804 3753 2887 3790 me
2945 3736 3148 3797 doceri,
3185 3746 3244 3791 ut
3305 3738 3677 3792 adversarium
3731 3741 3782 3789 in
3853 3738 3996 3792 inte-

2421 3846 2516 3898 gro
2551 3829 2750 3881 habeas
2785 3831 2806 3863 ⁸
2835 3841 2926 3880 ιιιο
2962 3830 3142 3882 animo
3176 3838 3228 3883 te
3261 3829 3489 3884 docebo.
3519 3831 3910 3885 Cousentimns
3938 3835 3991 3885 in

2422 3922 2546 3982 title,
2585 3921 2957 3975 coosentimus
2989 3923 3044 3975 in
3078 3922 3346 3976 hmrcticis
3382 3923 3730 3991 recipien-lis,
3754 3939 3998 3978 consen-

2421 4015 2618 4068 tiamus
2653 4014 2815 4067 etiam
2855 4014 2910 4066 in
2947 4021 3239 4067 conventu.
3273 4011 3337 4067 L.
3371 4012 3482 4068 Hoc
3519 4030 3624 4067 non
3658 4025 3742 4068 est
3772 4013 3993 4078 docere,

2420 4106 2515 4160 sed
2552 4108 2946 4174 argumentari.
2988 4105 3054 4159 0.
3113 4105 3255 4169 Quia
3292 4116 3346 4159 tu
3407 4121 3592 4175 pacem
3655 4123 3776 4160 cum
3839 4120 3999 4163 scuto

2423 4200 2580 4269 petis,
2603 4208 2654 4253 et
2685 4214 2785 4253 nos
2821 4198 2978 4253 olivae
3013 4214 3225 4252 ramum
3260 4199 3438 4269 gladio
3470 4201 3778 4254 inserimus.
3816 4199 3878 4256 L.
3915 4203 3992 4255 En

2423 4292 2553 4346 tollo
2593 4306 2811 4354 manus,
2853 4290 3007 4356 cedo,
3039 4291 3240 4346 vicisti.
3277 4289 3476 4346 Verum
3515 4292 3640 4347 cum
3691 4309 3839 4346 arma
3897 4294 4000 4348 deo

2423 4401 2649 4456 ponam,
2688 4383 3036 4449 sacramenti,
3067 4384 3120 4436 in
3154 4386 3296 4453 quod
3355 4399 3438 4438 me
3471 4386 3659 4454 jurare
3691 4387 3993 4455 compellis.

2420 4493 2604 4548 quaero
2638 4479 2924 4531 rationem.
2963 4475 3028 4531 0.
3056 4476 3312 4532 Gratulor
3351 4478 3571 4533 interim
3606 4481 3724 4544 tibi,
3755 4493 3806 4534 et
3834 4480 4004 4534 Chri-

733 4572 1066 4640 suscipimus
1120 4573 1520 4640 pmnitentem;
1570 4572 1624 4623 et
1663 4567 2004 4637 episcopum.
2036 4569 2083 4623 si
2130 4567 2180 4621 in
2214 4585 2304 4623 sa-
2343 4570 2384 4624 D
2416 4584 2499 4626 sto
2541 4572 2648 4626 Dco
2682 4585 2802 4626 meo
2835 4571 3040 4640 gratias
3091 4585 3218 4641 ago,
3253 4571 3379 4640 quia
3429 4574 3616 4626 animo
3655 4573 3796 4628 bono
3827 4590 3856 4627 a
3889 4570 3998 4628 fal-

733 4662 976 4718 cerdotio
1032 4677 1382 4730 perseverare
1430 4662 1565 4724 vult,
1593 4660 1960 4729 repudiamus.
1997 4657 2060 4713 0.
2098 4659 2302 4730 Sagitta

811 4801 826 4830 ¹
860 4797 1152 4854 Contrario
1185 4811 1348 4851 sensu
1379 4803 1532 4850 vetus
1564 4797 1731 4851 editio
1763 4796 2024 4866 Accedens
2054 4795 2310 4866 Arianae,

739 4872 789 4925 id
818 4881 902 4924 est
932 4871 1000 4922 ab
1036 4867 1257 4921 Arianis
1308 4867 1532 4920 veniens
1564 4868 1627 4920 ad
1663 4865 2018 4920 orthodoxos.

808 4943 828 4972 ³
861 4939 1017 5004 Quod
1091 4937 1350 4991 nimirum
1415 4934 1576 5005 Pater
1631 4938 1819 5005 nequit
1871 4935 2121 5003 cogitari.
2177 4936 2308 5003 q‘nin

737 5009 857 5064 Filii
895 5008 1149 5078 cogitatio
1172 5016 1446 5078 occurrat.
1482 5004 1738 5078 llilarius,
1765 5005 1953 5078 lib.__vn
1980 5005 2044 5057 de
2080 5006 2266 5060 Trinil.
2295 5025 2307 5060 :

744 5100 762 5132 ι
806 5080 943 5143 Quia
966 5075 1038 5132 ἐι
1068 5093 1253 5130 nomen
1291 5076 1465 5129 Patris
1496 5076 1647 5143 liabet
1681 5081 1734 5129 in
1760 5091 1813 5128 se
1854 5075 1976 5129 Filii
2011 5092 2214 5129 nomen.
2254 5100 2273 5129 ι

812 5142 836 5179 ³
860 5149 1040 5201 Credis
1066 5157 1327 5208 sanctam,
1351 5157 1456 5199 etc.
1485 5142 1548 5197 In
1577 5147 1884 5214 prccpositiu
1917 5146 2002 5198 hic
2036 5147 2309 5211 superﬂua

739 5217 914 5272 delata
951 5227 1033 5271 est
1066 5218 1118 5269 in
1151 5218 1338 5270 codice
1384 5215 1727 5269 Cluniacensi
1770 5232 1783 5281 ;
1818 5215 2154 5268 Sorbonicus
2187 5232 2305 5270 eam

740 5303 848 5342 non
892 5287 1019 5348 legit
1069 5289 1119 5338 in
1182 5287 1672 5354 consequentibus
1705 5296 1824 5353 post
1874 5285 2043 5337 credis
2087 5287 2138 5336 in
2181 5303 2308 5338 aan-

739 5369 878 5410 ctant
918 5355 1237 5410 Ecclesium.
1258 5355 1360 5409 Sed
1394 5357 1507 5408 sive
1540 5357 1770 5425 legatur.
1793 5358 1904 5409 sive
1934 5372 2036 5406 non
2073 5355 2302 5424 legatur,

741 5429 882 5482 idem
925 5436 1006 5481 est
1063 5442 1278 5481 sensus.
1311 5425 1569 5478 Maurum.
1602 5457 1670 5465 ——-
1701 5427 1877 5480 Monet
1909 5426 2190 5477 Victorius
2252 5429 2303 5479 in

738 5497 987 5551 voculam
1014 5498 1218 5565 pluries
1252 5495 1336 5550 hic
1384 5497 1667 5562 repetitam
1703 5509 1982 5565 propterea
2011 5499 2304 5562 amovisse,

739 5567 888 5638 quod
923 5568 1290 5622 cmendatiora
1329 5569 1657 5626 exemplaria
1713 5583 1828 5619 eam
1869 5583 1972 5620 non
2024 5567 2304 5638 baberent,

739 5635 793 5692 et
825 5639 1042 5698 rectius.
1075 5647 1131 5690 ut
1167 5645 1248 5691 est
1287 5641 1336 5691 in
1372 5638 1649 5706 Sytnholo,
1690 5638 1782 5690 uni
1837 5648 2042 5689 tantum
2083 5635 2191 5690 Deo
2241 5642 2308 5691 ad

739 5709 1153 5774 exprimendam
1197 5709 1458 5774 majorem
1504 5709 1660 5760 tidem
1693 5719 2014 5776 apponatur.

812 5780 832 5807 ⁸
867 5777 1031 5830 Vetus
1068 5778 1198 5830 edit.
1249 5788 1399 5830 extra
1457 5776 1710 5832 Ecclesia:
1767 5780 1923 5845 ﬁdem
1978 5780 2301 5847 baptizatus.

744 5847 879 5901 Puta
916 5849 966 5900 ιιι
1004 5849 1264 5915 impressa
1299 5849 1531 5902 lectione
1575 5848 1683 5902 dici
1735 5850 1980 5916 ﬁdeliter,
2011 5868 2122 5905 ssve
2169 5857 2302 5904 inte-

2419 4669 2577 4720 sitate
2611 4664 2904 4717 Sardorum
2939 4664 2961 4694 ⁸
2990 4664 3056 4717 ad
3100 4664 3271 4717 totius
3309 4663 3459 4719 orbis
3496 4676 3546 4720 te
3575 4679 3823 4736 saporem
3861 4684 3999 4722 con-

2415 4817 2507 4864 gra
2547 4799 2830 4872 formula;
2873 4815 2996 4851 nam
3055 4799 3195 4853 inira
3247 4802 3352 4854 sub
3410 4799 3704 4856 Orthodoxi
3757 4819 3996 4872 persona

2414 4881 2667 4926 constare
2698 4870 2923 4942 dicitur,
2956 4874 3239 4942 luerettcos
3272 4873 3599 4942 baptismum
3626 4890 3731 4927 non
3758 4870 3996 4942 habere,

2414 4957 2508 4994 eos
2541 4955 2734 5005 nempe
2769 4955 2833 4992 ex
2884 4940 3102 4993 Arianis
3150 4943 3243 5008 qui
3294 4939 3416 4995 Filii
3452 4944 3792 4998 divinitatem
3825 4950 3876 4999 in
3907 4939 3996 5002 aa;

2416 5015 2681 5064 cramenti
2716 5010 2899 5063 verbis
2934 5010 3338 5065 inliciarentur.

2490 5082 2510 5112 ⁸
2557 5079 2781 5141 Eadem,
2824 5080 3185 5151 adversarium
3222 5083 3274 5134 in
3293 5094 3444 5151 tergo
3466 5085 3708 5150 habeam,
3737 5096 3846 5140 etc.

2486 5153 2506 5182 ⁶
2549 5151 2590 5223 Α
2644 5151 2880 5223 falsitate
2919 5149 3236 5223 Sardorum.
3277 5149 3581 5223 Cor—ruptus
3633 5149 3718 5210 est
3760 5158 3994 5213 multum

2419 5222 2515 5296 hie
2547 5222 2700 5296 locus
2732 5222 2784 5273 ιιι
2820 5232 2978 5296 antea
3019 5220 3180 5296 editis
3213 5223 3385 5280 libris.
3417 5220 3510 5294 qui
3563 5227 3748 5296 legunt
3776 5245 3807 5280 η
3837 5231 3997 5295 (alsi-

2418 5295 2543 5346 tutia
2576 5292 2787 5350 ardore,
2832 5290 2914 5342 vel
2951 5307 2981 5342 a
3012 5289 3273 5359 falsitatis
3310 5289 3491 5359 odore,
3519 5289 3989 5353 ειεῗςιηηῐςξρρη.

2416 5368 2492 5417 sis
2521 5364 2694 5416 codex
2735 5374 2927 5429 puram
2960 5363 3161 5415 retinet
3189 5365 3498 5425 lectionem.
3533 5384 3562 5418 a
3599 5369 3838 5434 falsitate
3862 5369 3994 5423 Sar-

2416 5438 2638 5494 dorum;
2677 5435 2731 5484 in
2791 5445 2896 5498 qua
2952 5446 3148 5500 nempe
3234 5436 3518 5488 tenebatur
3586 5437 3991 5494 LIICifC‘rialllJS.

2418 5535 2486 5546 —
2517 5504 2656 5557 Olim
2717 5512 2833 5555 erat
2873 5518 2904 5552 a
2962 5502 3224 5569 falsitatis
3274 5509 3483 5572 ardore,
3535 5511 3614 5560 vel
3673 5512 3852 5563 odore.
3891 5511 3996 5565 Srd

2421 5591 2593 5643 neque
2627 5574 2786 5645 istud
2813 5589 2842 5622 α
2883 5575 3125 5645 [atsitate
3168 5575 3485 5639 Sardorum,
3527 5580 3670 5645 quod
3703 5596 3732 5633 e
3768 5583 3995 5634 Clunia-

2417 5642 2564 5698 censi
2612 5661 2710 5695 tus.
2742 5642 3090 5717 Martianteus
3137 5657 3399 5713 reposuit,
3438 5642 3568 5702 satis
3626 5661 3760 5717 ριιω
3809 5666 3997 5707 om”,

2417 5718 2647 5777 datum;
2685 5730 2806 5764 nam
2847 5726 2902 5764 ut
2935 5713 3224 5766 Sardorum
3278 5731 3475 5770 nomen
3536 5713 3663 5772 Orbi
3707 5719 4001 5784 elegantis-

2415 5787 2558 5837 sime
2613 5785 3087 5857 ρβροιιςιιιιιςνὶιει
3145 5787 3372 5854 falsitati
3434 5788 3612 5857 inepte
3667 5801 3998 5857 respondeat

2413 5874 2434 5906 ε
2458 5872 2587 5915 tuor.
2613 5853 2773 5908 Forte
2802 5853 3095 5908 insultitate
3123 5853 3401 5914 scrioserit
3429 5853 3577 5912 llier.
3609 5876 3704 5930 pro
3732 5853 3997 5928 falsitate,
