4218 6458
726 415 830 489 ΠΩ

1878 425 1940 484 S.
1991 424 2302 485 EUSEBll
2349 425 2642 489 HlEltON
2657 431 2789 491 YMI

3878 428 3978 498 183

728 545 778 592 te
815 548 870 590 ut
905 537 1036 591 mihi
1073 553 1290 592 omnem
1329 552 1552 592 causam
1617 552 1789 606 quare
1841 538 1908 592 ab
1944 537 2163 592 Arianis
2203 553 2292 587 ve-
2325 539 2368 594 Α
2403 552 2520 595 erat
2578 561 2724 597 cursu
2772 545 3048 616 episcoliis
3100 549 3169 604 de
3223 549 3525 612 vocabulo,
3590 564 3717 602 cum
3774 561 3979 602 sensus

729 633 945 687 hicnlcs
997 631 1236 687 Ecclesia
1297 632 1561 701 recipiat,
1610 649 1714 686 nou
1757 630 1908 699 quasi
1960 629 2295 691 adversario,

733 724 828 779 sed
904 729 1063 796 quasi
1126 724 1398 796 discipqu
1459 724 1721 795 explices.
1781 722 1914 778 Nam
1990 740 2112 778 cum
2203 723 2296 776 tibi

732 821 902 874 verbo
946 821 1278 890 respondere
1329 834 1437 876 non
1482 818 1707 890 possim,
1744 819 1928 873 animo
1959 828 2138 874 tamen
2172 832 2300 872 nec-

731 915 858 968 dum
887 915 1176 969 assentior.

804 1010 889 1062 ΓΙ.
934 1007 999 1064 0.
1033 1007 1146 1064 Sub
1178 1026 1303 1082 rege
1336 1008 1656 1064 Constantio
1690 1010 1728 1076 ί,
1770 1009 2003 1064 Eusebio
2039 1018 2092 1062 et
2120 1009 2303 1079 [typa-

734 1106 808 1158 tio
838 1105 1183 1167 consulibus,
1210 1105 1429 1159 nomine
1462 1105 1691 1159 unitatis
1715 1110 1769 1158 et
1800 1105 1919 1158 fidei
1956 1103 2249 1157 inﬁdelitas
2282 1103 2302 1134 ⁸

732 1199 936 1266 scripta
971 1207 1070 1260 est,
1109 1202 1165 1250 ut
1194 1211 1339 1251 nunc
1373 1199 1706 1267 agnoscitur.
1741 1195 1874 1251 Nam
1913 1195 2004 1251 illo
2038 1205 2302 1266 tempore,

735 1291 871 1346 nihil
916 1303 1021 1346 tant
1061 1292 1232 1358 pium,
1269 1287 1404 1345 nihil
1449 1302 1556 1346 tam
1589 1291 1923 1345 convenimus
1966 1305 2124 1344 servo
2158 1291 2248 1344 Dei
2287 1290 2306 1320 ³

736 1386 1044 1448 \idrbatur,
1072 1401 1235 1455 quam
1269 1385 1530 1438 unitatem
1567 1385 1742 1454 sequi,
1776 1392 1828 1439 et
1855 1401 1882 1438 a
1917 1384 2086 1439 tutius
2123 1383 2306 1437 mundi

742 1481 1132 1533 communione
1178 1495 1286 1533 non
1338 1478 1537 1532 scindi.
1589 1477 1896 1533 Praesertim
1947 1495 2070 1532 cum
2113 1495 2307 1547 super—

736 1574 888 1628 ficies
944 1572 1300 1643 expositionis
1334 1573 1466 1629 nihil
1495 1573 1602 1642 jam
1633 1573 1956 1642 sacrilegum
1993 1571 2307 1641 przelerrct:

735 1666 1038 1728 Credimus.
1083 1667 1325 1732 aiebant,
1392 1668 1443 1720 in
1497 1684 1656 1721 unum
1699 1684 1877 1719 rerum
1929 1665 2090 1720 Deum
2125 1665 2167 1727 δ,
2202 1665 2310 1718 Pa-

739 1770 871 1812 trent
923 1760 1356 1826 omnipotentem.
1417 1757 1531 1812 Hoc
1591 1758 1754 1810 etiam
1810 1772 1908 1810 nos
1962 1756 2307 1808 conﬁtemur.

738 1846 1018 1906 Credimus
1045 1849 1100 1906 in
1148 1849 1485 1921 Unigenitum
1521 1849 1619 1904 Dei
1656 1849 1877 1912 Filium,
1913 1849 2002 1917 qui
2047 1857 2171 1901 ante
2203 1865 2309 1900 0m-

738 1948 828 1999 uia
858 1945 1076 2010 secula,
1116 1953 1161 1998 et
1192 1940 1318 1999 ante
1343 1961 1494 1998 ontne
1521 1944 1836 2011 principium
1869 1952 2024 1995 natus
2049 1951 2123 1994 est
2153 1940 2312 2010 189

739 2055 804 2093 ex
845 2039 972 2093 Deo.
1027 2038 1228 2093 Natum
1276 2050 1453 2092 autem
1493 2036 1831 2106 Unigenitum
1874 2036 2044 2089 solum
2096 2051 2158 2086 ex
2200 2033 2313 2086 solo

742 2127 923 2193 Patre.
973 2129 1138 2186 Deum
1182 2149 1246 2187 es:
1301 2131 1432 2198 Deo,
1483 2132 1706 2185 similem
1757 2133 1980 2200 genitori
2028 2146 2124 2182 suo
2164 2129 2313 2181 l’atri

741 2229 1029 2281 secundant
1057 2227 1397 2294 Scripturas;
1421 2229 1573 2295 cujus
1601 2227 1926 2279 nativitatem
1955 2224 2130 2278 nullus
2154 2223 2314 2284 novit,

743 2318 851 2372 nisi
881 2320 968 2388 qui
996 2318 1138 2371 solus
1179 2334 1297 2372 eum
1347 2317 1522 2387 genuit
1561 2315 1745 2371 Pater.
1795 2315 2061 2385 Numquid
2113 2316 2200 2369 hic
2240 2317 2320 2366 in-

742 2417 950 2462 sertum
984 2418 1064 2463 est
1100 2426 1114 2459 :
1150 2407 1284 2462 Erat
1314 2420 1538 2476 tempus,
1569 2409 1777 2478 quando
1810 2425 1909 2460 non
1946 2419 2056 2461 erat
2083 2408 2108 2460 ?
2133 2407 2231 2467 vel,
2257 2411 2319 2458 de

745 2499 911 2555 nullis
941 2502 1298 2565 exstantibus,
1333 2513 1585 2556 creatura
1619 2514 1692 2555 est
1728 2499 1903 2555 Filius
1941 2501 2032 2553 Dci
2064 2502 2082 2530 ⁸
2111 2500 2131 2551 ?
2189 2497 2320 2553 Per-

747 2596 890 2649 fecta
942 2594 1074 2648 ﬁdes
1109 2604 1213 2659 est,
1256 2593 1422 2648 Deum
1479 2596 1546 2649 tle
1592 2595 1702 2647 Deo
1751 2594 1996 2648 credere.
2034 2592 2095 2643 Et
2131 2601 2318 2644 natum

750 2688 972 2743 aiebant
1023 2684 1371 2756 Unigenitum
1408 2690 1608 2750 solum,
1643 2699 1730 2747 fex
1785 2688 1900 2741 Solo
1953 2685 2134 2740 Patre.
2180 2687 2318 2750 Quid

751 2794 838 2840 est
870 2794 1052 2838 natum
1083 2783 1107 2836 7
1144 2784 1302 2838 Cette
1340 2799 1443 2836 nun
1482 2783 1708 2835 factum.
1752 2780 2016 2835 Nativitas
2055 2781 2323 2849 suspicio-

751 2895 873 2932 nem
907 2878 1189 2932 auferebat
1242 2887 1532 2931 creaturat.
1563 2875 1847 2930 Addebam
1887 2885 2186 2943 pra'terea:
2220 2875 2323 2936 Qui

747 2972 814 3026 de
849 2974 979 3025 cwlo
1011 2972 1299 3029 descendit,
1332 2978 1610 3039 conceptus
1651 2977 1728 3022 est
1769 2972 1832 3022 tle
1875 2968 2078 3034 Spiritu
2114 2977 2322 3030 sancto,

750 3080 910 3120 natus
943 3082 1007 3119 ea:
1044 3065 1220 3118 Maria
1264 3065 1490 3133 Virgine,
1525 3063 1810 3131 cruci/iras
1847 3081 1877 3115 a
1900 3061 2088 3114 Pontio
2123 3060 2324 3126 Pilato,

751 3163 906 3214 tertia
961 3161 1043 3212 die
1106 3158 1396 3212 resurrexit
1450 3174 1481 3210 a
1520 3157 1780 3217 mortuis',
1823 3157 2060 3209 ascendit
2115 3157 2168 3208 in
2227 3171 2324 3208 cce-

2403 649 2549 692 t's‘Set
2597 643 2647 693 in
2713 650 2851 696 tuto.
2919 645 3159 713 Denique
3226 646 3344 712 ipso
3396 645 3448 697 in
3505 654 3789 712 tempore,
3847 654 3975 692 eum

2404 731 2650 786 fraudem
2687 734 2854 789 fuisse
2894 737 2944 788 iu
2982 737 3327 804 expositione
3362 750 3550 790 rumor
3584 734 3764 804 p0puli
3801 734 3980 786 venti-

2405 827 2565 890 laret,
2613 827 2832 893 Valens,
2886 829 3184 885 Mursensis
3214 833 3540 900 episcopus,
3574 829 3664 898 qui
3696 845 3817 880 eam
3848 842 3982 880 con-

2406 923 2726 987 scripserat,
2773 933 3041 991 prarsente
3065 923 3245 977 Tauro
3294 923 3533 991 praetorii
3570 921 3852 990 p'aalecto,
3889 922 3984 989 qui

2406 1026 2470 1066 ex
2525 1013 2681 1080 jussu
2743 1016 2886 1081 regis
2926 1016 3136 1087 synodo
3186 1016 3399 1080 adorat,
3453 1015 3733 1083 professus
3785 1024 3873 1067 est
3929 1028 3990 1066 se

2409 1104 2674 1162 Arianum
2704 1123 2809 1162 non
2835 1124 2977 1173 esse,
2999 1121 3052 1164 et
3073 1110 3288 1179 penitus
3317 1110 3384 1164 ab
3406 1125 3592 1164 eorum
3632 1105 3992 1174 hlaSphemiis

2409 1203 2704 1257 abhorrere
2740 1200 2782 1256 '.
2847 1200 2952 1256 Res
3003 1214 3214 1258 secrete
3266 1217 3415 1272 gesta
3460 1202 3773 1270 opinionem
3843 1199 3990 1268 vulgi

2412 1313 2519 1350 non
2577 1302 2934 1352 exstinxerat.
2980 1298 3167 1367 Itaque
3219 1300 3322 1353 alia
3355 1299 3443 1353 die
3477 1302 3529 1352 in
3564 1296 3836 1355 Ecclesia.
3869 1310 3995 1361 alia:

2411 1395 2491 1440 est
2531 1387 2668 1453 apud
2702 1386 3031 1452 Ariminum,
3078 1398 3131 1442 et
3170 1391 3557 1458 episcoporum
3603 1389 3764 1442 simul
3797 1397 3853 1439 et
3897 1386 3996 1437 lai-

2411 1493 2597 1531 corum
2640 1479 2813 1532 turbis
2841 1483 3314 1545 concurrentibus,
3354 1482 3661 1548 Muzunius,
3693 1481 3998 1549 episc0pus

2411 1572 2703 1640 provinciae
2743 1571 3035 1643 Byzacenaa
3073 1577 3120 1637 ’.
3166 1578 3253 1630 cui
3293 1587 3512 1646 propter
3541 1586 3754 1630 atatem
3803 1574 4000 1642 prium

2413 1664 2481 1717 ab
2515 1665 2772 1718 onutibus
2808 1666 3218 1731 deferebantur,
3257 1670 3330 1721 ita
3360 1670 3580 1722 locutus
3615 1678 3696 1722 est
3729 1686 3741 1721 :
3776 1667 3855 1718 Ea
3879 1682 4002 1730 qua:

2413 1757 2758 1824 suntjactata
2792 1759 2846 1811 in
2871 1760 3136 1825 publicum
3171 1761 3234 1824 ιθ,
3265 1771 3313 1814 et
3352 1761 3420 1812 atl
3449 1776 3541 1813 nos
3577 1775 3741 1828 usque
3762 1761 4001 1825 perlata,

2351 1892 2388 1946 Β
2416 1846 2644 1918 aliquem
2678 1866 2705 1901 e
2745 1849 2891 1902 nobis
2925 1852 3202 1904 sanctitati
3232 1861 3416 1906 vestra:
3440 1853 3605 1922 legere
3629 1853 3999 1920 pra'cipimus.

2418 1951 2478 1992 ut
2527 1958 2641 2006 qua:
2671 1950 2790 1993 sunt
2822 1941 2982 2007 mala,
3008 1954 3054 1995 et
3093 1943 3156 1996 ab
3189 1945 3413 1996 auribus
3441 1954 3490 1996 et
3530 1961 3560 1996 a
3596 1945 3754 1996 corde
3816 1953 4022 1996 nostro

2418 2032 2697 2086 abhorrere
2721 2035 2880 2104 190
2901 2036 3107 2099 debent,
3131 2039 3363 2090 omnium
3390 2054 3494 2090 una
3517 2054 3635 2090 voce
3658 2038 4007 2092 damnentur.

2421 2125 2762 2194 Responsum
2794 2139 2877 2182 est
2909 2130 2975 2182 ab
3003 2130 3276 2184 universis
3309 2131 3601 2198 episcopis,
3654 2128 3865 2184 Placet.
3898 2129 4009 2182 Ita-

2422 2234 2527 2288 que
2552 2236 2674 2274 cum
2712 2219 2996 2286 Claudius,
3028 2225 3316 2290 episc0pus
3351 2224 3644 2291 provinciae
3674 2222 3890 2285 Piceni,
3932 2238 4006 2276 es

2424 2322 2694 2381 prmcepto
2723 2315 2986 2378 omnium,
3018 2315 3410 2384 blasphemias,
3441 2332 3559 2378 qua:
3592 2315 3834 2369 Valentis
3866 2315 4016 2368 iere-

2425 2408 2643 2468 bantur,
2679 2409 2858 2477 legere
2892 2409 3171 2478 coepisset,
3208 2408 3430 2472 Valens,
3471 2424 3598 2465 suas
3623 2426 3742 2462 esse
3775 2423 4012 2477 negans,

2423 2500 2750 2554 exclamavit
2779 2511 2833 2554 et
2863 2502 2999 2555 dixit
3035 2502 3113 2556 “z
3148 2501 3208 2557 Si
3239 2505 3353 2571 quis
3387 2513 3540 2572 negat
3583 2501 3855 2558 Christum
3903 2501 4017 2553 Do-

2425 2595 2648 2656 minum,
2687 2596 2786 2649 Dei
2813 2595 3040 2664 Filium,
3085 2610 3207 2652 ante
3229 2597 3424 2652 stet-uta
3455 2615 3518 2652 ex
3562 2598 3720 2652 Putre
3749 2599 4014 2666 genitum,

2428 2689 2708 2742 anathema
2742 2691 2829 2744 sit.
2861 2693 2939 2744 Ab
2974 2693 3246 2746 universis
3279 2693 3682 2746 conclamatum
3721 2701 3828 2756 est,
3859 2692 4018 2742 Ana-

2429 2783 2602 2838 thema
2631 2785 2719 2837 sit.
2742 2814 2809 2824 —
2843 2783 2900 2837 Si
2934 2787 3049 2853 quis
3074 2798 3223 2850 nega!
3256 2785 3458 2839 Filium
3483 2787 3704 2839 similem
3743 2785 3902 2839 Patri
3937 2803 4023 2838 se-

2429 2879 2656 2932 cundum
2692 2880 3024 2945 Scripturas,
3078 2883 3364 2933 anathema
3397 2881 3490 2933 sit.
3531 2879 3733 2933 Omnes
3786 2895 4024 2945 respon-

2429 2971 2652 3026 derunt.
2679 2971 2970 3023 Anathema
2987 2973 3078 3024 sit.
3097 2999 3167 3010 —
3189 2970 3249 3025 Si
3268 2972 3382 3038 quis
3401 2968 3598 3022 Filium
3625 2970 3717 3023 Dei
3735 2988 3837 3023 non
3861 2971 4022 3023 diu.

2431 3067 2498 3118 rit
2537 3075 2788 3118 a'ternum
2824 3080 2940 3116 cum
2978 3061 3155 3127 Patre,
3192 3063 3473 3115 anathema
3498 3064 3586 3115 sit.
3618 3063 3699 3115 Ab
3739 3062 4024 3117 universis

2432 3157 2831 3210 conclamatum
2894 3164 2998 3215 est.
3032 3155 3324 3207 Anathema
3354 3156 3444 3208 sit.
3479 3183 3548 3194 --
3596 3152 3656 3209 Si
3679 3156 3796 3222 quis
3815 3155 4025 3207 dixerit

752 3256 863 3307 tum
894 3253 938 3316 ⁸,
967 3254 1113 3306 sedet
1145 3252 1214 3306 ad
1245 3251 1514 3305 dexteram
1546 3249 1639 3303 Dei
1671 3248 1872 3313 Patris,
1905 3258 2151 3302 venturus
2171 3248 2322 3318 judi-
2358 3244 2402 3303 C
2433 3258 2740 3302 creaturam
2790 3245 2992 3298 Filium
3048 3244 3168 3309 Dei,
3221 3255 3279 3297 ut
3327 3255 3444 3298 sunt
3487 3253 3689 3298 aeterm
3730 3253 4024 3304 creaturis,

751 3361 875 3399 care
905 3348 1048 3400 vivos
1081 3354 1129 3397 et
1158 3352 1418 3399 mortuos.
1447 3341 1727 3394 Sonabant
1766 3341 1927 3394 verba
1968 3341 2244 3409 pietatem,
2271 3348 2323 3392 et

753 3443 899 3494 inter
924 3441 1058 3494 tanti
1103 3437 1263 3495 mella
1302 3436 1588 3507 praeconii,
1621 3449 1779 3490 nemo
1821 3450 2091 3489 venenum
2148 3433 2327 3488 inser-

755 3544 870 3586 tum
912 3532 1155 3600 putabat.

829 3625 918 3678 18.
969 3625 1107 3680 ιῖεἰιε
1149 3639 1335 3677 nomen
1363 3636 1526 3692 quare
1557 3618 1817 3676 ablatum.
1853 3619 2041 3674 Valens
2086 3618 2328 3673 Mursen-

754 3720 827 3772 sis
887 3719 1180 3785 episcopus.
1233 3715 1446 3771 Scrinia
1497 3717 1710 3784 publica
1761 3714 2140 3768 Ecclesiarum.
2195 3713 2328 3764 Acta

757 3813 1108 3868 Arimineusis
1135 3811 1349 3880 synodi.
1379 3840 1449 3854 —
1480 3809 1555 3864 De
1600 3809 1747 3865 Usi:e
1777 3824 1904 3862 vero
1942 3808 2161 3861 nomine
2197 3805 2334 3873 abji-

761 3907 972 3965 t'it'lltiO,
1036 3903 1351 3958 verisimilis
1404 3903 1544 3956 ratio
1593 3901 1936 3971 prebebatur
1979 3901 2019 3952 ⁷.
2085 3899 2222 3964 Quia
2279 3900 2332 3951 in

761 3996 1076 4061 Scripturis,
1109 3996 1345 4059 aiebant,
1385 4009 1484 4046 non
1513 3994 1796 4055 invenitur,
1829 4005 1877 4044 et
1907 3993 2097 4044 multos
2129 3991 2333 4056 simpli-

759 4090 928 4141 ciores
966 4089 1194 4140 nouitate
1227 4103 1322 4140 sua
1355 4086 1712 4148 scandalizat,
1742 4086 1938 4152 placuit
1970 4084 2188 4151 auferri.
2220 4083 2332 4136 Non

836 4232 853 4264 ⁸
895 4229 1002 4284 Sub
1035 4245 1149 4295 recte
1182 4225 1511 4286 Constantio,
1550 4225 1796 4288 Eusebio,
1833 4235 1938 4280 etc.
1990 4221 2256 4295 Eusebius
2287 4233 2335 4278 et

763 4297 1031 4369 Hypatius
1064 4294 1260 4352 fratres
1293 4298 1510 4351 fuerunt
1558 4296 1831 4351 Faustina:
1864 4298 2069 4369 _uxoris
2113 4294 2336 4349 Juliani.

765 4365 902 4426 Vide
952 4372 1073 4423 Αιιι.
1124 4369 1497 4422 Marcellinum
1557 4370 1648 4421 lib.
1691 4383 1800 4418 xxt.
1853 4366 2122 4419 Consules
2159 4375 2338 4418 autent

766 4458 910 4498 anno
939 4441 1140 4495 Christi
1179 4440 1306 4498 557,
1340 4439 1388 4490 id
1425 4447 1508 4491 est
1568 4438 1870 4492 Constantii
1923 4440 2008 4490 η.
2070 4437 2340 4489 Maurum.

840 4517 860 4546 ³
903 4512 1055 4574 Quod
1088 4513 1212 4562 hinc
1239 4510 1487 4575 sequitur
1511 4510 1576 4561 de
1607 4509 1812 4576 synodo
1857 4508 2190 4560 At-iminensi
2237 4509 2340 4558 l'ra-

2429 3341 2711 3394 anathema
2742 3342 2828 3392 sit.
2857 3337 3118 3392 Similiter
3151 3337 3357 3391 dictant
3390 3347 3493 3395 est.
3515 3337 3814 3390 Auathema
3839 3337 4020 3388 sit.—

2430 3432 2632 3500 Siquis
2667 3433 2861 3485 dixerit
2899 3432 2962 3484 de
2988 3430 3150 3483 nullis
3192 3430 3524 3483 exstantibus
3559 3425 3780 3486 Filium,
3818 3438 3870 3478 et
3916 3444 4028 3478 non

2432 3523 2498 3576 de
2529 3523 2633 3575 Deo
2660 3521 2840 3583 Patre,
2860 3521 3138 3574 anathema
3164 3521 3252 3573 sit.
3282 3518 3484 3574 Omnes
3511 3521 4027 3576 conclamaverunt.

2437 3617 2730 3669 Anathema
2758 3616 2856 3671 sit.
2881 3646 2946 3657 —
2971 3613 3034 3668 Si
3063 3615 3179 3679 quis
3199 3611 3566 3671 dixerit.Erat
3586 3623 3787 3677 tempus
3807 3612 4031 3678 quando

2435 3724 2538 3762 non
2557 3718 2669 3761 erat
2695 3705 2881 3770 Filius,
2901 3709 3179 3760 anathema
3197 3707 3334 3759 sit".
3358 3705 3412 3758 ln
3436 3708 3537 3758 hoc
3555 3721 3681 3758 vero
3702 3705 3885 3756 cuncti
3907 3704 3995 3773 cpi
4014 3734 4031 3744 -

2439 3799 2612 3866 scopi,
2648 3810 2702 3851 et
2729 3807 2840 3850 tota
2870 3797 3033 3850 simul
3063 3797 3303 3852 Ecclesia
3339 3798 3534 3865 plausu
3565 3796 3797 3864 quodam
3838 3806 3893 3847 et
3931 3797 4030 3846 tri-

2442 3889 2611 3959 pudio
2650 3888 2889 3944 Valentis
2924 3904 3108 3942 vocem
3164 3896 3516 3954 exceperunt.
3546 3886 3697 3951 Quod
3754 3886 3801 3938 si
3835 3887 3964 3952 quis
3999 3901 4028 3936 τι

2445 3982 2604 4035 nobis
2637 3981 2824 4035 lictutn
2863 3990 3032 4048 ριιιςιι.
3068 3979 3270 4032 scrinia
3323 3978 3538 4045 publica
3570 3985 3868 4030 scrutetur.
3907 3976 4034 4029 Pie-

2445 4090 2528 4127 nae
2556 4082 2683 4127 sunt
2716 4083 2863 4128 certe
2887 4072 3254 4126 Ecclesiarum
3287 4085 3427 4124 arca:
3459 4069 3524 4134 “,
3545 4081 3598 4125 et
3626 4084 3819 4124 recens
3845 4070 4036 4122 adhuc

2445 4225 2815 4280 usurpatum,
2866 4226 3040 4280 neque
3093 4227 3154 4265 ex
3213 4213 3545 4264 auctoritate
3611 4209 4030 4277 Scripturanm

2447 4285 2778 4356 profectum,
2810 4283 2930 4356 sub
2962 4283 3143 4356 specie
3179 4282 3330 4335 falsae
3356 4282 3595 4356 rationis
3621 4281 3805 4356 trioni
3841 4282 4036 4356 almle-

2449 4349 2602 4418 bant,
2633 4369 2698 4406 ne
2731 4354 2888 4406 unius
2919 4368 3042 4406 cum
3091 4350 3251 4405 Patre
3285 4353 3603 4403 substantiae
3637 4349 3802 4402 Filius
3835 4355 4032 4403 ert-de-

2451 4439 2624 4479 retur.
2661 4423 2860 4476 Eadem
2894 4421 3027 4474 tides
3056 4422 3292 4475 similem
3325 4421 3468 4474 l’atri
3500 4420 3696 4475 Filium
3730 4421 4031 4472 latebat-ir.

2451 4496 2554 4550 Sed
2577 4495 2805 4549 interius
2832 4493 3019 4546 aderat
3050 4493 3221 4556 fraus,
3250 4502 3305 4546 ut
3326 4500 3474 4548 esset
3502 4493 3720 4555 similis,
3747 4507 3852 4543 non
3878 4502 4033 4544 esset

770 4602 802 4652 ιτ
827 4567 1052 4635 neu—tutu
1085 4596 1209 4633 cum
1243 4567 1412 4652 veleri
1449 4594 1552 4631 tns.
1596 4567 1946 4652 SZUGermuui
1971 4577 2338 4652 _l‘a_risiensls,
2380 4594 2420 4650 ι)
2450 4567 2694 4652 η’(ιυῖξμδο
2731 4583 2748 4614 ³

770 4644 1008 4717 aliisque
1037 4646 1446 4715 esetttplnrihus
1480 4646 1714 4700 contulit
1769 4661 1844 4717 v._
1868 4646 1937 4698 tl.
1971 4644 2250 4717 Baltisius,
2285 4657 2336 4699 ιιι

770 4715 1139 4774 conciliorum
1197 4719 1423 4772 editioni
1479 4719 1728 4769 inseruit.
1774 4715 1848 4768 lbi
1885 4731 1984 4782 pro
2048 4715 2338 4781 inﬁdelitas

769 4804 854 4848 est
909 4788 1302 4854 incredulitas;
1335 4798 1382 4842 et
1450 4803 1565 4858 qntz
1611 4785 1820 4853 quidem
1871 4803 2010 4838 nunc
2063 4785 2345 4854 inﬁdelitas

773 4863 1033 4916 noscitur.

841 4937 861 4967 ⁸
905 4932 962 4986 ln
1003 4947 1108 4985 uis.
1145 4942 1308 4999 penes
1361 4929 1609 4982 cuunlem
1675 4925 1952 4981 Balusiuun
2010 4928 2170 4980 seruis
2233 4924 2347 4984 Dei,

774 5014 887 5058 tum
920 5015 965 5056 et
997 5005 1161 5055 totius
1202 5001 1385 5054 mundi
1424 5001 1790 5052 communione
1832 5001 2040 5066 absque
2067 5014 2098 5048 a
2134 5009 2346 5062 prsepo-

777 5077 996 5130 διιίοιιθ.

847 5150 868 5174 ⁸
911 5142 1074 5204 Idem,
1110 5141 1175 5194 In
1226 5158 1385 5194 unum
1447 5140 1616 5194 solum
1669 5155 1844 5191 verum
1888 5139 2070 5192 Deum.
2119 5147 2248 5202 ctc.;
2298 5147 2351 5192 et

775 5215 941 5284 paulo
977 5212 1114 5264 intra
1155 5211 1393 5284 Similem
1428 5213 1652 5284 gen'tori
1687 5226 1780 5261 suo
1818 5209 2012 5261 Filium
2048 5207 2220 5261 Patri.

851 5289 870 5316 ⁵
913 5284 1122 5334 Iiursus
1156 5283 1314 5341 idem,
1343 5279 1630 5334 Nisisolus
1662 5283 1749 5348 qui
1773 5298 1887 5331 eum
1916 5282 2116 5347 genuit,
2145 5287 2199 5330 et
2227 5293 2349 5331 mox

782 5355 984 5410 rcetius
1021 5351 1098 5403 De
1135 5351 1293 5402 nullis
1342 5353 1667 5404 exstantibus
1716 5360 1974 5402 creaturis
2006 5365 2114 5402 esse
2160 5348 2353 5400 Filium

781 5426 897 5480 Dei.

854 5494 874 5524 ‘
914 5493 1102 5548 lstham
1127 5513 1157 5546 a
1193 5492 1433 5556 mortuis,
1455 5492 1686 5544 ascendit
1713 5491 1764 5542 in
1793 5491 1997 5548 malum,
2030 5504 2092 5541 ex
2128 5486 2353 5541 Victorii

778 5563 1062 5622 codicibus
1108 5574 1160 5618 et
1184 5563 1477 5617 Baluzianu
1513 5562 1810 5630 exemplari
1844 5561 2182 5614 sudet-imus.
2216 5557 2352 5610 Tum

783 5653 847 5688 ex
905 5635 1094 5686 eodem
1143 5645 1192 5684 et
1225 5637 1392 5685 veteri
1429 5634 1662 5684 editione
1717 5633 1846 5681 tanti
1901 5631 2056 5682 mella
2107 5630 2358 5695 prteconii

782 5707 1017 5775 legimus
1071 5717 1167 5772 pro
1207 5714 1354 5755 tanta
1409 5704 1504 5756 illa
1554 5703 1856 5768 pra'conia,
1902 5711 1958 5754 ut
2011 5709 2165 5752 antea
2220 5703 2360 5753 obti-

785 5781 967 5830 tteblt.

864 5849 880 5874 '
920 5843 1052 5899 Rem
1090 5852 1276 5897 narrat
1310 5843 1575 5912 Sulpitius
1608 5843 1702 5897 Iih.
1741 5859 1798 5904 ll,
1844 5857 1961 5907 cap.
2001 5841 2116 5912 463
2169 5860 2184 5890 ι
2217 5839 2360 5894 υείςε

795 5919 1021 5973 verbum
1048 5923 1309 5982 tanquam
1358 5917 1673 5985 ambiguum
1707 5925 1758 5970 et
1795 5926 1996 5970 temere
2034 5928 2063 5967 ει
2089 5911 2343 5966 Pati-ibus

2517 4639 2538 4668 ⁸
2582 4635 2750 4689 Vetus
2785 4634 2933 4692 cod.,
2970 4632 3036 4685 Et
3064 4633 3127 4684 ab
3153 4648 3330 4684 errore
3355 4648 3410 4684 se
3441 4631 3734 4684 recessisse.
3793 4629 3902 4682 Sed
3933 4633 4036 4682 hoc

2453 4709 2750 4774 opinionem
2799 4706 2941 4768 uulgi
2993 4720 3095 4754 non
3131 4705 3500 4765 exstinxerat;
3552 4701 3714 4770 paulo
3765 4711 3912 4768 post,
3965 4701 4033 4752 Et

2454 4779 2716 4830 (uicorum
2767 4775 2923 4825 turba
2953 4789 3290 4828 concurrens.

2524 4849 2544 4878 ⁹
2587 4846 2753 4910 Turpi
2803 4857 2994 4897 cruore
3029 4843 3224 4894 lectum
3279 4849 3364 4895 est
3411 4842 3677 4895 hactenus
3711 4839 4035 4909 Byzantium

2452 4933 2550 4988 pro
2603 4915 2909 4988 Byzacenai.
2954 4912 3511 4988 ABaluzius‘prteterea
3560 4913 3762 4988 reponi
3796 4919 3909 4964 vult
3965 4930 4030 4965 ex

2454 4981 2684 5053 antiquo
2725 5000 2828 5037 ms.
2869 4983 3144 5036 Primatus
3188 4984 3254 5034 ab
3296 4981 3538 5034 omnibus
3571 4981 3902 5044 deterebatur
3936 4999 4034 5050 pro

2456 5066 2641 5127 prima:
2695 5065 2750 5108 et
2801 5055 3197 5121 deferebantur.
3239 5055 3478 5127 Denique
3510 5063 3662 5105 vetus
3692 5053 3824 5105 edit.
3868 5070 4034 5108 voces

2456 5125 2670 5196 propter
2702 5133 2913 5196 a'tatem
2945 5139 3049 5176 non
3085 5125 3352 5189 agnoscit.

2531 5199 2573 5228 ¹⁰
2618 5197 2786 5248 Antea
2831 5195 3041 5260 jactata
3086 5208 3174 5260 per
3221 5195 3504 5260 publicum.
3535 5191 3669 5245 Tum
3720 5203 3877 5246 vetus
3910 5195 4033 5247 rod.

2457 5284 2620 5336 penes
2654 5267 2932 5318 Baluziutn
2967 5265 3189 5329 aliquem
3218 5265 3404 5315 et'obis
3439 5277 3533 5330 pro
3562 5265 3723 5336 nobis.
3751 5275 3801 5313 et
3836 5268 3898 5314 ab
3936 5283 4036 5315 an-

2459 5333 2600 5393 ribus
2627 5337 2862 5388 cordium
2896 5345 3202 5387 nostrorum
3230 5348 3324 5400 pro
3346 5343 3400 5384 et
3431 5351 3462 5384 a
3494 5333 3650 5384 corde
3677 5343 3877 5390 nostro,
3925 5347 4030 5388 etc.

2532 5410 2570 5437 “
2616 5408 2685 5459 ltn
2721 5423 2749 5455 ιε
2781 5421 2882 5457 tus.
2909 5407 3177 5456 Baluzins.
3208 5401 3489 5456 Editiones
3519 5403 3638 5455 alia:
3673 5411 3844 5454 lerunt
3881 5403 4033 5455 Chri-

2459 5490 2598 5531 stum
2651 5477 2835 5529 Deum.
2871 5475 2991 5529 Mox
3021 5492 3085 5528 ex
3118 5475 3308 5528 eodem
3353 5475 3500 5535 cod.,
3552 5482 3596 5523 et
3648 5472 3853 5524 addidit
3901 5490 4035 5542 sup-

2462 5552 2695 5617 plcnlur.

2536 5621 2576 5651 ι’
2621 5619 2759 5670 ldein
2792 5633 2854 5670 ex
2905 5617 2996 5670 illo
3026 5616 3191 5668 veteri
3229 5615 3524 5684 exempiari
3558 5613 3755 5669 subicit
3790 5630 3804 5666 :
3842 5612 4035 5667 Omnes

2464 5694 2842 5754 responderunt
2868 5705 2886 5740 .'
2919 5689 3210 5740 Auathema
3238 5690 3328 5739 sit.

2538 5759 2580 5790 ¹³
2626 5759 2878 5815 Metnlose
2919 5769 3036 5807 erat
3062 5772 3237 5812 ferttt.
3265 5757 3397 5811 Cod.
3424 5757 3604 5810 Baluz.
3637 5757 4038 5819 Scripturarum

2466 5833 2950 5887 ecclesiasticarum
2977 5847 3139 5882 ιιι-(α’.
3167 5827 3310 5883 Inita
3343 5842 3494 5883 \t-tus
3515 5829 3669 5892 cdit.,
3705 5825 3771 5878 Et
3806 5833 3893 5895 qui
3917 5827 4040 5880 teri-

2468 5919 2625 5963 tattm
2658 5904 2881 5970 ﬁrment,
2917 5904 3022 5972 qui,
3055 5913 3161 5958 etc.
