4218 6462
185 438 277 509 181

1168 434 1563 492 DIALOGUS
1599 434 1896 491 CONTRA
1943 436 2539 495 LUClFElll.\NOS.

3338 428 3439 492 182

178 559 253 607 rei
311 549 578 604 ιιιειιιυτίι
623 559 731 602 hl-
786 546 1096 615 δυρινςυιιι
1134 544 1382 599 Ιιοηιίιιθὸ
1441 547 1533 612 ψιί
1571 545 1642 598 illi
1679 562 1764 616 sy-
1800 556 1840 603 Α
1877 567 1991 601 rutn
2025 549 2294 604 Bt'crlu'sia
2329 551 2608 617 complexa
2644 555 2762 614 est;
2800 559 2926 601 tunc
2963 548 3032 601 ad
3064 547 3294 601 reditum
3333 547 3438 600 Eu-

180 653 321 704 uodo
355 647 771 709 interfuerunt;
806 655 859 699 et
897 644 1041 712 quod
1091 643 1369 697 veritatem
1429 643 1626 704 lit-tutel,
1665 642 1764 708 ipsi

179 742 365 795 Ariani
424 740 543 792 [nec
588 739 684 801 ita,
731 746 790 790 ut
841 735 1100 792 diximus,
1153 745 1445 803 gesta-nou
1475 731 1764 798 deuegant.

178 833 310 887 Cum
363 848 497 902 ergo
557 830 742 884 cuncti
803 827 1082 880 Valentem
1138 826 1202 879 ad
1257 826 1458 878 celum
1512 822 1767 878 laudibus

181 930 456 988 tollerent.
487 935 543 979 et
586 942 744 978 suam
779 923 831 976 in
859 938 983 976 eum
1033 919 1401 988 suspicionem
1442 935 1562 972 cum
1593 919 1768 986 pmni-

181 1023 354 1075 tentia
385 1020 741 1084 damnarent;
769 1018 907 1071 idem
957 1015 1220 1068 (Ilaulius
1271 1012 1364 1082 qui
1397 1028 1560 1079 supra
1592 1014 1768 1079 legere

181 1129 417 1184 Ctrpcrat
446 1116 526 1166 ait
567 1131 580 1166 :
616 1113 802 1165 Adhuc
842 1119 963 1164 sunt
1009 1109 1217 1178 aliqua,
1267 1123 1385 1176 qua:
1436 1105 1768 1176 subterfuge-

187 1219 309 1259 rant
356 1209 634 1260 dominum
675 1215 723 1259 et
754 1207 970 1274 fratrem
1005 1220 1175 1257 meum
1228 1200 1520 1260 Valentem.
1549 1216 1686 1270 quae,
1721 1201 1766 1254 si

185 1301 322 1352 robis
367 1302 597 1359 videtur,
650 1316 713 1352 ne
743 1299 862 1365 quis
891 1295 1170 1360 scrupulus
1205 1303 1493 1358 remaneat,
1545 1293 1598 1344 in
1628 1309 1768 1345 com-

185 1408 338 1443 mune
366 1393 699 1443 damnemus.
719 1389 776 1444 Si
808 1389 922 1456 quis
935 1388 1128 1440 dixerit
1155 1384 1348 1438 Filium
1385 1385 1478 1438 Dei
1514 1400 1623 1438 esse
1652 1384 1769 1454 qui—

183 1483 295 1533 dem
337 1493 462 1534 ante
489 1485 670 1535 omnia
704 1483 943 1543 slecula;
977 1481 1064 1532 sed
1095 1495 1198 1530 non
1229 1488 1350 1530 ante
1375 1494 1528 1529 omne
1557 1478 1768 1528 omnino

185 1587 408 1643 tempus,
441 1586 500 1626 ut
531 1578 578 1627 ei
610 1573 816 1641 aliquid
849 1572 1135 1642 anteferat,
1167 1571 1448 1623 anathema
1477 1571 1568 1622 sit.
1607 1569 1768 1621 Dixe-

183 1681 308 1720 runt
359 1667 570 1730 cuncti,
607 1667 905 1719 Auatliema
961 1667 1028 1718 sit
1083 1665 1126 1716 ⁸.
1167 1662 1443 1730 Multaque
1504 1661 1609 1714 alia
1650 1677 1770 1728 qua:

182 1759 485 1826 suspiciosa
527 1757 881 1820 videbantur,
931 1756 996 1808 ad
1051 1753 1204 1823 191
1265 1753 1768 1822 pronuntiationem

177 1851 416 1914 Claudii,
446 1849 654 1905 Valens
689 1848 1098 1904 condemnavit.
1142 1846 1272 1912 Quae
1306 1846 1355 1899 si
1387 1846 1510 1914 quis
1554 1845 1769 1915 plenius

181 1944 268 1998 dis
288 1960 392 1996 -ere
431 1945 614 2012 cupit,
651 1944 702 1996 in
734 1942 1098 1996 Ariminensis
1129 1940 1321 2010 synodi
1353 1938 1491 1993 actis
1517 1938 1771 2006 reperiet,

182 2039 322 2092 unde
343 2049 397 2090 et
429 2053 536 2090 nos
570 2037 673 2090 ista
715 2035 1028 2089 libat-imus.

253 2127 332 2180 l9.
384 2126 580 2179 Valens
611 2136 660 2178 et
693 2123 969 2179 Ursacias.
1002 2121 1203 2191 Carpus
1237 2121 1450 2175 Domini
1485 2122 1539 2174 in
1587 2120 1772 2174 Eccle-

178 2223 276 2274 sia.
314 2217 546 2273 Nicena
597 2219 833 2288 synodus
861 2203 1083 2285 propter
1099 2218 1224 2285 quid
1252 2213 1772 2284 congregata.—llis

183 2317 256 2370 ita
318 2313 495 2380 eesis
532 2314 573 2375 ³,
630 2312 919 2366 concilium
977 2310 1229 2364 solvitur.
1285 2307 1414 2362 Laeti
1466 2323 1660 2362 omnes
1707 2307 1774 2361 ad

184 2407 503 2478 provincias
547 2413 924 2458 revertuntur.
959 2400 1101 2454 Idem
1143 2401 1287 2454 enim
1354 2399 1467 2468 regi
1515 2407 1568 2452 et
1615 2396 1774 2451 bonis

185 2502 444 2555 0:"!!le
497 2511 646 2550 cura:
693 2493 896 2554 fuerat,
959 2501 1016 2544 ut
1065 2489 1265 2546 Oriens
1306 2501 1468 2558 atque
1510 2487 1775 2542 Occidens

186 2593 606 2646 communionis
664 2588 767 2642 sibi
824 2586 1048 2640 vinculo
1104 2592 1472 2638 necterentur.
1530 2581 1637 2634 Sno
1685 2597 1770 2635 mu

186 2699 423 2741 sums
471 2698 587 2736 non
626 2681 819 2742 latent,
853 2690 907 2732 et
946 2678 1173 2732 cicatrix
1212 2677 1351 2731 male
1381 2674 1635 2734 obducta.
1688 2676 1774 2727 in-

187 2789 341 2832 cocto
372 2791 541 2848 pure,
573 2773 928 2842 dirumpitur.
955 2770 1247 2839 Cmperunt
1277 2779 1464 2838 postea
1494 2766 1693 2822 Valens
1724 2777 1774 2822 et

190 2871 474 2930 Ursacius,
509 2868 806 2934 caeterique
846 2863 1102 2931 nequitia:
1136 2876 1326 2914 eorum
1372 2860 1504 2913 socii
1530 2900 1543 2920 .
1573 2859 1773 2928 egregii

188 2966 443 3018 \‘idelicet
475 2960 688 3015 Christi
722 2957 1042 3011 sacerdotes
1071 2953 1284 3023 palmas
1332 2967 1461 3008 suas
1492 2951 1773 3020 iactitare,

188 3058 437 3111 dicentes
491 3068 555 3107 se
608 3049 802 3104 Filium
869 3064 978 3102 non
1026 3054 1342 3102 creaturam
1381 3059 1631 3110 negasse,
1681 3045 1774 3096 sed

187 3151 425 3204 similem
461 3147 684 3200 ceteris
719 3141 1015 3196 creaturis.
1065 3140 1220 3194 Tunc
1262 3140 1390 3192 asia:
1419 3153 1614 3190 nomen
1648 3137 1775 3190 abo-

1877 645 2012 698 sehii
2057 643 2072 714 [
2117 643 2234 696 scil.
2283 641 2693 714 Vercell‘eusisj
2752 641 3009 710 lugubres
3066 651 3244 696 vestes
3301 638 3451 693 ltalia

1877 739 2124 790 mutavit.
2152 736 2566 791 (Ioneurrubaut
2598 735 2862 806 etiiscOpi,
2889 736 2978 802 qui
3009 735 3451 788 Ariminensibus

1877 831 2017 884 dolis
2053 831 2270 890 irretiti.
2311 830 2430 883 sine
2458 829 2792 884 conscientia
2829 828 3076 884 haeretici
3109 829 3448 888 ferebantur.

1877 935 2243 979 conteStantcs
2272 925 2482 994 Corpus
2517 924 2753 986 Domini,
2793 936 2844 978 et
2873 923 3138 992 quidquid
3185 922 3238 974 in
3270 921 3450 974 Eccle-

1877 1018 1955 1072 sia
2012 1028 2256 1071 sam-tum
2306 1026 2385 1072 est
2415 1056 2429 1080 ,
2483 1033 2540 1072 se
2596 1016 2730 1070 nihil
2769 1019 2893 1070 mali
2932 1019 2984 1071 in
3028 1017 3188 1088 192
3221 1033 3317 1073 sua
3351 1017 3452 1070 ﬁde

1879 1111 2203 1179 suspicatus.
2245 1109 2584 1169 Putavimns,
2615 1111 2858 1171 aiebant,
2894 1126 3114 1165 sensum
3148 1126 3453 1176 congruere

1878 1220 2001 1259 cum
2035 1204 2253 1271 verbis;
2293 1218 2390 1257 nec
2420 1205 2470 1256 in
2508 1203 2752 1258 Ecclesia
2803 1202 2917 1263 Dei.
2974 1205 3063 1257 ubi
3102 1204 3446 1273 simplicitas,

1878 1298 1967 1351 ubi
2019 1314 2149 1366 pura
2201 1297 2480 1350 confessio
2514 1309 2636 1360 est,
2691 1298 2837 1351 aliud
2891 1299 2943 1351 in
2981 1297 3152 1350 corde
3200 1305 3446 1350 clzulsum

1877 1408 2020 1450 esse.
2056 1389 2202 1444 aliud
2243 1390 2295 1444 in
2329 1389 2484 1443 labiis
2520 1391 2747 1457 proferri
2780 1391 3082 1445 timuimus.
3112 1390 3325 1456 Derepit
3349 1406 3447 1444 nos

1878 1483 2016 1536 bona
2049 1482 2115 1535 de
2164 1481 2320 1535 malis
2367 1480 2722 1536 existimatio.
2777 1480 2893 1534 Non
2950 1497 3142 1534 sumus
3197 1480 3446 1534 arbitrati

1879 1575 2189 1629 sacerdotes
2246 1575 2451 1630 ChriSIi
2517 1573 2780 1628 adversus
2847 1573 3124 1628 Christum
3183 1589 3446 1644 pugnare.

1880 1669 2154 1737 Multaque
2206 1670 2333 1731 alia,
2395 1685 2515 1738 qua:
2573 1668 2870 1723 brevitatis
2909 1668 3091 1722 studio
3138 1677 3449 1735 praetereo.

1880 1760 2067 1814 ﬂentes
2100 1760 2422 1814 asserebant
2467 1777 2479 1810 :
2519 1761 2691 1827 parati
2725 1768 2778 1813 et
2827 1759 3288 1826 subscriptionem
3328 1759 3438 1826 prio

1880 1855 2099 1915 stinam,
2133 1863 2184 1908 et
2218 1869 2410 1908 omnes
2434 1853 2757 1907 Arianorum
2791 1853 3163 1922 hlasphcmias
3192 1853 3452 1907 condem-

1876 1961 2029 2001 nare.
2066 1945 2176 1997 lloc
2210 1947 2330 1998 loco
2381 1946 2657 2011 interrogo
2707 1945 2839 1999 istos
2877 1943 3102 1996 nimium
3135 1943 3446 2011 religiosos,

1875 2038 2006 2108 quid
2031 2039 2096 2093 de
2125 2037 2537 2092 confessoribus
2570 2038 2838 2106 agendum
2885 2035 3240 2100 putaverint?
3271 2033 3446 2102 Depo-

1875 2132 2018 2196 sitis,
2051 2131 2313 2200 inquicnt.
2351 2131 2624 2183 veteribus
2661 2129 2958 2198 episcopis,
2992 2145 3160 2182 novos
3185 2127 3446 2183 ordinas-

1876 2236 1994 2279 sent
2044 2222 2154 2294 [ΑΙ.
2211 2221 2514 2294 ordinare].
2568 2220 2860 2276 Tentatum
2913 2229 3022 2275 est.
3080 2219 3183 2275 Sed
3220 2227 3448 2287 quotus-

1874 2318 2110 2386 quisque
2166 2317 2305 2370 bene
2364 2316 2465 2370 sibi
2517 2331 2772 2369 conscius
2825 2314 3029 2383 patitur
3090 2328 3145 2366 se
3201 2311 3446 2374 deponi?

1876 2410 2181 2464 Przcsertitn
2237 2425 2361 2463 cum
2416 2424 2609 2460 omnes
2673 2409 2879 2475 populi,
2949 2407 3264 2462 sacerdotes
3316 2418 3448 2458 suos

1873 2503 2181 2571 diligentes,
2227 2517 2361 2570 pene
2395 2501 2459 2554 ad
2498 2499 2708 2569 lapides
2761 2511 2815 2553 et
2867 2501 2930 2551 ad
2970 2496 3443 2564 interemptionem

1875 2599 2262 2667 deponentium
2284 2613 2378 2650 eos
2419 2613 2520 2650 con
2536 2595 2875 2649 volaverint?
2895 2592 3242 2655 Mansissent,
3268 2591 3446 2652 aiunt,

1877 2691 2017 2745 intra
2053 2707 2202 2744 suam
2237 2690 2700 2744 communionem.
2735 2689 2848 2740 Hoc
2881 2693 2963 2738 est
2993 2685 3200 2744 dicere,
3228 2681 3450 2734 irratio-

1878 2785 2040 2837 nabili
2077 2783 2401 2838 crudelitate
2433 2783 2620 2836 orbem
2655 2789 2829 2834 totum
2881 2777 3100 2832 diabolo
3126 2776 3436 2830 condonas-

1878 2885 1998 2930 scnt
2030 2875 2139 2946 [Αἰ.
2167 2873 2681 2946 condemnassent].
2712 2875 2822 2928 Cur
2854 2873 3201 2926 damnassent
3235 2886 3327 2923 eos
3355 2868 3447 2936 qui

1877 2969 2061 3022 Ariani
2121 2985 2229 3021 non
2278 2968 2472 3021 erant?
2523 2967 2630 3021 Cur
2687 2965 2981 3020 Ecclesiam
3037 2962 3350 3016 scinderent
3394 2962 3448 3013 in

1876 3065 2170 3119 concordia
2207 3063 2327 3117 lidei
2381 3063 2834 3130 permanentem?
2878 3062 2990 3115 Cur
3039 3058 3274 3124 denique
3319 3073 3443 3109 crc-

1878 3160 2066 3211 dentes
2105 3158 2264 3220 bene,
2293 3157 2664 3210 obstinatione
2712 3170 2809 3208 sua
2869 3153 3112 3206 facerent
3169 3147 3449 3202 Ariauos?

191 3245 348 3296 litum
383 3252 470 3294 est
503 3255 519 3292 :
557 3249 686 3292 tunc
719 3236 949 3290 Nicanze
979 3234 1100 3289 lidei
1132 3233 1415 3286 damnatio
1439 3231 1773 3286 conclamata
1804 3277 1846 3338 ε
1881 3250 2011 3303 Nam
2046 3264 2167 3301 cum
2199 3248 2250 3300 in
2284 3247 2494 3317 synodo
2521 3244 2760 3305 Nicena.
2793 3258 2913 3310 qua,
2939 3252 3160 3309 ρτοριθτ
3187 3239 3444 3291 “iam...

190 3349 294 3392 est.
332 3338 616 3406 lngetnoit
648 3344 796 3388 totus
825 3333 1001 3397 orbis,
1037 3341 1092 3384 et
1125 3331 1389 3385 Arianum
1423 3343 1482 3383 se
1507 3345 1630 3382 esse
1677 3331 1779 3380 mi-

193 3441 344 3484 ratus
375 3441 463 3484 est
499 3429 544 3480 ⁸.
582 3427 752 3494 Igitur
829 3426 920 3478 alii
954 3428 1097 3477 intra
1154 3439 1306 3476 suam
1338 3421 1775 3476 communionem

192 3537 512 3582 remanere,
550 3521 642 3572 alii
675 3521 740 3572 ad
769 3533 863 3571 eos
891 3517 1238 3572 conl‘essores
1281 3515 1371 3584 qui
1408 3515 1510 3568 sub
1559 3513 1778 3568 nomine

190 3613 483 3667 Athanasii
531 3610 880 3672 exsulabant,
921 3615 1208 3676 cmperunt
1257 3607 1465 3661 litteras
1515 3605 1774 3659 mittere:

191 3705 448 3760 nonnulli
504 3705 693 3755 initam
726 3701 1045 3755 societatem
1082 3701 1362 3753 meliorem
1394 3697 1777 3765 desperatione

193 3801 556 3868 planxerunt.
605 3794 770 3847 Pauci
819 3807 944 3846 vero
984 3793 1065 3857 (ut
1132 3807 1192 3847 se
1245 3801 1443 3845 natura
1491 3792 1772 3844 hominum

195 3893 385 3953 habet)
425 3902 678 3941 errorem
713 3901 808 3954 pro
859 3885 1095 3940 consilio
1124 3883 1500 3938 deiensavere.
1555 3884 1778 3937 Pericli-

195 3981 418 4032 tahatur
475 3975 724 4029 navicula
770 3975 1146 4042 apostolorum
1183 4012 1197 4034 .
1264 3973 1527 4042 urgebant
1593 3973 1773 4036 venti,

193 4072 459 4124 ﬂuctibus
493 4070 662 4122 latera
692 4065 1063 4120 tondebantur
1093 4080 1116 4116 ε-
1143 4065 1278 4117 nihil
1330 4064 1452 4132 jam
1482 4073 1776 4132 supererat

196 4164 315 4231 spei
355 4179 369 4216 ;
413 4161 684 4214 Dominus
721 4158 1009 4217 excitatur,
1045 4157 1278 4225 imperat
1318 4157 1648 4225 tempestati,
1687 4156 1777 4209 be-

196 4257 300 4309 stia
323 4253 476 4326 [sciL
520 4248 900 4318 Constantius]
921 4250 1172 4314 moritur,
1201 4249 1565 4316 tranquillitas
1593 4247 1775 4301 rediit.

201 4345 247 4397 Il
269 4344 555 4396 «infestius
579 4341 780 4391 dicam.
803 4337 1007 4391 Omnrs
1031 4337 1297 4407 episcopi,
1324 4337 1414 4404 qui
1452 4337 1517 4390 de
1541 4337 1776 4407 prepriis

199 4437 430 4491 sedibus
473 4431 688 4484 fuerant
712 4430 1082 4492 exterminati,
1115 4445 1208 4499 per
1241 4428 1626 4495 indulgentiam
1650 4429 1774 4482 novi

205 4527 470 4598 principis
507 4523 652 4594 [sril.
690 4521 917 4592 Juliani]
948 4524 1013 4575 ad
1039 4521 1312 4577 Ecclesias
1339 4521 1590 4576 redeunt.
1621 4521 1773 4574 Tunc

1881 3346 2161 3415 perfidiam
2205 3353 2535 3412 congregata
2570 3351 2692 3405 est,
2732 3351 2860 3394 octo
2892 3339 3184 3406 episcopos
3216 3335 3450 3388 Ariauos

1879 3448 2166 3506 susceptos
2219 3437 2499 3501 sciamus;
2545 3445 2601 3489 et
2658 3433 2947 3501 episcopus
2980 3430 3091 3498 jam
3141 3429 3194 3480 in
3247 3426 3460 3480 mundo

1881 3532 2061 3586 nullus
2093 3531 2182 3596 sit,
2214 3531 2316 3584 nisi
2358 3544 2498 3596 quos
2544 3526 2785 3597 synodus
2838 3525 2924 3577 illa
2958 3520 3232 3575 ordinavit
3266 3535 3278 3570 :
3315 3535 3456 3587 quo-

1881 3623 2041 3678 tnodo
2092 3631 2386 3691 potuerunt
2435 3621 2724 3674 adversum
2759 3632 2880 3671 eam
2930 3616 3107 3678 facere
3143 3613 3190 3675 ⁸,
3229 3619 3455 3682 propter

1877 3732 2040 3786 quam
2077 3716 2328 3769 exsilium
2363 3708 2790 3768 sustinuerunt?

1951 3807 2044 3862 26.
2077 3807 2331 3859 ductores
2370 3805 2622 3856 ha'reseos
2654 3801 2894 3855 Arianrr.
2923 3798 3248 3864 Supererant
3287 3793 3453 3847 homi-

1879 3917 1968 3954 nes
2011 3899 2096 3968 qui
2128 3898 2326 3967 synodo
2354 3893 2588 3948 Nicrrnw
2619 3892 2990 3959 interfuerant.
3024 3890 3166 3954 Quid
3198 3889 3456 3940 cons'itu-

1878 4004 1988 4044 tum
2017 3991 2070 4042 in
2101 3989 2298 4057 synodo
2326 3985 2711 4040 Alexandrina.
2743 3980 2960 4046 Lucifer
2996 3980 3118 4047 quid
3149 3979 3350 4046 fecerit.
3388 4004 3455 4016 —

1877 4083 1938 4137 L.
1970 4083 2050 4134 An
2083 4081 2299 4133 tandem
2331 4090 2385 4132 et
2405 4088 2531 4130 tunc
2567 4075 2769 4142 recepti
2796 4083 2920 4127 sunt
2945 4071 3172 4126 Ariani?
3199 4070 3414 4138 quinam
3437 4106 3454 4133 ,

1880 4170 2112 4242 quasso?
2175 4169 2240 4226 Ο.
2305 4169 2572 4223 Eusebius
2635 4167 2927 4234 episcopus
2999 4159 3456 4223 Nicomediensis,

1879 4263 2201 4330 'I'heognius
2254 4260 2366 4332 [ΑΙ.
2416 4254 2790 4327 Theogonius]
2842 4255 3133 4322 episcopus
3179 4251 3456 4307 Niczenus.

1880 4358 2045 4411 Saras
2088 4365 2218 4408 tunc
2259 4357 2544 4421 presbyter
2577 4347 2781 4417 Libyae.
2837 4346 3107 4400 Eusebius
3160 4346 3454 4413 episeOpus

1877 4454 2141 4506 Caesarea:
2187 4445 2527 4504 Palaestinae,
2588 4453 2643 4496 et
2694 4440 2924 4507 reliqui,
2965 4454 3104 4508 quos
3137 4453 3457 4492 enumerare

1880 4542 2103 4612 longum
2147 4547 2251 4593 cst.
2304 4535 2426 4604 Ipse
2477 4548 2696 4602 quoque
2750 4538 2915 4598 caput
2951 4529 3143 4581 horum
3191 4537 3242 4580 et
3287 4541 3458 4580 cmisa

207 4621 668 4686 triumphatorem
709 4629 870 4668 suum
921 4613 1283 4666 Athanasium
1315 4612 1584 4681 Egyptus
1612 4627 1769 4665 exce-
1801 4609 1850 4669 Β

1801 4609 1850 4669 θ
1876 4609 2165 4692 malorum,
2197 4627 2357 4680 Arius
2387 4626 2688 4694 presbyter,
2709 4631 2758 4675 et
2788 4619 3021 4673 Euzoius
3051 4618 3332 4678 diaconus,
3361 4614 3457 4683 qui

207 4717 280 4782 pit
309 4729 324 4778 ;
371 4720 506 4764 tunc
535 4705 800 4760 llilarium
832 4704 899 4760 de
928 4705 1113 4774 proelio
1143 4712 1505 4759 revertentem
1534 4744 1550 4770 ,
1584 4705 1780 4761 Gallia-

267 4916 282 4945 ι
328 4911 386 4963 In
424 4924 535 4962 uno
566 4924 694 4969 ms.,
739 4907 997 4960 Dixerunt
1025 4907 1219 4971 amicti,
1252 4916 1301 4959 et
1331 4907 1440 4970 ipse
1483 4904 1706 4967 Valens:
1731 4917 1783 4961 et

210 4985 388 5036 cuncti
424 4980 803 5047 responderunt
845 4994 861 5031 :
901 4979 1192 5028 Anathema
1229 4984 1318 5028 slt.
1361 4977 1480 5028 Mox
1532 4993 1628 5045 pro
1658 4994 1782 5030 con-

214 5055 510 5108 damnavit,
541 5050 819 5107 scribitur.
854 5049 1002 5098 clara
1037 5063 1155 5098 noce
1185 5047 1476 5100 damnavit.

288 5128 307 5155 ι
354 5122 703 5172 Martianaeus
759 5127 878 5185 pust
909 5118 1117 5170 lirasm.
1156 5115 1242 5167 His
1275 5117 1448 5181 itaque
1486 5117 1662 5183 gestis.

285 5195 307 5224 ³
351 5189 540 5254 Neque
605 5189 748 5240 enim
806 5201 866 5239 et
917 5186 1099 5238 animo
1129 5185 1367 5237 Ariauus
1398 5197 1532 5241 erat.
1566 5190 1674 5238 imo
1707 5203 1786 5237 rc-

212 5275 296 5316 rte
350 5260 622 5318 sentiens,
685 5258 776 5309 sed
825 5271 892 5308 eo
949 5270 1056 5321 quo
1093 5255 1330 5315 nolebat,
1380 5259 1535 5306 modo
1569 5259 1784 5308 intelleo

217 5346 363 5388 ειυς,
400 5330 662 5378 Ariauum
704 5341 763 5378 se
797 5324 1060 5393 publicari
1102 5334 1156 5375 et
1184 5325 1372 5377 audire
1407 5325 1708 5393 obstupuit.

290 5400 310 5429 δ
344 5400 484 5452 Sunt
527 5400 618 5463 qui
654 5395 927 5464 memoria
966 5391 1226 5464 vitiouhic
1260 5393 1361 5445 labi
1396 5391 1784 5464 Hieronymum

222 5470 408 5528 velint,
431 5459 557 5519 cum
591 5466 778 5516 Arium
811 5463 988 5528 ipsum
1012 5464 1065 5514 in
1094 5459 1310 5514 Nieaano
1344 5463 1575 5516 concilio
1603 5459 1787 5517 'susre-

224 5551 378 5608 ptum
421 5538 605 5608 tradit.
646 5531 874 5608 Nicena
916 5535 1062 5608 enim
1120 5530 1376 5608 synodica
1405 5533 1630 5608 epistola
1668 5541 1788 5600 post

224 5600 517 5660 anathema
571 5605 778 5656 Ariona
828 5603 1108 5655 sententiae
1140 5600 1306 5654 sociis
1342 5600 1627 5663 inllictum,
1659 5617 1790 5653 cuu-

227 5680 378 5731 sultu
423 5673 635 5725 n-ticeri
661 5671 807 5734 dicit,
833 5687 989 5738 quem
1023 5671 1226 5723 exitum
1263 5672 1422 5722 Arius
1446 5675 1671 5722 sortitus
1692 5673 1786 5733 sit,

224 5761 294 5800 ne
349 5747 587 5798 homins
640 5741 930 5795 calamitati
972 5739 1215 5793 videatur
1259 5741 1555 5802 insultare;
1591 5741 1791 5808 quibus

223 5815 409 5866 verbis
445 5814 622 5864 exsilii
653 5825 860 5877 prauam
899 5810 976 5863 illi
1005 5810 1070 5861 ah
1115 5809 1442 5876 imperatore
1494 5811 1787 5875 irrogatam

227 5884 458 5938 iudicari
504 5883 694 5951 liquet.
729 5878 920 5935 Verum
957 5880 1221 5934 discimus
1263 5893 1294 5933 a
1347 5879 1651 5932 ὃυῑοιιιριιο
1692 5881 1784 5933 lib.

1887 4726 2008 4789 post
2073 4715 2378 4770 Eudoxium
2442 4713 2461 4744 '
2515 4709 2890 4765 Antiochenus
2950 4707 3109 4777 193
3159 4706 3452 4772 episcopus

1888 4913 1946 4975 ir,
1996 4926 2115 4976 cap.
2169 4910 2256 4971 1'6,
2307 4909 2492 4962 Arium
2530 4907 2620 4960 ἐπὶ
2664 4905 2761 4974 τὴν
2815 4903 3032 4971 ἔξορξαν
3069 4901 3441 4968 ἀπαγόμενον.

1887 4986 2002 5033 sive
2034 4997 2092 5034 eo
2125 4982 2238 5046 ipso
2288 4989 2515 5045 tempore
2545 4993 2646 5046 quo
2692 4977 2744 5028 in
2786 4976 3029 5046 cpitium
3072 4976 3452 5046 deportabnlur

1890 5051 2050 5120 fuisse
2074 5043 2399 5102 reuocatum.
2429 5043 2570 5114 Quin
2605 5045 2764 5120 etiam
2800 5043 3055 5097 Socrates
3093 5043 3253 5120 illum
3274 5044 3456 5120 statim

1891 5111 1958 5172 ab
1989 5121 2182 5172 exsilio
2212 5111 2518 5170 revocatum
2557 5116 2737 5177 tradit,
2773 5126 3064 5178 antequam
3104 5111 3362 5164 Eusebius
3393 5127 3458 5163 ae

1891 5189 2204 5254 Theoguius
2235 5187 2472 5238 lihel‘lutn
2504 5185 2833 5252 poenitentia:
2867 5185 3154 5254 mitterent.
3191 5180 3321 5254 dam
3357 5181 3456 5246 igi-

1893 5271 1981 5310 tur
2015 5249 2164 5310 vides
2195 5273 2303 5326 quo
2338 5249 2751 5325 mero-intelligi
2786 5261 2839 5306 et.
2873 5249 3153 5305 conciliari
3190 5250 3458 5319 lllerony-

1896 5344 2016 5381 mus
2045 5329 2236 5394 possit.

1965 5399 1984 5428 ⁸
2021 5387 2332 5450 Euclionem
2363 5393 2586 5448 Victurii
2621 5406 2817 5446 revoco
2839 5429 2855 5452 ,
2893 5390 3048 5458 cujus
3078 5389 3193 5458 loco
3232 5387 3458 5440 Martia-

1895 5481 2040 5520 nzeus
2070 5481 2190 5518 cum
2226 5467 2449 5518 Erasmo
2484 5464 2666 5524 habet,
2698 5463 2787 5530 qui
2823 5460 3125 5530 postea_sub
3161 5457 3454 5530 Theodosio

1895 5536 2249 5589 Antiocltenus
2271 5574 2286 5594 ,
2330 5544 2463 5593 etc.,
2493 5543 2548 5585 et
2580 5527 2722 5598 quod
2758 5532 2978 5583 minime
3009 5527 3294 5598 ferendum
3326 5536 3410 5579 est
3436 5566 3455 5592 ,

1895 5607 2116 5658 Victorii
2147 5605 2466 5656 industriam
2498 5597 2652 5669 plane
2677 5602 3002 5653 dissimulat.
3028 5597 3245 5669 Certum
3272 5606 3455 5669 tamen

1893 5685 1979 5730 est
2021 5674 2126 5725 falli
2165 5674 2447 5738 Erasmqu
2479 5665 2704 5738 {neque
2752 5684 2868 5720 eam
2927 5669 3095 5738 fuisse
3141 5665 3461 5738 Hieronymi

1895 5753 2150 5805 mentem,
2185 5734 2549 5794 Theodosium
2596 5734 3100 5803 commemorandi;
3157 5750 3355 5805 neque,
3381 5734 3461 5805 ita

1897 5802 2201 5878 scripsisse.
2237 5810 2291 5862 lu
2322 5811 2461 5862 hanc
2492 5826 2603 5862 rem
2635 5809 2911 5878 Socrates,
2960 5807 3053 5859 lib.
3083 5802 3151 5870 lt,
3177 5818 3298 5878 cap.
3333 5802 3405 5856 dri
3435 5815 3452 5854 :

1901 5900 1922 5934 ο
1959 5874 2302 5944 Antiochcui,
2332 5880 2527 5944 inquit,
2553 5893 2670 5934 cum
2698 5877 3002 5931 Eudoxiutn
3039 5874 3453 5942 comperissent,
