4218 6472
743 384 846 452 183

1905 385 1964 443 S.
1994 384 2312 448 EUSEBII
2357 388 2799 449 HIERONYMI

3900 382 4007 449 18$

702 503 867 560 'fuit;
898 512 951 555 ct
978 501 1215 556 Achillas
1244 502 1429 557 lector.
1459 500 1521 556 lli
1555 502 1753 572 quippe
1784 511 1891 555 tres
1922 502 2308 559 Alexandrina:
2342 514 2380 563 Α
2414 506 2565 559 rabie
2600 504 2877 574 luporum.
2912 503 3211 572 segregatis
3238 504 3427 571 paucis
3470 501 3689 564 ovibus,
3722 500 4009 569 reliquum

733 592 992 659 Ecclesiae
1024 594 1228 659 clerici,
1263 604 1515 651 auctores
1559 596 1720 664 hujus
1761 595 2039 651 horrescas
2074 598 2302 651 exstite-

735 699 883 744 runt.
918 688 979 742 L.
1021 687 1078 742 Si
1130 688 1399 765 quispiam
1446 703 1539 743 eos
1595 698 1757 757 neget
1792 688 1963 744 fuisse
1996 698 2306 757 susceptos,

735 783 1014 847 qttotuodo
1045 782 1391 839 revincetur?
1422 780 1483 836 0.
1520 780 1822 853 Supersunt
1852 783 2028 836 adhuc
2064 780 2311 836 homines

737 878 829 944 qui
865 877 940 943 illi
981 877 1191 949 synodo
1223 876 1608 935 interfuerunt.
1656 877 1720 932 Et
1764 876 1808 932 si
1840 874 1943 929 hoc
1986 892 2173 945 parum
2204 886 2309 941 est,

741 971 868 1037 quia
908 982 1130 1043 propter
1165 970 1427 1040 temporis
1454 970 1832 1039 antiquitatem
1877 968 1986 1022 rari
2019 968 2311 1022 admodum

742 1074 891 1133 sunt,
920 1078 971 1121 ct
1016 1066 1066 1119 in
1117 1065 1265 1131 omni
1308 1065 1426 1121 loro
1468 1074 1632 1118 testes
1669 1061 1862 1117 adesse
1894 1079 2001 1117 non
2038 1070 2310 1133 possunt,

745 1156 987 1226 legamus
1018 1165 1136 1209 acta
1166 1167 1220 1209 et
1248 1155 1466 1209 nomina
1501 1154 1885 1223 episcoporum
1922 1152 2110 1225 synodi
2142 1151 2315 1205 Nico:-

746 1263 867 1315 n.e;
897 1255 948 1301 et
990 1248 1090 1304 hos
1120 1264 1258 1316 quos
1296 1262 1459 1316 supra
1493 1246 1737 1301 diximus
1774 1245 1949 1301 fuisse
1981 1253 2267 1314 susceptos
2296 1286 2311 1312 ,

744 1338 1142 1408 subscripsisse
1172 1338 1449 1392 Itantusion
1473 1383 1487 1405 ,
1525 1338 1668 1393 inter
1700 1348 1924 1391 caeteros
1956 1337 2313 1405 reperiemus.

748 1431 807 1486 L.
842 1430 897 1490 Si
932 1447 1109 1501 potes,
1152 1429 1380 1485 ostende
1408 1439 1531 1502 post
1560 1430 1830 1503 synodum
1883 1428 2162 1483 Mea-nant
2198 1427 2316 1481 illos

749 1543 803 1579 tn
854 1527 1130 1595 pertitliam
1169 1525 1501 1581 declinasse.
1534 1524 1600 1580 Ο.
1630 1523 1796 1578 Recte
1829 1522 2190 1593 proposuisti,
2225 1537 2318 1577 so-

752 1620 863 1672 lent
896 1618 1041 1677 enim
1074 1617 1251 1672 oculis
1278 1617 1803 1683 clausisdenegate,
1831 1618 1923 1685 qni
1953 1632 2059 1672 non
2092 1616 2322 1671 credunt

750 1711 957 1766 factum
993 1725 1115 1767 esse
1145 1712 1290 1781 quod
1319 1708 1528 1763 nolunt.
1554 1708 1655 1764 Sed
1690 1711 1966 1779 quomodo
2000 1718 2183 1778 postea
2214 1722 2320 1761 non

752 1802 1124 1863 declinarunt,
1160 1811 1383 1872 propter
1412 1814 1553 1869 quos
1584 1801 1827 1871 synodus
1854 1808 2181 1869 congregata
2212 1797 2323 1853 est?

2415 614 2630 665 μεθέηκε
2680 599 2943 659 deseruit.
2982 597 3165 651 Bonus
3200 597 3421 666 quidem
3477 598 3593 667 ipse
3642 608 3858 667 pastor,
3902 599 4003 650 sed

2417 693 2644 744 multant
2685 691 2923 757 pt-tedatu
2962 689 3153 746 bestiis
3191 690 3528 759 relinquens.
3559 688 3834 743 Pratet'eo
3865 687 3961 741 illa
3986 728 4005 754 ,

2413 802 2531 853 qua:
2565 784 2788 855 quidam
2823 798 2889 838 ex
2922 783 3229 851 maledicis,
3262 783 3416 855 quasi
3448 783 3584 838 satis
3619 782 3772 836 firma
3802 780 4002 837 deft-th

2413 876 2585 940 dunt;
2626 878 2726 930 hoc
2758 877 2908 929 illum
2934 890 3119 929 amore
3147 876 3335 945 gloriae
3369 875 3414 938 ⁸,
3448 884 3503 928 et
3536 874 3780 929 nominis
3818 874 3873 927 iu
3905 889 4006 939 po-

2415 980 2587 1023 steros
2615 967 3021 1022 transmitteutli
3052 966 3248 1022 fecisse
3280 986 3295 1022 :
3336 983 3551 1029 necnon
3588 976 3642 1021 et
3671 982 3768 1034 pro
3793 963 3996 1017 sit-tul-

2418 1073 2563 1123 tate,
2600 1076 2761 1130 quam
2837 1060 3102 1117 adversus
3160 1058 3450 1114 Eusebium
3498 1057 3637 1131 [sciL
3677 1057 4000 1111 Vercellen-

2416 1155 2556 1229 sem]
2590 1164 2808 1225 propter
2854 1154 3257 1210 Antiochenam
3296 1151 3321 1183 ⁸
3349 1152 3751 1208 dissensionem
3812 1166 4011 1205 susce-

2417 1261 2594 1319 perat.
2640 1246 2785 1302 Nihil
2848 1248 3077 1303 istorum
3105 1247 3171 1303 de
3205 1246 3298 1301 tali
3328 1246 3444 1300 viro
3469 1247 3630 1299 credo
3662 1261 3677 1310 ;
3715 1260 3887 1298 unum
3916 1250 4006 1297 est

2418 1345 2755 1415 quodetiam
2798 1345 2851 1396 in
2882 1341 3136 1413 pra-senti
3187 1348 3504 1397 constanter
3527 1339 3547 1370 ⁸
3583 1338 3791 1407 loquar,
3823 1337 4014 1391 verbis

2418 1450 2541 1490 eum
2579 1450 2608 1488 a
2641 1435 2795 1489 nobis
2825 1435 3139 1494 dissentire.
3177 1448 3285 1488 non
3322 1434 3487 1486 rebus
3529 1446 3544 1485 :
3580 1430 3624 1484 si
3661 1432 3885 1499 quidem
3917 1445 4007 1483 re-

2421 1529 2608 1598 cipiat,
2642 1529 2733 1598 qui
2774 1529 2840 1582 ab
2867 1527 3086 1583 Ariauis
3117 1527 3387 1596 baptisma
3424 1524 3714 1580 consecuti
3748 1533 3901 1577 sunt.

2490 1622 2551 1676 2i
2568 1663 2581 1675 .
2616 1621 2861 1675 Hilarius
2884 1620 3133 1675 Romana:
3158 1617 3407 1674 Ecclesiae
3438 1619 3725 1673 diaconus.
3750 1616 4009 1672 Ecclesia

2424 1732 2526 1770 non
2545 1726 2615 1769 est
2646 1730 2764 1783 qua:
2791 1730 2893 1766 non
2914 1712 3065 1765 liabet
3096 1712 3440 1766 sacerdotem.
3464 1740 3533 1750 —
3551 1708 3594 1762 L
3648 1710 3822 1775 Quart.
3844 1706 4014 1776 iunge

2426 1808 2550 1871 alia,
2586 1817 2664 1873 et,
2695 1815 2754 1860 ut
2787 1819 2934 1859 nunc
2959 1804 3224 1875 intelligo,
3264 1804 3435 1858 errori
3473 1804 3646 1871 magis
3684 1816 3847 1869 quam
3886 1799 4010 1865 spei

755 1892 823 1949 Et
851 1909 1084 1966 quorum
1119 1890 1364 1962 epistolae
1403 1902 1459 1946 et
1500 1891 1625 1947 libri
1658 1891 1949 1960 impietatis
1995 1900 2121 1944 ante
2154 1904 2322 1961 syno-
2356 1896 2396 1952 ιν

2356 1896 2396 1952 Β
2428 1902 2788 1974 proficientia,
2830 1901 2962 1955 mihi
3002 1910 3161 1953 antea
3190 1896 3599 1953 ali‘erebantnr‘.
3638 1895 3833 1948 Verum
3869 1882 4006 1963 gra-

755 1987 885 2039 dum
911 1984 1065 2050 editi,
1092 1998 1265 2054 usque
1286 1983 1351 2038 ad
1377 1993 1696 2054 prasentem
1722 1981 1865 2036 diem
1894 1981 2134 2035 durant?
2159 1981 2329 2051 Igitur

757 2093 881 2133 cum
916 2077 1007 2132 illo
1051 2088 1299 2149 tempore
1335 2076 1560 2131 trecenti
1586 2082 1641 2130 et
1674 2090 1740 2130 eo
1771 2076 2009 2145 amplius
2038 2075 2279 2144 episcopi
2310 2112 2327 2141 ,

760 2184 963 2236 paucos
993 2152 1285 2234 homines,
1315 2182 1455 2238 quos
1484 2167 1601 2222 sine
1640 2168 1842 2222 damno
1894 2167 2146 2220 Ecclesiae
2192 2166 2330 2235 al-ji-

758 2279 883 2323 cere
919 2272 1211 2336 poterant,
1263 2262 1608 2333 susceperint
1650 2283 1664 2319 :
1703 2262 1873 2315 miror
1926 2262 2191 2331 quosdam
2222 2300 2235 2322 ,
2277 2268 2333 2315 et

762 2367 910 2412 certe
949 2353 1181 2411 Nicatore
1215 2354 1337 2410 fidei
1370 2361 1688 2417 sectatores,
1723 2361 1889 2407 tanta!
1943 2351 2160 2406 duritite
2186 2350 2332 2406 exsi-

764 2461 927 2517 stere,
963 2460 1021 2506 ut
1062 2459 1175 2508 tres
1204 2450 1550 2506 confessores
1594 2451 1609 2481 ¹
1642 2452 1709 2503 de
1740 2449 1935 2504 exSilio
1971 2458 2329 2513 revertentes,

768 2560 877 2600 non
908 2555 1120 2619 putem,
1153 2545 1206 2599 l‘d
1247 2544 1318 2599 ob
1349 2543 1517 2598 totius
1551 2542 1700 2597 orbis
1734 2542 1964 2597 salutem
2010 2541 2335 2596 necessitate

772 2637 952 2692 facere
987 2637 1261 2697 debuisse.
1292 2636 1437 2706 quod
1464 2642 1545 2689 tot
1579 2644 1631 2689 et
1661 2635 1795 2689 tales
1826 2633 1927 2688 viri
1952 2634 2230 2688 voluntate
2263 2634 2337 2687 fe-

770 2740 979 2787 cerunt.
1016 2729 1121 2785 Sed
1147 2770 1162 2795 ,
1201 2739 1261 2783 ut
1293 2731 1478 2784 dicere
1506 2743 1848 2798 cmprran-us
1878 2765 1893 2790 ,
1944 2735 2065 2798 post
2105 2726 2335 2781 reditum

772 2823 1173 2887 confessorum,
1200 2821 1255 2877 in
1287 2821 1653 2879 Alexandrina
1688 2828 1876 2889 postea
1904 2819 2109 2889 synodo
2137 2820 2341 2873 consti-

773 2924 948 2970 tutunt
984 2922 1092 2979 est,
1130 2923 1218 2979 ut,
1248 2911 1493 2981 exceptis
1525 2910 1843 2964 auctoribus
1872 2910 2161 2969 iliBI‘t‘SPOS,
2199 2923 2339 2978 quos

773 3021 929 3063 error
979 3020 1248 3061 excusare
1298 3019 1405 3059 non
1444 3012 1692 3073 poterat,
1726 3003 2055 3070 praenitentes
2084 3001 2342 3056 Ecclesia:

772 3102 1159 3157 sociarentur:
1198 3114 1304 3153 non
1340 3096 1484 3167 qttod
1525 3097 1766 3167 episcOpi
1816 3096 2025 3167 possint
2077 3110 2200 3151 esse
2249 3096 2341 3164 qui

2433 1999 2538 2051 tias
2575 2012 2674 2063 ago
2704 1994 2923 2049 Christo
2948 1994 3192 2064 Deo,qui
3220 1993 3273 2046 itt
3305 2002 3501 2062 pet-tus
3535 2006 3715 2044 meum
3750 1987 4007 2042 veritatis

2430 2088 2612 2143 lumen
2652 2084 2894 2153 infudit;
2934 2102 3001 2140 ne
3039 2085 3218 2141 adhuc
3268 2098 3364 2139 ore
3405 2084 3695 2151 sacrilego.
3726 2080 4002 2150 virginem

2432 2179 2550 2248 ejus
2582 2188 2823 2234 scortum
2849 2178 3051 2233 diaboli
3076 2178 3393 2233 clamarem.
3422 2175 3607 2230 Restat
3634 2189 3827 2230 unum.
3857 2170 4011 2241 quod

2432 2287 2617 2343 quaaso
2664 2280 2716 2326 te
2772 2282 2833 2326 ut
2880 2269 3176 2333 edisseras.
3220 2269 3353 2339 quid
3401 2269 3691 2323 adversum
3732 2265 4011 2321 Hilarium

2434 2362 2727 2419 dicendum
2764 2366 2856 2425 sit,
2882 2362 2971 2431 qui
3006 2376 3075 2416 nc
3108 2360 3408 2430 baptizatos
3429 2349 3646 2427 quidem
3681 2357 3913 2424 recipiat
3939 2355 4014 2407 ab

2435 2456 2671 2511 Ariauis.
2707 2453 2774 2510 0.
2809 2454 3047 2509 Hilarius
3081 2468 3206 2509 cum
3239 2452 3504 2507 diaconus
3560 2451 3626 2505 de
3658 2450 3897 2506 Ecclesia
3926 2464 4016 2499 re-

2438 2548 2973 2617 cesserit,solusque,
3022 2556 3078 2601 ut
3108 2556 3284 2617 putat,
3319 2546 3477 2600 turba
3510 2547 3583 2600 sit
3608 2544 4018 2610 mundimue

2442 2641 2835 2696 eucharistiam
2860 2639 3128 2694 coitficere
3153 2646 3353 2709 potest,
3378 2639 3664 2704 episcopos
3693 2646 3747 2690 et
3780 2630 4019 2703 pr'abg-

2442 2742 2588 2789 teros
2621 2748 2729 2787 non
2755 2732 2962 2786 habens
2993 2748 3009 2787 :
3039 2748 3215 2798 neque
3236 2730 3502 2800 baptisma
3526 2732 3647 2784 sine
3669 2728 3870 2783 euehat
3887 2730 4017 2781 istia

2443 2825 2686 2881 tradere.
2735 2824 2801 2878 Et
2843 2840 2967 2879 cum
2998 2823 3111 2893 jam
3144 2824 3305 2879 homo
3339 2833 3588 2878 mortuus
3614 2822 3710 2881 sit.
3745 2835 3877 2874 cum
3921 2820 4025 2872 ho-

2446 2918 2593 2972 mine
2626 2917 2831 2983 pariter
2870 2916 3077 2971 interiit
3104 2924 3159 2970 et
3193 2926 3366 2979 secta,
3396 2914 3523 2984 quia
3557 2920 3679 2982 post
3712 2926 3773 2966 se
3800 2911 4018 2965 nullum

2449 3008 2711 3064 clericum
2738 3008 3011 3063 diaconus
3041 3008 3219 3078 potuit
3248 3007 3530 3061 ordinare.
3563 3005 3803 3061 Ecclesia
3828 3014 4022 3057 autem

2447 3117 2557 3157 non
2587 3113 2687 3167 est,
2722 3118 2843 3171 qua:
2877 3118 2984 3155 non
3037 3101 3202 3156 habet
3244 3100 3580 3155 sacerdotes.
3634 3097 3742 3152 Sed
3797 3097 4025 3151 omissis

776 3191 1020 3249 heretici
1048 3190 1305 3255 fuerant;
1335 3188 1429 3243 sed
1466 3189 1611 3258 quod
1651 3195 1930 3244 constaret
1956 3202 2049 3243 eos
2080 3187 2174 3257 qui
2209 3187 2345 3241 reci-
2372 3234 2415 3292 ϐ
2448 3197 2639 3268 paucis
2673 3195 3042 3262 honmncuus,
3095 3195 3188 3265 qui
3244 3194 3347 3264 ipsi
3392 3204 3446 3248 ει
3486 3194 3607 3247 laici
3638 3201 3766 3245 ευηι
3802 3200 3855 3243 ει
3907 3192 4027 3259 ενδ.

774 3296 1056 3359 parentur.
1099 3286 1384 3342 haereticos
1422 3298 1529 3339 non
1567 3284 1757 3338 fuisse.
1793 3284 2066 3338 Assensus
2096 3292 2177 3337 est
2218 3281 2346 3337 huic

778 3379 1069 3437 sententias
1101 3376 1370 3432 Occidens
1401 3394 1413 3430 :
1449 3384 1503 3429 et
1530 3390 1624 3445 per
1658 3386 1766 3429 tam
1809 3374 2175 3429 necessarium
2213 3389 2347 3429 con-

777 3475 963 3529 t-ilium
1001 3472 1021 3546 ι
1053 3474 1179 3543 fort.
1206 3468 1543 3542 consilium].
1585 3468 1801 3525 Satanas
1831 3468 2081 3524 faucibus
2114 3469 2351 3524 mundus

780 3576 999 3635 ereptus
1038 3575 1142 3621 est.
1170 3564 1404 3620 Ventum
1434 3572 1518 3616 est
1547 3564 1611 3618 ad
1654 3563 2012 3633 asperrimum
2048 3562 2222 3616 locum
2247 3603 2262 3627 ,
2296 3562 2348 3615 in

782 3671 893 3730 quo
937 3655 1225 3711 adversum
1262 3654 1602 3709 voluntatem
1635 3662 1688 3707 et
1738 3653 2078 3724 prepositnm
2131 3666 2306 3705 meum
2333 3694 2348 3718 ,

784 3763 948 3819 cogor
974 3751 1041 3807 de
1084 3748 1248 3805 beato
1290 3745 1542 3805 Lucifero
1573 3750 1620 3811 '.
1655 3761 1817 3802 secus
1848 3746 2143 3816 quidquam
2188 3760 2352 3815 quam

786 3856 840 3900 ct
876 3842 1021 3899 illius
1056 3841 1331 3902 meritum.
1376 3851 1432 3895 et
1486 3853 1605 3895 mea
1643 3837 1959 3895 immanitas
1999 3836 2206 3905 poscit,
2244 3835 2355 3890 exi-

787 3939 1032 3994 stimare.
1085 3933 1189 3995 Sed
1236 3931 1366 4003 quid
1420 3930 1666 3988 faciant?
1710 3928 1918 3984 veritas
1948 3942 2011 3982 os
2044 3936 2277 3993 reserat,
2305 3934 2357 3982 et

790 4028 1015 4084 invitam
1050 4026 1287 4096 linguam
1349 4022 1508 4100 195
1562 4022 1844 4077 conscium
1881 4020 1947 4074 ad
1989 4018 2356 4089 eloquendum

793 4131 985 4194 pectus
1020 4117 1263 4189 impellit.
1300 4114 1356 4170 ltt
1391 4115 1482 4171 tali
1534 4115 1766 4171 articulo
1796 4111 2080 4178 Ecclesia‘,
2122 4111 2177 4167 in
2211 4120 2360 4167 tanta

796 4314 975 4377 aprum
1028 4302 1269 4377 ipsorum
1323 4296 1587 4377 Ecclesia,
1637 4294 1699 4346 ad
1722 4291 2364 4377 _t_'1ons_tanti.t‘topolitana:

798 4361 946 4431 sedis
979 4361 1317 4440 opulentiam
1336 4366 1695 4440 transiliisse;
1722 4361 1990 4440 Meletittm
2025 4361 2191 4416 Beroa
2225 4363 2362 4417 acci-

805 4460 920 4501 tum
951 4432 1167 4497 in'sede
1200 4438 1535 4492 Antiocltena
1568 4434 1861 4490 collocant.
1900 4432 2094 4487 Hic....
2123 4437 2365 4487 consub-

800 4514 1077 4573 stantialis
1103 4509 1410 4565 doctrinam
1451 4519 1696 4560 asserere
1737 4504 1920 4573 erepit.
1960 4503 2090 4568 Quae
2120 4518 2244 4573 cum
2276 4520 2368 4556 ac-

2406 3283 2415 3317 7
2451 3291 2626 3361 scopi.
2658 3291 2909 3345 ausculta
2950 3288 3079 3357 quid
3108 3290 3173 3343 de
3218 3289 3366 3343 omni
3398 3285 3644 3342 Ecclesia
3671 3283 4025 3340 sentiatdqu

2452 3383 2543 3436 sit.
2582 3381 2643 3436 L.
2679 3379 2900 3445 Tribus,
2930 3393 2989 3457 ut
3013 3380 3191 3441 aiunt,
3226 3380 3404 3436 verbis
3434 3388 3546 3433 tam
3584 3378 3842 3446 prandent
3868 3392 4027 3443 quar-

2452 3471 2685 3525 stionem
2711 3470 3031 3531 dis:olristi.
3053 3478 3108 3524 et
3130 3469 3353 3539 quidem
3376 3469 3505 3524 dum
3537 3467 3797 3537 loqueris.
3826 3465 4027 3519 videor

2453 3564 2586 3619 mihi
2624 3574 2803 3620 tecum
2838 3564 3041 3617 facere.
3075 3561 3133 3615 Si
3165 3576 3294 3618 vero
3322 3559 3639 3619 obticueris.
3675 3557 3861 3613 nescio
3884 3556 4025 3625 quid

2457 3672 2678 3712 rursum
2705 3654 2952 3726 scrupuli
2982 3655 3227 3711 nascitur
3259 3669 3276 3707 :
3312 3669 3485 3723 quare
3513 3654 3583 3707 ab
3619 3652 3890 3706 haereticis
3929 3653 4032 3706 ba-

2458 3749 2648 3819 ptizati
2682 3748 3081 3815 suscipiuntur.
3119 3744 3188 3801 0.
3219 3744 3333 3800 lloc
3366 3755 3451 3799 est
3480 3743 3628 3815 quod
3668 3755 3721 3797 et
3758 3756 3861 3810 ego
3882 3741 4029 3805 disi,

2458 3840 2707 3896 ausculta
2730 3840 2859 3909 quid
2884 3838 2953 3895 de
2973 3838 3124 3893 omni
3152 3835 3397 3892 Ecclesia
3422 3834 3768 3890 sentiendum
3797 3834 3890 3887 sit.
3924 3835 4033 3886 Iste

2458 3932 2626 3993 enim,
2661 3941 2720 3985 ut
2752 3932 2868 3993 ais,
2902 3929 3192 3997 scrupulus
3256 3926 3418 3997 195
3470 3927 3673 3981 multos
3724 3926 3931 3979 titillat.
3964 3923 4034 3978 Et

2461 4023 2657 4093 longus
2688 4020 2919 4076 fortasse
2947 4035 3044 4074 ero
3077 4020 3132 4073 in
3166 4017 3477 4074 enarranda
3514 4034 3527 4068 :
3559 4031 3741 4071 rerum
3778 4017 3916 4070 tanti
3947 4024 4034 4071 est

2465 4114 2675 4171 luerunt
2706 4111 2950 4167 veritatis
2984 4108 3029 4163 '.

2465 4298 2627 4367 cuius
2652 4293 2942 4367 familiaris
2966 4288 3709 4367 fuitED-IOillfLThGOJOSiIIS
3734 4286 4037 4367 imperator

2465 4356 2685 4423 riserit.
2728 4366 2947 4432 Decepi!
2975 4377 3097 4416 eum
3125 4361 3261 4416 alter
3292 4360 3438 4413 illius
3472 4356 4035 4432 tentporis__Enzo_itt_s.

2469 4440 2537 4494 de
2570 4453 2677 4503 quo
2710 4437 2765 4489 in
2797 4424 3067 4502 catalogo
3092 4432 3150 4485 fit
3184 4432 3386 4503 mentio
3415 4428 3550 4503 :_qui
3575 4424 3874 4503 catlmlirtts
3909 4424 4035 4503 fuit,

2471 4519 2523 4563 et
2554 4496 2931 4563 Nazianzenus
2965 4496 3030 4557 ad
3053 4517 3174 4557 eum
3205 4500 3415 4555 scribit.
3443 4499 3575 4557 Nos.
3607 4496 4040 4562 suifragantibus

802 4567 1037 4654 cepisset
1090 4582 1408 4654 itttpet'ator_.
1454 4590 1579 4630 cum
1632 4567 1853 4654 ψιὶἀεξῐίξ
1904 4567 2130 4654 τθξέξῧθιζὶ
2175 4572 2363 4653 iussit;
2399 4570 2446 4630 D
2475 4594 2597 4654 cum
2624 4580 2897 4637 historiis,
2919 4585 3031 4654 tum
3058 4569 3575 4654 esentplaribttsnita
3598 4567 4036 4654 {mettdavituuy

803 4644 1065 4710 Etizoium
1111 4644 1263 4711 vero,
1303 4647 1395 4714 qui
1450 4660 1552 4697 una
1605 4659 1727 4697 cum
1761 4644 1890 4697 Ario
1928 4644 2054 4694 olim
2086 4644 2369 4714 depositus

809 4730 1008 4783 fuerat,
1045 4712 1425 4773 Antiochensis
1459 4714 1710 4769 Ecclesiae
1750 4714 2051 4783 antistitem
2088 4712 2219 4765 fecit
2247 4726 2372 4779 pro-

807 4794 1068 4851 moveri.»
1098 4790 1210 4843 llac
1239 4788 1448 4840 srilit-et
1477 4788 1543 4840 de
1568 4799 1732 4839 causa
1764 4794 1879 4851 post
1912 4782 2208 4835 lt'ttdoxium
2235 4783 2369 4836 dixit

809 4862 1192 4933 Hieronymus;
1237 4856 1343 4912 Sed
1393 4857 1569 4927 ipsum
1608 4855 1785 4929 placet
1816 4851 2113 4907 Victoriam
2160 4852 2370 4906 descri-

807 4939 956 4995 bere.

883 5004 1147 5061 Euzoittm
1174 4998 1416 5055 Eudoxio
1443 4996 1495 5049 itt
1528 4994 1869 5049 Antiocheno
1899 4994 2213 5063 episcopatu
2249 5007 2371 5047 sur—

813 5079 1066 5138 ccssisse,
1119 5081 1333 5127 constat
1380 5063 2374 5138 exillistoria_tripartita,___Socrate

814 5132 1176 5209 scilicet,'lih.
1223 5156 1290 5203 tt,
1331 5155 1381 5194 c.
1416 5137 1507 5199 33,
1542 5135 1615 5209 μ
1637 5144 1688 5188 et
1728 5132 2055 5209 Sozotneno.
2090 5133 2287 5209 lituus,
2320 5148 2370 5186 c.

815 5200 906 5272 ᾖ.
927 5200 1058 5281 ρητέ
1079 5212 1258 5271 omnia
1278 5200 1449 5264 latius
1477 5206 1709 5273 explicat
1730 5201 2071 5281 Nic-ephorus
2091 5200 2372 5281 Callistus,

814 5289 912 5343 lib.
937 5272 1022 5344 ix.
1056 5299 1105 5337 c.
1134 5284 1223 5337 48.
1258 5272 1646 5346 llieronyntus,
1671 5275 1759 5342 qui
1809 5272 2092 5346 haereticos
2140 5273 2372 5346 Arianos

815 5359 905 5413 hic
955 5342 1225 5414 recenset,
1266 5342 1803 5414 ontittit'blcletittm.
1850 5342 1940 5409 qui
1968 5343 2135 5414 illam
2192 5342 2374 5414 sedent

823 5411 1041 5483 incdius
1096 5411 1234 5476 inter
1279 5428 1574 5485 utrumque
1618 5413 1801 5485 tenuit
1833 5411 2175 5485 {catholicus
2207 5413 2373 5485 enim

818 5481 939 5555 erat
994 5502 1048 5549 ct
1074 5492 1141 5547 ab
1174 5481 1499 5558 imperatore
1532 5481 1757 5537 Valente
1790 5481 1914 5534 inde
1944 5482 2169 5558 eiet-tus,
2204 5482 2255 5558 in
2283 5496 2378 5558 ex-

822 5551 1005 5621 silium
1036 5571 1193 5617 actus
1220 5551 1320 5613 est.
1364 5555 1489 5611 Fuit
1520 5561 1700 5606 autem
1737 5560 1972 5621 uterque
2001 5551 2195 5604 horum
2224 5551 2389 5605 Aria-‘

825 5619 951 5698 nus,
991 5632 1083 5685 sed
1135 5628 1415 5698 Eudoxius
1459 5625 1693 5677 Aetianm
1746 5621 1906 5673 etiam
1953 5619 2227 5698 factionis.
2284 5622 2379 5698 llic

826 5687 979 5758 locus
1020 5709 1177 5756 antea
1223 5699 1289 5751 ab
1346 5694 1571 5748 Erasmo
1629 5698 1920 5758 corruptus
1970 5687 2090 5742 fuit.
2147 5689 2380 5752 Legebat

825 5775 968 5828 enim
1001 5789 1015 5825 :
1049 5769 1114 5823 Et
1154 5766 1382 5820 Euzoius
1430 5762 1702 5817 diaconus.
1753 5762 1841 5826 qui
1878 5768 2056 5824 postea
2084 5760 2178 5813 sub
2217 5759 2381 5813 Theo-

826 5845 971 5901 dOsio
997 5837 1348 5896 Antiochcntts
1375 5834 1641 5901 cpiscopus
1670 5830 1788 5896 (uit,
1811 5828 1964 5895 quasi
1984 5829 2094 5883 Arii
2121 5839 2375 5898 tempore,

2475 4648 2729 4702 Libenter
2748 4635 2892 4698 enim
2924 4643 3185 4706 solemus,
3216 4635 3340 4693 cum
3367 4638 3586 4707 quidem
3618 4635 4040 4707 licet,_anctori-

2476 4728 2640 4772 tatem
2680 4716 3036 4781 antiquorum
3077 4705 3339 4764 librorum
3387 4705 3716 4762 testimonio
3775 4705 4041 4758 historia-

2475 4804 2593 4843 ruot
2632 4787 2982 4838 contirmare.

2545 4860 2561 4888 ⁸
2600 4857 2832 4909 Sanctus
2860 4849 3245 4915 Athanasium,
3277 4847 3544 4903 llilariutu
3568 4888 3583 4913 ,
3618 4856 3676 4905 et
3716 4843 4042 4905 Vercelteu-

2476 4943 2587 4983 Sent
2627 4925 2947 4979 Eusebium.

2546 5000 2567 5029 ³
2597 4996 2761 5049 Addit
2784 5004 2939 5047 vetus
2973 4990 3106 5046 edit.
3129 5027 3146 5055 ,
3182 4987 3298 5053 Quo
3329 4987 3484 5042 corde
3515 4985 3651 5043 bono
3676 5001 3803 5055 ergo
3831 4982 4044 5053 Lucife-

2477 5084 2593 5120 γυνη
2629 5082 2742 5119 διιυι
2752 5105 2765 5118 ι

2548 5135 2567 5165 ³
2584 5136 2779 5190 Eadem
2803 5132 2915 5186 Hoc
2936 5132 3086 5185 illam
3117 5124 3219 5183 πολ
3242 5126 3491 5181 Ecclesia:
3509 5142 3705 5187 amore.
3727 5125 3815 5178 sed
3834 5123 4034 5192 gloria,

2477 5217 2585 5262 etc.
2642 5204 2917 5267 Martian.,
2969 5200 3084 5255 "ac
3130 5200 3283 5253 illum
3330 5214 3432 5251 non
3470 5213 3647 5250 auore
3682 5195 3863 5265 glorite
3893 5232 3906 5252 .
3949 5196 4043 5247 sed

2480 5275 2708 5344 negandi
2762 5272 3083 5340 particulam
3114 5269 3460 5339 postmodum
3488 5268 3711 5320 sustttltt
3741 5269 3793 5318 in
3826 5274 4045 5315 erratu-

2478 5362 2598 5399 tum
2632 5344 2892 5398 indicttlu.
3363 5355 3367 5358 ’

2551 5415 2570 5445 ⁸
2613 5416 2806 5469 Netum
2840 5410 3129 5465 dissidium
3181 5423 3247 5462 ex
3295 5405 3503 5462 Paulini
3554 5404 3841 5466 electione.
3879 5420 4044 5472 quant

2479 5496 2669 5540 contra
2716 5484 3052 5538 condictum.
3104 5478 3322 5531 tametsi
3376 5478 3518 5531 bono
3568 5477 3772 5537 animo.
3827 5472 4047 5528 Lucifer

2479 5556 2627 5613 fecit,
2660 5553 2923 5606 Eusebius
2961 5550 3306 5617 improbavit.

2553 5629 2572 5656 ³
2599 5626 2759 5677 \‘ctus
2778 5623 2930 5686 eJit.,
2955 5614 3114 5673 unum
3138 5620 3273 5687 quod
3298 5618 3455 5672 etiam
3477 5615 3530 5670 in
3569 5614 3809 5685 praesnti
3840 5619 4047 5669 constat

2480 5697 2717 5760 cloqttar.

2553 5758 2581 5795 δ’
2604 5763 2796 5817 Eadem
2825 5760 2992 5828 addit,
3024 5770 3079 5813 ut
3121 5777 3220 5814 non
3253 5758 3457 5813 sileam.
