4218 6452
768 363 865 429 εει
1923 362 1981 421 S.
2020 359 2331 420 EUSElill
2372 357 2819 421 IIlERONYMf
3925 349 4051 414 19?.

759 476 992 545 tegendo
1022 471 1348 537 consistant,
1384 470 1477 527 scd
1534 471 1586 526 in
1644 471 1998 542 intelligendo
2036 472 2078 527 ⁸.
2115 472 2330 543 Alioqui
2361 479 2409 536 Α
2438 488 2580 525 mam
2617 471 2787 527 refert
2824 489 2838 525 :
2878 480 2932 525 tu
2995 471 3125 534 mei,
3189 479 3242 525 et
3274 486 3374 541 ego
3413 470 3642 527 erroris.
3693 470 4053 537 Ctinamque

760 568 806 621 si
851 567 1083 619 litteram
1136 564 1445 633 sequimur,
1505 579 1799 634 possumus
1842 573 1894 617 et
1955 579 2055 619 nos
2119 580 2337 634 quoque
2441 566 2572 619 mihi
2606 566 2686 620 sic
2715 580 2935 636 semper
2958 565 3245 636 disputare
3267 566 3570 634 contingat,
3606 575 3664 619 ut
3690 565 3756 620 ad
3792 564 4049 618 meliora

757 674 961 711 novum
999 656 1156 711 nobis
1192 657 1385 728 dogma
1419 671 1751 726 componere
1794 674 1808 721 ;
1846 666 1904 710 nt
1936 673 2249 713 asseramus
2283 658 2334 709 in
2443 656 2758 725 proﬁciens,
2804 655 3056 711 deseram
3113 658 3256 727 quod
3293 656 3433 710 male
3498 657 3775 711 tenebam.
3833 653 4040 710 Unum

757 750 1057 805 Ecclesiam
1113 764 1219 804 non
1269 749 1635 819 recipiendos.
1686 750 1775 819 qui
1811 752 2031 805 calci-aii
2094 751 2223 813 sint,
2282 760 2339 806 et
2446 760 2627 805 tamen
2664 748 2761 804 tilti
2802 750 3090 812 conﬁteor,
3124 750 3250 820 quia
3289 766 3469 806 mores
3500 765 3745 804 meorum
3774 748 4049 819 apprime

757 843 894 897 duas
927 844 1143 898 tunicas
1177 843 1436 897 habeant.
1511 841 1575 897 L.
1632 842 1747 897 Non
1807 845 1983 899 solum
2030 856 2080 899 te
2142 845 2339 900 vicisse
2446 844 2593 911 novi,
2637 843 2853 900 facilius
2884 858 2979 900 eos
3009 843 3151 899 vinci
3177 859 3361 913 posse,
3398 859 3562 916 quam
3600 843 3955 914 persuaderi.

757 938 1063 1003 existimes,
1099 938 1327 994 vicimus
1360 940 1598 1009 utrique,
1661 948 1891 1012 uterque
1940 948 2191 995 nostrum
2228 940 2346 1010 pal-

833 1118 848 1149 ¹
886 1117 1175 1187 Dcsumpta
1208 1118 1399 1173 iisdem
1437 1120 1617 1175 verbis
1645 1136 1707 1174 ex
1748 1120 1803 1174 S.
1852 1119 2057 1175 Hilario
2090 1117 2154 1171 ad
2184 1116 2330 1171 Con-
2437 1120 2581 1173 euim
2621 1118 2673 1171 in
2722 1120 3177 1185 prmvaricatione
3228 1131 3378 1188 sunt,
3436 1120 3529 1177 sed
3584 1120 3639 1175 in
3686 1120 4036 1175 citat-iturus

761 1191 1047 1253 stantium,
1074 1193 1165 1245 ltb.
1200 1206 1256 1253 ιιι.
1288 1206 1342 1244 n.
1374 1192 1427 1254 9.
1458 1193 1728 1247 sententia
1766 1208 1781 1248 :
1826 1192 2158 1258 «Scriptura:
2181 1192 2325 1243 enim
2439 1191 2571 1246 Vide
2600 1189 2653 1243 S.
2696 1191 3094 1259 Augustinum,
3127 1194 3355 1261 epistola
3414 1193 3540 1257 HO,
3597 1195 3673 1247 ad
3723 1192 3988 1248 Canum.
4017 1209 4046 1259 ;

760 1277 867 1319 non
901 1263 953 1315 in
983 1263 1210 1334 legendo
1244 1271 1393 1327 sunt,
1446 1265 1543 1319 sed
1600 1265 1650 1318 in
1708 1263 2094 1334 intelligendo;
2153 1276 2331 1331 neque
2438 1261 2825 1323 Athanasium,
2865 1275 3009 1317 orat.
3040 1265 3076 1319 Ξ
3106 1276 3301 1320 contra
3326 1266 3584 1321 Ariauos.

765 1476 4043 1513 rm

1477 1639 1637 1714 203
1682 1647 1764 1706 1N
1808 1644 2111 1707 LIBRUM
2156 1644 2775 1715 SUBSEQUENTEM
2819 1645 3279 1709 ΑΒΜΟΝΙἸῚΟ.

2348 1833 2421 1847 —

843 1964 1121 2020 llel'vitlius
1148 1980 1210 2019 cx
1253 1967 1460 2036 aliquot
1491 1982 1662 2022 sacra:
1696 1967 1997 2038 Scriptura!
2031 1967 2363 2022 testimoniis
2397 1981 2679 2037 perperam
2721 1966 3035 2025 intellectis.
3088 1972 3143 2018 et
3184 1966 3419 2019 duorum
3480 1975 3728 2019 veternm
3772 1962 4044 2029 Patrum,

771 2051 1094 2107 Tertulliani
1137 2055 1346 2109 scilicet
1397 2054 1743 2112 etVictorini
1781 2057 2220 2121 Pctabiononsie,
2264 2056 2701 2111 auctoritatibus
2728 2070 2917 2120 parum
2957 2054 3258 2124 perpensis,
3292 2054 3489 2108 librum
3522 2063 3940 2123 composuerat,
3979 2052 4041 2106 in

770 2156 881 2208 quo
910 2141 1039 2194 illud
1071 2143 1306 2211 probare
1337 2144 1726 2210 contendebat,
1763 2145 1987 2199 Mariam
2022 2144 2324 2215 Virginem,
2354 2156 2638 2215 postquam
2671 2142 2855 2198 Iesum
2910 2143 3002 2198 Dei
3038 2140 3235 2197 Filium
3262 2142 3413 2199 nulla
3438 2143 3675 2198 hominis
3708 2157 3897 2212 opera,
3932 2143 4049 2196 Sed

771 2231 1012 2300 Spiritus
1039 2234 1213 2286 sancti
1244 2234 1564 2303 peperisset,
1597 2236 1795 2290 deinde
1824 2251 1888 2290 ex
1921 2235 2116 2305 Joscph
2157 2237 2375 2294 marito.
2412 2236 2683 2291 couunuui
2715 2243 3045 2289 creterorum
3096 2234 3384 2288 hominum
3420 2248 3591 2293 more.
3627 2233 3768 2286 tilias
3812 2233 4046 2299 aliquot

772 2321 1048 2387 genuisse,
1084 2322 1174 2390 qui
1209 2321 1419 2378 Fratres
1454 2324 1669 2379 Domini
1699 2327 2044 2396 appellantur
2077 2326 2131 2379 in
2169 2324 2486 2397 Evangelia.
2514 2325 2688 2391 Quom
2719 2323 2991 2378 insaniam
3021 2332 3080 2376 ut
3114 2323 3236 2378 fuco
3270 2325 3497 2378 rationis
3529 2324 3712 2389 aliquo
3742 2321 4045 2388 obliniret,

776 2424 921 2463 novo
955 2426 1142 2465 errore
1174 2412 1509 2467 cumulavit:
1552 2416 1823 2485 siquidem
1854 2415 2206 2468 matrimonio
2240 2416 2463 2468 minime
2488 2425 2747 2485 pr.cstare
2768 2412 3136 2484 virginitatem
3170 2412 3430 2478 effutivit,
3471 2412 3837 2478 adductisque
3863 2426 4050 2478 argu-

777 2497 998 2563 mentis,
1024 2500 1135 2553 into
1168 2500 1492 2567 mendaciis,
1519 2506 1752 2572 probare
1776 2514 2008 2559 conatus
2044 2513 2147 2559 est.
2191 2502 2319 2556 Erat
2354 2505 2464 2571 ille,
2508 2514 2565 2557 ut
2596 2504 2833 2568 videtur,
2868 2518 2899 2556 e
2934 2502 3137 2571 popqu
3164 2501 3407 2571 vulgaris
3440 2501 3625 2564 homo,
3683 2501 4045 2561 ruStirattns,

773 2596 823 2635 et
854 2589 940 2640 vix
982 2587 1171 2655 primis
1200 2603 1419 2656 quoque
1445 2589 1688 2644 imbutus
1719 2590 1941 2652 litteris,
1968 2601 2189 2660 tamque
2217 2592 2435 2645 obscuri
2468 2591 2726 2652 nominis,
2752 2600 2810 2643 ut
2846 2604 3161 2659 quanquam
3196 2586 3383 2643 Romae
3416 2590 3606 2644 eodem
3642 2604 3705 2643 ac
3755 2588 4045 2657 Hieronyo

778 2690 899 2730 ntus
922 2683 1166 2744 tempore
1190 2677 1582 2741 diversaretur,
1618 2695 1899 2748 nunquam
1936 2680 2002 2733 de
2035 2678 2172 2734 facie
2196 2680 2449 2746 cognitus
2478 2677 2550 2730 illi
2574 2676 2758 2741 fuerit,
2789 2678 2880 2746 qui
2908 2678 3091 2740 albus,
3128 2685 3188 2731 ut
3235 2677 3411 2739 aiunt,
3438 2687 3629 2730 aterve
3664 2686 3830 2735 esset,
3871 2674 4047 2743 igno-

777 2771 941 2817 raret.
972 2763 1129 2818 Addit
1160 2761 1498 2825 Gennadius,
1528 2766 1804 2830 Auxentii,
1832 2768 1922 2835 qui
1949 2769 2132 2821 sedem
2169 2765 2625 2821 Metliolanensem
2658 2766 2956 2828 invaserat,
3001 2767 3333 2820 Arianorum
3395 2765 3731 2834 impiissimi.
3782 2765 4048 2833 discipu-

780 2853 912 2908 lum.
945 2861 998 2904 et
1019 2850 1359 2923 Symmachi,
1394 2853 1513 2920 ejus
1540 2870 1734 2924 nempe
1755 2855 1956 2908 ethnici
1993 2858 2266 2909 senatoris
2330 2855 2421 2921 qui
2456 2855 2824 2909 idololatriam
2854 2854 3078 2925 scriptis
3107 2854 3450 2917 defenderat,
3512 2854 3843 2907 imitatorem
3901 2867 4040 2905 eum

776 2939 1075 2994 exstitisse.
1105 2940 1207 2993 Sed
1239 2956 1323 2994 me
1349 2941 1478 2995 illud
1510 2943 1779 2996 Gennadii
1815 2944 2192 2997 testimonium
2231 2957 2339 2997 non
2371 2958 2476 2996 una
2510 2945 2577 2998 de
2625 2958 2791 2997 causa
2826 2953 3005 2996 movet
3050 2953 3104 2995 et
3137 2943 3459 3011 traiectione
3521 2951 3653 3010 puto
3697 2940 4041 3008 gravissima

778 3025 1045 3079 laborare.
1087 3025 1288 3095 Ulquid
1342 3029 1486 3082 enim
1514 3029 1568 3084 in
1594 3030 2333 3099 rcspondendo,Auxentiutn
2393 3031 2622 3088 Helvidii
2650 3035 2971 3103 magistrum
3004 3030 3369 3102 Hieronymus
3399 3027 4048 3101 prateriret-i‘Symma-

778 3120 943 3166 clunn
986 3130 1135 3177 vero,
1165 3116 1267 3169 nisi
1306 3117 1350 3169 si
1384 3119 1612 3171 nocendi
1639 3119 1841 3181 animo,
1874 3127 2041 3188 atque
2070 3119 2374 3189 impietate,
2409 3136 2515 3191 qua
2581 3122 2789 3173 ratione
2823 3118 3105 3172 Helvidius
3141 3118 3333 3170 fuisset
3366 3117 3637 3176 imitatus,
3688 3115 3779 3184 qui
3830 3115 4045 3167 librum

778 3218 943 3273 neque
968 3220 1226 3267 sermone,
1260 3221 1425 3276 neque
1453 3210 1655 3262 ratione
1686 3209 1935 3276 nitidum,
1970 3211 2103 3277 quin
2152 3210 2315 3263 etiam
2351 3209 2568 3264 solacis
2622 3217 2921 3261 scatentem
2973 3204 3253 3260 ediderit?
3304 3203 3541 3259 Rursum
3596 3204 3641 3259 si
3689 3203 4043 3272 impietatem

776 3293 1089 3359 :rntulatur,
1112 3309 1223 3362 quo
1257 3310 1418 3364 pacto
1447 3312 1570 3351 eum
1608 3297 1738 3351 dicit
1773 3298 2096 3354 Gennadius
2131 3299 2444 3367 scripsisse,
2483 3294 2769 3367 Religionis
2794 3296 3021 3351 studio?
3069 3292 3190 3350 Non
3228 3292 3348 3348 lucc
3407 3308 3542 3349 sane
3599 3304 3763 3348 reeta:
3824 3291 4045 3348 rationi

779 3391 1111 3442 consonant,
1141 3392 1198 3437 ut
1233 3385 1439 3452 pariter
1474 3383 1665 3440 referri
1694 3388 1759 3441 ad
1794 3386 2103 3443 Helvidium
2131 3389 2366 3456 possint.

846 3468 1011 3539 205
1042 3468 1170 3537 Ejus
1195 3472 1378 3527 libello
1407 3473 1767 3545 Hieronymus
1795 3485 2011 3545 rogatus
2049 3494 2080 3530 α
2115 3477 2373 3545 fratribus
2399 3475 2617 3530 demum
2656 3473 2962 3544 respondit,
2991 3490 3116 3529 cum
3144 3473 3235 3527 diu
3274 3482 3451 3527 tamen
3485 3470 3669 3525 facere
3697 3472 4044 3537 distniisset,

780 3570 843 3608 ne
870 3558 1229 3625 respondendo
1254 3562 1443 3630 dignus
1471 3562 1561 3616 ille
1594 3564 1742 3630 ﬁeret
1781 3566 1869 3632 qui
1892 3565 2213 3618 vinceretur.
2244 3563 2440 3617 Pedem
2467 3561 2630 3631 igitur
2660 3563 2977 3625 collaturus,
3001 3569 3286 3629 excerptas
3308 3560 3548 3630 singulas
3566 3562 3729 3614 haeret
3754 3560 3801 3614 ci
3837 3576 4049 3629 propu-

777 3642 1008 3698 sitioncs
1030 3660 1094 3699 ex
1131 3648 1323 3701 ordine
1354 3650 1662 3719 impugnat,
1691 3648 1993 3719 Scriptura:
2020 3651 2179 3716 locis,
2214 3661 2383 3720 atque
2412 3650 2505 3704 illo
2541 3650 2811 3718 imprimis
2843 3646 3038 3701 Matth.
3071 3664 3110 3711 ι,
3137 3647 3223 3712 18,
3249 3664 3358 3715 quo
3406 3649 3644 3701 maxime
3670 3648 4043 3702 adversarius

778 3730 1131 3798 abutebatur,
1160 3737 1429 3804 expositis
1455 3738 1555 3791 rite
1579 3738 1633 3790 iit
1669 3753 1793 3791 eum
1821 3754 2065 3804 sensum,
2099 3747 2157 3791 ut
2216 3738 2506 3806 Deiparam
2559 3737 2784 3792 Mariam
2828 3739 3089 3792 continuo
3124 3738 3392 3805 virginem
3458 3738 3789 3806 perstitisse,
3847 3752 4045 3806 "qu1‘:

777 3818 927 3873 edito
961 3819 1263 3885 Sttlvatore,
1307 3824 1482 3878 virum
1540 3840 1779 3894 unquam
1815 3829 2168 3894 cnguovisse,
2198 3841 2319 3895 quae
2348 3824 2629 3879 catholica:
2656 3825 2914 3879 Ecclesia:
2962 3824 3096 3879 tides
3121 3833 3231 3884 est,
3284 3822 3736 3877 manifestissime
3790 3825 4045 3879 evincat.

782 3905 1083 3975 Eapropttgr
1117 3912 1338 3967 titulum
1376 3914 1517 3967 ιίιηιυ
1548 3913 1701 3980 facit,
1738 3916 1810 3969 οε
1843 3918 2010 3968 beata;
2045 3916 2232 3969 Maria:
2272 3912 2583 3979 Virginitote
2622 3926 2874 3980 perpetua
2898 3928 2916 3965 :
2948 3913 3040 3981 qui
3095 3928 3313 3965 rursum
3345 3926 3373 3964 a
3403 3910 3691 3964 Gennatlio
3722 3911 3937 3963 dicitur
3991 3914 4047 3966 in

778 3994 1095 4051 Corbeiensi
1128 4001 1340 4064 codice,
1367 4004 1613 4072 egregius
1646 4015 1692 4055 et
1726 4014 1909 4070 gratus
1935 4004 2168 4067 libellus,
2202 4003 2254 4055 in
2288 4016 2389 4071 quo
2422 4001 2718 4053 ostenditur
2763 3999 3122 4051 beatissimam
3163 3996 3395 4050 Mariam
3440 3996 3757 4053 Genitrirem
3819 3997 4049 4051 Domini

780 4084 948 4135 nostri
976 4083 1107 4137 Jesu
1138 4087 1355 4155 Christi,
1384 4090 1518 4142 sicut
1548 4090 1799 4155 virginem
1824 4102 1948 4144 ante
1975 4101 2214 4158 partum,
2264 4093 2340 4142 ita
2399 4091 2654 4161 virginem
2720 4090 3073 4159 permensis“
3118 4101 3232 4155 post
3296 4101 3530 4157 partem.
3578 4088 3730 4153 Quod
3789 4098 4042 4142 veterum

780 4182 995 4239 spectat
1020 4175 1428 4242 auctoritatem,
1459 4179 1594 4232 satis
1625 4179 1788 4233 habet
1822 4179 1887 4233 de
1914 4179 2250 4233 Tertulliano
2283 4178 2485 4244 dicere,
2519 4195 2643 4234 eum
2680 4178 2937 4233 Ecclesiae
2972 4179 3245 4232 hominem
3279 4194 3388 4231 non
3419 4176 3628 4243 fuisse;
3658 4178 3750 4233 sed
3799 4176 4046 4231 Victori-

784 4274 911 4311 num
945 4258 1399 4318 l’ctabiOttensem
1433 4266 1679 4331 ejusdem
1714 4282 1775 4319 ac
1802 4268 2149 4321 adversarius
2194 4270 2482 4323 sententia:
2514 4285 2655 4332 esse,
2678 4277 2952 4339 pernegat
2988 4275 3143 4321 :tnm
3199 4267 3396 4320 seriem
3426 4268 3502 4318 ait
3531 4268 3867 4334 scriptorum
3917 4267 4050 4320 infi-

785 4346 957 4401 nitam
992 4364 1340 4408 commovere
1372 4366 1431 4406 se
1467 4368 1649 4422 posse,
1689 4364 1852 4423 atque
1882 4372 2181 4425 opponere.
2218 4357 2461 4424 Denique
2485 4357 2650 4408 multa
2673 4357 2740 4408 de
2779 4354 2940 4408 laude
2970 4352 3307 4423 virginitatis
3368 4352 3648 4415 edisserit,
3688 4352 3850 4418 cujus
3896 4369 4044 4419 prse-

782 4435 1055 4487 stantiam
1090 4446 1209 4505 post
1239 4438 1666 4494 Ittculentissitne
1696 4444 2006 4510 expositum
2042 4444 2191 4497 Pauli
2224 4446 2288 4496 ad
2312 4443 2629 4499 Corinthios
2651 4444 3047 4503 testimonium,
3082 4456 3149 4495 ex
3179 4442 3490 4509 nuptiarum
3519 4455 3767 4509 quoque,
3825 4457 3955 4508 qua:
3979 4444 4048 4495 ob

780 4522 976 4577 oculos
1010 4525 1189 4592 ponit,
1224 4525 1587 4582 incommodis
1616 4530 1847 4586 extollit.
1878 4529 1992 4597 Qua
2026 4531 2093 4586 de
2115 4546 2174 4586 re
2204 4546 2326 4586 cum
2355 4534 2418 4587 ad
2446 4532 2851 4586 Pammachiqu
2889 4543 3011 4600 post
3045 4546 3216 4585 annos
3245 4530 3432 4583 decem
3457 4530 3741 4593 scriberet,
3759 4530 3931 4599 epist.
3951 4531 4045 4586 48,

783 4624 939 4662 ιιιιηι.
975 4612 1074 4666 l7:
1118 4613 1284 4667 «Dum
1310 4616 1610 4676 adviveret.
1647 4618 1846 4687 inquit,
1881 4630 2086 4674 sanctas
2124 4622 2403 4674 memoria:
2433 4620 2724 4682 Damasus,
2752 4621 2954 4673 librum
2987 4629 3175 4671 contra
3204 4616 3506 4669 Helvidium
3542 4617 3609 4669 de
3659 4620 3826 4671 beata:
3858 4618 4047 4671 Maria:

782 4695 1110 4766 virginitate
1144 4712 1404 4769 perpetua
1429 4705 1774 4771 scripsimus,
1810 4707 1863 4758 in
1897 4722 2004 4775 quo
2039 4721 2266 4760 necesse
2300 4705 2401 4759 fuit
2433 4707 2591 4761 nobis
2642 4709 2705 4760 ad
2768 4704 3103 4773 virginitatis
3153 4703 3554 4757 beatitudinem
3605 4706 4043 4771 praedicandam,

784 4789 955 4839 multa
983 4788 1049 4841 de
1082 4789 1350 4843 molestiis
1380 4790 1561 4845 dicere
1592 4792 2103 4858 nuptiarum.Nnm
2131 4800 2214 4848 vir
2244 4796 2519 4865 egregius.
2563 4805 2618 4847 et
2681 4794 2930 4848 eruditus
2992 4795 3047 4847 in
3111 4790 3434 4862 Scripturis,
3484 4802 3539 4846 et
3581 4792 3733 4862 virgo
3780 4791 4045 4848 Ecclesia:

783 4875 1009 4938 virginis
1036 4875 1259 4943 Doctor,
1290 4880 1498 4950 aliquid
1531 4880 1585 4934 itt
1622 4881 1713 4935 illo
1753 4896 2009 4935 sermone
2040 4882 2463 4949 reprehendit?»

859 4961 932 5014 Ls
960 4965 1063 5018 hoc
1088 4970 1399 5022 testimonio
1426 4969 1581 5024 facile
1620 4970 1783 5025 etiam
1815 4971 2119 5039 colligitur,
2152 4987 2260 5039 quo
2285 4983 2529 5037 tempore
2560 4971 2906 5038 conscriptus
2936 4970 3008 5024 sit
3037 4968 3192 5023 liber.
3250 4966 3462 5037 Nempe
3494 4979 3734 5023 exeunte
3765 4984 3912 5023 anno
3939 4970 4045 5023 58t

782 5063 846 5100 ex
876 5061 1115 5106 veterum
1150 5054 1658 5126 Martyrulogiorutn
1684 5058 1787 5113 ﬁde
1819 5058 2087 5113 Damasus
2109 5060 2243 5112 obiit
2273 5076 2286 5110 :
2324 5058 2685 5127 llieroaymus
2709 5058 2848 5126 apud
2878 5058 3165 5110 Damasum
3196 5072 3303 5110 non
3360 5068 3486 5110 ante
3534 5056 3697 5109 linem
3748 5059 3877 5110 anni
3936 5059 4045 5112 58-3

785 5134 967 5191 lituum
991 5148 1072 5194 est
1105 5141 1437 5209 diversatus,
1476 5146 1931 5214 quemadmodum
1968 5148 2018 5198 in
2079 5146 2438 5215 epistolat'utn
2479 5146 2544 5199 19
2574 5154 2628 5198 et
2651 5146 2722 5197 20
2749 5145 3151 5213 chronologicis
3184 5148 3519 5211 argumentis
3590 5145 3875 5211 probatum
3930 5155 4040 5197 νει.

787 5225 997 5280 lizennii
1032 5242 1233 5293 autem,
1267 5234 1411 5302 quod
1437 5234 1747 5300 intercedit,
1782 5237 2019 5304 priorem
2049 5252 2249 5289 annum
2290 5238 2405 5289 sive
2433 5234 2538 5287 535
2594 5234 2667 5285 illi
2710 5233 3101 5303 assignandum
3162 5233 3369 5286 evincit
3427 5231 3802 5285 testimonium
3871 5234 4044 5284 μοι-ιε

786 5316 1015 5368 alterum
1044 5332 1109 5369 ex
1146 5320 1391 5386 epistﬂl
1426 5341 1437 5373 :
1470 5321 1710 5386 Quantas
1749 5322 2019 5374 molestias
2054 5324 2280 5375 habeant
2315 5323 2539 5390 nuptiis,
2590 5333 2639 5373 et
2666 5332 2791 5388 quot
2838 5320 3287 5373 sollicitudinibus
3312 5321 3635 5384 vinciantur,
3670 5320 3721 5371 in
3777 5334 3838 5372 ro
3897 5320 4041 5373 libra

786 5416 941 5466 quiem
970 5404 1221 5457 adversus
1249 5406 1547 5461 Helvidium
1576 5410 1640 5460 de
1680 5408 1741 5461 Β.
1783 5409 1976 5462 Maria:
2010 5421 2259 5477 perpetua
2286 5411 2584 5478 virginitate
2616 5411 2895 5472 edidimus,
2947 5418 3072 5475 puto
3128 5410 3349 5462 breviter
3412 5426 3738 5474 expressum.
3796 5407 4041 5461 Pettintt

788 5489 930 5540 cnim
966 5491 1051 5543 iiln
1085 5490 1350 5563 Epistola,
1386 5506 1442 5549 ut
1472 5511 1572 5550 suo
1601 5498 1719 5550 loco
1756 5498 2125 5561 ostendimus,
2160 5500 2223 5551 ad
2262 5500 2389 5549 anni
2420 5498 2522 5551 584
2558 5499 2792 5566 priorrnt
2825 5507 3067 5565 partem;
3104 5498 3355 5562 hnnctttc
3395 5499 3553 5555 adt-0.
3614 5513 3773 5563 quem
3834 5498 4029 5552 laudat

788 5585 981 5630 contra
1020 5579 1327 5636 Helvidium
1362 5584 1586 5651 librum,
1613 5584 1837 5655 jamque
1862 5588 1928 5638 ad
1965 5586 2109 5654 vulgi
2145 5602 2339 5640 manus
2370 5584 2541 5639 luisse
2576 5588 2802 5651 indicat,
2840 5586 3107 5657 superiori
3129 5586 3234 5641 565
3271 5596 3525 5656 oporteat
3558 5586 3782 5642 ascribi.
