4218 6452
773 404 876 465 195

1950 404 2010 465 Sc.
2056 403 2377 465 EUSEBII
2411 404 2855 470 ΠῙΕΒΟΝΥΜΙ

3952 407 4064 479 136

765 525 882 571 erat
928 533 942 564 ι
974 516 1105 573 Cum
1132 530 1265 575 esset
1296 520 1609 588 desponsata
1655 528 1824 571 mater
1870 518 1982 587 ejus
2018 516 2195 570 Maria
2257 516 2352 569 Jo-
2386 531 2423 583 Α
2458 534 2520 573 ea
2555 538 2671 591 qum
2702 522 2934 594 cogitata
2966 532 3116 590 sunt,
3140 522 3351 580 ﬂerent.
3405 523 3573 594 Igitur
3616 540 3738 581 cum
3802 525 4069 595 Evange-

767 611 913 680 seph,
953 614 1267 681 priusquam
1302 611 1661 673 convenirent,
1712 613 1919 664 inuenta
1959 621 2035 663 est
2068 610 2264 663 habens
2296 610 2349 662 in

769 716 918 759 utero
957 704 1018 758 de
1070 702 1277 775 Spiritu
1317 713 1530 760 sancto.
1609 702 1773 773 207
1808 702 2002 773 Ioseph
2059 716 2231 755 autem
2272 702 2352 754 uir

775 800 918 868 ejus,
952 814 1068 852 cum
1102 810 1237 854 esset
1256 799 1526 870 justus,et
1546 796 1705 877 nollet
1732 813 1845 850 eam
1866 798 2155 862 traducere,
2188 794 2353 849 roluit

726 904 727 907 ‘
770 891 969 945 occulte
990 892 1257 947 dimittere
1292 909 1409 947 eam
1442 894 1485 947 ί.
1536 891 1663 946 Ilico
1716 900 1893 944 autem
1948 907 2006 943 eo
2056 891 2345 960 cogitante,

769 1002 885 1039 ecce
918 987 1141 1057 angelus
1180 986 1390 1039 Domini
1435 988 1488 1039 in
1514 987 1709 1039 somnis
1740 985 1990 1053 apparuit
2034 985 2105 1043 ei,
2132 985 2306 1036 dicens
2331 999 2349 1036 :

768 1077 993 1147 Joseph,
1031 1079 1323 1149 ﬂliDarid,
1360 1094 1422 1131 ne
1459 1080 1644 1131 timeas
1680 1079 1917 1147 accipere
1974 1074 2207 1129 Mariam
2230 1090 2350 1125 con-

764 1171 944 1241 jugem
969 1182 1138 1224 tuam.
1176 1169 1330 1235 Quod
1369 1170 1510 1223 enim
1544 1178 1728 1222 autum
1769 1181 1845 1223 est
1877 1172 1928 1219 in
1952 1168 2118 1228 ea,de
2148 1165 2353 1228 Spiritu

770 1274 953 1315 sancto
994 1274 1070 1316 est
1097 1263 1321 1334 (Matth.
1367 1280 1405 1327 t,
1440 1261 1506 1316 18
1535 1262 1728 1332 seqq).
1764 1261 1926 1322 Ecce,
1962 1259 2159 1328 inquit,
2191 1257 2358 1312 habes

770 1358 1163 1420 desponsatam,
1200 1366 1304 1404 non
1344 1354 1800 1415 commendatam,
1836 1359 1893 1402 ιιι
1919 1347 2079 1410 dicis,
2131 1355 2187 1400 et
2238 1346 2353 1399 uti-

772 1458 881 1511 que
924 1460 1030 1498 non
1086 1445 1156 1498 ob
1187 1443 1331 1497 aliud
1390 1446 1803 1514 desponsatam,
1856 1441 1964 1494 nisi
2030 1439 2358 1508 quandoque

769 1544 1085 1603 nupturam.
1117 1535 1305 1605 Neque
1337 1537 1486 1591 enim
1520 1536 1586 1590 de
1620 1550 1729 1588 non
1770 1533 2129 1588 conventuris
2180 1530 2361 1583 Evan-

770 1628 958 1697 gelista
1022 1627 1246 1683 dixisset
1298 1644 1316 1661 ·
1399 1627 1718 1695 Priusquam
1788 1627 2121 1680 convenirent
2168 1640 2187 1679 :
2230 1624 2357 1691 quia

769 1735 933 1774 nemo
962 1718 1029 1773 de
1064 1736 1174 1773 non
1206 1734 1474 1789 pransuro
1506 1718 1663 1781 dicit,
1711 1729 2006 1787 antequam
2048 1717 2357 1785 pranderet.

770 1811 979 1866 Deinde
1017 1812 1086 1865 ab
1127 1810 1324 1880 angelo
1384 1814 1405 1844 ³
1441 1826 1660 1865 uxorem
1699 1810 2019 1879 appellatam
2047 1818 2101 1863 et
2140 1810 2363 1879 conjun-

784 1910 951 1956 ctam.
985 1902 1288 1957 Audiamus
1316 1916 1461 1955 nunc
1493 1901 1623 1969 quid
1679 1901 1959 1968 Scriptura
2000 1898 2358 1967 pronuntiet:
2393 1894 2433 1949 B

768 1998 1105 2064 Exsurgens.
1134 1992 1555 2063 inquit,Joseph
1585 2010 1616 2045 a
1642 2007 1849 2056 somno,
1892 1992 2016 2058 fecit
2048 1991 2184 2042 sicut
2220 2004 2360 2058 pra:-

768 2095 973 2156 ceperat
1006 2088 1056 2140 ei
1088 2086 1330 2154 angelus-
1357 2084 1606 2138 Domini:
1634 2096 1680 2136 et
1712 2084 1907 2151 accepit
1930 2099 2146 2136 uxorem
2179 2098 2355 2147 suam,

770 2193 819 2236 et
859 2200 960 2237 non
1027 2184 1268 2253 cognovit
1335 2196 1477 2244 eam,
1510 2180 1680 2233 donec
1730 2182 1934 2249 peperit
1991 2180 2160 2247 ﬁlium
2211 2194 2365 2232 suum

769 2274 987 2343 (llatth.
1015 2291 1053 2340 ι,
1087 2276 1179 2338 24,
1215 2275 1333 2345 ‘25).

840 2368 891 2421 4.
931 2368 1307 2439 Hieronymus.
1342 2396 1414 2408 -—
1444 2366 1768 2433 Priepositio
1793 2376 1920 2421 ante
1948 2367 2076 2437 quid
2101 2368 2357 2421 ostendit.

771 2460 947 2515 Maria
982 2476 1147 2531 quare
1176 2462 1321 2531 uirgo
1377 2470 1629 2523 sponsata
1688 2461 2003 2529 conceperit.
2038 2490 2103 2504 -—-
2159 2459 2359 2515 Curra-

770 2566 892 2607 mus
923 2566 1021 2621 per
1044 2551 1285 2620 singula,
1315 2561 1368 2605 et
1393 2552 1729 2621 impietatem
1786 2552 2003 2617 iisdem,
2041 2555 2239 2623 quibus
2277 2555 2349 2608 in«

769 2659 955 2714 gressa
987 2651 1091 2708 est,
1120 2644 1361 2714 vestigiis
1402 2654 1821 2714 persequentes,
1877 2647 2179 2716 pugnantia
2213 2646 2356 2701 inter

770 2750 829 2788 se
861 2734 1070 2789 dixisse
1124 2737 1443 2791 doceamus.
1503 2733 1887 2807 Desponsatam
1930 2739 2224 2792 conﬁtetur
2252 2756 2266 2792 :
2299 2752 2356 2796 et

772 2827 961 2880 statim
993 2842 1214 2880 uxorem
1241 2826 1356 2879 vult
1383 2842 1505 2882 esse
1529 2844 1694 2898 quam
1734 2828 2020 2884 confessus
2074 2838 2158 2884 est
2189 2846 2357 2900 spon-

772 2938 910 2975 sam.
941 2921 1177 2977 Rursum
1212 2939 1375 2992 quam
1410 2940 1637 2979 uxorem
1670 2925 1942 2988 nominat,
1979 2924 2125 2984 dicit.
2146 2939 2254 2978 non
2283 2925 2354 2981 ob

771 3015 918 3070 aliud
951 3016 1364 3086 desponsatam,
1406 3016 1511 3070 nisi
1543 3015 1874 3084 quandoque
1917 3022 2238 3084 nopturam.
2287 3016 2355 3070 Et

772 3123 841 3161 ne
876 3123 1061 3176 parum
1092 3109 1194 3162 hoc
1249 3108 1628 3165 arbitremur:
1691 3124 1710 3157 ι
1743 3107 1934 3165 Habes.
2005 3108 2202 3176 inquit,
2259 3107 2355 3159 de-

781 3184 1118 3268 sponsatam,
1148 3211 1204 3254 et
1228 3216 1337 3255 non
1390 3199 1832 3262 commendatam,
1869 3199 1922 3252 id
1968 3208 2071 3263 est,
2122 3199 2352 3253 necdum

774 3305 1021 3357 uxorem,
1076 3293 1311 3344 necdum
1373 3291 1608 3344 maritali
1661 3290 1883 3344 vinculo
1928 3291 2261 3359 copulatam.
2296 3290 2352 3343 In

774 3401 840 3437 eo
874 3402 1005 3439 vero
1028 3388 1170 3454 quod
1201 3385 1297 3451 ait,
1334 3384 1523 3454 Neque
1552 3385 1695 3439 enim
1758 3386 1825 3439 de
1859 3402 1963 3439 non
2001 3387 2355 3440 conventuris

774 3475 1117 3546 Evangelista
1180 3475 1471 3530 dixisset:
1555 3473 1879 3546 Priusquam
1974 3476 2355 3532 convenirent:

774 3567 897 3633 quia
941 3582 1103 3621 nemo
1133 3567 1200 3621 de
1236 3582 1345 3621 non
1380 3581 1652 3637 pransuro
1675 3567 1834 3632 dicit,
1864 3577 2157 3637 antequam
2192 3583 2356 3637 pran-

773 3659 948 3724 deret,
987 3650 1394 3719 doleamne,an
1450 3659 1681 3725 rideam,
1732 3659 1946 3714 nescio.
1997 3679 2016 3712 s
2063 3658 2354 3730 Imperitiae

776 3765 1021 3820 arguam,
1084 3764 1151 3803 an
1204 3751 1530 3805 temeritatis
1583 3752 1880 3806 accusem?
1930 3751 2094 3819 Quasi
2146 3755 2189 3805 si
2226 3754 2351 3822 quis

773 3841 973 3895 dixerit
1012 3858 1026 3895 :
1060 3843 1362 3907 Antequam
1400 3843 1452 3895 in
1502 3851 1663 3912 portu
1728 3843 2076 3913 pranderem,
2110 3844 2176 3898 ad
2208 3844 2354 3897 ΑΓΓῙ-

774 3949 891 3991 cam
920 3934 1165 4002 navigavi
1199 3933 1237 3994 ³.
1274 3949 1383 3987 non
1419 3936 1589 4002 possit
1635 3944 1781 3988 stare
1824 3938 2117 3999 sententia,
2170 3937 2272 3991 nisi
2304 3937 2352 3990 ei

775 4027 829 4079 in
860 4034 1015 4095 portu
1048 4026 1424 4093 prandendum
1459 4027 1787 4095 quandoque
1836 4027 1927 4083 sit.
1968 4029 2077 4083 Aut
2126 4029 2169 4082 si
2222 4030 2357 4083 veli-

775 4134 898 4174 mus
928 4118 1113 4172 dicere
1156 4135 1168 4171 :
1209 4117 1412 4194 Paulus
1442 4119 1721 4186 apostolus
1747 4130 2037 4190 antequam
2066 4120 2134 4175 ad
2161 4119 2353 4192 Hispa-

774 4213 896 4266 nias
923 4218 1194 4280 pergeret,
1231 4211 1416 4263 Roma:
1448 4210 1503 4263 in
1535 4211 1753 4265 vincula
1783 4212 2069 4278 conjectus
2103 4222 2207 4268 est.
2242 4216 2351 4269 Aut

775 4314 924 4359 certe
960 4303 1089 4356 illud
1132 4318 1145 4355 :
1184 4302 1463 4359 Helvidius
1489 4311 1781 4374 antequam
1821 4305 2198 4375 paenitentiam
2230 4323 2354 4379 age-

776 4406 880 4459 ret,
910 4405 1084 4451 morte
1114 4380 1423 4463 pneventus
1460 4405 1587 4452 est:
1628 4398 1808 4452 statim
1869 4408 1963 4452 aut
2015 4397 2183 4453 Paulo
2232 4409 2355 4469 post

772 4491 990 4543 vincula
1020 4489 1085 4542 ad
1121 4486 1405 4557 Hispanias
1462 4490 1535 4544 sit
1586 4491 1845 4545 eumdum
1886 4510 1900 4547 :
1954 4500 2049 4546 aut
2107 4490 2352 4548 Helvidio

2459 614 2580 671 Iis-ta
2638 616 2831 671 dicat:
2887 614 3205 687 Priusquam
3284 614 3661 687 convenirent,
3718 620 4049 690 proximum

2458 712 2768 781 nuptiarum
2824 719 3042 782 tempus
3099 713 3363 774 05tendit.
3420 723 3476 768 et
3537 715 3591 769 in
3655 730 3722 769 eo
3752 714 3867 783 jam
3918 712 4059 768 rem

2460 804 2636 866 fuisse
2664 816 2745 870 ut,
2771 821 2892 873 qtue
2923 807 3074 875 prius
3106 822 3308 876 sponsa
3342 807 3538 874 literal,
3580 824 3699 863 esse
3741 823 3880 862 uxor
3919 807 4066 860 inci-

2457 907 2629 967 peret.
2661 898 2825 964 Quasi
2854 898 3059 953 dixerit
3099 920 3108 953 :
3146 902 3455 972 Antequam
3516 902 3704 956 oscula
3735 903 4065 972 amplexus-

2458 1008 2563 1060 qne
2595 994 2938 1058 miscerent;
2975 1003 3266 1064 antequam
3294 1011 3409 1049 rem
3435 1005 3666 1056 agerent
3698 997 4057 1064 nuptiarum,

2460 1083 2677 1139 inventa
2710 1099 2787 1139 est
2828 1086 3037 1141 habens
3064 1089 3115 1141 in
3152 1102 3332 1144 utero.
3380 1087 3609 1144 Inventa
3658 1099 3740 1143 est
3771 1098 3963 1144 autem
4027 1105 4059 1143 a

2461 1177 2609 1230 nullo
2637 1176 2767 1240 alio,
2804 1177 2908 1231 nisi
2939 1194 2968 1232 a
3002 1177 3232 1250 Ioseph,
3274 1182 3366 1249 qui
3412 1196 3629 1251 sponsa
3694 1196 3916 1237 uterum
3967 1191 4060 1235 tu-

2458 1281 2698 1323 mentem
2729 1285 2869 1339 pene
2900 1271 2923 1301 ⁸
2956 1272 3067 1338 jam
3124 1274 3347 1329 licentia
3388 1276 3650 1333 maritali.
3713 1286 3769 1330 et
3808 1276 4058 1331 curiosis

2461 1363 2638 1416 oculis
2666 1362 3051 1430 deprehendit.
3081 1365 3197 1419 δοκι
3251 1379 3432 1421 tamen
3479 1368 3750 1435 sequitur,
3780 1379 3839 1421 ut
3898 1368 4059 1436 prio-

2462 1455 2615 1509 ribus
2647 1456 2939 1511 docuimus
2980 1459 3266 1527 exemplis,
3304 1475 3429 1513 eum
3478 1476 3601 1514 cum
3638 1460 3801 1515 Ilar‘a
3835 1477 4056 1514 conve-

2462 1548 2608 1600 nisse
2642 1559 2763 1615 post
2798 1562 3040 1616 partum,
3072 1551 3237 1618 cujus
3288 1553 3653 1606 conveniendi
3684 1553 4054 1616 ili-siderum,

2464 1640 2604 1693 uteri
2646 1642 3007 1711 conceptione
3049 1643 3323 1698 sublatum
3372 1654 3479 1699 est.
3539 1645 3693 1712 Quoal
3748 1658 3936 1700 autem
3996 1647 4055 1699 in

2466 1732 2673 1784 Samnis
2734 1732 2934 1786 dicitur
2996 1733 3063 1789 ad
3116 1734 3319 1804 Joseph
3363 1752 3379 1791 :
3419 1735 3502 1791 Ne
3556 1739 3744 1791 timeas
3806 1740 4057 1808 accipere

2468 1821 2700 1877 Mariam
2735 1842 2950 1880 mearent
2981 1838 3150 1883 tuam.
3206 1826 3269 1882 Et
3304 1844 3520 1882 rursum
3559 1848 3573 1882 :
3606 1833 3913 1899 Exsurgens
3946 1848 4057 1883 au-

2468 1926 2567 1968 tem
2596 1916 2791 1986 Ioseph
2817 1934 2849 1970 a
2878 1934 3083 1983 somno,
3113 1919 3237 1987 fecit
3263 1922 3401 1974 sicut
3429 1924 3677 1990 pra'cepit
3718 1925 3766 1975 ei
3815 1925 4051 1993 angelus

2468 2008 2702 2072 Domini,
2733 2019 2781 2063 et
2807 2012 3011 2078 accepit
3063 2028 3282 2066 uxorem
3333 2030 3511 2077 suam,
3562 2016 3771 2068 nullum
3826 2031 4059 2071 movere

2466 2102 2647 2164 debet,
2688 2105 2842 2171 «prasi
2880 2119 2946 2157 ex
2973 2120 3041 2158 eo
3067 2106 3214 2175 quod
3244 2123 3381 2161 uxor
3405 2118 3493 2162 est
3521 2108 3814 2177 appellata,
3849 2126 4056 2177 sponsa

2467 2210 2588 2249 esse
2630 2196 2900 2251 desierit:
2960 2212 3084 2251 cum
3130 2198 3274 2253 hanc
3325 2214 3449 2254 esse
3499 2200 3795 2269 Scriptum:
3846 2201 4056 2254 divinae

2465 2288 2917 2343 consuetudinem
2967 2292 3331 2354 noverimus,
3400 2302 3459 2347 ut
3517 2310 3740 2361 sponsas
3796 2295 4054 2364 appellet

2465 2395 2680 2434 uxores.
2713 2380 2866 2435 Sicut
2902 2383 2956 2435 in
3009 2384 3367 2452 sequentibus
3421 2385 3828 2440 Deuteronomii
3887 2399 3942 2439 te
3980 2390 4053 2438 li-

2465 2472 2667 2525 nioniis
2694 2473 3031 2541 approbatur
3064 2492 3078 2530 :
3114 2475 3176 2530 Si
3214 2477 3360 2547 quis,
3396 2476 3594 2545 inquit,
3644 2480 3899 2531 inuenerit
3942 2480 4055 2533 rir-

2468 2564 2642 2632 ginem
2672 2566 3047 2634 despsnsatam
3097 2570 3210 2623 riro
3244 2571 3299 2623 in
3350 2586 3557 2637 campo,
3612 2581 3663 2625 et
3692 2577 3790 2625 vim
3842 2575 4053 2643 faciens

2461 2657 2739 2712 dormierit
2776 2676 2890 2712 cum
2918 2677 3006 2726 ea,
3072 2674 3241 2717 morte
3272 2666 3553 2727 moriatur,
3584 2666 3711 2733 quia
3739 2666 4051 2718 humilius-it

2463 2767 2680 2806 uxorem
2704 2755 2935 2820 proximi
2971 2757 3059 2809 sui
3093 2755 3284 2826 (Deut.
3342 2776 3478 2825 χχιι,
3536 2760 3650 2829 Eii).
3695 2760 3761 2813 Et
3817 2760 3875 2813 in
3938 2762 4052 2813 alia

2461 2845 2632 2901 loco:
2698 2844 2759 2900 Si
2811 2860 2988 2902 autem
3049 2853 3213 2920 fuerit
3272 2852 3667 2906 adolescentulo
3717 2854 4050 2922 desponsata

2461 2938 2594 2999 uiro,
2638 2949 2687 2990 et
2726 2940 2986 2994 inuenerit
3012 2942 3167 2995 homo
3189 2960 3305 2998 eam
3363 2947 3419 2999 in
3469 2946 3698 3008 ciri'ate,
3734 2956 3786 2999 et
3810 2948 4052 3000 dormie-

2461 3030 2670 3084 ritcum
2706 3048 2790 3095 ea,
2821 3034 3055 3088 educetis
3097 3046 3380 3107 utrumque
3439 3040 3514 3092 ad
3568 3048 3752 3105 portas
3806 3041 4049 3093 ciritatis

2458 3121 2649 3182 illius,
2709 3133 2757 3176 et
2804 3123 3196 3192 lapidabuntur
3248 3130 3552 3198 lapidibus,
3611 3140 3662 3183 et
3718 3133 4045 3188 morientur.

2381 3260 2422 3317 c
2462 3218 2864 3272 Adolescentula
2900 3221 3132 3289 quidem,
3163 3223 3292 3290 quia
3342 3239 3448 3276 non
3491 3223 3864 3292 proclamauit,
3919 3241 4047 3278 eum

2460 3320 2594 3361 esset
2628 3312 2682 3361 in
2722 3312 3086 3366 civitaturir
3127 3323 3328 3381 autem,
3387 3317 3515 3385 quia
3555 3317 3858 3372 humiliarit
3907 3334 4050 3371 uxo-

2458 3415 2565 3451 rem
2604 3402 2837 3466 proximi
2864 3404 2992 3457 sui:
3014 3416 3062 3456 et
3102 3407 3449 3461 eradicabitis
3490 3409 3691 3463 malum
3722 3407 3835 3481 (Al.
3885 3412 4050 3465 mali-

2457 3488 2647 3561 gnum]
2675 3506 2738 3549 ex
2772 3492 3155 3563 robisnsetipsis
3200 3494 3371 3563 (Ibid.
3427 3496 3520 3564 25,
3555 3499 3673 3570 24).
3723 3500 3952 3557 Necnon
3989 3512 4050 3557 et

2458 3580 2583 3636 alibi
2617 3597 2632 3635 :
2670 3581 2737 3635 Et
2762 3586 2883 3653 quis
2914 3584 3005 3639 ille
3060 3587 3239 3654 homo,
3290 3589 3376 3643 cui
3417 3591 3732 3660 desponsata
3777 3602 3855 3647 est
3881 3611 4046 3658 uror,

2457 3682 2633 3727 etnon
2653 3674 3448 3753 accepit[Al.accipiet]eam?
3496 3683 3662 3738 Vadat
3710 3693 3761 3739 et
3811 3698 4051 3740 reuerta-

2460 3776 2548 3818 tur
2574 3768 2627 3818 in
2656 3770 2874 3823 domum
2906 3788 3084 3836 suam,
3117 3789 3183 3827 ne
3227 3776 3365 3843 [orte
3396 3777 3663 3831 moriatur
3700 3780 3755 3831 in
3789 3780 3951 3845 bello,
3999 3792 4049 3836 et

2459 3858 2612 3911 homo
2640 3860 2784 3915 alius
2814 3864 3044 3929 accipiat
3072 3882 3187 3918 eam
3213 3864 3396 3937 (Dent.
3414 3882 3505 3930 xx,
3535 3867 3610 3937 7).
3643 3867 3700 3923 Si
3732 3871 3820 3924 cui
3847 3882 4048 3927 autem

2457 3954 2750 4023 scrupulus
2778 3967 3161 4010 commoretur
3201 3972 3375 4026 quare
3428 3959 3781 4028 desponsata,
3830 3972 3891 4016 et
3926 3980 4045 4019 non

2458 4046 2642 4114 potius
2688 4046 2809 4100 sine
2853 4062 3080 4117 sponso.
3108 4048 3232 4103 sive
3279 4052 3359 4119 (ut
3427 4049 3710 4122 Scriptura
3774 4058 4044 4125 appellat)

2456 4138 2674 4199 marito,
2710 4139 2866 4208 virgo
2919 4141 3259 4210 conceperit,
3322 4142 3463 4197 sciat
3515 4145 3788 4214 triplicem
3862 4146 4045 4203 fuisse

2457 4231 2752 4284 rationem.
2819 4229 3001 4286 Primo
3033 4274 3048 4297 ,
3091 4245 3152 4288 ut
3206 4250 3305 4304 per
3359 4238 3733 4307 genealogiam
3787 4238 4044 4308 Ioseph,

2458 4321 2613 4391 cujus
2638 4321 2799 4377 Maria
2855 4334 3082 4394 cognata
3134 4335 3274 4389 erat,
3329 4330 3532 4400 origo'
3585 4345 3803 4401 quoque
3857 4332 4046 4387 uariat

2457 4425 2876 4469 monsnaretur.
2949 4416 3117 4487 209
3169 4418 3468 4487 Secundo,
3523 4435 3595 4475 ne
3644 4422 3800 4490 juxta
3858 4424 4040 4495 legem

2458 4500 2624 4573 Moysi
2664 4515 2721 4558 ut
2759 4505 3007 4560 adultera
3038 4508 3377 4578 lapidaretur
3401 4527 3429 4562 ει
3465 4511 3690 4579 populo.
3726 4512 3943 4577 Tertio,
3982 4528 4041 4570 ut

773 4582 1098 4653 tur-nitentia
1134 4581 1338 4652 agenda
1400 4591 1525 4652 Ροει
1574 4594 1853 4651 mortem}
1891 4599 2013 4637 cum
2067 4583 2347 4657 δοτίριυη
2380 4600 2430 4661 D
2455 4596 2521 4649 ad
2550 4595 2845 4668 Egyptum
2884 4598 3105 4667 fugiens
3156 4602 3386 4657 haberet
3433 4606 3717 4668 solatium,
3786 4613 4040 4663 custodis

775 4674 921 4727 dicat
971 4691 986 4728 :
1051 4671 1118 4726 In
1174 4674 1383 4743 inferno
1459 4685 1633 4729 autem
1690 4678 1809 4746 quis
1863 4678 2199 4743 conﬁtebitur
2253 4679 2349 4730 tibi

776 4763 952 4830 (Paul.
991 4781 1067 4830 Vl,
1112 4764 1209 4836 6)?
1242 4768 1320 4822 Ac
1349 4781 1459 4821 non
1510 4770 1691 4837 potius
1746 4769 1818 4823 sit
1861 4770 2272 4840 intelligendum
2303 4771 2344 4837 ⁸,

774 4859 918 4927 quod
987 4869 1115 4912 ante
1172 4859 1508 4929 praepositio,
1540 4859 1669 4915 licet
1712 4875 1854 4931 saepe
1902 4866 2348 4933 consequentiam

775 4949 996 5011 indicet,
1035 4958 1213 5003 tamen
1245 4950 1411 5019 208
1445 4965 1839 5020 nonnunquam
1886 4967 1951 5006 ea
1983 4962 2193 5008 tantum
2228 4970 2350 5024 quas

774 5041 924 5108 prius
953 5039 1357 5110 cogitabuntur,
1388 5043 1666 5098 ostendat.
1707 5043 1854 5097 Unde
1890 5058 1992 5099 nec
2020 5059 2243 5099 necesse
2277 5047 2351 5101 sit

778 5132 1089 5201 utcogitata
1123 5132 1272 5197 ﬁant,
1308 5146 1430 5186 cum
1453 5134 1595 5187 aliud
1647 5134 1767 5189 ideo
1830 5137 2207 5193 intervenerit.
2265 5154 2336 5193 ne

849 5376 866 5407 ί
900 5376 1225 5435 Veronensis
1255 5383 1472 5438 voculas
1503 5401 1643 5447 eam,
1671 5397 1728 5440 et
1769 5393 1946 5438 autent
1993 5402 2102 5441 non
2161 5388 2344 5444 habet.

844 5446 1036 5527 tidem
1073 5467 1104 5502 a
1145 5453 1364 5505 Domino
1400 5470 1495 5522 pro
1528 5458 1592 5507 ab
1625 5456 1826 5527 angelo.

848 5516 877 5598 '.
905 5518 1028 5598 Erat
1056 5531 1212 5574 antea
1247 5516 1530 5598 navigavit,
1568 5535 1640 5598 _et
1695 5516 1795 5579 nisi
1830 5528 1884 5579 in
1941 5544 2000 5581 eo
2043 5539 2196 5596 portu
2252 5545 2348 5598 pro

778 5587 877 5667 nisi
910 5590 962 5667 ei
994 5591 1046 5641 in
1080 5606 1259 5667 portu,
1295 5587 1437 5660 quod
1480 5587 1541 5647 es
1567 5596 1863 5649 Ver0uen~i
1894 5615 1996 5651 ms.
2030 5587 2254 5667 recipio.

852 5661 874 5685 ⁸
908 5657 1049 5710 Ideni
1080 5657 1417 5715 Veronensis
1441 5681 1501 5716 ac
1555 5682 1657 5717 non
1704 5672 1876 5741 potius
1920 5672 1996 5721 sic
2044 5657 2348 5741 intelligetis-

774 5728 921 5811 dum.
957 5738 1162 5811 ct‘iuox
1190 5748 1327 5811 sirpe
1355 5743 1403 5785 et
1442 5728 1807 5811 consequentia
1838 5740 2032 5794 indicet
2056 5755 2075 5802 ;
2102 5750 2154 5793 et
2186 5728 2346 5811 paulo

774 5799 1065 5869 pnsl_ttttde
1095 5805 1416 5855 vocabulum
1452 5822 1556 5858 tum
1602 5799 1782 5860 habet.

847 5870 865 5897 ⁵
902 5865 1114 5922 Uteruut
1172 5884 1451 5927 tumentem
1510 5894 1675 5945 pene,
1729 5892 1832 5934 etc.
1868 5880 1956 5934 Sic
2012 5882 2061 5933 in
2121 5896 2279 5956 caput
2328 5903 2343 5942 ι

2455 4691 2640 4758 potius
2675 4706 2836 4759 quam
2889 4694 3094 4749 mariti.
3135 4694 3273 4760 Quis
3329 4697 3480 4751 enim
3536 4701 3591 4752 in
3649 4709 3899 4770 tempore
3947 4705 4039 4757 illo

2454 4783 2781 4838 credidisset
2813 4783 3017 4857 Virgini
3043 4788 3111 4842 de
3148 4799 3343 4844 sancto
3397 4806 3519 4846 eam
3576 4792 3785 4863 Spiritu
3827 4812 4035 4849 conre-

2453 4874 2639 4943 pisse;
2688 4876 2906 4931 venisse
2960 4879 3210 4949 angelum
3242 4882 3290 4921 ἰ
3328 4882 3575 4947 Gabriel,
3624 4885 3715 4940 Dei
3766 4885 4036 4944 detulisse

2453 4966 2764 5021 mandatum
2791 4984 2807 5035 ;
2848 4984 2912 5024 ac
2943 4985 3053 5023 non
3088 4971 3261 5042 magis
3303 4975 3459 5043 quasi
3515 4977 3842 5043 adulteram,
3867 4980 4032 5048 juxta

2453 5057 2769 5125 exemplum
2802 5059 3088 5125 Snsanute,
3126 5064 3411 5118 sententiae
3473 5068 3720 5121 omnium
3761 5071 4035 5124 condem-

2451 5160 2695 5213 nasseut,
2727 5167 2851 5206 cum
2886 5153 3069 5220 hodie,
3094 5166 3209 5211 toto
3232 5156 3346 5227 jam
3375 5159 3640 5216 credente
3684 5164 3915 5229 mundo,
3946 5182 4035 5218 ar—

2451 5399 2707 5479 Mattluni,
2735 5402 2840 5467 Qui
2866 5420 2995 5479 perte
3025 5405 3238 5461 licentia
3302 5409 3543 5462 maritali
3592 5410 3794 5479 futura!
3842 5416 4031 5469 uxoris

2450 5475 2625 5524 omnia
2656 5488 2891 5531 noverat.
2916 5476 3179 5535 Maurus.

2525 5543 2544 5572 ‘
2573 5542 2630 5595 Id
2656 5559 2718 5595 eo
2747 5548 2850 5596 line
2876 5549 3177 5615 praestitum
3204 5558 3359 5604 notat.
3419 5550 3716 5610 Victorius.
3775 5562 3833 5606 ut
3876 5550 4031 5615 ejus-

2452 5611 2573 5689 dem
2621 5614 2810 5689 tribus
2843 5611 3014 5670 fuisse
3073 5616 3240 5689 Maria
3294 5632 3708 5681 monstraretur,
3738 5637 3805 5675 ne
3871 5611 4027 5689 quod

2451 5680 2568 5753 lege
2602 5684 2932 5753 prohibitum
2969 5699 3109 5750 erat,
3146 5688 3307 5742 Num.
3355 5706 3544 5753 um,
3577 5680 3801 5746 alterius
3844 5680 4027 5747 tribus

2452 5752 2520 5805 a'o
2554 5753 2640 5804 illa
2669 5751 2889 5822 Josephi
2921 5761 3129 5811 assumi
3153 5761 3209 5813 in
3235 5777 3458 5815 uxorem
3498 5751 3803 5815 videretur.

2522 5821 2541 5853 ⁷
2575 5822 2741 5902 ‘letus
2767 5821 2954 5881 editio.
2987 5832 3205 5902 uenisset
3232 5832 3299 5883 ad
3363 5847 3479 5884 eam
3561 5832 3825 5902 angelum,
3886 5844 4025 5901 etc.;

2455 5902 2568 5946 tum
2631 5892 2956 5951 Veronensis
2987 5899 3143 5965 liber,
3170 5899 3263 5954 Dei
3298 5901 3456 5967 fuisse
3488 5892 3817 5959 mandatum.
