4218 6452
811 439 917 506 199

1966 421 2027 483 S.
2072 418 2385 481 EUSEBII
2421 418 2717 480 HlERON
2732 419 2863 478 YMI

3964 411 4076 474 20’)

800 574 910 615 tum
945 566 993 611 et
1025 568 1227 607 omnem
1256 556 1570 622 potestatem
1602 552 1649 599 et
1688 542 1954 597 virtutem.
1986 539 2208 611 Oportet
2236 540 2372 594 enim
2401 538 2456 598 Α
2484 548 2599 595 tera
2624 556 2756 594 vero
2787 546 2986 594 nostra:
3023 535 3400 609 intelligentiae
3431 532 3759 597 derelinqni.
3804 531 3865 586 Si
3928 533 4083 584 enim

797 652 957 706 illum
992 662 1239 717 regnare,
1264 646 1423 699 donec
1455 648 1617 711 ponat
1650 653 1826 692 omnes
1849 637 2088 689 inimicos
2109 634 2200 688 sub
2226 633 2372 700 pedi-

800 745 894 797 bus
929 743 1064 813 ejus;
1106 740 1283 792 omnia
1315 736 1455 790 enim
1490 735 1584 787 sub
1617 730 1832 800 pedibus
1870 730 1983 799 ejus
2028 726 2243 796 subjecit
2276 722 2373 793 ‘(I

801 835 926 893 Cor.
961 851 1053 899 xv,
1076 833 1167 898 9.5,
1196 828 1497 899 26).Esto.
1550 826 1617 881 de
1648 825 1867 879 homine
1909 821 2119 875 dictum
2154 819 2243 879 sit,
2268 833 2376 871 nun

803 944 1066 1000 negamus
1096 926 1161 981 de
1192 940 1256 979 eo
1284 923 1373 995 qui
1404 936 1597 993 passus
1643 929 1725 974 est
1754 930 2000 977 crucem,
2051 912 2146 983 qui
2188 921 2375 981 postea

805 1020 997 1073 sedere
1035 1016 1258 1085 iubetur
1286 1030 1313 1065 ιι
1366 1011 1595 1067 dextris.
1642 1007 1782 1074 Quid
1820 1006 1921 1059 sibi
1955 1006 2071 1057 vult
2103 1004 2207 1058 hoc
2237 1008 2377 1072 quod

806 1113 902 1175 ait,
935 1116 1149 1181 Oportet
1188 1107 1326 1162 enim
1356 1106 1508 1160 illuni
1532 1120 1769 1174 regnare,
1805 1102 1968 1155 donec
2008 1109 2167 1168 ponat
2200 1113 2379 1151 omnes

808 1205 1046 1261 inimicos
1077 1201 1172 1257 sub
1208 1200 1424 1271 pedibus
1453 1199 1567 1268 ejus
1593 1197 1617 1251 Ρ
1659 1194 1936 1263 Numquid
1969 1193 2155 1247 tandiu
2186 1205 2381 1259 regna-

809 1307 968 1352 turus
1022 1305 1107 1349 est
1162 1292 1447 1354 Dominus,
1499 1288 1676 1343 donec
1723 1286 1988 1355 incipiant
2021 1298 2142 1338 esse
2178 1281 2383 1335 inimici

809 1388 911 1442 sub
961 1386 1195 1456 pedibus
1232 1382 1394 1450 ejus;
1441 1388 1496 1435 et
1531 1386 1823 1448 postquam
1867 1377 1942 1429 illi
1991 1375 2091 1429 sub
2146 1372 2382 1443 pedibus

812 1480 1037 1539 iuerint,
1078 1490 1306 1546 regnare
1356 1472 1582 1525 desistet
1615 1486 1630 1523 :
1667 1484 1790 1523 cum
1830 1468 2017 1534 utique
2054 1476 2184 1518 tunc
2216 1462 2386 1533 magis

813 1585 1048 1641 regnare
1097 1569 1338 1636 incipiet,
1389 1580 1513 1618 cum
1551 1562 1757 1616 inimici
1812 1559 2079 1628 euenerint
2113 1567 2235 1610 esse
2286 1555 2385 1609 sub

812 1665 1045 1735 pedibus
1080 1661 1104 1714 ?
1146 1659 1310 1713 David
1348 1671 1565 1725 quoque
1612 1655 1665 1708 in
1702 1663 1898 1723 quarto
1927 1649 2190 1721 graduum
2245 1648 2389 1717 psal-

812 1770 902 1811 mo
948 1772 963 1809 :
1000 1752 1149 1808 Sicut
1180 1751 1318 1805 oeuli
1368 1746 1579 1801 ancilla:
1628 1746 1680 1797 in
1718 1742 1953 1796 manibus
1988 1742 2214 1794 domina:
2259 1754 2385 1799 suat.

812 1852 891 1902 ita
928 1847 1067 1902 oculi
1091 1844 1255 1898 nostri
1286 1843 1356 1895 ad
1384 1839 1673 1894 Dominum
1719 1836 1887 1890 Deum
1936 1846 2194 1899 nostrum,
2227 1834 2388 1885 donec

2481 637 2660 689 adhuc
2710 632 2919 686 recenti
2978 641 3243 699 tempore,
3283 628 3600 684 viventith
3651 627 3737 682 bis
3790 624 3887 698 qu‘:
3924 623 4084 677 vde-

2489 739 2609 783 raut
2672 726 2920 796 Moysen,
2973 724 3282 795 sepulcrum
3360 722 3480 793 ejus
3542 723 3720 793 potuit
3808 716 4083 790 ignorari,

2487 824 2660 877 multo
2717 820 2889 888 magis
2954 828 3035 873 tot
3087 818 3308 873 saeculis
3363 814 3852 887 praetereuntibus.
3915 807 4085 864 Iusta

2486 916 2631 981 quod
2659 923 2713 967 ct
2744 911 2874 965 illud
2917 911 3243 981 intelligitur
3272 911 3339 963 de
3385 907 3611 978 Ioseph,
3667 904 4082 976 Evangelistam

2487 1006 2538 1060 id
2594 1007 2889 1068 indicasse,
2934 1005 3000 1058 de
3048 1019 3158 1073 quo
3204 1002 3521 1057 scandalum
3568 1007 3783 1070 poterat
3840 994 4084 1055 moveri,

2487 1114 2596 1152 non
2629 1114 2749 1153 eam
2783 1098 3058 1166 cognitam
3096 1111 3219 1151 esse
3250 1110 3278 1148 a
3310 1095 3426 1147 viro
3456 1110 3555 1147 suo
3609 1106 3784 1161 usque
3833 1091 3905 1145 ait
3963 1103 4087 1157 pur-

2491 1201 2630 1251 tum,
2678 1202 2736 1245 ut
2766 1192 2936 1245 multo
2970 1190 3141 1259 magis
3176 1188 3607 1257 intelligeretnus
3650 1191 3934 1253 cognitum
3972 1197 4083 1236 non

2491 1286 2666 1341 fuisse
2707 1295 2827 1354 post
2856 1294 3098 1354 partum,
3130 1298 3161 1336 a
3188 1298 3294 1348 qua
3346 1291 3475 1335 tunc
3510 1260 3567 1336 se
3618 1281 3919 1343 abstinuit,
3956 1292 4085 1332 cum

2491 1380 2676 1434 adhuc
2707 1378 2775 1430 de
2806 1377 3019 1430 visione
3053 1385 3266 1445 poterat
3289 1374 3572 1430 ﬂuctuare.

2562 1472 2619 1524 8.
2664 1470 2742 1523 Ad
2779 1483 3076 1531 summam,
3110 1467 3241 1521 illud
3276 1469 3521 1535 requiro,
3578 1480 3750 1538 quare
3800 1480 3859 1518 se
3912 1464 4093 1517 absti-

2490 1565 2677 1617 nuerit
2709 1560 2911 1630 Josepli
2947 1574 3120 1628 usque
3164 1561 3227 1612 ad
3259 1569 3447 1629 partus
3477 1558 3643 1613 diem.
3698 1557 4091 1628 Respondebit

2492 1662 2701 1727 utique,
2756 1660 2883 1728 quia
2935 1658 3190 1728 angelum
3241 1656 3475 1711 audierit
3532 1657 3803 1711 dicentem
3856 1676 3869 1709 :
3931 1656 4092 1721 Quod

2493 1756 2626 1805 enim
2654 1754 2707 1806 iu
2742 1768 2803 1805 ea
2831 1760 3014 1804 natum
3041 1760 3143 1815 est,
3176 1751 3241 1803 de
3276 1750 3481 1819 Spiritu
3505 1761 3690 1802 sancto
3711 1759 3786 1803 est
3860 1748 4085 1819 (31am.

2496 1862 2532 1902 t.
2562 1846 2680 1915 ‘20).
2725 1844 2805 1897 Ad
2841 1842 2987 1912 quod
3028 1858 3130 1896 nos
3178 1841 3492 1905 inferimus,
3526 1852 3582 1896 et
3631 1852 3778 1895 certe
3811 1844 4088 1907 avdierat,

816 1941 1128 1993 ἠίεενεαίαν
1175 1935 1344 1989 ηοείνί
1389 1930 1583 2001 ’(Ρδαίο
1643 1945 1809 1994 0”":
1859 1929 1937 1998 5)-
1990 1927 2130 1997 Ετῧο
2200 1925 2388 1979 “mili”
2425 1922 2466 1973 Β
2499 1937 2713 2005 Ioseph,
2756 1934 2831 2003 [ili
2862 1934 3056 1998 Dat-id,
3086 1950 3149 1986 ne
3179 1935 3367 1987 timeas
3413 1935 3647 2001 accipere
3677 1933 3911 1988 Mariam
3956 1951 4091 1987 uxo-

818 2031 1092 2101 PrOpbeta
1156 2027 1345 2083 oculos
1397 2024 1622 2078 babeliit
1664 2022 1728 2076 ad
1781 2020 2094 2083 Dominum,
2147 2017 2391 2087 quandiu

818 2122 1247 2180 misericordiam
1312 2120 1437 2188 impr
1460 2126 1584 2183 tret,
1619 2123 1673 2171 et
1702 2121 1820 2184 pust
1851 2114 2193 2182 impetratam
2234 2112 2395 2165 mise-

819 2216 1141 2279 ricordiam,
1199 2211 1389 2265 oculos
1440 2207 1717 2276 torquebit
1773 2204 1826 2257 in
1880 2202 2134 2257 terram?
2184 2200 2287 2267 Qui
2341 2200 2395 2255 in

820 2308 926 2363 alio
977 2309 1095 2361 loco
1148 2305 1328 2359 dicit:
1389 2300 1542 2355 Oculi
1594 2301 1693 2353 mei
1727 2298 2029 2365 defecerunt
2075 2298 2128 2348 in
2157 2300 2397 2349 salutare

822 2410 993 2466 tuum,
1026 2408 1074 2453 et
1110 2399 1162 2450 in
1194 2396 1397 2449 verbum
1426 2392 1653 2462 justitia:
1682 2401 1785 2443 tute
1813 2389 1989 2460 (I’sal.
2018 2402 2206 2453 cxvut,
2244 2388 2394 2454 123).

820 2492 1074 2548 Poteram
1102 2505 1265 2558 super
1297 2487 1401 2542 hoc
1438 2484 1864 2539 innumerabilia
1916 2482 2163 2549 exempla
2194 2497 2399 2551 conge.

824 2601 963 2645 rere,
995 2595 1051 2636 et
1080 2595 1299 2636 omnem
1329 2576 1654 2644 luces-sentis
1688 2575 2101 2646 procacitatem,
2155 2574 2400 2626 testimo-

826 2680 1043 2733 niorum
1091 2676 1234 2726 nube
1285 2671 1512 2734 celare;
1562 2682 1753 2721 verum
1786 2666 1968 2720 adhuc
2000 2680 2170 2734 pauca
2221 2664 2397 2734 subji-

824 2773 963 2828 ciam
997 2772 1039 2835 ²,
1070 2777 1127 2821 ιιι
1164 2765 1246 2820 bis
1273 2763 1466 2818 similia
1499 2762 1612 2830 ipse
1648 2759 1750 2814 sibi
1784 2760 1957 2813 lector
1990 2755 2255 2811 inveniat.

895 2861 949 2914 7.
988 2858 1251 2926 Loquitur
1278 2856 1330 2906 in
1367 2852 1562 2907 Genesi
1604 2865 1783 2905 sermo
1819 2848 2038 2903 divinus
2072 2866 2085 2901 :
2130 2849 2193 2901 Et
2225 2849 2395 2901 tradi-

826 2956 1014 3009 derunt
1062 2947 1227 3003 Iacob
1278 2949 1398 3000 deos
1459 2946 1678 3009 alienos,
1734 2945 1822 3014 qui
1853 2952 2004 2996 erant
2052 2942 2105 2995 in
2158 2942 2399 2994 manibus

824 3065 1029 3108 eorum,
1060 3056 1106 3099 et
1139 3048 1349 3097 inaures
1384 3057 1497 3109 qua:
1524 3049 1674 3092 erant
1709 3037 1760 3089 in
1806 3034 2057 3089 auriculis
2098 3042 2297 3087 eorum;
2332 3033 2400 3088 Et

829 3140 1095 3195 abscaudit
1138 3154 1197 3190 ea
1230 3138 1250 3167 ³
1283 3133 1457 3187 Jadob
1488 3136 1664 3186 subter
1699 3128 2072 3189 terebinthttm,
2104 3143 2220 3196 qua:
2249 3135 2323 3179 est
2348 3126 2400 3178 iu

832 3238 1099 3297 Sichirnis,
1144 3244 1188 3287 et
1238 3230 1463 3301 perdidit
1497 3244 1557 3281 ea
1608 3240 1774 3297 usque
1821 3226 1875 3275 in
1908 3224 2216 3276 hodiernum
2266 3221 2402 3275 diem

835 3327 989 3399 (Gen.
1035 3341 1195 3386 xxxv,
1237 3324 1398 3390 bseq.
1431 3319 1471 3386 ).
1506 3316 1669 3386 212
1701 3315 1832 3367 Item
1882 3315 1939 3367 in
1979 3314 2085 3366 line
2146 3310 2408 3365 Deutet'o-

836 3420 1003 3474 nontii
1058 3433 1073 3471 :
1116 3416 1178 3470 Et
1210 3415 1491 3479 defunctus
1538 3418 1615 3463 est
1652 3408 1859 3478 Moyses
1899 3422 2076 3460 servus
2110 3404 2325 3457 Domini
2356 3405 2409 3456 in

832 3511 972 3566 terra
1020 3510 1176 3563 Moab
1220 3521 1312 3574 per
1360 3503 1567 3557 verbum
1606 3500 1835 3561 Domini,
1872 3508 1919 3551 et
1952 3497 2263 3567 sepelierunt
2292 3513 2409 3548 eum

833 3605 889 3657 in
921 3601 1075 3664 Gelli,
1106 3614 1270 3668 prope
1317 3596 1529 3649 domum
1580 3592 1805 3661 Phegor,
1849 3602 1894 3644 et
1930 3605 2078 3643 nemo
2104 3589 2201 3642 scit
2234 3587 2410 3657 sepul~

838 3684 984 3750 ert'm
1044 3692 1156 3760 ejus
1205 3705 1365 3758 usque
1413 3689 1467 3740 in
1511 3687 1648 3739 diem
1697 3686 1857 3737 istum
1911 3683 2090 3741 (Deut.
2135 3697 2316 3743 χχιιι,
2356 3679 2408 3739 6,

838 3806 942 3845 see.
995 3784 1192 3855 LXX).
1249 3783 1408 3837 Certe
1466 3779 1765 3834 hodiernus
1814 3776 1930 3831 dies
1973 3776 2119 3829 illius
2155 3773 2413 3842 temporis

838 3882 1195 3938 :cstimandus
1246 3887 1354 3934 est.
1409 3891 1517 3944 quo
1570 3872 1797 3927 historia
1851 3871 1966 3940 ipsa
2008 3878 2263 3924 contexta
2307 3876 2414 3928 est,

842 3977 957 4029 sive
995 3973 1214 4043 Moysen
1248 3970 1267 3999 ⁸
1305 3970 1489 4023 dicere
1532 3964 1771 4019 volueris
1804 3972 2087 4015 auctorem
2120 3961 2414 4014 Pentateu-

840 4069 954 4131 clii,
1002 4068 1118 4119 sive
1170 4063 1362 4115 Ezram
1427 4057 1670 4126 ejusdem
1729 4056 2152 4108 instauraterem
2210 4052 2415 4120 operis,

842 4175 951 4213 non
984 4161 1203 4211 recuso;
1258 4152 1413 4207 Nunc
1449 4151 1552 4204 hoc
1580 4147 1865 4217 qumritur,
1903 4162 1970 4198 an
2036 4145 2088 4198 id
2139 4143 2282 4213 quod
2333 4144 2417 4198 di-

841 4260 993 4305 ctum
1024 4258 1134 4311 est,
1180 4260 1343 4314 usque
1382 4244 1433 4295 in
1460 4241 1595 4295 diem
1643 4240 1820 4300 istum,
1857 4237 1922 4290 ad
1959 4236 2101 4289 illam
2151 4234 2422 4288 referatur

843 4352 1083 4402 aetatem,
1109 4357 1213 4409 qua
1242 4338 1368 4391 libri
1401 4334 1533 4389 editi
1558 4334 1672 4386 sive
1702 4331 1998 4399 conscripti
2030 4343 2179 4383 sunt.
2219 4330 2420 4382 Doceat

844 4434 1013 4503 igitur
1048 4438 1169 4499 post
1207 4426 1352 4481 illam
1381 4425 1523 4479 diem
1553 4432 1632 4477 tot
1664 4424 1773 4491 jam
1821 4437 2090 4475 annorum
2149 4437 2319 4487 usque
2354 4419 2417 4472 ad

845 4540 953 4581 nos
982 4518 1355 4576 voluminibus
1384 4516 1613 4578 exactis,
1648 4526 1741 4568 aut
1774 4514 1936 4579 idola,
1969 4530 2091 4583 qn:c
2145 4516 2246 4566 sub
2282 4524 2424 4567 terc-

2503 2047 2613 2084 rem
2654 2041 2799 2083 tuam
2836 2027 3004 2098 (Ibid.
3038 2026 3153 2095 20).
3195 2026 3537 2081 l’robibitum
3569 2028 3623 2081 ei
3656 2028 3838 2081 fuerat
3902 2044 3971 2080 ne
4008 2043 4091 2081 re-

2504 2124 2794 2191 linqueret,
2830 2137 2896 2175 ne
2926 2121 3229 2175 adulteram
3257 2122 3600 2177 existimaret
3631 2138 3879 2177 uxorem.
3910 2110 4090 2175 Sum-

2504 2218 2631 2288 quid
2685 2229 2737 2271 et
2783 2232 2813 2269 a
2859 2230 3160 2283 congressu
3222 2214 3474 2285 conjugis
3537 2225 3827 2284 separatus
3881 2219 4089 2275 tuen-.1,

2506 2325 2628 2362 cum
2658 2308 2847 2377 utique
2878 2322 2947 2360 ne
2992 2315 3345 2376 separaretur
3391 2305 3569 2375 magis
3604 2304 3806 2360 fuisvet
3836 2306 4091 2359 admoni-

2510 2402 2644 2455 tus?
2682 2400 2745 2453 Et
2796 2399 3053 2460 audebat,
3098 2398 3297 2464 inquit,
3331 2397 3413 2451 vir
3454 2397 3660 2465 justus,
3694 2398 3786 2452 Dei
3822 2398 3878 2452 in
3936 2411 4091 2451 utero

2509 2496 2738 2549 audiens
2772 2492 2964 2546 tilium.
2996 2493 3063 2546 de
3091 2493 3279 2545 uxoris
3325 2491 3471 2547 coitu
3502 2492 3789 2562 cogitaret
3835 2490 4090 2543 ΡΙιΙΓέᾸΨ.

2508 2589 2610 2654 Qui
2652 2604 2779 2657 ergo
2808 2585 3025 2641 somnio
3078 2595 3291 2639 tantum
3328 2583 3586 2647 credidit,
3618 2593 3675 2637 ut
3713 2600 3945 2637 umrem
3982 2600 4088 2637 nou

2510 2680 2672 2751 213
2732 2679 2960 2733 auderet
3014 2677 3321 2748 attingere:
3367 2676 3412 2730 is
3460 2686 3747 2746 postquam
3799 2689 4086 2746 pastorum

2511 2788 2645 2827 voce
2679 2779 3028 2841 cognoverat,
3070 2771 3319 2839 angelum
3374 2767 3589 2823 Domini
3626 2771 3838 2823 retr-ssc
3880 2770 3949 2823 de
3987 2785 4094 2824 em-

2512 2863 2601 2928 lis,
2642 2875 2697 2917 et
2728 2865 2938 2918 dixisse
2966 2862 3032 2916 ad
3069 2877 3200 2917 eos:
3235 2860 3419 2915 Nolite
3456 2862 3679 2924 timere;
3718 2877 3835 2915 ecce
3862 2879 4088 2932 erange-

2511 2958 2609 3011 liso
2636 2958 2776 3010 vobis
2801 2957 3053 3025 gaudium
3088 2971 3362 3023 magnum,
3392 2955 3534 3023 quod
3556 2955 3654 3009 erit
3688 2954 3833 3005 omni
3874 2954 4089 3023 populo.

2513 3053 2639 3119 quia
2683 3062 2835 3102 natus
2875 3059 2951 3101 est
2980 3047 3127 3101 vobis
3160 3048 3313 3100 hodie
3364 3045 3631 3108 Saluator,
3672 3047 3762 3115 qui
3810 3058 3890 3099 cst
3938 3044 4094 3099 Chii-

2512 3154 2621 3196 stus
2651 3143 2902 3196 Dominus
2932 3143 2986 3194 in
3007 3141 3221 3193 civitate
3238 3140 3409 3193 Dat-id
3437 3140 3593 3210 (Luc.
3622 3156 3683 3202 tt,
3734 3141 3819 3201 10,
3868 3156 4013 3209 seqq.
4039 3139 4092 3202 );

2514 3247 2569 3289 et
2614 3252 2737 3288 cum
2791 3250 2857 3288 eo
2912 3234 3100 3287 laudes
3152 3233 3363 3286 militia:
3392 3233 3744 3287 concinuisse
3797 3232 4090 3287 caelestis:

2516 3327 2705 3380 Gloria
2736 3327 2791 3377 in
2820 3327 3034 3379 excelsis
3069 3324 3199 3387 Deo,
3232 3336 3279 3378 et
3303 3340 3461 3388 super
3498 3336 3694 3379 terram
3726 3342 3833 3395 pc:
3865 3324 4095 3378 homini-

2514 3426 2605 3471 bus
2639 3418 2785 3470 bonae
2824 3416 3110 3469 voluntatis
3154 3434 3172 3470 .'
3210 3417 3305 3486 qui
3342 3417 3656 3471 Simeonem
3698 3421 3912 3486 justum
3963 3421 4099 3473 inter

2514 3512 2796 3579 amplexus
2824 3510 3032 3579 parvuli
3056 3510 3264 3564 viderat
3295 3511 3713 3579 praedicantem,
3738 3510 3899 3564 Nunc
3919 3512 4102 3565 dimit-

2514 3602 2580 3654 tis
2607 3618 2809 3654 serrum
2841 3611 3012 3664 tuum,
3050 3601 3300 3664 Domine,
3343 3603 3632 3655 secundum
3689 3604 3903 3655 rerbum
3951 3615 4095 3655 tuum

2514 3697 2566 3747 in
2623 3709 2750 3759 pace
2781 3710 2798 3746 :
2832 3695 2959 3763 quia
3011 3694 3250 3747 viderunt
3306 3695 3449 3747 oculi
3500 3696 3600 3748 mei
3653 3696 3897 3748 salutare
3948 3705 4097 3747 tanta

2519 3787 2685 3847 (Ibid.
2724 3788 2815 3853 Ἦ)
2851 3804 2866 3840 :
2907 3788 2999 3855 qui
3023 3791 3238 3841 Annum
3266 3788 3700 3856 prophetissam,
3728 3803 3948 3857 magos,
3974 3790 4102 3841 stel-

2520 3880 2647 3944 lam,
2701 3878 3007 3944 Herodem,
3064 3879 3287 3949 angelos
3353 3878 3611 3939 viderat;
3682 3880 3799 3947 qui,
3850 3879 4101 3948 inquam,

2521 3972 2783 4025 miracula
2818 3982 2963 4025 tanta
2992 3982 3347 4042 cognoverat,
3392 3973 3483 4025 Dei
3529 3973 3819 4039 templum,
3866 3975 3943 4041 Sp
3972 3978 4104 4025 τίιντς

2523 4062 2694 4113 sancti
2734 4062 2942 4125 sedem,
2994 4061 3209 4116 Domini
3241 4062 3324 4116 sui
3380 4061 3607 4115 Matrem
3662 4063 3901 4118 audebat
3947 4067 4106 4119 attin-

2519 4168 2645 4221 gere
2674 4154 2696 4205 ?
2728 4154 2793 4207 Et
2822 4163 2971 4207 certe
2998 4154 3173 4207 Maria
3204 4156 3549 4207 conservabat
3581 4157 3759 4208 omnia
3789 4157 3948 4208 verba
3972 4156 4099 4217 liter,

2520 4247 2790 4313 conferens
2824 4248 2879 4299 in
2910 4248 3064 4299 corde
3089 4264 3184 4299 suo
3233 4245 3399 4305 (Ibid.
3435 4249 3546 4315 bl).
3580 4248 3658 4300 Ac
3703 4264 3772 4300 ne
3805 4249 4101 4314 impuden-

2523 4349 2603 4392 ter
2624 4339 2735 4409 ιΑι.
2767 4337 3162 4408 imprudenter]
3195 4354 3362 4408 neges
3420 4340 3523 4392 ista
3548 4344 3824 4411 ignorasse
3852 4339 4062 4410 Ioseph
4089 4360 4101 4394 :

2524 4430 2589 4484 Et
2625 4442 2794 4493 erant,
2830 4431 3006 4497 inquit
3028 4427 3228 4491 Lucas,
3259 4442 3410 4497 pater
3433 4431 3581 4486 illius
3651 4442 3698 4485 et
3727 4442 3902 4486 nmter
3933 4433 4103 4485 admi-

2524 4537 2700 4576 rantes
2725 4538 2881 4591 super
2908 4522 2984 4574 ttis
3030 4539 3145 4590 qui?
3168 4524 3477 4576 dicebantur
3499 4525 3561 4578 de
3580 4541 3658 4579 eo.
3701 4525 3849 4579 Licet
3877 4539 3935 4580 tu
3968 4526 4100 4579 mira

846 4618 1042 4673 bintlio
1073 4614 1289 4667 condita
1347 4609 1586 4668 fuerant,
1643 4618 1880 4675 reperta,
1916 4616 2005 4659 aut
2039 4604 2205 4677 Moysi
2239 4615 2419 4658 tnmu-
2455 4629 2501 4683 ο

2455 4629 2501 4683 ο
2527 4615 2863 4684 impudentia
2911 4614 3026 4666 lia'c
3064 4616 3117 4667 in
3149 4613 3354 4668 Graecis
3386 4617 3670 4669 codicibus
3704 4620 3723 4643 ⁸⁸
3754 4619 3950 4671 talsata
3982 4635 4106 4672 con-

844 4711 961 4765 inm
992 4704 1397 4773 investigatum,
1438 4700 1564 4768 quia
1616 4699 1815 4752 obnixe
1843 4700 2063 4760 asserit,
2101 4707 2225 4767 post
2258 4698 2421 4751 donec

846 4815 909 4859 et
966 4815 1146 4870 usque,
1206 4809 1329 4851 esse
1381 4793 1645 4860 incipere,
1696 4791 1849 4859 quod
1881 4792 2069 4844 landiu
2144 4807 2253 4842 non
2320 4791 2424 4844 fuit

852 4894 1092 4964 quaudiu
1142 4902 1309 4958 usque
1341 4885 1710 4952 complerelur
1751 4892 1804 4937 et
1836 4886 2020 4935 donec.
2062 4882 2203 4947 Quin
2245 4884 2425 4949 potius

848 4984 1256 5041 animadvertat
1303 4977 1601 5045 Scriptum
1645 4984 1847 5027 sancta:
1895 4973 2120 5034 idimno,
2151 4982 2204 5027 et
2241 4975 2427 5026 nobis-

856 5093 1007 5140 cum,
1036 5076 1088 5129 in
1130 5086 1240 5143 quo
1276 5069 1582 5128 haesitabat,
1632 5066 1894 5135 intelligat
1928 5081 1990 5119 ea
2023 5067 2066 5129 ⁵,
2120 5066 2186 5118 de
2232 5046 2428 5131 quibus

859 5177 1041 5241 posset
1069 5163 1291 5233 ambigi,
1325 5162 1368 5214 si
1401 5176 1507 5213 non
1543 5159 1779 5212 fuissent
1814 5158 2039 5226 scripta,
2068 5157 2292 5225 signari.
2328 5172 2431 5210 cae-

934 5287 948 5315 '
987 5283 1196 5344 lstliaec,
1230 5278 1405 5331 omnia
1447 5276 1585 5329 enim
1612 5273 1705 5326 sub
1764 5273 1981 5342 pedibus
2016 5271 2127 5338 ejus
2177 5272 2423 5339 subjecit,

862 5354 1196 5407 Veronensis
1226 5365 1333 5403 non
1368 5348 1551 5400 habet.

934 5426 954 5455 ⁸
1027 5420 1357 5475 Veronensis
1392 5417 1564 5471 multo
1594 5416 1797 5469 aliter:
1834 5412 2156 5481 Priusquam
2186 5413 2430 5463 innume-

863 5494 1058 5548 rabiiia
1105 5506 1261 5559 super
1294 5489 1388 5541 hoc
1416 5487 1650 5551 exempla
1684 5500 1983 5559 congeram,
2017 5495 2062 5536 et
2109 5499 2323 5559 omnem
2350 5484 2430 5534 la-

861 5564 1107 5621 eessentis
1141 5551 1531 5625 procaeitatem,
1589 5551 2007 5607 testimoniorum
2056 5551 2191 5605 nube
2245 5553 2430 5613 celem,

864 5637 1045 5690 adhuc
1073 5647 1241 5693 pauca
1285 5629 1588 5696 subjiciam.

937 5705 957 5736 ³
994 5692 1134 5757 Idem
1168 5692 1513 5754 Veronensis,
1533 5697 1801 5748 abscondit
1832 5711 1943 5746 eas.
1964 5692 2220 5745 Erasmus
2248 5709 2333 5746 eos
2355 5694 2433 5746 le-

867 5783 1035 5843 gerat.
1068 5772 1340 5824 Victorius
1380 5785 1441 5821 ea
1478 5776 1708 5834 utroque
1755 5767 1806 5818 in
1835 5767 1951 5817 loco
1984 5783 1995 5815 :
2036 5765 2219 5816 Cra-ce
2269 5765 2430 5816 etiam

868 5858 947 5899 (‘Sl
987 5867 1003 5892 ε
1024 5843 1143 5896 ὑτά.

940 5916 959 5943 ⁵⁸
994 5910 1377 5969 Tertttliianus,
1415 5909 1554 5960 libro
1610 5907 1672 5958 de
1700 5903 1860 5958 Cultu
1904 5904 2238 5963 feminarum.
2272 5920 2320 5955 c.
2354 5906 2383 5954 ῖῖ
2417 5924 2428 5959 ;

878 6004 896 6037 ι
930 5984 1100 6038 Omne
1132 5983 1555 6037 instrumentum
1594 5976 1833 6029 .ludaicac
1859 5978 2178 6028 InllCl'Dlttht‘.
2209 5990 2303 6043 per
2337 5978 2434 6032 lis-

2532 4708 2742 4768 tendas,
2774 4722 2893 4774 qua:
2924 4722 3031 4759 non
3060 4707 3236 4761 solum
3276 4724 3472 4762 omnes
3522 4726 3659 4778 pene
3694 4709 3927 4765 Gracia:
3998 4722 4104 4766 trs-

2528 4810 2767 4853 ctatores
2802 4798 2854 4849 iu
2882 4798 2995 4849 suis
3033 4797 3398 4850 mluunnibus
3433 4798 3769 4863 reliquerunt
3800 4814 3816 4863 ;
3846 4802 3944 4854 sed
3977 4817 4062 4855 nov
4084 4828 4109 4840 -

2532 4891 2658 4943 nulli
2693 4903 2908 4957 quoque
2942 4904 2970 4940 e
2996 4887 3223 4949 Latinis,
3258 4889 3331 4943 ita
3374 4898 3433 4942 ut
3466 4889 3520 4942 in
3554 4889 3759 4944 Graecis
3796 4892 4035 4946 habetur
4066 4894 4102 4952 τ,

2533 4985 2951 5052 :issumpserint.
2984 4980 3095 5035 δερ
3122 4997 3348 5037 necesse
3373 4991 3460 5037 est
3482 4998 3631 5037 nunc
3655 4984 3723 5037 de
3746 4986 4107 5054 exemplaria-

2532 5094 2651 5130 rum
2702 5076 2965 5129 varietate
3013 5083 3271 5135 tractare,
3317 5091 3443 5129 eum
3488 5091 3652 5130 omne
3683 5086 3739 5130 et
3772 5076 3995 5132 Veteris
4049 5088 4105 5129 et

2531 5168 2693 5223 Novze
2725 5166 3028 5235 Scriptura:
3060 5166 3488 5220 instrumentum
3523 5167 3578 5221 in
3614 5168 3869 5222 Latinum
3906 5186 4105 5225 sermo-

2534 5282 2686 5333 dram
2738 5285 2953 5331 t'uttslal
2985 5286 3381 5333 restauratum.
3425 5296 3443 5327 ι
3484 5278 3540 5331 1η
3575 5296 3737 5346 qu.uu
3773 5285 4103 5335 sententiam

2535 5353 2719 5422 plures
2745 5366 2773 5400 e
2803 5350 3005 5422 Graecis
3038 5347 3356 5422 Latinisqm:
3384 5348 3638 5422 Patribus
3671 5353 3948 5404 abierunt.

2606 5422 2625 5450 ⁸
2673 5417 2833 5471 Vetus
2868 5418 3061 5491 editio.
3100 5414 3167 5468 In
3214 5434 3314 5485 quo
3374 5419 3652 5473 Ita'sitabat
3686 5421 3973 5491 intelligat.
4024 5422 4105 5475 Iu-

2535 5491 2727 5553 telliaet
2762 5506 2819 5540 ea
2860 5488 2919 5538 de
2949 5489 3157 5553 quibus,
3194 5499 3299 5540 etc.

2609 5564 2627 5591 ⁵
2670 5557 2871 5610 Saltem
2908 5558 3060 5622 iliud,
3121 5568 3273 5625 pater
3315 5558 3479 5623 illius,
3515 5561 3568 5613 in
3616 5560 3821 5616 Crtecis
3854 5579 4014 5627 mss,
4065 5564 4107 5615 si

2537 5630 3047 5700 Cantabrigeusem,
3086 5640 3249 5695 atque
3279 5644 3445 5682 unum
3478 5646 3544 5685 ex
3578 5631 3932 5700 Stepiian.cis
3967 5638 4107 5688 exci-

2539 5702 2675 5767 pias,
2710 5715 2816 5751 non
2854 5698 3126 5762 habetur;
3164 5709 3252 5751 est
3298 5710 3476 5753 autem
3506 5701 3561 5755 in
3600 5698 3825 5771 Vulgata
3862 5707 4106 5758 versione

2537 5780 2589 5821 ct
2621 5770 2863 5835 (inputa.

2568 5908 2579 5916 .
2610 5842 2627 5869 ⁷
2665 5839 2790 5891 Erat
2823 5840 3079 5891 mendose
3114 5839 3348 5907 piuiium
3384 5856 3638 5916 numero
3676 5842 3958 5897 habentur.
3992 5843 4101 5898 Mox

2537 5908 2874 5961 νυτινιυνςς
2908 5917 3063 5965 “iter.
3095 5923 3159 5960 ce
3190 5911 3635 5976 r.r.*.~np!artorum
3672 5914 3933 5967 varietate
3991 5931 4106 5969 ron-

2543 5979 2767 6041 (cnderr,
2794 5997 2887 6049 pro
2926 5992 3179 6036 tractare.
