4218 6512
222 433 316 497 int

943 430 1036 486 DE
1085 429 1486 490 PEili'Ei'U.\
1535 425 2055 488 VlliGlNl'l‘ATE
2099 425 2158 482 Β.
2200 423 2467 482 .\I.\llI.E
2506 422 2762 485 LIBER.

3373 430 3476 493 202

222 568 341 605 nem
377 550 584 603 exinde
615 551 938 602 translatum
967 551 1057 605 sit.
1092 557 1144 601 et
1179 549 1352 599 multo
1395 547 1583 612 purior
1615 558 1799 597 titana-
1836 547 1878 602 Α
1914 557 1970 602 ιι.
2001 544 2032 597 -ί
2062 561 2199 612 seqq.
2239 547 2254 611 )
2299 560 2311 598 ε
2356 544 2546 596 nititur
2577 540 2883 609 approbare
2931 541 3329 610 primogenitum
3370 564 3476 600 non

223 665 276 697 re
307 643 588 697 eredenda
632 643 702 696 sit
732 642 896 696 fontis
927 642 1091 704 unda,
1124 657 1285 710 quant
1331 641 1455 695 risi.

292 741 343 792 7.
392 738 694 792 Ilelrirlius.
731 755 827 786 -ι
859 735 1010 797 "me,
1041 737 1142 799 ais,
1178 736 1317 801 apud
1354 753 1438 789 ire
1472 749 1627 787 nit-ne
1657 741 1807 794 sunt,

224 841 275 881 rt
313 829 834 896 argumentationes
864 827 1180 896 Sttperﬂit.i-,
1217 841 1266 879 et
1297 827 1598 894 disputatio
1640 823 1812 894 magis

223 925 648 990 .iiriosa.quam
713 937 858 973 \u-ra.
890 919 1140 989 Nunquid
1177 935 1282 972 non
1335 917 1810 989 potuitS'ripttlra

223 1014 404 1064 ili-en-
440 1028 455 1066 :
487 1013 553 1064 lit
585 1015 788 1079 accep?!
841 1029 1056 1065 urerent
1090 1030 1266 1075 suam,
1313 1022 1361 1064 et
1401 1027 1507 1063 non
1557 1009 1655 1073 fuit
1698 1023 1810 1060 ant-

225 1107 360 1172 plius
401 1122 568 1159 ausus
608 1107 911 1174 contingere
941 1123 1057 1159 eam
1091 1105 1246 1176 (ϐιαιο.
1301 1122 1525 1164 xxxviii.
1557 1104 1650 1172 ἐκ)
1681 1121 1696 1156 :
1733 1103 1812 1156 si-

225 1212 314 1252 cut
343 1202 410 1253 de
452 1195 695 1253 Thamar
731 1191 863 1254 ιΙὶλίι
912 1209 961 1255 et
995 1200 1134 1255 Juda
1167 1203 1191 1255 ’ἰ
1225 1203 1329 1254 Ant
1357 1199 1644 1254 defuerunt
1676 1199 1812 1253 Mat-

228 1295 367 1348 ιιι.εο
397 1295 564 1348 verba
605 1295 802 1365 quibus
833 1296 883 1349 id
917 1295 1061 1363 quod
1100 1295 1326 1366 intelligi
1358 1295 1595 1358 volebat,
1627 1302 1813 1364 posset

223 1387 424 1444 effari?
463 1387 590 1443 Non
621 1391 882 1461 cognorit,
915 1390 1110 1459 inquit,
1163 1407 1280 1444 eam
1320 1389 1482 1443 donec
1510 1389 1708 1458 peperit
1747 1388 1815 1456 ﬁ-

225 1483 350 1536 lium
403 1483 622 1549 (Matth.
661 1498 698 1545 ι.
739 1482 854 1550 25).
901 1482 1032 1538 Post
1081 1495 1294 1549 partum
1345 1500 1477 1554 ergo
1529 1483 1810 1551 cognorit.

222 1581 378 1642 cujus
431 1575 806 1645 cngnitionem
839 1576 905 1630 ad
955 1586 1165 1645 partum
1202 1591 1375 1646 usque
1425 1575 1736 1632 distulerat.
1789 1596 1806 1630 ι

290 1665 346 1719 8.
399 1664 950 1735 Hieronymus.—Si
1001 1676 1108 1719 tam
1157 1667 1536 1721 conte-otiosus
1582 1683 1661 1730 es,
1700 1667 1812 1736 jam

225 1771 368 1807 nunc
396 1765 490 1808 tua
526 1766 715 1811 mente
740 1757 1111 1825 snperaberis.
1138 1754 1273 1809 Nolo
1305 1756 1439 1811 mihi
1472 1758 1690 1826 aliquod
1726 1758 1812 1812 in-

227 1860 306 1903 te:-
337 1859 562 1918 partum
588 1859 644 1903 et
675 1850 881 1905 coitum
919 1860 1135 1920 tempus
1167 1851 1482 1906 interseras.
1529 1849 1814 1923 214Νοο

226 1943 276 1995 le)
324 1945 482 1997 dicas

228 2037 557 2100 masculum,
591 2039 868 2091 immunda
898 2042 998 2091 erit
1047 2048 1240 2106 septem
1291 2039 1497 2103 diebus,
1529 2042 1817 2094 secundum

226 2131 334 2181 dies
367 2130 684 2182 secessionis
715 2138 764 2183 et
802 2133 1134 2200 purgationis
1163 2149 1274 2187 sure
1302 2133 1634 2187 immundata
1671 2135 1768 2186 erit
1799 2149 1817 2187 :

228 2229 275 2272 et
321 2231 512 2274 actaeo
549 2221 636 2274 die
683 2222 1019 2276 circumcidet
1053 2240 1261 2277 carnem
1313 2226 1558 2293 ριίιοριιιὶε
1606 2224 1739 2293 ejus,
1770 2236 1818 2278 et

229 2315 451 2384 triginta
499 2315 672 2369 tribus
708 2315 890 2369 diebus
942 2315 1138 2370 sedebit
1189 2317 1244 2369 in
1279 2320 1540 2385 sanguine
1586 2334 1738 2385 puro,
1770 2328 1819 2371 et

228 2422 378 2460 omne
415 2417 664 2458 sanetum
719 2423 820 2460 non
860 2416 1057 2477 tanget,
1113 2416 1170 2460 et
1212 2409 1422 2480 reliqua
1472 2408 1660 2470 (Levii.
1717 2429 1816 2473 ιιι.

227 2499 282 2562 Ξ,
316 2499 398 2567 5).
431 2498 633 2554 Statim
686 2516 806 2554 eam
841 2501 1063 2556 invadat
1108 2501 1309 2572 Josepb
1342 2522 1356 2558 :
1392 2509 1581 2562 statim
1633 2510 1819 2564 audiat

232 2610 328 2662 per
366 2592 664 2647 leremiam
706 2593 890 2664 τετμιὶ
929 2598 1250 2652 insanientes
1299 2600 1354 2651 in
1404 2600 1630 2668 ferttittas
1685 2601 1821 2669 facti

230 2698 351 2740 sunt
385 2687 542 2751 mihi,
590 2690 946 2760 unusquisque
978 2689 1046 2742 ad
1085 2705 1301 2745 uxorem
1335 2693 1566 2759 proximi
1595 2695 1676 2746 sui
1702 2697 1820 2747 hin-

231 2783 406 2834 niebat
455 2781 674 2851 (Jerem.
712 2798 763 2846 ι’,
794 2782 873 2850 8).
910 2782 1125 2853 Alioqui
1174 2785 1450 2854 quomodo
1493 2796 1639 2841 stare
1670 2799 1820 2858 pote-

234 2879 325 2940 rit,
361 2879 480 2932 Non
510 2879 750 2946 cognorit
781 2895 918 2942 eam,
947 2879 1106 2932 danec
1133 2881 1329 2948 peperit
1357 2879 1528 2948 ﬁlium
1577 2896 1596 2934 :
1628 2882 1672 2935 si
1701 2893 1823 2950 po~t

235 2975 577 3042 purgatimiis
605 2983 820 3038 tempus
852 2981 1137 3042 exspectat
1166 2990 1180 3026 :
1219 2973 1263 3027 si
1293 2973 1657 3042 quadraginta
1691 2989 1817 3026 rur-

232 3081 353 3120 sum
381 3065 583 3120 dielms
617 3075 768 3119 tanto
800 3075 1052 3135 tempore
1097 3065 1264 3120 dilata
1318 3066 1485 3120 libido
1532 3066 1824 3122 differtur?

238 3158 521 3211 l’olluatut‘
568 3174 768 3213 cruore
845 3174 1109 3228 puerpera
1176 3174 1192 3214 :
1247 3160 1573 3215 obstetrices
1647 3161 1826 3216 susci-

237 3250 391 3320 piant
416 3251 707 3320 parrnlum
751 3253 1098 3321 vagientem:
1137 3253 1366 3306 maritus
1409 3252 1609 3308 lassam
1642 3263 1824 3307 teneat

239 3359 468 3396 morem
493 3346 534 3395 ‘.
559 3343 654 3397 Sic
677 3342 942 3413 incipiant
960 3349 1183 3414 nuptias,
1207 3362 1275 3399 ne
1304 3345 1648 3416 Erangelista
1672 3361 1825 3400 men-

239 3437 370 3489 titus
398 3441 495 3489 sit.
532 3436 636 3489 Sed
663 3437 828 3499 absit,
868 3446 927 3489 ut
959 3436 1061 3492 hoc
1109 3437 1179 3492 de
1213 3447 1386 3492 matre
1424 3438 1723 3492 Salvatoris
1770 3447 1824 3492 et

238 3532 356 3581 viro
398 3528 553 3597 justo
601 3528 673 3582 sit
723 3530 1130 3584 testimandttm.
1190 3529 1345 3585 Nulla
1397 3529 1470 3584 ibi
1508 3533 1822 3588 obstetrix:

241 3621 392 3674 nulla
454 3620 906 3674 muliercularum
966 3621 1232 3676 sedulitas
1299 3621 1630 3676 intercessit.
1706 3621 1824 3693 Ipsa

241 3712 440 3780 pannis
471 3712 703 3766 involvit
734 3713 1018 3776 infantem,
1039 3713 1152 3783 ipsa
1189 3723 1245 3767 et
1278 3723 1450 3767 mater
1478 3724 1532 3768 et
1558 3714 1825 3768 obstetrix

244 3808 368 3869 fuit,
389 3810 461 3861 Et
492 3806 769 3860 collocarit
798 3821 938 3869 eum,
963 3806 1165 3874 inquit,
1194 3807 1248 3859 in
1278 3808 1553 3874 pra'sepia.
1574 3810 1697 3877 quia
1724 3825 1827 3862 non

242 3911 357 3955 erat
389 3904 435 3954 ei
468 3900 616 3952 locus
649 3898 704 3950 in
731 3899 1017 3952 dirersorio
1050 3898 1202 3968 (Luc.
1232 3913 1293 3962 Il,
1329 3899 1404 3968 7).
1438 3899 1570 3964 Qua:
1602 3911 1826 3956 senten-

244 3996 317 4047 tia
350 4003 406 4047 et
440 3993 884 4062 apocrypborum
918 3991 1279 4045 deliramenta
1315 3994 1335 4023 '
1369 3993 1666 4055 convincit,
1699 3995 1825 4046 dum

242 4087 411 4140 Maria
444 4087 563 4154 ipsa
601 4086 795 4155 pannis
843 4085 1071 4139 involvit
1116 4084 1384 4138 infantem
1424 4101 1440 4149 ;
1482 4094 1540 4140 et
1593 4085 1823 4140 Helvidii

240 4181 450 4248 expleri
481 4194 591 4233 non
627 4180 832 4249 patitur
859 4179 1216 4250 voluptatem,
1246 4179 1374 4232 dum
1414 4179 1468 4233 in
1515 4178 1826 4235 diversorio

245 4276 398 4328 lo-us
430 4286 545 4326 non
579 4270 682 4325 iuit
712 4270 1046 4340 nuptiarum.

312 4367 366 4420 9.
398 4365 698 4419 llelridius.
721 4392 790 4405 -
821 4363 1018 4418 Verum
1041 4363 1168 4434 quia
1199 4365 1316 4434 jam
1349 4365 1485 4421 satis
1501 4365 1828 4426 abundeque

246 4462 646 4531 respondimus
689 4460 755 4514 ad
801 4458 854 4512 id
906 4459 1054 4529 quod
1102 4471 1484 4530 preposnerat,
1535 4459 1828 4528 Antequam

251 4558 614 4618 convenirent,
649 4562 726 4620 et,
761 4551 884 4607 Non
913 4554 1152 4621 cognovit
1186 4570 1325 4619 eam,
1349 4554 1513 4608 donec
1546 4555 1742 4623 peperit
1765 4555 1830 4623 ﬁ-

1914 653 2074 706 passe
2110 638 2238 702 diei,
2291 636 2392 690 nisi
2441 651 2563 688 eum
2616 635 2707 704 qui
2744 634 2944 690 habent
2993 643 3044 690 et
3079 638 3270 689 l'r-a'rm~
3299 656 3311 690 :
3342 640 3477 691 sinit

1914 731 2229 801 imigcnitus
2277 731 2362 785 ille
2411 739 2657 791 Vocatur,
2709 728 2800 798 qui
2851 729 3169 799 parentibus
3217 733 3362 785 SitltlS
3414 735 3480 786 sit

1913 823 2077 878 ﬁlius.

1991 910 2073 970 10.
2122 915 2495 986 Hieronymus.
2528 914 2730 969 -—Nos
2784 926 2965 970 autem
3020 915 3096 970 ita
3147 915 3482 972 deﬁnimus:

1912 1011 2106 1066 Omnis
2167 1001 2482 1078 unigenitus
2525 1021 2609 1064 est
2652 1008 3093 1079 primogenitum:
3144 1023 3250 1063 non
3308 1014 3486 1063 omnis

1915 1103 2306 1175 p'ilttt‘rgeuilns
2335 1112 2417 1157 est
2449 1106 2783 1173 ttnigenittts.
2821 1102 3219 1173 Primogenittts
3245 1114 3352 1166 est,
3381 1123 3485 1180 non

1916 1207 2126 1251 tantum
2179 1209 2302 1268 post
2337 1214 2496 1268 quem
2531 1210 2583 1252 et
2628 1199 2716 1252 alii
2751 1215 2766 1250 :
2797 1198 2893 1252 sed
2923 1208 3049 1251 ante
3075 1213 3235 1266 quem
3283 1199 3487 1252 nullus.

1919 1293 2106 1357 Omne,
2141 1291 2302 1363 215
2337 1292 2511 1361 inquit
2542 1291 2804 1346 Dominus
2833 1291 2898 1345 ad
2923 1291 3124 1353 Aaroii,
3156 1293 3293 1361 quod
3324 1308 3391 1355 ap
3425 1295 3489 1341 r't

1915 1382 2144 1446 vulvam,
2176 1385 2241 1436 ab
2265 1383 2408 1436 omni
2438 1398 2598 1437 carne
2626 1398 2741 1452 qua!
2771 1382 2993 1452 offertur
3021 1379 3270 1446 Domino,
3302 1382 3365 1434 ab
3398 1384 3491 1432 Ιιυ.

1917 1480 2057 1532 mine
2105 1493 2266 1541 usque
2296 1479 2361 1531 ad
2393 1493 2564 1548 pecus.
2615 1477 2708 1530 tibi
2743 1484 2892 1530 erunt
2924 1490 2943 1528 :
2978 1477 3342 1528 tantummodo
3370 1492 3492 1539 pre-

1918 1571 2005 1625 tiis
2051 1571 2312 1624 redimant
2357 1570 2707 1637 primogenita
2740 1570 3033 1633 hominum,
3065 1577 3112 1622 et
3147 1568 3493 1636 primogenita

1917 1680 2164 1735 pecorum
2216 1665 2612 1717 immundorum
2650 1663 2670 1694 ³
2726 1663 2920 1722 (Exod.
2989 1676 3176 1722 χχχιιι,
3215 1657 3302 1722 l9,
3356 1657 3426 1712 ’ΞΟ
3481 1675 3494 1720 ;

1922 1755 2086 1812 Nunt.
2124 1774 2275 1818 xvm,
2326 1757 2434 1819 15).
2477 1757 2726 1810 Βυιὶιιίνίι
2761 1771 2940 1810 sermo
2976 1754 3094 1819 Dei,
3124 1754 3251 1824 quid
3285 1753 3352 1807 sit
3387 1769 3444 1821 pr
3473 1782 3496 1793 ο

1918 1855 2279 1926 mogenitum,
2347 1852 2532 1916 Omne,
2597 1851 2793 1922 inquit,
2851 1851 2988 1919 quod
3048 1848 3217 1918 aperit
3265 1847 3496 1902 vulvam.

544 1961 560 1998 :
618 1943 808 1999 Mulier
875 1963 1194 2016 qmreunque
1248 1949 1477 2013 concepit
1530 1962 1579 2002 et
1624 1951 1819 2015 peperit
1851 1941 2140 2018 BAlioqui
2173 1948 2215 2001 si
2251 1962 2356 2000 non
2413 1957 2494 1999 est
2547 1945 2963 2014 printogcnitns,
3015 1942 3119 1995 nisi
3169 1941 3213 1994 is
3265 1948 3496 2000 tantum.

1921 2055 2084 2110 quem
2139 2048 2446 2109 sequuntur
2485 2039 2701 2100 fratres,
2737 2036 2924 2089 taniliu
2982 2033 3362 2090 sacerdotdtus
3396 2036 3500 2099 pri-

1924 2134 2196 2204 mogenita
2250 2147 2356 2185 non
2408 2131 2698 2196 debentur,
2732 2129 2972 2199 quandiu
3040 2136 3096 2182 et
3143 2127 3247 2181 alia
3301 2127 3500 2181 iuerint

1923 2236 2207 2297 procreata
2249 2242 2263 2289 ;
2305 2241 2370 2280 ne
2408 2225 2547 2279 forte
2601 2233 2757 2294 partu
2813 2231 2999 2292 postea
3061 2237 3167 2275 non
3216 2233 3501 2290 sequente,

1923 2321 2242 2391 unigenitus
2289 2320 2382 2386 sit,
2433 2327 2489 2372 et
2539 2333 2647 2372 non
2699 2316 3122 2387 pritnogenitus.
3177 2312 3500 2383 Redemp'ia,

1924 2417 2126 2485 inquit,
2171 2413 2283 2482 ejus
2334 2412 2436 2467 erit
2469 2412 2534 2464 ab
2581 2427 2684 2465 uno
2719 2426 2914 2474 mense,
2953 2409 3234 2464 (estimatio
3277 2409 3502 2478 quinque

1924 2508 2175 2563 siclorum
2207 2505 2249 2563 δ.
2286 2504 2477 2572 Siclus,
2521 2506 2805 2560 secundum
2841 2503 3034 2559 sidunt
3076 2503 3392 2564 sanctuarii,
3427 2505 3500 2553 vi.

1923 2601 2056 2668 ginti
2107 2599 2248 2654 oboli
2293 2609 2434 2653 sunt.
2482 2596 2870 2652 Tantummodo
2909 2596 3264 2666 primogenita
3314 2594 3503 2649 vitula-

1925 2710 2064 2756 rum,
2117 2703 2163 2746 et
2198 2692 2552 2762 primogenita
2600 2692 2796 2752 ovium,
2845 2699 2892 2742 et
2929 2689 3281 2758 primogenita
3313 2703 3505 2757 Capru-

1925 2800 2044 2836 rum
2085 2800 2189 2838 non
2216 2784 2459 2849 redimes,
2491 2784 2615 2855 quia
2645 2793 2829 2838 saneta
2854 2791 2976 2836 sunt
3014 2780 3208 2853 (Num.
3237 2797 3387 2844 xt'tu,
3421 2782 3502 2843 lii,

1929 2874 2034 2944 Π).
2089 2875 2246 2944 Cogit
2293 2890 2381 2930 me
2430 2891 2613 2930 sermo
2673 2875 2788 2937 Dei,
2833 2884 2890 2929 ut
2939 2889 3100 2930 omne
3150 2878 3292 2943 quod
3329 2877 3505 2945 aper't

1927 2968 2165 3032 vulvam,
2194 2970 2237 3021 si
2271 2967 2339 3022 de
2370 2968 2590 3022 mundis
2621 2967 2948 3022 animalibus
2972 2968 3065 3032 sit,
3096 2967 3209 3023 Deo
3236 2983 3457 3021 voveam
3491 2987 3503 3028 ;

1925 3062 1969 3116 si
2001 3061 2069 3116 de
2100 3060 2417 3123 immundis,
2439 3060 2729 3125 redimam,
2784 3059 2922 3115 dans
2950 3061 3182 3130 pretium
3209 3061 3503 3115 sacerdne..

1927 3156 2152 3210 Possum
2201 3154 2562 3225 respondere.
2597 3163 2654 3209 et
2701 3154 2912 3221 dicere,
2947 3154 3088 3220 Quid
3137 3169 3223 3209 me
3258 3155 3309 3208 in
3344 3156 3508 3207 llnltH

1928 3247 2134 3301 mensis
2166 3246 2391 3316 stringis
2435 3246 2712 3302 articulo?
2737 3246 2879 3312 Quid
2932 3246 3357 3315 primogenitum
3409 3263 3503 3296 νυ.

1929 3355 2042 3400 cas.
2079 3354 2242 3408 quem
2278 3354 2345 3392 an
2375 3338 2572 3392 fratres
2599 3347 2920 3408 sequantur,
2954 3338 3143 3409 ignoro
3171 3339 3194 3392 ἲ
3243 3338 3506 3408 Exsperta

1928 3434 2103 3487 donec
2149 3442 2407 3487 nascatur
2454 3431 2752 3487 secundus.
2787 3429 2933 3485 Nihil
2984 3432 3159 3488 debeo
3209 3434 3506 3492 saecrdmi.

1930 3527 2032 3580 nisi
2063 3537 2118 3580 et
2145 3527 2235 3580 ille
2270 3525 2434 3579 fuerit
2468 3535 2814 3594 procreatus,
2850 3540 2947 3594 per
2996 3541 3158 3595 quem
3185 3524 3232 3580 is
3261 3527 3352 3596 qui
3383 3542 3508 3581 ante.

1931 3633 2093 3675 natus
2127 3628 2232 3683 est,
2267 3619 2496 3689 incipiat
2522 3633 2647 3674 esse
2691 3619 3106 3689 primogenitus.
3142 3617 3337 3676 Nonne
3373 3624 3506 3676 mihi

1931 3715 2032 3783 ipsi
2067 3714 2249 3782 apices
2282 3713 2598 3782 loquentur,
2624 3721 2686 3767 et
2734 3729 2820 3768 me
2867 3716 3117 3772 stultitire
3161 3717 3507 3787 redarguerit.

1932 3822 2058 3861 cum
2101 3820 2222 3860 esse
2256 3806 2463 3860 dictum
2505 3807 2954 3878 primogenitum,
3011 3809 3102 3878 qui
3133 3808 3342 3878 aperiat
3393 3816 3510 3862 νιιΙ·

1936 3916 2073 3963 ram,
2105 3915 2214 3953 non
2243 3901 2336 3970 qui
2371 3899 2570 3956 habeat
2597 3910 2650 3956 et
2685 3899 2877 3956 fratres
2908 3903 2930 3957 ?
2959 3901 3204 3971 Denique
3235 3903 3509 3973 interrogo

1933 3995 1998 4048 de
2028 3993 2262 4054 Joanne,
2315 4007 2476 4062 qurtn
2511 4001 2724 4048 constat
2765 4009 2886 4049 esse
2938 3994 3302 4063 unigenitum,
3334 4012 3401 4050 an
3454 4008 3510 4051 ct

1934 4088 2333 4158 primogenitus
2383 4088 2549 4142 fuerit
2580 4088 2603 4142 ?
2635 4087 2901 4143 Utrumne
2937 4098 2993 4142 et
3031 4089 3146 4158 ipse
3201 4088 3504 4143 secundum

1932 4185 2125 4250 legem,
2183 4197 2284 4249 pro
2317 4190 2432 4235 toto
2469 4182 2518 4236 ei
2560 4180 2658 4251 legi
2708 4178 2874 4234 fuerit
2921 4181 3250 4236 obnoxius?
3296 4183 3508 4251 Ainbigi

1932 4291 2038 4328 non
2075 4283 2272 4342 potest.
2299 4275 2460 4329 Certe
2490 4274 2558 4329 de
2590 4275 2873 4329 Salvatore
2907 4276 3191 4342 Scriptura
3221 4277 3299 4332 sic
3331 4277 3512 4348 loqui-

1933 4382 2020 4423 tur
2055 4387 2066 4423 :
2099 4368 2224 4423 Cum
2255 4368 2445 4434 expleti
2477 4378 2647 4421 essent
2678 4368 2790 4422 dies
2821 4370 3154 4438 purgationis
3197 4387 3400 4434 eorum,
3426 4388 3509 4425 se-

1932 4463 2164 4516 cundum
2205 4463 2367 4532 legem
2412 4461 2604 4532 Moysi,
2635 4463 2898 4516 dua-erunt
2939 4480 3055 4517 eum
3105 4466 3154 4518 in
3188 4464 3510 4532 Jerusalem,

1934 4566 1990 4610 ut
2022 4556 2270 4624 o/ferrent
2293 4571 2408 4609 cum
2441 4554 2666 4610 Domino
2696 4571 2714 4609 ε
2742 4557 2875 4609 sicut
2915 4557 3167 4623 scriptum
3193 4569 3268 4612 est
3314 4560 3367 4613 in
3403 4560 3514 4632 lege

250 4653 402 4715 lium,
434 4648 504 4703 ad
559 4646 775 4703 tertiam
825 4645 1157 4700 veniendum
1210 4655 1298 4701 est
1345 4649 1718 4717 quaestionem,
1772 4656 1829 4700 ut
1865 4635 1906 4690 ί)
1939 4650 2201 4703 Domini:
2234 4648 2370 4713 Quia
2419 4664 2571 4701 omne
2622 4650 2970 4703 masculinum
3027 4650 3342 4718 adaperiens
3399 4656 3513 4708 eut-

250 4746 402 4811 juxta
437 4741 832 4811 disputationis
855 4740 975 4810 ejus
1005 4739 1277 4805 ordinem,
1308 4742 1475 4796 etiam
1508 4752 1712 4797 nostra:
1747 4757 1832 4795 re-

252 4833 574 4903 ενοιιιξοιιὶς
609 4833 745 4886 ordo
772 4831 1052 4901 procedat.
1084 4829 1211 4886 Vult
1236 4833 1384 4886 enim
1417 4833 1556 4888 alios
1607 4847 1829 4903 quoque

253 4931 388 4982 tilios
417 4926 652 4981 Mariam
684 4939 1003 4993 procreasse
1033 4941 1050 4992 ;
1084 4933 1141 4979 et
1179 4941 1245 4981 ex
1273 4941 1340 4980 eo
1385 4926 1531 4996 quod
1560 4927 1829 4995 scriptum

254 5037 331 5078 cst
366 5019 666 5076 :Aseendit
703 5027 877 5072 autem
900 5016 1091 5087 Ioseph
1124 5018 1177 5071 in
1223 5019 1494 5072 civitatem
1529 5017 1724 5076 David.
1774 5027 1829 5071 ut

255 5116 593 5183 proﬁteretur
624 5128 744 5165 cum
780 5111 962 5165 Maria
1005 5127 1172 5166 uxore
1195 5127 1292 5165 sua
1321 5128 1577 5182 pra'gnan
1594 5123 1664 5165 te.
1714 5109 1831 5164 Fa-

254 5218 388 5260 ctum
417 5216 496 5258 est
522 5216 698 5258 autem
731 5219 848 5256 cum
885 5204 956 5257 ibi
990 5213 1180 5268 essent,
1218 5203 1416 5272 impleti
1446 5213 1568 5257 sunt
1602 5206 1734 5267 dies,
1775 5212 1830 5256 ut

256 5309 484 5365 pareret,
517 5306 569 5351 et
603 5297 800 5366 peperit
832 5297 1005 5366 ﬁlium
1050 5314 1205 5350 suum
1236 5297 1642 5368 primogenitum
1671 5295 1826 5364 (Luc.

329 5497 345 5527 ⁸
376 5495 524 5549 Idem
591 5492 940 5556 Veronensis,
992 5490 1258 5547 0b..tetrir
1292 5494 1566 5561 paruulum
1619 5494 1831 5562 vagien-

259 5577 378 5630 tem,
413 5567 642 5620 maritus
677 5564 855 5617 laxam
888 5575 1060 5618 teneat
1098 5579 1334 5617 uxorem.

325 5706 346 5736 '
382 5700 462 5756 Bc
513 5710 698 5772 autem
745 5713 872 5754 vera
905 5700 954 5752 in
991 5700 1218 5754 Decreto
1260 5698 1639 5772 Gelasii‘inter
1686 5702 1830 5772 Apa-

263 5775 457 5843 crypba
489 5771 737 5843 rejicitur
759 5772 1052 5840 singularis
1078 5771 1208 5824 liber
1236 5773 1301 5822 de
1433 5770 1614 5843 Maria
1643 5784 1691 5828 et
1737 5770 1831 5828 ob-

262 5841 485 5913 stétrice,
528 5841 873 5913 cujusetiam
905 5843 1108 5913 mentio
1134 5853 1214 5894 θμι
1247 5841 1496 5913 infroto
1534 5841 1828 5913 Erangelia

264 5912 443 5970 Jacobi
483 5928 534 5969 ε.
564 5913 650 5965 19.
685 5910 804 5964 Mos
839 5927 936 5978 pro
959 5912 1274 5975 valutrtatem
1307 5911 1642 5969 Veronensis
1665 5910 1824 5983 liber,

592 6007 862 6068 Ριιτιιοιι.
929 6009 978 6068 Χ
996 6009 1040 6069 Χ
1057 6009 1101 6068 ll
1116 6009 1157 6070 ῐ.

1937 4758 2074 4804 ram,
2100 4750 2341 4793 sanctum
2369 4739 2590 4793 Domino
2616 4741 2906 4807 poeabitur,
2934 4750 2983 4794 et
3014 4751 3070 4795 ut
3094 4742 3279 4797 durent
3307 4744 3510 4799 hostias

1935 4835 2220 4887 secundum
2260 4833 2396 4904 quod
2422 4833 2617 4886 dictum
2653 4843 2726 4887 est
2759 4834 2812 4886 in
2853 4832 2961 4903 lege
3010 4834 3241 4903 Domini,
3271 4854 3371 4906 par
3399 4849 3511 4894 tur-

1937 4940 2135 4989 turum.
2178 4937 2270 4980 aut
2322 4927 2452 4982 duos
2510 4926 2684 4995 pullos
2737 4925 3104 4982 columbarum
3137 4929 3292 4998 (Luc.
3331 4947 3386 4991 ιι,
3438 4932 3510 4986 22

1937 5038 2074 5090 seqq.
2101 5021 2140 5089 ).
2181 5019 2234 5072 Si
2275 5021 2384 5074 inec
2432 5019 2514 5072 lex
2550 5028 2756 5073 tantum
2787 5019 2854 5072 ad
2897 5021 3294 5094 primogenitos
3341 5024 3508 5094 perti-

1937 5124 2049 5173 net,
2097 5112 2520 5183 pr'mogenitum
2557 5119 2739 5166 autem
2771 5123 3067 5180 sequentes
3121 5115 3346 5177 faciunt.
3395 5132 3505 5171 non

1937 5206 2126 5260 debuit
2161 5206 2278 5274 lege
2311 5204 2659 5273 primogeniti
2695 5205 2892 5265 teneri,
2926 5206 3017 5274 qui
3051 5206 3116 5259 de
3151 5209 3455 5275 sequentibz
3480 5225 3509 5264 δ

1937 5299 2239 5369 ignorabat.
2265 5299 2366 5353 Sed
2395 5300 2517 5367 quia
2559 5307 2774 5354 tenetur
2801 5300 2916 5369 lege
2950 5302 3505 5372 prinuigeniti,etiam

1936 5505 1991 5547 et
2027 5494 2284 5545 Erasmus
2322 5506 2540 5562 quoque
2570 5491 2895 5546 voluntatem
2932 5508 2948 5543 :
2987 5493 3081 5547 sed
3126 5494 3375 5564 impressi
3412 5498 3504 5551 alii

1936 5564 2062 5616 libri
2085 5566 2400 5631 voluptatem
2437 5563 2656 5618 habent.

2005 5636 2024 5665 ⁸
2064 5634 2393 5688 Veronensis
2429 5634 2548 5690 lib..
2593 5649 2637 5686 ei
2663 5637 3012 5705 primogenita
3084 5638 3501 5692 immundorum.

1934 5706 2152 5772 Absque
2184 5720 2446 5772 pecorum.

2008 5778 2027 5807 ⁸
2064 5777 2228 5838 Ideni,
2268 5778 2492 5844 quinque
2534 5776 2670 5832 s-‘r'i,
2722 5787 2768 5825 et
2805 5778 3088 5830 secundum
3147 5779 3331 5834 sielum
3378 5795 3509 5834 san-

1935 5862 2094 5922 ctum.
2132 5847 2297 5900 l’aulo
2329 5849 2491 5907 infra,
2517 5845 2580 5896 ιιι
2613 5862 2761 5897 omne
2799 5850 3148 5902 masculinum
3176 5853 3312 5920 quod
3339 5853 3509 5922 aperit

1937 5921 2163 5973 rulvam.

3109 6021 3144 6076 7
