4218 6452
765 383 870 449 203

1921 390 1980 448 Β.
2017 387 2323 446 EUSEBH
2375 386 2418 444 Il
2437 387 2452 442 1
2471 383 2810 443 ERONYMI

3913 372 4030 433 2-84

770 503 856 552 illo
910 516 1066 567 quem
1126 499 1288 567 213
1357 500 1547 548 l'iatics
1593 495 1772 546 cantari
1824 509 1927 547 nan
1984 507 2287 564 sequuntur
2324 512 2334 546 :
2371 521 2408 572 Α
2445 490 2736 558 Apostolus
2781 490 2830 541 in
2889 488 3076 542 eadem
3133 486 3373 540 historia:
3428 486 3654 540 veritate
3706 482 3822 551 pari
3883 497 4029 534 ναι-ιι

770 593 1040 656 colligitur
1096 608 1219 644 cum
1264 589 1680 658 primogenitum
1731 590 1940 652 vocari,
1991 591 2080 657 qui
2117 591 2329 640 vulvam

773 686 976 749 κροκι-ω
1006 693 1059 736 et
1109 692 1232 735 ante
1284 694 1438 746 quem
1479 679 1664 734 nullus
1713 680 1802 740 sit,
1857 694 1960 732 non
1998 695 2121 731 eum
2171 695 2330 746 quem

773 776 934 827 frater
972 784 1090 842 post
1129 773 1338 842 genitus
1370 770 1755 839 subsequatur.
1791 769 1999 840 Moyses
2047 771 2235 822 scribit
2279 772 2331 821 in

769 865 954 920 i'ltttnlo
990 883 1006 920 :
1038 864 1260 919 ("actum
1290 873 1363 916 est
1396 875 1570 918 autem
1602 865 1741 917 circa
1774 865 2000 916 mediam
2037 872 2218 915 nocte»:
2245 902 2260 928 ,
2287 873 2333 916 et

773 964 1023 1016 Dominus
1097 963 1350 1030 percussit
1407 977 1558 1015 omne
1625 961 2031 1029 primogenitum
2071 962 2132 1012 in
2191 971 2331 1014 terra

769 1055 1006 1128 .Egypti,
1033 1074 1063 1108 a
1097 1059 1442 1126 primogenita
1471 1054 1790 1113 Pharaonis,
1823 1055 1911 1122 qui
1939 1051 2152 1106 sedebat
2179 1067 2336 1119 super

765 1153 1004 1204 thronum
1031 1150 1163 1219 ejus,
1208 1167 1367 1219 usque
1395 1149 1461 1201 ad
1490 1147 1894 1217 primogenitum
1928 1150 2172 1210 captiva',
2218 1159 2333 1213 qua:

763 1255 836 1299 est
869 1245 938 1296 ad
980 1243 1178 1306 lacum,
1203 1255 1248 1297 et
1290 1244 1427 1294 omni
1462 1241 1861 1310 primogenitum
1892 1239 2092 1306 pecoris
2132 1238 2328 1307 (Exod.

770 1352 864 1397 stt.
893 1335 1005 1404 '29).
1052 1335 1338 1404 Responde
1373 1332 1525 1395 milii,
1564 1331 1664 1397 Qui
1719 1340 1847 1384 tunc
1882 1330 1949 1383 ab
1997 1331 2330 1384 extermina-

766 1439 883 1482 tore
931 1431 1142 1482 fuerant
1185 1425 1522 1494 interempti,
1579 1422 1924 1494 primogeniti
1987 1420 2213 1476 luerunt
2266 1437 2331 1473 an

765 1539 816 1578 et
845 1523 1108 1594 nnigeniti
1138 1523 1159 1573 ?
1197 1518 1250 1573 Si
1295 1516 1639 1588 primogeniti
1692 1521 1899 1567 tantum
1934 1513 2013 1567 illi
2045 1523 2332 1575 vocantur,

763 1617 853 1686 qui
894 1616 1088 1670 fratres
1126 1612 1350 1673 habent,
1384 1626 1511 1680 ergo
1557 1609 1622 1662 ab
1678 1607 2057 1662 internecione
2091 1607 2106 1637 ¹
2141 1607 2334 1674 unige-

771 1711 868 1762 niti
903 1707 1114 1763 liberati
1150 1717 1295 1760 sunt.
1333 1703 1387 1756 Si
1420 1712 1602 1756 autem
1637 1711 1694 1756 ut
1728 1699 1988 1772 unigeniti
2026 1699 2147 1755 ςεριί
2184 1708 2332 1762 sunt,

766 1811 953 1856 cmitra
1008 1799 1332 1854 sententiam
1382 1795 1584 1850 factum
1622 1802 1726 1858 est,
1765 1803 1821 1848 ut
1875 1794 2017 1847 inter
2057 1792 2332 1861 primoge-

2443 582 2737 633 roncordat
2776 578 3042 631 :Ascendi
3072 587 3245 629 autem
3290 575 3573 628 secundum
3617 573 4026 631 reretationem,

2441 683 2489 725 et
2533 674 2783 725 neminem
2814 673 2940 734 vidi,
2993 673 3090 725 nisi
3143 666 3357 720 Petrum
3391 675 3437 720 et
3479 664 3738 720 Iacobum
3791 666 4030 734 fratrem

2443 763 2652 816 Domini
2706 761 2905 819 aCalut.
2942 777 2999 821 tt,
3057 761 3133 830 9.).
3177 760 3242 813 Et
3293 771 3509 812 rursum
3563 756 3616 808 in
3669 755 3778 808 alio
3835 755 3958 806 loco
4010 769 4022 801 :

2443 856 2601 925 217
2634 853 2907 920 Numquid
2925 868 3026 905 non
3045 851 3292 905 habemus
3318 860 3624 920 potestatein
3655 846 4030 900 manducandi

2443 959 2490 1001 et
2526 934 2781 1000 bibendi?
2820 944 3090 1013 Numquid
3123 960 3224 997 non
3263 945 3510 996 habemus
3542 950 3854 1011 potestatem
3885 956 4026 991 uxo-

2443 1058 2522 1094 res
2551 1041 2570 1072 ³
2609 1039 3054 1102 circumducendi,
3088 1039 3220 1090 sicut
3249 1047 3294 1088 et
3326 1036 3506 1088 σαπενὶ
3548 1033 3796 1102 apostoli,
3832 1041 3882 1084 et
3913 1032 4030 1100 fra-

2443 1145 2544 1187 tres
2597 1133 2824 1197 Domini,
2880 1143 2926 1186 et
2979 1129 3178 1197 Cephas
3212 1127 3263 1198 tl
3305 1127 3426 1183 Cor.
3477 1143 3550 1191 lx,
3583 1128 3640 1189 Δ.
3681 1125 3783 1196 5)?
3833 1125 3897 1178 Et
3955 1138 4027 1177 ne

2445 1228 2583 1282 forte
2633 1227 2827 1295 aliquis
2861 1221 3172 1279 Iudaeorum
3226 1221 3600 1277 testimonium
3649 1236 3760 1275 non
3818 1216 4025 1273 admit-

2447 1329 2600 1387 teret,
2651 1321 2741 1390 qui
2779 1323 2942 1374 etiam
2980 1321 3201 1372 nomina
3251 1316 3481 1371 fratrum
3515 1315 3658 1369 illius
3694 1314 4024 1374 ediderunt,

2443 1416 2604 1469 simili
2641 1431 2733 1470 eos
2760 1428 3010 1469 asserens
3039 1411 3144 1484 (Al.
3182 1412 3382 1466 asseris
3413 1407 3432 1481 ]
3463 1410 3515 1463 in
3544 1407 3807 1463 fratribus
3827 1422 4027 1461 errore

2443 1512 2722 1578 deceptos,
2785 1521 2892 1576 quo
2944 1525 2962 1557 ι
3009 1505 3062 1559 in
3103 1514 3255 1573 patre
3294 1503 3613 1558 mstimando
3660 1510 3792 1556 sunt
3853 1499 4025 1566 lapsi,

2444 1609 2631 1670 argute
2678 1601 2950 1668 prtecavit,
2990 1606 3044 1652 et
3080 1597 3157 1651 ait
3189 1613 3204 1653 :
3247 1595 3370 1651 Haec
3403 1595 3590 1649 eadem
3648 1592 3916 1648 vocabula
3948 1591 4024 1646 ab

2442 1692 2792 1764 evangelistis
2824 1691 2878 1746 in
2919 1693 3024 1746 alio
3054 1691 3174 1745 loco
3212 1688 3508 1752 nominari,
3539 1695 3593 1742 et
3617 1687 3840 1741 eosdem
3893 1700 4026 1740 esse

2446 1787 2638 1840 fratres
2674 1785 2906 1849 Domini,
2947 1784 3085 1838 filios
3120 1781 3320 1836 Mariae.
3361 1800 3379 1833 ι
3417 1779 3701 1836 Mattbaus
3731 1779 4020 1850 loquitur:

771 1896 916 1948 nitas
943 1903 995 1947 et
1022 1888 1283 1962 unigeniti
1315 1896 1678 1943 morerentur.
1709 1889 1812 1939 Aut
1857 1884 2168 1956 unigenitos
2202 1881 2338 1936 libe-
2369 1881 2410 1936 Β
2444 1877 2607 1931 Erant
2651 1887 2822 1931 autem
2856 1877 2928 1929 ibi
2958 1875 3122 1946 (haud
3172 1875 3400 1930 dubium
3433 1873 3564 1944 quin
3619 1881 3742 1927 ante
3790 1885 4022 1925 crucem

769 1988 917 2040 ratiis
939 2000 966 2038 a
988 1998 1165 2050 paena.
1196 1990 1250 2036 et
1286 1980 1546 2034 ridiculus
1570 1979 1679 2031 eris
1714 1993 1729 2034 :
1778 1985 1870 2030 aut
1903 1975 1946 2028 si
1987 1973 2334 2029 confiteberis

778 2079 1110 2138 interfectos,
1172 2073 1397 2144 ingratis
1469 2070 1857 2134 obtinebimns,
1924 2078 1976 2122 et
2027 2068 2338 2137 unigenitos

773 2167 1160 2238 pratungt‘nitos
1185 2161 1465 2233 appellari.

844 2329 930 2384 ll.
977 2327 1204 2380 Helvidii
1235 2325 1423 2377 ultima
1457 2322 1768 2391 propositio.
1811 2350 1878 2362 -
1902 2321 2159 2376 Extrema
2215 2336 2339 2390 pro-

775 2425 970 2494 positio
1001 2422 1094 2474 fuit
1123 2419 1272 2487 (licet
1319 2417 1373 2472 id
1416 2416 1595 2487 ipsum
1625 2417 1679 2470 in
1711 2415 2072 2485 primogenito
2108 2414 2340 2469 voluerit

765 2514 1049 2570 ostendere
1088 2512 1103 2578 )
1131 2551 1144 2574 ,
1164 2510 1360 2565 fratres
1389 2508 1598 2564 Domini
1628 2507 1684 2562 in
1712 2507 2018 2578 Evangeliis
2047 2506 2338 2568 nominari,

771 2618 828 2662 tit
866 2606 938 2661 ibi
975 2623 989 2658 :
1022 2603 1156 2657 Ecce
1181 2616 1349 2655 mater
1371 2601 1482 2670 ejus
1511 2609 1559 2654 et
1589 2602 1781 2670 fratres
1802 2600 1914 2665 ejus
1937 2599 2149 2651 stabant
2180 2597 2336 2665 foris,

768 2708 1056 2771 qua-rentes
1107 2697 1248 2765 loqui
1285 2711 1400 2747 cum
1453 2710 1510 2747 eo
1545 2691 1693 2760 (Luc.
1745 2706 1860 2753 \‘lll,
1893 2690 2026 2759 ‘20).
2063 2690 2129 2745 Et
2160 2690 2286 2744 alibi
2323 2701 2338 2743 :

767 2795 893 2848 Post
920 2793 1031 2847 hac
1056 2788 1318 2844 descendit
1355 2787 1757 2856 Capharnaum,
1789 2789 1898 2856 ipse
1924 2796 1970 2839 et
2003 2796 2169 2839 mater
2200 2786 2334 2852 ejus,

761 2899 809 2941 et
843 2887 1036 2958 fratres
1074 2883 1189 2951 ejus
1229 2881 1410 2950 (Ioan.
1453 2895 1512 2939 tt,
1548 2880 1658 2945 12).
1700 2879 1763 2932 Ει
1795 2879 1867 2933 ibi
1909 2896 1924 2934 :
1967 2879 2223 2932 Dixerunt
2251 2894 2334 2928 er-

762 2997 824 3045 uo
856 2980 1049 3047 fratres
1077 2977 1186 3043 ejus
1230 2974 1298 3026 ad
1327 2987 1441 3025 eum
1473 2987 1490 3023 :
1525 2968 1715 3024 Transi
1753 2971 1894 3034 hinc,
1929 2980 1974 3022 et
2000 2971 2125 3022 vade
2155 2971 2208 3021 in
2236 2968 2333 3023 Ju-

763 3075 954 3131 da'am,
995 3080 1048 3121 ut
1089 3077 1134 3120 et
1171 3063 1416 3131 discipuli
1449 3063 1524 3114 tui
1555 3061 1770 3115 videant
1796 3077 1951 3124 Opera
1984 3071 2075 3112 tua
2105 3076 2220 3128 qua:
2256 3063 2337 3129 fa-

765 3168 859 3215 cis.
905 3160 1069 3213 Nemo
1123 3158 1257 3210 enim
1299 3155 1502 3224 aliquid
1539 3155 1594 3205 in
1641 3153 1844 3206 occulto
1876 3153 2099 3219 faciens,
2146 3154 2333 3220 quierit

2447 1968 2657 2023 Domini
2720 1968 2759 2036 ⁸)
2789 1981 2834 2023 et
2881 1967 3124 2022 mulieres
3186 1967 3367 2020 multte
3413 1983 3445 2020 a
3494 1967 3642 2036 longe
3691 1972 4019 2032 spectantes.

2442 2078 2556 2130 qua:
2588 2069 2776 2113 secutae
2821 2061 3029 2127 fuerant
3077 2058 3254 2112 Iesum
3289 2075 3320 2110 a
3369 2057 3612 2119 Catilina,
3647 2056 4022 2108 ministrantes

2441 2154 2540 2207 illi.
2580 2152 2727 2208 Inter
2777 2169 2906 2221 quas
2936 2161 3087 2205 erant
3135 2149 3308 2204 Maria
3355 2150 3690 2221 Magdalene.
3742 2159 3789 2202 et
3827 2147 4020 2201 Maria

2440 2247 2646 2310 Jacobi,
2683 2255 2731 2299 et
2760 2245 2950 2313 Ioseph
2981 2257 3171 2308 mater,
3203 2257 3250 2299 et
3281 2255 3448 2297 mater
3491 2245 3724 2311 filiorum
3771 2238 4028 2295 Zebeda’i

2447 2341 2664 2411 (Matth.
2702 2356 2865 2407 ιινιι,
2894 2340 2981 2401 55,
3015 2339 3126 2408 56).
3164 2339 3294 2393 Item
3329 2337 3540 2392 Marcus
3576 2354 3590 2391 :
3629 2335 3796 2390 Erant
3832 2346 4019 2389 autem

2445 2443 2493 2485 et
2546 2431 2841 2484 mulieresa
2891 2429 3038 2499 longe
3089 2429 3421 2495 aspicientes,
3479 2427 3615 2480 inter
3669 2441 3802 2494 quas
3859 2434 4025 2478 erant

2445 2521 2620 2576 Maria
2651 2519 2987 2589 Magdalene,
3019 2531 3067 2573 et
3103 2518 3278 2573 Maria
3318 2517 3508 2572 Jacobi
3550 2517 3793 2577 minoris,
3826 2524 3877 2568 et
3924 2511 4026 2567 Jo-

2443 2614 2566 2681 seph
2599 2626 2786 2678 mater,
2819 2622 2866 2665 et
2902 2610 3116 2667 Salome
3160 2612 3350 2681 (Marc.
3384 2626 3470 2675 xv,
3503 2610 3592 2666 40)
3627 2628 3640 2664 :
3677 2609 3863 2678 ibique
3893 2617 4025 2677 post

2444 2704 2715 2758 modicum
2754 2715 2770 2754 :
2806 2701 2870 2754 Et
2903 2701 3024 2772 alite
3069 2700 3248 2754 multa'
3279 2716 3394 2769 qua:
3428 2700 3768 2752 ascenderant
3796 2714 3916 2749 cum
3964 2713 4027 2750 eo

2442 2799 2491 2848 in
2533 2794 2851 2849 Jerusalem.
2883 2793 3106 2848 Necnon
3134 2803 3189 2847 et
3218 2793 3392 2847 Lucas
3424 2806 3443 2845 :
3477 2790 3644 2844 Erant
3681 2801 3853 2843 autem
3887 2788 4024 2842 Ια-

2445 2889 2522 2939 ria
2557 2885 2871 2956 Magdalene
2909 2899 2956 2937 et
2990 2885 3227 2946 Joanne,
3267 2895 3311 2937 et
3359 2883 3530 2938 Maria
3569 2882 3777 2943 Jacobi,
3823 2892 3874 2935 et
3913 2897 4023 2935 cre-

2447 2989 2569 3032 τίνω
2612 2997 2728 3032 cum
2765 2978 2836 3031 eis
2870 2976 3018 3040 (Luc.
3053 2993 3201 3038 utr,
3241 2977 3350 3045 10).

2516 3071 2603 3124 19..
2646 3070 3020 3139 Hieronymus.
3059 3099 3128 3110 —
3175 3066 3300 3122 Haec
3354 3069 3556 3123 idcirco
3609 3069 4024 3138 replicavimus,

2448 3180 2512 3218 ne
2545 3162 2909 3216 calumnietur
2936 3170 2989 3214 et
3030 3161 3293 3227 clamitet,
3326 3175 3388 3214 ea
3420 3177 3540 3230 qua:
3571 3178 3665 3231 pro
3693 3177 3754 3216 se
3790 3161 4024 3226 faciant,

766 3259 868 3318 ipse
898 3253 950 3302 in
975 3250 1151 3317 palam
1186 3263 1314 3301 esse.
1372 3247 1431 3298 Si
1461 3248 1566 3297 hcec
1601 3244 1756 3312 facis,
1791 3245 2074 3313 manifesta
2109 3244 2335 3310 teipsum
2365 3241 2432 3293 C'

2365 3241 2405 3293 (ἶ
2430 3243 2472 3307 ἀ
2503 3253 2659 3308 nobis
2696 3267 2817 3306 esse
2867 3252 3166 3313 subtracta,
3206 3260 3259 3306 et
3308 3257 3635 3307 sententiam
3690 3270 3873 3318 suam,
3912 3271 4022 3310 non

767 3346 958 3398 mundo
996 3343 1176 3411 (Iuau.
1212 3354 1304 3400 vn,
1337 3339 1390 3401 3,
1414 3337 1490 3404 4).
1524 3336 1732 3391 Joanne
1760 3336 1993 3405 desuper
2021 3337 2293 3390 inferente
2323 3355 2334 3389 :

768 3439 943 3505 Neque
965 3435 1101 3486 enint
1131 3432 1322 3498 fratres
1344 3428 1457 3497 ejus
1487 3441 1606 3480 tunc
1632 3426 1911 3480 credebant
1945 3427 2000 3478 in
2029 3443 2145 3480 eum
2172 3427 2331 3496 (Ibid.

767 3530 839 3596 ti).
883 3527 1009 3581 Item
1056 3523 1267 3576 Marcus
1304 3529 1358 3574 et
1397 3519 1679 3573 Mattlireus
1716 3535 1730 3572 ;
1776 3517 1841 3570 Et
1889 3519 2106 3571 docebat
2150 3535 2235 3572 eos
2284 3520 2338 3572 in

767 3634 1033 3689 synagoga
1053 3631 1230 3667 eorum
1249 3615 1298 3665 in
1317 3612 1494 3680 patria
1513 3627 1634 3674 sua,
1652 3613 1725 3663 ita
1746 3620 1800 3663 ut
1823 3619 2109 3676 stuperent,
2127 3624 2170 3663 et
2196 3611 2338 3663 dice-

773 3720 883 3763 runt
908 3725 923 3761 :
951 3707 1094 3760 Unde
1112 3705 1228 3756 huic
1245 3705 1412 3755 omnis
1431 3703 1541 3754 Ita'c
1563 3703 1820 3772 sapientia
1840 3711 1885 3754 et
1907 3703 2121 3754 virtutes
2145 3704 2172 3757 Ρ
2192 3700 2340 3753 Non-

770 3821 831 3856 ne
856 3804 937 3854 hic
955 3811 1027 3852 est
1053 3798 1188 3862 fabri
1213 3795 1355 3864 ﬁlius
1383 3796 1592 3848 htonne
1612 3802 1779 3846 mater
1796 3793 1907 3859 ejus
1925 3794 2118 3845 dicitur
2141 3791 2337 3856 Maria,

775 3907 820 3949 et
842 3895 1034 3963 fratres
1055 3891 1168 3950 eius
1186 3888 1413 3941 Iacobus
1433 3900 1477 3937 et
1497 3885 1713 3952 Iosrpli,
1735 3895 1782 3938 et
1809 3884 1992 3939 Simon
2015 3894 2061 3938 et
2085 3883 2275 3950 Iudas,
2292 3897 2338 3938 et

774 4003 977 4040 sorores
1003 3985 1115 4051 ejus
1143 3999 1317 4036 omnes
1339 3985 1479 4050 apud
1498 4000 1588 4037 nos
1614 3993 1732 4036 sunt
1751 3982 1966 4053 (Matth.
1991 3999 2105 4046 xm,
2128 3984 2216 4043 54,
2237 3983 2336 4048 55;

783 4080 949 4131 .‘llarc.
989 4093 1060 4136 vn,
1099 4076 1212 4137 1-5)
1255 4074 1277 4125 ?
1309 4072 1481 4126 Lucas
1508 4087 1723 4140 quoque
1756 4072 1807 4124 in
1857 4072 2096 4126 Actibus
2127 4083 2341 4141 aposto-

776 4172 953 4223 lorum
1005 4170 1072 4220 ita
1118 4168 1279 4221 refert
1309 4183 1322 4220 :
1374 4163 1445 4218 lii
1478 4181 1650 4218 omnes
1686 4175 1835 4218 erant
1862 4165 2118 4218 instantes
2144 4165 2339 4217 unani-

781 4279 885 4316 mes
901 4266 919 4294 ¹
937 4264 988 4314 in
1012 4261 1250 4313 oratione
1275 4275 1388 4311 cum
1412 4257 1714 4310 mulieribus
1733 4265 1780 4310 et
1801 4255 1977 4309 Maria
2003 4266 2169 4309 matre
2191 4256 2339 4320 Iesu,

773 4369 818 4407 et
853 4353 1105 4423 fratribus
1162 4351 1325 4420 ipsius
1359 4350 1500 4420 (Act.
1555 4363 1593 4412 ι,
1632 4348 1742 4416 14).
1783 4347 2002 4401 Necnon
2055 4357 2110 4402 et
2147 4346 2343 4402 Paulus

853 4474 866 4498 ⁸
905 4466 1174 4522 Victorius
1232 4465 1650 4528 inter-emptione,
1706 4477 1828 4515 cum
1881 4472 2058 4514 tamen
2109 4463 2342 4515 interne-

777 4542 921 4593 cione
949 4539 1001 4590 in
1033 4537 1150 4590 aliis
1185 4535 1587 4601 exemplaribus
1624 4535 1939 4586 invenisset.
1973 4531 2114 4584 Olim
2148 4533 2341 4586 vitiose

783 4619 900 4662 erat
934 4607 1381 4676 interpretatione.

842 4683 861 4712 θ
900 4671 1080 4732 Colles
1112 4673 1452 4732 Veronensis,
1473 4672 1743 4725 unanimes
1772 4671 2126 4724 oratiouicum
2160 4671 2348 4726 mulie-

779 4754 949 4804 ribus.
985 4758 1035 4799 (ιι
1069 4764 1180 4814 qum
1213 4747 1313 4812 fuit
1344 4748 1514 4814 Mater
1540 4742 1690 4801 Iesu,
1726 4751 1830 4795 etc.

846 4823 865 4851 ³
910 4811 1175 4869 Victorius
1215 4811 1464 4866 mulieres
1489 4813 1612 4881 legit
1645 4826 1739 4878 pro
1795 4825 2002 4870 uxores,
2028 4815 2191 4876 quiet
2225 4811 2343 4864 falsi

781 4894 1097 4958 impressam
1125 4886 1411 4958 lectionem
1446 4883 1955 4958 pltiribiis_a_eetts:tt.
1988 4891 2151 4958 atque
2183 4895 2248 4934 ex
2276 4898 2342 4934 eo

782 4949 1070 5026 ῃτιίιοὶριρ,
1109 4955 1249 5022 quod
1288 4962 1341 5005 et
1371 4949 1657 5026 sietipso
1686 4949 1998 5026 Hieronymi
2039 4965 2201 5026 sensu
2235 4968 2335 5003 vox

778 5019 959 5082 Graeca
992 5019 1136 5093 γυνῆ
1160 5023 1462 5073 emnmunis
1493 5022 1563 5074 sit
1591 5021 1743 5093 uxori
1782 5031 1833 5073 et
1871 5019 2334 5093 tnuiiei‘i‘signili-

781 5088 1162 5155 «tantl.t-.'cvt'tti
1194 5112 1220 5142 ιι
1255 5094 1323 5142 sit
1374 5101 1575 5153 tamen,
1615 5091 1934 5158 Apostulttm
1966 5091 2064 5139 hoc
2097 5088 2217 5140 lot-o
2250 5094 2332 5141 in-

785 5169 1022 5235 telligere
1048 5162 1472 5235 demulzeribus,
1494 5159 1895 5235 qum_a|)ost_t)li_s
1931 5158 2334 5235 ministrabant.

785 5241 838 5290 In
875 5225 1030 5304 cujus
1065 5233 1136 5286 rei
1175 5225 1541 5304 testimonium
1571 5228 1727 5304 aliert
1763 5229 1824 5304 S._
1849 5225 2092 5304 pectoris
2120 5232 2331 5294 exposi-

785 5295 982 5359 tionem
1015 5319 1077 5356 ex
1105 5304 1276 5368 primo
1310 5310 1488 5350 contra
1513 5297 1778 5368 Ioviniau.
1813 5296 1904 5349 lib.
1947 5313 1958 5349 :
1995 5314 2011 5346 ι
2035 5295 2096 5368 Si
2128 5307 2332 5356 autem,

790 5378 986 5445 inquit,
1012 5367 1170 5425 nobis
1197 5369 1328 5445 illud
1357 5371 1671 5445 opposuerit
1701 5367 1778 5445 ad
1802 5367 2160 5445 probandum,
2179 5368 2333 5445 lqund

785 5436 968 5499 omnes
1009 5441 1234 5510 apostoli
1297 5437 1846 5510 ttsoretn__liabueritit
1881 5453 1891 5487 :
1929 5436 2189 5510 numquid
2226 5453 2331 5488 non

789 5505 1055 5570 habemus
1084 5517 1400 5578 potestatem
1440 5507 1712 5578 mulieres,
1760 5507 1840 5558 vel
1873 5519 2068 5558 uxores
2100 5505 2332 5578 cireum-

784 5587 1039 5645 ducendi,
1069 5575 1193 5650 quia
1229 5579 1362 5645 γυνὴ
1398 5579 1536 5643 apud
1571 5577 2104 5650 (irzecosutrumque
2129 5575 2335 5650 signiti-

783 5672 862 5707 tul
906 5671 919 5717 ;
959 5644 1100 5707 sicui
1145 5644 1630 5717 caeteri’apostoli,
1684 5654 1736 5717 cl.
1767 5644 2000 5717 Ceplias,
2038 5656 2091 5696 et
2135 5644 2330 5717 fratres

782 5713 1019 5783 homini,
1067 5724 1255 5789 jungat
1291 5716 1590 5789 illudquod
1635 5725 1688 5767 et
1720 5716 1771 5766 in
1806 5713 2004 5768 Graecis
2048 5713 2329 5766 codicibus

782 5811 898 5850 ρμιε
955 5785 1221 5860 {Numquid
1269 5800 1376 5838 non
1429 5785 1687 5860 habemus
1738 5792 2059 5860 potestatem
2111 5798 2328 5836 sorores

785 5867 1036 5920 mulieres
1079 5851 1163 5917 vel
1195 5871 1391 5912 uxores
1422 5851 1858 5910 circumducendi
1884 5852 1908 5906 3
1936 5851 2006 5904 Ex
2034 5867 2142 5920 quo
2159 5867 2326 5921 appa-

2371 4574 2423 4633 D

2445 3345 2769 3397 testimoniis
2799 3341 3227 3411 Scripturarum,
3260 3345 3355 3398 sed
3405 3345 3612 3398 lubrica
3644 3347 4024 3416 disputatione

2441 3435 2778 3490 convulsam.
2820 3454 2837 3486 ι
2867 3434 3029 3498 Ecce,
3057 3435 3255 3504 inquit,
3293 3438 3528 3491 Iacobus
3561 3447 3615 3490 et
3663 3436 3866 3508 Ioseph
3925 3439 4024 3492 ﬁlii

2446 3528 2643 3590 Marias,
2693 3529 2854 3580 iidem
2886 3528 2906 3559 '
2953 3543 3094 3596 quos
3128 3528 3298 3582 Iudaei
3352 3529 3548 3584 fratres
3579 3531 4020 3599 appellat-erunt.

2446 3622 2584 3675 Ecce
2611 3618 2772 3671 Maria
2803 3617 2987 3672 Jacobi
3018 3619 3242 3673 minoris
3273 3631 3327 3673 et
3370 3618 3569 3674 Iosetis
3606 3630 3798 3676 mater.
3835 3622 4023 3679 Mino-

2448 3713 2521 3764 ris
2554 3720 2731 3762 aulem
2755 3709 2968 3769 Jacobi.
2996 3710 3062 3764 ad
3107 3711 3514 3766 distinctionem
3563 3715 3808 3781 majoris,
3839 3717 4018 3788 218

2445 3802 2538 3872 qui
2565 3811 2680 3855 erat
2708 3801 2849 3855 filius
2884 3800 3155 3864 Zebedazi,
3193 3803 3333 3856 sicut
3382 3813 3438 3856 et
3474 3804 3526 3857 in
3569 3805 3678 3858 alio
3712 3806 3832 3861 loco
3874 3807 4020 3862 Mar-

2445 3910 2538 3948 cus
2567 3894 2714 3962 pouit
2747 3911 2759 3948 :
2798 3892 2976 3946 Maria
3009 3905 3184 3946 autem
3216 3894 3546 3963 Magdalene,
3571 3909 3618 3950 et
3645 3897 3816 3951 Maria
3851 3899 4020 3954 Iaco-

2446 3984 2496 4035 bi
2558 3992 2606 4035 et
2666 3980 2889 4046 Josetis,
2923 3982 3165 4036 viderunt
3197 3986 3286 4037 ubi
3312 3998 3632 4054 poneretur:
3665 3998 3712 4039 et
3743 4001 4022 4046 transacto

2445 4074 2703 4136 Sabbato,
2751 4082 2986 4125 emerunt
3025 4084 3291 4135 aromata,
3333 4087 3378 4128 et
3431 4089 3678 4128 venerunt
3712 4079 3781 4130 ad
3829 4096 4024 4134 monu-

2445 4172 2697 4217 mentum.
2730 4164 2796 4218 Et
2826 4165 3017 4233 utique
3042 4165 3158 4219 ait:
3189 4164 3359 4230 Quam
3394 4167 3656 4220 miserum
3690 4171 3795 4222 erit
3823 4179 3877 4223 et
3910 4170 4021 4224 im-

2447 4257 2592 4326 pium
2628 4257 2694 4310 de
2727 4256 2892 4309 Maria
2947 4256 3049 4310 hoc
3095 4258 3318 4320 sentire,
3359 4266 3418 4311 ut
3461 4273 3585 4312 cum
3620 4259 3737 4313 aliae
3791 4259 4022 4317 femina:

2445 4363 2633 4405 curam
2675 4348 2965 4419 sepulturae
2993 4345 3121 4403 Iesu
3154 4347 3463 4414 habuerint,
3495 4360 3722 4405 matrem
3770 4351 3892 4420 eius
3928 4354 4017 4407 di-

2447 4476 2527 4519 ret
2555 4481 2680 4520 eum
2713 4465 2783 4520 de
2828 4464 2944 4536 aliis
2977 4464 3182 4518 sanctis
3236 4464 3457 4536 dixisse
3491 4465 3833 4536 mulieribus,
3888 4484 4020 4536 qua:

2446 4537 2598 4603 juxta
2630 4550 2832 4588 morem
2870 4533 3183 4596 Iudaicum,
3219 4534 3493 4603 magiStris
3527 4535 3592 4589 de
3631 4553 3725 4589 sua
3755 4533 4018 4590 substan-

2453 4610 2526 4657 tia
2561 4605 2957 4667 ministrabant,
2985 4607 3125 4656 sicut
3150 4605 3378 4670 legimus
3411 4605 3509 4672 ipsi
3533 4621 3747 4672 quoque
3780 4605 4016 4662 Domino

2456 4675 2779 4735 factitatum,
2823 4693 2839 4724 ι
2878 4685 2982 4726 etc.
3034 4673 3106 4725 l-lx
3139 4675 3336 4740 quibus
3377 4684 3556 4727 tatncn
3604 4676 3828 4728 minime
3854 4677 4015 4728 evin-

2453 4745 2596 4798 citur
2628 4744 2869 4794 mulirres
2899 4760 2992 4806 pro
3032 4759 3222 4795 uxores
3256 4744 3450 4809 legisse
3486 4759 3500 4809 ;
3537 4744 3675 4797 bene
3708 4759 3836 4795 vero
3881 4747 4015 4812 quid

2454 4829 2520 4866 eo
2549 4814 2808 4864 vocabulo
2843 4824 2985 4865 auset
3016 4813 3443 4880 intelltgmiduut.
3475 4813 3790 4870 Huiusmodi
3827 4827 4014 4868 autem

2453 4900 2537 4936 res
2567 4896 2669 4937 est.
2706 4899 2811 4934 non
2847 4897 3033 4934 uxores
3069 4893 3298 4943 tantum,
3337 4892 3428 4933 attt
3456 4885 3698 4935 mulieres
3735 4884 3835 4944 legi
3870 4899 3886 4948 ;
3921 4883 4016 4939 sed
4047 4891 4050 4894 ί

2445 4953 2678 5020 iunctim
2719 4955 2797 5005 vel
2834 4953 3102 5004 multarent
3137 4969 3391 5016 sororem,
3429 4965 3484 5004 ut
3512 4969 3562 5005 ιιι
3614 4951 3803 5004 Latino
3841 4957 4016 5007 inter-

2450 5034 2597 5089 prete
2633 5041 2647 5085 ;
2683 5027 2765 5074 vel
2800 5037 3030 5074 sororem
3076 5023 3366 5081 mulierem,
3417 5035 3474 5073 ut
3504 5023 3556 5074 in
3603 5023 3790 5075 Gnaeo
3833 5033 4012 5085 textu,

2445 5093 2681 5157 ἀδελφὴν
2735 5094 2987 5156 γυναῖκα.
3044 5091 3229 5143 Plures
3276 5105 3456 5142 autem
3499 5107 3560 5144 ex
3605 5096 3844 5158 antiquis
3893 5095 4015 5156 plu-

2444 5165 2582 5213 rium
2629 5176 2855 5214 numero
2886 5161 3124 5213 mulieres
3158 5163 3361 5226 legunt.
3392 5160 3762 5213 Tertullianus
3811 5163 3872 5213 de
3903 5161 4014 5214 Mo-

2442 5234 2689 5296 uogamia
2720 5246 2839 5298 cap.
2874 5230 2906 5284 8
2936 5242 2989 5283 et
3020 5233 3084 5282 de
3122 5230 3392 5284 Pudicitia
3430 5230 3512 5294 Η,
3564 5230 3922 5299 Ηιυιυιιγιιιιμ
3955 5234 4010 5283 in

2441 5299 2751 5352 Mattlnemn
2784 5314 2954 5361 xxvtl,
2981 5310 3033 5353 rt
3076 5301 3141 5351 ad
3195 5300 3569 5362 Eustochium,
3623 5300 3850 5367 epistola
3884 5299 3960 5353 22
3996 5316 4009 5362 ;

2441 5370 2859 5434 Ambrosiastcr,
2899 5368 3173 5427 Sedulius.
3217 5373 3440 5436 aliique,
3485 5387 3692 5423 sorores
3736 5373 4008 5422 mulieres.

2439 5440 2539 5517 Qui
2576 5454 2702 5517 tero
2736 5455 2921 5492 uxores
2955 5439 3281 5506 SimpliCllCl‘
3308 5440 3571 5509 legerent,
3602 5441 3864 5493 bat-tenus
3895 5455 4005 5492 non

2438 5525 2769 5561 lilVCllllllIIS.

2507 5579 2528 5608 ⁸
2570 5577 2821 5631 Mendosa
2880 5579 3198 5644 trajectione
3236 5591 3374 5645 erat,
3397 5582 3467 5634 ibi
3497 5591 3544 5635 et
3575 5579 3812 5631 mulieres
3839 5578 4010 5641 (haud

2434 5649 2648 5698 dubiant
2676 5651 2799 5715 quin
2833 5658 2952 5700 ante
2987 5664 3188 5701 crucem
3221 5649 3452 5719 Domini)
3480 5657 3666 5710 multa,
3697 5665 3801 5700 etc.
3841 5648 4010 5703 Veto»-

2435 5719 2620 5768 nensis
2663 5721 2796 5770 liber
2839 5719 3170 5770 emendavit.

2507 5788 2524 5816 ⁸
2576 5787 2772 5840 Vocem
2835 5788 2993 5858 iidem
3044 5803 3109 5842 ex
3165 5787 3462 5845 Vcroncusi
3513 5789 3855 5858 supplemus,
3913 5788 4007 5857 qui

2432 5865 2749 5914 constanter
2773 5857 2910 5913 infra
2941 5855 3207 5928 Iosephtis
3238 5875 3334 5930 pro
3360 5861 3553 5916 Iosetis
3585 5855 3754 5926 legit.
