4218 6454
756 372 866 434 215

1944 387 2003 451 S.
2044 387 2360 450 EUSEBH
2397 393 2839 458 ΠΙΕΠΟΝΥΜΙ

3911 413 4031 478 216

753 487 1050 556 Apostolus
1083 490 1586 556 breviter,Cl.risto
1618 497 1670 550 in
1703 513 1758 553 se
1791 499 2068 569 loquente,
2098 515 2328 560 testatus
2362 515 2403 569 Α
2437 512 2674 571 virgines
2698 517 2844 570 cnim
2886 535 3320 587 permanserunt.
3385 528 3625 584 Observa
3662 531 3791 591 quid
3849 531 4034 602 signi.

760 586 839 602 -..ι
878 595 892 602 -
948 576 1076 602 Ι....-.
1123 588 1332 602 ._-,_,-.
1382 595 1395 602 -
1612 588 1644 602 ι.
1684 591 1696 602 ο
2124 600 2130 602 _

756 586 843 635 est
878 595 893 634 :
939 576 1395 654 Iunupta'cogitat
1448 604 1565 658 qua:
1601 588 1696 643 Dei
1722 601 1870 657 sunt,
1904 600 2162 664 quomodo
2210 602 2326 667 pla-

753 681 868 724 reat
896 669 1003 726 Deo
1031 674 1043 704 '
1088 688 1101 729 :
1137 687 1301 744 nupta
1322 695 1441 734 vero
1458 682 1651 751 cogitat
1678 699 1794 750 que
1816 699 1936 740 sunt
1965 692 2164 744 mundi.
2199 707 2328 756 quo-

751 763 1132 832 mndopluceat
1162 769 1272 823 viro
1315 771 1362 832 (1
1398 770 1521 826 Cor.
1563 789 1659 837 vit,
1701 777 1789 844 54)

751 871 1005 927 campum
1042 858 1416 935 intelligentia:
1482 867 1890 938 tlere‘iuquens.
1925 873 2111 942 Neque
2146 885 2325 930 tamen

748 949 909 1003 alicui
943 955 1324 1033 necessitatem
1380 959 1730 1028 imponitaut
1775 964 2052 1033 laqueum,
2111 970 2206 1023 sed
2272 971 2324 1025 id

748 1041 894 1107 quod
924 1043 1211 1102 honestum
1255 1030 1338 1102 est
1379 1051 1397 1081 ⁸
1459 1053 1687 1121 suadet,
1749 1055 1939 1111 volens
1979 1073 2170 1116 omnes
2206 1078 2326 1117 esse

755 1148 778 1188 ς
805 1143 897 1190 cut
923 1136 1194 1209 scipsum.
1234 1139 1304 1194 Et
1339 1158 1653 1213 quanquam
1711 1151 1776 1202 de
1799 1148 2114 1219 virginitate
2186 1170 2322 1222 pra:-

753 1237 976 1297 teptum
1005 1231 1218 1293 Domini
1245 1251 1351 1290 non
1407 1237 1603 1293 habeat
1641 1257 1655 1294 :
1693 1244 1820 1311 quia
1879 1245 2019 1300 ultra
2074 1247 2324 1304 homines

755 1332 962 1386 ist;et
997 1325 1400 1394 quodammodo
1470 1329 1808 1402 impudentis
1835 1347 1969 1401 erat,
2031 1341 2320 1397 adversum

753 1424 1000 1471 naturam
1032 1434 1245 1488 cogere.
1293 1423 1507 1493 alioque
1557 1428 1721 1484 modo
1781 1429 1984 1497 dicere,
2041 1431 2175 1489 Volo
2226 1453 2322 1492 vos

760 1524 906 1578 cssq,
935 1512 1078 1579 quod
1110 1515 1288 1586 angeli
1339 1528 1469 1572 sunt
1501 1536 1514 1575 :
1546 1522 1689 1577 unde
1741 1531 1794 1578 et
1845 1526 2000 1597 virgo
2051 1531 2276 1599 majoris
2301 1531 2322 1564 ³

748 1612 835 1658 est
873 1607 1161 1674 mercedis,
1192 1610 1318 1664 dum
1355 1610 1405 1666 iil
1433 1617 1755 1681 contemnit,
1804 1620 1944 1688 quod
2005 1622 2050 1676 si
2107 1623 2320 1692 fecerit,

748 1711 856 1748 non
874 1695 1152 1766 delinquit
1183 1717 1198 1767 ;
1229 1703 1587 1762 nihilominus
1619 1709 1672 1763 in
1693 1711 2091 1768 cohmreutibm
2117 1717 2277 1771 infert
2305 1736 2320 1774 :

744 1786 1040 1844 Consilium
1073 1802 1246 1847 autem
1269 1794 1359 1860 do,
1407 1809 1665 1868 tanquam
1696 1803 2118 1860 misericordi/tm
2144 1826 2320 1873 conse-

746 1898 807 1932 ru
837 1898 896 1934 us
926 1899 956 1935 a
991 1882 1231 1950 Domino,
1260 1898 1314 1940 ut
1347 1891 1446 1943 sim
1497 1891 1695 1958 ﬁdelis.
1733 1894 2000 1952 Existimo
2052 1917 2171 1971 ergo
2219 1907 2316 1956 hoc

750 1977 943 2027 bonum
1000 1993 1110 2030 esse
1145 1989 1360 2048 propter
1419 1984 1699 2039 instantem
1743 1991 2125 2062 ntcessitatem,
2188 1999 2314 2065 quia

746 2067 937 2121 (tonum
978 2078 1053 2124 est
1081 2073 1281 2127 homini
1302 2077 1376 2128 sic
1404 2092 1534 2132 esse.
1563 2077 1695 2143 Quae
1731 2091 1813 2136 est
1843 2083 1942 2137 ista
1975 2090 2315 2144 necessitas?

760 2157 844 2212 i'tc
874 2166 1274 2232 pra'guanttbus
1297 2177 1344 2222 et
1374 2171 1727 2228 nutrientibus
1778 2175 1832 2228 in
1864 2176 1956 2231 illa
1977 2179 2059 2233 die
2092 2180 2310 2251 (illattlt.

747 2264 894 2316 xxiv,
929 2251 1015 2318 it),
1053 2263 1102 2308 et
1139 2255 1310 2313 Marc.
1348 2273 1475 2328 xui,
1500 2262 1612 2331 i7).
1639 2261 1766 2320 ideo
1801 2267 1935 2322 silva
1992 2279 2310 2341 SllCCl'CaSil,

750 2353 808 2394 ut
835 2356 1022 2413 postca
1064 2350 1354 2406 recidetur.
1394 2352 1517 2410 Ideo
1547 2370 1676 2428 ager
1717 2359 1936 2426 seritur,
1968 2373 2025 2417 ut
2052 2375 2310 2421 metatur.

743 2435 862 2488 tam
900 2437 1093 2506 pii-nus
1127 2445 1402 2512 estorhis,
1436 2458 1577 2504 terra
1607 2466 1702 2506 nos
1725 2468 1830 2508 non
1866 2467 2027 2524 capit.
2060 2458 2313 2525 Quotidie

745 2529 880 2583 bella
899 2530 1060 2602 230
1088 2549 1187 2589 nos
1215 2548 1422 2604 secant,
1449 2541 1621 2596 morbi
1645 2543 1996 2612 subtrahunt,
2025 2550 2310 2619 naufragia

739 2623 1059 2687 absorbent,
1085 2636 1142 2680 et
1185 2627 1542 2686 nihilominus
1565 2633 1632 2689 de
1689 2637 1939 2694 terminis
1998 2640 2312 2713 litigamus?

748 2713 822 2767 De
847 2715 946 2770 hoc
986 2731 1219 2776 numero
1270 2731 1402 2777 sunt
1451 2724 1550 2791 illi,
1603 2730 1699 2797 qui
1750 2729 1964 2799 Agnum
2005 2749 2311 2805 sequuntur

744 2807 927 2875 (.tpoc.
950 2811 1030 2878 ιι),
1057 2813 1148 2881 qui
1181 2815 1501 2871 vestimenta
1520 2833 1614 2873 sua
1643 2834 1749 2875 non
1783 2823 2300 2896 coinquinaverunt,

817 2963 837 2996 ⁸
870 2963 1079 3050 lsthtec.
1103 2970 1324 3037 innupta
1355 2975 1545 3040 cogitat
1572 2991 1688 3043 qua
1722 2974 1814 3050 Dei
1839 2989 1981 3041 sunt,
2050 2986 2309 3050 quomodo

745 3036 952 3104 piat-cut
981 3037 1104 3100 Deo,
1132 3050 1241 3092 tum
1268 3036 1504 3109 sequens
1531 3036 1646 3099 vero
1683 3036 2002 3104 adverbium
2059 3036 2108 3106 in
2142 3036 2308 3110 Veto:-

741 3110 893 3161 nensi
923 3123 1019 3160 ms.
1052 3124 1158 3162 non
1195 3111 1482 3168 habentur.

811 3181 830 3210 ³
855 3176 1164 3300 ιθεῗιιάυω
1191 3195 1377 3236 revera
1407 3186 1675 3254 videatur,
1707 3187 1797 3242 sed
1813 3189 1882 3242 ad
1908 3190 1959 3242 id
1981 3193 2120 3261 quod
2149 3195 2308 3251 Itone-

811 3264 872 3298 im
903 3264 956 3300 es
987 3287 1002 3300 .

737 3263 872 3301 sutm
903 3263 1002 3302 εει.

811 3321 831 3350 ⁸
868 3317 1089 3392 Veteres
1117 3321 1269 3388 editi,
1303 3325 1526 3392 majoris
1544 3339 1619 3381 est
1652 3327 1846 3383 meriti.
1873 3328 2202 3388 Veronensis
2241 3337 2309 3390 li-

744 3394 860 3450 tier,
889 3390 1111 3470 majoris
1136 3407 1216 3475 est
1254 3390 1460 3449 mercis.
1484 3397 1843 3475 _Martian:eus
1880 3406 2153 3475 mercedis,
2212 3409 2304 3475 qui

743 3471 795 3515 et
832 3461 982 3526 pretii
1011 3461 1066 3514 in
1098 3462 1304 3532 aliquot
1327 3481 1455 3518 mss.
1481 3466 1752 3524 invenisse
1779 3485 1838 3525 se
1861 3472 2010 3526 dicit.
2036 3461 2151 3528 Sed
2177 3461 2307 3532 uiuo

1822 795 1835 831 :
1875 779 2030 832 nobis
2044 796 2154 848 sup.
2180 798 2202 832 r
2229 781 2330 838 hoc

2436 604 2581 671 fit-et,
2615 611 3085 679 coinquinaverunt
3115 619 3152 670 '.
3182 618 3292 688 Ego
3323 637 3429 674 non
3478 624 3654 676 audeo
3707 640 4025 692 exponere,

2433 713 2500 750 nc
2538 698 2815 758 Helvidius
2845 707 3230 764 calumnietur.
3285 713 3437 778 Quod
3469 725 3651 769 autem
3708 719 3791 770 ais
3841 734 4027 788 quas-

2432 787 2553 842 dam
2582 806 2702 845 esse
2734 795 2971 862 virgines
2997 799 3335 857 tahcrnarias
3369 846 3381 869 ,
3437 820 3538 873 ego
3577 808 3670 860 tihi
3710 808 3829 874 plus
3862 811 4020 874 dico.

2430 884 2634 936 essein
2687 885 2771 940 his
2827 897 2882 941 et
2932 892 3230 957 adulteras,
3265 909 3340 960 et,
3397 913 3504 966 quo
3543 901 3714 969 magis
3763 902 4021 969 mireris,

2429 973 2658 1029 clericos
2703 994 2827 1034 esse
2895 998 3192 1052 caupones,
3227 1000 3281 1043 et
3328 994 3622 1046 monachos
3677 994 4020 1061 impudicos.

2430 1067 2534 1122 δια
2567 1071 2688 1139 quis
2718 1087 2827 1128 non
2875 1079 3061 1132 Statim
3126 1080 3417 1152 intelligat,
3481 1101 3579 1138 nec
3637 1086 4020 1142 tabernariarn

2427 1163 2711 1233 virginem,
2739 1183 2841 1223 nec
2880 1171 3189 1228 adulterum
3222 1179 3574 1242 monachum,
3609 1179 3711 1235 'nec
3739 1183 4018 1237 clericum

2427 1272 2587 1327 posse
2617 1274 2740 1315 esse
2771 1265 3127 1333 cauponem?
3177 1266 3434 1337 Nunquid
3504 1271 3836 1342 virginitatis
3899 1274 4018 1345 [ΑΙ.

2425 1353 2728 1428 virginitas]
2757 1369 2840 1413 est
2866 1359 3046 1432 culpa,
3105 1363 3150 1418 si
3208 1365 3498 1420 simulator
3565 1368 3904 1437 virginitatis
3956 1370 4018 1424 in

2426 1450 2657 1504 crimine
2686 1453 2803 1506 est?
2831 1453 3127 1524 Egocerte,
3157 1469 3214 1513 ut
3247 1460 3368 1513 aliis
3401 1463 3652 1530 personis
3681 1467 4019 1532 praetermis-

2425 1542 2500 1598 sis
2529 1543 2594 1597 ad
2625 1541 2905 1614 Virginem
2932 1548 3145 1603 veniam
3178 1567 3192 1604 :
3235 1566 3355 1620 quas
3413 1554 3718 1607 institorias
3783 1566 4018 1610 excreet

2424 1645 2591 1702 artes,
2631 1639 2819 1694 nescio
2849 1655 2918 1694 an
2952 1655 3203 1712 corpore,
3244 1644 3388 1714 quod
3419 1646 3559 1711 scio,
3609 1647 3803 1717 Spiritu
3856 1651 4017 1716 virgo

2426 1745 2530 1784 non
2560 1742 2863 1799 permanet.

2494 1821 2582 1876 εξ.
2619 1823 2957 1882 Rhetoricati
2987 1844 3198 1893 sumus,
3232 1838 3288 1883 et
3319 1828 3372 1884 in
3437 1847 3643 1885 πνοι-ριν
3666 1832 4016 1888 declamato-

2423 1917 2871 1983 rnm,paululum
2917 1919 3272 1974 lnsimus.Tn
3321 1937 3442 1984 nos,
3481 1924 3708 1986 lli-lvidi.
3747 1927 4014 1990 coegisti,

2420 2007 2640 2076 qnijam
2677 2006 2968 2080 Evangelio
3025 2023 3377 2073 coruscante.
3437 2017 3680 2084 ejusdem
3735 2020 3814 2070 vis
3881 2034 4014 2071 (ssc

2421 2100 2606 2168 glorias
2639 2102 2876 2171 virgines
2907 2115 2961 2160 et
2991 2105 3273 2161 maritatas
3325 2105 3437 2178 [ΑΙ.
3462 2107 3729 2180 maritas].
3761 2109 3824 2163 iit
3878 2114 4012 2173 quia

2419 2194 2653 2248 arbitror
2685 2203 2734 2248 te
2787 2197 3015 2252 veritate.
3067 2209 3403 2266 superatum,
3463 2201 3527 2252 all
3600 2202 4009 2256 detractionem

2421 2286 2544 2340 vita:
2572 2302 2703 2341 mete
2737 2298 2786 2341 ct
2814 2289 2880 2342 ad
2910 2289 3198 2346 maledicta
3229 2293 3473 2347 converti
3499 2292 3694 2360 (solent
3719 2295 3862 2347 enim
3899 2296 4014 2349 hoc

2417 2387 2470 2432 et
2537 2379 2876 2436 mulierculze
2954 2381 3156 2443 facere.
3207 2401 3329 2450 qua:
3392 2385 3693 2440 victoribus
3757 2387 4011 2440 dominis

2419 2470 2558 2524 male
2583 2481 2778 2537 optant
2811 2472 2864 2527 in
2883 2476 3141 2546 angulis),
3183 2476 3313 2530 illud
3344 2478 3466 2532 dico
3495 2481 3853 2548 praeveniens.
3887 2481 4010 2548 glu-

2418 2561 2510 2613 ria:
2548 2562 2679 2614 mihi
2719 2562 2832 2617 fore
2862 2576 2948 2620 tua
2977 2568 3246 2632 convicia,
3276 2584 3399 2624 cum
3428 2571 3618 2625 eodem
3679 2588 3786 2640 quo
3815 2572 4007 2627 Maria!

2417 2655 2720 2716 detraxisti.
2755 2673 2849 2713 ore
2888 2674 2973 2713 me
3002 2659 3235 2726 laceres,
3272 2673 3327 2717 et
3374 2658 3627 2718 caninam
3679 2665 4003 2720 facundiam

2417 2763 2611 2805 Servus
2652 2749 2864 2806 Domini
2895 2754 3098 2824 pariter
3145 2758 3464 2827 experiatur
3497 2768 3549 2812 et
3580 2767 3754 2813 mater

2414 2995 2482 3049 ah
2514 3008 2578 3072 eo
2602 3003 2764 3072 atque
2794 2995 3225 3072 ali_is__peccattnn
3271 3013 3370 3065 est,
3408 3021 3513 3069 quo
3538 3007 3547 3052 l
3574 3023 3692 3060 mox
3759 3008 4000 3072 li-perint

2414 3063 2689 3138 dereliquit
2716 3080 2812 3138 pro
2839 3067 3120 3136 delinquit,
3174 3063 3628 3138 quemadmodum
3688 3095 3750 3131 ex
3813 3063 3997 3131 'ero:

2417 3136 2568 3210 nensi
2597 3135 3073 3210 cinandarnus.'—
3121 3135 3350 3208 Maioris
3384 3155 3460 3195 est
3495 3149 3764 3200 mercedis.
3823 3149 4001 3210 Edtti,

2339 3236 2383 3293 ο
2419 3204 2635 3293 nugaris
2668 3215 2742 3293 ςδι
2769 3208 2977 3288 meriti;
3007 3217 3061 3293 at
3091 3204 3237 3291 mss;
3251 3215 3488 3293 codices,
3520 3217 3733 3293 majoris
3760 3231 3832 3272 est
3861 3204 4005 3293 mer:-

2415 3275 2574 3334 cedis.
2607 3275 2696 3354 vel
2720 3276 2938 3357 maioris
2978 3287 3055 3331 est
3102 3281 3296 3348 pretii;
3326 3275 3510 3338 nullus
3539 3275 3718 3350 habet,
3773 3290 4003 3357 majoris

2414 3354 2488 3397 est
2522 3344 2716 3396 meriti.
2749 3343 3014 3405 Manum.

2486 3414 2508 3444 ⁸
2538 3413 2962 3496 Praiponehatur
2990 3422 3218 3491 negandi
3244 3425 3529 3493 particula,
3593 3443 3754 3496 quam
3787 3444 3854 3482 cx
3895 3426 4003 3485 Ve-

2418 3483 2640 3537 ronensi
2675 3487 3018 3544 sustulimus.

752 3688 3976 3753 LM

1341 3859 1427 3926 IN
1460 3859 1620 3933 SEO.
1667 3861 1948 3923 LIBROS
1989 3863 2395 3928 ADVERSUS
2423 3867 2916 3936 JOVINIANUM
2965 3877 3429 3945 ADMUNITIO.

809 4168 1233 4240 231-236l.
1254 4167 1715 4226 FuitJovinianus
1743 4175 2078 4242 professione
2109 4181 2431 4245 monachus,
2459 4181 2643 4248 homo,
2673 4183 2714 4236 si
2737 4185 2859 4239 vita:
2884 4188 3330 4244 consuetudinem
3358 4192 3635 4260 inSpicias,
3666 4192 3812 4246 lusui
3833 4193 3996 4248 dedi-

743 4267 764 4311 t
805 4274 831 4313 s
852 4272 917 4311 ac
940 4258 1254 4325 dissolutus,
1279 4258 1481 4314 divitiis
1505 4259 1736 4314 abutens
1768 4261 1906 4316 male
1925 4265 2111 4333 partis,
2138 4277 2188 4321 ct
2209 4269 2298 4336 qui
2327 4285 2421 4338 per
2454 4269 2726 4323 infamiam
2748 4273 2985 4328 nominis
3007 4274 3264 4344 Epicurus
3283 4258 3699 4335 Christianorum
3725 4297 3934 4334 merum
3952 4284 3994 4334 it

744 4346 966 4400 audire:
1007 4345 1050 4399 si
1076 4346 1280 4401 cultum
1317 4347 1482 4401 animi
1507 4363 1568 4403 ac
1597 4348 1905 4404 doctrinam
1937 4354 2205 4421 requiras,
2236 4357 2474 4427 vulgaris
2511 4359 2694 4426 plane,
2726 4376 2826 4415 nec
2885 4362 3172 4433 eloquens,
3227 4382 3326 4421 nec
3359 4369 3646 4433 eruditus;
3683 4371 3797 4434 scil,
3837 4371 3989 4437 quod

742 4433 1055 4497 hujusmodi
1079 4434 1407 4489 nebulonum
1435 4435 1713 4506 ingenium
1738 4446 1840 4504 est,
1871 4441 2198 4507 procacitate
2224 4459 2287 4497 ac
2304 4446 2554 4513 superbia
2580 4449 2787 4502 nemini
2827 4454 3256 4518 postponendus.
3291 4453 3363 4508 Ex
3394 4473 3499 4524 qua
3527 4458 3656 4510 urbe
3686 4433 3850 4511 fuerit
3886 4473 3991 4512 seu

741 4520 925 4589 potius
959 4535 1025 4575 ex
1056 4537 1164 4590 quo
1197 4523 1462 4592 prodierit
1493 4526 1851 4592 monasterio,
1897 4527 2060 4581 dubia
2091 4544 2180 4583 res
2206 4544 2292 4585 est
2324 4549 2337 4596 ;
2370 4534 2593 4604 jamque
2627 4536 2828 4592 exinde
2855 4555 2884 4593 a
2918 4537 3147 4593 Baronio
3174 4543 3416 4613 plerique
3453 4560 3576 4599 eum
3611 4545 3992 4599 Mediolancn-

739 4621 854 4659 sem
893 4617 1180 4662 autumant
1208 4611 1519 4666 exstitisse:
1556 4613 1806 4668 nonnulli
1827 4630 1949 4668 cum
1990 4615 2288 4672 Purricello
2338 4620 2639 4677 liomanum
2688 4625 2912 4688 faciunt,
2946 4630 3123 4695 Atque
3153 4611 3343 4685 horum
3385 4632 3607 4698 quidem
3667 4634 3851 4687 malim
3881 4650 3989 4700 ego

741 4695 1022 4750 sententia:
1044 4696 1323 4760 accedere,
1352 4713 1474 4752 nam
1496 4709 1551 4754 et
1569 4700 1754 4754 Romae
1772 4701 2177 4772 primitusjacta
2201 4705 2420 4765 nefaria:
2438 4711 2701 4767 doctrinae
2716 4715 2944 4776 semina,
2966 4715 3146 4783 ibique
3169 4719 3405 4788 virgines
3429 4721 3631 4787 aliquot
3648 4736 3832 4775 sacras
3859 4738 3990 4789 pm-

741 4792 912 4837 vectae
932 4783 1040 4852 jam
1066 4784 1242 4838 aetatis
1271 4784 1523 4854 deceptas
1549 4788 1617 4842 ab
1647 4803 1733 4854 eo,
1763 4801 1818 4843 ut
1851 4789 2124 4844 nuberent
2163 4793 2310 4856 viris,
2365 4793 2423 4848 S.
2456 4796 2801 4866 Augustinus
2837 4798 2976 4852 libro
3007 4799 3069 4852 de
3101 4783 3400 4856 liter-esibus
3435 4783 3615 4857 tradit.
3673 4804 3744 4859 Ex
3783 4783 3982 4876 Syiicii

741 4888 956 4941 quoque
977 4873 1202 4941 epistola
1235 4874 1530 4940 evincitur,
1567 4875 1853 4932 damnatos
1888 4878 1941 4930 in
1968 4876 2215 4933 Romana
2247 4883 2457 4950 synodo
2491 4886 2610 4957 ejus
2639 4888 2878 4941 asseclas
2933 4891 3277 4956 postmodum
3333 4891 3694 4948 Mediolanum
3751 4906 3986 4950 conten-

743 4959 916 5022 disse,
951 4969 1319 5029 ancupaturos
1347 4961 1447 5016 sibi
1477 4964 1722 5018 animum
1754 4966 2094 5033 imperatoris
2121 4982 2137 5021 :
2169 4981 2340 5021 novos
2373 4984 2500 5024 vero
2534 4980 2700 5040 atque
2729 4972 2972 5040 hospites
3029 4973 3159 5026 illuc
3202 4975 3508 5040 advenisse,
3555 4979 3796 5033 declarat
3845 4983 3984 5032 Ain-

742 5046 910 5102 hrosii
938 5048 1195 5118 synodica
1225 5050 1449 5118 epistola
1479 5050 1546 5105 ad
1571 5051 1818 5105 eumdem
1840 5051 2100 5122 Syriciun
2128 5053 2230 5107 sub
2264 5053 2423 5108 finem
2451 5055 2626 5118 :Cuin,
2652 5059 2846 5121 inquit,
2874 5060 3014 5121 apud
3041 5061 3349 5126 magistrum
3378 5073 3533 5132 atque
3550 5071 3812 5118 doctorem
3837 5066 3980 5125 (Ro-

744 5151 845 5190 mre
877 5136 1106 5202 scilicet,
1132 5146 1297 5206 atque
1334 5139 1476 5208 apud
1507 5139 1975 5208 Pontiﬁcem)jam
2009 5142 2226 5210 dignum
2254 5141 2533 5209 prwmium
2572 5140 2846 5192 retulerint
2878 5140 2957 5192 illi
3002 5141 3672 5214 (Jovinianistze;perﬁctias
3695 5164 3824 5210 suae,
3849 5149 3973 5204 ideo

746 5240 910 5293 usque
944 5222 1044 5284 huc
1073 5233 1344 5290 venerunt,
1379 5242 1441 5280 ne
1468 5237 1756 5292 superesset
1796 5228 1960 5292 locus,
1985 5229 2040 5280 in
2069 5245 2168 5298 quo
2200 5245 2301 5281 non
2335 5228 2739 5281 damnarentur.
2774 5229 2836 5282 lit
2863 5228 3022 5296 paulo
3051 5239 3192 5298 post,
3222 5231 3415 5285 Omnes
3442 5234 3531 5303 qui
3565 5233 3682 5289 illos
3704 5236 3977 5305 uiderunt,

745 5314 895 5382 quasi
925 5313 1165 5382 «tedam
1194 5317 1437 5385 contagia
1483 5317 1804 5386 refugerunt.

812 5401 869 5458 2.
892 5401 1028 5457 Cum
1060 5416 1347 5472 erumpere
1381 5403 1432 5458 in
1462 5413 1704 5474 apertam
1739 5407 1978 5459 haeresim
2013 5405 2202 5468 volu.t,
2240 5420 2347 5470 quo
2390 5415 2573 5476 posset
2624 5408 2676 5459 lit
2699 5407 2848 5461 erius
2889 5419 3197 5475 pervertere
3253 5421 3460 5464 mentes
3495 5411 3797 5475 hominum,
3833 5430 3981 5469 nun-

746 5493 879 5548 tium
913 5491 1220 5548 monasticae
1252 5495 1373 5548 vita:
1397 5497 1669 5550 remisisse
1702 5512 1717 5561 ;
1749 5505 1803 5550 ct
1833 5505 1960 5550 sunt
2009 5497 2098 5565 qui
2148 5506 2422 5566 putem,ct
2463 5495 2823 5564 Hieronymus
2853 5496 3063 5549 videtur
3108 5497 3368 5563 indicare,
3427 5513 3550 5553 cum
3585 5500 3660 5555 illi
3687 5504 3979 5568 exprobrat

743 5579 841 5638 lib.
871 5598 909 5642 I.
956 5598 1082 5636 num
1108 5583 1197 5646 40,
1227 5584 1376 5652 quod
1410 5594 1521 5651 post
1542 5587 1816 5639 sordidam
1847 5588 2101 5646 tunicam,
2141 5595 2190 5640 et
2229 5586 2394 5638 nudos
2422 5585 2594 5648 pedes,
2621 5592 2666 5637 et
2703 5582 2960 5635 cibarium
2994 5601 3202 5652 panem,
3239 5592 3287 5638 et
3325 5603 3475 5655 aqua:
3506 5598 3704 5654 potum,
3738 5591 3807 5642 ad
3848 5608 3978 5643 enn-

746 5670 902 5724 didas
920 5682 1108 5730 vestes,
1137 5679 1186 5723 et
1227 5672 1454 5725 nitidam
1493 5681 1680 5735 cutem,
1709 5674 1778 5724 ad
1809 5673 2099 5726 mulsurnet
2133 5672 2435 5727 elaboratas
2474 5689 2683 5734 carnes,
2718 5672 2785 5722 ad
2820 5673 2950 5740 jura
3012 5675 3176 5740 Apitii
3232 5684 3279 5728 et
3335 5675 3583 5740 Paxami,
3642 5680 3710 5731 ad
3761 5680 3978 5734 balneas

741 5773 942 5826 quoque
966 5767 1013 5811 et
1036 5757 1350 5828 fricticulas,
1381 5769 1429 5812 et
1455 5761 1675 5828 popinas
1715 5776 1834 5814 sese
1865 5761 2175 5815 contulerit.
2233 5760 2369 5814 Tum
2407 5763 2540 5814 libro
2601 5761 2844 5816 set-.un'lo
2879 5759 3020 5814 circa
3062 5762 3300 5815 medium
3330 5781 3341 5814 :
3383 5765 3546 5829 Ante,
3579 5764 3773 5833 inquit,
3832 5770 3978 5820 mido

742 5865 858 5906 erat
887 5849 1051 5920 Pede;
1087 5849 1236 5902 modo
1263 5848 1549 5904 nonnlurn
1594 5849 1844 5914 calceata,
1882 5848 1969 5903 sed
2000 5858 2045 5903 et
2078 5862 2264 5904 ornato
2297 5867 2313 5903 ,ο
2357 5863 2479 5904 tunc
2516 5864 2641 5900 uera
2679 5848 2852 5900 tunica
2883 5858 2928 5900 rt
2960 5865 3108 5918 nigra
3146 5851 3395 5903 subucula
3432 5852 3768 5914 t'esiici'a'ts;
3828 5873 3968 5908 nunc
