4244 6352
194 387 286 448 ἥῧ

1230 382 1637 444 ΑυιτΕιιςυε
1681 380 2171 443 IOVENIANUM
2205 379 2348 438 Llli.
2398 376 2446 439 l.

3355 366 3462 430 226

195 516 377 566 "me;
409 511 465 555 οι
487 501 626 555 dum
654 500 1007 556 divinitatem
1031 500 1292 577 arqnalcm
1323 499 1430 551 Deo
1463 499 1768 566 pollievtur,
1819 510 1841 554 ἰ
1881 498 2044 557 Eoos,
2068 496 2314 557 Ca'nam,
2338 489 2801 554 MalaleclJared.
2823 482 3464 548 Euocthtbnsalem',

195 596 382 662 exptilil
413 610 507 646 eos
549 596 621 647 de
657 595 952 662 paradiso,
988 603 1046 646 ut
1096 594 1186 661 qui
1230 593 1359 645 undi
1394 603 1447 646 et
1509 594 1772 657 esiiuditi.

195 703 242 743 et
272 689 470 754 absque
497 687 609 740 ulla
652 691 877 740 macula
908 686 1167 756 virgines.
1227 685 1435 737 Domini
1497 686 1776 738 consortio

199 782 526 838 l-uebantur,
554 781 764 848 ilcjt‘cti
799 780 853 833 itt
884 780 1101 850 vallem.
1131 781 1518 848 lat-rymamni,
1582 780 1778 831 tunicis

198 874 425 924 i-iiusntis
460 885 517 924 et
544 871 806 938 pellieeis
838 871 1188 925 vestireutur.
1251 869 1355 923 Sed
1395 887 1462 923 nc
1518 869 1774 922 lectorem

199 970 387 1018 diutius
407 981 616 1028 morer,
639 980 852 1031 sequar
873 964 1098 1032 vestigia
1125 965 1140 993 ¹
1168 964 1473 1032 partitionis
1496 964 1776 1030 expositm,

200 1073 247 1115 et
275 1062 534 1113 adversus
568 1059 827 1126 singulas
861 1058 1264 1126 propositiones
1289 1058 1424 1126 ejus.
1462 1057 1782 1122 Scriptura-

203 1168 311 1203 rum
355 1150 438 1202 vel
469 1151 720 1202 maxime
755 1153 903 1202 nitar
954 1148 1324 1203 testimoniis:
1393 1165 1460 1202 ne
1518 1150 1782 1218 querulus

204 1247 409 1312 gatria‘,
446 1257 505 1295 se
538 1242 879 1309 eloquentia
918 1241 1084 1312 magis
1111 1257 1270 1308 quam
1299 1241 1529 1294 veritate
1560 1257 1784 1311 supera-

209 1357 328 1391 ttun.
364 1337 520 1404 Quod
549 1340 593 1392 si
627 1339 956 1406 explevero,
1003 1347 1059 1392 et
1097 1338 1242 1391 Illum
1273 1340 1556 1404 utrimque
1587 1339 1786 1392 instru-

208 1435 358 1486 menti
395 1433 543 1485 nubu
577 1446 950 1500 oppressero,
983 1446 1255 1486 assumam
1288 1431 1534 1500 exempla
1559 1432 1788 1485 Saecula-

207 1529 274 1578 iis
296 1539 510 1592 quoque
561 1524 920 1589 litteraturae,
941 1524 1006 1577 ad
1065 1541 1225 1592 quam
1252 1535 1306 1577 et
1338 1525 1454 1594 ipse
1506 1533 1784 1592 provocat.

209 1617 521 1683 Docrboque
572 1618 751 1670 etiam
790 1619 931 1671 inter
961 1617 1318 1684 philosonhos
1371 1626 1424 1670 et
1447 1618 1691 1686 egregios
1735 1618 1786 1669 in

206 1711 468 1775 l'cptliiltt'a
495 1710 677 1773 vii-us,
709 1711 944 1763 virtutes
965 1711 1350 1778 voluptatibus,
1381 1709 1432 1762 id
1457 1720 1559 1771 est,
1591 1708 1790 1778 Pytha-

205 1820 396 1872 goram.
424 1803 724 1858 Platonem
756 1815 809 1856 et
847 1803 1162 1863 Aristidem,
1219 1803 1522 1869 Aristippo.
1558 1799 1792 1869 Epit-uio

1885 590 2146 652 Lamecb,
2172 589 2308 650 Noe,
2339 601 2534 640 omnes
2594 583 2852 637 habuisse
2885 594 3104 644 uxores,
3139 587 3196 634 et
3251 595 3318 633 ex
3364 577 3468 632 Dei

1881 685 2151 737 sententia
2191 681 2328 733 Ιὶιὶιιε
2374 692 2697 747 procreasse
2729 675 2904 747 (quasi
2937 671 3306 743 generationis
3334 673 3472 726 ordo

1882 790 1937 828 et
1969 751 2192 828 historia
2223 771 2559 828 conditionis
2593 770 2864 833 humanm,
2909 769 3027 822 sine
3057 768 3392 837 coniugibus
3417 776 3476 822 et

1885 868 2070 921 liberis
2105 865 2342 934 potuerit
2366 862 2634 927 enarrari)
2675 879 2687 917 :
2716 880 2734 914 t
2764 863 2891 926 ISte,
2914 861 3116 930 iniuit.
3143 870 3226 916 est
3259 862 3472 925 Enocb,

1883 963 1972 1028 qui
2002 961 2218 1012 ambula
2260 961 2300 1012 it
2339 975 2462 1011 cum
2496 958 2628 1022 Deo,
2663 966 2716 1009 et
2752 968 2941 1025 raptus
2993 955 3048 1009 in
3088 957 3290 1010 t-(elutu
3363 967 3474 1009 est.

1890 1055 1996 1108 I5tc
2036 1052 2168 1113 Noe.
2202 1052 2319 1121 qui,
2355 1067 2477 1105 cum
2527 1059 2716 1104 essent
2770 1051 2957 1118 utique
3007 1049 3163 1102 multi
3228 1049 3476 1118 virgines

1889 1157 2112 1216 proliter
2143 1155 2384 1209 aetatem,
2419 1145 2569 1199 solus
2593 1159 2717 1197 cum
2767 1143 2893 1197 ﬁliis
2957 1150 3011 1196 et
3043 1142 3309 1195 uxoribus
3335 1144 3487 1194 nau-'

1891 1243 2040 1309 trago
2061 1241 2196 1293 Orbe
2217 1247 2594 1293 servatusest.
2622 1237 2835 1291 Rursus
2858 1247 2979 1304 post
3007 1236 3296 1300 diluvium,
3314 1237 3474 1303 quasi

1888 1335 2060 1388 altero
2088 1332 2356 1402 principio
2373 1333 2595 1402 generis
2622 1330 2868 1394 humani,
2901 1330 3139 1384 virorum
3167 1340 3220 1382 ct
3242 1345 3476 1382 uxorum

1890 1430 2042 1496 paria
2073 1428 2416 1494 junguntur,
2453 1438 2506 1480 et
2537 1440 2601 1478 ex
2633 1426 2844 1492 integro
2865 1424 3240 1493 generationis
3261 1424 3479 1475 instau-

1893 1533 2044 1576 ratur
2071 1523 2412 1576 benedictio:
2437 1520 2687 1584 Crescite,
2711 1530 2756 1573 et
2782 1517 3298 1584 multiplicamini,et
3316 1515 3480 1587 253

1893 1618 2084 1684 replete
2115 1626 2308 1669 terram
2341 1615 2492 1682 (Gen.
2552 1630 2674 1676 VIII,
2716 1615 2795 1675 l7,
2827 1623 2877 1666 et
2945 1627 3022 1672 lx.
3063 1612 3132 1679 l).
3170 1629 3188 1662 ι
3252 1610 3481 1676 Insuper

1894 1714 2060 1765 etiam
2094 1709 2558 1763 comedendarum
2605 1708 2856 1761 carnium
2885 1705 3107 1759 licentia
3146 1704 3428 1758 relaxatur
3463 1723 3476 1756 :

1900 1803 1965 1857 Et
1997 1821 2146 1858 omne
2182 1805 2320 1874 quod
2340 1813 2600 1863 movetur,
2626 1802 2726 1854 erit
2789 1800 2930 1854 vobis
2953 1800 3008 1852 in
3067 1816 3244 1852 escam
3272 1815 3290 1862 ,'
3340 1799 3479 1851 sicut

207 1910 255 1948 et
287 1896 552 1950 Alcibiadi
583 1899 656 1949 ab
681 1896 947 1949 omnibus
980 1898 1154 1949 solere
1181 1894 1444 1963 pra-ferri.
1483 1892 1610 1958 Vos,
1646 1910 1786 1961 qua...
1827 1877 1862 1926 Β
1896 1897 2038 1950 olera
2069 1897 2349 1948 herbarum
2381 1894 2500 1947 dedi
2530 1894 2673 1948 vobis
2713 1895 2954 1946 universa
2990 1891 3156 1961 (Ibid.
3193 1893 3270 1959 9).
3330 1890 3474 1944 Cur-

206 2006 281 2052 su,
307 1990 603 2058 utriusque
629 2004 808 2044 sexus
832 1991 1070 2059 virgines
1104 1998 1152 2042 et
1203 1990 1573 2047 continentes,
1608 1987 1784 2040 mariti

205 2095 411 2148 quoque
438 2091 491 2132 et
530 2082 770 2149 digami,
812 2092 870 2134 ut
904 2093 1132 2133 conatus
1165 2096 1312 2132 meos
1340 2079 1679 2132 orationibus
1698 2080 1791 2130 ad-

205 2173 395 2240 iuvetis
444 2172 806 2226 Cunctorum
837 2176 888 2226 in
927 2188 1214 2227 cointnunc
1245 2171 1566 2226 Joriiiianus
1620 2175 1791 2225 hostis

204 2275 298 2317 est.
323 2265 456 2317 Nam
495 2269 594 2334 qui
640 2266 880 2334 a-qualia
925 2269 1166 2318 omnium
1197 2268 1400 2319 asserit
1431 2267 1646 2331 merita,
1683 2276 1787 2318 tam

208 2359 491 2427 virginitati
525 2360 661 2413 facit
689 2360 977 2422 iniuriam,
1007 2359 1132 2410 dn:n
1176 2373 1293 2412 ca'u
1324 2359 1529 2425 nuptiis
1555 2373 1783 2425 compa-

209 2461 307 2511 rat,
337 2466 504 2518 quam
541 2461 601 2505 et
632 2449 868 2518 nuptiis,
906 2452 983 2504 sic
1005 2450 1166 2522 242
1198 2466 1291 2504 eas
1317 2452 1493 2504 licitas
1517 2466 1787 2514 asserens,

212 2553 263 2595 ut
291 2544 532 2596 secunda
576 2553 635 2595 et
681 2543 845 2596 tertia
874 2545 1237 2597 matrimooia.
1274 2542 1379 2597 Sed.
1411 2544 1714 2612 etdigamis
1737 2558 1791 2600 et

213 2636 446 2702 uigamis
479 2636 849 2689 adversarius
907 2644 1010 2697 est,
1068 2635 1138 2687 ibi
1203 2650 1413 2702 ponens
1465 2646 1792 2689 scortatores

209 2738 475 2794 quondam
498 2737 556 2781 et
588 2726 1086 2781 libidinosissimos
1107 2735 1227 2795 post
1267 2728 1669 2796 paenitentiam,
1697 2727 1789 2781 ubi

208 2819 470 2886 duplicata
511 2829 572 2872 et
611 2819 893 2887 triplicata
951 2821 1341 2873 matrimonia:
1392 2819 1493 2873 nisi
1535 2821 1680 2885 quod
1734 2821 1788 2874 in

209 2927 267 2964 eo
294 2912 491 2982 digami
526 2922 587 2965 et
613 2911 838 2980 trigauii
879 2911 1062 2966 dolere
1088 2928 1194 2965 non
1229 2912 1450 2971 debent.
1489 2913 1613 2981 quia
1647 2913 1788 2966 idem

210 3017 470 3059 sioitator
505 3018 560 3059 et
592 3006 881 3074 praenitens
921 3008 971 3058 in
1003 3021 1169 3075 regno
1197 3007 1458 3060 caelorum
1482 3007 1645 3059 etiam
1681 3007 1790 3058 vir-

208 3101 414 3169 ginibus
431 3100 794 3168 adtquatur.
817 3098 1118 3167 Proponam
1141 3103 1303 3169 igitur
1321 3100 1791 3154 manifestioribus

214 3194 380 3246 verbis
411 3202 466 3245 et
507 3191 859 3245 habentibus
901 3191 1136 3260 aliquam
1194 3193 1662 3261 consequentiam,
1708 3207 1793 3244 ar-

209 3295 460 3350 gumenta
495 3286 630 3354 ejus
659 3295 716 3339 et
775 3285 1021 3351 exempla
1083 3284 1150 3339 de
1211 3286 1436 3353 nuptiis,
1494 3285 1794 3350 eodemque

209 3379 393 3432 Ordine
423 3381 645 3439 omnia,
688 3391 800 3444 quo
834 3376 900 3430 ab
928 3391 993 3430 eo
1035 3377 1176 3429 dicta
1203 3386 1355 3441 sunt,
1387 3377 1650 3446 digeram.
1686 3375 1796 3430 Nec

213 3473 497 3524 iiiiilestuui
539 3472 745 3524 lectori
783 3469 876 3531 sit,
899 3470 941 3523 si
974 3483 1234 3522 nauseam
1283 3470 1402 3538 ejus
1432 3478 1487 3522 et
1535 3471 1796 3521 vomitum

214 3566 386 3632 legere
416 3561 824 3632 compellatur.
881 3560 1170 3614 Libentius
1225 3559 1530 3614 antidotum
1593 3559 1797 3613 Christi

214 3657 371 3722 bibet,
420 3671 553 3708 cuin
607 3653 819 3706 diaboli
881 3667 1090 3705 veneria
1154 3652 1830 3720 praecesserint.'AudiIe.

215 3750 502 3813 patienter,
537 3745 836 3814 virgines;
891 3744 1096 3803 audite,
1139 3757 1340 3810 quaeso,
1373 3741 1798 3808 voluptuosissi-

215 3855 353 3892 mum
413 3839 910 3898 conciouatorem,
965 3835 1073 3889 imo
1101 3835 1253 3903 quasi
1280 3835 1580 3888 sirenarum
1607 3844 1802 3888 cautus

213 3944 263 3985 et
283 3933 494 3986 tabulas
528 3930 728 3984 clausa
763 3943 894 3981 aure
923 3929 1174 3981 transite.
1220 3926 1437 3979 Vestras
1503 3927 1638 3979 ferte
1669 3943 1802 3994 pau-

213 4026 371 4092 tisper
395 4025 647 4092 injurias
677 4039 694 4088 ;
727 4032 915 4090 putate
953 4038 1044 4074 vos
1079 4036 1202 4073 eum
1242 4020 1461 4074 Christo
1488 4021 1822 4083 cruciﬁxas,’

215 4117 624 4171 Pharisaeorum
655 4114 849 4167 audire
878 4113 1244 4184 blasphemiae
1281 4113 1324 4166 '.

281 4209 331 4262 5.
358 4205 722 4260 Iovinianus.
759 4201 923 4258 Liber
956 4203 1350 4258 Deuteronomii
1372 4207 1465 4258 sub
1495 4204 1653 4262 losia
1713 4222 1801 4260 re-

215 4315 384 4368 pertus
424 4302 479 4353 in
503 4301 735 4364 templo.
787 4324 860 4337 —
890 4296 1089 4359 Prima,
1125 4299 1320 4365 inquit,
1379 4297 1469 4352 Dei
1527 4301 1799 4354 sententia

215 4402 312 4456 est,
347 4392 581 4459 Propter
612 4391 760 4457 quod
787 4386 1012 4441 dimutet
1063 4390 1216 4441 homo
1236 4398 1438 4454 patrem
1465 4400 1514 4442 et
1577 4402 1800 4443 matrem

219 4499 384 4544 suavia,
406 4491 455 4535 et
481 4480 789 4534 adherebit
828 4483 980 4532 uxori
1011 4496 1142 4542 stite,
1175 4489 1223 4532 et
1251 4490 1403 4533 erunt
1425 4482 1527 4534 duo
1551 4484 1603 4535 in
1643 4499 1802 4536 carne

1900 1991 1970 2043 rit
1999 1991 2062 2042 a-l
2095 1989 2386 2049 Abraham,
2421 1987 2594 2052 lsaac,
2648 1998 2702 2040 et
2755 1985 2941 2049 Jacob,
2998 2001 3028 2038 e
3075 1985 3274 2049 quibus
3323 1986 3475 2051 prior

1899 2084 2180 2150 trigaiuus,
2223 2082 2503 2136 secundus
2557 2093 2934 2147 monogamus,
2981 2078 3176 2130 tertius
3237 2087 3474 2144 quatuor

1901 2188 2126 2226 uxorum
2155 2183 2239 2226 est
2276 2171 2449 2235 :Lim,
2499 2170 2722 2236 Rachel,
2785 2169 2947 2232 Bahe,
3010 2177 3066 2222 et
3103 2168 3318 2234 zelpilil‘
3350 2181 3364 2231 ;
3419 2175 3474 2218 et

1899 2265 2090 2318 aSsorit
2127 2264 2402 2318 Abraham
2427 2265 2497 2318 ob
2523 2265 2645 2318 lidei
2685 2263 2964 2324 meritum,
3034 2259 3472 2315 benedictionem

1899 2358 1949 2410 in
1981 2359 2334 2426 generatione
2362 2357 2452 2410 lilii
2484 2357 2792 2426 accepisse.
2833 2353 3026 2408 Saram
3060 2355 3112 2408 in
3145 2363 3332 2423 typum
3372 2353 3478 2406 Ee-
3519 2403 3522 2405 ,

1898 2449 2100 2509 ειεδίιυ,
2155 2449 2244 2502 cui
2295 2447 2605 2507 deiecerant
2660 2449 2969 2511 muliebria,
3030 2447 3476 2501 malediCtionein

1900 2540 2204 2594 sterilitatis
2237 2579 2250 2602 ,
2323 2550 2514 2609 partus
2567 2539 2950 2593 benedictione
3005 2549 3264 2593 mutasse.
3323 2539 3478 2602 Quod

1900 2629 2148 2686 Rebecca
2175 2631 2294 2685 ierit
2313 2633 2462 2701 quasi
2487 2636 2777 2701 prophetes
2799 2635 3130 2700 interrogare
3159 2630 3481 2695 Dominum,

1899 2736 1953 2778 et
1991 2725 2228 2779 audierit
2251 2726 2316 2777 ab
2343 2740 2430 2787 eo,
2460 2725 2591 2778 Duo:
2624 2735 2798 2795 gentes
2833 2735 2881 2778 et
2908 2727 3011 2778 duo
3041 2726 3219 2793 populi
3258 2725 3312 2776 in
3332 2735 3480 2776 utero

1900 2826 1988 2868 tuo
2023 2826 2143 2869 sunt
2181 2816 2334 2881 (Gen.
2371 2834 2500 2880 xxv,
2565 2817 2684 2883 25).
2726 2817 2883 2883 Quod
2909 2815 3078 2871 Jacob
3149 2835 3248 2886 pro
3309 2834 3478 2872 uxore

1901 2904 2154 2964 si-rvieiit
2193 2924 2208 2964 ;
2244 2920 2299 2963 et
2346 2910 2952 2974 existimanteltacbel,
3012 2912 3112 2964 viri
3173 2927 3296 2966 esse
3344 2913 3478 2966 dare

1905 3004 2121 3067 liberos,
2174 3018 2238 3058 ac
2281 3003 2549 3058 dicente:
2611 3005 2690 3057 Da
2724 3007 2854 3058 milii
2915 3007 3054 3073 ﬁlios
3087 3019 3106 3058 :
3164 3008 3244 3060 sin
3300 3019 3477 3060 autent

1905 3096 2102 3148 moriar
2130 3091 2284 3163 (Gen.
2315 3111 2447 3159 xu,
2482 3095 2537 3163 l)
2575 3111 2591 3162 ;
2645 3097 2988 3164 respooderit
3023 3115 3036 3151 :
3083 3097 3354 3166 Numquid
3386 3115 3481 3169 pro

1908 3187 2011 3241 Deo
2035 3203 2126 3256 ego
2156 3203 2292 3241 sum.
2320 3187 2409 3254 qui
2447 3195 2493 3238 te
2525 3187 2777 3240 conclusit
2806 3187 2993 3256 (lbid.,
3027 3189 3118 3257 2)?
3151 3191 3206 3243 lii
3243 3201 3478 3256 tantum,

1901 3280 2094 3348 inquit,
2126 3278 2337 3332 sciebat
2393 3279 2602 3334 fructus
2664 3282 2984 3350 nuptiarum
3058 3282 3269 3336 Domini
3329 3299 3476 3345 esse.

1899 3386 2006 3424 non
2034 3372 2234 3423 mariti.
2279 3370 2432 3435 Quod
2458 3371 2657 3441 Josepli
2687 3374 2768 3426 vir
2797 3383 3022 3429 sanctus
3053 3385 3217 3443 atque
3279 3387 3476 3430 castis-

1900 3463 2093 3522 simus.
2120 3471 2175 3514 et
2214 3477 2404 3515 omnes
2434 3465 2760 3531 patriarcha:
2786 3481 2985 3520 uxores
3018 3469 3328 3530 habuerim,
3360 3472 3479 3535 qui-

1902 3554 2002 3606 bus
2033 3554 2314 3621 aequaliter
2341 3569 2437 3622 per
2472 3555 2690 3625 Moysen
2717 3557 3011 3613 benedicat
3081 3559 3251 3615 Deus.
3282 3561 3479 3616 .luilain
3550 3545 3554 3568 ί

1901 3659 2118 3712 quoque
2151 3648 2428 3712 proponit,
2476 3657 2531 3699 et
2563 3645 2799 3701 Thamar
2833 3665 2845 3700 :
2880 3658 2935 3703 et
2996 3651 3240 3704 occisum
3303 3651 3476 3708 Onam

1903 3738 2219 3807 perstringit
2255 3752 2282 3789 a
2314 3738 2568 3803 Domino,
2625 3744 2754 3809 quia
2789 3743 2940 3796 fratri
2973 3744 3227 3799 invidens
3260 3762 3476 3805 scmcn.

1902 3832 2223 3898 nuptiarum
2251 3830 2276 3859 ⁸
2304 3848 2468 3901 opera
2520 3835 2807 3901 perdebat.
2835 3835 3054 3906 Moysen
3107 3840 3378 3906 proiionit,
3425 3850 3481 3894 et

1903 3921 2331 3992 Mariielepram,
2366 3939 2486 3992 quae
2519 3923 2541 3954 ⁸
2603 3925 2758 3980 fratri
2810 3943 2908 3996 pro
2941 3945 3111 3983 uxore
3161 3931 3478 3994 detrahens.

1904 4017 2047 4071 illico
2079 4017 2168 4070 Dei
2194 4017 2395 4071 ul:ione
2425 4033 2679 4085 percussa
2712 4031 2814 4074 est.
2845 4019 3060 4075 Laudat
3110 4025 3362 4088 Samson,
3425 4037 3480 4080 et

1905 4113 2157 4164 usui-iuni
2185 4109 2498 4164 Nazarmum
2550 4113 2703 4167 miris
2732 4114 2888 4168 eﬁ‘ert
2925 4117 3233 4184 praaconiis.
3268 4119 3473 4173 Debbo-

1904 4219 2019 4256 ram
2056 4219 2269 4272 quoque
2305 4205 2532 4269 replicat
2555 4217 2606 4260 et
2633 4206 2858 4271 Barach,
2903 4210 3046 4277 qnod
3078 4211 3286 4281 absque
3320 4214 3480 4284 virgi-

1904 4298 2092 4351 nitatis
2118 4297 2296 4361 bonis,
2353 4296 2591 4352 Sisaraiu
2627 4299 2855 4354 etJabin
2907 4311 2962 4356 et
3012 4319 3205 4357 currus
3270 4306 3478 4360 ferri-os

1904 4393 2244 4447 debellariut.
2276 4391 2434 4448 Jahel
2470 4411 2691 4450 uxorem
2722 4396 2902 4451 lla'oer
2958 4400 3127 4469 Cynei
3165 4402 3382 4457 adducit
3419 4407 3474 4457 iu

1907 4483 2164 4546 medium,
2199 4493 2254 4537 et
2285 4484 2403 4552 palo
2427 4493 2689 4540 armatam
2726 4489 2988 4557 praedicat
3047 4507 3299 4547 manum.
3327 4494 3477 4550 lutcr

219 4593 319 4627 una
372 4574 534 4645 (Gen.
578 4589 648 4636 ιι,
672 4573 764 4633 94,
799 4583 846 4624 et
883 4572 1072 4626 Matth.
1106 4589 1214 4633 six.
1249 4573 1325 4642 5).
1360 4577 1434 4628 Ae
1460 4593 1523 4628 ne
1551 4576 1690 4628 forte
1717 4576 1801 4627 di-
1839 4569 1877 4619 ο
1906 4574 2099 4643 ili-plne
2130 4585 2335 4644 patrem
2363 4587 2415 4630 et
2450 4578 2612 4632 liliam
2656 4581 2945 4651 virginem,
3013 4600 3132 4653 qua:
3192 4591 3469 4643 immolata

220 4684 470 4721 cei-emus
500 4668 616 4720 hoc
649 4664 914 4732 sei-iptum
939 4663 990 4715 in
1017 4666 1186 4719 veteri
1215 4665 1584 4730 Testamento,
1612 4669 1806 4723 asserit

219 4777 244 4812 a
279 4762 510 4815 Domino
549 4772 783 4826 quoilue
808 4757 1035 4824 idipsuni
1073 4759 1125 4810 in
1152 4758 1445 4821 Evangelio
1468 4761 1803 4823 confirmari.

225 4855 365 4916 Quod
395 4852 541 4904 Deus
569 4850 884 4916 conjunxit,
914 4851 1064 4902 homo
1092 4867 1196 4902 non
1223 4864 1434 4917 separet
1466 4869 1484 4907 :
1516 4856 1805 4922 statimque

222 4946 524 5007 subnectit,
556 4943 803 4997 Crescite
834 4951 881 4993 et
908 4943 1354 5006 multiplicamini,
1388 4955 1434 4995 et
1481 4945 1666 5013 replete
1703 4955 1807 4997 ter-

223 5053 334 5089 ram
370 5036 531 5107 (Cen.
557 5052 602 5096 ι,
630 5032 726 5096 28)
757 5049 771 5094 ;
809 5043 864 5085 et
905 5047 999 5101 per
1031 5033 1278 5087 ordinem
1342 5035 1591 5103 replicat,
1646 5037 1804 5101 Selh,

289 5216 304 5248 ⁸
337 5214 740 5272 Casanatensis
761 5213 919 5275 liber,
940 5213 1156 5281 vestigia
1177 5217 1547 5280 propositionis
1567 5220 1800 5279 exposita

289 5291 308 5320 ’
344 5289 590 5341 Rursum
629 5285 1200 5357 Lasanatensishber
1259 5288 1525 5355 praeponit
1585 5292 1800 5357 epigra-

226 5359 377 5423 pbein
422 5355 737 5418 Disputatio
770 5351 1062 5423 Joviiniuni.

295 5427 315 5457 ⁸
349 5425 597 5480 Gravius
622 5425 809 5475 mallet
854 5422 1141 5476 Naturale.

294 5497 315 5527 ⁵
341 5497 491 5548 Alias
509 5505 656 5554 erat,
717 5509 822 5545 nec
858 5494 1014 5564 bene,
1045 5510 1219 5546 semen
1267 5496 1574 5564 nuptiarum
1623 5497 1802 5551 detlita

230 5583 377 5635 Opera
409 5565 691 5635 perdebat.
723 5563 946 5635 Antiqui
982 5563 1348 5635 tibriAunam
1373 5585 1467 5633 pro
1499 5567 1668 5618 Onam
1698 5571 1798 5620 l'rc-

231 5629 482 5696 nitenti-us
543 5634 812 5685 cllerunt.
869 5629 1036 5684 liei'te
1088 5629 1421 5689 Veronensis
1475 5641 1681 5689 Annam
1738 5654 1801 5689 ex

232 5705 411 5759 Graeco
445 5704 653 5764 Αὑνὰν,
697 5713 753 5754 et
783 5701 922 5754 infra
951 5705 1153 5754 Umber
1186 5721 1282 5765 pro
1317 5709 1510 5758 llaber.
1536 5733 1604 5743 —
1662 5706 1800 5769 Quia

232 5775 380 5842 fratri
415 5777 662 5827 invidens
683 5788 885 5825 semen.
917 5776 968 5823 In
1002 5778 1188 5826 codice
1220 5791 1320 5828 ms.
1349 5778 1537 5842 Sangei
1558 5792 1749 5827 maiien
1791 5780 1800 5829 i

235 5847 460 5915 legimus
497 5861 512 5898 :
554 5844 700 5907 ρυεα
744 5843 903 5909 fratri
945 5843 1196 5906 inridens,
1258 5863 1561 5897 sortiturum
1591 5857 1800 5912 uiptiu.

1908 4667 1978 4720 sit
2010 4668 2257 4731 Domino,
2295 4670 2429 4723 dicit
2461 4673 2662 4724 nullam
2692 4672 2862 4728 fuisse
2899 4675 3213 4732 distantiam
3247 4698 3261 4744 ;
3337 4684 3467 4749 quin

1909 4761 2086 4829 potius
2117 4764 2272 4815 tiilem
2307 4765 2477 4830 patris
2511 4765 2726 4832 prmlert
2754 4768 2825 4828 ei,
2851 4784 2968 4835 qum
2996 4785 3134 4824 cazsa
3159 4774 3227 4824 sit
3258 4773 3465 4838 lugetis.

1912 4853 2065 4906 Venit
2091 4854 2156 4908 ad
2186 4853 2401 4909 Samuel
2429 4857 2656 4910 alterum
2679 4859 2988 4914 Nazaraaum
3020 4864 3248 4928 Domini,
3279 4869 3367 4935 qui
3403 4870 3470 4922 ab

1909 4945 2134 5000 infantia
2187 4948 2426 5002 nutritus
2475 4949 2528 5001 in
2585 4950 2935 5005 tabernaculo
3007 4968 3111 5020 est,
3139 4965 3192 5010 ct
3240 4961 3469 5014 vestitus

1910 5041 2085 5093 Ei-uoa
2117 5053 2242 5101 BtD,
2275 5041 2416 5108 quod
2460 5040 2871 5111 interpretatur,
2904 5047 3126 5102 vestibus
3152 5049 3304 5104 lineis
3331 5068 3350 5106 :
3383 5055 3469 5105 d3-

1909 5235 2023 5270 ruin
2059 5232 2212 5283 api’ra
2263 5219 2524 5282 perdebat.
2567 5221 2623 5272 In
2660 5236 2768 5273 uno
2795 5222 3118 5278 Colbert'nae
3172 5228 3462 5286 Bibliothe-

1908 5303 2004 5350 c:e,
2034 5305 2204 5340 semen
2231 5290 2530 5355 nuptiarum
2549 5292 2598 5342 in
2638 5304 2780 5343 terra
2808 5294 3082 5358 fundebat.
3113 5299 3216 5350 Alii
3244 5304 3463 5354 codices

1910 5358 2093 5425 legunt
2123 5367 2178 5434 ut
2217 5373 2316 5410 uiis
2362 5361 2631 5434 edidimus
2667 5377 2682 5415 ;
2717 5373 2956 5415 nostram
2989 5382 3113 5419 vero
3175 5370 3460 5434 gi-iininiiin

1909 5443 2028 5479 esse
2055 5431 2337 5498 let-tionem
2376 5431 2590 5494 probari
2629 5442 2802 5498 ριιιεςι
2831 5447 2898 5486 ex
2927 5431 3187 5490 conti-stu
3213 5437 3346 5490 LXX
3375 5439 3461 5492 ln-

1910 5505 2224 5576 terpreium.
2257 5495 2393 5550 Gen.
2433 5495 2666 5576 surtu:
2697 5499 2880 5576 Sciens
2905 5515 3076 5555 autem
3095 5509 3317 5566 Annam,
3340 5511 3462 5576 quia

1910 5583 2009 5617 non
2034 5571 2129 5618 sibi
2163 5580 2273 5618 erat
2310 5583 2556 5632 scmen..,
2590 5570 2772 5634 effudit
2807 5587 2960 5635 super
2990 5583 3220 5637 terram,
3255 5594 3309 5628 ut
3351 5570 3461 5630 "ian

1907 5639 2056 5713 daret
2079 5653 2250 5688 semen
2269 5637 2428 5713 [fratri
2449 5656 2562 5691 suo.
2592 5639 2870 5692 Inviilebat
2895 5644 3056 5709 igitur
3079 5660 3262 5698 seincu
3286 5650 3459 5713 l'ratri,

1910 5718 1962 5759 ct
2001 5709 2117 5758 ideo
2143 5710 2453 5772 nuptiarum
2481 5723 2645 5775 opera
2682 5713 2963 5774 perdt-bat.
2999 5714 3265 5768 Maurus.

1913 5845 1950 5897 Ε
1980 5777 1999 5806 ⁸
2025 5775 2112 5827 Sic
2141 5780 2361 5846 corrigit
2395 5777 2617 5831 \‘alliirs.
2653 5794 2666 5832 :
2709 5779 2931 5833 Simian
2976 5800 3027 5846 ν,
3061 5785 3125 5837 ιι)
3155 5790 3313 5838 habet
3336 5787 3462 5854 quia

1929 5861 2066 5897 «οιτ-

1929 5861 2066 5898 ιοιῖ.
