4218 6448
158 415 271 478 28

1207 416 1617 478 ADVERSUS
1658 413 2137 477 JﬁVlNLHUM
2179 414 2323 473 ΗΒ.
2375 412 2420 476 Ι.

3326 407 3427 467 iii.

160 528 248 592 Et,
282 545 345 582 ne
377 535 546 582 tentet
601 543 690 581 vos
745 526 1004 591 Satanas,
1063 539 1271 595 propter
1318 530 1752 581 ittrOtttittenlinnt
1790 548 1825 597 Α
1863 528 2087 579 credens
2124 526 2371 594 repudiet
2413 540 2519 577 non
2559 526 2894 581 credentem.
2943 521 3241 588 (laesisque
3275 536 3438 587 eapu-

158 637 409 676 i'estram.
447 621 758 690 Redditque
789 638 1033 681 causan,
1066 638 1162 676 cur
1197 624 1417 686 diterit,
1456 625 1513 674 Si
1538 642 1588 675 sc
1643 641 1744 675 non

158 718 455 773 continent.
491 716 711 767 nubant.
739 714 931 768 Melius
954 725 1026 767 est
1059 717 1195 767 enim
1232 716 1421 769 nubere
1449 734 1607 786 quam
1642 718 1745 771 uri.

166 808 292 859 Ideo
327 808 527 859 melius
562 819 637 861 est
680 816 906 869 nuticre,
943 808 1065 874 quia
1133 807 1287 876 pejus
1317 819 1399 859 est
1435 809 1539 860 uri.
1598 805 1749 860 Tulle

160 900 415 952 ardorem
448 900 720 958 libidinis.
765 908 818 950 vt
852 916 959 951 non
996 901 1159 959 dict-t,
1204 900 1385 951 melius
1428 910 1501 951 est
1532 904 1746 952 nubere.

161 991 352 1044 Melius
385 990 538 1046 enim
594 1007 812 1059 semper
850 993 919 1045 ad
964 993 1423 1059 comparationem
1462 993 1750 1047 deterioris

160 1088 407 1152 resriicit,
450 1102 560 1137 mm
600 1085 664 1138 ad
720 1086 1123 1147 siuudicitatem
1176 1087 1621 1155 incomparabilis
1657 1104 1751 1156 per

159 1192 219 1228 se
246 1177 401 1229 boni.
446 1174 608 1229 Velut
641 1177 685 1229 si
723 1179 924 1231 dicere:
960 1194 973 1232 :
1011 1177 1199 1231 Melius
1254 1187 1334 1232 est
1392 1196 1557 1233 unum
1614 1196 1750 1233 ocu-

163 1270 270 1321 lum
337 1270 579 1330 habere,
634 1286 797 1337 quam
868 1272 1074 1325 nullum
1108 1288 1121 1324 :
1154 1272 1345 1324 melius
1382 1274 1538 1323 1uno
1591 1272 1748 1325 inniti

162 1362 319 1430 pede,
350 1372 409 1413 et
437 1363 669 1416 alteram
720 1376 931 1433 partem
984 1366 1236 1434 corporis
1308 1367 1501 1419 baculo
1533 1378 1752 1419 susten-

162 1464 277 1503 tare
325 1470 497 1519 quam
530 1454 725 1507 fractis
756 1457 1008 1509 cruribus
1055 1473 1262 1525 repere.
1296 1458 1435 1522 Quid
1477 1459 1577 1519 ais,
1610 1458 1751 1525 Apu-

161 1545 294 1597 stole
311 1544 336 1595 ?
356 1546 481 1597 Non
513 1547 610 1598 libi
640 1533 807 1599 Credo
825 1549 1048 1604 dicieuti.
1074 1547 1187 1602 Etsi
1204 1551 1476 1614 imperitus
1496 1566 1752 1614 scrmoa'te,

164 1655 260 1688 non
303 1651 493 1689 tamen
528 1640 780 1690 scientia.
822 1639 1105 1702 Quomodo
1166 1640 1297 1693 illud
1346 1640 1412 1693 de
1450 1641 1755 1693 humilitate

163 1732 476 1791 descendit,
513 1732 651 1794 Quia
686 1748 787 1783 non
816 1749 933 1784 sum
993 1734 1182 1800 dignus
1218 1736 1393 1785 vocari
1449 1735 1751 1801 Apostolus.

166 1822 246 1882 Et.
282 1824 420 1875 Mihi
443 1826 668 1877 minimo
700 1826 932 1877 omnium
964 1825 1341 1892 apostolorum.
1372 1825 1452 1888 Et,
1480 1827 1753 1895 Tanquam

1853 620 1993 683 sitis,
2034 622 2173 689 quod
2210 618 2534 672 candidatus
2590 618 2711 671 ﬁdei
2749 620 2818 671 sit
2868 618 3121 671 infidi-lis.
3156 616 3197 665 si
3233 616 3366 666 n'=|:t
3400 629 3428 663 a

1852 715 2107 767 credente
2148 711 2430 765 discedere
2475 728 2487 763 :
2524 725 2553 762 c
2598 709 2868 762 contrario
2904 710 3075 776 jubet,
3125 707 3165 761 si
3204 705 3439 758 iutidelis

1854 810 2099 877 repudiet
2139 808 2352 860 ﬁdelem
2406 819 2629 875 propter
2681 804 2837 856 iidem
2874 801 3076 855 Christi
3109 842 3120 861 ,
3160 802 3439 852 discedere

1853 904 2049 956 dehero
2084 902 2419 963 credentem,
2450 916 2516 951 nc
2556 901 2665 969 [ΑΙ.
2700 895 2820 966 nec]
2850 897 3135 964 eonjngem
3170 894 3424 962 proferat.

1855 996 1968 1069 [ΑΙ.
2020 993 2297 1065 prtelerre]
2346 995 2587 1055 Christo,
2624 994 2709 1046 cui
2761 994 2923 1044 etiam
2983 990 3163 1041 atlltlld
3223 999 3438 1057 postpo-

1856 1090 2033 1144 nenda
2056 1098 2157 1142 est.
2192 1090 2258 1140 At
2290 1103 2434 1141 nunc
2461 1088 2728 1157 pleraeque
2752 1094 3165 1138 C(mlCIllltt'ttleS
3191 1082 3437 1150 Apostoli

1850 1182 2172 1253 jussionem,
2206 1181 2508 1251 junguntur
2536 1179 2861 1249 gentilibus,
2916 1186 2969 1229 et
3001 1178 3195 1245 templa
3232 1174 3436 1229 (.‘hris‘i

1858 1276 2018 1329 idolis
2044 1276 2415 1344 prostitutiut;
2466 1287 2568 1325 nec
2604 1272 2910 1339 intelligunt
2960 1284 3017 1323 se
3048 1268 3291 1336 corporis
3321 1268 3439 1335 ejus

1857 1378 2065 1435 partem
2097 1382 2238 1427 esse,
2272 1365 2427 1431 cujus
2453 1374 2508 1416 et
2537 1374 2700 1415 cnslzt'.
2741 1372 2890 1413 sunt.
2940 1360 3169 1428 Ignoscit
3208 1363 3440 1426 Apusti-

1859 1461 1942 1512 lus
1987 1458 2281 1511 inﬁdelium
2338 1455 2738 1524 conjunrtioni,
2802 1470 2920 1521 qua:
2961 1455 3220 1504 habentes
3275 1450 3434 1518 2'33

1860 1553 2104 1612 inuitos,
2140 1553 2189 1604 in
2224 1551 2501 1603 Chrismm
2546 1558 2731 1617 postea
2772 1546 3119 1599 crediderunt
3149 1560 3163 1610 ;
3197 1561 3299 1595 non
3332 1546 3436 1603 hi2,

1858 1664 1975 1717 qua:
2003 1664 2125 1702 cum
2158 1644 2483 1699 Christianae
2516 1650 2719 1700 essent,
2774 1649 3077 1709 nupserunt
3105 1640 3431 1707 gentihhu-,

1859 1742 1924 1793 ad
1948 1758 2080 1809 quas
2112 1738 2237 1790 alihi
2294 1737 2530 1801 loquuur
2568 1748 2580 1786 :
2616 1732 2789 1785 Nolite
2840 1732 3033 1799 jugum
3095 1730 3283 1781 dueere
3318 1746 3436 1780 cum

1859 1833 2177 1901 inﬁdelibus.
2205 1830 2335 1895 Qum
2363 1827 2500 1879 enim
2534 1826 2877 1891 participatio
2902 1822 3135 1891 justitiae
3166 1838 3283 1873 cum
3336 1822 3441 1873 ini-

168 1916 439 1977 obortivo,
493 1915 578 1967 sic
631 1924 685 1967 et
740 1916 843 1967 hoc
902 1914 1223 1967 humilitatis
1272 1918 1477 1969 dictum
1547 1926 1678 1985 puto
1714 1922 1751 1971 '.

1861 1927 2104 1998 quitatr?
2139 1934 2229 1974 aut
2279 1939 2393 1991 qua-
2430 1920 2647 1972 societas
2708 1918 2814 1969 luci
2877 1920 2940 1968 att
2996 1917 3228 1970 tenebras
3255 1916 3280 1967 ?
3308 1914 3439 1979 Qua!

165 2005 304 2058 Nosti
372 2022 703 2060 sermonum
763 2007 1143 2075 proprietates,
1198 2008 1553 2076 quamobrem
1604 2023 1657 2063 ct
1689 2015 1755 2063 de

165 2098 516 2167 Epimenide,
586 2112 638 2153 et
692 2102 761 2155 de
822 2099 1136 2163 Menandro,
1195 2110 1249 2153 et
1310 2101 1465 2170 251
1494 2102 1559 2155 de
1593 2102 1759 2154 Arato

162 2194 411 2262 qua-dam
468 2194 648 2247 sumis
707 2194 1039 2247 testimonia.
1075 2194 1176 2249 Ubi
1210 2194 1277 2247 de
1311 2196 1648 2247 continentia
1678 2195 1759 2246 loc

162 2288 345 2355 queris
382 2298 445 2341 et
485 2288 850 2357 virginitate:
900 2287 1101 2341 Bonum
1126 2298 1224 2347 est.
1260 2289 1358 2347 ais.
1398 2290 1596 2341 homini
1639 2306 1760 2340 nm-

163 2384 341 2434 !ierem
394 2400 505 2435 non
552 2395 790 2451 tangere.
831 2380 915 2448 Et,
968 2382 1172 2435 Bonum
1219 2396 1290 2435 est
1324 2382 1418 2443 eis,
1449 2382 1495 2434 si
1540 2383 1615 2435 sic
1647 2398 1761 2448 per-

164 2477 464 2527 manserint
539 2485 597 2526 ut
649 2491 765 2543 ego.
808 2473 895 2536 Et,
947 2472 1085 2526 Puto
1134 2477 1230 2526 hoc
1282 2475 1473 2527 bonum
1520 2474 1596 2526 eis
1650 2490 1759 2527 esse

164 2578 377 2633 propter
413 2567 709 2617 instantem
760 2566 1141 2619 necessitatem.
1179 2564 1263 2626 Et,
1297 2564 1435 2628 Quia
1462 2564 1650 2617 bonum
1682 2572 1758 2617 est

166 2658 361 2710 homini
429 2659 511 2710 sic
565 2673 692 2709 esse.
728 2656 827 2711 libi
864 2657 929 2711 ad
981 2658 1199 2725 nuptias
1254 2659 1428 2721 venis,
1455 2674 1562 2710 non
1600 2657 1685 2711 dic
1709 2673 1754 2718 s,

168 2750 365 2802 bonum
401 2758 493 2801 est
522 2749 752 2813 nubere,
787 2750 912 2817 quia
962 2764 1067 2802 ltOu
1097 2759 1250 2816 potos
1302 2750 1562 2820 iungere,
1594 2765 1756 2817 quam

167 2843 241 2895 uri
266 2858 280 2907 ;
303 2842 403 2895 sed
434 2841 585 2894 dicis
620 2857 633 2893 ;
674 2840 863 2894 Melius
894 2850 971 2893 est
1003 2841 1191 2893 nubere
1243 2859 1401 2912 quam
1434 2844 1538 2895 uri.
1575 2843 1631 2897 Si
1666 2857 1759 2909 per

166 2936 456 3004 senuptia
487 2944 625 2987 sunt
684 2935 859 2995 bonae,
913 2934 1021 2986 noli
1077 2934 1195 2987 illas
1230 2934 1485 2989 inccndio
1535 2951 1759 3003 compa-

167 3043 280 3080 rare
313 3044 330 3083 :
364 3030 463 3080 sed
502 3027 593 3079 dic
626 3026 950 3096 simpliciter
976 3068 990 3087 ,
1037 3026 1237 3080 bonum
1274 3038 1356 3080 est
1392 3030 1620 3081 nubere.
1652 3027 1757 3081 Su-

166 3127 345 3186 specta
381 3126 469 3170 est
504 3118 639 3168 tnihi
686 3118 901 3169 bonitas
947 3117 1068 3183 ejus
1104 3117 1207 3181 rei,
1234 3132 1395 3184 quam
1444 3118 1758 3187 magnitudo

1864 2030 2040 2070 autem
2085 2018 2353 2069 cont-cutio
2385 2014 2583 2065 Christi
2621 2012 2692 2061 ad
2720 2008 2886 2062 Belial
2917 2012 2932 2037 “
2957 2010 2980 2060 ?
3010 2019 3099 2060 aut
3151 2025 3267 2078 qua!
3314 2026 3438 2076 pars

1865 2108 2007 2173 fideli
2028 2124 2144 2157 rum
2172 2102 2415 2173 inﬁdeli?
2465 2102 2567 2165 Qui
2600 2109 2774 2151 autem
2808 2116 3089 2152 consensus
3122 2103 3310 2168 templo
3347 2099 3442 2153 Dei

1863 2218 1979 2254 cum
2000 2199 2187 2253 idolis?
2228 2198 2325 2251 Vos
2352 2198 2494 2249 enim
2528 2196 2651 2248 estis
2690 2194 2940 2262 templum
2974 2194 3066 2247 Dei
3085 2194 3179 2246 rivi
3204 2191 3290 2261 (II
3312 2191 3437 2247 Cor.

1864 2309 1933 2354 vt,
1970 2293 2036 2345 ll
2071 2302 2118 2344 et
2144 2290 2333 2360 seqq.).
2362 2289 2513 2343 Licet
2544 2290 2687 2342 enim
2718 2289 2770 2341 in
2810 2304 2895 2341 me
2930 2292 3224 2341 szevituras
3259 2289 3429 2340 sciam

1864 2385 2126 2455 plurimas
2187 2393 2594 2444 matronarum;
2658 2380 2784 2433 licet
2851 2378 3040 2431 eadem
3101 2379 3438 2447 impudentia

1862 2492 1966 2546 qua
2007 2475 2290 2528 Dominum
2352 2482 2823 2540 contempserunt,
2886 2474 2940 2526 in
2995 2487 3079 2526 mc
3114 2474 3345 2539 pulit'etu
3383 2482 3439 2525 et

1861 2569 2302 2622 Christianorum
2368 2568 2654 2622 minimum
2706 2566 3137 2620 debacchaturas
3185 2584 3197 2619 :

1864 2662 2039 2716 dicam
2104 2661 2245 2728 quod
2308 2661 2751 2727 sentiozluquar
2798 2662 2940 2728 quod
3006 2676 3092 2713 tne
3144 2660 3439 2727 Apostolus

1863 2755 2071 2819 docuit,
2106 2769 2214 2807 non
2257 2754 2374 2807 illas
2402 2754 2631 2823 iustitia:
2658 2767 2801 2817 esse,
2832 2754 2924 2807 sed
2967 2752 3436 2822 iniquitatis;non

1863 2847 2025 2910 lucis,
2082 2846 2174 2899 sed
2216 2848 2611 2910 tenebrarum;
2668 2859 2777 2897 non
2817 2844 3043 2907 Christi,
3110 2846 3202 2898 sed
3236 2844 3435 2906 Belial;

1866 2953 1970 2992 non
2046 2939 2250 3007 templa
2308 2939 2398 2991 Dei
2477 2937 2751 3001 viventis,
2815 2936 2911 2993 scd
2983 2937 3103 2990 fana
3184 2949 3237 2990 ct
3298 2937 3437 2990 idola

1864 3040 2224 3086 mortuorum.
2272 3030 2359 3083 \‘is
2392 3029 2637 3099 apertius
2671 3031 2904 3092 discere,
2939 3032 3076 3096 quml
3116 3030 3439 3082 Christiana!

1866 3124 2090 3177 omnino
2133 3138 2239 3174 non
2276 3122 2435 3175 liceat
2482 3120 2703 3174 ethnico
2736 3121 2975 3174 nuhere?
3017 3121 3153 3173 Audi
3186 3120 3435 3173 citindeui

3258 2576 3436 2620 [animi

167 3210 393 3262 ’Πενίας
461 3208 593 3260 mall
648 3208 851 3259 “‘“lum
904 3221 1024 3260 esse
1060 3208 1205 3273 008“
1238 3207 1482 3261 ίηίενίυε·
1518 3209 1626 3277 I530
1655 3226 1755 3261 ειιι·
1788 3240 1829 3297 C
1863 3216 2209 3285 Apostolum,
2246 3212 2462 3276 Mulier,
2498 3213 2692 3282 inquit,
2717 3214 2939 3280 alligata
2970 3224 3044 3265 est
3076 3224 3268 3279 quanto
3307 3222 3435 3263 tent-

168 3314 267 3354 tem
305 3317 420 3355 non
459 3301 639 3354 levius
681 3299 902 3363 malum,
941 3300 1035 3355 sed
1069 3301 1295 3369 simplex
1333 3316 1429 3369 per
1459 3315 1516 3353 se
1552 3304 1753 3354 bonum

169 3398 311 3447 vnio.

238 3486 324 3538 10.
368 3485 626 3539 Mulieres
658 3483 837 3553 ﬁdeles
876 3485 1080 3553 juncta:
1115 3482 1432 3550 inﬁdelibus.
1492 3481 1759 3539 Matrona:

163 3580 430 3632 mitam:
467 3580 520 3630 in
551 3576 956 3647 Hieronymum.
990 3577 1260 3630 Abraham
1303 3577 1518 3643 udjurat
1552 3594 1757 3630 servum

165 3676 218 3723 in
254 3671 495 3724 Christo.
533 3700 602 3711 —
628 3670 922 3738 [lucusque
981 3670 1220 3738 primum
1254 3666 1549 3733 capitulum
1612 3669 1759 3722 edis-

166 3777 373 3817 sertum
407 3773 540 3826 est,
574 3763 856 3815 veniamus
891 3761 955 3813 ad
994 3759 1304 3828 sequentia.
1333 3758 1427 3812 llis
1458 3769 1633 3812 autem
1670 3760 1756 3828 qui

165 3858 508 3907 matrimonio
556 3855 731 3921 juncti
761 3864 902 3909 sunt.
958 3853 1208 3919 pra‘cipio
1238 3868 1340 3904 non
1368 3867 1480 3919 ego,
1528 3852 1618 3904 sed
1652 3850 1758 3904 ι)οσ

166 3950 371 4009 minus,
404 3961 627 3997 uxorem
662 3961 694 3995 a
719 3945 828 3995 viro
853 3959 954 3994 non
991 3943 1276 3997 discedere.
1304 3940 1455 4005 Quod
1488 3944 1531 3994 si
1560 3943 1755 3993 disces-

165 4046 293 4094 serit
318 4081 335 4103 ,
367 4056 588 4092 manere
618 4041 918 4105 innuptam,
956 4046 1048 4089 aut
1078 4040 1187 4091 viro
1237 4052 1333 4088 suo
1398 4035 1750 4089 reconciliari.

168 4134 233 4187 Et
256 4136 340 4186 vir
363 4147 585 4185 mrem
613 4130 632 4159 ³
664 4146 770 4181 non
804 4130 1057 4180 dimittat.
1085 4126 1233 4179 Nam
1267 4130 1467 4180 ceteris
1497 4143 1588 4194 ego
1616 4127 1752 4189 dico,

165 4242 270 4278 non
330 4225 635 4278 Dominus:
679 4220 740 4275 Si
773 4223 889 4291 quis
940 4223 1107 4291 frater
1138 4236 1353 4273 uxorem
1380 4221 1532 4271 habet
1566 4221 1755 4286 inﬁde-

166 4330 291 4381 ιηι,
326 4323 376 4365 et
408 4313 521 4365 hac
548 4312 799 4363 consentit
830 4308 1073 4362 habitare
1109 4325 1228 4361 cum
1258 4308 1369 4368 illo,
1397 4324 1498 4360 non
1524 4309 1755 4359 dimittet

165 4405 351 4469 illam;
415 4413 475 4457 et
532 4413 723 4455 caetera
760 4416 931 4468 usque
971 4401 1035 4453 ad
1070 4415 1194 4454 eum
1254 4400 1456 4460 locum,
1514 4398 1603 4451 ubi
1634 4398 1751 4451 ait:

169 4496 542 4564 Unusquisque
583 4494 717 4546 sicut
746 4494 945 4546 vocavit
974 4508 1090 4545 eum
1121 4491 1281 4555 Deus,
1312 4492 1388 4544 ita
1416 4491 1669 4554 ambulet,
1704 4500 1752 4540 et

1864 3325 1988 3377 pore
2014 3308 2091 3361 vir
2112 3307 2223 3375 ejus
2259 3308 2378 3359 vivit
2404 3307 2461 3371 ';
2487 3306 2626 3376 quod
2654 3307 2700 3359 si
2734 3306 3002 3356 dornticrit
3037 3305 3114 3355 rir
3145 3304 3280 3371 ejus,
3314 3304 3440 3356 libr-

1861 3412 1981 3456 rata
2012 3415 2081 3455 est
2114 3418 2131 3455 :
2168 3401 2253 3453 cui
2298 3402 2405 3453 vult
2439 3402 2621 3461 nubat,
2656 3408 2863 3449 tantum
2898 3400 2945 3447 iu
2983 3396 3201 3448 Itontino
3235 3395 3281 3460 (I
3308 3397 3433 3450 Cor.

1860 3514 1957 3560 vn,
2012 3496 2124 3565 39),
2164 3496 2217 3549 id
2252 3505 2356 3554 est,
2414 3494 2751 3547 Christiano.
2788 3492 2887 3556 Qui
2920 3491 3185 3541 secundus
3220 3499 3436 3543 tertias.

1861 3605 1967 3658 que
2024 3588 2245 3656 nuptias
2299 3586 2552 3641 concedit
2610 3585 2661 3637 in
2725 3584 2993 3645 ῡυιιιὶιο,
3062 3598 3259 3650 primas
3312 3598 3435 3634 cum

1860 3681 2081 3735 ethnico
2134 3678 2409 3748 prohibet.
2461 3676 2615 3731 Unde
2676 3687 2727 3729 et
2778 3678 3051 3729 Abraham
3086 3677 3440 3741 :uljuratser-

1859 3789 1985 3829 vum
2016 3772 2069 3826 in
2106 3771 2313 3825 femore
2336 3786 2455 3833 suo,
2491 3776 2593 3823 hoc
2618 3779 2723 3833 est,
2758 3770 2809 3821 in
2848 3769 3088 3829 Christo,
3123 3771 3213 3833 qui
3240 3770 3303 3821 de
3321 3771 3436 3837 ejus

1861 3875 1976 3920 erat
2009 3865 2215 3919 semine
2240 3864 2549 3916 nasciturus
2577 3902 2591 3926 ,
2627 3870 2683 3913 ut
2715 3862 2822 3913 lilio
2857 3878 2953 3911 sttu
2994 3859 3141 3913 Isaac
3170 3864 3432 3928 alienige-

1860 3974 1984 4012 nam
2058 3972 2165 4009 non
2228 3955 2460 4008 adducat
2511 3968 2758 4007 uxorem.
2837 3953 2899 4005 Et
2956 3952 3120 4005 Ezras
3170 3952 3431 4005 offensam

1858 4052 1949 4105 Dei
1982 4047 2360 4117 hujuscemodi
2414 4062 2641 4100 uxorum
2698 4046 3075 4112 repndiatione
3129 4052 3430 4110 compesm:

1859 4142 1945 4213 (11
1972 4141 2127 4196 Esdr.
2158 4144 2232 4210 ι).
2267 4140 2333 4194 Et
2374 4139 2667 4193 Malachias
2698 4139 2961 4205 propheta
2994 4153 3007 4191 :
3045 4135 3432 4189 Prtevaricutus

1860 4244 1954 4295 est,
1994 4233 2192 4300 inquit,
2227 4232 2419 4292 ludas,
2448 4240 2497 4281 et
2532 4229 2981 4281 abominationem
3013 4229 3132 4296 fecit
3177 4230 3230 4278 in
3266 4227 3433 4279 Ιοναίει

1857 4340 1904 4382 et
1946 4329 2001 4379 in
2047 4325 2370 4379 Jerusalem.
2411 4323 2603 4375 Polluit
2640 4323 2778 4374 enim
2841 4331 3080 4372 sanctum
3126 4320 3359 4381 Domini,
3385 4332 3431 4373 et

1858 4420 2061 4480 dilexit,
2097 4429 2145 4471 et
2178 4418 2361 4469 habuit
2394 4416 2567 4483 ﬁliam
2602 4414 2696 4467 Dei
2734 4413 2914 4465 alieni.
2950 4412 3225 4480 Disperdat
3256 4418 3431 4465 Nonii-

1861 4530 1958 4567 nus
1991 4514 2156 4565 virum
2178 4511 2264 4578 qui
2297 4510 2472 4577 fecerit
2499 4508 2612 4570 hoc,
2647 4506 2979 4574 magistrum,
3006 4516 3052 4557 et
3087 4506 3427 4562 discinnlum.

164 4589 301 4640 ⁸⁵⁸⁸⁸
322 4588 379 4638 θη
397 4583 639 4637 omum”
664 4582 1090 4647 Eccle’il’ldocw
1119 4581 1169 4651 (ι
1189 4586 1314 4637 co"
1342 4598 1433 4646 “lt
1469 4583 1534 4636 ίθ
1552 4584 1754 4650 seqq'l'
1791 4575 1833 4629 Β
1862 4609 1925 4659 de
1957 4575 2308 4657 tabernaculis
2344 4599 2507 4652 Iacob
2528 4617 2545 4657 :
2563 4608 2610 4652 et
2636 4600 2937 4667 oﬂ'erentem
2968 4614 3181 4650 munera
3207 4597 3431 4650 Domino

166 4680 269 4735 llic
340 4682 495 4732 locus
581 4675 647 4729 ad
716 4684 1036 4741 praesentem
1107 4674 1540 4727 controversiam
1630 4688 1739 4726 non

166 4774 429 4841 pertinet.
486 4769 651 4822 Docet
677 4770 849 4829 enim,
900 4766 1051 4834 juxta
1122 4770 1447 4818 sententiam
1503 4764 1742 4828 Domini,

169 4878 423 4921 uxorem,
450 4868 679 4926 excepta
711 4873 872 4911 causa
897 4857 1301 4917 fornicationis,
1323 4872 1428 4909 non
1451 4858 1743 4925 repudian-

166 4958 318 5017 dam,
353 4964 405 5007 et
464 4950 827 5019 repudiatam,
863 4950 987 5002 vivo
1032 4950 1245 5013 marito,
1296 4948 1447 5002 alteri
1486 4965 1593 5002 non
1646 4966 1747 5003 nu-

167 5049 321 5106 bere.
351 5056 451 5099 aut
499 5056 648 5098 certe
684 5045 800 5095 viro
855 5058 953 5095 suo
990 5042 1331 5096 reconciliari
1382 5042 1603 5096 debere.
1645 5040 1738 5094 His

167 5151 354 5193 autem
391 5154 532 5207 quos
583 5138 636 5189 in
687 5134 1036 5188 matrimonio
1074 5134 1525 5203 deprehendisset
1587 5132 1743 5197 ﬁdes,

169 5237 272 5288 huc
306 5246 413 5292 εει.
465 5234 509 5284 si
548 5246 689 5283 unus
712 5228 1033 5283 credidisset
1058 5243 1088 5282 e
1126 5227 1365 5289 duobus,
1400 5227 1641 5296 prtecipit
1678 5242 1746 5280 ne

241 5372 258 5401 ¹
294 5370 574 5426 Iamiam.
640 5364 828 5419 Helius
880 5375 955 5418 est
1006 5365 1143 5419 enim
1197 5380 1321 5424 uno,
1382 5372 1486 5417 etc.
1514 5364 1579 5417 Et
1622 5380 1742 5417 mox

165 5442 296 5508 quid
336 5456 478 5507 agis,
512 5435 778 5504 Apouole,
811 5448 919 5489 etc.

238 5515 259 5542 ’
290 5505 472 5563 Antea
508 5517 625 5559 erat
656 5516 807 5573 puta,
834 5505 1191 5558 renuentibus
1226 5520 1355 5559 mss.

244 5581 265 5611 ⁸
304 5578 687 5647 Expunxiuius
746 5578 870 5647 hinc
904 5590 1099 5647 vocent
1127 5590 1300 5647 suam,
1354 5589 1514 5647 quam
1571 5590 1749 5643 neque

177 5650 353 5703 nostri
392 5644 655 5709 'codices,
690 5659 792 5698 nec
822 5645 1057 5713 denique
1092 5645 1353 5697 hodierna
1390 5644 1607 5712 Vulgata
1650 5648 1748 5697 ha-

176 5722 325 5772 bent.

244 5792 263 5817 ⁸
291 5787 474 5840 Nostri
507 5785 723 5839 codices
756 5793 1073 5839 constanter
1101 5783 1304 5838 habent
1332 5783 1541 5837 Christo
1577 5795 1625 5836 et
1652 5783 1749 5838 Be-

179 5858 503 5941 liat:justa
559 5856 754 5916 Grato,
815 5853 1034 5922 Χριστῴ
1083 5856 1215 5923 πρὸς
1247 5854 1461 5923 βελξαρ.
1532 5853 1636 5906 Sed
1703 5868 1745 5907 et

435 5953 705 6009 Parum.
740 5947 957 6006 XXill.

1852 4698 2102 4748 virtutum
2135 4693 2154 4722 ι
2179 4692 2433 4761 (Μαιαι-Ιι.
2473 4706 2536 4752 ιι,
2574 4692 2657 4749 tt.
2694 4690 2802 4754 η).
2842 4691 2960 4742 llzec
2985 4674 3185 4743 idcirco
3211 4692 3340 4748 dixi.
3376 4703 3434 4747 ut

1853 4788 1944 4857 qui
1982 4788 2196 4854 nuptias
2260 4783 2554 4850 virginitati
2611 4795 2949 4849 comparant,
3016 4782 3190 4835 sciant
3238 4787 3428 4837 saltem

1857 4882 1992 4935 tales
2016 4882 2234 4947 nuptias
2264 4878 2511 4945 digamite
2538 4888 2591 4927 et
2615 4878 2879 4942 trigumia:
2911 4874 3309 4943 subjiciendus,

1830 5030 1833 5033 ν
1872 4990 1901 5011 ιε
1933 4972 2020 5024 Η.
2080 4967 2489 5035 Intelligentiam
2538 4984 2683 5020 suam
2734 4968 3207 5033 reprehendendam
3257 4979 3427 5031 putat.

1857 5061 2013 5115 Fides
2039 5060 2249 5129 proprie
2282 5057 2834 5113 Clu-istiauoruntest.
2872 5088 2934 5099 —-
2975 5060 3051 5111 Ad
3089 5058 3426 5126 superiorem

1855 5155 2303 5223 disputationem,
2335 5154 2387 5206 in
2440 5168 2543 5219 qua
2573 5152 2830 5205 docnt-rat
2862 5152 3069 5205 ﬁdelem
3126 5155 3192 5205 ab
3224 5151 3427 5205 inﬁdeli

1858 5263 1965 5301 non
1985 5248 2183 5300 dClich
2210 5246 2505 5299 discedere
2532 5242 2623 5294 sed
2654 5259 2970 5310 permanere.
2997 5244 3047 5293 in
3078 5244 3428 5294 matrimonio

1859 5374 2020 5427 Belia!
2053 5389 2147 5439 pro
2170 5370 2343 5423 Belial
2375 5369 2705 5424 invenimus.

1931 5447 1950 5473 "
1985 5443 2253 5494 Victorius
2315 5443 2462 5495 addit
2512 5442 2632 5507 legi,
2697 5451 2750 5493 ut
2780 5456 2902 5495 cum
2968 5439 3190 5510 Vulgata
3242 5440 3424 5499 faciat,

1860 5531 1979 5565 nam
2020 5514 2071 5565 in
2102 5511 2304 5564 Gra-cis
2324 5513 2721 5579 exeiuplaribtts
2754 5513 2948 5579 srepius
2971 5510 3044 5579 τῷ
3080 5512 3425 5579 νόμῳιὶροει.

1862 5600 1957 5636 nec
1986 5582 2391 5652 llierouymiani
2445 5596 2556 5633 tnss
2608 5582 2708 5652 hoc
2765 5582 2883 5633 loco
2916 5581 3131 5635 habent.
3183 5582 3424 5652 Casana-

1862 5654 2026 5705 tensis
2058 5649 2215 5719 paulo
2279 5660 2421 5717 post,
2477 5651 2527 5701 id
2560 5660 2629 5702 cst
2670 5649 2991 5714 Christiano,
3042 5667 3141 5703 non
3199 5651 3425 5711 ethnico,

1860 5724 1945 5788 qui
1980 5722 2256 5779 secundas,
2291 5732 2393 5773 ctc.

1933 5793 1952 5819 ⁸
1977 5792 2360 5845 Cusauateusis
2398 5792 2535 5844 male
2564 5801 2607 5842 et
2640 5806 2741 5843 non
2776 5791 3091 5857 o/fercutem.

3084 5951 3123 6006 ὃ
