4218 6452
765 352 871 415 935

1943 354 2002 409 S.
2050 350 2361 409 EUSEBII
2418 347 2852 408 lllEliONl’llI

3935 338 4045 399 ΕἷΞῦ

760 468 903 518 siuut
955 482 1048 517 eos
1112 467 1409 518 invi-uisset
1458 465 1612 526 lides,
1673 474 1727 517 et
1766 478 2212 532 unumquemque
2261 462 2339 513 vel
2374 467 2418 519 Α
2446 462 2746 522 Christum,
2779 462 2824 514 si
2864 460 3227 514 circuiuCisus
3267 462 3492 509 vocatus
3518 467 3577 507 es
3610 449 3678 504 ab
3735 460 3936 511 uxore,
3993 452 4051 499 et

759 560 1032 616 t-telihem.
1061 558 1141 612 vel
1172 559 1423 612 maritum
1467 559 1538 610 ita
1591 556 1790 611 durare
1844 567 1901 610 ut
1937 566 2083 610 esset
2138 554 2338 610 Christi

761 655 1092 721 baptismate
1145 651 1543 722 deprehensus.
1606 650 1770 705 inl'ert
1822 650 2001 703 subito
2061 648 2340 719 parabolas

760 735 923 815 953
959 744 1271 800 circumcisi
1298 752 1352 797 et
1378 743 1609 806 ethnici,
1641 743 1778 796 servi
1812 751 1861 795 et
1918 742 2069 795 liberi
2103 752 2189 796 :et
2234 740 2339 793 sub

768 837 1089 904 metaphora
1155 849 1343 888 earum
1406 835 1468 885 de
1499 834 1685 901 nuptis
1712 832 1942 900 disputat
1980 843 2033 885 et
2070 832 2336 900 innuptis.

766 931 1124 981 liircumcisus
1158 927 1357 998 aliquis
1386 937 1602 981 vocatus
1625 933 1721 989 est,
1746 942 1847 977 non
1876 927 2105 978 adducat
2131 940 2339 993 prmpu-

767 1029 919 1077 tium.
979 1020 1044 1075 In
1076 1024 1338 1092 pra'putio
1388 1031 1599 1074 vocatus
1633 1029 1726 1080 est.
1769 1036 1869 1072 non
1912 1018 2341 1073 circumcitlatur.

763 1118 1109 1170 (lircumctsio
1158 1115 1290 1169 nihil
1327 1122 1421 1175 est,
1466 1124 1514 1167 et
1566 1118 1879 1181 pra'ptttium
1942 1112 2074 1164 irihi!
2102 1121 2219 1174 est;
2251 1109 2341 1162 sed

761 1214 1050 1266 observatio
1107 1211 1477 1264 sumulacrum
1542 1207 1658 1261 Dei.
1712 1202 2073 1272 Unusquisque
2115 1206 2166 1256 in
2238 1220 2340 1272 qua

762 1308 1034 1360 vacatione
1080 1313 1289 1358 vocatus
1329 1313 1426 1364 est,
1467 1303 1522 1354 in
1564 1318 1623 1353 ea
1655 1306 1983 1368 permaneat.
2034 1296 2223 1349 Servus
2250 1313 2341 1347 vo-

760 1412 911 1454 catus
943 1416 1016 1463 es,
1050 1415 1151 1451 non
1185 1399 1251 1450 sit
1281 1396 1373 1449 tibi
1403 1412 1569 1448 cura).
1602 1393 1705 1447 Sed
1734 1402 1779 1445 et
1808 1392 1853 1443 si
1886 1402 2027 1457 potes
2054 1390 2181 1443 liber
2202 1389 2339 1454 ﬁeri,

764 1495 931 1563 magis
961 1502 1124 1545 utere.
1167 1492 1267 1554 Qui
1300 1490 1439 1542 enim
1468 1491 1518 1539 in
1550 1486 1773 1539 Domino
1798 1495 2012 1536 t'ot'ttltts
2042 1494 2113 1534 (δι
2138 1499 2338 1543 servus,

762 1586 977 1637 libertus
1015 1593 1086 1636 est
1152 1581 1379 1634 Domini.
1423 1578 1677 1631 Similiter
1750 1587 1797 1628 et
1856 1577 1943 1645 qui
1975 1576 2101 1628 liber
2133 1586 2341 1627 vocatus

762 1689 862 1738 est,
914 1691 1091 1728 servus
1132 1683 1207 1726 est
1252 1670 1476 1725 Christi.
1534 1668 1712 1721 Pretio
1761 1670 1917 1733 empti
1961 1669 2082 1719 rstis
2112 1684 2129 1719 :
2186 1665 2344 1719 nolite

762 1772 877 1839 ﬁeri
907 1770 1039 1823 servi
1070 1768 1361 1819 hominum.
1388 1762 1751 1831 Unusquisque
1785 1763 1942 1831 ergo‘
1973 1761 2024 1814 in
2058 1776 2159 1830 quo
2189 1776 2341 1812 vocu-

760 1876 842 1917 tus
865 1871 939 1917 est
987 1863 1172 1931 frater,
1204 1860 1259 1911 in
1296 1874 1357 1911 eo
1385 1864 1695 1926 permaneat
1748 1857 1887 1922 apud
1941 1854 2104 1907 Deum
2139 1851 2185 1920 (Ι
2212 1850 2335 1906 Cor.
2375 1832 2416 1887 Β

763 1977 859 2021 vn,
932 1957 997 2010 18
1029 1955 1217 2022 seqq.).
1278 1955 1353 2006 Ac
1388 1950 1645 2021 primum,
1685 1949 1812 2018 quia
1880 1948 2172 2001 nonnullos
2203 1950 2342 2000 hanc

759 2049 1171 2121 intelligentiam
1233 2044 1671 2114 reprehensuros
1756 2040 2030 2103 arbitror,
2105 2040 2342 2093 interro-

762 2159 888 2210 gare
933 2141 1065 2195 libet
1127 2154 1249 2208 qua:
1309 2137 1379 2189 sit
1440 2133 1829 2200 consequentia
1863 2173 1877 2196 ,
1934 2141 1991 2185 ut
2032 2132 2100 2186 de
2132 2131 2345 2186 maritis

763 2246 816 2286 nl.
857 2234 1117 2289 uxoribus
1149 2233 1459 2299 disputans,
1526 2231 1751 2294 repente
1802 2224 2053 2278 transiret
2101 2224 2165 2277 ad
2193 2239 2343 2277 com-

765 2330 1103 2399 parationem
1160 2322 1331 2378 Judaei
1380 2332 1434 2375 et
1469 2319 1698 2381 ethnici,
1747 2320 1888 2369 servi
1938 2326 1992 2370 et
2040 2316 2197 2369 liberi
2242 2325 2341 2370 :et

768 2437 1002 2485 rursum,
1034 2418 1137 2472 hac
1159 2413 1527 2483 disputatione
1556 2410 1728 2470 ﬁnita,
1756 2408 1961 2462 rediret
1992 2408 2058 2462 ad
2106 2409 2341 2477 virgines

765 2516 987 2565 dict-tm:
1016 2507 1089 2559 De
1115 2504 1397 2573 virginibus
1434 2513 1609 2554 autem
1653 2510 1968 2569 prwceptum
1999 2498 2206 2553 Domini
2240 2517 2339 2552 non

762 2604 926 2655 habeo
958 2599 1004 2669 (Ι
1039 2597 1163 2651 Cor.
1206 2612 1298 2659 vn,
1332 2594 1408 2663 5).
1446 2594 1586 2658 Quid
1624 2593 1725 2646 sibi
1770 2594 1882 2645 vult
1955 2593 2095 2645 inter
2145 2592 2340 2659 conju-

761 2697 844 2765 gia
886 2702 941 2747 et
978 2691 1366 2760 virginitatem,
1401 2683 1574 2739 Judaei
1621 2697 1671 2738 et
1720 2683 1949 2747 ethnici,
2005 2684 2145 2737 servi
2208 2684 2342 2737 lihe-

766 2790 919 2855 rique
948 2782 1170 2838 collatio
1200 2782 1222 2834 ?
1254 2778 1511 2832 Secundo
1543 2778 1817 2845 quomodo
1877 2776 2051 2846 possit
2090 2776 2339 2845 intelligi,

762 2878 1119 2933 Circumcisus
1162 2874 1357 2944 aliquis
1389 2880 1603 2925 vocatus
1632 2880 1730 2932 est,
1761 2886 1865 2923 non
1926 2870 2157 2922 adducat
2203 2884 2339 2935 pra:-

760 2977 963 3044 putium
1005 2970 1168 3040 (Ibid.
1206 2968 1337 3037 l8)?
1365 2964 1620 3035 Nunquid
1684 2967 1772 3033 qui
1805 2963 1970 3016 semel
1998 2973 2337 3031 amputatum

764 3069 929 3123 habet
971 3062 1319 3135 prmputium,
1350 3059 1569 3129 potest'
1616 3057 1659 3111 si
1701 3056 1826 3111 velit
1865 3071 2055 3109 rursus
2083 3056 2211 3109 illud
2243 3054 2342 3107 ad‘

760 3160 1005 3216 ducere?
1075 3155 1278 3212 Deinde
1325 3170 1434 3224 quo
1488 3166 1654 3207 sensu
1697 3152 2080 3220 exponendum
2111 3149 2201 3209 sit,
2238 3148 2340 3212 Qui

760 3258 898 3309 enim
929 3253 983 3305 in
1019 3250 1244 3303 Domino
1270 3256 1487 3301 voratus
1520 3252 1599 3299 est
1630 3259 1831 3305 servus,
1864 3241 2085 3310 libertus
2118 3250 2193 3294 est
2242 3240 2347 3293 Do-

760 3347 937 3401 mini?
988 3344 1245 3399 Similiter
1293 3340 1381 3407 qui
1428 3338 1562 3391 liber
1620 3345 1835 3390 vocatus
1887 3344 1984 3395 est,
2050 3350 2229 3387 servus
2271 3344 2346 3386 est

766 3438 966 3492 Christi
998 3434 1193 3503 (lbid.,
1219 3430 1354 3497 22)?
1385 3429 1611 3494 Quarto,
1636 3424 1913 3496 quomodo
1944 3422 2031 3477 ille
2079 3422 2170 3490 qui
2205 3438 2347 3491 pra:-

762 3531 908 3600 cepit
944 3528 1119 3581 servis
1158 3524 1379 3576 obedire
1406 3520 1643 3575 dotninis
1679 3516 2017 3579 carnalibus,
2068 3529 2215 3567 nunc
2268 3514 2351 3565 di-

763 3630 849 3676 tat
886 3638 898 3675 :
932 3618 1108 3673 Nolite
1128 3617 1243 3684 ﬁeri
1276 3615 1410 3666 servi
1437 3612 1710 3664 hominum
1739 3606 1905 3677 (Ibid.
1941 3606 2074 3676 ‘25)?
2124 3606 2202 3658 Ad
2256 3621 2349 3659 ex-

765 3724 1026 3771 tremum,
1064 3708 1196 3777 qttid
1232 3707 1503 3775 pertineat
1527 3702 1592 3754 ad
1632 3702 1973 3761 servitutem,
2004 3697 2087 3750 vel
2107 3696 2347 3750 circum-

768 3808 1065 3865 cisionrm,
1104 3798 1478 3868 Unusquisque
1508 3795 1559 3847 in
1592 3809 1693 3859 quo
1728 3802 1941 3844 voratus
1964 3799 2038 3841 est
2067 3788 2255 3856 frater,
2296 3790 2348 3839 in

767 3917 826 3955 eo
849 3904 1157 3969 permaneat
1194 3891 1334 3956 apud
1376 3889 1545 3940 Deum
1571 3886 1594 3937 ?
1617 3885 1747 3938 l‘iam
1784 3896 1838 3938 et
1887 3883 2224 3936 contrarium
2265 3892 2348 3933 est

766 3988 1035 4061 superiori
1071 3983 1376 4037 sententiae.
1408 3979 1460 4032 Si
1499 3976 1643 4029 enim
1677 3975 1804 4027 illud
1841 3976 2146 4027 audivimus
2177 3990 2189 4025 :
2230 3972 2346 4024 No-

770 4085 861 4139 lite
884 4082 999 4152 ﬁeri
1026 4079 1167 4132 serri
1189 4076 1483 4134 hominum,
1508 4084 1613 4137 qua
1650 4068 1860 4120 ratione
1880 4078 2172 4133 possumus
2200 4067 2252 4118 iu
2284 4079 2345 4117 ea

773 4184 1097 4244 permanere
1131 4163 1419 4220 vocatione.
1452 4174 1557 4228 qua
1586 4155 1762 4210 vocati
1795 4170 2007 4214 sumus,
2042 4168 2164 4205 cum
2191 4152 2346 4205 multi

770 4263 1103 4321 crediderint
1153 4256 1420 4309 habentes
1494 4248 1746 4303 carnales
1801 4244 2085 4306 dominos,
2147 4244 2346 4312 quibus

774 4372 918 4413 nunc
952 4351 1157 4407 servire
1183 4339 1589 4416 prohibentur?
1631 4337 1799 4391 Porro
1852 4335 1917 4389 ad
1969 4333 2345 4389 circumcisio-

771 4463 895 4502 nem
924 4443 1051 4511 quid
1088 4440 1215 4492 facit
1251 4446 1571 4504 permanere
1599 4430 1652 4483 in
1683 4444 1745 4482 ea
1779 4430 2096 4482 vocatione.
2138 4426 2191 4476 in
2237 4440 2341 4492 qua

2450 557 2653 609 cmlebs
2683 571 2805 609 eras
2843 571 2855 609 ε
2892 552 3000 607 noli
3035 552 3237 606 ducere
3296 562 3546 610 uxorem,
3592 544 3697 600 hoc
3756 550 3868 604 est,
3930 538 4050 593 noli

2454 649 2725 701 adducere
2748 645 3094 717 prmputium,
3111 658 3180 696 ne
3204 637 3646 695 circumcisionis
3676 644 3732 690 et
3757 630 4050 705 pudicitia!

2451 741 2753 795 libcitatem
2788 754 2984 793 oneres
3021 740 3236 793 sarcina
3288 736 3634 798 nuptiarum.
3681 730 3932 783 ltnrsnm
3996 724 4047 777 si

2452 837 2503 887 in
2540 833 2811 902 prmpntio
2835 832 2957 900 quis
2990 842 3215 885 voratus
3245 839 3349 892 est,
3412 844 3519 881 non
3578 822 4048 879 circumcidatur.

2454 927 2722 985 Habebas.
2779 924 2977 994 inquit,
3036 940 3286 985 uxorem,
3338 936 3461 975 cum
3532 914 3867 970 credidisti:
3924 908 4046 964 noli

2454 1020 2607 1070 tidem
2638 1017 2837 1071 Christi
2871 1031 3059 1086 putare
3090 1031 3314 1071 causam
3376 1011 3608 1071 dissidii,
3654 1009 3783 1078 quia
3813 1007 3871 1059 in
3907 1018 4047 1073 pace

2452 1114 2665 1167 nicavit
2695 1129 2793 1166 nos
2824 1114 2983 1167 licus.
3033 1110 3375 1166 Circumcisio
3424 1107 3555 1161 nihil
3586 1115 3683 1168 est,
3734 1112 3785 1155 et
3828 1112 4046 1166 purpu-

2452 1217 2581 1257 llltlll
2646 1206 2780 1257 nihil
2834 1216 2948 1271 est;
3017 1205 3105 1258 sed
3156 1203 3452 1257 observatio
3502 1198 3883 1252 mandatorum
3944 1189 4046 1242 Dei

2458 1299 2618 1362 (Ibid.
2663 1300 2773 1354 t9l.
2820 1297 2962 1352 Nihil
3029 1298 3174 1351 enim
3231 1295 3455 1366 prodest
3511 1293 3721 1355 abstine
3774 1286 4047 1358 operibus

2452 1392 2760 1456 (mlibatus,
2794 1401 2848 1443 et
2876 1392 3105 1459 nuptia',
3129 1405 3252 1443 cum
3285 1390 3448 1441 etiam
3482 1385 3639 1446 tiles,
3668 1398 3789 1451 qiue
3812 1378 4046 1448 proprie

2451 1485 2889 1538 Christianorum
2926 1493 3027 1546 est,
3061 1485 3103 1536 si
3133 1498 3299 1551 opera
3352 1495 3457 1533 non
3512 1476 3784 1536 habuerit,
3817 1482 4044 1526 mortua

2452 1592 2575 1630 esse
2609 1576 2861 1640 dicatur;
2896 1587 2947 1629 et
2983 1576 3082 1629 hac
3110 1576 3225 1643 lege
3261 1572 3500 1642 virgines
3550 1581 3776 1639 quoque
3835 1563 4045 1623 Vest!»

2452 1678 2505 1719 ct
2539 1666 2768 1718 .lunnnis
2816 1665 3044 1717 univira!
3102 1666 3154 1717 in
3206 1670 3522 1717 sanctarum
3579 1664 3785 1723 queant
3843 1649 4049 1707 ordine

2457 1758 2777 1812 numerari:
2818 1758 3182 1827 Unusquisque
3242 1756 3297 1809 in
3330 1770 3435 1825 qua
3496 1754 3774 1805 vocatione
3820 1754 4047 1799 vocatas

2448 1862 2548 1911 est,
2586 1852 2639 1903 in
2667 1868 2725 1904 ea
2755 1857 3060 1917 permaneat
3098 1848 3286 1917 (lbid.,
3324 1845 3439 1915 24).
3491 1841 3724 1909 Quando
3778 1836 4042 1894 credidit.

2450 1943 2562 1996 site
2591 1943 2846 2009 habebat,
2875 1942 2989 1997 sive
3015 1958 3123 1996 non
3159 1940 3395 1995 habebat
3425 1951 3678 2000 uxorem,
3720 1935 3776 1987 in
3805 1948 3872 1987 eo
3912 1946 4043 2001 per-

2450 2041 2688 2098 manrat,
2718 2033 2771 2086 in
2816 2050 2925 2101 quo
2961 2042 3192 2089 vocatus
3219 2041 3324 2087 est.
3358 2032 3439 2087 Ac
3484 2045 3581 2101 per
3608 2030 3711 2082 hoc
3762 2040 3873 2079 non
3932 2037 4045 2077 tam

2452 2127 2692 2191 virgines
2727 2128 2870 2197 (‘Ogil
2901 2138 2957 2181 ut
2992 2130 3225 2193 nubant,
3254 2140 3417 2195 quam
3476 2123 3701 2192 repudia
3756 2116 4045 2189 prohibet.

2451 2220 2514 2271 lit
2539 2220 2675 2273 sicut
2712 2220 3043 2273 habentibus
3069 2233 3264 2273 uxores
3312 2216 3453 2272 tollit
3505 2213 3783 2268 licentiam
3842 2208 4045 2261 dimit-

2451 2314 2598 2366 tendi
2631 2328 2745 2373 eas.
2781 2314 2859 2368 sic
2895 2313 3197 2383 virginibus
3226 2309 3473 2366 nubendi
3505 2316 3757 2374 amputat
3798 2303 4045 2358 faculta-

2452 2416 2554 2458 tem
2586 2422 2598 2459 :
2636 2405 2827 2458 Servus
2852 2420 3065 2459 vocatus
3089 2422 3163 2468 es,
3203 2422 3306 2458 non
3347 2405 3413 2457 sit
3441 2403 3534 2455 tibi
3570 2413 3747 2461 curre;
3778 2398 3871 2451 sed
3909 2408 3963 2450 et
3998 2396 4047 2449 si

2450 2509 2593 2564 potes
2627 2498 2757 2549 liber
2785 2498 2921 2566 ﬁeri,
2948 2499 3118 2566 magis
3168 2507 3332 2549 utere.
3392 2494 3568 2547 Etiam
3610 2494 3653 2546 si
3698 2491 3891 2550 habes,
3957 2491 4046 2540 in-

2448 2590 2589 2658 quit,
2624 2607 2873 2653 uxorcm,
2907 2604 2959 2643 et
2989 2591 3062 2644 illi
3097 2591 3347 2658 alligatus
3381 2602 3463 2650 es,
3491 2596 3544 2640 et
3568 2586 3741 2640 solxis
3764 2586 4041 2642 ili-hilum,

2450 2695 2501 2736 et
2540 2700 2646 2736 non
2687 2686 2851 2738 habes
2884 2685 2963 2737 tui
3014 2685 3263 2752 corporis
3311 2693 3684 2754 potestatem;
3733 2690 3903 2748 atque
3958 2678 4041 2748 (ut

2452 2775 2793 2830 utanit'estius
2833 2776 3045 2847 loquar)
3077 2793 3269 2832 servus
3319 2779 3509 2831 uxoris
3536 2793 3616 2838 es,
3654 2776 3765 2830 noli
3801 2783 4039 2843 propte:

2449 2866 2554 2920 hoc
2613 2869 2813 2922 habere
2837 2870 3132 2934 tristitiam,
3160 2886 3258 2924 nec
3281 2871 3347 2925 de
3368 2872 3566 2924 amissa
3590 2867 3907 2937 virginitate
3940 2881 4043 2919 su-

2451 2956 2646 3024 spircs.
2690 2956 2792 3009 Sed
2819 2957 2982 3011 etiam
3018 2958 3063 3011 si
3100 2970 3255 3026 potes
3293 2973 3487 3012 causas
3536 2958 3749 3023 aliquas
3781 2956 4044 3009 invenire

2453 3045 2683 3107 tlissidii,
2717 3055 2777 3097 ut
2818 3046 3069 3100 libertate
3108 3047 3381 3115 pudicitiae
3426 3048 3756 3116 perfruaris,
3793 3048 3908 3099 noli
3955 3063 4044 3100 sa-

2454 3135 2618 3187 lutrm
2655 3145 2799 3187 tuam
2832 3151 2953 3187 eum
2995 3137 3222 3190 alterius
3254 3138 3479 3191 interitu
3519 3153 3792 3208 qumrere.
3824 3136 4047 3192 Habeto

2452 3228 2729 3297 paulisper
2767 3244 3012 3287 uxorem.
3047 3247 3149 3284 nec
3178 3247 3483 3299 pricrttrras
3537 3244 3845 3287 morantem
3895 3252 3907 3289 :
3940 3251 4046 3288 cx-

2452 3331 2637 3386 .specta
2672 3321 2799 3372 dum
2844 3322 3121 3388 sequitur.
3160 3321 3214 3373 Si
3265 3324 3445 3390 egetis
3482 3326 3780 3393 patienter,
3833 3328 4046 3395 coniux

2453 3414 2753 3465 mutabitur
2787 3413 2837 3465 iu
2870 3428 3123 3468 somrem
3152 3434 3165 3469 :
3201 3414 3302 3479 Qui
3332 3418 3473 3470 enim
3508 3418 3563 3471 in
3602 3417 3834 3473 Domino
3885 3440 4049 3477 eam.

2452 3514 2532 3556 tus
2552 3516 2625 3557 est
2654 3520 2853 3565 servus,
2883 3505 3099 3559 libertus
3137 3520 3212 3559 est
3248 3508 3506 3565 Domini:
3542 3513 3793 3567 similiter
3848 3520 3945 3585 qui
3978 3523 4048 3571 ti-

2452 3597 2543 3650 ber
2583 3610 2798 3651 vocatus
2836 3609 2932 3663 est,
2960 3616 3137 3652 servus
3168 3611 3243 3655 est
3306 3602 3525 3658 Christi.
3589 3604 3791 3663 Reddit
3843 3625 4047 3667 causas

2450 3706 2547 3745 cur
2583 3691 2714 3743 nolit
2750 3706 2947 3745 uxores
2977 3693 3177 3748 deseri.
3222 3695 3431 3750 Idcirco
3453 3698 3531 3752 ait
3564 3716 3578 3753 :
3633 3701 3928 3774 Principio,
3984 3718 4045 3762 ut

2454 3780 2505 3830 in
2556 3780 2836 3835 Christum
2898 3786 2965 3837 ile
3015 3786 3319 3851 gentilitate
3372 3790 3664 3847 credentes
3719 3796 3856 3848 inita
3912 3809 4045 3854 ante

2454 3870 2613 3923 [idem
2658 3874 3003 3927 matrimonia
3034 3890 3139 3928 non
3175 3877 3529 3945 relinquant;
3572 3884 3697 3951 quia
3733 3886 3826 3955 qui
3874 3888 4042 3960 255

2450 3977 2672 4015 uxorem
2707 3965 2914 4017 habens
2969 3967 3221 4031 credidit,
3281 3986 3389 4023 non
3447 3981 3600 4027 tanto
3655 3977 3746 4031 Dei
3801 3985 4043 4037 servitio

2450 4055 2744 4119 detinetur,
2775 4068 2982 4125 quanto
3034 4059 3273 4129 virgines
3320 4075 3373 4116 et
3411 4064 3695 4134 innuptis;
3749 4074 3848 4127 sed
3901 4093 4045 4145 quo.

2451 4146 2739 4199 dammodo
2764 4159 2845 4201 est
2880 4148 3122 4215 liberior,
3147 4162 3203 4205 et
3231 4155 3513 4210 servitutis
3536 4157 3609 4211 illi
3645 4159 3802 4217 frena
3839 4165 4041 4222 lasan-

2451 4248 2575 4296 tur:
2606 4250 2659 4291 et
2697 4246 2823 4292 dum
2865 4241 3055 4295 uxoris
3085 4252 3170 4296 est
3218 4258 3433 4310 servus,
3473 4258 3533 4302 ut
3587 4251 3661 4306 ita
3724 4253 3937 4323 dicam,
3977 4261 4043 4315 li~

2449 4333 2637 4387 bertus
2675 4343 2755 4386 est
2790 4332 3025 4389 Domini.
3060 4334 3231 4389 Porro
3259 4340 3350 4406 qui
3383 4356 3610 4395 uxorem
3659 4359 3767 4399 non
3799 4347 4041 4417 habens,

2447 4425 2698 4487 credidit,
2725 4434 2778 4478 et
2805 4425 2940 4479 liber
2968 4442 2997 4479 a
3026 4428 3294 4483 servitute
3335 4433 3575 4503 coniugii
3618 4448 3846 4495 vocatus
3894 4453 3982 4498 est
4010 4462 4039 4498 a

778 4538 960 4594 vocati
994 4547 1209 4591 sumus,
1244 4544 1369 4582 cum
1421 4525 1473 4579 in
1507 4523 1611 4576 alio
1672 4521 1793 4574 loco
1849 4519 1990 4571 idem
2058 4517 2344 4585 Apostolus
2378 4536 2425 4591 ο
2457 4518 2705 4581 Domino,
2752 4518 2838 4570 ille.
2867 4533 2993 4571 vere
3024 4535 3215 4575 servus
3234 4534 3317 4577 cst
3349 4523 3575 4579 Christi.
3633 4528 3854 4595 Quanta
3910 4536 4041 4590 reti.

771 4632 1010 4687 clamitet
1046 4643 1060 4679 :
1091 4623 1225 4676 Ecce
1256 4636 1349 4689 ego
1388 4616 1589 4670 Paulus
1649 4614 1767 4666 dico
1802 4611 1965 4671 vobis,
2016 4610 2269 4679 quoniam
2301 4609 2345 4659 si

771 4714 1252 4779 circumcidamini,
1293 4710 1535 4765 Christus
1558 4706 1699 4759 vobis
1741 4705 1871 4755 nihit
1904 4704 2140 4764 proderit
2210 4699 2345 4767 (Gu-

773 4817 872 4869 tat.
911 4809 1089 4880 v,2)?
1121 4806 1315 4861 Restat
1367 4801 1551 4870 igitur,
1585 4804 1643 4851 ut
1697 4792 2038 4849 circumcisio
2094 4790 2257 4861 254
2297 4801 2347 4843 et

774 4906 1122 4981 praeputium,
1144 4912 1336 4955 servus
1351 4892 1576 4953 etliber,
1599 4885 1861 4957 superiori
1891 4882 2073 4939 sensui
2093 4893 2347 4949 coapten-

774 4976 901 5063 iur,
921 5008 976 5052 et
1008 4997 1075 5051 de
1104 4984 1560 5047 antecedentibus
1604 4979 1897 5051 pendeant.
1944 4976 2301 5030 Circumcisus
2326 4978 2345 5007 ³

788 5092 980 5160 aliquis
1003 5094 1218 5141 uocatus
1263 5088 1359 5145 est,
1414 5092 1516 5129 non
1568 5071 1798 5125 adducat
1854 5068 2191 5139 prteputium.
2244 5066 2342 5128 Eo,

780 5184 981 5252 inquit,
1016 5189 1263 5245 tempore
1293 5185 1400 5241 quo
1440 5173 1666 5222 vocatus
1716 5176 1796 5225 es,
1828 5169 1883 5215 et
1942 5159 2224 5213 credidisti
2290 5159 2343 5212 in

848 5409 863 5437 ⁸
927 5399 1188 5455 Voculam
1230 5409 1353 5460 ergo
1413 5406 1513 5444 nec
1575 5389 1798 5460 Grtecus
1854 5384 2038 5446 habet.
2074 5400 2174 5439 nec
2209 5402 2341 5440 mss.

781 5466 1205 5529 llierouvmiaui.
1243 5458 1353 5517 tum
1391 5460 1581 5529 fratres
1629 5458 1880 5529 plurium
1918 5471 2180 5529 _numero,
2204 5528 2209 5529 ν
2236 5475 2341 5529 non

784 5524 959 5616 ﬂbiles
987 5530 1194 5616 habent
1223 5535 1311 5587 hic
1353 5524 1511 5599 alque
1560 5527 1701 5616 intra
1734 5541 1855 5579 cum
1909 5524 2096 5616 Graeco
2139 5527 2342 5616 itidem

777 5594 1019 5680 animi.
1061 5606 1303 5672 Denique
1348 5594 1446 5670 pro
1469 5616 1586 5680 quia
1614 5599 1679 5651 sit
1717 5594 2110 5665 consequentia,
2139 5598 2341 5661 legunt,

777 5700 892 5754 qua:
925 5672 993 5733 sil
1023 5689 1333 5754 consequens
1355 5672 1645 5754 sententia.

850 5736 869 5783 ί
900 5753 1076 5805 St'Itl‘t
1101 5736 1461 5811 superadduci
1501 5736 1819 5807 pra-putium
1855 5748 2187 5811 non_posse._
2213 5750 2344 5785 con-

780 5834 858 5877 tra
887 5835 1045 5892 quam
1076 5806 1199 5869 alibi
1252 5813 1372 5881 plus
1420 5806 1650 5863 fortasse
1695 5822 1855 5875 quam
1893 5807 2022 5857 satis
2082 5806 2340 5857 diximus.

2450 4608 2607 4672 citas,
2643 4624 2747 4661 non
2790 4610 2977 4664 uxoris
3003 4626 3226 4666 servum
3280 4630 3425 4681 esse,
3480 4619 3577 4671 sed
3608 4622 3814 4677 Christi
3846 4643 3859 4686 ;
3923 4644 4040 4684 non

2450 4702 2598 4753 carni
2631 4704 2856 4766 servire,
2897 4704 2990 4754 sed
3022 4704 3240 4770 spiritui
3282 4708 3293 4759 !
3332 4707 3435 4772 Qui
3474 4712 3612 4763 enim
3642 4716 3902 4785 adhteret,‘
3930 4720 4040 4777 Do-

2452 4794 2615 4853 mino,
2653 4808 2783 4843 unus
2805 4792 3023 4860 spiritus
3055 4805 3134 4848 est
3162 4794 3211 4861 (Ι
3245 4797 3369 4849 Cor.
3407 4814 3482 4863 vt,
3526 4802 3633 4861 l7).
3676 4805 3753 4860 Ac
3812 4823 3879 4861 ne
3921 4809 4042 4863 lor-

2450 4883 2586 4933 sitan
2622 4883 2671 4935 in
2701 4898 2787 4945 eo,
2824 4884 2969 4952 quod
2998 4901 3166 4955 supra
3201 4889 3436 4953 diverat,
3480 4891 3673 4948 Servus
3705 4911 3929 4955 rocutus
3955 4919 4038 4962 es.

2452 4991 2554 5026 non
2579 4976 2649 5027 sit
2673 4976 2769 5027 tibi
2795 4992 2937 5029 curre
2982 4993 3001 5030 :
3029 4980 3122 5031 sed
3144 4989 3193 5031 et
3223 4983 3267 5033 si
3306 4994 3450 5047 potes
3502 4986 3634 5039 liber
3664 4988 3802 5055 ﬁeri,
3862 4999 4042 5063 magis

2453 5076 2619 5129 utere,
2649 5068 2968 5137 suggillasse
3002 5072 3398 5128 continentiam
3436 5078 3735 5146 videretur,
3770 5094 3824 5138 et
3861 5087 3918 5139 in
3960 5088 4043 5141 la-

2452 5158 2711 5213 uiolatum
2741 5176 2838 5213 nos
2866 5162 3150 5216 tradidisse
3205 5167 3522 5235 coniugum,
3582 5172 3746 5228 inlct‘t
3800 5188 4040 5233 senten-

2449 5387 2581 5439 Viile
2609 5388 2727 5451 ejus
2758 5387 2857 5439 lori
2893 5388 3241 5455 interpretes,

2479 5528 2488 5537 _
2523 5458 2627 5540 ’.|n
2666 5459 2953 5544 'i'erotieilisi
2982 5471 3030 5509 et
3058 5458 3414 5544 Ctpl‘el'clellsl
3470 5467 3713 5521 omnium
3765 5474 4045 5544 antiquis-

2450 5528 2600 5607 simis
2628 5544 2756 5579 mss.
2793 5528 3005 5607 .islhcec
3048 5530 3393 5607 subduntur:
3444 5552 3463 5583 ‹
3508 5534 3580 5588 De
3635 5528 4041 5599 Circutucisid-

2450 5598 2531 5649 uis
2557 5598 3038 5679 cognomiiiatione
3072 5599 3233 5679 ferias
3267 5600 3509 5679 libidinis
3543 5606 3725 5666 docet.
3774 5620 3905 5679 quin.
3949 5598 4038 5671 illa

2451 5682 2576 5748 pars
2606 5667 2851 5748 corporis
2885 5671 3186 5748 truncanda
3238 5681 3338 5748 est,
3377 5673 3535 5748 ευλυξ
3589 5667 3948 5748 εμρμείίηηι,

2449 5738 2613 5788 rebus
2649 5738 3041 5811 erubescendis
3077 5742 3397 5811 periculum.
3442 5738 3459 5791 ἱ
3515 5742 3633 5811 lp~e
3664 5738 3801 5803 imm
3838 5738 4041 5810 ,ειετσᾳ

2451 5820 2670 5875 nytuus,
2705 5809 2909 5859 discant
2938 5808 3085 5874 prius
3121 5810 3281 5877 ferias
3309 5808 3640 5877 nuptiarum.
