4218 6452
132 376 229 439 937

1170 378 1574 439 ADVERSUS
1604 374 2083 438 JUVINIANUM
2128 377 2250 435 LIB
2317 376 2362 437 Ι.

3297 382 3407 445 233

133 500 279 562 tiam,
317 513 449 569 quze
482 513 708 555 omnem
756 508 1007 569 amputet
1049 499 1449 555 cavillationem
1480 518 1494 554 :
1550 499 1725 553 Pretio
1758 504 1801 560 Α
1832 492 2125 567 c'ii'gimur,
2158 496 2251 549 se’tl
2283 495 2564 551 docemur.
2603 498 2741 565 Quia
2768 500 2859 554 ubi
2909 500 3197 555 consilium
3236 502 3416 564 datur,

133 592 288 659 empti
340 594 505 655 estis,
551 594 715 647 nolite
738 591 859 661 ﬁeri
904 595 1040 648 servi
1086 593 1376 647 hominum.
1443 593 1727 663 Redempti

133 697 320 735 sumus
353 684 773 751 pretiosissima
801 689 1068 757 sanguine
1110 685 1318 741 Christi
1357 702 1371 741 :
1415 686 1733 739 immolatus

134 785 341 847 estpro
375 778 546 833 nobis
605 794 800 851 agnus.
848 791 903 835 et
934 783 1150 850 aspersi
1218 781 1555 835 calidissimo
1608 796 1732 834 rore

138 868 383 939 hyssopi,
412 886 645 926 onmem
692 872 945 941 pituitam
982 876 1157 927 noxia:
1207 874 1504 943 voluptatis
1569 880 1732 927 exeo-

139 964 339 1017 ximus.
381 966 611 1031 Quibus
637 966 692 1019 in
743 965 1068 1035 baptismate
1120 977 1370 1022 mortuus
1432 977 1536 1031 est,
1599 966 1732 1020 Pha-

139 1056 292 1115 rao‘.
321 1064 380 1109 et
428 1058 733 1111 universus
778 1059 897 1129 ejus
946 1057 1241 1114 suﬂ‘ocatus
1293 1068 1378 1114 est
1438 1060 1732 1131 exercitus,

138 1164 235 1203 cur
259 1166 489 1204 rursum
524 1150 821 1222 [Egyptqu
855 1153 1176 1223 quaerimus,
1224 1163 1280 1209 et
1333 1163 1455 1223 post
1507 1168 1730 1216 manna,

138 1244 465 1314 angelorum
503 1246 716 1303 cibum.
743 1245 869 1300 allia
896 1256 949 1301 et
980 1261 1112 1318 cepe
1142 1256 1198 1302 et
1227 1261 1489 1317 pepones,
1523 1256 1577 1301 et
1616 1262 1737 1301 car-

142 1354 239 1392 nes
264 1338 508 1395 Pharias
532 1343 879 1412 suspiramus
899 1342 965 1397 ’τ

212 1434 300 1486 li.
336 1434 533 1499 Quare
568 1436 705 1490 Deus
747 1439 1103 1508 virginitatem
1131 1454 1232 1491 non
1263 1438 1531 1508 praccpit.
1568 1435 1737 1490 Feriar

145 1528 460 1592 nuptiarum
522 1531 687 1598 qua?
736 1532 914 1596 Quare
953 1530 1072 1601 plus
1126 1540 1273 1583 amat
1325 1532 1548 1599 virgines
1585 1530 1739 1582 Chii-

142 1630 272 1673 stus.
308 1618 702 1691 Signiﬁcantia
754 1622 1030 1677 verborum
1073 1623 1485 1675 consideranda.
1515 1651 1582 1661 —
1627 1624 1738 1676 Ma-

146 1714 379 1766 ritoruni
432 1727 489 1769 et
548 1718 949 1771 continentium
1006 1717 1379 1786 disputatione
1432 1718 1736 1784 praemissi,

146 1806 366 1858 tandem
405 1808 476 1860 ad
529 1807 773 1876 virgines
827 1810 999 1874 venit,
1052 1817 1105 1862 et
1156 1809 1229 1861 ait
1268 1825 1281 1862 :
1328 1810 1401 1861 Ue
1449 1808 1739 1879 virginibus

1840 589 2121 644 ollercntis
2149 590 2436 643 arbitrium
2474 600 2557 643 Cal.
2600 607 2611 642 :
2676 592 2763 645 ubi
2816 605 3172 663 praeceptum,
3228 610 3419 649 neces-

1841 686 1970 738 sitas
2012 700 2095 740 est
2137 687 2429 741 servientis
2457 686 2504 739 ⁸.
2559 685 2905 756 Prwceptum,
2940 686 3149 756 inquit,
3211 688 3422 741 Domini

1843 792 1944 829 non
1970 777 2131 831 habeo
2157 798 2174 843 ;
2208 780 2479 832 εαῖξδὶίέιιηι
2512 789 2691 833 autem
2721 778 2809 840 do,
2840 788 3090 846 tanquam
3128 781 3421 832 i:;iscricor-

1842 870 1984 921 diam
2016 881 2322 923 consecutus
2351 890 2380 925 a
2413 872 2633 925 Domino
2675 869 2728 941 (1
2762 870 2890 926 Cor.
2924 887 3024 934 vn,
3059 870 3170 938 ‘23).
3218 872 3270 923 Si
3314 887 3423 924 non

1844 963 2011 1015 habes
2045 971 2375 1030 prtecrptum
2413 961 2652 1027 Domini,
2686 979 2855 1030 quare
2893 961 3065 1016 audes
3108 962 3236 1015 dare
3289 977 3425 1015 con-

1844 1056 2047 1121 silium,
2079 1056 2146 1110 de
2174 1070 2282 1125 quo
2311 1072 2420 1109 non
2460 1056 2631 1109 habes
2664 1057 2967 1125 iussionem
2994 1058 3015 1110 ξ’
3056 1054 3427 1125 ιῖεειιοηιινιήι

1846 1150 1976 1204 mihi
2010 1152 2306 1219 Apostolus
2346 1167 2359 1205 :
2394 1148 2457 1201 Et
2490 1151 2568 1202 vis
2602 1160 2661 1203 ut
2712 1166 2813 1218 ego
2842 1150 3089 1218 jubeant,
3124 1148 3269 1220 quod
3324 1146 3427 1203 Do-

1846 1244 2025 1297 minus
2051 1244 2248 1297 obtulit
2279 1242 2481 1312 potius,
2514 1257 2675 1310 quam
2735 1242 3032 1310 praecepit?
3082 1242 3173 1295 Ille
3212 1252 3430 1296 eieator

1845 1346 1899 1390 et
1936 1337 2129 1405 figulus
2163 1336 2343 1388 Sciens
2403 1335 2748 1404 fragilitatem
2792 1333 3023 1398 vasculi,
3059 1334 3203 1403 qttod
3233 1349 3429 1402 opera-

1849 1438 1935 1480 tus
1967 1440 2069 1489 est,
2108 1428 2473 1493 viraizzitatem
2513 1428 2565 1480 in
2600 1428 2874 1479 audientis
2904 1436 3173 1494 potestate
3200 1428 3429 1494 dimisit,

1847 1529 1902 1572 et
1930 1534 2030 1583 ego
2083 1526 2270 1573 doctor
2299 1519 2564 1587 gentium,
2596 1520 2685 1587 qui
2739 1520 2994 1573 omnibus
3030 1521 3213 1573 omnia
3254 1519 3432 1573 lactus

1849 1626 1967 1663 sum
2007 1610 2054 1673 (Ι
2091 1610 2215 1664 Cor.
2252 1626 2327 1671 tt,
2356 1609 2469 1679 9.2),
2506 1621 2563 1663 ut
2616 1627 2807 1664 omnes
2858 1612 3262 1674 lucrifacerem,
3292 1628 3433 1668 onus

1853 1715 2125 1774 perpetua:
2148 1704 2416 1756 castitatis
2448 1706 2631 1757 statim
2666 1709 2718 1757 in
2746 1705 2896 1773 prim
2918 1705 3026 1773 ipio
3088 1707 3431 1761 credentium

1852 1797 2125 1865 impomm
2183 1798 2497 1852 certicibus
2562 1798 2948 1851 inlirtnorurn?
3001 1799 3223 1853 Disraut
3280 1799 3433 1869 prius

147 1910 325 1951 autem
354 1914 691 1969 praeceptum
725 1903 937 1956 Domini
961 1919 1062 1955 non
1092 1904 1297 1967 habeo;
1330 1903 1612 1957 consilium
1641 1922 1736 1955 ou-
1768 1888 1811 1947 Β
1844 1892 2008 1945 ferias
2042 1894 2355 1957 nuptiarum
2386 1933 2399 1953 ,
2453 1901 2647 1944 vacent
2698 1890 2764 1944 ad
2810 1902 3028 1957 tempus
3074 1892 3329 1956 orationi.
3368 1898 3429 1945 ιιι

148 2006 247 2044 tam
280 1996 374 2059 do,
422 2005 685 2064 tanquam
736 1996 1158 2050 misericordiam
1204 2008 1511 2051 consecutus
1572 2014 1603 2049 α
1640 1999 1742 2049 Do-

150 2087 313 2146 mina,
348 2094 410 2137 ut
439 2087 543 2139 sint
582 2086 773 2155 ﬁdelis.
807 2086 1065 2142 Existimo
1093 2104 1215 2157 ergo
1272 2089 1366 2140 hoc
1407 2089 1595 2141 bonum
1632 2104 1742 2142 esse

150 2193 368 2248 propter
393 2183 689 2235 instantem
715 2185 1100 2241 necessitatem.
1146 2184 1393 2251 quoniam
1430 2183 1619 2235 bonum
1667 2190 1743 2234 cst

150 2274 352 2324 homini
387 2275 466 2325 sic
490 2290 605 2327 esse
634 2274 654 2305 ³
696 2272 745 2329 (Ι
772 2272 898 2327 Cor.
948 2290 1045 2337 vit,
1078 2274 1168 2337 25,
1199 2275 1313 2343 26).
1357 2274 1452 2328 llic
1484 2277 1743 2327 adversa-

153 2370 266 2419 rius
300 2376 415 2421 tota
442 2369 819 2422 exsultatione
850 2369 1189 2426 bacchatur;
1221 2376 1321 2421 hoc
1375 2369 1519 2423 velut
1566 2370 1745 2422 fortis.

149 2457 291 2509 simo
326 2458 532 2517 ariete.
573 2460 896 2529 virginitatis
931 2470 1145 2513 murum
1183 2462 1437 2529 quatiens
1476 2477 1489 2515 :
1521 2478 1538 2509 ‹
1584 2460 1742 2522 Ευρρ,

153 2547 357 2616 inquit,
398 2550 707 2618 Apostolus
737 2552 1025 2619 prolitetur
1052 2550 1119 2602 de
1176 2551 1479 2619 virginibus
1536 2549 1745 2603 Domini

156 2654 214 2693 se
247 2654 361 2693 non
398 2642 607 2695 habere
633 2652 962 2711 praeceptum
998 2662 1010 2695 :
1042 2651 1095 2695 et
1119 2642 1213 2711 qui
1244 2658 1369 2696 cum
1425 2642 1747 2696 auctoritate

154 2733 222 2785 de
252 2732 472 2785 maritis
495 2744 555 2785 et
589 2733 850 2786 uxoribus
872 2734 1133 2802 jusscrat,
1158 2750 1265 2787 non
1290 2736 1451 2789 audet
1480 2736 1749 2801 imperare

157 2825 302 2890 quod
334 2826 610 2879 Dominus
638 2842 746 2879 non
778 2828 1054 2895 praecepit.
1096 2827 1159 2881 Et
1183 2837 1353 2881 recte.
1414 2828 1567 2892 Quod
1602 2830 1747 2881 enim

161 2920 506 2987 praecipitur,
564 2919 909 2988 imperatur;
965 2920 1107 2987 quod
1163 2922 1487 2988 imperatur,
1526 2936 1754 2975 necesse

160 3022 240 3063 est
269 3013 388 3062 tieri
416 3028 432 3070 ;
459 3010 613 3079 quod
647 3026 874 3064 necesse
904 3021 987 3064 est
1038 3012 1176 3076 ﬂeri,
1214 3013 1319 3066 nisi
1367 3014 1483 3075 tiat,
1533 3029 1751 3082 paetum

163 3104 352 3156 habet.
375 3102 607 3157 Frustra
636 3108 781 3158 enim
817 3106 1062 3170 iubetur,
1103 3108 1247 3173 quod
1296 3107 1349 3160 in
1383 3107 1607 3160 arbitrio
1636 3110 1757 3163 eius

166 3198 416 3261 ponitur,
458 3198 549 3252 cui
594 3198 808 3265 jussum
838 3209 944 3253 est.
981 3218 1000 3251 ι
1056 3200 1221 3271 256
1281 3199 1337 3253 Si
1388 3201 1754 3269 virginitatem

166 3290 797 3361 Deininusimperasset.
816 3292 1105 3346 videbatur
1126 3294 1346 3363 nuptias
1364 3295 1753 3357 condemnare,

163 3396 218 3436 et
271 3386 570 3438 hominum
623 3384 846 3439 auferre
907 3387 1292 3452 seminarium,
1340 3387 1481 3441 ttnde
1540 3400 1595 3441 et
1641 3388 1757 3455 ipsa

168 3478 463 3543 virginitas
502 3479 770 3531 nascitur.
809 3477 863 3531 Si
925 3480 1262 3547 praecidisset
1312 3481 1576 3543 radicem,
1614 3496 1755 3548 quo-

170 3572 335 3621 modo
366 3570 561 3635 fruges
592 3569 909 3633 quaereret?
949 3569 1062 3627 Nisi
1090 3579 1217 3623 ante
1268 3571 1621 3625 fundamenta
1675 3572 1759 3639 je-

168 3661 358 3722 cisset,
389 3676 502 3728 qua
531 3660 743 3711 ratione
772 3658 1063 3713 aedilicium
1108 3671 1435 3723 exstrueret,
1492 3669 1545 3714 et
1591 3677 1755 3729 oper-

172 3760 360 3803 turutn
389 3762 599 3803 cuncta
640 3747 873 3818 desuper
924 3750 1139 3804 culmen
1181 3751 1537 3820 imponeret?
1594 3751 1763 3804 Multo

173 3843 365 3897 labore
394 3842 677 3895 fossorum
710 3850 1108 3896 subvertantur
1137 3853 1390 3909 montes;
1443 3853 1717 3897 terrarum
1742 3842 1763 3872 ⁸

174 3950 317 4002 pene
359 3936 590 3988 inferna
641 3946 1019 4003 penetrantur,
1073 3945 1130 3988 ut
1190 3936 1503 3989 inveniatur
1542 3950 1761 3987 aurum.

173 4028 429 4096 Cumque
458 4026 528 4079 de
564 4028 748 4093 granis
801 4028 1190 4080 minutissimis
1238 4028 1391 4096 prius
1439 4026 1765 4081 conﬂatione

179 4122 451 4181 fornacis.
486 4119 689 4174 deinde
720 4120 915 4174 callida
957 4120 1183 4175 artilicis
1228 4136 1392 4173 manu
1451 4119 1615 4175 fuerit
1650 4137 1767 4174 mo-

180 4214 292 4267 nile
319 4221 677 4280 compactum
700 4251 716 4276 ,
757 4226 867 4265 non
922 4213 1011 4266 ille
1047 4214 1240 4267 beatus
1302 4222 1545 4277 vocatur,
1580 4214 1670 4282 qui
1704 4215 1769 4267 de

182 4308 297 4360 luto
332 4306 586 4359 excrevit
617 4320 831 4369 aurum,
865 4306 959 4359 sed
988 4305 1078 4374 qui
1129 4309 1246 4359 auri
1291 4306 1461 4360 utitur
1518 4308 1769 4376 pulchri-

186 4402 401 4453 tudine.
435 4397 558 4452 Noli
597 4398 765 4467 igitur
814 4398 1098 4461 admirari,
1144 4400 1191 4453 si
1240 4399 1386 4454 inter
1429 4400 1771 4453 titillationes

184 4495 394 4552 carnis,
432 4498 489 4543 et
518 4489 791 4543 incentiva
824 4489 1099 4553 vitiorum,
1122 4492 1440 4558 angelorum
1469 4493 1633 4547 vitam
1661 4506 1771 4545 tton

1844 1994 2071 2051 accepto
2098 1996 2255 2053 gustu
2288 1985 2583 2052 pudicitire,
2621 1984 2671 2037 id
2698 2001 2917 2055 semper
2964 1987 3166 2040 habere
3209 1986 3425 2040 deside-

1846 2085 1990 2136 rent,
2044 2092 2151 2143 quo
2202 2077 2267 2127 al
2329 2076 2606 2129 modicum
2659 2076 2917 2131 delectati
2966 2091 3115 2133 sunt.
3164 2078 3427 2132 Dominus

1850 2178 2087 2221 tentatus
2145 2186 2174 2221 a
2231 2168 2566 2234 Pltarismis,
2637 2180 2819 2223 utrum
2885 2174 3186 2225 secundum
3252 2174 3427 2242 legem

1848 2258 2012 2328 .‘dot'si
2050 2277 2247 2315 uxores
2276 2262 2463 2315 liceret
2514 2263 2811 2326 dimittere,
2864 2269 3090 2319 omnino
3133 2265 3249 2319 fieri
3301 2282 3430 2332 pro-

1848 2350 2045 2406 hibuit.
2079 2352 2231 2418 Quod
2266 2354 2518 2421 discipuli
2548 2355 2986 2420 considerantes,
3034 2359 3291 2412 dixerunt
3321 2359 3369 2413 ei
3418 2375 3434 2415 ς

1849 2443 1906 2498 Si
1934 2448 2058 2499 talis
2090 2455 2163 2498 est
2196 2462 2360 2499 causa
2407 2447 2634 2499 hominis
2681 2464 2794 2500 cum
2851 2465 3034 2512 uxore,
3077 2468 3181 2504 non
3233 2454 3442 2519 expedit

1852 2539 2069 2592 nubere.
2104 2538 2305 2604 Quibus
2337 2540 2424 2593 ille
2461 2542 2732 2603 respondit
2774 2542 2942 2597 :Non
2995 2561 3173 2597 omnes
3224 2548 3443 2615 capiunt

1848 2636 2085 2692 verbum.
2116 2642 2205 2689 sed
2231 2638 2417 2706 quibus
2447 2639 2628 2691 datunt
2677 2650 2775 2693 est.
2819 2639 2956 2693 Sunt
2999 2642 3141 2694 enim
3191 2644 3437 2707 eunuchi,

1851 2731 1939 2799 qui
1970 2729 2032 2782 de
2072 2741 2218 2783 utero
2252 2731 2441 2783 matris
2472 2735 2549 2783 ita
2578 2735 2690 2784 nati
2733 2745 2894 2797 sunt,
2936 2744 2985 2785 et
3037 2746 3157 2787 sunt
3192 2735 3439 2799 eunuchi,

1854 2822 1942 2883 qui
1966 2823 2029 2875 ab
2061 2822 2355 2875 hominibus
2380 2825 2717 2877 eunuchizati
2760 2837 2929 2890 sunt;
2970 2835 3016 2878 et
3046 2838 3167 2881 sunt
3198 2828 3442 2890 eunuchi,

1856 2916 1946 2982 qui
1974 2932 2025 2967 sc
2052 2925 2412 2968 castraverunt
2439 2925 2654 2985 propter
2686 2917 2847 2987 257
2910 2934 3133 2988 regnum
3170 2920 3443 2975 calorum.

1857 3008 1956 3072 Qui
1988 3018 2155 3076 potest
2184 3024 2393 3071 canere,
2458 3012 2633 3076 capiat
2691 3009 2911 3072 (Jlatth.
2958 3028 3075 3074 XIX,
3140 3012 3203 3065 10
3253 3017 3445 3083 seqq.).

1859 3104 1913 3157 ι..
1938 3104 2223 3171 propatulo
2249 3112 2333 3154 est
2369 3119 2465 3155 cur
2497 3104 2799 3169 Apostolus
2858 3104 3079 3168 dixerit,
3116 3104 3194 3157 De
3234 3108 3453 3173 virgini-

1863 3198 1953 3249 bus
1985 3205 2157 3248 autem
2191 3205 2510 3264 pnrceptum
2543 3194 2759 3247 Domini
2798 3212 2900 3249 non
2951 3196 3112 3251 habeo
3141 3216 3160 3262 ;
3201 3201 3449 3266 proiecto

1865 3286 1989 3353 quia
2034 3287 2373 3354 pt’illlltibCI‘al
2437 3289 2741 3341 Dominus:
2811 3286 2933 3341 Non
2995 3306 3172 3343 omnes
3232 3293 3454 3359 capiunt

1871 3381 2096 3441 verbum,
2131 3380 2221 3432 sed
2248 3380 2435 3447 quibus
2494 3382 2677 3432 datum
2718 3388 2822 3433 est.
2865 3380 2951 3441 Et,
2990 3380 3092 3445 Qui
3140 3395 3309 3451 potest
3358 3401 3455 3437 ca-

1869 3486 2010 3535 pere,
2056 3471 2255 3531 rapiat.
2292 3469 2553 3538 Proponit
2581 3471 2926 3539 ἀγωνοθέτης
2970 3476 3275 3540 praemium,
3308 3476 3451 3529 invi-

1873 3570 1946 3614 tat
1972 3562 2036 3614 ad
2064 3577 2307 3622 cursum,
2342 3572 2490 3615 tenet
2528 3564 2579 3614 in
2607 3579 2771 3616 manu
2801 3566 3133 3633 virginitatis
3164 3568 3452 3633 llr-avium;

1870 3652 2111 3707 ostendit
2140 3654 2493 3723 purissimum
2525 3654 2754 3718 fontem,
2788 3666 2843 3711 et
2870 3658 3150 3712 clamitat:
3188 3659 3290 3723 Qui
3314 3661 3453 3727 sitit,

1871 3748 2066 3808 veniat,
2106 3756 2155 3799 et
2195 3746 2362 3801 bibat.
2404 3749 2507 3813 Qui
2560 3759 2723 3815 potest
2766 3766 2989 3819 capere,
3035 3755 3210 3818 capiat
3265 3754 3452 3823 (Joan.

1876 3854 1972 3903 vn,
2005 3838 2119 3907 57).
2156 3840 2273 3892 Non
2302 3840 2454 3903 dicit,
2494 3841 2672 3894 velitis
2709 3843 2925 3905 nolitis,
2960 3843 3254 3898 bibendum
3298 3845 3457 3899 vobis

1874 3944 1979 3994 est,
2023 3944 2186 4001 atque
2216 3937 2586 3998 currendum;
2628 3937 2722 3989 sed
2762 3938 2852 4005 qui
2912 3939 3168 4000 voluerit,
3222 3939 3316 4007 qui
3358 3955 3459 4007 po-

1877 4022 2040 4075 tuerit
2072 4035 2506 4089 Clllrere,alt|ue
2540 4034 2749 4093 potare,
2786 4026 2877 4081 ille
2920 4028 3125 4087 vincet.
3164 4030 3249 4082 ille
3292 4029 3458 4081 satia-

1875 4114 2046 4167 bitur.
2084 4114 2147 4167 lit
2176 4114 2296 4169 ideo
2344 4118 2462 4182 plus
2509 4127 2656 4171 amat
2700 4119 2939 4187 virgines
2995 4118 3271 4185 Christus,
3333 4124 3462 4190 quia

1879 4216 2071 4273 sponte
2115 4209 2378 4271 tribuunt,
2412 4210 2554 4276 quod
2586 4210 2691 4262 sibi
2730 4226 2837 4263 non
2870 4211 3050 4263 fuerat
3105 4212 3458 4279 imperatum.

1882 4299 2213 4367 Maiorisque
2246 4302 2435 4368 gratim
2466 4311 2577 4365 est,
2630 4303 2832 4357 ollerre
2883 4305 3027 4373 quod
3082 4321 3191 4357 non
3237 4306 3463 4365 debeas.

1881 4406 2041 4458 quam
2084 4394 2308 4446 reddere
2338 4394 2482 4462 quod
2519 4396 2776 4465 erigaris.
2812 4397 3055 4463 Apostoli
3089 4402 3273 4450 uxoris
3295 4414 3464 4452 onera

1882 4485 2238 4552 contemplati
2272 4503 2283 4538 :
2325 4485 2385 4539 Si
2416 4486 2540 4539 talis
2566 4498 2665 4551 est,
2717 4490 2993 4556 inquiunt,
3031 4506 3191 4541 causa
3244 4492 3467 4545 hominis

263 4631 282 4661 ³
313 4627 476 4680 Hand
511 4625 737 4679 dubium
766 4627 894 4693 quin
932 4641 1236 4695 peccaturo,
1263 4637 1356 4680 aut
1393 4626 1633 4691 Daemon,
1676 4643 1774 4681 cu-
1807 4604 1848 4657 θ
1882 4629 1947 4679 Et
1976 4643 2159 4681 carnes
2210 4628 2388 4680 varias
2439 4629 2793 4695 suspiramus.
2836 4628 2912 4681 Ita
2956 4605 3081 4696 legit
3137 4627 3311 4680 codex
3355 4644 3459 4681 ms.

186 4701 277 4770 jus
307 4700 527 4750 Pharao
557 4708 741 4765 typum
774 4706 933 4766 gerit.
966 4699 1237 4751 Solemnis
1285 4711 1399 4750 tunc
1454 4701 1596 4765 apud
1632 4710 1778 4751 vete-

189 4787 280 4824 res
308 4770 598 4835 allegoria.

263 4845 285 4873 ¹
322 4840 625 4901 ilucusque
654 4838 896 4890 obtinuit
926 4854 1112 4891 carnes
1168 4842 1363 4900 varias,
1400 4839 1617 4891 tametsi
1672 4838 1783 4891 Fa-

193 4928 306 4963 rias
343 4914 397 4961 in
437 4922 571 4960 mss.
622 4910 902 4976 plerisque
959 4908 1195 4961 inveniri
1261 4913 1375 4977 ipse
1433 4907 1781 4964 Martiauteus

195 4990 456 5035 tateatur.
500 4977 572 5029 Ita
607 4980 861 5046 equido-n
889 4980 997 5032 duo
1033 4980 1199 5031 nostri
1251 4982 1712 5046 priestautissitui,
1751 4996 1780 5032 a

194 5068 435 5119 quorum
472 5050 576 5101 title
598 5063 702 5100 non
737 5058 822 5101 est
862 5049 1247 5102 recedendum.
1274 5048 1506 5102 Tantum
1535 5052 1782 5117 aspirare

199 5120 369 5174 malui
413 5119 645 5187 Pharias
673 5134 691 5168 :
742 5122 928 5187 sicque
967 5121 1179 5187 expltco
1218 5121 1515 5186 appellatas
1545 5133 1611 5172 ex
1666 5121 1783 5172 loco

201 5195 289 5243 ubi
328 5204 525 5241 carnes
564 5186 1093 5256 Hebreuspopulus
1143 5191 1455 5257 concupivit
1488 5206 1500 5241 :
1536 5190 1587 5241 id
1612 5200 1691 5241 est
1721 5188 1783 5242 In

201 5261 499 5311 solitudine
530 5258 772 5321 Pharon,
810 5260 897 5309 ubi
946 5260 1223 5329 fastidiens
1260 5267 1517 5313 catestem
1571 5276 1782 5324 ponent,

198 5332 582 5399 Angpvorum
609 5344 791 5380 carnes
813 5332 1209 5383 desiderans...
1234 5341 1433 5397 accepit
1468 5333 1781 5395 coturnices,

204 5416 251 5452 et
323 5415 493 5465 sisque
533 5400 601 5449 ad
646 5413 975 5451 nuuseamet
1034 5404 1285 5453 cornitunt
1340 5412 1579 5460 (levarat,
1652 5410 1784 5463 etc.,

200 5472 670 5535 quemadmodum
706 5472 773 5521 ab
816 5472 933 5539 ipso
986 5473 1305 5538 Hieronytu.
1333 5472 1664 5537 explicatum
1706 5482 1789 5525 est

205 5559 259 5592 tu
294 5541 536 5607 Epistula
578 5546 644 5591 de
680 5546 1076 5601 mansionibus,
1108 5557 1281 5592 mans.
1315 5557 1429 5593 xm.
1472 5540 1601 5593 Vide
1627 5541 1787 5607 Nunt.

211 5626 322 5670 ut,
353 5625 510 5662 versu
544 5610 611 5661 l3
645 5622 699 5660 et
729 5624 844 5677 sei.
883 5614 1150 5664 Caeterum
1198 5614 1315 5663 scio
1353 5612 1577 5663 Pharias
1632 5613 1791 5677 vulgo

210 5698 306 5747 pro
339 5678 712 5732 Pharaonicus
767 5682 941 5749 aecipi
994 5684 1146 5751 juxta
1210 5681 1341 5734 illud
1391 5681 1671 5734 i’rudentii
1735 5694 1788 5731 tn

209 5756 506 5819 Apotliens:
541 5770 553 5801 :

297 5863 417 5915 Haec
454 5863 590 5911 reris
614 5861 777 5911 l’liarii
805 5875 1015 5924 regnum
1042 5863 1195 5912 iet-ale
1237 5865 1460 5912 resolvit.

1882 4696 2398 4768 Sangeru'ant-nsis,
2436 4709 2487 4747 et
2521 4700 2659 4768 alter
2691 4701 3067 4768 (Iarnntensis.
3112 4696 3464 4751 Cnrlieiensis

1883 4767 2065 4819 autem
2109 4774 2279 4833 prima
2318 4785 2501 4827 manu,
2539 4767 2596 4818 Ιίι
2634 4784 2817 4821 carnes
2859 4767 3055 4820 Furias
3091 4769 3461 4831 suspirantus;

1882 4838 1975 4889 sed
2022 4835 2205 4889 Furias
2239 4839 2468 4889 mutavit
2505 4839 2781 4891 recentior
2816 4854 3011 4891 manus
3043 4838 3093 4889 in
3124 4838 3322 4897 uarias,
3373 4842 3465 4890 ad-

1883 4908 2019 4960 dens
2050 4908 2101 4959 iu
2138 4923 2406 4977 margine,
2438 4908 2493 4960 id
2518 4919 2594 4960 est
2623 4906 2984 4964 Faruonicas.
3041 4904 3195 4960 Unus
3239 4908 3466 4977 liegius,

1884 4987 1936 5029 et
1967 4980 2106 5028 alter
2140 4978 2519 5048 Colhertintts,
2553 4981 2734 5048 legunt
2766 4978 2947 5039 ambo,
2984 4979 3048 5029 I'.'t
3099 4993 3284 5048 carnes
3321 4976 3469 5048 l’ha-

1885 5048 2202 5099 raoniticas.
2248 5047 2399 5101 Unus
2433 5046 2754 5101 monasterii
2814 5050 2985 5100 nostri
3046 5049 3103 5099 S.
3144 5047 3283 5099 Petri
3338 5046 3472 5099 Car-

1890 5118 2167 5173 nulensis.
2212 5129 2258 5170 et
2300 5135 2482 5170 carnes
2536 5120 2758 5183 ferinas.
2789 5118 3027 5183 Denique.
3065 5118 3233 5169 codex
3268 5115 3467 5168 Sancti

1890 5186 2174 5254 Ehrulphi.
2217 5189 2280 5242 Et
2315 5205 2499 5241 carnes
2535 5192 2731 5249 uarios,
2782 5190 2875 5238 hoc
2923 5196 2997 5239 e.~t
3034 5186 3467 5239 Pharaoniticus.

1892 5256 2041 5309 lianc
2069 5259 2318 5310 codicum
2358 5274 2486 5310 mss.
2522 5260 2919 5309 dissonantium
2976 5257 3077 5309 hoc
3112 5259 3229 5309 loco
3269 5258 3469 5308 docere

1891 5325 2169 5379 voluimus
2201 5330 2455 5381 lectorem
2489 5330 2792 5391 curiusum,
2832 5335 2893 5379 ut
2918 5342 2984 5379 ex
3019 5338 3165 5379 tanta
3199 5328 3466 5377 varietate.

1892 5397 2146 5461 conjiciat
2176 5410 2372 5461 quanta
2399 5400 2470 5449 sit
2496 5400 2547 5449 in
2580 5398 2702 5450 aliis
2734 5400 3027 5449 sententiis
3076 5396 3303 5448 minoris
3353 5407 3470 5446 tno-

1897 5470 2057 5518 menti
2090 5469 2236 5536 sylva
2300 5469 2573 5519 variarum
2611 5469 2934 5530 lectionum,
2997 5480 3229 5531 quarum
3288 5477 3469 5518 tamen

1894 5551 2000 5587 limi
2036 5539 2400 5589 meminimus.
2445 5539 2710 5591 ΜΛΕΊῚΛΝ.

1965 5604 1985 5635 ³
2017 5606 2141 5658 Haec
2171 5610 2444 5673 perit'opa,
2476 5610 2722 5675 quoniam
2777 5608 2967 5658 bonum
3002 5619 3079 5659 est
3129 5603 3336 5658 homini
3399 5604 3477 5656 sic

1898 5690 2027 5731 esse.
2063 5677 2116 5728 in
2153 5678 2355 5730 nostris
2382 5679 2667 5729 eodtcibus
2702 5693 2806 5727 non
2834 5677 3136 5730 invenitur.

1968 5748 1987 5773 δ
2023 5746 2353 5798 Sntiecimus
2396 5762 2583 5799 vocem
2619 5757 2884 5798 terrarum
2916 5764 2980 5799 cx
3032 5760 3305 5800 consensu
3341 5759 3475 5795 mss.

1898 5824 1950 5869 ct
1988 5818 2155 5869 veteri
2189 5818 2451 5869 editione.

1970 5886 1989 5915 ⁵
2022 5885 2139 5941 Duo
2166 5890 2569 5952 prxstantiores
2601 5901 2733 5941 mss.
2763 5888 3048 5942 necessitas
3076 5899 3149 5937 cst
3182 5886 3476 5959 servitutis.
