4218 6448
755 394 866 457 239

1929 390 1994 450 S.
2042 388 2347 448 EUSElSlI
2388 383 2827 445 IllEliUNl’Mi

3917 377 4025 443 940

758 523 877 560 sum
911 519 1094 567 umore,
1125 519 1223 555 non
1276 502 1480 571 expedit
1517 502 1730 555 nubere.
1772 501 2017 566 Quorum
2073 501 2336 555 Dominus
2364 508 2408 562 Α
2439 498 2820 560 circumcisus,
2879 494 3042 548 tertio
3083 492 3243 555 liber,
3291 492 3357 546 ad
3411 501 3716 546 extremum
3778 492 4020 542 solum“

757 601 1081 654 sententiam
1112 596 1391 666 probans:
1450 595 1620 650 Recte
1668 595 1887 664 quidem
1933 594 2172 656 sentitis,
2233 594 2328 654 ait,

755 692 897 758 quod
937 706 1044 742 non
1086 687 1340 758 expediat
1369 687 1577 741 homini
1605 687 1670 741 ad
1699 688 1962 739 cmlorunt
1997 700 2161 751 regna
2211 692 2330 735 tcu-

756 785 929 848 denti,
959 783 1206 850 accipere
1257 795 1532 845 uxorem;
1581 778 1674 832 sed
1715 777 1954 831 difficilis
2002 791 2088 831 res
2142 785 2245 839 est,
2280 785 2335 829 et

757 889 863 927 non
897 887 1089 925 omnes
1135 869 1358 938 capiunt
1416 870 1640 922 verbum
1677 867 1844 931 istud,
1884 884 2072 921 verum
2133 867 2332 934 quibus

754 968 938 1018 datum
972 974 1078 1017 est.
1113 964 1270 1017 Alios
1312 962 1594 1015 eunuchos
1652 970 1852 1014 natura
1897 963 2046 1027 facit,
2088 963 2221 1013 alios
2254 964 2332 1015 vis

757 1060 1066 1115 hominum.
1102 1055 1226 1109 Mihi
1267 1057 1340 1107 illi
1377 1054 1616 1107 eunuchi
1651 1053 1888 1122 placent.
1915 1070 2048 1120 quos
2075 1061 2332 1108 castravit

756 1168 865 1207 non
902 1151 1221 1213 necessitas,
1253 1146 1345 1202 sed
1379 1147 1648 1202 voluntas.
1677 1146 1934 1201 Libenter
1963 1149 2080 1200 illos
2107 1149 2158 1200 in
2185 1164 2333 1202 meos

755 1247 908 1298 sinus
941 1243 1172 1312 recipio,
1209 1243 1299 1311 qui
1351 1257 1409 1296 se
1459 1250 1840 1295 castraverunt
1897 1252 2122 1310 propter
2167 1257 2332 1309 regna

755 1337 1038 1400 cmlorum,
1073 1343 1126 1389 et
1161 1337 1229 1389 ob
1265 1337 1369 1389 mei
1415 1336 1614 1388 cultum
1660 1335 1956 1388 noluerunt
2015 1352 2133 1390 esse
2191 1338 2334 1405 quod

758 1430 870 1483 nati
900 1438 1049 1483 sunt.
1091 1428 1374 1495 Simulque
1413 1426 1695 1480 lrartanda
1725 1430 1997 1481 Sententia
2033 1445 2045 1479 :
2105 1427 2207 1494 Qui
2259 1448 2332 1493 se,

759 1522 953 1590 inquit,
983 1529 1350 1572 castraverunt
1384 1529 1597 1588 propter
1629 1536 1792 1589 regna
1836 1521 2110 1575 caelorum.
2152 1520 2204 1573 Si
2247 1537 2338 1573 ca-

757 1617 909 1668 strati
946 1617 1252 1667 mercedem
1287 1613 1488 1666 habcnt
1531 1614 1682 1682 regni
1729 1616 2018 1677 cmlorum,
2067 1631 2194 1682 ergo
2241 1617 2334 1684 qui

757 1723 815 1760 so
847 1721 951 1760 non
995 1714 1400 1765 castraret-unt,
1445 1706 1620 1758 locum
1661 1721 1768 1758 non
1813 1719 2041 1775 possunt
2088 1708 2335 1775 accipere

758 1811 1137 1853 castratoruni.
1177 1798 1281 1862 Qui
1340 1810 1536 1865 porest,
1597 1799 1795 1867 inquit,
1864 1815 2067 1866 capere,
2134 1802 2331 1869 capiat.

758 1891 989 1944 Grandis
1023 1891 1141 1944 fidei
1171 1899 1272 1952 est,
1302 1893 1632 1960 grandisque
1668 1894 1906 1954 virtutis,
1941 1894 2032 1947 Dei
2069 1899 2330 1961 templum

758 1998 880 2036 esse
933 1982 1306 2052 purissimum,
1347 1993 1518 2036 totum
1576 1999 1633 2037 se
1690 1984 2073 2039 holocaustum
2139 1988 2335 2041 offerre

765 2077 1028 2141 fiumina;
1060 2077 1290 2146 etjuxta
1344 2078 1596 2130 eumdem
1639 2079 1982 2146 Aposmlum,
2040 2096 2162 2134 esse
2207 2098 2334 2133 san-

767 2181 914 2223 ctum
947 2182 1001 2222 et
1028 2184 1261 2238 corpore
1312 2178 1366 2223 et
1419 2170 1636 2238 spiritu.
1674 2171 1732 2222 Ili
1782 2173 2186 2232 sunteunucbi,
2247 2175 2335 2240 qui

761 2277 819 2314 se
849 2261 1052 2329 lignum
1082 2262 1293 2315 aridum
1323 2263 1392 2315 ob
1422 2261 1767 2316 sterilitatem
1804 2274 2079 2331 putantes,
2109 2266 2340 2319 audiunt

765 2353 1082 2414 nerlsaiam
1126 2356 1267 2421 (cap.
1319 2356 1451 2421 Lvi),
1501 2355 1641 2423 quod
1699 2372 1796 2424 pro
1852 2358 1977 2412 filiis
2029 2369 2084 2412 et
2125 2360 2340 2414 ﬁliabus

764 2447 939 2500 locum
974 2447 1026 2500 in
1070 2446 1227 2500 caalis
1264 2447 1503 2501 habeant
1530 2459 1801 2516 paratum.
1837 2449 2040 2504 [lorum
2071 2462 2230 2522 typus
2255 2464 2340 2506 est

763 2537 1129 2591 Ahdemeleclt
1165 2536 1315 2608 [nm.
1350 2541 1746 2612 Abdamelecb]
1776 2546 2065 2597 eunuchus
2107 2547 2158 2597 in
2191 2545 2337 2598 lere-

765 2631 872 2684 mia
907 2633 1049 2698 (cap.
1075 2632 1267 2698 xxvttt)
1299 2648 1313 2686 :
1349 2642 1403 2686 et
1431 2633 1600 2701 spado
1625 2633 1716 2688 ille
1752 2635 1953 2705 reginae
1981 2636 2248 2692 Candacis
2285 2639 2337 2691 in

764 2725 912 2778 Actis
941 2724 1308 2791 apostolorum
1340 2734 1484 2792 (cap.
1521 2728 1662 2791 vnt),
1696 2726 1794 2795 qui
1851 2729 1920 2780 ob
1982 2729 2148 2782 robur
2212 2731 2336 2783 fidei

768 2818 863 2869 viri
895 2832 1092 2870 nomen
1145 2817 1405 2872 obtinuit.
1451 2817 1530 2871 Ad
1569 2819 1666 2871 hos
1709 2827 1763 2871 et
1806 2820 2106 2874 Clemens’
2177 2821 2341 2892 258

767 2924 1058 2963 successor
1098 2910 1331 2976 apostoli
1379 2908 1548 2976 Petri,
1604 2911 1758 2978 cujus
1811 2912 2005 2967 Paulus
2060 2916 2341 2984 apostolus

771 3002 1044 3062 meminit,
1092 3001 1281 3054 scribit
1335 3001 1628 3069 Epistolas,
1666 3016 1995 3073 omnemque
2050 3022 2188 3074 pene
2222 3023 2340 3061 ser-

772 3111 986 3150 monem
1021 3110 1178 3149 suum
1213 3095 1278 3148 de
1311 3094 1643 3164 virginitatis
1691 3097 1928 3165 puritate
1960 3103 2203 3154 contexit
2247 3123 2257 3155 :
2287 3110 2341 3156 et

2509 590 2594 643 15.
2613 586 2852 658 Virgines
2881 589 3093 640 incest
3119 587 3166 639 si
3197 586 3466 652 nupserim
3488 593 3603 652 post
3657 587 4024 636 consecrato-

2437 699 2570 734 nem.
2615 679 2837 743 Tempus
2873 681 2996 733 vita:
3042 674 3193 731 autne
3226 679 3375 730 breue
3409 686 3504 731 est.
3542 676 3845 746 Praeceptor
3893 673 4025 726 Hie-

2437 772 2636 840 ronymi
2672 769 2957 839 Gregorius
2994 767 3399 821 Nazianzenus.
3443 765 3734 836 l’irginitas
3773 782 3892 831 qua:
3950 768 4021 817 sit

2435 865 2604 918 hostia
2639 863 2854 916 Christi.
2896 861 3036 926 Quid
3062 863 3271 915 intersit
3312 862 3452 915 inter
3491 861 3706 928 nuptias
3757 870 3804 911 et
3863 859 4023 927 τὶνςὶ-

2437 961 2770 1010 nitatem.—
2821 955 3127 1009 Cm'ramus
3175 969 3273 1023 per
3339 954 3569 1021 reliqus,
3630 968 3807 1020 neque
3870 955 4019 1004 enim

2439 1068 2534 1103 nos
2572 1054 2774 1120 patitur
2807 1049 3126 1118 magnitudo
3159 1048 3452 1102 voluminis
3511 1047 3714 1100 diutius
3784 1049 3836 1098 in
3903 1046 4022 1099 siu-

2437 1146 2573 1214 gulis
2606 1144 2905 1196 immorari.
2951 1140 3009 1194 Si
3057 1151 3232 1195 autem
3283 1143 3542 1208 acceperis
3597 1157 3840 1203 uxorem,
3909 1155 4015 1191 non

2439 1241 2680 1306 peccasti.
2727 1239 2885 1292 Aliud
2912 1249 2991 1292 est
3026 1251 3139 1290 non
3170 1252 3419 1305 peccare,
3447 1235 3602 1289 aliud
3664 1234 4016 1288 benefacere.

2439 1332 2499 1385 Et
2529 1333 2573 1386 si
2607 1333 2837 1400 nupserit
2897 1334 3197 1401 virgo,non
3260 1329 3493 1398 peccavit
3553 1326 3658 1399 [AL
3722 1325 4009 1400 pt'fcabii}.

2447 1426 2562 1479 Non
2587 1427 2673 1478 illa
2715 1425 2887 1494 virgo,
2919 1441 3040 1494 qua
3071 1439 3130 1478 se
3157 1423 3324 1478 semel
3354 1422 3445 1477 Dei
3479 1421 3648 1476 cultui
3697 1421 4014 1474 dedicarit:

2440 1521 2630 1574 harum
2668 1522 2810 1574 enim
2842 1521 2886 1572 si
2921 1535 3026 1588 qua
3055 1518 3320 1588 nupserit,
3348 1517 4016 1578 habebitdamnatiouem,

2438 1613 2565 1679 quia
2600 1613 2827 1681 primam
2854 1611 3014 1665 fidem
3046 1612 3255 1664 irritam
3293 1610 3444 1664 iecit.
3489 1608 3543 1662 Si
3583 1620 3764 1663 autem
3800 1609 3908 1662 hoc
3949 1609 4018 1662 de

2440 1705 2619 1758 viduis
2652 1705 2859 1757 dictum
2893 1703 3187 1772 objecerit,
3214 1715 3416 1771 quanto
3446 1703 3617 1771 magis
3665 1701 3732 1755 de
3789 1701 4021 1770 virgini-

2441 1799 2540 1851 bus
2576 1798 2910 1866 praivalebit,
2940 1811 3061 1850 cum
3096 1794 3259 1849 etiam
3297 1793 3381 1848 his
3414 1808 3518 1846 non
3578 1792 3758 1852 liceat,
3815 1796 4021 1860 quibus

2440 1890 2732 1957 ahquando
2760 1889 2952 1942 licuitl
2998 1888 3250 1956 Virgines
3283 1887 3453 1945 enim.
3488 1899 3608 1952 qua:
3639 1893 3762 1953 post
3818 1898 4020 1937 conse-

2440 1983 2737 2034 crationem
2770 1981 3074 2049 nupserint,
3108 1995 3211 2031 non
3242 1989 3350 2030 tam
3384 1979 3645 2029 adulterze
3681 1986 3828 2035 sunt,
3850 1990 4020 2044 quam

2442 2077 2616 2128 incest
2637 2093 2682 2127 υ.
2703 2074 2778 2127 Ac
2805 2090 2870 2126 ue
2887 2073 3161 2126 videretur
3182 2072 3233 2122 in
3257 2085 3322 2122 eo
3341 2070 3485 2138 quod
3503 2071 3709 2123 dixerat
3731 2087 3744 2121 :
3764 2068 3831 2120 Et
3850 2070 3898 2120 si
3926 2085 4023 2118 nu-

2438 2168 2602 2233 pserit
2621 2167 2764 2234 virgo
2783 2182 2882 2217 non
2904 2165 3151 2231 peccavit,
3171 2161 3334 2231 259
3353 2176 3567 2213 rursum
3590 2160 3816 2213 cclibes
3829 2162 3898 2211 ad
3920 2175 4024 2212 nu-

2443 2259 2581 2327 ptias
2606 2274 2921 2326 provocare,
2944 2257 3128 2311 statim
3159 2272 3217 2310 se
3243 2258 3483 2308 refrenat
3517 2251 3630 2320 [ΑΙ.
3671 2251 4021 2323 refrenavit],

2443 2364 2493 2403 et
2519 2351 2662 2403 aliud
2686 2353 2994 2413 inferendo,
3025 2350 3320 2401 intirmavit
3343 2348 3485 2413 quod
3509 2358 3881 2410 concesserat,
3935 2347 4025 2398 dio

2443 2460 2571 2497 cens
2587 2443 3019 2498 :Tribulationem
3041 2453 3211 2493 tamen
3225 2441 3400 2492 carnis
3421 2440 3673 2492 habebunt
3691 2437 4021 2507 hujusmodi.

2443 2537 2543 2600 Qui
2563 2543 2688 2588 sunt
2713 2535 2796 2588 isti
2815 2534 2907 2603 qui
2927 2533 3328 2586 tribulationem
3348 2532 3528 2586 carnis
3551 2533 3865 2596 habebunt?
3884 2531 4023 2597 Qui-

2447 2631 2546 2682 bus
2588 2645 2747 2698 supra
2785 2627 3080 2681 indulserat
3104 2644 3118 2680 :
3140 2626 3198 2680 Si
3217 2627 3478 2695 acceperis
3506 2641 3745 2689 uxorem,
3771 2644 3874 2679 non
3897 2643 4024 2697 pec-

2450 2724 2608 2786 casti;
2631 2724 2741 2775 etsi
2774 2723 3008 2786 nupserit
3036 2722 3200 2789 rirgo,
3219 2736 3320 2773 non
3345 2721 3572 2788 peccarit
3599 2718 3706 2790 [AL
3725 2719 4022 2793 peccabit]:

2445 2816 2829 2869 tribulationem
2864 2826 3041 2866 tamen
3069 2814 3241 2866 carnis
3267 2813 3524 2866 habebunt
3551 2815 3872 2882 hujusntodi.
3910 2815 4023 2868 Nos

2447 2911 2616 2978 ignari
2656 2925 2860 2970 rerum,
2888 2910 3209 2976 putabamus
3228 2909 3445 2976 nuptias
3476 2910 3672 2963 saltent
3705 2911 3888 2962 carnis
3917 2907 4023 2960 ba-

2447 3003 2572 3056 bere
2615 3003 2875 3053 laetitiam.
2899 3001 2959 3054 Si
2986 3011 3169 3053 autem
3206 3002 3544 3056 nubentibus
3576 3004 3737 3056 etiam
3766 3003 3822 3056 in
3849 3017 4026 3056 carne

2451 3097 2734 3148 tribulatio
2763 3106 2868 3156 est,
2915 3097 2968 3148 in
2998 3112 3103 3164 qua
3137 3099 3250 3150 sola
3273 3097 3594 3150 videbantur
3627 3099 3828 3150 habere
3884 3098 4025 3152 deli-

770 3190 1030 3256 deinceps
1067 3187 1221 3240 multi
1258 3188 1582 3256 Apostolici,
1610 3200 1662 3242 et
1693 3188 1953 3258 Martyres
1997 3204 2050 3245 et
2103 3194 2342 3248 illustres
2371 3215 2416 3277 ε
2451 3190 2584 3252 cias,
2611 3191 2742 3256 quid
2783 3189 2885 3239 erit
2917 3189 3185 3254 reliquum
3218 3200 3440 3257 propter
3471 3190 3614 3257 quod
3642 3189 4018 3250 nnbanLClll‘I

773 3291 882 3334 tam
917 3280 1206 3332 sanctitate
1237 3295 1397 3348 quam
1430 3280 1740 3348 eloquentia
1777 3282 1896 3344 viri,
1945 3301 2084 3353 quos
2110 3302 2175 3340 ex
2215 3304 2341 3354 pro-

772 3375 906 3444 priis
941 3374 1163 3440 scriptis
1220 3387 1381 3426 nosse
1413 3373 1670 3442 perfacile
1722 3385 1827 3430 est.
1865 3376 2130 3431 Existimo
2181 3383 2341 3444 enim,

773 3467 970 3534 inquit.
1000 3467 1095 3519 hoc
1135 3481 1265 3533 opus
1322 3466 1509 3518 bonum
1542 3467 1562 3496 '
1620 3483 1728 3519 esse
1791 3478 2005 3536 propter
2054 3472 2344 3525 instantem

773 3555 1130 3605 necessitatem
1164 3552 1212 3618 (1
1245 3551 1366 3606 Cor.
1407 3569 1503 3616 vn,
1537 3555 1647 3621 26).
1682 3557 1812 3620 Qua:
1859 3568 1942 3611 cst
1969 3559 2055 3611 illa
2108 3562 2345 3614 necessi—

775 3655 856 3697 tas
887 3661 1026 3712 quo,
1061 3655 1246 3712 spreto
1281 3645 1502 3698 vinculo
1536 3648 1830 3714 conjugali,
1865 3651 2194 3718 virginitatis
2253 3670 2345 3722 ap-

774 3737 910 3804 petit
942 3736 1288 3788 Iibertatem?
1316 3735 1406 3790 Va:
1453 3740 1851 3806 pragnantibus
1899 3751 1947 3794 et
1992 3745 2343 3798 nutrientibus

772 3828 825 3877 in
850 3825 939 3878 illo
972 3828 1054 3878 die
1088 3826 1294 3894 (Matth.
1334 3843 1477 3891 xxiv,
1511 3829 1615 3892 15;
1669 3829 1842 3885 Marc.
1877 3849 1991 3892 xm.
2052 3835 2154 3900 ll;
2213 3835 2343 3889 Luc.

774 3933 886 3982 xxi,
913 3919 1028 3984 ‘23).
1064 3916 1180 3971 Non
1214 3920 1302 3972 hic
1350 3929 1555 3981 scorta,
1588 3937 1694 3974 non
1757 3924 1846 3976 hic
1881 3924 2159 3992 lupanaria
2216 3943 2350 3980 con-

777 4009 1125 4068 demnantur,
1159 4007 1226 4060 de
1255 4022 1486 4074 quorum
1523 4009 1872 4064 damnatione
1909 4013 2050 4064 nntla
2078 4014 2346 4067 dubitatio

779 4109 861 4150 est
899 4097 1032 4151 :sed
1086 4097 1222 4151 uteri
1259 4106 1648 4165 tumescentes,
1685 4109 1738 4153 et
1795 4100 2063 4154 infantum
2116 4106 2343 4172 vagitus,

784 4200 838 4241 et
866 4191 1077 4241 fructus
1110 4198 1273 4256 atque
1300 4203 1463 4258 opera
1490 4193 1828 4260 nuptiarum.
1862 4192 2125 4256 Quoniam
2155 4194 2344 4247 bonum

778 4288 852 4331 est
889 4279 1086 4331 homini
1113 4281 1188 4330 sic
1215 4295 1319 4331 esse
1358 4277 1408 4348 (1
1437 4279 1558 4334 Car.
1604 4297 1699 4342 \‘tt,
1735 4282 1849 4344 26).
1913 4283 1967 4337 Si
2022 4285 2222 4337 bonum
2266 4297 2349 4339 est

787 4370 994 4422 homini
1030 4372 1108 4423 sic
1141 4387 1286 4432 esse,
1322 4371 1518 4424 malum
1555 4383 1637 4425 est
1687 4389 1819 4442 ergo
1869 4375 2073 4428 homini
2126 4379 2202 4430 sic
2238 4394 2346 4431 non

777 4475 899 4512 esse
935 4459 1236 4528 :Alligatus
1264 4478 1315 4513 es
1356 4464 1530 4525 uxori,
1587 4463 1695 4515 noli
1729 4480 1963 4532 querere
2011 4467 2344 4524 solutionem.

2448 3293 2500 3335 et
2536 3281 2587 3333 in
2616 3282 2833 3346 spiritu,
2859 3289 2912 3332 ct
2939 3281 2992 3331 in
3034 3281 3234 3342 anima,
3271 3290 3325 3332 et
3365 3283 3418 3332 in
3449 3281 3562 3348 ipsa
3621 3295 3790 3333 carne
3843 3281 4025 3333 tribu-

2446 3375 2571 3426 latio
2601 3373 2711 3424 sit?
2753 3371 2865 3439 Ego
2900 3381 3076 3436 autem
3111 3371 3254 3424 vobis
3276 3387 3457 3423 ωηο.
3494 3371 3606 3436 Sic,
3635 3375 3733 3434 ait,
3783 3373 4028 3426 obtendo

2445 3466 2623 3518 carnis
2653 3465 3082 3526 tribulatimiem,
3137 3465 3289 3532 quasi
3324 3479 3431 3517 non
3468 3467 3674 3534 majora
3730 3467 3839 3519 sint
3893 3483 3924 3534 p
3961 3485 4020 3517 (:-

2449 3569 2564 3623 pter
2593 3573 2711 3624 qua:
2739 3572 2848 3609 non
2911 3557 3182 3611 debeatis.
3221 3555 3395 3625 Igitur
3433 3562 3528 3610 hoc
3581 3558 3723 3618 dico,
3783 3557 4024 3625 fratres:

2449 3648 2669 3715 Tempus
2720 3651 2867 3702 breve
2911 3664 3007 3703 est.
3061 3650 3335 3719 Reliquum
3387 3661 3483 3712 est,
3541 3661 3596 3702 ut
3642 3655 3731 3721 qui
3767 3655 3960 3704 haben:
3996 3657 4014 3683 ³

2447 3759 2652 3805 uxores,
2702 3744 2772 3794 sic
2813 3746 2918 3794 sint
2953 3752 3200 3807 tanquam
3235 3759 3334 3794 non
3364 3744 3632 3797 habentes.
3663 3743 4026 3810 Nequiquam

2444 3836 2555 3903 jam
2588 3835 2652 3886 de
2674 3835 2968 3898 virginibus
3002 3835 3244 3902 disputo,
3305 3850 3441 3901 quos
3501 3836 3647 3888 nulla
3690 3838 4026 3906 ambiguitas

2448 3939 2531 3982 est
2566 3944 2684 3980 esse
2719 3928 2919 3981 felices.
2955 3929 3032 3980 Ad
3069 3929 3295 3982 maritos
3331 3931 3515 3984 venio.
3547 3929 3785 3998 Tempus
3854 3933 4026 3985 breve

2448 4028 2547 4080 est,
2577 4019 2836 4070 Dominus
2850 4033 3017 4086 prope
3030 4029 3135 4071 est.
3155 4018 3378 4071 Etiamsi
3403 4021 3692 4088 nongentis
3710 4023 4028 4077 viveremus

2449 4110 2627 4173 anuis,
2664 4120 2721 4161 ut
2753 4109 2963 4178 antiqui
2993 4111 3266 4174 homines,
3297 4121 3478 4164 tamen
3515 4115 3675 4166 breve
3719 4120 4028 4182 putandum

2450 4217 2615 4265 esset,
2645 4203 2793 4269 quod
2826 4203 3048 4256 haberet
3077 4203 3374 4270 aliquando
3410 4204 3596 4264 ﬁnem.
3624 4219 3677 4259 et
3733 4223 3858 4262 esse
3903 4226 4030 4264 ces-

2451 4305 2616 4347 saret.
2649 4294 2805 4345 Nunc
2845 4309 2968 4344 vero
3005 4311 3125 4344 eum
3174 4295 3355 4347 brevis
3375 4297 3441 4348 sit
3503 4313 3608 4347 uua
3665 4309 3772 4349 tam
3811 4301 4023 4361 laetitia,

2451 4400 2609 4455 quam
2637 4384 2911 4437 tribulatio
2939 4386 3275 4449 nuptiarum,
3307 4387 3438 4455 quid
3469 4389 3770 4455 accipimus
3803 4405 4030 4454 uxores,

2452 4491 2590 4545 quas
2613 4490 2870 4543 cogemur
2899 4477 3008 4528 cito
3037 4477 3335 4531 amittere?
3371 4475 3436 4529 Et
3480 4481 3567 4546 qui
3629 4480 3776 4547 ﬂent,
3816 4481 4023 4551 inquit,

780 4548 994 4604 Solutus
1037 4567 1090 4604 es
1142 4553 1208 4603 ab
1245 4567 1426 4614 uxore,
1479 4554 1587 4605 noli
1626 4571 1860 4621 qua'rere
1911 4574 2124 4612 umorem
2181 4561 2342 4627 (Ibid.
2378 4575 2422 4628 ι)
2466 4579 2512 4621 et
2544 4569 2790 4637 gaudent,
2824 4580 2870 4619 et
2916 4577 3115 4631 emunt,
3173 4578 3220 4620 et
3262 4579 3486 4623 utuntur
3533 4573 3628 4625 hoc
3670 4548 3910 4636 mundo;
3953 4579 4030 4627 sic

777 4644 893 4712 27).
929 4641 1099 4696 Habet
1148 4647 1522 4713 unusquisque
1574 4657 1823 4700 nostrum
1873 4652 2138 4705 terminos
2172 4669 2298 4707 suos
2334 4673 2348 4709 :

782 4733 946 4786 redde
983 4735 1112 4786 mihi
1151 4751 1352 4799 meum,
1387 4747 1442 4789 et
1499 4747 1649 4791 tuum
1704 4748 1846 4793 tene.
1900 4741 1956 4794 Si
2009 4743 2260 4812 alligatus
2295 4763 2354 4800 es

778 4827 955 4886 uxori,
988 4841 1054 4879 ne
1103 4826 1174 4880 illi
1226 4827 1322 4881 des
1378 4830 1687 4897 repudium.
1745 4831 1799 4884 Si
1852 4834 2064 4887 solutus
2115 4854 2232 4889 sum
2285 4841 2353 4892 ab

781 4931 969 4981 uxore,
1002 4933 1109 4970 non
1166 4934 1403 4986 quaeram
1457 4937 1704 4978 uxorem.
1739 4921 1810 4977 Ut
1872 4942 1972 4997 ego
2037 4946 2141 4984 non
2202 4935 2352 4988 solvo

781 5009 1056 5076 conjugia,
1091 5009 1133 5061 si
1179 5011 1344 5062 semel
1372 5011 1534 5079 ligata
1581 5024 1751 5078 sunt;
1805 5015 1874 5068 ita
1938 5028 1990 5070 tu
2049 5037 2157 5073 non
2217 5023 2352 5094 liges

781 5102 927 5167 quiut
956 5101 1193 5153 solutum
1230 5109 1333 5154 est.
1366 5101 1652 5171 Simulque
1684 5106 2048 5174 significantia
2097 5116 2353 5168 conside-

785 5194 950 5245 randa
991 5196 1277 5247 verborum
1305 5203 1407 5248 est.
1442 5193 1542 5260 Qui
1573 5212 1798 5250 uxorem
1837 5199 2016 5263 habet,
2057 5212 2115 5255 ut
2141 5205 2353 5259 debitor

779 5288 1000 5348 dicitur,
1038 5300 1088 5338 et
1114 5302 1232 5340 esse
1258 5288 1310 5339 in
1361 5290 1647 5357 praeputio,
1696 5298 1748 5342 et
1805 5305 1995 5345 servus
2047 5299 2250 5360 uxoris,
2301 5310 2355 5353 et

783 5376 930 5444 quod
964 5376 1226 5430 malorum
1255 5393 1536 5432 servorum
1568 5389 1672 5440 est.
1720 5381 1989 5448 alligatus.
2032 5384 2133 5450 Qui
2169 5397 2351 5443 autent

781 5471 896 5522 sine
927 5484 1093 5523 uxore
1126 5479 1228 5530 cst.
1283 5469 1516 5538 primum
1560 5471 1759 5524 nullius
1783 5473 1996 5526 debitor
2022 5485 2124 5538 est,
2159 5479 2352 5532 deinde

855 5605 870 5634 ¹
906 5603 1011 5655 Pro
1040 5605 1344 5669 virginitate
1380 5606 1620 5656 locutum
1679 5605 1845 5659 fuisse
1894 5605 1951 5658 S.
2012 5608 2348 5666 Clementem

786 5689 881 5740 per
900 5678 1157 5735 epistolas
1179 5688 1304 5725 suas
1330 5685 1561 5726 testatur
1581 5675 1745 5725 etiam
1775 5675 1828 5728 S.
1860 5675 2197 5743 Epiphanius
2234 5682 2349 5734 lite-

787 5758 892 5793 ri-s.
927 5745 1014 5798 5t),
1055 5759 1101 5795 c.
1139 5759 1225 5801 xv,
1257 5752 1309 5793 et
1340 5745 1490 5796 locus
1535 5745 1746 5810 quidem
1787 5746 2055 5811 ejusmodi
2113 5753 2352 5806 occurrit

783 5812 836 5863 in
871 5811 1036 5877 priori
1072 5829 1162 5864 sna
1195 5815 1258 5864 ad
1283 5812 1616 5866 Corinthius.

857 5885 876 5914 ³
900 5883 1152 5951 impressi
1180 5887 1273 5935 hoc
1305 5900 1431 5952 opus
1463 5887 1673 5946 bonunt,
1707 5895 1833 5948 etc.,
1866 5884 1958 5937 sed
1992 5901 2116 5950 Opus
2146 5888 2352 5942 redun-

2460 4664 2565 4715 sint
2605 4662 2754 4728 quasi
2802 4676 2903 4711 non
2965 4661 3156 4726 μεσπι.
3212 4665 3501 4729 gaudeant,
3550 4677 3745 4730 emant,
3804 4677 4030 4720 utantur

2460 4755 2553 4806 hoc
2586 4757 2798 4806 mundo.
2827 4754 3064 4807 i’ra'tcrit
3087 4771 3222 4807 enim
3248 4757 3416 4825 figura
3434 4755 3591 4822 hujus
3619 4759 3798 4808 mundi
3825 4757 3875 4826 (Ι
3902 4760 4030 4813 Cor.

2459 4863 2553 4907 vn,
2583 4848 2649 4899 '50
2675 4849 2871 4916 seqq.).
2901 4848 2957 4901 Si
2985 4850 3221 4904 mundus
3244 4851 3459 4914 transit,
3483 4866 3590 4917 quo
3610 4850 3861 4902 uuiietsa
3884 4852 4035 4904 clau-

2459 4938 2660 4990 duntur
2698 4955 2712 5004 ;
2763 4939 2870 4992 imo
2939 4939 3106 5008 ﬁgura
3135 4951 3189 4992 et
3215 4941 3567 4994 conversatio
3600 4941 3760 5007 hujus
3812 4944 4031 5006 mundi,

2461 5031 2612 5097 quasi
2651 5035 2823 5082 nubes
2853 5032 3115 5099 prseterit,
3149 5031 3291 5083 inter
3321 5042 3516 5085 caetera
3583 5034 3769 5086 mundi
3831 5052 4026 5102 opera,

2459 5133 2512 5174 et
2549 5125 2749 5188 nuptiae
2787 5127 3167 5191 praeteribunt.
3198 5123 3381 5192 Neque
3415 5127 3558 5178 enim
3600 5137 3763 5179 erunt
3795 5140 3917 5192 post
3948 5146 4034 5182 re-

2465 5213 2863 5264 surrectionem
2887 5214 3162 5281 conjugis.
3228 5214 3285 5267 Si
3315 5227 3497 5267 autem
3553 5231 3701 5268 ntors
3763 5217 3889 5270 linis
3944 5230 4032 5272 est

2463 5305 2651 5370 nuptia
2664 5320 2799 5363 rum,
2827 5320 2922 5357 cur
2944 5307 3324 5358 necessitatem
3341 5323 3446 5358 non
3471 5309 3522 5358 in
3543 5310 3873 5361 voluntatem
3903 5325 4034 5362 ver-

2463 5394 2667 5446 timus?
2708 5396 2771 5446 lit
2801 5395 2945 5460 quod
2977 5396 3163 5448 invitis
3189 5403 3622 5464 extorquendum
3651 5410 3755 5461 est.
3783 5417 3883 5455 cur
3918 5418 4034 5459 non

2462 5500 2555 5552 spe
2582 5487 2926 5552 pra-nuerunt
2953 5486 3231 5541 oﬂerimus
3256 5487 3406 5542 Deo?
3432 5492 3537 5553 Qui
3581 5495 3694 5543 sine
3726 5508 3888 5546 uxore
3925 5505 4032 5562 est,

2460 5621 2610 5675 dare.
2646 5631 2758 5672 tum
2783 5623 2955 5675 nostri
3009 5624 3228 5677 Codit‘es
3275 5625 3595 5688 docuerunt,
3644 5636 3759 5680 tum
3803 5628 4034 5686 Graecus

2461 5688 2795 5756 Latinusque
2819 5703 3019 5744 textus.
3056 5697 3174 5745 Alia
3199 5697 3447 5761 qmedatn
3483 5697 3709 5749 minoris
3756 5704 4030 5754 momenti

2462 5776 2622 5826 supm
2667 5773 2826 5827 atque
2854 5763 2992 5813 intra
3017 5768 3387 5817 emendaturis.

2533 5831 2550 5858 ³
2587 5829 2932 5893 Veronensis,
2964 5842 3020 5883 ut
3051 5844 3100 5883 et
3121 5835 3209 5900 qui
3243 5836 3453 5887 habent.
3485 5835 3681 5897 (ἴε-κο..
3716 5838 3801 5889 ενα
3833 5840 3926 5891 tu".
3953 5842 4030 5895 oi.
