4218 6450
722 393 831 462 ειδ

1884 402 1945 461 S.
1984 399 2296 460 EUSEbll
2335 394 2784 458 lllERUNYMl

3886 390 3993 452 2“

720 518 821 563 tem
849 519 1022 564 autem
1053 510 1248 564 habens
1275 529 1371 566 sua
1412 511 1716 575 voluntatis,
1748 522 1796 565 et
1826 513 1920 565 hoc
1947 516 2155 581 judiml
2190 516 2200 543 '
2244 515 2297 565 in
2334 521 2373 573 Α
2407 511 2605 566 dentis:
2644 512 2808 564 librat
2842 509 3156 573 consilium,
3201 508 3277 563 ita
3325 510 3557 579 singulis
3617 509 3895 571 relaxans.
3931 518 3992 563 ut

717 602 870 655 corde
895 618 989 655 suo
1016 619 1229 659 servare
1263 607 1523 675 virginem
1556 620 1733 668 suam.
1771 611 1895 658 bene
1934 607 2079 676 facit.
2120 605 2295 670 Igitur

712 701 761 747 et
781 695 874 766 qui
890 698 1419 767 malrimoaiojungit
1442 700 1693 766 virginem
1722 717 1892 752 suam.
1912 699 2036 750 bene
2059 698 2184 765 fui-it
2206 715 2222 760 ;
2246 707 2296 751 et

712 808 736 850 ’ί
820 790 1134 862 nonjungit.
1161 791 1342 845 melius
1370 792 1550 863 faciti!
1571 792 1693 847 Cor.
1715 809 1806 854 vti.
1825 793 1913 853 37.
1937 791 2296 859 58).Signan-

714 899 801 945 ter
829 899 883 944 ct
910 905 1126 953 p'vpm-
1159 901 1323 955 supra
1356 886 1589 946 dixerat.
1628 886 1729 951 Qui
1759 887 1904 938 ducit
1931 901 2169 947 uxorem,
2192 902 2294 937 non

715 992 937 1049 peccat:
974 980 1084 1041 hic.
1116 978 1217 1045 Qui
1258 990 1429 1033 servat
1455 981 1706 1049 virginem
1740 995 1915 1041 suam.
1960 979 2083 1031 bene
2143 978 2292 1048 facit.

714 1077 870 1130 Aliud
895 1082 980 1128 est
1004 1083 1189 1127 autem
1218 1073 1380 1144 262
1416 1088 1523 1126 non
1559 1087 1812 1141 peccare.
1843 1071 1985 1126 aliud
2021 1080 2103 1124 est
2156 1071 2296 1124 bello

715 1170 914 1223 lacere.
946 1167 1192 1227 Declina.
1218 1168 1412 1235 inquit,
1439 1184 1469 1218 a
1508 1164 1673 1229 malo.
1705 1176 1752 1219 et
1779 1168 1863 1237 fac
1894 1167 2079 1218 bonum
2117 1164 2295 1231 (Psal.

720 1277 911 1326 xxxvt,
943 1262 1061 1328 27).
1088 1260 1223 1315 Illud
1252 1260 1615 1323 declinamus.
1650 1261 1753 1315 hoc
1781 1261 2085 1327 sequimur.
2126 1257 2183 1311 In
2216 1260 2296 1311 al-

722 1358 840 1405 tero
883 1351 1146 1423 perfectio
1174 1360 1275 1402 est.
1306 1348 1510 1403 Verum
1541 1368 1610 1404 ne
1640 1354 1691 1403 in
1724 1367 1788 1404 eo
1817 1351 1959 1417 quod
2026 1350 2183 1416 dixit,
2247 1359 2296 1403 et

724 1446 815 1513 qtti
847 1445 1189 1497 matrimonio
1208 1445 1394 1514 jungit
1441 1445 1692 1510 virginem
1755 1461 1932 1507 suam,
1961 1445 2085 1497 bene
2144 1446 2291 1514 facit,

721 1535 997 1589 existimet
1025 1536 1228 1604 aliquis
1248 1535 1693 1590 observationem
1724 1544 1967 1589 nostram
1993 1552 2100 1590 non
2128 1548 2296 1599 stare;

720 1627 975 1695 protinus
1012 1627 1115 1681 boc
1145 1628 1322 1697 ipsum
1359 1628 1559 1680 bonum
1590 1638 1872 1691 extenuat,
1901 1637 1957 1681 et
2009 1630 2297 1681 obumbrat

721 1723 1140 1789 comparatione
1176 1722 1440 1785 melioris,
1472 1732 1527 1775 ct
1558 1722 1731 1776 dicit:
1770 1721 1837 1775 Et
1870 1720 1961 1791 qui
1985 1737 2085 1773 non
2118 1722 2297 1789 jungit

723 1810 911 1865 melius
971 1813 1117 1882 facil.
1177 1808 1289 1863 Nisi
1367 1812 1622 1865 illaturus
1694 1820 1840 1862 esset
1908 1809 2023 1880 [Αἰ.
2074 1807 2297 1881 ῐιιὶεεεει]

722 1904 910 1956 melius
972 1904 1122 1970 facit,
1182 1918 1461 1971 nunquam
1527 1902 1938 1971 praemississet,
1997 1901 2122 1955 bene
2144 1903 2297 1970 facit.
2336 1883 2373 1935 Β

724 1994 824 2050 Ubi
855 2006 1036 2049 autem
1071 1999 1273 2050 bonum
1314 2008 1367 2048 et
1395 1996 1589 2049 melius
1638 2004 1743 2056 est.
1789 1996 1858 2047 ibi
1899 1993 2023 2047 boni
2076 2004 2132 2049 et
2192 2012 2302 2049 mc-

743 2091 895 2143 lioris
935 2104 1044 2143 non
1075 2104 1244 2144 unum
1268 2098 1353 2143 est
1379 2088 1689 2157 praemium;
1753 2097 1801 2141 et
1838 2087 1927 2141 ulti
1962 2103 2071 2140 non
2134 2103 2302 2142 unmn

727 2181 1029 2251 prmmiuut.
1059 2180 1134 2235 ibi
1158 2180 1346 2249 utique
1374 2180 1516 2235 dona
1547 2182 1789 2234 diversa.
1816 2177 2057 2232 Tantum
2087 2188 2169 2233 est
2201 2179 2306 2249 igi-

729 2284 821 2328 tur
880 2277 1021 2327 iuter
1072 2274 1292 2342 nuptias
1320 2282 1375 2327 et
1426 2272 1816 2339 virginitatem.
1847 2282 2111 2340 quantum
2164 2272 2307 2326 inter

730 2379 844 2417 non
873 2378 1123 2432 peccare.
1154 2374 1210 2416 et
1242 2362 1382 2417 bene
1413 2362 1631 2428 facere;
1665 2362 1798 2425 imo,
1825 2360 2074 2413 utlevius
2102 2359 2304 2425 dicam,

730 2465 999 2526 quantum
1034 2457 1177 2511 inter
1216 2458 1419 2509 bonum
1458 2463 1514 2508 et
1538 2454 1758 2509 melius.

804 2549 893 2602 16.
941 2547 1275 2618 Vidua-‘un
1296 2559 1589 2611 pascuntur
1618 2546 1962 2617 eleemosynis
2035 2543 2305 2600 Ecclesim.

730 2669 802 2682 -—
825 2639 1007 2695 Finita
1036 2640 1409 2709 disputatione
1442 2638 1821 2709 conjugiorum
1877 2648 1932 2692 et
1961 2637 2307 2706 virginitatis,

732 2734 875 2788 inter
903 2743 1200 2799 utrumque
1229 2742 1391 2787 cauto
1418 2732 1789 2787 moderamine
1815 2741 2313 2801 prwceltIOt'ttitt.iit

734 2844 838 2883 nec
872 2827 939 2882 ad
972 2827 1282 2890 sinistram,
1324 2840 1426 2880 nec
1459 2826 1526 2878 ad
1552 2827 1829 2879 dexteram
1871 2826 2189 2887 diteiterct,
2215 2823 2311 2877 sed

737 2919 825 2974 via
858 2920 1006 2990 regia
1041 2920 1381 2989 graderetur,
1415 2927 1468 2970 et
1498 2917 1632 2970 illud
1669 2916 1921 2985 impleret
1955 2932 1967 2966 :
1999 2915 2081 2968 Nc
2106 2916 2176 2967 sis
2198 2915 2315 2983 jus-

740 3022 825 3065 tus
850 3011 1076 3065 multant
1107 3009 1415 3081 (Ecclextt.
1448 3009 1561 3078 l'i).
1632 3024 1849 3062 rursum
1912 3008 2313 3073 monogamiam

738 3105 990 3177 (ligandae
1013 3112 1318 3173 comparat,
1349 3113 1405 3156 et
1426 3102 1707 3167 quomodo
1734 3101 1951 3169 nuptias
2001 3100 2316 3154 subdiderat

739 3196 966 3269 virgini,
997 3195 1069 3249 ita
1115 3193 1407 3264 digamiam
1462 3194 1655 3263 primis
1703 3191 1913 3259 nuptiis
1963 3189 2201 3254 subiicit,
2262 3197 2316 3241 et

741 3289 819 3343 ait
849 3304 863 3343 :
898 3286 1095 3341 Mulier
1126 3286 1353 3357 alligata
1388 3296 1483 3350 est,
1514 3294 1712 3353 quanto
1770 3292 2004 3351 tempore
2064 3283 2141 3334 vir
2201 3280 2313 3348 ejus

737 3382 861 3436 vivit
886 3397 904 3445 ;
930 3381 1067 3450 quod
1096 3381 1141 3434 si
1182 3380 1457 3433 dormierit
1505 3379 1584 3432 vir
1634 3378 1773 3447 ejus,
1834 3375 2065 3429 liberata
2090 3384 2202 3435 est;
2230 3374 2315 3427 cui

739 3473 848 3527 t'ult
882 3477 1068 3534 nubat,
1100 3482 1309 3525 tantum
1344 3474 1399 3525 in
1443 3472 1697 3525 Domino.
1730 3469 1950 3524 Beatior
1983 3481 2160 3521 autem
2193 3470 2312 3531 erit,

740 3565 785 3621 si
806 3565 884 3617 sic
932 3566 1302 3629 permanserit.
1336 3563 1621 3617 secundum
1652 3560 1928 3615 (ciuilium
1956 3577 2145 3614 meum.
2178 3559 2319 3613 Puto

745 3666 923 3711 autem
956 3656 1093 3727 quod
1120 3667 1168 3709 et
1201 3672 1292 3726 ego
1322 3657 1565 3725 spiritum
1616 3654 1709 3709 Dei
1758 3656 1979 3708 habeam
2037 3652 2188 3724 (Cor.
2214 3669 2313 3717 vn,

745 3750 838 3813 59.
869 3749 983 3818 40).
1020 3749 1283 3804 Concedit
1314 3749 1584 3803 secundas
1635 3747 1880 3816 nuptias,
1933 3747 2028 3801 sed
2090 3745 2320 3800 volenti-

742 3842 911 3900 tibus.
937 3842 1032 3895 sed
1066 3842 1173 3903 his,
1202 3857 1325 3910 quin
1354 3855 1412 3894 se
1446 3839 1729 3895 continere
1756 3855 1863 3893 non
1893 3847 2128 3908 possunt
2152 3853 2168 3901 ;
2244 3851 2315 3891 ne

750 3932 1041 3990 luxuriatae
1075 3934 1129 3986 in
1151 3932 1396 3991 Christo.
1434 3934 1643 3989 nubere
1678 3934 1863 3997 velint.
1889 3931 2321 3986 babentesdam-

755 4027 1067 4088 nationem,
1097 4024 1241 4093 quod
1278 4024 1506 4087 primam
1543 4024 1701 4078 tidem
1731 4023 1942 4077 irritam
1991 4022 2239 4085 fecerint.
2268 4029 2321 4075 et

759 4122 864 4174 ltoc
886 4117 1163 4179 concedit.
1199 4116 1325 4185 quia
1357 4116 1539 4170 multae
1569 4124 1731 4169 erunt
1764 4125 1908 4168 retro
1931 4114 2322 4182 postSatanam

753 4212 804 4285 (ι
833 4212 971 4267 Tim.
998 4227 1050 4272 ν,
1072 4209 1466 4279 l9).Ca:teruin
1494 4208 1769 4270 beatiores,
1791 4208 1988 4275 inquit,
2009 4217 2158 4258 erum
2181 4207 2224 4258 si
2252 4207 2328 4259 sic

758 4306 1143 4378 permanserint
1165 4302 1218 4373 (Ι
1246 4302 1373 4358 Cor.
1401 4317 1500 4367 vu,
1524 4299 1640 4369 40).
1658 4301 2028 4366 continuoque
2051 4299 2327 4365 sttbjnngit

759 4399 1129 4469 Apostolicam
1166 4398 1567 4460 auctoritatem,
1603 4396 1883 4447 secundum
1929 4408 2102 4444 nteant
2153 4392 2328 4444 consi-

766 4493 895 4549 lium
923 4489 1070 4557 (Ibid
1098 4492 1137 4559 ).
1166 4487 1335 4541 Porro
1366 4504 1433 4540 ne
1458 4486 1754 4540 auctoritas
1776 4487 2037 4553 Apostoli.
2060 4486 2207 4554 quasi
2234 4484 2330 4536 bo-

2402 607 2783 674 unuSquisque
2811 604 2955 659 ferre
2985 614 3185 675 potest.
3214 602 3377 658 Juxta
3412 606 3569 660 hunc
3594 614 3816 658 senSum
3860 619 3985 656 om—

2402 702 2489 753 nia
2525 699 2609 752 illa
2647 706 2771 752 sunt
2798 697 3113 765 accipienda
3146 714 3166 752 :
3204 695 3348 750 Nam
3397 714 3515 767 qua:
3571 697 3669 751 sub
3734 697 3847 751 riro
3911 706 3989 749 est

2401 798 2610 857 mulier,
2648 796 2846 847 virente
2869 796 3000 857 viro,
3038 791 3264 863 alligata
3296 801 3373 846 est
3402 791 3503 861 legi
3526 807 3545 846 :
3567 792 3615 844 si
3644 801 3826 845 autem
3846 806 3990 843 mor-

2400 900 2520 941 tuus
2554 888 2714 955 fuerit
2744 886 2842 947 rir,
2872 885 3046 939 soluta
3077 896 3154 939 est
3190 902 3221 939 a
3246 884 3353 955 lege
3380 884 3503 939 viri.
3542 881 3740 953 Igitur.
3782 884 3990 937 virente

2398 984 2529 1038 viro.
2568 982 2834 1034 vocabitur
2855 980 3118 1039 adultera.
3146 980 3192 1032 si
3217 980 3380 1051 fuerit
3408 995 3528 1032 cum
3564 979 3675 1032 alio
3715 979 3853 1031 viro.
3921 975 3986 1031 St

2399 1086 2576 1128 autem
2606 1084 2844 1129 mortuus
2876 1075 3030 1145 fuerit
3082 1074 3163 1126 rir
3188 1072 3330 1142 ejus,
3360 1071 3536 1126 soluta
3571 1082 3649 1125 est
3676 1088 3709 1125 a
3734 1071 3870 1141 lege.
3920 1082 3984 1124 stt

2400 1188 2499 1223 non
2530 1180 2594 1221 sit
2634 1170 2901 1229 adultera,
2925 1170 2967 1222 si
2998 1170 3155 1239 fuerit
3186 1184 3304 1220 cum
3340 1168 3450 1220 alio
3482 1166 3595 1221 tiro
3641 1165 3814 1235 (Rom.
3883 1179 3980 1227 vlt.

2398 1263 2453 1323 2,
2484 1264 2559 1329 5).
2599 1261 2661 1314 Et
2689 1259 2817 1313 illud
2851 1263 2915 1313 ad
2944 1259 3332 1315 Timotheum:
3384 1256 3508 1311 Volo
3558 1273 3682 1327 ergo
3729 1257 3985 1326 juniores

2401 1355 2585 1407 viduas
2621 1352 2829 1414 nubere.
2862 1352 3001 1419 ﬁlias
3023 1366 3323 1422 procreare,
3378 1350 3816 1421 matresfamilias
3841 1365 3978 1409 esse.

2402 1446 2605 1499 nullam
2640 1445 2963 1499 occasionem
2979 1446 3108 1496 dare
3129 1443 3436 1497 adversario
3471 1442 3742 1495 maledicti
3766 1441 3981 1510 gratia.

2400 1536 2527 1591 1am
2563 1538 2702 1590 enim
2725 1539 2966 1605 quedam
2996 1550 3254 1589 converse
3274 1544 3398 1589 sunt
3426 1544 3565 1588 retro
3585 1549 3699 1601 post
3718 1531 3987 1586 Satanam

2405 1633 2455 1705 (1
2480 1631 2615 1687 Tim.
2651 1648 2704 1694 ν,
2739 1632 2826 1695 ll.
2857 1632 2969 1699 l5).
3026 1642 3079 1685 et
3108 1632 3319 1699 rellqua
3345 1631 3433 1684 his
3454 1630 3671 1685 similia.
3697 1628 3994 1695 Quomodo

2402 1726 2547 1779 enim
2585 1724 2891 1789 virginibus
2926 1726 2995 1777 ob
3029 1722 3447 1776 fornicationis’
3486 1723 3788 1792 periculum
3850 1738 3987 1774 cou-

2406 1821 2549 1872 ceilit
2583 1820 2822 1889 nuptias,
2848 1826 2905 1872 et
2936 1818 3255 1871 excusabile
3288 1816 3439 1879 facit,
3476 1818 3621 1884 quod
3651 1831 3747 1881 per
3779 1831 3836 1869 se
3876 1830 3991 1869 non

2408 1914 2706 1979 appetitur.
2780 1911 2851 1964 ita
2899 1909 2969 1962 ob
3032 1909 3283 1963 eamdem
3340 1908 3756 1961 fornicationem
3806 1907 3992 1960 vitan-

2408 2002 2555 2064 dam,
2589 2003 2844 2056 concedit
2872 2001 3055 2055 viduis
3084 1998 3331 2055 sccunola
3365 1998 3731 2052 matrimonia.
3792 1996 3991 2050 Melius

2408 2110 2488 2155 est
2518 2102 2661 2153 enim
2697 2099 2823 2151 licet
2872 2099 3106 2150 alterum
3163 2106 3218 2150 et
3270 2095 3521 2155 tertium.
3576 2108 3745 2147 unutn
3807 2092 3993 2146 virum

2410 2209 2593 2254 nosse.
2626 2208 2787 2261 quam
2844 2189 3111 2260 plurimos
3139 2207 3155 2243 :
3191 2189 3243 2242 id
3273 2196 3377 2251 est,
3413 2186 3757 2241 tolerabilius
3781 2194 3865 2239 est
3893 2185 3994 2239 uni

2410 2286 2616 2341 bomini
2645 2286 2994 2354 prostitutam
3017 2296 3167 2343 esse.
3193 2294 3358 2348 quam
3388 2278 3597 2333 multis.
3622 2276 3910 2346 Siquidem
3936 2284 3997 2331 et

2412 2374 2501 2427 illa
2551 2373 2604 2426 in
2641 2372 2933 2438 Evangelia
2959 2369 3186 2424 Joannis
3216 2368 3561 2424 Samaritana
3591 2368 3611 2398 ³
3675 2379 3893 2421 sextum
3934 2382 3996 2420 se

2411 2467 2667 2519 maritum
2724 2466 2922 2518 habere
2967 2466 3178 2521 dicens.
3212 2464 3462 2533 arguitur
3486 2478 3516 2514 a
3550 2461 3803 2519 Domino.
3842 2461 3995 2530 quod

2414 2574 2521 2612 non
2550 2559 2620 2611 sit
2654 2557 2735 2610 vir
2759 2558 2876 2624 ejus
2907 2555 3091 2613 tJoan.
3153 2573 3226 2619 tv,
3284 2555 3395 2621 l7).
3429 2552 3531 2607 L'bi
3559 2554 3702 2608 enim
3730 2569 3998 2607 numerus

2415 2651 2737 2703 maritarum
2769 2657 2870 2710 est,
2901 2647 2971 2700 ibi
3008 2647 3111 2710 vir,
3138 2647 3232 2716 qui
3268 2646 3487 2716 proprie
3524 2662 3667 2700 unus
3716 2655 3823 2703 est.
3869 2658 3999 2697 esse

2414 2740 2595 2794 desiit.
2642 2738 2758 2794 Una
2789 2750 2939 2794 costa
2968 2754 2996 2792 a
3018 2740 3294 2808 principio
3329 2741 3383 2793 in
3410 2754 3576 2793 unam
3605 2753 3831 2793 uxorem
3871 2754 4000 2792 rer-

2416 2849 2473 2886 sa
2507 2844 2606 2887 est.
2642 2831 2708 2886 Et
2737 2844 2912 2893 erant.
2937 2834 3138 2902 inquit,
3162 2834 3268 2886 duo
3293 2833 3345 2884 in
3380 2849 3536 2886 carne
3592 2849 3698 2885 una
3731 2831 3886 2900 (Gen.
3935 2847 3996 2894 ll.

2414 2927 2547 2991 24):
2584 2942 2689 2980 non
2713 2936 2847 2987 tres.
2883 2941 3060 2994 neque
3126 2939 3386 2995 quatuor.
3449 2925 3689 2992 alioquin
3722 2925 3834 2992 jam
3885 2940 4000 2977 non

2416 3019 2545 3085 duo,
2569 3019 2613 3073 si
2651 3019 2831 3088 plures
2855 3022 2905 3073 ’⁸.
2960 3017 3177 3072 Primus
3230 3017 3474 3072 Lamecb
3534 3018 3921 3086 sanguinarios
3947 3026 4005 3070 et

2421 3112 2723 3172 homicida.
2756 3126 2916 3165 unam
2959 3126 3180 3166 camem
3226 3112 3280 3165 in
3331 3113 3468 3166 duas
3523 3110 3709 3165 divisit
3759 3125 4003 3163 uxores:

2429 3205 2799 3259 lratricidium
2833 3214 2890 3258 et
2915 3204 3227 3273 digamiatn,
3262 3203 3452 3258 eadem
3489 3202 3800 3274 cataclysmi
3836 3216 4003 3271 parua

2429 3295 2653 3351 delevit.
2688 3293 2788 3356 .De
2850 3295 3025 3348 altero
3086 3297 3311 3363 septies.
3374 3294 3443 3348 de
3536 3293 3713 3348 altero
3774 3302 4005 3362 septua-

2425 3392 2541 3460 gies
2603 3390 2810 3460 septies
2866 3389 3203 3445 vindicatum
3265 3400 3368 3444 est.
3447 3389 3725 3454 Quantum
3789 3390 4005 3443 distant

2426 3484 2479 3538 in
2534 3498 2787 3547 numero,
2846 3492 3056 3537 tantum
3108 3492 3165 3537 et
3222 3483 3275 3535 iu
3329 3482 3582 3536 crimine.
3638 3481 3813 3546 Onam
3873 3497 4007 3534 san-

2424 3583 2508 3630 cta
2568 3574 2639 3627 sit
2692 3572 2926 3644 digantia
2977 3566 3025 3635 ‘.
3096 3573 3225 3626 hinc
3273 3574 3608 3639 ostenditur,
3654 3573 3798 3641 quod
3851 3574 4008 3641 diga-

2427 3681 2552 3720 mus
2584 3667 2635 3719 in
2670 3667 2877 3719 clerum
2905 3665 3033 3734 eligi
3069 3681 3176 3719 non
3208 3675 3411 3734 potest.
3446 3676 3501 3720 et
3535 3666 3658 3720 ideo
3706 3665 4010 3734 Apostolus

2429 3759 2496 3811 ad
2514 3758 2907 3813 Timotheum:
2950 3756 3144 3821 Vidua.
3168 3758 3366 3827 inquit.
3426 3757 3659 3827 eligatur
3694 3774 3796 3810 non
3830 3759 4007 3810 minus

2429 3852 2707 3920 sexaginta
2728 3866 3019 3911 annorum.
3047 3866 3164 3919 qum
3192 3852 3351 3919 fuerit
3412 3851 3570 3903 unius
3624 3852 3723 3903 viri
3773 3866 3909 3903 uxor
3955 3848 4007 3920 (1

2431 3942 2563 3995 Tim.
2599 3957 2653 4004 ν,
2677 3940 2753 4009 9).
2789 3941 2886 3994 llic
2912 3957 3077 3994 omne
3111 3949 3438 4009 pra'reptum
3476 3940 3545 3994 de
3576 3940 3662 3993 bis
3691 3951 3772 3994 est
3802 3940 4009 4000 viduis.

2432 4052 2553 4105 qua
2607 4036 2866 4089 Ecclesiae
2921 4042 3218 4103 pascuntur
3275 4032 3660 4103 cleemosynis.
3696 4032 3761 4086 Et
3799 4033 4014 4086 idcirco

2434 4138 2566 4183 tetas
2634 4126 2799 4198 264
2858 4125 3257 4197 prmscribitur.
3313 4136 3373 4179 ut
3435 4126 3538 4180 illa:
3596 4133 3806 4179 tantum
3859 4126 4010 4180 acci-

2439 4225 2595 4292 piant
2636 4235 2935 4291 pauprrum
2977 4219 3171 4280 cibos.
3236 4233 3359 4285 qua:
3412 4218 3525 4287 jam
3590 4218 3837 4271 laborare
3900 4234 4015 4272 non

2438 4322 2693 4380 possunt.
2769 4310 3056 4377 Simulque
3110 4310 3418 4370 considera.
3486 4309 3630 4379 quod
3683 4324 3806 4377 qua:
3870 4310 4016 4364 duos

2438 4404 2629 4458 batmit
2661 4407 2828 4464 viros.
2892 4402 3108 4455 etiamsi
3182 4417 3320 4456 anus
3364 4402 3458 4464 sit,
3497 4410 3554 4456 et
3608 4400 3907 4471 decrepita.
3958 4414 4020 4457 et

2440 4513 2628 4566 egens.
2666 4496 2917 4550 Ecclesia-
2959 4496 3135 4564 stipes
3162 4510 3274 4548 non
3319 4504 3568 4549 meretur
3615 4496 3890 4564 accipere.
3954 4494 4014 4550 Si

761 4585 946 4644 minis.
986 4582 1157 4635 levior
1187 4579 1483 4642 videretur,
1528 4579 1690 4633 addid
1719 4589 1737 4632 t
1767 4598 1778 4631 :
1827 4577 1958 4630 Puto
1982 4590 2157 4630 auten:
2195 4593 2315 4643 quot

2442 4603 2621 4641 autem
2660 4591 2816 4653 panis
2854 4588 2925 4641 illi
2959 4586 3165 4641 tollitur
3200 4587 3582 4655 eleemosyute,
3629 4596 3838 4654 quanto
3893 4602 4022 4639 ma-

758 4686 808 4732 ct
844 4693 937 4746 ego
965 4672 1210 4742 spiritum
1258 4671 1353 4726 Dei
1381 4672 1604 4724 habeant
1648 4669 1856 4738 (Μία).
1895 4669 1996 4724 Ubi
2038 4669 2103 4722 ad
2161 4668 2338 4720 conti-

759 4772 1001 4824 nentiam
1038 4776 1320 4834 provocat.
1352 4765 1421 4819 ibi
1447 4779 1556 4816 non
1616 4764 1879 4825 hominis.
1946 4762 2040 4815 sed
2101 4761 2337 4829 Spiritus

766 4862 858 4916 Dei
892 4859 1181 4914 consilium
1237 4866 1363 4922 est;
1424 4856 1512 4908 ubi
1574 4866 1754 4909 autem
1795 4855 2035 4909 nubendi
2088 4854 2339 4908 COIlCL’dzl

764 4955 1003 5017 veniam,
1037 4951 1198 5022 263
1233 4949 1495 5017 Spiritum
1523 4946 1614 5001 Dei
1648 4964 1754 5001 non
1779 4963 1902 5001 nom
1932 4955 2044 5011 nat,
2074 4946 2168 5001 sed
2205 4962 2336 5015 pru-

774 5112 1017 5167 Omninm
1055 5126 1184 5163 mss.
1215 5109 1316 5161 lidc
1343 5127 1356 5162 :
1383 5108 1472 5175 qui
1503 5110 1726 5175 insuper
1756 5123 1853 5173 pro
1873 5108 1918 5159 si
1942 5108 2125 5166 nnbat.
2152 5108 2340 5173 legunt

777 5185 823 5236 si
851 5188 1005 5233 ducat
1026 5195 1240 5232 uxorem
1270 5195 1282 5244 ;
1314 5190 1366 5229 et
1386 5180 1589 5229 nubere
1623 5178 1844 5245 quidth
1872 5184 1935 5227 .lc
1968 5179 2192 5230 muliere
2220 5194 2341 5243 pro-

775 5250 1140 5323 priedicitur,
1171 5264 1275 5301 non
1302 5248 1369 5301 de
1397 5249 1535 5299 viro.
1695 5292 1698 5296 .

852 5322 869 5353 ¹
898 5320 1063 5374 Iidem
1098 5335 1227 5370 mss.
1259 5337 1275 5367 ι
1314 5328 1634 5380 potestatem
1682 5327 1860 5368 autem
1908 5318 2090 5374 habet.
2145 5328 2201 5370 ct
2244 5320 2345 5371 hoc

778 5389 1039 5458 jnrliravit
1066 5406 1081 5454 ;
1108 5389 1290 5456 tjuxta
1310 5386 1553 5439 Graurum
1582 5387 1717 5458 ἔχει,
1736 5395 1797 5458 et
1821 5387 2075 5458 κέκρικεν

854 5465 870 5492 ³
906 5461 956 5512 ln
989 5474 1144 5519 mss..
1177 5457 1434 5527 quomodo
1485 5458 1619 5508 enim
1666 5456 1952 5523 virginibus
1986 5458 2347 5523 fornicationis

778 5526 1338 5601 perieiilnntroncedit
1384 5526 1791 5601 nuptias..._ita
1835 5529 2020 5601 eadem
2067 5528 2348 5595 fornicatio

776 5596 1008 5655 concedit
1039 5598 1205 5650 riduis
1247 5602 1475 5650 secunda
1538 5596 1900 5647 matrimonia.
1952 5600 2211 5665 Superior
2236 5609 2348 5664 post

778 5672 968 5724 \‘(tt'ttia
998 5672 1047 5719 in
1075 5671 1263 5720 iisdem
1291 5682 1397 5717 non
1432 5668 1683 5720 habetur.

850 5741 870 5769 ³
925 5738 1125 5790 Noun-tt
1173 5739 1397 5788 Joannis
1432 5739 1480 5788 in
1539 5735 1743 5789 nostris
1778 5752 1907 5789 mss.
1955 5749 2005 5790 Ct
2047 5739 2209 5791 veteri
2241 5738 2354 5791 ο(Ιὶ-

784 5811 939 5891 ,ioni:
964 5823 1176 5875 quoque
1205 5810 1560 5860 tit‘SitiPl‘ﬂlll".

870 5888 890 5909 '
923 5876 1170 5948 lmgimus
1227 5894 1285 5930 cx
1325 5879 1767 5935 νιιῖειιύιιιίδεὶιιιο
1797 5876 2092 5935 \‘croncnsi
2132 5878 2267 5934 libro
2316 5877 2357 5931 si

2442 4681 2522 4749 gis
2552 4681 2641 4732 ille
2675 4680 2831 4747 panis
2859 4679 2949 4746 qui
2985 4679 3052 4732 de
3074 4679 3213 4733 caelo
3245 4679 3555 4741 descendit.
3584 4695 3746 4748 quem
3792 4680 3887 4748 qui
3930 4683 4020 4732 in-

2440 4771 2603 4840 digne
2640 4771 2964 4833 comedcrit,
2994 4786 3124 4824 reus
3153 4770 3259 4824 erit
3284 4770 3467 4825 violati
3510 4772 3756 4839 corporis
3784 4784 3839 4827 et
3892 4788 4024 4826 san—

2441 4865 2619 4933 guinis
2652 4863 2895 4917 Christi!

2515 4955 2604 5008 15.
2652 4954 2823 5009 Multa
2855 4956 3152 5025 compulsus
3190 4968 3267 5011 est
3316 4957 3446 5013 ulle
3472 4954 3699 5013 Paulus.
3726 4987 3798 5000 —
3834 4959 4025 5026 Quan-

2446 5116 2531 5182 pla
2545 5131 2622 5167 res
2654 5130 2750 5179 pro
2785 5114 2874 5166 sed
2911 5116 3108 5180 plures.
3142 5114 3389 5182 Sequi-ns
3420 5115 3570 5168 locus
3586 5130 3650 5168 ex
3681 5114 4029 5169 Tertulliann

2446 5192 2508 5235 ile
2564 5187 2897 5249 nionogamia
2953 5199 3245 5251 expressus
3293 5187 3408 5248 ubi,
3454 5204 3473 5235 s
3507 5184 3790 5247 Primum.
3819 5188 4027 5251 inquit.

2448 5257 2628 5306 scelus
2696 5254 3049 5306 homicidium
3108 5256 3159 5306 in
3199 5255 3858 5314 lratricidiodedicatum,
3913 5266 4026 5309 tam

2451 5329 2664 5386 (lignum
2702 5329 2944 5378 secutulo
2970 5325 3090 5376 loco
3117 5328 3299 5377 scelus
3325 5330 3430 5378 non
3452 5326 3574 5386 fuit,
3596 5341 3757 5391 quam
3781 5326 4029 5378 diuertu-

2452 5398 2597 5461 ptize.
2638 5392 2813 5447 Semel
2850 5405 2961 5445 tum
3001 5394 3110 5446 vim
3150 5411 3303 5459 passa
3357 5396 3629 5449 institutio
3663 5395 3753 5449 Dei
3784 5412 3880 5463 per
3918 5394 4029 5449 La-

2454 5466 2634 5523 lllct'il,
2660 5466 2909 5517 constitit
2937 5477 3124 5528 postea
3153 5480 3324 5527 usque
3372 5465 3428 5517 in
3466 5468 3624 5518 tinem
3650 5478 3828 5532 genus
3858 5465 4029 5522 iliins.

2455 5536 2594 5587 Asia:
2655 5534 2915 5585 diluvium
2981 5535 3298 5598 iniquitates
3350 5548 3802 5603 prorocavcrunt,
3853 5537 4031 5589 semel

2455 5605 2686 5655 (Ιιιΐμιιςςιι
2707 5605 2889 5667 qualos
2910 5607 3121 5656 l'mrrttttt
3149 5619 3254 5655 non
3278 5614 3456 5657 tatuen
3473 5607 3777 5675 Septuagies
3801 5609 4029 5671 δνιιιὲυς,

2455 5674 2592 5742 quod
2630 5678 2735 5723 duo
2766 5676 3109 5725 tnamtnonia
3145 5686 3478 5726 lllt‘t‘ttt'l‘lllll.
3518 5694 3535 5723 ι

2528 5746 2545 5771 ⁵
2581 5745 2755 5795 Malim
2789 5762 2909 5794 t'lltll
2945 5746 3110 5794 tittch
3150 5746 3387 5799 COllltlllt‘
3425 5747 3523 5806 legi
3559 5744 3893 5814 .ilouoyumiu
3933 5765 4033 5814 pro

2465 5813 2733 5875 hill’ltlllll;
2776 5816 2867 5867 st‘d
2902 5832 3031 5866 ιιιδδ.
3069 5832 3174 5867 nou
3213 5814 3595 5885 solitagutitut‘.
