4218 6480
174 418 283 480 215

1236 426 1640 486 ΑΙΠΕΒΞΜΞ
1669 425 2163 487 JOVINIANUM
2211 430 2358 490 LIB.
2400 430 2441 487 Ι.

3368 419 3473 481 illi

170 549 332 599 quam
369 532 495 587 hac
527 534 845 591 testimonia
881 553 1003 608 qua:
1058 554 1219 609 supra
1254 542 1439 609 posui,
1479 541 1529 593 in
1567 541 1767 610 quibus
1803 547 1845 598 Α
1878 544 2174 610 praelatam.
2197 543 2350 599 Aede
2370 542 2541 598 Adam
2567 542 2783 612 quidem
2806 555 2861 595 et
2886 542 3138 597 Evaillud
3163 540 3478 603 dicendum,

168 627 350 682 viduis
382 630 719 685 conceditur
750 640 830 696 ut.
869 634 913 686 si
948 634 1137 698 velint.
1171 635 1349 689 denuo
1384 634 1613 702 nubant,
1646 638 1770 707 qui-

173 721 294 776 dam
331 724 790 793 interpretantur
813 742 979 795 super
1004 729 1089 781 his
1126 728 1328 792 viduis.
1364 746 1519 799 quas,
1556 732 1774 787 amissis

174 815 411 883 maritis,
445 817 535 871 sic
575 818 846 876 invenerit
890 823 1024 877 tides
1057 823 1289 879 (Ihristi.
1323 823 1435 879 Nec
1469 826 1613 879 enim
1641 841 1775 880 con-

170 926 411 980 sequens
457 924 614 970 esset
650 917 756 972 ut'
788 916 1082 986 Apostolus
1132 931 1251 989 p031
1308 922 1595 991 baptisma,
1661 922 1778 976 viro

171 1013 415 1070 mortuo,
479 1007 687 1075 jubeat
739 1010 893 1063 alteri
958 1012 1208 1075 nubere,
1265 1028 1388 1066 cum
1444 1014 1778 1070 habentibus

169 1112 392 1168 quoque
432 1115 648 1157 uxores
688 1106 1034 1174 praeceperit.
1075 1116 1135 1159 ut
1184 1105 1264 1161 sic
1301 1108 1412 1160 sint
1474 1109 1633 1177 quasi
1668 1124 1777 1163 non

173 1191 473 1257 iubentes.
521 1205 582 1250 et
626 1196 701 1252 ob
740 1199 881 1253 hanc
935 1215 1155 1254 causam
1202 1216 1311 1254 non
1367 1216 1489 1255 esse
1548 1219 1778 1257 uxorum

172 1299 475 1339 numerum
510 1289 843 1344 deﬁnitum:
879 1291 1006 1360 quia
1058 1304 1182 1360 post
1239 1293 1505 1364 baptisma
1544 1296 1773 1362 Christi,

172 1378 331 1430 etiam
362 1380 410 1431 si
448 1382 618 1434 tertia
649 1392 703 1435 et
747 1390 944 1453 quarta
979 1401 1116 1438 uxor
1147 1385 1316 1441 fuerit
1344 1428 1358 1450 ,
1410 1388 1564 1456 quasi
1602 1379 1776 1457 prima

173 1479 490 1537 repntetur.
536 1472 761 1542 Alioqui
786 1476 829 1529 si
863 1488 984 1545 post
1010 1477 1307 1543 baptisma,
1337 1479 1517 1547 primo
1543 1489 1780 1542 mortuo.

171 1563 448 1631 accipitur
488 1567 795 1629 secundus.
842 1583 1011 1637 quare
1065 1585 1173 1622 non
1219 1570 1463 1625 secundo
1500 1583 1552 1625 et
1596 1572 1780 1634 tertio.

172 1666 225 1709 ιιι
248 1668 480 1723 quarto.
517 1669 575 1713 et
606 1661 804 1728 quinto
829 1672 1046 1716 mortuo
1077 1664 1117 1723 ³,
1150 1663 1450 1730 accipiatur
1477 1672 1691 1724 sextus,
1728 1671 1783 1715 et

174 1751 375 1817 reliqui
428 1752 454 1803 ?
498 1752 699 1807 Potest
777 1755 928 1809 enim
994 1756 1274 1821 accidere,
1327 1766 1385 1809 ut
1457 1756 1785 1810 infelicitate

173 1847 440 1912 quadam.
468 1846 562 1900 vel
589 1846 796 1916 judicio
832 1846 925 1900 Dei
953 1849 1285 1903 succidentis
1329 1850 1547 1919 nuptias
1582 1850 1786 1918 repeti-

174 1948 284 1999 tas.
359 1939 797 1994 adulescentula
844 1941 1031 2009 plures
1071 1942 1303 2009 acoipiat
1361 1943 1528 2005 vires,
1564 1954 1615 1995 et
1646 1960 1782 1997 anus
1816 1923 1856 1980 Β

176 2031 363 2098 prium
394 2033 607 2086 marito
644 2033 697 2085 in
750 2046 993 2088 extrema
1052 2045 1213 2089 aetate
1259 2037 1534 2091 viduetur.
1565 2036 1782 2092 Primus

178 2123 354 2176 Adam
424 2139 795 2195 monogamus
834 2144 847 2181 :
882 2127 1158 2182 secundus
1192 2144 1439 2200 agamus.
1492 2131 1594 2196 Qui
1630 2131 1781 2201 diga-

177 2217 345 2271 miam
382 2218 655 2285 probant,
690 2220 984 2274 exhibeant
1015 2223 1237 2276 tertium
1274 2224 1446 2277 Adam
1476 2224 1777 2293 digamum.

177 2325 342 2377 quem
379 2323 722 2381 sequantur.
761 2312 963 2368 Verum
996 2313 1080 2369 lac
1109 2324 1168 2369 ut
1193 2317 1530 2371 concesserit
1583 2315 1785 2371 Paulus

181 2403 432 2457 secunda
480 2404 881 2473 matrimonia;
920 2407 1110 2461 eadem
1151 2406 1269 2473 lege
1300 2418 1348 2461 et
1394 2410 1553 2461 tertia
1585 2423 1786 2463 conce-

180 2496 303 2560 dit.
386 2507 449 2553 et
510 2509 752 2569 quarta,
809 2510 862 2553 rt
908 2501 1341 2571 quotiescunque
1396 2504 1479 2556 vir
1531 2504 1781 2558 moritur.

180 2589 348 2645 Multa
380 2593 745 2661 compellitur
795 2593 1095 2662 Apostolus
1149 2597 1313 2658 velle.
1349 2612 1470 2657 utne
1501 2612 1608 2648 non
1650 2577 1783 2650 vult.

177 2680 555 2739 Circumcidit
586 2684 961 2749 Timotheum.
996 2697 1127 2740 rasut
1186 2689 1302 2755 ipsi:
1352 2688 1654 2752 calvitium.
1687 2706 1786 2741 nn-

180 2774 466 2844 dipedalia
500 2776 790 2842 etercuit,
832 2793 1041 2833 eomam
1082 2777 1313 2833 nutrivit
1339 2823 1351 2842 .
1382 2792 1433 2831 et
1464 2780 1698 2833 totondit
1731 2781 1782 2832 in

180 2865 480 2920 Cenchris.
512 2865 587 2921 Et
616 2877 767 2921 certe
795 2870 1159 2939 castigaverat
1178 2867 1418 2934 Galatas,
1460 2869 1787 2938 Petrumque

181 2960 656 3030 reprehenderat.
688 2964 829 3031 quod
891 2980 951 3019 se
990 2974 1214 3032 propter
1240 2964 1659 3019 observationes
1687 2964 1784 3018 Ju-

184 3056 377 3111 daicas
410 3071 441 3107 a
488 3058 753 3125 gentibus
812 3067 1114 3125 separaret.
1173 3057 1461 3123 Quomodo
1518 3057 1677 3124 igitur
1734 3060 1785 3110 itt

181 3150 399 3203 ueteris
427 3148 696 3204 Ecclesiae
723 3150 1028 3217 disciplinis
1052 3150 1258 3206 Judazis
1279 3148 1526 3211 Jndzeus,
1552 3151 1788 3204 ethnicis

181 3245 471 3305 ethnicus.
508 3254 565 3299 et
590 3246 844 3299 omnibus
878 3247 1057 3300 omnia
1109 3246 1287 3301 factus
1325 3256 1445 3311 est,
1502 3257 1559 3297 ut
1592 3260 1787 3299 omnes

180 3337 550 3392 lncrifaceret
585 3339 705 3393 :sic
732 3348 787 3393 et
824 3338 1115 3408 digatnram
1174 3337 1342 3409 265
1394 3338 1674 3392 concessit
1706 3338 1788 3391 in-

178 3428 639 3493 continentibus,
668 3444 770 3483 nec
802 3429 1114 3498 nuptiarum
1143 3445 1435 3484 numerum
1476 3430 1786 3500 praelittivit,

184 3533 244 3576 ut
275 3524 412 3577 dum
454 3523 654 3577 vident
675 3523 775 3577 sibi
806 3523 1070 3577 mulieres
1100 3524 1170 3577 ita
1197 3535 1321 3593 post
1355 3533 1587 3578 mortem
1614 3525 1788 3577 mariti

183 3618 500 3673 secundum
533 3617 784 3678 concedi,
820 3627 877 3670 ut
913 3617 1109 3671 tertius
1150 3628 1491 3686 quartusque
1534 3620 1791 3673 conoedi-

187 3721 295 3772 tur,
328 3708 675 3762 erubescant
715 3708 947 3761 alterum
1002 3708 1275 3775 accipere,
1337 3723 1405 3761 ne
1454 3707 1702 3777 trigamis
1739 3720 1792 3762 et

183 3797 573 3868 quadrigamis
604 3807 1017 3861 comparentur.
1056 3796 1157 3851 Ubi
1205 3797 1352 3852 enim
1402 3812 1544 3851 unus
1568 3798 1791 3851 excedi-

185 3900 300 3951 tur.
358 3888 510 3942 nihil
580 3887 752 3941 refert
808 3887 1114 3947 secundus.
1175 3902 1244 3939 an
1301 3887 1501 3942 tertius
1531 3889 1621 3949 sit,
1662 3888 1790 3958 quia

187 3982 401 4037 desinit
454 3994 581 4033 esse
620 3994 1009 4049 monogamus.
1054 3977 1257 4033 Omnia
1287 3980 1443 4033 licent
1474 4020 1489 4043 ,
1542 3980 1633 4032 sed
1687 3998 1790 4034 non

188 4080 373 4130 omnia
402 4071 750 4143 expediunt'(
775 4072 801 4124 1
825 4071 951 4124 Cor.
981 4086 1054 4134 vi,
1088 4070 1191 4136 ης
1230 4087 1282 4133 ι,
1307 4070 1421 4137 25).
1451 4069 1567 4125 Non
1591 4073 1791 4128 damno

190 4168 471 4239 dipmos.
530 4164 644 4218 into
700 4178 805 4217 nec
865 4162 1150 4233 trigamos,
1205 4171 1280 4223 et,
1325 4163 1369 4216 si
1427 4162 1531 4217 dici
1592 4176 1790 4227 potest.

190 4273 517 4329 octogamos
546 4275 569 4311 ς
597 4258 719 4325 plus
757 4255 959 4323 aliquid
998 4252 1229 4309 inferam
1260 4293 1273 4316 ,
1328 4255 1494 4308 etiam
1524 4267 1795 4311 scortato—

194 4370 313 4407 rem
342 4351 560 4418 recipio
591 4350 977 4418 pamitentem.
1009 4347 1286 4417 Quidquid
1327 4348 1612 4417 aequaliter
1640 4350 1790 4415 licet,

190 4445 394 4517 aquati
425 4446 588 4499 lance
616 4443 955 4511 peusmdunt
987 4452 1091 4497 est.

267 4541 362 4595 16.
399 4538 640 4592 Casinas
662 4551 872 4603 semper
902 4536 1127 4602 prelum
1142 4536 1358 4603 nuptiis.
1389 4534 1510 4588 Non
1537 4548 1610 4588 est
1630 4536 1794 4591 bonus

1880 636 2024 703 quod
2052 650 2176 690 ante
2203 638 2464 691 offensam
2493 638 2543 690 in
2575 636 2829 706 paradiso
2852 636 3089 704 virgines
3107 634 3305 689 fuerint
3326 649 3340 690 :
3362 644 3482 703 post

1883 739 2162 797 peccatum
2198 741 2399 797 autem,
2431 741 2484 784 ct
2510 741 2664 785 extra
2718 729 3033 798 paradisum
3080 729 3329 798 pretiutt-z
3362 743 3477 780 nu-

1883 823 2027 891 ptim.
2070 823 2297 885 Deinde.
2322 825 2463 893 quod
2490 827 2591 879 hoc
2620 824 2801 893 ipsum
2832 825 3222 891 interpretetur
3250 821 3481 883 Aposto-

1886 916 1968 971 lus
1997 934 2009 969 ε
2048 917 2273 987 Propter
2300 918 2394 971 hoc
2418 920 2672 985 relinquet
2706 921 2859 971 homo
2891 931 3094 987 patrem
3152 925 3199 969 et
3260 924 3478 966 tttnlt'ettt

1883 1029 2032 1063 suam
2066 1012 2105 1071 ⁸.
2154 1024 2200 1064 ct
2242 1012 2531 1064 tttlItIrrebit
2580 1014 2734 1063 uxori
2795 1029 2940 1073 sum,
2973 1022 3021 1064 et
3065 1017 3220 1062 erunt
3269 1008 3373 1060 duo
3428 1011 3477 1056 in

1885 1120 2041 1157 carne
2070 1122 2173 1157 una
2207 1104 2424 1173 (Ep/tes.
2474 1120 2527 1161 v.
2556 1104 2657 1167 ὄις
2716 1102 2846 1159 Cen.
2888 1119 2947 1162 ll.
3004 1104 3121 1169 ‘25),
3183 1103 3480 1170 statimque

1885 1197 2205 1266 subiungit:
2246 1196 2651 1252 Sacramentum
2687 1198 2780 1250 hoc
2807 1213 3050 1263 mag/nunt
3084 1207 3180 1252 est.
3217 1196 3327 1265 Ego
3372 1212 3472 1248 ou-

1887 1302 1985 1346 tem
2013 1295 2129 1346 (lico
2158 1295 2217 1345 in
2249 1292 2463 1345 Christo
2494 1302 2540 1345 et
2578 1294 2632 1346 in
2671 1291 2909 1345 Ecclesia
2964 1288 3149 1360 (ltuit.
3184 1292 3294 1342 5⁸ὶῖ.
3325 1290 3481 1341 Chri-

1887 1397 2004 1442 stus
2035 1388 2087 1441 itt
2121 1400 2287 1441 ciruc
2326 1390 2502 1451 virgo.
2551 1386 2605 1439 in
2640 1387 2836 1454 Spiritu
2875 1400 3263 1453 monogamus.
3310 1384 3479 1436 l'nam

1889 1483 2036 1533 enim
2095 1481 2259 1533 habet
2319 1479 2743 1540 Ecclesiatn,tle
2801 1496 2905 1546 qua
2940 1480 3081 1532 idem
3140 1477 3481 1545 Apostolus:

1892 1573 2022 1638 Vtri,
2060 1574 2259 1641 inquit.
2290 1572 2497 1642 diligite
2538 1588 2726 1625 uxores
2758 1581 2979 1633 vestras,
3015 1573 3147 1623 sicut
3172 1581 3219 1624 et
3244 1570 3484 1622 Christus

1891 1667 2188 1721 Ecclesium
2210 1666 2425 1733 (Ep/trs.
2448 1666 2590 1727 γ,ἓὸ
2611 1684 2623 1728 ;
2648 1666 2855 1722 Coloss.
2892 1680 2972 1726 ιιι.
3000 1663 3111 1727 19).
3144 1665 3200 1717 Si
3230 1663 3483 1719 Christus

1889 1770 2097 1825 sancte,
2134 1761 2177 1813 si
2211 1768 2378 1817 caste.
2412 1761 2455 1812 si
2489 1760 2699 1827 absque
2747 1760 2858 1812 ulla
2912 1758 3123 1813 macula
3180 1758 3479 1813 Ecclesium

1892 1853 2064 1922 diligit
2102 1870 2114 1905 :
2160 1851 2262 1905 viri
2292 1867 2514 1921 quoque
2551 1851 2605 1903 in
2636 1852 2887 1907 castitate
2920 1867 3123 1906 uxores
3173 1867 3300 1903 suas
3352 1852 3475 1903 dili-

1888 1954 2037 2014 gant,
2082 1952 2136 1997 et
2166 1945 2300 1998 sciat
2334 1943 2715 2011 unusquisque
2760 1959 2856 1997 vas
2903 1959 3058 1997 suum
3101 1943 3381 2013 possidere
3430 1947 3479 1995 in

1888 2037 2328 2092 sanctiﬁcatione
2363 2047 2417 2090 et
2442 2037 2670 2102 honore,
2708 2038 2895 2090 nonin
2925 2037 3180 2102 passione
3203 2037 3481 2098 desiderii.

1887 2132 2029 2185 sicut
2053 2139 2304 2199 etgentes
2322 2144 2441 2198 quze
2464 2129 2718 2183 nesciunt
2745 2128 2945 2184 Deum:
2974 2129 3149 2199 Neque
3170 2132 3305 2184 enim
3335 2150 3493 2185 vocu-

1888 2221 1958 2274 vit
1989 2237 2082 2274 nos
2149 2220 2357 2273 Deusin
2388 2221 2807 2287 inmunditiam,
2838 2223 3488 2287 aedinsanctiﬁcatimwm

1891 2310 1939 2379 (ι
1981 2312 2161 2366 Thess.
2224 2328 2314 2377 iv,
2371 2312 2420 2381 7)
2454 2330 2468 2369 :
2504 2322 2754 2367 canentes
2810 2331 2901 2367 nos
2950 2323 3172 2369 ueterem
3225 2318 3489 2371 hominem

1887 2423 2004 2459 cum
2040 2406 2282 2471 operibus
2307 2407 2435 2470 suis,
2464 2416 2510 2460 et
2537 2407 2813 2461 indicentes
2840 2426 3048 2472 novum,
3078 2412 3168 2479 qui
3193 2424 3481 2464 renovatur

1891 2498 2057 2568 266
2091 2498 2147 2550 in
2174 2498 2529 2566 cognitionem
2574 2499 2856 2553 secundum
2886 2501 3177 2570 imaginem
3222 2503 3490 2557 Creatoris

1887 2590 2010 2642 sui:
2045 2591 2131 2642 ubi
2164 2608 2265 2643 non
2296 2600 2369 2644 est
2417 2592 2685 2645 masculus
2744 2601 2795 2644 et
2830 2593 3027 2663 femina
3065 2595 3105 2655 ⁵,
3162 2592 3379 2647 Cra‘cus
3442 2607 3488 2647 rt

1887 2681 2147 2746 Jndwus.
2210 2685 2543 2738 circumcisio
2596 2694 2645 2739 et
2708 2687 3036 2754 prazputium
3070 2726 3084 2748 .
3143 2687 3401 2741 barbarus
3444 2701 3491 2741 et

1890 2774 2089 2842 Scytha
2108 2815 2122 2841 ,
2153 2791 2332 2829 servus
2354 2784 2402 2828 et
2428 2776 2580 2841 liber,
2599 2777 2690 2830 sed
2715 2778 2891 2829 omnia
2918 2778 2972 2830 in
2993 2779 3231 2832 omnibus
3256 2778 3378 2833 Chii
3411 2791 3493 2834 (ut

1889 2866 2116 2935 (Colon.
2154 2882 2237 2931 ιιι,
2272 2870 2326 2933 9,
2366 2869 2450 2931 l0.
2491 2868 2604 2935 11).
2632 2869 2816 2939 Imago
2847 2869 3131 2925 Creatoris
3182 2888 3291 2925 non
3330 2873 3493 2927 liabet

1889 2961 2137 3027 copulam
2186 2962 2527 3029 nuptiarum.
2569 2961 2667 3017 Ubi
2701 2962 2998 3017 diversitas
3033 2980 3194 3019 sexus
3222 2966 3487 3033 antetur,

1890 3060 1945 3105 et
1982 3051 2150 3105 veteri
2214 3053 2437 3107 ltomine
2489 3056 2765 3111 exuimur.
2800 3064 2855 3107 et
2891 3056 3178 3109 induimur
3217 3075 3383 3121 noro,
3419 3058 3489 3110 ibi

1892 3142 1944 3196 in
1972 3142 2248 3196 Christum
2290 3147 2640 3199 renascimur
2692 3145 2982 3216 virginem,
3015 3149 3109 3215 qui
3154 3157 3207 3199 t-t
3235 3160 3395 3201 uatis
3425 3165 3489 3201 ex

1894 3232 2124 3303 virgine.
2153 3247 2206 3289 et
2240 3247 2464 3290 renatus
2528 3254 2627 3305 per
2655 3238 2919 3307 virginem
2961 3250 3066 3293 est.
3103 3239 3257 3304 Quod
3298 3254 3481 3294 autem

1894 3330 2016 3382 ait:
2057 3327 2284 3383 Crescite
2325 3342 2374 3382 et
2425 3332 2882 3395 multiplicamini.
2930 3350 2977 3386 ct
3026 3333 3216 3400 replete
3281 3343 3479 3387 terram

1893 3420 2051 3492 (Gen.
2087 3439 2123 3483 t.
2150 3421 2264 3487 9.8),
2320 3439 2545 3477 necesse
2595 3425 2699 3477 l'uit
2734 3426 2886 3495 prius
2923 3426 3174 3494 plantare
3209 3426 3401 3480 silvam
3439 3438 3493 3479 et

1894 3528 2169 3576 crescere,
2210 3526 2267 3567 ut
2331 3525 2481 3570 esset
2514 3517 2661 3583 quod
2698 3526 2888 3586 postea
2932 3526 3118 3586 posset
3174 3520 3372 3571 excidi.
3410 3522 3493 3572 Si-

1895 3608 2121 3675 mulque
2183 3608 2583 3663 consideranda
2635 3609 2717 3663 vis
2774 3610 2965 3673 verbi,
3031 3611 3221 3678 replete
3270 3620 3488 3665 terram.

1896 3701 2108 3771 Nuptia'
2156 3712 2359 3755 terram
2401 3703 2631 3771 replent,
2667 3702 2958 3770 virginitas
3010 3705 3346 3768 paradisum.
3384 3708 3486 3757 8(ιᾶ

1893 3805 1948 3848 et
1976 3798 2076 3848 hoe
2110 3796 2435 3850 intuendum
2494 3794 2762 3850 duntaxat
2792 3795 2948 3863 juxta
2984 3794 3305 3850 llebraicam
3345 3800 3487 3851 veri-

1894 3896 2062 3942 tatem
2101 3891 2142 3954 ⁸,
2178 3889 2323 3958 quod
2356 3904 2481 3943 cum
2517 3888 2802 3958 Scriptura
2834 3891 2887 3941 iu
2922 3889 3121 3957 primo.
3157 3902 3210 3943 et
3241 3892 3402 3943 tertio
3438 3902 3491 3944 et

1894 3993 2113 4049 quarto.
2168 3992 2221 4034 et
2271 3982 2487 4049 quinto,
2518 3990 2571 4034 et
2611 3992 2764 4035 sexto
2808 3982 2894 4035 die
2927 3983 3161 4051 expletis
3232 3986 3491 4051 operibus

1895 4073 2234 4138 singulorum
2275 4073 2472 4126 dixerit
2512 4090 2525 4127 :
2565 4072 2629 4126 Et
2657 4075 2787 4127 uidit
2836 4077 2973 4129 Deus
3005 4079 3131 4144 quia
3182 4078 3375 4129 bonum
3411 4092 3489 4131 est

1899 4163 2051 4237 (Cen.
2078 4181 2115 4226 ι,
2151 4166 2236 4227 10,
2273 4166 2357 4228 ll,
2398 4164 2481 4225 l2.
2517 4165 2603 4230 18.
2626 4167 2717 4228 2|.
2743 4167 2862 4229 ‘25).
2895 4168 2948 4220 in
2992 4169 3237 4220 secundo
3268 4167 3355 4221 die
3388 4170 3488 4222 hoc

1897 4258 2120 4311 omnino
2141 4259 2409 4311 subtraxit
2432 4278 2445 4318 :
2469 4260 2625 4313 nobis
2650 4259 3064 4329 intelligentiam
3095 4260 3485 4331 derelinquens

1897 4367 2005 4404 nou
2062 4367 2181 4405 esse
2239 4352 2444 4406 bonum
2498 4353 2770 4421 duplicem
2828 4368 3116 4405 numerum
3150 4394 3162 4415 ,
3228 4356 3356 4421 quia
3421 4358 3487 4408 ab

1897 4443 2103 4497 unione
2132 4444 2341 4498 dividat
2372 4446 2417 4508 ',
2448 4456 2503 4498 et
2539 4444 2851 4514 pra-ﬁguret
2907 4444 3114 4497 hedera
3146 4446 3483 4510 nuptiarum.

1901 4535 2055 4591 Unde
2107 4537 2157 4589 in
2211 4552 2334 4591 arca
2384 4536 2500 4592 Noe
2537 4538 2722 4590 omnia
2789 4535 3068 4600 animalia,
3129 4550 3491 4603 qua-emtique

188 4634 400 4700 duplex
460 4646 733 4683 numerus.
774 4658 847 4667 —
884 4628 991 4682 Sed
1045 4630 1304 4692 Quoniam
1366 4629 1430 4681 ad
1481 4640 1638 4683 vetus
1696 4644 1795 4684 nos
1832 4646 1870 4699 ί)
1900 4628 2028 4682 bina
2062 4628 2464 4696 ingrediuntur,
2499 4627 2782 4681 immunda
2814 4636 2941 4679 sunt
2973 4625 3129 4693 (Gen.
3161 4641 3235 4677 vu
3269 4637 3315 4678 et
3345 4632 3486 4690 vni).

197 4730 375 4783 trahit
426 4726 872 4785 Testamentum.
920 4732 969 4775 et
1033 4722 1299 4790 incipiens
1348 4722 1415 4775 ab
1469 4723 1665 4786 Adam,
1724 4724 1791 4776 ad

196 4820 529 4874 Zachariam
557 4827 612 4869 et
661 4813 934 4869 Elisabetb
968 4811 1215 4880 pervenit
1249 4827 1263 4865 :
1300 4824 1365 4865 ac
1389 4809 1591 4865 deinde
1617 4824 1794 4879 oppo-

198 4917 281 4964 nit
340 4910 567 4963 Petrum
597 4918 651 4961 et
674 4917 902 4961 caeteros
931 4908 1230 4974 apostolos,
1256 4920 1358 4960 nos
1386 4904 1407 4937 ⁸
1442 4919 1660 4974 quoque
1705 4906 1799 4960 de-

200 5008 405 5058 bemus
458 5017 557 5071 per
606 5000 798 5055 eadem
857 5014 1081 5053 currere
1134 4998 1362 5065 vestigia
1407 4999 1796 5066 qua-stionum,

198 5110 261 5153 et
296 5100 505 5152 ducere
536 5095 845 5150 castitatem
871 5107 1086 5161 semper
1105 5091 1253 5160 operi
1284 5092 1596 5157 nuptiarum
1631 5091 1799 5145 fuisse

282 5239 295 5266 ’
336 5235 536 5289 Nostra
559 5230 915 5296 exemplaria,
948 5228 1060 5282 Nec
1086 5244 1403 5298 consequens
1450 5244 1559 5280 esse
1593 5237 1669 5288 ut,
1691 5238 1797 5281 etc.

279 5311 300 5337 ’
334 5305 473 5359 Mss.
524 5303 784 5364 mortuis;
839 5312 893 5353 et
943 5316 1063 5352 tuos
1110 5300 1223 5366 pari
1276 5314 1572 5361 consensu,
1626 5298 1801 5361 plum

206 5378 441 5445 abjiciat
479 5376 619 5427 uiros
648 5389 744 5441 pro
792 5374 1049 5437 accipiat;
1075 5381 1131 5424 et
1170 5377 1331 5437 paulo
1366 5377 1508 5437 post,
1540 5370 1800 5423 secundus

203 5456 389 5502 Adam
416 5448 566 5513 rirgo
604 5461 700 5511 pro
724 5446 981 5513 secumlus
1018 5456 1260 5510 agamus.

288 5508 769 5575 ³Οειεθιῐειιιέιιεὶε,
827 5511 891 5564 Et
955 5508 1171 5565 cwteros
1222 5508 1487 5578 apostolos
1552 5510 1803 5565 habuisse

208 5605 433 5647 ureret.
458 5604 573 5647 nos,
609 5597 714 5638 etc.

292 5662 312 5689 δ
376 5658 641 5711 Voculam
702 5671 852 5707 suam
908 5667 1012 5707 nec
1069 5661 1257 5707 nostra
1314 5650 1647 5720 exemplaria
1701 5667 1803 5707 nec

209 5734 405 5784 ulmea
440 5728 669 5793 epistola
688 5728 754 5778 ad
782 5723 1049 5793 Ephesios
1073 5723 1296 5779 habent.

292 5803 311 5831 ⁵
346 5800 586 5852 Tantum
619 5813 725 5847 nou
759 5793 1124 5862 expunximus
1147 5794 1308 5848 verba
1342 5794 1611 5847 masculus
1641 5802 1690 5846 et
1726 5796 1805 5861 fc-

215 5888 393 5931 mma,
420 5882 546 5935 qua:
580 5868 631 5918 in
664 5867 827 5919 editis
868 5865 956 5919 ltic
998 5868 1403 5921 interseruntur
1425 5872 1613 5918 contra
1668 5881 1799 5919 mss.

210 5943 494 6002 nomium,
528 5953 666 6006 quos
704 5937 1103 6001 consuluimtts,
1178 5935 1360 6003 Iidem,
1395 5936 1505 5990 into
1538 5946 1590 5990 et
1617 5944 1800 5992 textus

1899 4722 2074 4790 ltupar
2098 4737 2361 4775 numerus
2392 4730 2476 4775 est
2506 4735 2633 4775 muu
2656 4724 2763 4772 ius.
2803 4720 3127 4786 Quanquam
3162 4716 3218 4770 in
3279 4718 3485 4786 duplici

1896 4828 2129 4867 numero
2158 4813 2485 4868 ostendatur
2518 4823 2573 4867 ct
2602 4812 2750 4866 aliud
2774 4820 3204 4875 sacramentum.
3238 4812 3382 4881 quod
3420 4829 3488 4867 ne

1898 4903 1951 4957 in
1975 4905 2167 4960 bestiis
2221 4908 2441 4975 quidem
2476 4916 2528 4959 et
2560 4907 2613 4959 in
2674 4905 2973 4959 immundis
3006 4904 3202 4955 avibus
3249 4904 3484 4972 digamia

1899 5000 2247 5066 comprobata
2270 5000 2359 5053 sit.
2393 4998 2525 5053 Bina
2550 5006 2692 5053 enim
2721 4998 3099 5067 ingrediuntur
3121 4996 3142 5026 ⁸
3164 4996 3442 5049 immuuxla
3470 5015 3483 5058 ;

1900 5101 1954 5144 et
1989 5104 2213 5160 septena
2248 5108 2369 5162 qua:
2410 5094 2610 5146 munda
2666 5100 2810 5151 sunt,
2840 5101 2899 5145 ut
2936 5091 3161 5144 haberet
3198 5087 3338 5154 Nec,
3364 5104 3481 5157 post

1905 5225 2051 5279 l‘auli
2104 5229 2168 5279 ad
2200 5229 2549 5283 Colosseuses
2578 5244 2653 5288 Ill,
2700 5230 2777 5289 ll),
2822 5227 2977 5293 cujus
3022 5227 3109 5279 hie
3168 5226 3320 5278 locus
3352 5238 3479 5279 est:

1905 5296 2041 5349 inl'ra
2084 5299 2225 5350 enim
2284 5301 2469 5352 nescio
2497 5302 2621 5366 quil
2666 5301 2731 5351 dc
2762 5312 2991 5349 sexuum
3027 5298 3345 5348 (Ith‘l‘Sitnlv
3382 5317 3477 5349 t-\-~

1907 5368 2481 5438 ponitrllicronytnus,
2515 5365 2583 5438 qu
2607 5389 2634 5418 ι·
2688 5369 2795 5420 illis
2843 5381 3116 5435 utcunque
3170 5365 3481 5435 suﬂt‘agau-

1909 5448 2015 5508 tur.
2059 5437 2191 5490 'l‘um
2219 5437 2451 5508 legimus
2476 5480 2489 5499 .
2530 5440 2616 5492 sed
2669 5441 2870 5501 omnia.
2901 5450 2945 5492 et
2982 5440 3032 5491 in
3064 5439 3305 5490 omnibus
3356 5453 3479 5491 cum

1907 5507 2099 5561 iisdem
2135 5507 2350 5563 mssyet
2382 5511 2572 5563 Grzeeo
2600 5521 2768 5564 textu.

1977 5577 1995 5605 ⁶
2026 5578 2196 5631 llo-lie
2234 5596 2339 5632 non
2373 5582 2473 5634 nisi
2512 5584 2653 5647 apud
2689 5579 2824 5633 LXX
2870 5589 2918 5631 et
2955 5579 3241 5632 Arabicam
3277 5580 3484 5633 versio-

1906 5662 2029 5700 nem
2062 5651 2277 5703 additur
2312 5654 2548 5704 secunda
2576 5652 2681 5716 die,
2719 5652 2847 5703 vidit
2896 5650 3052 5704 Dens.

1982 5718 1999 5746 ⁷
2043 5717 2264 5776 Scilicet
2323 5725 2390 5773 ab
2434 5724 2661 5774 unitate.
2715 5722 2846 5775 Vide
2878 5723 2931 5774 in
2967 5720 3251 5788 epistolam
3285 5719 3376 5779 “2‘2.
3413 5720 3479 5772 ad

1910 5791 2285 5860 Eustochium,
2323 5808 2443 5860 pag.
2512 5793 2633 5851 illi,
2669 5810 2719 5844 ιι.
2786 5794 2941 5845 nobis
2986 5793 3091 5844 col.
3144 5789 3267 5851 .506,
3316 5792 3477 5854 not.).

1978 5859 1999 5889 ⁸
2034 5863 2186 5924 Mss..
2220 5859 2341 5916 bina
2380 5864 2516 5916 cnim
2548 5872 2595 5917 et
2642 5867 2763 5915 bi”)!!!
2796 5862 3163 5930 ingrediuntur
3198 5875 3215 5913 :
3274 5876 3395 5912 mox
3426 5863 3479 5913 in

1911 5936 2273 5991 Gas‘anatcttsi
2318 5933 2427 5989 Nec
2476 5935 3063 6004 nonirudesnlcratur.
3099 5933 3367 5986 (ltuit-runt
3404 5936 3483 5985 sic
