4218 6458
783 374 892 436 ΞΗ

1942 386 2002 447 S.
2050 386 2366 447 EUSEBII
2404 389 2691 447 illERUN
2709 391 2838 451 ΥΜΙ

3923 396 4036 458 948

779 492 1084 557 diizivium,
1148 492 1291 562 quod
1345 492 1412 547 de
1458 492 1651 566 impari
1715 513 1940 553 numero
1999 500 2180 553 statim
2236 496 2416 558 DeoA
2449 516 2547 553 nec
2581 502 2845 557 dabamus
2879 505 3189 573 repudium,
3250 522 3349 560 nec
3410 508 3672 576 pr:eputi;i
3737 508 3902 561 nobis
3929 511 4036 561 eri-

781 593 962 651 posset
989 582 1206 639 oﬂ'erre.

812 674 932 729 “i7.
972 674 1025 728 Si
1060 684 1239 731 autem
1272 679 1602 734 transfertur
1626 679 1813 734 Enoch
1840 680 1881 744 ‘,
1918 690 1970 735 et
2007 691 2257 736 servatur
2292 683 2342 733 iu

775 765 982 823 diluvio
1031 768 1172 834 Noe,
1208 786 1317 826 non
1350 787 1475 826 reor
1528 772 1732 828 idcirco
1768 774 2089 831 translatum
2136 776 2343 840 Enocb,

774 861 920 927 quod
954 878 1178 918 uxorem
1214 864 1498 932 habuerit;
1533 868 1628 920 sed
1661 868 1803 934 quod
1858 869 2066 937 primus
2120 869 2342 923 invoca-

772 954 911 1009 verit
937 954 1103 1009 Deum
1125 964 1180 1010 et
1202 957 1497 1013 crediderit
1528 960 1579 1012 in
1612 961 1927 1015 Creatorem
1953 962 1973 991 '
2006 959 2116 1032 [ΑΙ.
2150 959 2341 1014 Salva-

775 1045 987 1118 torem],
1019 1046 1085 1100 de
1103 1063 1212 1117 quo
1246 1048 1447 1105 Paulus
1470 1053 1753 1121 apostolus
1786 1053 1837 1107 in
1874 1050 2110 1121 Epistula
2140 1054 2206 1108 ad
2240 1055 2347 1109 He-

774 1140 944 1193 brieos
976 1140 1294 1209 plenissime
1347 1145 1504 1200 docet
1537 1144 1732 1214 (Hebr.
1771 1162 1844 1209 ιι,
1897 1147 1973 1214 5).
2006 1147 2171 1202 Porro
2208 1149 2340 1211 Noe,

769 1232 859 1301 qui
886 1234 1039 1301 quasi
1080 1235 1320 1291 secunda
1352 1237 1501 1291 radix
1533 1229 1773 1294 humano
1792 1240 1973 1310 generi
1995 1242 2338 1307 servabatur,

770 1327 956 1394 utique
988 1345 1109 1382 cum
1161 1331 1323 1400 267
1376 1346 1541 1386 uxore
1575 1343 1634 1387 et
1673 1334 1801 1389 (iliis
1827 1335 2016 1389 debuit
2050 1337 2335 1389 reservari.

768 1418 1085 1489 Quanquam
1139 1422 1191 1477 in
1246 1423 1346 1478 hoc
1405 1428 1718 1497 mysterium
1788 1428 2196 1496 Scriptitrnrttm
2249 1429 2335 1481 sit.

768 1512 905 1565 Area
944 1512 1053 1579 illa,
1097 1511 1251 1580 juxta
1276 1519 1578 1584 apostolum
1613 1518 1828 1572 Petrum
1859 1518 1908 1587 (I
1936 1518 2078 1573 l’ctr.
2114 1538 2193 1583 tit,
2222 1522 2334 1579 20).

767 1609 927 1671 typus
956 1601 1216 1660 Ecclesiae
1250 1607 1374 1671 fuit,
1405 1608 1459 1662 in
1497 1625 1598 1673 qua
1622 1618 1744 1663 octo
1766 1612 1960 1665 auium!
1996 1613 2156 1667 salva:
2185 1612 2336 1665 facte

764 1703 917 1748 sunt.
991 1694 1220 1762 Quando
1276 1698 1573 1769 ingreditur
1605 1700 1657 1753 in
1706 1718 1824 1755 eam
1868 1702 1998 1766 Noe,
2051 1713 2156 1756 tam
2199 1706 2333 1772 ipse,

764 1801 925 1854 quam
966 1777 1059 1841 filii
1104 1790 1244 1857 ejus,
1312 1791 1380 1844 ab
1425 1792 1687 1847 uxoribus
1741 1805 2082 1861 separantur;
2117 1795 2331 1864 quando

2453 595 2745 664 pieliantur
2772 595 3085 668 insignum.
3125 598 3240 655 Hoc
3268 614 3429 654 cursu
3467 617 3642 671 usque
3664 602 3733 656 ad
3758 602 4037 656 diluvium

2451 688 2827 753 pervenimus.
2888 687 3019 744 Post
3070 689 3337 745 diluvium
3392 702 3574 745 autem
3632 708 3758 744 cunt
3816 692 4039 747 «latione

2451 776 2604 845 legis.
2637 795 2801 846 quam
2843 779 3068 848 implere
3110 780 3297 836 nullus
3341 782 3543 851 potuit,
3585 797 3781 837 carnes
3810 782 4039 848 ingesta

2446 880 2574 925 sunt
2611 871 2677 925 ad
2713 874 3063 936 vescendum.
3100 882 3153 927 et
3189 875 3410 943 repudia
3434 890 3694 930 concessa
3726 876 3957 931 duritiae
3983 878 4030 937 '.

2448 972 2505 1016 et
2535 963 2787 1018 cultellus
2837 964 3277 1020 cireurucisionis
3329 968 3653 1036 appositus;
3714 970 3876 1037 quasi
3936 971 4034 1025 Dei

2448 1071 2642 1109 manus
2678 1056 2801 1126 plus
2832 1057 2884 1112 in
2930 1058 3090 1113 nobis
3130 1060 3433 1120 creaverit,
3463 1075 3628 1129 quam
3662 1076 3896 1116 necesse
3925 1074 4033 1117 est.

2448 1149 2734 1217 Postquam
2765 1160 2945 1205 autem
2964 1150 3217 1207 Christus
3237 1153 3385 1206 venit
3411 1154 3465 1206 in
3496 1155 3602 1207 fine
3639 1164 3955 1224 temporum
3983 1156 4030 1220 ⁸.

2444 1244 2609 1315 268
2642 1252 2697 1297 et
2733 1262 2779 1297 ω
2814 1244 3045 1300 revolvit
3074 1245 3143 1299 ad
3167 1262 3221 1309 α,
3254 1256 3311 1301 et
3354 1248 3762 1301 extremitatem
3795 1250 4033 1303 retraxit

2443 1339 2508 1388 ad
2546 1337 2872 1405 principium
2907 1354 2922 1391 :
2957 1352 3059 1391 nec
3104 1339 3393 1408 repudium
3425 1339 3587 1393 nobis
3616 1342 3748 1396 dare
3794 1346 4031 1410 permit-

2444 1428 2593 1487 titur.
2645 1445 2747 1483 nec
2782 1430 3255 1490 circumcidimur.
3293 1449 3392 1487 nec
3419 1433 3761 1487 comedimus
3791 1451 4021 1501 carnes,

2441 1520 2657 1573 dicente
2687 1520 2950 1588 Apostolo
2979 1539 2995 1577 :
3031 1522 3237 1578 Bonum
3266 1535 3343 1578 est
3377 1527 3555 1579 uiuam
3598 1544 3704 1580 non
3736 1528 3935 1587 bibere.
3978 1539 4029 1582 et

2439 1629 2623 1666 carnes
2652 1629 2753 1665 non
2781 1618 3053 1668 comedere
3082 1613 3261 1684 (Rom.
3289 1631 3401 1684 XIV,
3439 1618 3627 1685 2|).Et
3652 1618 3842 1672 vinum
3871 1619 4024 1673 enim

2439 1718 2561 1755 ο.ιιη
2604 1704 2863 1758 carnibus
2888 1714 3002 1771 post
3027 1704 3292 1759 diluvium
3332 1706 3641 1761 dedicatum
3672 1719 3779 1770 est.

2514 1792 2599 1847 l9.
2635 1791 2787 1846 Isaac
2811 1791 3007 1847 Christi
3035 1794 3233 1865 figura.
3259 1827 3325 1837 —
3351 1797 3490 1863 Quid
3520 1797 3712 1868 loquar
3743 1799 3814 1855 de
3848 1800 4031 1856 Abra-

769 1894 899 1934 vero
930 1882 1203 1949 egreditur
1228 1883 1282 1936 in
1305 1894 1531 1945 terram.
1557 1886 1860 1955 junguntur
1896 1887 2078 1955 paria;
2108 1899 2160 1941 et
2186 1889 2329 1957 quod
2366 1857 2409 1916 Β
2438 1883 2585 1944 bam,
2616 1892 2673 1935 ut
2710 1882 2829 1950 ipse
2865 1883 3077 1944 asserit,
3113 1885 3373 1953 trigamo,
3402 1886 3495 1955 qui
3525 1888 3745 1952 signum
3775 1888 3906 1944 ﬁdei
3958 1889 4021 1943 in

766 1973 819 2025 in
856 1988 1005 2034 arca,
1046 1974 1095 2026 id
1128 1983 1231 2038 est,
1267 1976 1319 2028 in
1367 1975 1606 2029 Ecclesia
1655 1977 1828 2031 fuerat
1877 1992 2215 2045 separatum,
2278 1980 2329 2032 in

765 2065 952 2118 mundi
986 2067 1402 2121 conversatione
1449 2068 1706 2120 sociatur.
1766 2066 2048 2133 Simulque
2104 2070 2146 2123 si
2198 2085 2329 2122 arca

2435 1975 2858 2029 circumcisione
2894 1975 3260 2043 suscepit?Si
3297 1976 3576 2033 imitamur
3606 1997 3835 2034 uxorum
3872 1982 4022 2035 illius

2436 2079 2749 2126 numerum,
2806 2063 3088 2119 imitemur
3141 2075 3199 2120 et
3254 2067 3757 2124 circumcisioncm.
3824 2071 4024 2139 Neque

2433 2156 2578 2209 enim
2612 2158 2663 2209 in
2697 2168 2849 2225 parte
2894 2158 3214 2221 sectandus,
3242 2168 3297 2213 et
3327 2160 3382 2214 in
3418 2170 3569 2226 parte
3634 2163 4021 2230 repudiandus

2433 2256 2536 2299 est.
2576 2245 2742 2299 Porro
2766 2248 2912 2301 Isaac
2944 2249 3109 2301 unius
3142 2246 3407 2303 Rebecca:
3445 2250 3543 2310 \ir,
3582 2250 3785 2305 Clirisii
3828 2253 4016 2322 praeli—

2434 2349 2588 2404 gurat
2622 2338 2943 2402 Ecclesiain,
2974 2352 3031 2396 et
3065 2343 3315 2413 digamiie
3361 2345 3617 2411 suggillat
3645 2344 3934 2398 lasciviam
3969 2346 4018 2399 ⁷.

2434 2432 2487 2484 Si
2514 2442 2693 2485 autem
2724 2433 2860 2486 duas
2880 2432 3035 2503 bigas
3055 2450 3282 2490 uxorum
3302 2445 3359 2490 et
3374 2438 3800 2493 concubinarum
3823 2438 4022 2493 habuit

2429 2521 2619 2585 Jacob,
2656 2534 2710 2577 et
2730 2540 2834 2578 non
2866 2524 2984 2579 vult
3013 2526 3364 2584 adversarius
3380 2530 3749 2600 acquiescere,
3771 2532 4018 2600 lippien-

2433 2626 2541 2669 tem
2600 2616 2752 2671 Liaui
2810 2618 3108 2673 deformem
3156 2631 3320 2691 atque
3383 2622 3652 2678 fetuosam
3723 2639 4018 2694 synagogac

2433 2717 2614 2779 typum
2663 2711 2971 2778 praetulisse
3007 2727 3022 2766 :
3059 2710 3263 2768 Rachel
3315 2729 3443 2768 vero
3477 2715 3764 2784 pulchram
3811 2726 3868 2769 et
3921 2718 4016 2771 ditt

2430 2801 2693 2865 sterilem,
2726 2801 2978 2858 Ecclesiae
3007 2804 3345 2874 signiﬁcasse
3369 2809 3708 2878 mysterium,
3738 2810 3910 2874 ‘i‘ial,
3950 2827 4018 2864 eo

2433 2900 2677 2959 tempore
2708 2894 2811 2947 hoc
2843 2893 3038 2948 fecisse
3061 2893 3251 2958 Iacob.
3304 2898 3531 2965 quando
3585 2909 3703 2953 erat
3734 2901 3884 2954 inter
3916 2906 4017 2954 As-

761 2988 912 3043 dium
940 2988 1096 3058 juxta
1130 2988 1403 3056 eloquium
1464 2986 1761 3041 Salvatoris
1790 2988 1858 3042 ab
1891 2988 2045 3041 initio
2078 3006 2189 3045 non
2235 2991 2330 3045 da.
2430 2983 2623 3051 syrios,
2648 2995 2702 3037 et
2729 2984 2782 3037 in
2809 2984 3194 3056 Mesopotamia
3227 2986 3414 3042 Laban
3445 2988 3741 3043 durissimo
3776 2991 4011 3044 domino

762 3082 955 3149 batur;
1014 3083 1106 3137 sed
1176 3090 1399 3151 propter
1449 3081 1707 3135 duritiam
1747 3081 1926 3136 cordis
1975 3082 2168 3147 nostri,
2233 3099 2330 3152 per

2430 3072 2721 3127 serviebat.
2750 3075 2984 3139 Quando
3009 3090 3195 3132 autem
3258 3077 3487 3134 Terram
3516 3094 3759 3136 sanetam
3793 3083 4012 3153 ingredi

760 3174 985 3245 Moysen
1015 3175 1257 3235 humano
1274 3174 1459 3243 generi
1485 3188 1807 3229 (oncessum
1839 3183 1957 3229 est;
1988 3174 2067 3229 sic
2098 3184 2152 3230 ει
2172 3190 2326 3230 esum
2357 3200 2400 3258 ϐ
2433 3163 2637 3227 voluit;
2673 3176 2728 3220 et
2768 3167 2821 3220 in
2855 3179 3039 3223 monte
3091 3170 3293 3226 tialaad
3325 3174 3602 3227 ειειιιυιιι
3631 3190 3892 3227 acervum
3938 3188 4015 3229 te-

766 2157 945 2222 plurcs
972 2156 1161 2210 habuit
1186 2158 1495 2211 mansiones
1520 2168 1576 2212 et
1606 2156 1826 2212 nidiilos
1846 2198 1861 2221 ,
1896 2165 1949 2210 et
1982 2158 2329 2223 bicamerata,

764 2256 818 2301 et
847 2247 1211 2309 tricamerata,
1237 2258 1290 2300 et
1324 2247 1570 2303 diversas
1596 2248 1796 2302 bestias
1822 2264 1837 2315 ;
1868 2258 1918 2303 et
1953 2264 2049 2319 pro
2070 2251 2333 2318 qualitate

764 2340 1076 2395 animalium
1134 2340 1505 2395 habitationes
1566 2356 1785 2411 quoque
1840 2343 1922 2395 vel
1985 2343 2218 2410 majores
2250 2345 2333 2399 vel

762 2432 1028 2496 minores,
1091 2432 1301 2485 aestimo
1331 2433 1475 2498 quod
1511 2432 1801 2486 diversitas
1858 2434 1943 2486 illa
1988 2435 2329 2488 mansionum

764 2523 1187 2594 prmﬂguraverit
1213 2524 1466 2579 Ecclesia:
1501 2526 1837 2580 varietatem.

835 2620 923 2673 18.
982 2618 1433 2673 Comedciidarum
1491 2621 1733 2674 carnium
1798 2622 2029 2676 licentia.
2068 2653 2122 2665 —
2174 2623 2327 2690 Quod

762 2722 943 2767 autem
978 2713 1134 2765 nobis
1187 2711 1400 2780 objicit,
1452 2712 1507 2766 in
1542 2713 1780 2767 secunda
1820 2714 1912 2768 Dei
1952 2716 2331 2773 benedictione

762 2803 1221 2858 comedendarum
1276 2804 1520 2858 carnium
1554 2806 1826 2859 licentiam
1877 2806 2079 2868 datam.
2118 2822 2237 2876 qua:
2275 2811 2329 2864 in

762 2897 938 2966 prima
966 2913 1222 2952 concessa
1253 2914 1362 2952 non
1405 2897 1603 2962 fuerat,
1666 2899 1801 2953 sciat
1833 2900 2107 2968 quomodo
2168 2917 2331 2965 repu-

759 3264 1006 3320 carnium
1043 3278 1219 3329 usque
1272 3265 1336 3317 ad
1371 3262 1631 3318 diluvium
1670 3262 1917 3333 ignotum
1950 3261 2140 3319 fuisse.
2192 3265 2325 3321 Post

758 3354 1023 3409 diluvium
1050 3369 1196 3419 vero,
1233 3354 1387 3423 quasi
1423 3352 1476 3406 in
1509 3368 1693 3407 eremo
1727 3354 2096 3407 murmuranti
2126 3354 2327 3423 popqu

758 3448 1108 3503 coturnices:
1145 3447 1218 3499 ita
1247 3447 1503 3515 dentibus
1537 3447 1746 3500 nostris
1766 3461 1961 3501 nervos
1999 3456 2053 3500 et
2083 3446 2325 3501 virulen-

762 3539 862 3591 tias
887 3538 1065 3591 carnis
1106 3536 1128 3567 ⁸
1160 3538 1417 3607 ingestas.
1462 3536 1630 3591 Docet
1661 3538 1952 3606 Apostolus
1980 3539 2228 3593 scribens
2257 3539 2322 3593 ad

758 3630 1022 3700 Ephesios
1069 3632 1229 3699 (cap.
1257 3632 1295 3697 i)
1352 3630 1517 3684 Deum
1556 3645 1907 3699 proposuisse
1970 3631 2023 3684 in
2057 3631 2324 3700 adimple-

757 3726 907 3777 tione
936 3734 1235 3791 temporum
1290 3723 1647 3792 recapitulare
1674 3724 1855 3777 omnia
1890 3739 1904 3778 ε
1941 3732 1998 3778 et
2024 3726 2089 3777 ad
2123 3726 2327 3794 princi-

755 3816 902 3884 pium
929 3815 1142 3875 trahere
1174 3815 1228 3867 in
1261 3813 1536 3867 Christum
1558 3812 1743 3868 Jesum
1772 3814 1815 3880 ⁸,
1850 3829 1976 3883 qua
2004 3826 2138 3869 sunt
2160 3832 2325 3885 super

758 3908 927 3964 ctelos
952 3916 1007 3960 et
1038 3920 1203 3975 super
1249 3914 1470 3960 terram.
1532 3904 1686 3961 Unde
1718 3914 1773 3961 et
1824 3908 1940 3974 ipse
1974 3907 2226 3962 Salvator
2268 3910 2323 3964 in

755 3997 1075 4066 Apoc.ilypsi
1126 3996 1349 4050 Joannis
1382 4013 1395 4050 :
1430 3994 1539 4066 Ego
1570 4013 1706 4057 sum,
1745 3998 1941 4066 inquit,
1978 4016 2010 4050 α
2033 4008 2080 4052 et
2118 4018 2183 4065 ω,
2220 4000 2324 4052 iui-

756 4091 886 4142 tium
944 4098 990 4141 et
1043 4088 1165 4155 ﬁnis
1212 4088 1399 4156 (Apoc.
1429 4104 1471 4151 t,
1502 4090 1534 4141 8
1562 4097 1612 4141 et
1667 4104 1805 4152 uti,
1844 4088 1956 4155 i3).
1997 4090 2079 4143 Ab
2101 4092 2325 4146 exordio

755 4180 1087 4236 conditionis
1133 4180 1417 4243 humanm,
1476 4194 1580 4233 nec
1632 4179 1891 4234 carnibus
1945 4182 2323 4245 vescebamur,

757 4381 1190 4448 interpretantur
1245 4381 1333 4443 qui
1396 4386 1605 4447 septem
1638 4394 1890 4440 numero,
1952 4394 2061 4431 non
2117 4388 2319 4447 septem

753 4452 905 4516 paria
945 4452 1270 4503 mundorum
1305 4450 1619 4502 animalium
1655 4450 1708 4502 in
1742 4464 1922 4501 arcam
1949 4450 2191 4517 ingressa
2232 4451 2320 4503 in-

753 4520 1024 4579 telligunt.
1052 4520 1405 4585 Augustinus,
1440 4518 1507 4573 de
1536 4520 1759 4572 Civitate
1789 4519 1902 4577 Dei.
1932 4534 2019 4579 xv,
2053 4518 2155 4585 27;
2188 4518 2322 4573 Am-

755 4592 975 4643 brosius
1007 4590 1073 4642 de,
1107 4593 1242 4642 Area
1284 4586 1417 4655 Noe,
1463 4604 1513 4642 c.
1542 4589 1635 4654 12;
1668 4589 2066 4646 ‘l‘lieodoretiis.
2122 4600 2319 4653 quiest.

755 4659 824 4711 iii)
857 4661 907 4712 in
948 4658 1156 4718 Cenes,
1215 4660 1433 4725 aliique.
1504 4657 1699 4711 Notum
1743 4669 1919 4710 tamen
1952 4667 2035 4712 est
2061 4657 2199 4711 alios
2231 4659 2321 4712 iti-

754 4730 875 4782 dem
915 4745 977 4783 ex
1006 4729 1241 4795 antiquis
1268 4736 1486 4794 septena
1518 4730 1667 4794 paria
1698 4728 2016 4796 intelligere.

827 4803 841 4831 ⁸
869 4799 973 4864 Qui
1009 4798 1215 4865 primus
1268 4800 1597 4851 invocaveril
1635 4797 1825 4854 Deum,
1857 4806 1948 4848 aut
1983 4813 2178 4850 nomen
2220 4798 2326 4851 Do-

760 4872 915 4934 tniiii,
941 4886 1045 4920 non
1079 4867 1264 4921 Equh
1294 4869 1413 4929 fuit,
1448 4871 1539 4922 sed
1571 4867 1731 4927 Euns,
1758 4866 2073 4920 ﬁliusSeth.
2108 4867 2313 4926 (Cenes.

756 4949 827 5002 iv)
855 4955 868 5005 ;
902 4953 1060 5002 quem
1089 4941 1551 4991 verutranslatmn
1582 4939 1710 4990 dicit
1750 4937 2028 5003 Scriptura
2061 4938 2211 5003 (Gen.
2244 4944 2323 5000 v,)

757 5027 864 5062 non
905 5008 1066 5071 Emis,
1123 5009 1215 5062 sed
1268 5010 1473 5069 Enocli,
1534 5007 1691 5059 Jared
1731 5008 1871 5058 iiliiis
1904 5016 2009 5064 est.
2041 5010 2237 5076 dequo
2268 5009 2320 5060 in

758 5082 925 5144 Epist.
962 5081 1028 5130 ad
1071 5077 1320 5129 Hebraeus
1351 5078 1641 5143 Apostolus
1687 5077 1944 5141 loquitur.
1984 5075 2141 5130 Forte
2194 5092 2321 5142 pro-

2435 3255 2699 3320 stimonii,
2739 3259 2793 3312 in
2827 3276 2935 3325 quo
2967 3262 3104 3316 nihil
3146 3263 3290 3317 inter
3318 3264 3567 3319 sarcinas
3598 3271 3719 3332 ejus
3752 3264 4013 3336 Mesopo-

2437 3348 2614 3403 tamiae
2650 3353 3275 3430 possessor'invenerat,
3300 3356 3499 3422 jnrans
3530 3373 3589 3412 se
3624 3374 3908 3426 nunquam
3944 3359 4014 3413 ad

2436 3439 2615 3495 locum
2652 3444 2707 3495 in
2751 3458 2863 3513 quo
2892 3445 3159 3499 servierat
3192 3462 3575 3512 reversurum;
3618 3459 3671 3503 et
3691 3450 3758 3503 ad
3794 3460 4017 3505 torren-

2409 3542 2545 3606 .teni
2572 3532 2777 3589 Jaboch
2816 3552 2939 3591 cum
2967 3539 3163 3609 angelo
3194 3542 3450 3606 luctatus.
3485 3541 3794 3595 claudicare
3818 3544 4012 3609 cepit,

2434 3636 2490 3680 et
2513 3626 2683 3680 πλατὺ
2719 3628 2909 3698 νεῦρον
2938 3629 3098 3701 [ςείι.
3141 3646 3345 3687 nervus
3392 3630 3642 3703 femoris]
3675 3635 3799 3702 ejus
3826 3650 4016 3688 emar-

2435 3719 2571 3780 cuit.
2630 3722 2929 3788 statimque
2964 3720 3136 3777 Israel
3185 3726 3413 3778 sortitus
3436 3732 3523 3778 est
3552 3740 3750 3778 nomen
3789 3738 3888 3780 :et
3921 3727 4015 3781 illa

2433 3810 2705 3877 quondam
2742 3812 2939 3865 dilecta
2970 3814 3191 3883 conjus,
3230 3830 3327 3883 pro
3366 3830 3471 3883 qua
3530 3816 3800 3871 servierat
3852 3818 4013 3886 juxta

2436 3899 2733 3959 Bethleem.
2763 3903 2815 3955 in
2846 3920 2952 3972 qua
2993 3916 3108 3958 erat
3154 3905 3487 3974 virginitatis
3523 3922 3703 3975 praeco
3740 3907 4015 3962 Dominus

2436 3994 2768 4055 nasciturus,
2798 4010 2827 4045 a
2857 3994 2968 4047 tilio
3000 3992 3158 4066 [SciL
3184 3994 3418 4067 Beuoni]
3475 3997 3682 4052 doloris
3731 4000 4014 4052 occiditur

2436 4084 2588 4153 (Cen.
2623 4101 2780 4149 xxxv,
2812 4087 2935 4153 18);
2980 4100 3036 4142 et
3071 4089 3347 4143 consortia
3395 4088 3802 4160 Mesopotamia:
3832 4106 4010 4145 evan-

2434 4175 2602 4241 gelica
2638 4175 2694 4228 in
2719 4176 2937 4231 civitate
2958 4179 3289 4233 moriuntur.

2432 4378 2734 4443 elegantius
2761 4380 3089 4435 Jarnlentins
3130 4382 3329 4437 carnis.
3356 4381 3562 4436 Docent
3588 4383 3753 4436 etiam
3786 4381 4009 4437 Tertul-

2434 4450 2632 4519 liauus,
2666 4465 2717 4502 tv
2737 4455 2799 4519 de
2828 4450 3078 4518 Jejuniis,
3111 4450 3392 4515 Oriaeues,
3430 4453 3497 4504 ad
3524 4452 3753 4506 Genesis
3774 4453 3809 4505 l.
3840 4469 4007 4519 xxix;

2358 4560 2399 4613 Β
2428 4518 2681 4613 gasilius,
2726 4518 3581 4613 Clirysostomus,'l'beodoritus,
3610 4522 3835 4613 aliique,
3871 4518 4008 4613 ante

2428 4590 2694 4643 diluvium
2718 4591 3000 4642 vescenda».
3026 4592 3210 4644 carnis
3245 4592 3455 4655 copiam
3486 4607 3595 4643 non
3621 4607 3743 4644 esse
3779 4592 4005 4646 factam.

2501 4662 2521 4687 ⁵
2554 4657 2681 4712 Mss.
2710 4659 2902 4727 nostri,
2933 4660 3014 4711 Ad
3045 4660 3359 4727 principium
3397 4660 3663 4713 retrahere
3699 4664 3755 4712 in
3788 4660 4006 4716 Christo

2424 4728 2574 4782 Iesu.
2612 4727 2743 4781 Vide
2775 4726 3168 4779 Tertulliaiiuin
3202 4729 3292 4783 lib.
3326 4746 3356 4780 ν
3385 4730 3438 4781 iu
3476 4730 3822 4782 Marciouem.

2502 4799 2523 4829 ⁸
2551 4798 2695 4849 Alibi
2727 4809 2781 4849 et
2810 4798 2863 4849 in
2912 4796 3227 4855 Veronensi.
3259 4800 3465 4863 repudii
3498 4815 3739 4851 coiit-essu
3770 4802 4003 4863 duritia,

2428 4870 2507 4922 vel
2540 4869 2783 4919 durities.
2833 4866 2935 4917 Alii
2970 4882 3094 4918 mox
3125 4872 3435 4931 erraverint,
3468 4870 3701 4935 plurium
3744 4884 4003 4925 numero.

2498 4938 2517 4967 ⁶
2560 4936 2633 4989 Ex
2682 4936 3038 5007 Tertulliano,
3067 4938 3131 4987 de
3164 4936 3526 5007 Houogamia,
3579 4953 3877 5004 eapressus
3920 4951 4009 4993 est

2426 5008 2620 5060 locus:
2663 5026 2678 5055 i
2718 5006 2854 5058 Dicit
2896 5014 2949 5057 et
2991 5007 3283 5072 Apostolus
3326 5006 3580 5060 scribens
3609 5009 3676 5060 ad
3710 5008 4003 5075 Ephesios,

2428 5079 2595 5130 Deum
2625 5076 2970 5141 proposuisse
3010 5076 3066 5128 in
3098 5077 3400 5143 semetipso
3437 5079 3503 5129 ad
3527 5078 4003 5143 dispensationem

756 5162 1036 5217 pCI‘dtlH‘ttl
1070 5146 1451 5217 llierunyunim
1501 5148 1686 5199 fefellit
1726 5146 1963 5217 nominis
2001 5148 2319 5217 similitudo.

828 5222 847 5250 ¹
874 5219 935 5270 lu
976 5214 1300 5271 Creatorem.
1342 5215 1496 5267 Fal-o
1537 5218 1587 5267 iu
1629 5218 1787 5268 editis
1828 5216 2092 5271 leuituriu
2123 5214 2319 5266 Salva-

755 5303 957 5351 torem;
994 5304 1115 5337 rum
1142 5302 1328 5339 omnes
1355 5304 1483 5339 mss.
1518 5286 1736 5339 codices
1769 5286 2037 5336 retineant
2066 5288 2119 5336 iu
2156 5285 2319 5336 Crea-

756 5371 940 5417 torem,
995 5372 1059 5407 ize.
1094 5372 1201 5408 uno
1236 5356 1451 5419 quidem
1486 5369 1735 5419 exi-opto.
1785 5354 1948 5404 l'Ot'l‘O
1993 5354 2175 5406 EHOCII
2212 5370 2316 5404 non

756 5441 837 5477 est
884 5431 1111 5494 primus,
1177 5427 1266 5492 qui
1309 5426 1576 5494 invocvwit
1607 5426 1793 5484 Uentu,
1832 5423 1935 5473 Sed
1977 5422 2138 5494 lflnos,
2179 5424 2320 5475 tilius

757 5491 918 5556 Selii;
952 5497 1050 5549 nisi
1088 5491 1224 5549 l'orte
1252 5496 1513 5562 intelligat
1542 5493 1902 5561 Ιιιοτοιιμιιιιδ
1920 5491 2125 5543 cultum
2158 5509 2321 5558 pecu-

754 5568 941 5619 liarem
977 5565 1099 5618 fidei
1154 5568 1202 5616 in
1240 5566 1446 5627 Etiticlt,
1475 5566 1540 5618 de
1586 5581 1693 5631 (ιιιυ
1722 5564 1977 5615 meminit
2029 5563 2318 5626 Apostolus

757 5654 807 5688 tu
847 5635 1081 5702 Epistula
1116 5636 1181 5687 ad
1220 5634 1490 5692 Hebraeos,
1522 5643 1682 5701 caput
1718 5649 1790 5695 χι,
1826 5633 1913 5684 ubi
1954 5632 2089 5683 nihil
2121 5633 2319 5683 dieitur

753 5708 816 5757 de
842 5705 1009 5764 Enos,
1045 5704 1150 5755 ﬁiio
1182 5703 1333 5757 Setli.
1396 5703 1662 5756 Munus.

822 5777 840 5804 ³
872 5774 1102 5826 Gravius
1136 5775 1338 5825 mavult
1382 5770 1691 5825 lutulentos
1726 5788 1941 5834 carnes;
1986 5771 2318 5824 Casanateii-

756 5844 850 5904 sis,
894 5842 1189 5894 l’iruleutas
1222 5858 1404 5894 carnes
1431 5843 1621 5904 habet;
1660 5845 1751 5897 sed
1789 5842 2113 5896 Veiouensis
2149 5840 2318 5892 ferite

2428 5146 2762 5212 implelionis
2788 5154 3113 5209 temporum.
3143 5148 3207 5195 ad
3243 5156 3429 5211 caput,
3464 5148 3515 5198 id
3547 5156 3651 5209 est,
3684 5149 3749 5198 ad
3787 5148 4002 5201 initium

2426 5219 2767 5280 reciprocare
2831 5214 3080 5267 universa
3114 5215 3168 5267 iit
3213 5214 3450 5275 Christo,
3495 5231 3618 5282 qua!
3665 5227 3795 5268 sunt
3835 5233 3992 5279 supr.

2425 5286 2615 5346 caelos,
2642 5295 2695 5335 et
2727 5298 2891 5349 super
2928 5293 3096 5335 terras
3128 5286 3180 5334 in
3224 5288 3361 5351 ipso,
3392 5290 3471 5337 sic
3504 5297 3556 5337 et
3586 5286 3723 5337 ditas
3752 5287 4001 5346 (ira-riae,

2427 5369 2695 5405 summam
2745 5354 2983 5404 litteram
3012 5366 3063 5403 et
3095 5354 3341 5405 ultimam
3369 5356 3473 5406 sibi
3502 5356 3679 5406 induit
3708 5354 3999 5414 Dominus.

2426 5423 2563 5475 initii
2590 5433 2642 5474 et
2676 5422 2798 5473 ﬁnis
2818 5424 3256 5474 concurrentium
3291 5424 3341 5474 in
3367 5438 3425 5476 se
3451 5426 3670 5490 figuras.
3694 5426 3774 5477 uti
3807 5441 4005 5491 queui-

2424 5492 2717 5544 aitmodum
2777 5509 2811 5541 α
2846 5501 2895 5539 et
2925 5511 2991 5551 ω,
3027 5491 3343 5557 replicatur,
3375 5493 3447 5543 ita
3496 5497 3812 5548 o~teiideret
3854 5497 3909 5545 in
3943 5510 4003 5547 se

2424 5578 2565 5619 esse.
2595 5571 2648 5612 et
2678 5561 2815 5613 initii
2838 5560 3128 5612 decursum
3176 5564 3242 5613 ad
3277 5565 3439 5615 linem
3471 5571 3525 5616 et
3560 5565 3684 5616 linis
3710 5579 3998 5617 recursum

2422 5632 2487 5683 ad
2519 5632 2754 5682 initium.
2795 5648 2813 5679 ι

2497 5700 2514 5728 ⁷
2553 5701 2763 5758 lstbiee,
2803 5697 2865 5749 Et
2899 5699 3146 5766 digamin:
3195 5701 3443 5770 suggillat
3484 5702 3779 5761 lasciuiam,
3841 5717 4003 5770 pere-

2424 5769 2631 5837 grinam
2665 5770 2915 5840 subolent
2953 5783 3172 5840 manum
3204 5788 3219 5823 :
3252 5783 3397 5825 certe
3447 5774 3497 5824 in
3536 5774 3683 5825 nullo
3708 5769 3851 5825 mss.
3873 5773 3998 5840 qui-

2427 5842 2522 5891 bus
2550 5840 2772 5899 utimur,
2800 5838 3171 5892 inveniuntur.
3894 5838 3911 5849 "
