4218 6448
751 397 866 459 255

1922 395 1984 452 S.
2029 392 2341 453 EUSEBII
2370 391 2809 456 HlEllONYMl

3917 401 4025 462 256

751 515 939 581 typum
959 510 1079 582 ejus
1096 521 1149 564 et
1179 508 1434 562 meritum
1461 507 1689 579 implere
1718 522 1822 564 non
1843 510 2058 580 poterit.
2084 507 2326 564 Obsecro
2355 508 2402 568 Α
2433 528 2556 567 rare
2590 530 2697 569 non
2733 527 3035 585 poterunt;
3060 520 3190 587 quia
3225 519 3438 588 iustitia
3471 520 3645 590 patris
3674 534 3785 574 non
3820 518 4031 573 libera-

754 610 826 667 te,
866 602 1055 663 lector,
1092 610 1146 655 et
1175 600 1225 653 id
1258 600 1434 669 ipsum
1492 615 1635 671 saepe
1687 616 2034 668 commoneo,
2081 611 2141 656 ut
2192 602 2336 658 scias

757 708 869 759 sne,
894 710 1013 764 qur
1045 693 1262 764 loquor,
1306 695 1637 750 necessitate
1660 693 1845 749 dicere
1874 711 1888 748 :
1920 710 2022 749 nec
2046 694 2337 750 detrahere

762 790 847 843 his
880 789 973 858 qui
1011 791 1065 843 in
1092 789 1211 862 lege
1237 791 1637 858 prmcesserint,
1662 789 1759 843 sed
1787 792 2033 845 servisse
2079 806 2176 845 eos
2202 799 2341 844 tem-

760 882 987 952 poribus
1021 894 1077 938 et
1100 883 1511 938 conditionibus
1537 884 1672 950 suis,
1702 893 1756 939 et
1786 884 1930 938 illam
1969 884 2183 938 Domini
2228 883 2334 937 im-

762 978 943 1046 plesse
981 978 1312 1031 sententi-tm
1348 993 1363 1029 :
1393 975 1643 1043 Crescite,
1676 987 1723 1031 et
1779 976 2238 1043 multiplicamini.
2290 984 2340 1030 et

761 1070 955 1137 replete
983 1078 1181 1121 terram
1215 1064 1365 1138 (Ceu.
1401 1084 1438 1131 ι,
1472 1068 1604 1138 28);
1637 1077 1691 1123 et
1712 1071 1855 1138 quod
1909 1068 1994 1124 his
2027 1068 2204 1138 majus
2235 1078 2339 1135 est,

764 1163 1072 1215 futurorum
1102 1170 1260 1232 typos
1301 1163 1623 1229 praebuisse.
1661 1160 1831 1216 Nobis
1883 1173 2089 1229 autem,
2144 1164 2345 1232 quibus

765 1254 971 1308 dicitur
1004 1272 1018 1307 :
1054 1254 1274 1319 Tempus
1303 1257 1354 1308 in
1390 1256 1607 1309 collecto
1628 1265 1726 1319 est,
1760 1267 2019 1326 superest,
2042 1257 2211 1325 utqui
2246 1256 2345 1309 ha-

765 1347 884 1399 bent
916 1363 1124 1412 uxores,
1152 1350 1227 1401 sic
1261 1351 1364 1403 sint
1394 1349 1549 1419 quasi
1582 1364 1687 1401 non
1748 1349 1972 1402 habeant
2025 1346 2074 1417 (Ι
2100 1346 2224 1403 Cor.
2251 1364 2345 1412 vn,

769 1439 885 1503 i9),
917 1440 1064 1495 aliud
1134 1442 1376 1510 pra-Cipi,
1431 1453 1484 1495 et
1544 1443 1916 1511 virginitatem
1966 1457 1995 1493 a
2059 1441 2349 1497 Salvatore

768 1526 978 1592 virgine
1006 1528 1274 1581 dedicari.

836 1620 929 1675 25.
968 1621 1169 1677 Norma
1206 1622 1625 1693 Scripturarum.
1661 1627 1859 1681 Probat
1891 1626 2155 1684 Susanna
2186 1631 2353 1684 histo-

771 1714 931 1769 riam.
958 1743 1027 1755 -—
1065 1714 1230 1769 Elian:
1265 1731 1319 1769 et
1347 1716 1597 1771 Elisteum
1625 1735 1789 1788 quam
1820 1721 1984 1775 stulte
2017 1722 2070 1774 in
2108 1722 2353 1791 catalogo

772 1809 1023 1876 posuerit
1050 1809 1398 1876 maritorum,
1450 1826 1538 1865 me
1570 1821 1807 1879 tacente,
1850 1813 2199 1867 manifestum
2248 1826 2349 1868 est.

776 1900 832 1952 Si
871 1901 1017 1953 enim
1050 1900 1293 1955 Joannes
1321 1901 1563 1971 Baptista
1602 1904 1751 1957 venit
1803 1906 1854 1958 in
1889 1906 2082 1974 spiritu
2140 1917 2193 1959 et
2251 1908 2358 1959 vir-

782 2003 895 2046 tute
923 1994 1073 2054 lilias.
1115 2004 1169 2046 et
1203 1993 1442 2048 Joannes
1479 1996 1628 2063 virgo
1665 2007 1791 2059 est;
1828 2000 2013 2067 utique
2044 2016 2151 2053 non
2184 2001 2356 2054 solum

779 2085 834 2137 in
860 2086 1060 2152 Spiritu
1102 2086 1222 2153 ejus
1255 2088 1422 2153 venit,
1456 2089 1549 2142 sed
1584 2091 1747 2142 etiam
1792 2090 1844 2142 in
1901 2093 2147 2158 corporis
2194 2095 2361 2147 casti-

780 2176 1114 2231 tale.P0rro
1169 2179 1299 2232 illud
1352 2180 1495 2247 quod
1551 2180 1618 2235 de
1661 2180 1887 2234 Ezocliia
1942 2186 2359 2239 commemorari

776 2280 981 2338 potest,
1034 2287 1346 2342 quanquam
1404 2274 1504 2327 hoc
1553 2272 1641 2326 ille
1680 2274 1839 2328 Solita
1901 2274 2203 2330 stoliditate
2250 2293 2357 2330 non

782 2364 1003 2427 viderit,
1035 2365 1179 2428 quod
1228 2374 1350 2432 post
1391 2365 1553 2418 vitam
1590 2378 1960 2433 recuperatam
1984 2409 1999 2429 ,
2042 2378 2095 2422 et
2129 2368 2363 2433 quinde-

781 2456 886 2508 cim
924 2472 1195 2510 arnorutn
1250 2459 1423 2524 spatia
1479 2460 1772 2525 protelata,
1841 2461 2095 2514 dixerit:
2160 2464 2360 2516 Amodo

786 2549 927 2615 ﬁlios
956 2548 1370 2615 faciam;sciat
1429 2551 1481 2604 in
1538 2549 1779 2605 Hi-braeis
1831 2554 2197 2607 voluminibus
2252 2572 2360 2610 non

783 2639 995 2699 haberi,
1020 2645 1111 2692 sed
1141 2641 1241 2709 legi
1282 2656 1377 2709 pro
1408 2642 1508 2696 hoc
1539 2642 1593 2696 ;¹
1634 2640 1795 2696 Pater
1828 2645 1955 2712 ﬁliis
1993 2655 2171 2699 uolam
2206 2648 2363 2716 faciet

783 2734 1056 2784 reritatem
1106 2741 1252 2783 tuam
1287 2731 1419 2797 (lsa.
1453 2749 1680 2796 suvnt,
1740 2735 1848 2801 l9).
1899 2733 2009 2789 Nec
2056 2739 2256 2792 mirum
2317 2742 2361 2794 si

781 2823 916 2878 Olda
956 2842 1091 2878 uxor
1122 2825 1326 2881 Selium
1364 2829 1702 2896 prophetissa
1732 2833 2052 2887 consulatur
2083 2832 2198 2904 [ΑΙ.
2225 2851 2363 2888 con-

787 2919 1021 2992 solatur]
1064 2922 1132 2975 ab
1173 2921 1321 2975 Josia
1375 2928 1501 2993 rege
1549 2921 1863 2993 Judae.jam
1911 2928 2228 2993 Captivitate
2280 2930 2365 2982 vi-

787 3014 932 3071 cina,
966 3022 1021 3067 et
1076 3020 1153 3067 ira
1212 3014 1424 3068 Domini
1486 3015 1734 3069 stillante
1784 3032 1950 3086 super
2009 3016 2363 3075 Jerusalem:

788 3121 914 3157 cum
954 3106 1069 3160 haec
1096 3122 1287 3161 norma
1336 3109 1409 3161 sit
1462 3108 1896 3175 Scripturarnm,
1935 3118 1991 3163 ut
2032 3112 2195 3183 276
2236 3113 2368 3165 deli-

2441 608 2519 663 bit
2553 610 2749 675 lilium,
2790 626 2892 667 nec
2927 622 3213 682 peccatum
3245 611 3472 668 alterius
3526 612 3685 667 alteri
3734 611 4029 681 imputabi.

2442 716 2550 759 tur.
2612 705 2807 759 Anima
2862 707 3001 759 enim
3066 721 3185 776 qua
3228 708 3545 773 peccaverit,
3604 706 3720 777 ipsa
3771 706 4034 760 morietur

2445 797 2656 864 (Ezech.
2693 815 2844 859 svnt.
2871 798 2951 860 4).
2989 797 3093 853 Sed
3117 807 3171 853 et
3225 799 3330 855 hoc
3373 801 3694 860 dicendum.
3743 797 4028 854 Danielem

2443 889 2596 960 iusta
2626 890 2916 946 historiam
2958 892 3082 946 libri
3112 892 3255 957 eius.
3288 909 3417 948 cum
3448 893 3699 949 Joachim
3735 908 3865 963 rege
3897 907 4035 962 cap-

2450 992 2561 1036 tum
2598 1000 2664 1038 eo
2699 993 2962 1054 tempore.
2993 1000 3103 1055 quo
3128 985 3385 1040 Ezechiel
3444 1002 3662 1058 quoque
3714 989 3915 1042 ductus
3948 996 4036 1040 est

2448 1076 2501 1131 in
2532 1077 2928 1146 captivitatem.
2954 1078 3237 1146 Quomodo
3267 1095 3399 1149 ergo
3425 1082 3600 1147 potuit
3626 1081 3832 1135 habere
3861 1080 4033 1141 ﬁlios,

2447 1167 2541 1236 qui
2573 1167 2751 1221 adhuc
2784 1183 2923 1238 puer
2950 1170 3107 1224 erat?
3159 1180 3215 1225 et
3259 1171 3479 1241 expleto
3550 1172 3811 1234 triennio,
3853 1172 4037 1224 intro-

2448 1259 2648 1315 ductus
2678 1271 2762 1314 est
2789 1260 2856 1315 ad
2906 1262 3048 1331 regis
3096 1264 3444 1333 obsequium.
3492 1263 3569 1317 Ac
3601 1278 3669 1317 ne
3695 1263 3821 1331 quis
3878 1270 4037 1330 putet

2451 1352 2708 1407 Ezechiel
2761 1355 2872 1421 jam
2927 1356 3031 1410 viri
3085 1356 3407 1411 meminisse
3475 1355 3736 1421 Danielis,
3798 1364 3858 1408 et
3918 1367 4034 1406 non

2451 1446 2609 1514 pueri
2650 1462 2664 1499 :
2701 1445 2926 1499 Factum
2954 1456 3053 1511 est,
3113 1447 3314 1515 inquit,
3368 1451 3421 1503 in
3475 1464 3615 1501 anuo
3666 1458 3834 1510 sexto,
3889 1445 4040 1514 regis

2456 1536 2669 1589 scilicet
2692 1536 2963 1601 Joachim,
2996 1540 3049 1591 in
3070 1555 3244 1592 mense
3296 1553 3466 1604 sexto,
3500 1540 3553 1591 in
3604 1544 3793 1608 quinta
3837 1542 4037 1591 mensis

2456 1625 2672 1695 (Ezech.
2706 1645 2823 1693 vnt,
2854 1633 2940 1697 l);
2976 1630 3064 1693 Et,
3110 1629 3222 1700 Ego
3259 1631 3500 1684 sedebam
3532 1632 3586 1684 in
3613 1632 3768 1684 domo
3808 1647 3952 1695 mea,
3992 1641 4040 1682 et

2458 1736 2603 1773 senes
2637 1719 2780 1773 Juda
2836 1722 3092 1774 sedebant
3131 1737 3308 1773 coram
3361 1738 3443 1774 me
3503 1720 3714 1789 (Ibid.).
3771 1720 3956 1785 Atque
3989 1720 4039 1772 in

2458 1812 2642 1865 eadem
2671 1811 2757 1864 die
2774 1811 2839 1862 ad
2867 1821 2994 1864 “eum
3019 1812 3236 1873 dicitur,
3280 1810 3338 1864 Si
3366 1812 3564 1881 fuerint
3587 1811 3723 1874 Noe,
3751 1822 3796 1864 et
3826 1808 4041 1867 Daniel.

2460 1913 2508 1956 et
2539 1903 2638 1956 Job
2678 1904 2838 1972 (Ibid.
2902 1918 3019 1962 xtv.
3054 1904 3166 1966 Η).
3229 1902 3358 1957 Erat
3403 1905 3569 1971 igitur
3612 1902 3797 1956 Daniel
3859 1902 4044 1954 adhuc

2463 2010 2619 2064 puer,
2653 2006 2707 2047 et
2742 2007 2905 2049 notus
2943 1996 3164 2063 populo,
3210 1995 3296 2048 vel
3354 2005 3575 2062 propter
3632 1993 4044 2062 interpretatio-

2463 2104 2582 2142 netu
2618 2091 2950 2141 sOiIltllOt'lllll
2980 2088 3143 2153 regis.
3173 2087 3255 2140 vel
3287 2100 3508 2154 propter
3534 2086 3752 2140 Susann
3773 2102 3803 2137 e
3836 2088 4045 2139 libera-

2466 2184 2688 2243 tionem,
2728 2193 2779 2233 et
2809 2181 3141 2235 occisionem
3168 2181 3189 2212 ³
3241 2180 3703 2249 presbyterontm.
3732 2178 3798 2232 Et
3829 2178 4046 2246 perspi-

2464 2287 2561 2323 cue
2594 2274 3009 2339 comprobatur,
3044 2287 3111 2324 eo
3138 2281 3385 2341 tempore
3415 2286 3525 2339 quo
3582 2271 3693 2324 haec
3716 2270 4048 2324 dicebantur

2464 2366 2531 2417 de
2564 2365 2674 2417 Noe
2703 2376 2755 2418 et
2792 2366 3011 2419 Daniele
3066 2374 3121 2419 et
3167 2364 3290 2427 Job.
3336 2366 3515 2419 adhuc
3577 2379 3807 2433 puerum
3874 2361 4049 2416 fuisse

2468 2459 2767 2522 Danielum,
2801 2475 2903 2513 nec
2932 2459 3175 2528 potuisse
3214 2460 3414 2512 habere
3438 2458 3579 2511 lilias
3616 2466 3671 2511 et
3703 2456 3866 2519 lilias,
3906 2471 4048 2524 quos

2466 2569 2561 2605 sua
2594 2554 2806 2622 juslilia
2836 2554 3116 2608 liberaret.
3154 2551 3269 2605 lluc
3301 2567 3479 2619 usque
3503 2552 3570 2606 de
3604 2552 3745 2618 lege.

2537 2648 2700 2716 277
2730 2647 2821 2701 26.
2867 2645 3214 2715 Evangelium
3252 2660 3357 2697 non
3404 2655 3478 2698 est
3522 2656 3643 2697 ante
3686 2643 3891 2697 Christi
3930 2658 4051 2694 crit-

2465 2762 2594 2798 cem.
2640 2740 2888 2796 Mulieres
2931 2739 3239 2793 Judworum
3296 2740 3675 2792 ministrabant
3772 2738 4051 2806 magistris

2469 2836 2740 2885 alimenta.
2774 2833 3008 2885 Joannes
3054 2830 3377 2900 evangelista
3412 2834 3555 2898 eirgo
3587 2844 3605 2893 ,'
3641 2829 3879 2881 ordinent
3914 2834 4052 2879 σεα-

2470 2931 2534 2982 tis
2587 2930 2966 2991 commendat;
3003 2941 3103 2994 quo
3157 2936 3386 2987 tempore
3434 2933 3718 2983 mortuus;
3768 2921 4053 2989 pririlegia

2471 3022 2606 3086 ejus.
2641 3048 2711 3058 ——
2753 3018 2908 3071 Venit
2948 3019 3011 3069 ad
3064 3013 3436 3080 lii-angelinm,
3472 3024 3528 3067 et
3578 3011 3832 3081 proponit
3882 3012 4049 3063 nobis

2472 3111 2786 3165 Zachariam
2820 3117 2874 3161 et
2903 3107 3204 3166 Elisabeth,
3238 3106 3460 3159 Petrum
3489 3114 3544 3158 et
3571 3120 3786 3157 socrum
3822 3104 3969 3172 eius.
3994 3112 4053 3157 et

788 3198 1063 3251 cientibus
1096 3198 1231 3250 viris
1269 3198 1496 3264 sanctis,
1553 3200 1815 3254 mulieres
1870 3202 1923 3254 in
1969 3204 2209 3258 virorum
2249 3206 2360 3257 lau-
2396 3205 2438 3259 ϐ
2473 3216 2732 3258 consueta
2774 3202 3025 3254 vecordia
3062 3214 3170 3252 non
3202 3199 3457 3268 intelligit
3489 3198 3624 3251 istos
3654 3211 3877 3266 quoque
3904 3198 4051 3249 inter

786 3288 989 3342 dentur
1044 3290 1352 3358 opprobria.
1392 3290 1739 3359 Snperllnum
1785 3304 1965 3347 autent
2026 3304 2111 3347 est
2144 3296 2211 3349 de
2261 3297 2360 3349 lla-

789 3382 935 3436 nieie
955 3382 1160 3447 dicere,
1194 3400 1318 3437 cum
1358 3383 1943 3455 Helirteiusquehodie
1968 3400 2275 3454 autument,
2315 3401 2370 3443 et

790 3483 902 3528 tres
940 3491 1139 3542 pueros
1165 3476 1329 3530 fuisse
1360 3477 1670 3540 eunuchos,
1709 3496 1773 3532 ex
1801 3480 1888 3533 illa
1929 3480 2019 3533 Dei
2064 3484 2360 3548 sententia,

790 3585 953 3636 quam
988 3569 1153 3625 lsaias
1200 3570 1439 3639 loquitur
1505 3572 1571 3624 ad
1629 3570 1961 3627 Ezechiam:
2021 3574 2084 3627 Et
2114 3576 2176 3628 de
2239 3576 2367 3642 ﬁliis

793 3662 899 3712 tuis
929 3664 1015 3724 qui
1053 3672 1421 3715 nascrnturex
1453 3670 1525 3726 te,
1559 3664 1740 3716 tollent
1791 3676 1839 3717 et
1873 3667 2065 3732 facient
2106 3667 2369 3719 eunuchos

792 3750 849 3801 in
879 3750 1034 3802 domo
1063 3753 1198 3819 regis
1229 3750 1331 3815 (IV
1367 3750 1491 3817 Reg.
1524 3769 1610 3809 xx.
1662 3736 1766 3819 l8).
1821 3754 2139 3821 Rursusque
2178 3755 2229 3805 in
2272 3754 2371 3805 lla-

798 3842 943 3895 niele
970 3844 1198 3912 legimus
1244 3865 1257 3899 :
1291 3843 1356 3896 Et
1392 3846 1523 3897 dixit
1554 3863 1643 3898 rex
1696 3849 1945 3915 Asphane
2006 3846 2230 3913 principi
2280 3862 2377 3898 eu-

798 3936 1112 3993 uuchorunt.
1149 3945 1201 3988 nl
1244 3938 1594 3991 introduceret
1648 3940 1710 3992 de
1763 3939 1888 4007 ﬁliis
1912 3942 2237 4007 captivitatis
2285 3937 2374 3993 Is-

800 4031 937 4089 rael,
971 4040 1018 4082 et
1074 4030 1135 4082 de
1162 4034 1353 4083 semine
1401 4034 1567 4101 regio,
1612 4043 1661 4083 et
1706 4038 1766 4084 de
1793 4034 2198 4099 phorthomniim
2260 4033 2373 4103 ιΑΙ.

795 4122 1187 4192 phortcmmim]
1216 4140 1403 4191 pueros
1427 4126 1468 4181 ³.
1506 4126 1558 4175 in
1613 4128 1799 4187 quibus
1847 4142 1947 4178 non
1980 4134 2113 4178 esset
2134 4125 2373 4190 macula,

800 4215 1043 4283 pulchros
1073 4215 1228 4283 facie,
1256 4227 1301 4267 et
1333 4215 1681 4285 intelligenles
1731 4218 2049 4281 sapientiam
2097 4216 2263 4285 (Dan.
2327 4232 2365 4279 Ι,

807 4307 861 4370 5,
895 4306 970 4372 4).
1002 4305 1065 4359 Et
1096 4318 1529 4371 argumentatur,
1564 4308 1609 4361 si
1648 4309 1716 4362 de
1748 4310 1958 4362 semine
2014 4309 2162 4376 regio
2214 4308 2380 4362 electi

806 4413 935 4453 sunt
970 4400 1151 4452 llauii-l
1180 4409 1233 4452 et
1266 4412 1373 4453 tres
1406 4402 1597 4470 pueri;
1633 4401 1701 4454 ile
1758 4403 1966 4455 semine
1997 4412 2179 4455 autem
2232 4402 2383 4468 regio

2472 3315 2588 3355 eoa,
2615 3300 2702 3366 qui
2736 3296 2838 3363 legi
2881 3296 3192 3357 servierint,
3226 3292 3483 3346 debuisse
3526 3291 3827 3345 numerari.
3860 3289 4054 3355 Neque

2474 3393 2619 3445 enim
2661 3390 3011 3459 Evangeliutn
3068 3398 3191 3440 ante
3244 3400 3464 3439 crucem
3496 3383 3698 3437 Christi
3746 3392 3854 3443 est,
3907 3382 4056 3448 quod

2476 3485 2727 3554 passione
2753 3494 2807 3536 et
2832 3483 3093 3552 sanguine
3124 3480 3293 3547 ipsius
3330 3480 3635 3533 dedicatur.
3672 3476 3835 3531 Juxta
3886 3492 4057 3545 quam

2478 3581 2717 3648 regulam
2753 3576 2943 3629 Petrus
2986 3587 3038 3626 ραι
3070 3573 3251 3627 caeteri
3287 3572 3540 3637 apostoli.
3576 3581 3633 3623 ut
3663 3571 3712 3622 ei
3754 3585 3821 3623 ex
3856 3584 4058 3639 super-

2479 3671 2586 3725 ﬂuo
2614 3670 2833 3723 interim
2860 3667 3183 3726 concedam,
3218 3664 3521 3717 habuerunt
3544 3662 3757 3727 quidem
3788 3660 3901 3733 [Αέ.
3935 3661 4061 3729 qui-

2482 3762 2629 3833 dam]
2661 3775 2883 3822 uxores,
2918 3761 3011 3810 sed
3035 3772 3171 3826 quas
3204 3771 3269 3808 eo
3303 3764 3549 3823 tempore
3570 3766 3922 3822 acceperant,
3950 3768 4063 3821 quo

2480 3854 2841 3923 Evangelium
2893 3849 3235 3904 nesciebant.
3288 3845 3389 3909 Qui
3442 3845 3705 3913 assumpti
3760 3855 3955 3912 postea
4008 3844 4062 3896 in

2482 3946 2865 4015 apusuilatum,
2928 3942 3245 4007 relinquunt
3278 3936 3513 3991 allii-ium
3563 3937 3868 4005 conjugale.
3922 3935 4059 3989 Natu

2481 4055 2603 4093 cum
2647 4037 2839 4090 l’etrus
2872 4050 2937 4087 ex
2973 4046 3201 4101 persona
3256 4029 3628 4097 apostolorum
3676 4027 3810 4080 dicit
3843 4027 3913 4079 ad
3950 4026 4063 4081 Do.

2483 4133 2688 4186 minam
2731 4147 2744 4182 :
2799 4125 2930 4179 Ecce
2959 4141 3051 4178 nos
3099 4125 3404 4192 reliquimus
3438 4124 3636 4187 omnia,
3671 4131 3722 4173 et
3769 4124 3946 4175 secuti
3974 4140 4066 4175 su-

2485 4239 2600 4276 mus
2643 4220 2731 4274 te“
2779 4218 2993 4283 (.llattli.
3031 4232 3142 4278 XIX,
3182 4216 3293 4281 ετ),
3332 4216 3615 4284 respondit
3662 4214 3713 4268 ei
3769 4214 4066 4277 Dominus,

2486 4317 2653 4368 Amen
2704 4314 2810 4365 dict
2866 4311 3028 4368 vobis,
3065 4309 3319 4379 quoniam
3360 4323 3509 4359 nemo
3542 4317 3620 4359 est
3668 4307 3757 4371 qui
3793 4306 4067 4358 dimiserit

2488 4406 2725 4465 domum,
2760 4410 2851 4453 aut
2889 4410 3151 4465 parentes.
3186 4405 3277 4447 attt
3323 4395 3539 4464 fratres,
3577 4404 3671 4445 aut
3701 4408 3949 4449 uxorem.
3977 4404 4068 4444 aut

808 4494 1094 4546 cuum-hos
1128 4496 1242 4547 lore
1279 4494 1557 4562 Scriptura
1588 4494 1858 4561 praedixit,
1889 4494 1985 4547 llos
2019 4509 2141 4548 esse
2172 4493 2382 4561 quieu-
2413 4515 2457 4571 ι)
2489 4498 2623 4565 filios
2643 4510 2850 4563 propter
2867 4507 3082 4561 regnum
3107 4490 3327 4551 Dei,qni
3353 4503 3449 4539 non
3472 4486 3687 4552 recipiat
3714 4485 3879 4537 multo
3903 4488 4063 4552 plura

807 4588 975 4640 nuchi
1049 4587 1173 4639 iacti
1236 4595 1384 4639 sunt.
1446 4587 1499 4639 Si
1531 4602 1659 4638 vero
1705 4596 1758 4640 et
1799 4587 1928 4639 illud
1990 4583 2378 4651 opposuerit'.

806 4682 951 4747 quod
983 4680 1034 4731 in
1069 4678 1351 4733 Eztt'ltielc
1408 4680 1610 4732 dicitur
1640 4678 1780 4747 (cap.
1841 4696 1953 4738 XIV,
1991 4679 2099 4745 14),
2158 4679 2267 4729 Noe
2328 4684 2382 4728 et

814 4774 998 4827 Daniel
1032 4786 1081 4825 ιιι
1111 4772 1214 4826 Job
1243 4773 1295 4825 in
1342 4784 1484 4825 terra
1520 4773 1827 4839 peccatrice
1856 4774 2000 4825 lilios
2037 4783 2089 4823 (ιι
2144 4772 2282 4822 lilias
2313 4770 2382 4821 li-

806 4865 999 4917 lii-rare
1032 4880 1137 4919 ton
1172 4879 1353 4933 posse.
1396 4864 1843 4932 reSpontlenduin
1880 4872 1983 4925 est,
2030 4863 2173 4932 quod
2224 4862 2380 4930 juxta

810 4959 1141 5027 hypothesin
1174 4959 1379 5011 dictum
1409 4964 1498 5012 sit.
1534 4958 1643 5012 Nec
1668 4958 1813 5011 enim
1865 4973 1929 5011 eo
1962 4968 2207 5023 tempore
2260 4956 2370 5009 Noe

808 5061 865 5105 et
895 5049 994 5104 er
1026 5062 1185 5105 erant
1214 5068 1353 5120 quos
1388 5053 1577 5104 multis
1631 5059 1758 5104 ante
1817 5050 2028 5103 smeulis
2056 5049 2224 5101 fuisse
2289 5064 2383 5100 co-

812 5145 1122 5214 gnorimus.
1154 5145 1213 5195 Et
1248 5153 1333 5197 est
1359 5158 1550 5195 sensus
1580 5145 1641 5193 δε
1699 5141 1751 5194 Si
1787 5142 1919 5195 tales
1971 5150 2024 5192 et
2090 5140 2223 5192 tales
2283 5140 2382 5189 viri

814 5237 1017 5289 fuerint
1055 5237 1107 5288 in
1146 5247 1288 5288 terra
1319 5234 1645 5303 peccatrit-e,
1685 5233 1824 5289 lilios
1846 5247 1974 5285 suos
2006 5240 2061 5284 et
2088 5230 2223 5283 lilias
2248 5230 2385 5282 libe-

888 5373 906 5402 ¹
943 5372 1372 5426 (lasanatensis:
1434 5388 1459 5443 Il
1504 5371 1691 5424 Notam
1776 5368 1983 5423 laceret
2048 5367 2384 5421 voluntatem

820 5453 991 5496 tuam.
1026 5460 1044 5492 ο

892 5514 912 5543 ¹
947 5514 1084 5566 Idem
1111 5528 1236 5568 eum
1270 5511 1438 5565 veteri
1471 5509 1737 5566 editione.
1779 5528 1797 5559 t
1847 5508 1908 5561 Et
1934 5508 1999 5562 de
2032 5518 2387 5578 tyrannorum

818 5599 1055 5656 pueros:
1098 5603 1115 5634 ι
1151 5583 1253 5656 _al._
1294 5583 1494 5656 pueris.
1550 5580 1719 5633 Paulo
1768 5596 1931 5643 supra
1968 5596 2063 5647 pro
2114 5580 2393 5647 Asphane;

819 5653 929 5708 uno
962 5668 1094 5705 mss.
1129 5653 1519 5719 Asphanescch.

896 5728 914 5755 ³
946 5722 1080 5775 Nota
1110 5725 1252 5775 hunc
1287 5726 1485 5776 lonun.

902 5796 918 5820 ⁸
957 5793 1288 5846 Veronensis
1336 5804 1386 5845 (ιὶ
1447 5793 1504 5844 S.
1559 5791 1768 5856 Crttt'is,
1830 5793 1893 5845 Et
1943 5801 2015 5845 cst
2054 5789 2231 5854 semel,
2296 5805 2393 5859 pro

818 5884 859 5916 ιν
877 5881 1017 5915 mus.

2487 4592 2538 4640 in
2580 4587 2771 4640 sa'culo
2799 4589 2919 4649 isto,
2974 4594 3019 4635 et
3078 4582 3130 4633 in
3167 4579 3359 4632 sarculo
3383 4579 3561 4647 futuro
3591 4577 3755 4627 vitam
3808 4586 4069 4626 retentam

2486 4679 2645 4748 (Ibid.
2673 4679 2786 4744 ‘28).
2820 4675 2874 4728 Si
2912 4682 3089 4726 autem
3125 4672 3280 4723 nobis
3306 4670 3438 4722 illud
3473 4668 3795 4737 opposuerit
3826 4672 3893 4717 ait
3935 4683 4067 4736 pro-

2486 4773 2747 4831 bandum,
2781 4768 2923 4836 quod
2976 4780 3169 4817 omnes
3210 4764 3444 4830 apostoli
3489 4776 3691 4814 tnores
3740 4759 4059 4822 habuerint,

2493 4863 2764 4931 Numquid
2798 4878 2898 4913 non
2922 4858 3169 4911 habemus
3198 4864 3505 4923 potestatem
3545 4854 3792 4905 mulieres
3822 4852 3905 4904 vel
3934 4866 4065 4905 uxo-

2490 4974 2572 5009 res
2598 4951 3027 5007 circumducendi
3052 4949 3200 5017 (quia
3225 4949 3361 5016 γυνὴ
3390 4947 3529 5015 apud
3558 4946 3777 4999 Graecos
3801 4945 3823 4975 ⁸
3848 4954 4065 4996 utrum-

2490 5066 2594 5117 quo
2628 5049 2916 5115 signiﬁcat)
2979 5046 3110 5095 sicut
3161 5042 3336 5094 cwteri
3375 5038 3627 5103 apostoli,
3657 5046 3704 5089 et
3756 5035 3986 5103 Cephas.
4021 5045 4069 5088 et

2492 5141 2681 5208 fratres
2718 5137 2927 5189 Domini
2986 5134 3034 5201 (1
3068 5134 3193 5187 Cor.
3224 5149 3299 5195 Ix.
3334 5131 3411 5197 ὅ).
3439 5132 3625 5197 jungat
3658 5138 3712 5180 et
3750 5128 3883 5180 illud
3913 5128 4058 5195 quo]

2494 5236 2545 5288 in
2603 5232 2805 5286 Graecis
2856 5229 3139 5283 codicibus
3186 5236 3269 5280 est
3303 5243 3317 5279 :
3357 5223 3630 5292 ﬁuntqnitl
3668 5238 3772 5273 nou
3814 5223 4067 5273 habemus

2566 5373 2585 5403 ⁸
2627 5366 3015 5424 Casanatt-nsis
3048 5381 3168 5418 cum
3203 5364 3322 5429 ipso
3352 5360 3676 5425 Veronensi,
3718 5372 3940 5427 propter
3968 5358 4067 5413 Su-

2492 5459 2673 5497 sannw
2700 5441 2977 5490 historiam
3006 5446 3051 5488 et
3083 5436 3429 5490 ocatzsionem.
3462 5443 3567 5484 etc.

2566 5516 2584 5544 °
2628 5509 2760 5562 Tres
2794 5526 2927 5561 mss.
2970 5506 3101 5558 Ecce
3134 5522 3226 5556 nos
3261 5503 3435 5556 omnia
3475 5509 3654 5554 nostra
3690 5501 4069 5565 relinquentes.

2493 5584 2651 5636 secuti
2681 5597 2854 5633 sumus
2885 5589 2973 5640 te;
3006 5576 3097 5646 qui
3130 5585 3184 5628 et
3215 5576 3377 5644 paulo
3419 5575 3554 5625 iulia
3593 5588 3778 5625 vocem
3826 5571 4071 5638 Apostali

2498 5670 2604 5708 ttOo
2657 5659 2985 5713 agnoscunt.

2571 5724 2589 5752 ⁷
2633 5712 3027 5780 Tertullianus,
3066 5716 3131 5768 de
3176 5713 3536 5783 Monogatnia.
3585 5730 3601 5762 t
3629 5712 3803 5766 Penes
3857 5712 4074 5765 Gracns

2503 5792 2778 5848 communi
2807 5790 3069 5844 \ocabttlo
3098 5795 3395 5841 censentur
3429 5784 3684 5836 mulieros
3708 5794 3758 5837 et
3795 5798 4019 5837 uxores.
4050 5800 4066 5829 ι
