4218 6450
804 421 913 484 263

800 637 1051 703 paradiso
1076 635 1429 704 depravatum
1462 640 1567 688 est.
1600 633 1754 698 Quod
1791 634 1834 687 si
1886 633 2177 699 objeceris,
2213 641 2373 686 ante-

799 744 960 798 quant
1001 739 1304 798 peccarent,
1338 743 1523 782 sexum
1564 728 1665 781 viri
1712 736 1764 781 et
1787 726 2002 780 femina
2026 727 2198 780 fuisse
2232 728 2373 779 divi-

800 838 941 883 sum.
968 833 1021 875 et
1047 823 1251 887 absque.
1282 832 1507 889 peccato
1534 836 1630 877 eos
1666 822 1908 889 potuisse
1931 819 2217 889 conjungi,
2245 820 2374 888 quid

800 916 1042 969 futurum
1077 914 1239 969 fuerit
1277 916 1546 969 incertum
1582 928 1687 969 est.
1719 915 1903 982 Neque
1936 914 2082 965 enim
2122 913 2213 967 Dei
2250 929 2376 980 pos-

800 1024 990 1061 sumus
1029 1006 1419 1075 scirejudicia,
1473 1015 1526 1061 et
1583 1020 1647 1059 ex
1710 1017 1901 1059 nostro
1960 1006 2183 1059 arbitrio
2232 1006 2376 1059 illius

799 1099 1085 1152 sententiae
1141 1098 1516 1167 prmjudicare.
1551 1094 1665 1150 lloc
1687 1098 1830 1166 quod
1889 1096 2091 1151 factum
2159 1106 2263 1156 est.
2320 1098 2372 1151 in

801 1178 1089 1263 pronatulo
1116 1204 1218 1257 est,
1264 1192 1407 1259 quod
1441 1190 1530 1260 qui
1565 1190 1620 1243 in
1664 1191 1921 1261 paradiso
1960 1188 2209 1259 virgines
2251 1204 2378 1258 per-

801 1296 1141 1351 manserunt,
1187 1286 1346 1352 ejecti
1385 1286 1453 1337 de
1499 1284 1752 1354 paradiso
1807 1282 2043 1350 copulati
2086 1290 2231 1333 sunt.
2268 1280 2378 1334 Aut

800 1379 929 1447 quid
974 1379 1227 1441 nocebat,
1270 1376 1312 1430 si
1344 1376 1626 1446 paradisus
1650 1380 1869 1443 nuptias
1900 1373 2114 1440 recipit,
2143 1382 2198 1424 et
2228 1372 2374 1424 nulla

803 1477 885 1519 est
914 1468 1054 1520 inter
1075 1467 1385 1520 maritatam
1424 1466 1439 1497 ¹
1473 1467 1844 1534 virginentque
1868 1464 2176 1524 diversitas,
2211 1464 2376 1515 etiam

803 1558 859 1612 itt
896 1560 1150 1629 paradiso
1177 1575 1273 1613 eos
1305 1568 1431 1613 ante
1469 1555 1665 1612 sociari
1708 1558 1730 1609 ?
1778 1557 2089 1624 Ejiriuntur
2123 1558 2189 1611 de
2221 1571 2375 1623 para—

803 1651 925 1706 diso
960 1668 973 1715 ;
1004 1661 1057 1704 et
1084 1651 1227 1716 quod
1263 1650 1335 1705 ibi
1381 1665 1493 1703 non
1530 1648 1806 1708 fecerunt.
1837 1649 1890 1701 in
1951 1659 2091 1701 terra
2148 1648 2374 1710 faciunt,

807 1751 864 1794 ut
897 1743 1076 1794 statim
1105 1758 1134 1792 τι
1174 1741 1441 1810 principio
1483 1740 1817 1795 conditionis
1847 1740 2099 1793 buntanre
2152 1738 2377 1806 virgini-

808 1844 967 1888 tatem
1002 1835 1305 1903 paradisus,
1338 1846 1391 1887 et
1424 1842 1566 1886 terta
1628 1834 1847 1899 nuptias
1902 1832 2254 1885 dedicn'et'il.
2312 1829 2379 1882 In

1964 420 2003 475 S
2069 418 2375 479 EUSERU
2419 418 2857 481 ΠΙΕΗΟΝΥΜΙ

798 542 1058 611 paradiso
1086 552 1294 596 rectum
1329 542 1380 595 in
1407 540 1564 595 nobis
1599 538 1797 604 fuerat,
1859 541 2266 608 egredientibus
2301 540 2369 595 de
2400 552 2442 604 Α
2484 538 2643 595 Ficus
2679 540 2902 612 protulit
2927 558 3137 613 grossos
3168 560 3288 597 suos
3348 544 3528 612 (Cant.
3560 561 3617 607 ιι.

3948 429 4053 491 Elii

3862 546 3912 599 id
3961 559 4065 607 ρει,

2483 637 2682 689 Veteris
2710 635 2843 705 legis
2877 646 3146 705 prmcepta
3182 638 3521 699 ceciderunt,
3561 637 3706 690 etde
3763 638 4065 706 Evangelia

2483 734 2619 783 vites
2652 729 2911 782 ﬂorentes
2956 730 3227 783 detlernnt
3255 729 3499 781 odorem.
3550 729 3703 784 Unde
3740 742 3789 781 et
3829 732 3975 796 ,λι-ος
4001 747 4066 777 o-

2480 822 2561 874 lus
2593 840 2605 875 :
2640 820 2838 875 Cltristi
2863 824 3025 873 bonus
3047 822 3177 873 odor
3198 837 3379 873 sumus
3405 816 3493 889 (II
3512 818 3632 875 Cor.
3653 836 3715 885 tt,
3738 820 3851 886 15).
3870 819 4064 889 Surge,

2480 915 2621 978 veni,
2657 914 2898 981 proxima
2925 928 3060 977 mea,
3080 928 3273 979 sponsa
3304 928 3436 975 mea,
3466 921 3514 964 et
3547 913 3680 964 retti.
3716 910 3787 963 Tn
3816 914 4066 966 columba

2480 1022 2593 1057 mea
2614 1007 2666 1058 in
2704 1006 2991 1058 velamento
3021 1018 3187 1074 petris
3214 1006 3375 1073 juxta
3410 1004 3731 1072 promtu-ale.
3767 1016 3818 1058 et
3849 1008 4066 1059 ostende

2478 1099 2608 1150 milii
2638 1097 2829 1164 faciem
2856 1107 3025 1160 tuam,
3054 1108 3099 1150 et
3136 1098 3377 1149 auditam
3399 1097 3485 1167 [ac
3522 1101 3648 1152 milii
3675 1114 3848 1152 rocem
3884 1110 4060 1161 tuam,

2478 1194 2725 1260 quoniam
2758 1208 2855 1244 vox
2878 1202 2969 1244 tua
2993 1191 3192 1250 suavis.
3219 1200 3267 1243 et
3291 1191 3455 1261 facies
3484 1205 3574 1243 tua
3602 1193 3839 1260 speciosa
3871 1190 4064 1255 (Cant,

2480 1302 2539 1350 tt,
2576 1287 2659 1347 15,
2697 1285 2802 1349 ιι).
2850 1283 2983 1339 Dum
3029 1287 3236 1339 vultum
3277 1297 3427 1338 tttum
3472 1297 3681 1355 tegeres
3711 1304 3834 1341 cum
3877 1288 4065 1358 Moyse

2477 1386 2532 1428 et
2564 1376 2929 1429 velamentum
2964 1384 3109 1429 esset
3147 1374 3201 1428 in
3234 1374 3373 1445 lege,
3403 1390 3502 1428 nec
3559 1376 3755 1429 fat-5cm
3791 1390 3941 1429 tuam
3978 1380 4065 1431 τί-

2480 1469 2695 1531 dabam,
2733 1484 2835 1522 nec
2868 1482 3053 1521 vorent
3090 1476 3237 1520 tuam
3277 1468 3539 1537 dign-altar
3574 1470 3785 1531 audire,
3819 1470 4016 1524 dicens
4048 1488 4062 1523 :

2483 1556 2548 1610 Et
2584 1559 2630 1610 si
2662 1557 3141 1624 multiplicaveritis
3186 1572 3360 1624 preces
3392 1568 3589 1610 vestras
3615 1556 3802 1629 [Forte
3836 1576 4059 1625 precem

2478 1649 2765 1720 vestram],
2798 1666 2889 1703 nec
2918 1652 2992 1703 sic
3027 1650 3309 1703 exaudiam
3360 1666 3449 1703 ros
3485 1649 3623 1719 (lsa.
3657 1667 3693 1714 t,
3753 1652 3861 1715 13).
3904 1652 4062 1705 Nunc

2480 1754 2660 1795 autem
2699 1742 2934 1795 revelata
2975 1742 3114 1797 facie
3138 1743 3513 1811 contemplare
3572 1744 3799 1811 gloriam
3852 1761 4060 1807 meum,

2479 1846 2532 1888 et
2556 1846 2719 1904 petra:
2743 1833 3071 1888 ﬁrmissimas
3099 1844 3283 1905 tegere
3309 1837 3626 1904 promurali.
3648 1838 3799 1901 Quod
3826 1838 4060 1891 audiens

805 1926 947 1978 omni
980 1936 1210 1993 tempore
1234 1923 1337 1977 sint
1361 1925 1663 1977 vestimenta
1701 1932 1795 1975 tua
1822 1925 2049 1975 candida
2071 1921 2269 1989 (Eccle.
2307 1936 2382 1985 ix,
2418 1924 2457 1976 Β
2489 1942 2687 1995 sponsa
2709 1929 2883 1995 aperit
2906 1937 3247 1981 sacramenta
3266 1928 3559 1995 pudicitiae
3590 1926 3887 1981 Fratruelis
3915 1946 4060 1981 mens

806 2015 1120 2083 8).Cattdor
1170 2015 1399 2067 vestium
1464 2014 1853 2081 sempiternus,
1912 2012 2244 2079 virginitatis
2298 2019 2379 2064 est

811 2105 1038 2173 puritas.
1066 2102 1121 2156 In
1150 2106 1416 2157 matutino
1445 2106 1842 2157 seminavimus
1876 2117 2063 2156 semen
2129 2109 2381 2155 nostrum

809 2203 862 2247 t-t
889 2196 953 2247 ad
998 2210 1279 2264 vesperam
1305 2210 1415 2247 non
1461 2210 1764 2249 cessemus.
1798 2194 1899 2260 Qtti
1935 2193 2260 2247 servivitnus
2327 2194 2381 2246 in

808 2289 927 2358 lege
962 2289 1189 2355 nuptiis,
1226 2287 1528 2353 virginitati
1576 2286 1629 2339 in
1693 2285 1990 2353 Evangelio
2054 2287 2381 2340 serviamus.

877 2382 967 2435 '50.
995 2381 1268 2435 Canticum
1318 2382 1640 2433 canticm'um
1682 2396 1783 2432 non
1824 2380 2090 2447 significat
2148 2395 2383 2432 amorem

808 2476 1075 2527 carttis.-—
1097 2470 1339 2526 Transeo
1368 2478 1433 2526 ad
1458 2473 1744 2525 Canticum
1772 2474 2134 2535 ranticornnt,
2161 2482 2218 2524 et
2237 2470 2381 2538 quod

806 2565 1154 2618 adversarius
1188 2573 1362 2616 totum
1399 2572 1551 2631 putat
1579 2578 1703 2615 esse
1737 2578 1835 2629 pro
1868 2561 2098 2629 nuptiis,
2162 2561 2384 2629 virgini-

810 2661 936 2708 tatis
960 2658 1245 2711 continere
1276 2663 1614 2708 sacranti-uta
1678 2653 2023 2705 monstrabo.
2083 2652 2385 2704 Audiamus

808 2751 936 2816 quid
962 2750 1212 2817 loquatur
1231 2762 1449 2815 sponsa,
1471 2756 1761 2814 antequam
1784 2760 2022 2813 sponsus
2050 2747 2169 2813 ejus
2190 2748 2253 2796 ad
2278 2754 2386 2798 ter-

812 2856 900 2893 ras
932 2840 1129 2899 veniat,
1157 2842 1410 2905 patiatur,
1462 2838 1666 2893 inferos
1700 2847 1971 2907 penetret,
2000 2852 2062 2890 ac
2116 2847 2382 2906 resurgat.

811 2932 1197 2986 Similitudines
1230 2934 1348 2982 auri
1376 2929 1631 2997 faciemus
1663 2930 1753 2981 tibi
1792 2947 1908 2983 cum
1959 2930 2383 2984 distinctionibus

808 3026 1033 3095 argenti,
1074 3024 1408 3093 quoadusque
1436 3036 1526 3073 rex
1588 3022 1641 3073 in
1672 3023 1913 3075 accubitu
1947 3039 2040 3076 suo
2069 3032 2146 3075 est
2206 3023 2382 3091 (Cant.

810 3132 847 3178 ι,
886 3115 971 3179 10,
1003 3115 1112 3183 Η).
1154 3116 1455 3183 Antequam
1489 3123 1797 3182 resurgeret
1822 3113 2104 3177 Dominus,
2129 3126 2181 3167 ct
2210 3114 2381 3168 Evan-

810 3211 1010 3281 gelium
1035 3218 1369 3273 corusearet,
1402 3223 1504 3260 non
1540 3208 1773 3260 habebat
1803 3224 1996 3259 aurum
2029 3222 2253 3277 sponsa,
2287 3208 2380 3263 sed
2413 3272 2450 3292 η

812 3301 1201 3358 similitudines
1232 3302 1371 3353 auri.
1408 3301 1704 3368 Argentum
1738 3309 1919 3352 autem
1975 3302 2117 3368 quod
2156 3301 2210 3352 in
2277 3316 2379 3353 nu-
2411 3274 2451 3329 Ο

813 3398 943 3466 ptiis
966 3395 1165 3448 habere
1197 3409 1253 3446 se
1288 3393 1596 3458 pollicetur,
1658 3390 1894 3443 habebat
1947 3390 2154 3442 varium
2220 3402 2381 3458 atque

813 3488 1131 3541 distinctum
1166 3486 1223 3536 in
1250 3484 1449 3542 viduis,
1499 3480 1928 3543 continentibus,
1979 3494 2044 3532 ac
2086 3479 2379 3532 maritalis.

817 3578 1018 3633 Deinde
1052 3589 1287 3641 sponsus
1316 3577 1608 3642 respondet
1641 3571 1708 3624 ad
1738 3587 2020 3637 sponsam.
2051 3583 2105 3623 et
2135 3585 2254 3623 eam
2283 3570 2381 3622 do-

814 3680 901 3724 cet
926 3669 1071 3739 quod
1129 3666 1333 3720 veteris
1361 3667 1494 3733 legis
1527 3664 1715 3716 umbra
1753 3663 2050 3727 transierit,
2095 3671 2151 3715 et
2180 3661 2382 3714 veritas

814 3760 1095 3829 Evangelii
1120 3761 1344 3813 venerit.
1378 3754 1540 3825 285
1565 3755 1755 3825 Surge.
1787 3755 1923 3819 veni,
1950 3756 2191 3823 proxima
2208 3770 2321 3806 mea
2341 3757 2383 3827 ³,

818 3870 1008 3923 sponsa
1054 3868 1187 3913 mea,
1241 3857 1491 3918 quoniam
1543 3865 1657 3901 ecce
1707 3850 1867 3900 hiems
1925 3850 2155 3911 transiit,
2208 3848 2382 3916 pluvia

818 3947 948 3999 abiit
976 3946 1074 3997 sibi
1100 3942 1277 4011 (Cant.
1327 3959 1386 4005 ιι,
1436 3940 1515 4002 10,
1552 3942 1658 4003 tl).
1693 3938 1803 3992 lloc
1856 3940 1920 3993 de
1954 3940 2121 3993 veteri
2192 3940 2384 3991 Testa-

822 4050 1023 4092 tnettto.
1052 4035 1287 4089 Rursum
1316 4036 1381 4086 dc
1440 4034 1731 4102 Evangelio
1767 4041 1823 4085 ct
1866 4032 2176 4101 virginitate
2207 4048 2220 4086 :
2261 4030 2385 4083 Flo-

820 4147 901 4183 res
949 4130 1040 4181 nisi
1070 4132 1261 4179 suntin
1291 4136 1458 4189 terra,
1480 4131 1679 4189 tempus
1706 4123 1942 4173 sectionis
1976 4123 2183 4174 advenit
2222 4121 2303 4190 (Ib
2328 4122 2382 4175 d.

824 4222 933 4291 12).
958 4218 1152 4274 Nonne
1191 4218 1287 4270 tibi
1323 4218 1538 4268 videtur
1577 4214 1818 4283 idipsum
1874 4215 2081 4279 dicere,
2134 4214 2275 4281 quod
2332 4222 2386 4265 rt

823 4311 1110 4380 Apostolus
1144 4316 1159 4361 t
1194 4307 1436 4377 Superest
1473 4316 1524 4358 ιιι
1558 4318 1603 4357 et
1632 4306 1717 4373 qui
1737 4308 1922 4358 habent
1942 4321 2153 4368 uxores,
2182 4308 2256 4357 sic
2279 4306 2387 4357 sint

822 4406 977 4472 quasi
1007 4418 1110 4455 non
1136 4402 1359 4453 Itubeuttl
1398 4399 1444 4465 (l
1475 4398 1596 4452 Cor.
1632 4414 1729 4464 vn,
1781 4399 1870 4467 9.9)
1896 4400 1919 4451 ?
1944 4398 2009 4451 Et
2044 4398 2387 4451 manifestius

822 4500 890 4551 tle
920 4494 1191 4565 praeconio
1223 4492 1489 4545 castitatis
1523 4509 1535 4542 :
1568 4487 1698 4552 Vox,
1738 4490 1932 4558 inquit,
1966 4494 2183 4541 turturis
2202 4492 2388 4542 audita

821 4600 894 4644 est
926 4591 1145 4642 interra
1173 4600 1347 4637 nostra
1401 4583 1578 4653 (Cant.
1603 4598 1657 4646 ll,
1700 4582 1810 4652 12).
1875 4582 2081 4635 Turtur
2133 4584 2247 4634 avis
2292 4598 2386 4651 pit-

824 4680 1124 4742 dicissima,
1154 4691 1370 4746 semper
1429 4677 1677 4728 habitans
1711 4678 1765 4728 in
1824 4675 2171 4738 sublimibus,
2228 4687 2384 4744 typus

825 4783 907 4827 est
939 4768 1261 4825 Salvatoris.
1297 4766 1569 4833 Legamus
1626 4766 1975 4837 pltysiologos
2027 4766 2172 4835 (Vide
2235 4767 2387 4820 Pus.

825 4868 919 4922 lib.
959 4881 1014 4931 ι,
1044 4881 1095 4918 c.
1127 4863 1243 4931 54),
1290 4870 1345 4915 et
1380 4862 1719 4927 reperiemus
1768 4861 2000 4913 turturis
2068 4861 2212 4912 hanc
2269 4874 2393 4912 esse

824 4970 1099 5020 naturam,
1128 4967 1187 5011 ut
1214 4958 1257 5011 si
1288 4971 1469 5025 parent
1518 4955 1835 5024 perdiderit,
1875 4956 2031 5008 alteri
2067 4956 2391 5024 nonjttnga-

829 5064 913 5106 tur
936 5068 953 5120 ;
973 5063 1025 5106 et
1055 5052 1422 5119 intelligemus
1444 5049 1734 5118 digamiam
1759 5052 1922 5100 etiam
1948 5063 1977 5099 a
2012 5050 2177 5099 tttutis
2201 5049 2391 5099 avibus

826 5145 1102 5212 reprobari
1140 5143 1183 5197 ⁸.
1224 5141 1528 5209 Statimque
1582 5149 1761 5192 turtur
1797 5139 1927 5192 dicit
1957 5142 2021 5191 ad
2083 5149 2388 5191 turturem:

902 5282 917 5311 ¹
940 5280 1128 5341 iidem,
1152 5276 1318 5330 veteri
1349 5291 1563 5344 quoque
1591 5276 1827 5327 editione
1858 5277 2211 5339 assentiente,
2244 5274 2390 5329 Inter

826 5353 1073 5419 virginem
1100 5350 1444 5419 maritumque
1485 5346 1783 5419 dicet-situs,

897 5416 917 5454 ί
952 5418 1338 5472 ltursnsiident
1376 5432 1503 5468 mss.
1529 5416 1776 5483 Speciosu
1798 5431 1933 5475 mea,
1976 5416 2217 5469 columba
2250 5434 2383 5480 mea,

828 5506 972 5553 etc.;
1010 5496 1327 5542 constanter
1352 5487 1512 5537 etiam
1548 5498 1708 5547 intra,
1748 5487 2075 5551 i-lqttejttxta
2132 5486 2383 5539 ﬁrm-un,

829 5564 965 5628 καλή
1002 5576 1125 5627 μου,
1154 5572 1217 5609 ex
1242 5570 1347 5628 quo
1377 5555 1561 5607 itioeut
1598 5557 1677 5608 bis
1732 5567 1981 5623 repetunt
2009 5571 2192 5610 vocem
2232 5558 2384 5623 abiit,

831 5624 1092 5697 ἀπῆλθεν,
1123 5624 1415 5693 ἐπορεύθη.

906 5694 1239 5765 ³Ῥρ1·ι)ειέιιιι
1285 5698 1543 5747 hactenus
1604 5695 1759 5758 edit.,
1802 5694 1979 5747 multis
2048 5714 2144 5765 pro
2208 5703 2384 5760 mutis,

831 5770 972 5837 quod
1004 5784 1064 5837 es
1090 5764 1312 5837 ingenio
1340 5775 1493 5837 antea
1541 5770 1980 5837 cuit-numerant,
2015 5764 2159 5820 nunc
2222 5767 2386 5821 Veto-

831 5834 1169 5892 llcnSlSltbl'l
1202 5834 1818 5896 auctoritateconlirnto,
1856 5844 1909 5889 et
1963 5837 2164 5890 Grai-io
2218 5841 2380 5891 etiam

834 5908 1045 5978 probari
1085 5907 1259 5959 video.

2489 2020 2639 2080 milii,
2676 2030 2725 2072 et
2753 2036 2844 2087 ego
2871 2020 2947 2072 illi
2964 2021 3051 2088 qui
3070 2020 3238 2087 pascit
3265 2020 3283 2048 ³
3313 2022 3450 2072 inter
3472 2020 3586 2071 lilia
3636 2020 3815 2086 (Cant.
3853 2038 3911 2084 tt,
3950 2022 4059 2083 lG‘,

2487 2114 2587 2165 hoc
2621 2121 2723 2175 est,
2764 2116 2908 2165 inter
2930 2112 3201 2181 virginum
3227 2111 3648 2166 candidissimos
3680 2114 3905 2166 choros.
3968 2111 4061 2165 Vis

2483 2206 2624 2260 scire
2683 2205 2843 2274 quale
2902 2220 3064 2257 verus
3119 2204 3377 2257 Salomon
3445 2206 3704 2274 paciﬁcus
3744 2213 3932 2259 noster
3966 2220 4062 2259 so-

2482 2298 2613 2352 lium
2676 2300 2864 2369 quales
2897 2296 3092 2351 habeat
3137 2298 3458 2366 armigeros.
3519 2297 3687 2360 Ecce,
3749 2298 3841 2359 ait,
3894 2301 4064 2353 lectus

2484 2390 2805 2451 Salomonis.
2846 2393 3125 2458 sexaginta
3186 2401 3419 2458 potentes
3454 2392 3507 2444 in
3567 2394 3797 2445 circuitu
3844 2395 3965 2461 ejus
4004 2396 4068 2445 de

2484 2487 2780 2557 potentibus
2810 2484 3005 2547 Israel,
3033 2500 3210 2537 omnes
3230 2494 3457 2537 tenentes
3480 2484 3740 2550 frameam
3781 2485 3819 2546 ⁵,
3839 2496 3888 2536 et
3920 2485 4064 2536 docti

2486 2580 2638 2643 bello,
2672 2580 3085 2647 uniuscuiusque
3120 2579 3222 2633 viri
3276 2578 3485 2648 gladius
3544 2580 3599 2630 in
3626 2581 3824 2645 femore
3898 2581 4067 2643 ipsius

2486 2671 2661 2741 (Cant.
2695 2688 2775 2736 ιιι,
2812 2671 2863 2736 7,
2904 2670 2979 2735 8;.
3014 2671 3115 2735 Qui
3160 2671 3215 2724 in
3272 2671 3505 2726 circuitu
3544 2670 3851 2724 Salamonis
3911 2682 4065 2733 sunt,

2485 2765 2717 2834 gladium
2751 2763 2954 2818 habent
2984 2766 3035 2817 in
3058 2764 3282 2826 feruore,
3306 2765 3447 2818 sicut
3481 2762 3622 2818 Anth
3655 2764 3929 2831 illejudex
3958 2767 4060 2833 ἁμ-

2486 2856 2851 2925 φοτεροδέξιος
2898 2855 3050 2928 [sciL
3084 2854 3443 2929 ambidester]
3481 2857 3678 2926 (ludit.
3714 2874 3793 2919 ιιι.
3837 2859 3917 2918 5‘.
3968 2860 4060 2927 qui

2486 2950 2757 3003 intett'ecit
2787 2948 2995 3002 hostem
3025 2948 3446 3020 pinguissimum
3478 2957 3532 3002 et
3560 2957 3729 3001 totum
3775 2951 3928 3002 carni
3966 2954 4062 3003 tio.

2486 3043 2679 3105 ditutn,
2723 3058 2915 3096 omnes
2960 3054 3248 3113 amputans
3284 3042 3610 3111 voluptates.
3645 3040 3738 3095 Ibo
3774 3044 3811 3107 ι,
3860 3044 4064 3112 inquit,

2486 3136 2555 3188 ad
2600 3149 2822 3188 montem
2866 3135 3094 3206 myrrha:
3141 3131 3318 3202 (Cant.
3361 3150 3434 3196 tv.
3482 3135 3576 3205 6);
3621 3136 3685 3188 ad
3723 3152 3816 3191 eos
3850 3138 4070 3191 scilicet

2486 3226 2576 3293 qui
2615 3226 3079 3280 mortiﬁcaverunt
3110 3224 3275 3294 286
3322 3241 3552 3295 corpora
3586 3242 3716 3291 sua;
3766 3239 3815 3281 et
3857 3231 3928 3280 ad
3958 3231 4067 3281 rol-

2486 3319 2584 3371 lettt
2619 3317 2831 3381 Libani,
2878 3318 2941 3371 ad
2984 3318 3304 3387 purissimos
3345 3319 3618 3389 virginum
3659 3337 3869 3389 greges,
3900 3332 3952 3375 et
3984 3323 4067 3376 la-

2484 3424 2618 3477 qttar
2643 3425 2847 3477 sponstl'
2896 3424 3025 3461 mea
3055 3424 3072 3461 :
3108 3407 3234 3461 Tota
3265 3410 3497 3477 speciosa
3533 3426 3608 3470 es.
3634 3414 3805 3464 amica
3831 3430 3974 3477 mea,
4015 3427 4066 3467 et

2487 3518 2586 3553 non
2614 3514 2686 3554 est
2714 3502 2917 3553 macula
2946 3504 2997 3553 in
3025 3511 3071 3553 te
3097 3499 3254 3569 (Ibid.
3285 3500 3339 3565 6,
3367 3501 3441 3569 7).
3472 3502 3627 3556 Unde
3650 3515 3703 3556 et
3732 3508 4065 3574 Apostolus:

2488 3591 2555 3645 ιῖι
2593 3592 2852 3655 exhibeat,
2906 3593 3103 3661 inquit,
3155 3594 3255 3647 sibi
3304 3606 3545 3647 sanctam
3596 3594 3910 3659 Ecclesium,
3965 3616 4067 3652 non

2486 3687 2761 3738 habentem
2806 3686 3104 3749 maculam,
3158 3704 3320 3751 neque
3350 3704 3538 3757 rugam
3581 3689 3800 3756 (Rphes.
3848 3707 3905 3749 v.
3946 3692 4065 3761 27).

2490 3777 2612 3830 Veni
2645 3796 2673 3829 a
2724 3777 2921 3831 Libano
2951 3818 2965 3839 ,
3008 3797 3230 3843 sponsa,
3288 3781 3403 3833 veni
3433 3797 3463 3831 a
3502 3779 3715 3835 Libano.
3775 3780 3986 3843 Venies,
4021 3796 4066 3836 et

2487 3872 2830 3938 pertransibis
2861 3872 2924 3923 ab
2949 3873 3098 3924 initio
3126 3872 3269 3939 ﬁdei,
3295 3890 3324 3924 a
3351 3874 3523 3939 capite
3550 3871 3711 3926 Sanir
3729 3885 3776 3926 et
3807 3874 4065 3937 Hei-mon.

2488 3982 2518 4013 a
2546 3964 2803 4016 cubilibus
2841 3965 3070 4022 leonum,
3112 3981 3142 4015 a
3173 3966 3433 4017 montibus
3472 3965 3837 4028 leopardorum
3876 3967 4066 4034 (Cant.

2491 4073 2563 4118 tv,
2598 4058 2674 4121 8).
2707 4055 2947 4109 Libanus
2978 4056 3306 4123 λευκασμὸς,
3344 4056 3395 4109 id
3428 4068 3532 4123 est,
3571 4059 3767 4110 candor
3796 4062 4071 4128 interpre-

2490 4158 2654 4202 tatur.
2719 4146 2852 4201 Vetti
2907 4164 3056 4215 ergo,
3110 4162 3307 4217 sponsa
3359 4149 3781 4217 candidissima,
3834 4152 3901 4205 de
3960 4170 4069 4223 qua

2490 4242 2614 4294 alibi
2665 4242 2867 4295 dicitur
2900 4257 2915 4296 :
2950 4242 3080 4305 Qua:
3108 4252 3181 4296 est
3228 4244 3352 4304 ista,
3384 4259 3501 4311 qua:
3531 4246 3766 4297 ascendit
3812 4246 4070 4301 dealbata

2493 4332 2669 4400 (Cant.
2708 4350 2825 4399 vttt,
2852 4334 2942 4401 5)}?
2970 4344 3019 4387 et
3072 4336 3264 4388 transit
3317 4351 3411 4403 per
3455 4337 3591 4389 viam
3645 4338 3808 4403 ltujtts
3838 4342 4066 4402 smcnii;

2490 4428 2557 4481 ab
2590 4428 2818 4481 exordio
2857 4427 3005 4488 ﬁdei,
3052 4436 3107 4480 et
3148 4442 3211 4479 es
3246 4428 3429 4489 Sanir,
3474 4429 3620 4497 quod
3675 4431 4071 4495 interpr-tatur

2491 4520 2615 4571 deus
2650 4519 2898 4579 lucernw.
2928 4520 3077 4587 juxta
3115 4518 3245 4573 illud
3281 4519 3421 4587 qnod
3454 4520 3506 4572 in
3537 4520 3750 4572 Psalmo
3782 4522 4016 4591 legimus
4054 4541 4068 4577 :

2416 4604 2463 4661 ι)
2495 4609 2729 4662 Lucerna
2760 4610 2975 4676 pedibus
3006 4612 3134 4663 meis
3174 4612 3382 4664 verbum
3416 4622 3587 4676 tnnm,
3625 4613 3842 4665 Domine
3875 4624 3944 4675 ,et
3977 4616 4071 4669 lux

2493 4703 2690 4755 semitis
2738 4704 2863 4755 meis
2902 4702 3093 4770 (Psal.
3145 4717 3338 4760 cxvttt.
3395 4703 3554 4766 105);
3605 4712 3660 4755 et
3711 4703 3963 4767 llermon,
4019 4710 4068 4761 id

2493 4802 2595 4851 est,
2630 4793 3079 4855 consecratione;
3115 4801 3167 4846 et
3199 4792 3323 4861 iuge
3364 4792 3579 4846 lenitum
3616 4792 3835 4854 cubilia,
3865 4806 3919 4848 et
3956 4796 4070 4849 leo-

2496 4884 2795 4950 partlorunt
2848 4894 3082 4947 montes,
3111 4884 3205 4953 qui
3234 4899 3343 4935 non
3378 4893 3606 4952 possunt
3649 4894 3860 4936 mutare
3897 4889 4072 4941 varie-

2492 4984 2655 5027 tatem
2712 4990 2889 5026 suatn.
2943 4973 3110 5042 Fuge,
3160 4973 3354 5042 inquit,
3404 4974 3605 5027 cubilia
3654 4974 3897 5039 leonum,
3945 4979 4070 5048 iuge

2492 5065 2799 5133 superbiam
2856 5066 3189 5124 (Lemonum.
3246 5076 3298 5116 ιιι
3354 5079 3639 5131 posujuam
3698 5065 3829 5117 mihi
3894 5068 4070 5120 lueris

2492 5164 2849 5217 consecrata,
2914 5157 3111 5224 possint
3177 5156 3271 5209 tibi
3323 5157 3503 5209 dicere
3554 5173 3568 5208 :
3624 5153 3926 5209 Vulnerasti
3982 5175 4073 5212 car

2566 5286 2587 5315 ⁸
2619 5285 2789 5339 Vetus
2821 5286 3010 5349 editio,
3040 5290 3310 5354 pascitur;
3346 5306 3466 5345 mos
3509 5289 3917 5349 Casanateusis.
3985 5291 4067 5343 Vis

2490 5361 2621 5429 scire
2652 5356 2833 5425 quales
2859 5358 2994 5409 riros
3020 5355 3293 5424 Salomon,
3320 5368 3369 5414 et
3398 5360 3646 5426 pact/iens
3706 5369 3881 5412 uoster
3910 5363 4069 5429 quale

2490 5428 2704 5485 solium.
2746 5438 2850 5482 ett‘.

2546 5498 2565 5528 ⁸
2592 5496 2716 5548 Mss.
2740 5512 2951 5559 omnes.
2977 5495 3224 5552 Ferentes
3246 5499 3526 5565 frameam,
3552 5510 3599 5550 et
3618 5498 3759 5553 doc'i
3789 5499 3928 5552 bello
3949 5503 4068 5563 riri,

2491 5566 2698 5635 gladius
2726 5567 2777 5619 in
2802 5570 2997 5635 femore
3021 5568 3155 5636 ejus.
3176 5569 3329 5636 juxta
3356 5568 3523 5625 LXX.
3551 5570 3784 5622 Gravius
3812 5569 3915 5637 legi
3949 5587 4071 5625 ont-

2495 5640 2627 5688 ttino
2660 5640 2793 5698 vult,
2818 5639 2919 5695 vir,
2945 5652 3180 5704 euntque
3202 5638 3575 5691 liebraismunt
3611 5654 3732 5692 esse
3756 5641 4065 5694 contendit.

2562 5706 2581 5735 ⁸
2616 5704 2779 5757 [idem
2817 5723 2944 5759 tttss.
2968 5744 2985 5771 ,
3015 5705 3126 5763 Ibo.
3160 5708 3347 5776 inquit,
3393 5711 3517 5759 mihi
3552 5708 3619 5759 ad
3648 5721 3902 5769 montem.
3936 5722 4067 5771 etc.;

2490 5777 2671 5828 denuo
2695 5776 2844 5837 juxta
2872 5776 3115 5829 Graecum
3140 5779 3750 5845 πορεύσομαιὲμαυτεξις
3784 5790 3948 5845 atque
3970 5781 4072 5833 ite-

2492 5861 2610 5949 l’l‘llll
2646 5850 2805 5911 paulo
2833 5855 2949 5915 post
2980 5847 3219 5912 proxima
3251 5863 3361 5900 mea
3390 5886 3404 5912 ,
3434 5862 3528 5917 pro
3561 5848 3729 5900 amica
3754 5863 3894 5913 utea,
3935 5849 4070 5918 πλη-

2494 5932 2522 5949 ..
2548 5932 2605 5949 η..
2644 5930 2741 5949 ..νμι

2494 5930 2605 5967 σιον
2641 5930 2765 5982 μου.
