4218 6462
760 403 870 469 9.67

1946 397 2006 461 S.
2047 394 2366 456 EUSEBII
2397 392 2836 454 IllERUNi’Ml

3935 398 4040 457 968

759 529 866 582 {ilia
901 524 967 579 ad
1021 538 1183 593 quam
1225 522 1361 577 aiibi
1399 520 1600 575 dicitur
1636 538 1649 574 :
1689 519 1918 584 laetare,
1959 520 2182 583 sterilis,
2231 535 2348 587 qum
2383 524 2422 577 Α
2457 517 2586 587 ipsa:
2614 531 2768 586 atquo
2813 515 2995 569 animo
3045 517 3324 584 patiantur
3361 515 3732 586 virginitatem
3764 515 3868 570 sibi
3908 533 4046 584 pne-

759 635 862 672 nou
891 617 1058 685 paris,
1093 631 1302 682 erumpe
1331 624 1378 666 et
1411 613 1611 677 clama,
1642 629 1758 682 qua:
1789 629 1890 664 non
1925 611 2180 678 parturis,
2215 625 2345 676 quo-

760 718 902 768 niam
934 715 1084 768 mttlti
1115 711 1215 781 ﬁlii
1238 710 1464 763 desertw
1497 709 1668 779 magis
1709 724 1866 777 quam
1900 707 2012 772 ejus
2037 721 2155 775 qua:
2183 704 2339 756 habet

757 810 932 863 uirum
985 807 1126 878 (lea.
1165 819 1272 867 Liv,
1313 804 1390 871 l).
1422 803 1525 857 ista
1557 811 1639 856 est
1692 802 1759 855 de
1790 814 1893 869 qua
1926 814 2023 868 per
2049 797 2343 852 Jeremiam

756 903 1001 974 loquitur
1031 904 1191 962 Deus,
1221 897 1418 954 dicens
1457 914 1471 954 :
1507 897 1772 965 Nunquid
1812 895 2150 947 obliviscetur
2183 908 2343 962 spon-

757 1015 819 1050 sa
874 995 1314 1056 ornamenti-sui,
1370 1001 1463 1045 aut
1507 992 1649 1060 virgo
1695 989 1877 1057 [ascite
1921 990 2204 1056 pectoralis
2239 1001 2348 1038 sua:

757 1091 982 1159 (Jerem.
1019 1105 1077 1152 ll,
1111 1087 1241 1155 32)?
1275 1087 1347 1140 De
1377 1086 1476 1138 hac
1510 1085 1564 1137 in
1597 1084 1788 1138 eadem
1817 1082 2109 1152 prophetia
2142 1081 2347 1147 grande

759 1183 1083 1239 miraculum
1127 1191 1230 1240 est.
1271 1179 1399 1249 quia
1441 1176 1646 1232 femina
1683 1177 2110 1232 circumdederit
2145 1175 2346 1240 virum,

758 1277 926 1347 289
960 1287 1013 1330 et
1037 1271 1416 1328 univcnsitatis
1452 1282 1734 1342 parentem
1768 1268 1997 1339 virginis
2039 1276 2230 1321 venter
2264 1270 2346 1320 in-

760 1370 1010 1422 cluserit.

829 1478 1216 1534 53.1eremias
1263 1483 1423 1549 virgo,
1464 1477 1578 1541 eius
1625 1475 1923 1545 privilegia.
1965 1473 2154 1528 Verum
2210 1485 2345 1527 tent-

757 1574 902 1644 plum
946 1573 1061 1634 Dei,
1111 1573 1290 1641 quod?
1338 1597 1404 1611 -—
1445 1589 1461 1620 ι
1507 1570 1655 1634 Esto,
1692 1569 1890 1638 inquit,
1947 1568 2260 1636 nuptiarum
2296 1575 2350 1621 et

760 1667 1092 1736 virginitatis
1126 1665 1197 1719 ait
1229 1664 1446 1718 diversa
1480 1661 1746 1726 conditio,
1789 1660 1919 1730 quid
1955 1661 2019 1714 ad
2050 1661 2154 1714 hoc
2193 1669 2349 1730 poles

757 1759 980 1814 dicere?
1011 1758 1068 1811 Si
1110 1757 1264 1828 virgo
1295 1764 1364 1811 et
1414 1755 1574 1810 vidua
1611 1754 1815 1808 fuerint
1851 1752 2162 1820 baptizata,
2193 1762 2247 1806 et
2276 1753 2348 1806 ita

759 1851 1182 1920 permanserint,
1208 1865 1328 1920 quze
1350 1848 1461 1903 erit
1491 1847 1634 1900 inter
1657 1857 1942 1913 utramque
1966 1844 2297 1899 diversitas?
2325 1864 2342 1896 ι

758 1946 918 2013 Quod
963 1946 1032 2000 de
1063 1947 1226 2000 Petro
1269 1922 1324 1998 et
1349 1941 1590 2005 Joanne,
1623 1944 1780 1994 Anna
1815 1951 1871 1994 et
1921 1938 2091 1993 Maria
2141 1939 2348 1994 dudum

760 2039 1027 2102 diximus,
1066 2039 1168 2092 hoc
1194 2037 1447 2107 presenti
1484 2037 1602 2090 loco
1639 2034 1904 2104 proﬁciat.
1937 2033 1992 2087 Si
2028 2034 2172 2087 enim
2209 2033 2352 2088 inter

766 2132 1112 2201 virginem'et
1158 2123 1376 2184 viduam
1415 2128 1731 2198 ’baptiaitas
1765 2127 1898 2181 nihil
1934 2127 2183 2193 interest,
2225 2127 2351 2195 quia

764 2225 1034 2294 baptisma
1071 2238 1270 2277 novum
1307 2222 1580 2276 hominem
1613 2219 1764 2283 facit,
1800 2222 1993 2273 eadem
2031 2219 2351 2274 conditione

762 2328 819 2372 et
850 2326 1030 2372 scorta
1060 2326 1223 2386 atque
1255 2313 1558 2384 prostibula
1587 2313 1630 2367 si
1661 2311 1865 2367 iuerint
1894 2313 2206 2382 baptizata},
2241 2314 2353 2366 vir-

765 2409 986 2478 ginibus
1038 2405 1428 2476 aequabuntur.
1481 2404 1535 2458 Si
1592 2404 1738 2456 enim
1797 2405 2082 2472 praeterita:
2146 2404 2351 2472 nuptia:

765 2501 898 2553 nihil
931 2509 1130 2553 nocent
1170 2498 1347 2553 viduae
1386 2497 1694 2565 baptizata,
1727 2506 1780 2550 et
1813 2497 2106 2566 praeteritae
2145 2495 2197 2549 in
2235 2511 2350 2550 me-

765 2592 1055 2647 retricibus
1093 2592 1425 2661 voluptates,
1465 2589 1824 2659 expositaque
1865 2589 2099 2658 publica
2133 2589 2348 2643 libidini

758 2701 1017 2756 corpora,
1056 2694 1177 2755 post
1209 2684 1485 2738 lavacrum
1523 2682 1852 2751 virginitatis
1888 2683 2113 2751 prmmia
2150 2697 2352 2737 conse-

763 2791 1026 2850 quentur.
1079 2778 1240 2832 Aliud
1289 2789 1372 2833 est
1427 2777 1775 2846 purissimam
1831 2786 2070 2832 mentem
2106 2785 2160 2831 et
2205 2776 2351 2831 nulla

769 2871 1157 2926 recordatione
1206 2871 1464 2939 pollutam
1525 2869 1632 2923 Deo
1673 2870 1925 2940 jungere,
1977 2870 2122 2924 aliud
2162 2870 2351 2924 memi-

766 2967 912 3018 nisse
943 2963 1292 3032 amplexuum
1339 2961 1440 3014 viri
1477 2960 1547 3015 l‘ie
1572 2963 1631 3014 lae
1678 2960 2033 3015 necessitatis
2069 2979 2084 3015 :
2123 2971 2177 3016 et
2206 2960 2352 3031 quod

764 3071 994 3124 corpore
1026 3070 1135 3108 non
1173 3069 1323 3125 agas,
1379 3053 1766 3108 recordatione
1811 3053 2075 3107 simulare
2110 3055 2149 3108 ³.
2196 3053 2351 3108 lere-

766 3150 931 3214 mlas,
971 3149 1062 3218 qui
1094 3149 1145 3201 in
1185 3157 1341 3202 utero
1382 3149 1756 3202 sanctilicatus
1785 3156 1888 3207 cst.
1931 3157 1987 3201 et
2016 3146 2265 3217 cognitus
2298 3147 2351 3200 in

2455 613 2606 667 ferri.
2642 612 2696 666 Si
2757 612 2902 664 enim
2934 612 3053 666 illas
3081 627 3199 665 sera
3240 611 3501 681 pudicitia
3533 623 3656 681 post
3691 611 3900 682 despuit
3925 625 4046 666 atas

2453 705 2698 774 corporis
2727 697 3032 773 voluptates
3052 705 3418 774 erigitcontra
3450 706 3734 759 maritatas
3767 703 3892 776 [ΑΙ.
3927 721 4044 758 ma-

2452 801 2586 854 ritas
2607 797 2649 868 1.
2682 814 2779 852 cur
2812 813 2916 852 non
2949 797 3093 853 infra
3123 808 3442 870 perpetuam
3477 801 3789 856 castitatem
3821 816 3945 856 esse
3978 816 4042 855 sa

2452 893 2750 947 noverint?

2523 1005 2609 1057 Si.
2649 1002 2871 1057 Leviora
2921 1013 3184 1073 prwccpta
3227 1007 3355 1058 data
3395 1010 3514 1060 rudi
3551 1008 3725 1060 adlisa:
3764 1007 4039 1060 Ecclesia.

2455 1096 2779 1151 Electiouum
2814 1115 2987 1153 cauare
3018 1099 3202 1152 varice.
3235 1099 3473 1168 O/feusio
3505 1105 3766 1155 malorum
3795 1112 3900 1158 est.
3939 1119 4042 1154 non

2454 1193 2730 1246 bonorum.
2775 1193 2964 1247 Vitium
3009 1195 3285 1262 antiquum
3335 1195 3388 1245 iu
3439 1191 3696 1247 Ecclesia.
3741 1196 4040 1262 Oﬁciorum

2455 1287 2692 1348 nomina,
2731 1303 2832 1338 non
2867 1287 3196 1341 meritorum.
3234 1316 3304 1329 —
3340 1305 3358 1338 ι
3395 1281 3643 1347 Frustra,
3682 1288 3884 1354 inquit.
3929 1289 4041 1338 ba'c

2455 1381 2714 1446 loqueris,
2748 1380 2873 1448 quia
2911 1393 2964 1435 et
2995 1381 3236 1449 episcOpi
3277 1389 3330 1434 et
3364 1381 3668 1450 presbyteri
3703 1391 3754 1434 et
3795 1380 4044 1438 diaconi.

2455 1474 2617 1526 unius
2664 1473 2852 1526 uxoris
2905 1474 3031 1536 viri,
3065 1485 3122 1528 et
3151 1474 3418 1528 habentes
3456 1475 3611 1530 lllios.
3657 1474 3727 1528 ab
3776 1474 4047 1537 Aposmlo

2452 1565 2864 1617 constituuntur
2895 1566 2934 1614 ι.
2975 1582 2992 1614 ι
3033 1563 3318 1629 Quomodo
3355 1563 3419 1617 de
3452 1564 3757 1634 virginibus
3800 1563 4045 1632 Aposto-

2456 1658 2540 1710 lus
2571 1657 2704 1710 dicit
2735 1671 2794 1712 se
2823 1671 2931 1712 non
2970 1657 3170 1712 habere
3219 1668 3572 1726 prrei-eptum,
3623 1668 3678 1713 et
3731 1669 3914 1710 tamen
3952 1657 4045 1710 dat

2453 1750 2770 1815 consilium,
2817 1750 2976 1820 quasi
3018 1751 3451 1806 misericordiam
3499 1760 3830 1806 consecutus
3867 1767 3894 1803 a
3941 1750 4045 1802 Do-

2454 1840 2621 1904 mino,
2653 1851 2709 1896 et
2737 1842 2840 1897 hoc
2869 1843 2981 1912 agit
3013 1842 3066 1896 in
3099 1844 3251 1898 omni
3285 1844 3374 1898 illa
3409 1844 3804 1914 disputatione,
3838 1852 3902 1898 ut
3931 1846 4044 1897 vir-

2455 1937 2738 2006 ginitatem
2796 1939 3052 2006 praeferat
3101 1941 3497 2004 matrimonio,
3549 1952 3604 1995 et
3651 1940 3848 1994 suadet
3896 1940 4045 2009 quod

2457 2031 2726 2099 imperare
2757 2045 2864 2084 non
2902 2032 3088 2097 audet,
3119 2047 3187 2086 ne
3216 2032 3442 2102 injicere
3481 2035 3728 2088 videatur
3757 2037 4036 2100 laqueum.

2453 2131 2506 2178 et
2537 2124 2657 2193 plus
2697 2125 2981 2194 imponere
3011 2125 3286 2194 ponderis,
3327 2141 3491 2194 quam
3534 2137 3713 2196 potest
3745 2128 4037 2181 hominum

2453 2217 2728 2272 sustinere
2783 2228 3026 2272 natura:
3075 2222 3146 2272 ita
3197 2229 3253 2274 et
3305 2218 3360 2274 in
3411 2219 3789 2274 ecclesiastico
3841 2219 4041 2273 ordine

2453 2310 2864 2374 constituendo,
2899 2312 3024 2378 quia
3060 2311 3212 2366 rudis
3261 2327 3326 2366 ex
3371 2311 3627 2382 gentibus
3657 2312 4043 2367 constitueba-

2456 2411 2542 2454 tur
2579 2398 2842 2462 Ecclesia,
2883 2401 3084 2455 leviora
3133 2416 3311 2471 nuper
3362 2402 3717 2456 credentibus
3747 2400 3842 2453 dat
3895 2416 4041 2469 pne-

2454 2504 2632 2562 cepta,
2678 2509 2745 2547 ne
2798 2494 2974 2547 territi
3028 2494 3172 2549 ferre
3220 2509 3328 2548 non
3387 2505 3631 2564 possent.
3692 2495 3940 2563 Denique
3992 2503 4048 2546 et

2456 2588 2684 2656 apostoli
2732 2600 2784 2642 et
2825 2590 3069 2643 seniores
3119 2590 3186 2644 de
3221 2589 3613 2661 Hierosolymis
3671 2590 3882 2644 litteras
3909 2591 4038 2642 mit-

2458 2690 2596 2744 tunt,
2644 2687 2852 2735 utnon
2904 2681 3140 2746 amplius
3203 2682 3518 2752 imponatur
3574 2685 3758 2737 oneris
3811 2683 3897 2736 his
3949 2684 4040 2752 qui

2453 2772 2521 2828 de
2549 2773 2799 2844 gentibus
2848 2772 3224 2839 crediderunt,
3275 2774 3469 2829 nisiut
3515 2773 3830 2828 abStineant
3872 2789 3934 2828 se
3978 2775 4045 2827 ab

2456 2866 2797 2932 idololatria,
2829 2876 2883 2921 et
2916 2865 3300 2926 fornicatione.
3318 2877 3373 2922 et
3399 2883 3429 2923 a
3447 2867 3732 2937 sanguine,
3751 2878 3809 2922 et
3835 2866 4049 2921 δεησο-

2455 2961 2632 3028 eatis;
2667 2970 2716 3016 et
2747 2961 2902 3031 quasi
2931 2960 3172 3032 parvulis
3202 2973 3368 3030 atque
3401 2961 3705 3016 infantibus
3737 2962 3820 3016 lac
3849 2975 4045 3032 potum

2453 3053 2604 3117 dant,
2638 3067 2744 3107 non
2779 3053 3014 3108 solidum
3055 3053 3276 3119 cibum;
3315 3069 3416 3109 nec
3446 3055 3772 3124 prrecipiunt
3804 3055 3872 3108 de
3907 3071 4048 3107 con-

2459 3148 2716 3210 tinentia,
2765 3162 2865 3201 nec
2895 3147 2963 3202 de
2996 3148 3310 3218 virginitate
3346 3147 3679 3216 sigttiﬁCattl,
3716 3163 3814 3201 nec
3856 3150 3926 3201 ad
3959 3149 4045 3217 je-

765 3241 922 3294 vulva
974 3243 1162 3294 matris
1187 3280 1202 3302 ,
1260 3240 1391 3293 ideo
1443 3240 1544 3294 hoc
1593 3238 1876 3308 privilegio
1924 3238 2125 3293 fruitur
2150 3277 2164 3302 ,
2225 3240 2350 3309 quia
2379 3238 2423 3295 C
2452 3243 2606 3312 junia
2653 3251 2974 3312 provocant.
3008 3257 3182 3312 neque
3217 3242 3406 3297 dicunt
3431 3242 3571 3298 illud
3599 3243 3740 3313 quod
3779 3244 3833 3297 in
3870 3244 4052 3297 Eamn-

766 3333 1095 3404 virginitatis
1128 3343 1246 3387 erat
1279 3332 1604 3390 beatitudini
1636 3331 1964 3386 destinatus.
1989 3331 2054 3386 Et
2086 3347 2208 3386 cum
2233 3347 2350 3386 om-

768 3443 868 3484 nes
897 3427 1040 3495 capti
1071 3428 1202 3490 sint,
1239 3441 1367 3480 vasa
1395 3441 1611 3496 quoque
1663 3424 1852 3494 templi
1889 3424 2192 3496 Babylonio
2226 3441 2352 3492 rege

768 3529 1020 3574 vastante
1074 3520 1313 3588 direpta,
1351 3519 1452 3574 iste
1487 3521 1640 3574 solus
1676 3519 1815 3573 liber
1839 3518 1909 3572 ab
1949 3518 2200 3573 hosnbus
2244 3528 2350 3582 est,

768 3625 820 3667 et
853 3613 1191 3681 captivitatis
1230 3613 1404 3668 nescit
1441 3613 1697 3685 injurias,
1723 3621 1778 3667 et
1809 3627 1838 3666 a
1868 3611 2165 3666 victoribus
2193 3627 2353 3667 acce-

771 3707 847 3772 pit
883 3705 1179 3774 stipendia,
1217 3714 1270 3760 et
1313 3703 1697 3769 Nabuaardan,
1731 3703 1819 3758 cui
1871 3703 1939 3759 de
1977 3705 2186 3760 sanctis
2229 3720 2356 3759 san-

770 3809 984 3851 Clnt‘tlm
1024 3795 1530 3852 Nabuchodonosor
1566 3812 1672 3850 non
1707 3808 2068 3866 praceperat,
2101 3798 2357 3866 praecepit

769 3891 836 3942 de
866 3888 1123 3942 Jeremia.
1153 3887 1265 3944 Hoc
1299 3889 1448 3943 enim
1493 3903 1684 3943 verum
1722 3888 1984 3958 templum
2018 3888 2111 3943 Dei
2153 3898 2258 3952 est,
2301 3899 2356 3943 et

772 3983 887 4034 haec
921 3980 1118 4034 Sancta
1177 3991 1526 4043 sanctorum,
1580 3996 1700 4050 quae
1753 3980 2086 4050 virginitatis
2120 3981 2356 4049 puritate

776 4072 1002 4127 Domino
1041 4079 1461 4126 consecrantur.
1495 4072 1563 4126 At
1593 4087 1622 4126 e
1654 4071 1930 4125 contrario
1959 4070 2232 4135 Ezechiel,
2265 4071 2355 4139 qni

771 4166 1019 4232 captivus
1055 4164 1345 4219 tenebatur
1391 4165 1444 4217 in
1488 4162 1783 4234 Babylone,
1830 4163 1922 4233 qui
1979 4171 2357 4232 tempestatem

773 4258 841 4312 ab
869 4259 1139 4327 Aquilone
1171 4259 1476 4312 venientem
1509 4258 1736 4317 viderat,
1766 4267 1821 4311 et
1852 4256 2132 4310 turbinem
2161 4269 2356 4310 cuncta

773 4353 1101 4422 rapientem,
1137 4352 1212 4406 ait
1252 4367 1268 4407 :
1316 4351 1522 4404 Mortua
1549 4359 1624 4404 est
1656 4365 1790 4403 uxor
1819 4366 1932 4403 mea
1966 4350 2032 4402 ad
2062 4366 2354 4416 vesperam,

773 4455 820 4498 et
867 4446 968 4515 feci
1010 4461 1163 4498 mane
1223 4444 1359 4498 sicut
1413 4453 1734 4512 praeceptum
1795 4443 1923 4495 mihi
1983 4450 2095 4494 erat
2142 4441 2358 4506 (Ezeclt.

775 4553 926 4603 utv,
971 4539 1081 4606 18).
1131 4536 1463 4592 Praedixerat
1507 4535 1652 4589 enim
1689 4535 1736 4588 ei
1775 4534 2056 4597 Dominus,
2126 4534 2267 4604 quod
2305 4535 2358 4586 in

2452 3334 2593 3406 gelio
2621 3335 2687 3388 ad
2721 3335 3001 3405 apostolos
3031 3335 3286 3402 dirigitur
3311 3336 3353 3401 ⁸,
3380 3351 3448 3390 ne
3475 3337 3710 3391 habeant
3732 3337 3869 3390 duas
3902 3338 4051 3389 tuni-

2453 3445 2567 3493 cas,
2604 3444 2670 3480 ne.
2706 3444 2914 3498 peram,
2949 3443 3018 3484 ne
3046 3445 3119 3484 aes
3147 3429 3198 3482 in
3233 3429 3404 3492 zonis,
3435 3445 3499 3482 ne
3533 3430 3738 3498 virgam
3774 3428 3823 3480 in
3852 3445 4054 3488 manu.

2455 3537 2524 3575 ne
2553 3522 2926 3576 calceamenta
2971 3523 3027 3575 in
3061 3521 3313 3592 pedibus,
3357 3532 3453 3576 aut
3502 3531 3650 3575 certe
3681 3520 3812 3575 illud
3844 3540 3855 3572 :
3888 3519 3953 3574 Si
3983 3523 4056 3572 vis

2453 3618 2708 3683 perfectus
2737 3630 2867 3679 esse,
2904 3615 3035 3668 vade
3054 3623 3103 3666 et
3133 3614 3295 3667 vende
3323 3613 3502 3666 omnia
3531 3623 3642 3676 tua,
3670 3622 3719 3665 et
3749 3615 3816 3665 da
3845 3630 4054 3680 paupe-

2455 3713 2598 3766 ribus
2619 3727 2634 3764 :
2653 3713 2852 3780 ett-eui,
2879 3729 3091 3783 sequere
3114 3729 3196 3766 me
3215 3710 3434 3781 (Matth.
3462 3726 3574 3772 xu,
3602 3709 3717 3774 2|).
3737 3708 3794 3763 Si
3819 3710 3974 3762 enim
4003 3729 4058 3758 zi-

2456 3801 2741 3856 dolescens
2758 3803 2846 3856 ille
2863 3805 2950 3869 qui
2973 3804 3556 3870 sejactaveratcuncta
3570 3799 3765 3854 fecisse
3779 3814 3901 3868 qua
3917 3801 4055 3865 legis

2457 3901 2606 3955 sunt,
2634 3892 2860 3946 audiens
2887 3892 3012 3958 hoc,
3035 3891 3211 3946 tristis
3235 3891 3393 3955 abiit,
3414 3893 3538 3960 quia
3559 3891 3797 3946 habebat
3835 3905 4058 3958 posses-

2458 3986 2639 4038 siones
2698 3987 2920 4046 multas,
2977 3993 3030 4037 et
3081 3983 3341 4038 Phariszei
3393 3983 3770 4050 hujuscemodi
3833 3983 4053 4037 Domini

2458 4075 2786 4131 sententiain
2848 4075 3260 4128 subsinnahant
3320 4087 3587 4144 :quanto
3648 4075 3822 4143 magis
3899 4085 4054 4129 tanta

2460 4171 2704 4238 gentium
2737 4169 3056 4233 multitudo,
3088 4168 3175 4222 cui
3213 4183 3428 4222 summa
3473 4168 3645 4222 virtus
3699 4179 3820 4222 erat
3868 4171 4053 4224 aliena

2465 4279 2572 4317 non
2607 4277 2820 4332 rapere,
2859 4277 2965 4314 non
3023 4261 3261 4316 habebat
3322 4277 3554 4316 necesse
3604 4272 3944 4330 praeceptum
3990 4265 4058 4318 de

2463 4356 2718 4410 castitate
2752 4365 2807 4409 et
2834 4354 3176 4408 continentia
3209 4363 3494 4424 perpetua,
3525 4355 3731 4423 quibus
3767 4353 4057 4410 scribeba-

2467 4457 2555 4500 tur
2592 4455 2648 4498 nt
2684 4445 3030 4499 abstinerent
3068 4459 3126 4498 se
3179 4445 3246 4499 ab
3281 4444 3461 4509 idolis,
3495 4456 3549 4499 et
3585 4459 3616 4498 a
3661 4443 4055 4508 fornicatione.

2465 4551 2519 4594 et
2549 4539 2602 4592 in
2648 4538 2854 4610 quibus
2885 4537 3212 4592 audiebatur
3244 4536 3555 4600 l'ornicatio,
3592 4549 3649 4592 et
3693 4537 3818 4592 talis
3873 4538 4057 4593 forni-

776 4629 862 4684 die
914 4628 1002 4681 illa
1040 4627 1350 4697 aperiretur
1385 4641 1447 4679 os
1491 4626 1629 4694 ejus,
1675 4635 1727 4679 et
1779 4625 2118 4694 loqueretur,
2162 4635 2214 4678 et
2257 4640 2362 4678 non
2401 4614 2441 4666 ί)
2473 4633 2639 4696 ratio,
2674 4649 2793 4702 quze
2844 4647 2912 4685 nc
2973 4632 3115 4684 inter
3149 4641 3337 4699 gentes
3384 4631 3605 4700 quidem
3659 4634 3780 4686 est!
3835 4631 3948 4686 Sed
4005 4647 4058 4687 ει

775 4726 984 4774 taceret
1037 4718 1297 4787 amplius.
1358 4716 1654 4785 Diligenter
1719 4717 1964 4779 attende,
2016 4717 2188 4769 donec
2228 4731 2362 4767 uxor

777 4814 984 4868 viveret
1013 4826 1119 4865 non
1163 4809 1402 4866 habebat
1450 4809 1759 4864 libertatem
1816 4809 2078 4879 populum
2119 4825 2363 4862 commo-

777 4906 965 4961 nendi.
1000 4903 1229 4959 Moritur
1256 4920 1414 4966 uxor,
1464 4914 1518 4959 et
1550 4903 1834 4974 coniugale
1881 4903 2156 4957 vinculum
2198 4903 2362 4956 solvi-

778 5009 888 5062 tur,
919 5007 974 5051 ct
1003 4996 1208 5066 absque
1258 4997 1367 5050 ulla
1415 4996 1781 5065 trepidatione
1837 5011 2054 5064 semper
2099 4995 2152 5048 in
2186 4997 2361 5050 ollicio

781 5088 1085 5156 prophetali
1118 5097 1226 5144 est.
1257 5085 1360 5151 Qui
1388 5086 1534 5138 enim
1574 5085 1710 5138 liber
1746 5095 1968 5139 vocatus
1991 5096 2094 5148 εει,
2124 5100 2252 5138 vere
2280 5094 2364 5137 est

781 5195 973 5234 servus
1010 5179 1231 5235 Christi.
1269 5177 1386 5232 Non
1423 5192 1560 5247 nego
1610 5179 1793 5232 beatas
1825 5193 1948 5232 esse
1994 5177 2207 5241 viduas,
2241 5193 2361 5247 quae

780 5276 853 5328 ita
883 5280 1007 5342 post
1032 5272 1359 5341 baptismum
1386 5271 1722 5335 manserint;
1757 5286 1861 5325 nec
1890 5271 2103 5324 illarum
2129 5272 2360 5325 detraho

781 5366 1000 5429 merito,
1027 5363 1191 5433 290
1217 5379 1334 5432 qum
1365 5379 1486 5417 cum
1516 5364 1644 5417 viris
1673 5364 1726 5416 in
1761 5364 2011 5417 castitate
2038 5363 2358 5432 perdurant.

782 5458 875 5511 sed
933 5458 1091 5511 sicuti
1152 5460 1234 5510 hic
1267 5455 1490 5525 majoris
1523 5456 1661 5523 apud
1719 5456 1886 5509 Deum
1947 5457 2152 5523 przentii
2211 5467 2356 5521 Sunt,

784 5567 944 5616 quam
997 5561 1180 5618 nupta:
1235 5549 1508 5620 conjngali
1561 5549 1740 5604 ollicie
1797 5549 2140 5614 servientes,
2179 5551 2250 5602 ita
2311 5559 2362 5602 et

861 5759 875 5788 ¹
914 5757 1336 5813 Casanatensis.
1406 5755 1790 5808 Rerordatione
1853 5755 2194 5807 dissimulare
2258 5770 2357 5804 nou

784 5846 951 5899 posse.
979 5829 1254 5893 Jeremins,
1279 5840 1405 5881 οπο..
1438 5831 1596 5894 paulo
1631 5829 1768 5880 inira
1797 5826 2085 5894 Babylonio
2119 5836 2358 5877 vastante

785 5903 1014 5956 habetur
1057 5902 1105 5951 in
1141 5916 1268 5952 mss.
1311 5900 1513 5965 absque
1547 5913 1681 5964 rege.

2471 4721 2636 4790 291
2700 4723 2816 4790 ipsa
2863 4719 3195 4788 episcopalis
3242 4720 3438 4774 electio
3470 4735 3683 4774 mecum
3727 4720 3879 4774 facit.
3937 4722 4058 4777 Non

2466 4818 2612 4868 enim
2643 4815 2774 4869 dicit
2823 4828 2838 4866 :
2880 4813 3126 4884 Eligatur
3172 4814 3484 4883 episcopus,
3534 4813 3628 4883 qui
3671 4831 3836 4869 unam
3889 4817 4060 4871 durat

2466 4924 2711 4966 uxorein.
2744 4917 2799 4960 et
2834 4905 2974 4960 lilios
3001 4905 3202 4967 faciat;
3246 4906 3340 4960 sed
3371 4908 3465 4976 qui
3513 4922 3675 4960 unam
3718 4907 3885 4961 ducat
3917 4925 4058 4964 uxo-

2467 5017 2602 5062 rem,
2627 5011 2679 5053 et
2707 5001 2843 5054 filios
2871 5001 2922 5052 in
2948 4999 3095 5053 omni
3123 5000 3373 5053 subditos
3395 4998 3686 5069 disciplina
3715 4998 3766 5067 (1
3796 4997 3938 5054 Tim.
3975 5018 4056 5060 Ill,

2464 5096 2608 5158 2,4;
2643 5093 2747 5146 Tit.
2801 5108 2840 5159 ι,
2873 5093 2949 5159 6).
2995 5093 3158 5147 Certe
3208 5092 3496 5146 conliteris
3554 5105 3663 5145 non
3715 5107 3881 5161 posse
3933 5110 4060 5148 esse

2467 5190 2814 5257 episcopum,
2847 5188 2939 5256 qui
2975 5187 3026 5239 in
3060 5187 3380 5256 episcopatu
3415 5186 3555 5239 lilios
3585 5184 3774 5238 faciat.
3808 5187 4055 5256 Alioqui.

2465 5283 2507 5335 si
2541 5283 2918 5348 deprehensus
2945 5281 3132 5341 fuerit,
3175 5297 3282 5335 non
3315 5282 3468 5352 quasi
3513 5283 3594 5335 vir
3626 5283 3931 5345 tenebitur.
3964 5289 4057 5338 sed

2465 5377 2613 5443 quasi
2643 5376 2856 5428 adulter
2888 5374 3268 5428 damnabitur.
3301 5378 3408 5429 Ant
3454 5375 3708 5444 permitte
3742 5379 4054 5430 sacerdoti-

2467 5466 2568 5519 bus
2600 5484 2853 5519 excrcere
2882 5482 3046 5535 opera
3087 5467 3425 5535 nuptiarum,
3463 5477 3520 5519 ut
3571 5467 3714 5519 idem
3771 5467 3885 5520 sint
3939 5470 4057 5520 vir-

2466 5561 2619 5627 gines
2658 5559 2802 5626 quod
2855 5558 3033 5611 mariti
3070 5576 3083 5609 :
3119 5567 3209 5610 aut
3243 5558 3288 5611 si
3338 5558 3717 5611 sacerdotibus
3757 5574 3868 5611 non
3919 5560 4050 5613 licet

2539 5760 2555 5788 ’
2588 5759 2728 5810 ldctn
2767 5757 3175 5818 Casanatcnsis,
3208 5755 3282 5808 Ab
3309 5759 3498 5820 .Alposto
3526 5773 3553 5807 ο
3592 5774 3691 5808 non
3723 5759 4059 5827 confundun-

2469 5838 2554 5880 tur
2581 5845 2676 5895 pro
2702 5832 3116 5879 reiistituuntnr.

2539 5902 2555 5928 ³
2589 5900 2682 5951 .\l.~'.
2817 5905 3024 5962 (ruins,
3056 5899 3132 5949 Ad
3163 5902 3422 5953 unus'utos
3471 5899 3692 5952 dicitur.
