4218 6452
171 425 270 485 Ξ89

1173 417 1571 487 ADVERSUS
1615 415 2104 478 JOV'INIANUM
2159 417 2301 476 LIB.
2344 420 2394 476 Ι.

3341 413 3453 479 270

169 554 370 591 uxores
405 551 654 608 tangere,
693 538 744 591 in
781 553 846 592 eo
876 536 1050 592 sancti
1089 545 1242 596 sunt.
1286 536 1412 604 quia
1462 534 1750 586 imitantur
1781 532 1823 588 Α
1851 535 2105 604 juss'oui.
2165 534 2431 603 Quodque
2479 533 2565 586 his
2628 533 2784 601 pejus
2833 543 2940 595 est,
2990 533 3096 588 illis
3144 532 3447 587 clericatus

169 632 488 700 pudicitiam
519 630 867 701 virginalem.
901 630 1004 683 Sed
1042 639 1096 683 et
1147 630 1247 682 hoc
1282 627 1656 682 inferendum.
1698 625 1751 678 Si

165 726 334 778 laicus
365 736 420 778 et
453 726 773 794 quicunque
831 724 1005 778 fidelis
1057 737 1214 775 orare
1252 738 1359 774 non
1400 730 1600 790 potest.
1652 719 1755 772 nisi

163 828 352 871 careat
385 817 570 873 ofﬁcio
611 819 908 888 coniugali,
940 817 1232 882 sacerdoti,
1279 817 1364 872 cui
1396 829 1611 882 svmper
1659 828 1756 881 pro

161 912 366 981 populo
391 911 677 966 offerenda
727 921 855 964 sunt
884 909 1179 969 sacrificia.
1220 925 1440 977 semper
1484 907 1754 961 orandum

159 1010 261 1053 cst.
297 998 355 1053 Si
408 1015 635 1070 semper
666 999 936 1054 orandum
976 1007 1080 1062 est,
1132 1014 1262 1069 ergo
1305 1012 1526 1065 semper
1561 1011 1757 1050 careat-

156 1096 284 1148 dum
321 1095 706 1167 matrimqnio.
751 1092 884 1146 Nam
932 1102 987 1147 et
1041 1093 1092 1146 in
1140 1091 1312 1147 veteri
1346 1092 1462 1162 lege
1508 1090 1602 1159 qui
1655 1106 1755 1160 pro

156 1188 362 1258 populo
384 1189 616 1256 .hostias
649 1188 979 1250 oﬂ‘erebant,
1023 1203 1132 1242 non
1171 1187 1346 1243 ευιιιηι
1399 1185 1452 1238 in
1497 1185 1754 1239 domibus

155 1284 272 1336 suis
304 1298 420 1337 non
454 1295 636 1348 erant,
666 1285 762 1338 sed
812 1283 1251 1353 purificabantur
1309 1282 1379 1336 ad
1431 1291 1646 1351 tempus
1686 1280 1755 1335 ab

157 1376 424 1430 uxoribus
475 1376 744 1445 separati,
770 1384 824 1429 et
858 1376 1045 1428 vinum
1081 1384 1135 1428 et
1178 1375 1412 1429 siceram
1455 1391 1560 1430 non
1601 1373 1754 1427 bibe-

156 1470 313 1528 bant.
357 1488 484 1542 qua
541 1472 718 1526 solent
766 1470 1048 1525 libidinem
1106 1487 1426 1541 provocare.
1468 1473 1758 1543 Eliguntttt‘

156 1565 340 1618 mariti
400 1568 453 1618 in
486 1566 877 1626 sacerdotium,
934 1582 1043 1619 non
1088 1581 1260 1635 nego;
1301 1567 1424 1634 quia
1466 1579 1576 1618 non
1627 1572 1757 1617 sunt

153 1658 290 1710 tanti
327 1660 602 1727 virgines,
640 1662 826 1730 quanti
885 1661 1184 1716 necessarii
1236 1668 1368 1713 sunt
1420 1657 1752 1711 sacerdotes.

151 1747 420 1817 Nunquid
475 1751 603 1821 quia
637 1752 689 1806 in
742 1753 988 1807 exercitu
1027 1751 1358 1805 fortissimus
1392 1747 1626 1817 quisque
1653 1744 1757 1798 eli-

150 1848 376 1915 gendus
412 1859 523 1912 est,
549 1848 757 1903 idcirco
789 1863 898 1902 non
926 1854 1280 1902 assumentur
1311 1853 1366 1897 et
1396 1841 1751 1903 infirmiores,

150 1957 276 1994 cum
323 1958 530 1996 omnes
571 1943 739 1997 fortes
779 1957 905 1996 esse
949 1957 1056 1995 non
1090 1938 1341 2010 possint?
1395 1935 1451 1990 Si
1478 1934 1752 1989 exercitus

151 2035 366 2088 viribus
425 2045 643 2088 tantum
687 2042 994 2096 constaret,
1054 2043 1110 2085 et
1155 2045 1264 2084 non
1310 2028 1472 2082 etiam
1521 2039 1752 2080 numero

151 2127 418 2190 militum,
469 2125 851 2194 abjicercntur
888 2122 1302 2178 imbecilliores.
1356 2118 1513 2173 Nunc
1558 2129 1609 2173 et
1667 2133 1753 2172 sc-

150 2221 467 2274 cundarum
523 2228 580 2274 et
626 2219 912 2273 tertiarurn
945 2217 1142 2270 virium
1183 2214 1386 2286 gradus
1423 2212 1747 2277 assumitur,

151 2325 207 2368 nt
251 2315 419 2368 turba
454 2325 512 2368 et
551 2328 784 2368 numero
806 2311 1086 2367 exercitus
1113 2308 1479 2377 compleatur.
1505 2306 1570 2360 Et
1616 2323 1752 2376 quo-

152 2409 340 2469 modo,
376 2409 624 2478 inquies,
651 2407 971 2476 frequenter
1015 2405 1068 2459 in
1107 2403 1462 2459 ordinatione
1490 2400 1751 2456 sacerdo-

149 2499 245 2553 tali
282 2503 447 2569 virgo
501 2500 820 2570 negligitur,
851 2509 905 2554 et
940 2498 1172 2553 maritus
1218 2495 1562 2551 assumitur?
1611 2493 1748 2560 Quia

148 2590 291 2645 forte
324 2602 532 2646 extera
568 2607 736 2662 opera
765 2607 879 2646 non
913 2591 1080 2647 habet
1111 2588 1406 2662 virginitati
1441 2602 1750 2658 congruen-

150 2688 245 2749 tia,
279 2697 382 2741 aut
421 2687 577 2759 virgo
611 2695 867 2757 putatur,
893 2693 947 2740 et
982 2700 1091 2740 non
1136 2691 1221 2739 est
1254 2700 1272 2740 :
1307 2690 1402 2737 aut
1451 2689 1535 2736 est
1580 2679 1744 2750 virgi-

149 2780 342 2834 nitatis
382 2780 608 2833 infamis
632 2781 672 2842 ί.
701 2789 798 2833 aut
830 2787 980 2833 certe
1015 2778 1132 2847 ipsa
1180 2775 1471 2848 virginitas
1504 2774 1554 2829 ei
1603 2772 1743 2842 parit

149 2873 502 2943 superbiam,
535 2881 590 2927 et
621 2873 750 2927 dum
786 2871 891 2926 sibi
918 2870 1196 2942 applaudit
1232 2869 1303 2924 de
1347 2868 1461 2924 sola
1493 2869 1744 2937 corporis

148 2959 446 3031 castitate,
468 2966 707 3020 virtutes
740 2974 969 3020 caeteras
999 2961 1243 3034 negligit.
1279 2961 1399 3017 Non
1431 2961 1576 3016 fovet
1613 2976 1746 3030 pau-

147 3075 311 3128 peres
352 3076 368 3111 ε
428 3059 680 3129 pecunia:
718 3057 975 3126 cupidior
1005 3065 1108 3111 est.
1145 3054 1341 3110 Evenit
1374 3053 1647 3108 interdum
1686 3061 1744 3106 ut

148 3152 373 3206 tristior
432 3150 642 3213 vultus,
697 3150 994 3204 adductum
1054 3146 1439 3216 supercilium,
1493 3146 1741 3200 incessus

1862 626 2068 680 donant
2126 628 2373 697 gradum,
2421 640 2650 695 quorum
2690 633 2819 678 sunt
2871 625 3151 696 obsequiis
3205 625 3443 681 deliniti.

1861 721 2077 790 Alioqui
2111 722 2176 786 si,
2236 723 2387 788 juxta
2443 721 2765 774 sententiam
2800 721 3069 789 Apostoli,
3120 736 3226 773 non
3281 731 3445 773 erunt

1859 816 2099 883 episcopi
2177 817 2280 869 nisi
2347 816 2546 876 mariti,
2617 818 2730 884 ipse
2808 815 3102 884 Apostolus
3154 817 3444 886 episc0pus

1859 922 1980 961 esse
2017 924 2123 960 non
2175 909 2387 970 debuit,
2423 910 2513 979 qui
2546 908 2684 964 dixit
2715 925 2728 960 :
2772 907 2897 962 Volo
2944 920 3118 962 autem
3151 925 3327 962 omnes
3368 910 3443 962 sic

1859 1017 1993 1066 esse,
2029 1003 2164 1055 sicut
2197 1018 2288 1071 ego
2318 1021 2434 1056 sum
2467 1003 2514 1074 (Ι
2555 1001 2678 1058 Cor.
2709 1020 2804 1064 vn,
2861 1004 2935 1068 7).
2985 1003 3051 1056 Et
3080 1000 3322 1056 Joannes
3355 1004 3442 1054 in-

1859 1093 2055 1164 dignus
2082 1096 2181 1147 hoc
2203 1094 2376 1165 gradu
2424 1097 2849 1157 existimabitur.
2881 1103 2936 1150 et
2961 1109 3154 1148 omnes
3181 1093 3440 1159 virgines,

1858 1195 1912 1240 et
1944 1189 2315 1248 continentes.
2363 1189 2569 1256 quibus
2611 1191 2760 1259 quasi
2794 1188 3178 1258 pulcherrimis
3213 1185 3441 1257 gemmis

1861 1280 2116 1334 Ecclesim
2140 1281 2343 1334 monile
2372 1281 2684 1335 decoratur.
2718 1283 3023 1351 Episcopus
3054 1291 3106 1334 ct
3158 1279 3443 1348 presbyter

1860 1383 1914 1426 et
1939 1373 2202 1428 diaconus
2244 1387 2352 1427 non
2386 1385 2513 1429 sunt
2544 1373 2861 1427 meritorum
2897 1375 3148 1437 nomina,
3183 1373 3278 1428 sed
3321 1371 3442 1427 olli-

1859 1464 2092 1519 ciorutn.
2121 1465 2229 1518 Nec
2253 1467 2493 1519 dicitur:
2523 1465 2581 1519 Si
2612 1467 2729 1535 quis
2763 1466 3122 1532 episcopatum
3149 1467 3438 1524 desiderat,

1860 1555 2050 1608 bonum
2080 1557 2342 1608 desiderat
2381 1559 2604 1626 gradum
2640 1557 2686 1623 (I
2726 1557 2858 1610 Tim.
2891 1571 2970 1618 In,
3003 1557 3080 1624 l);
3119 1556 3210 1608 sed
3245 1555 3441 1607 bonum

1860 1664 1991 1717 opus
2027 1647 2315 1713 desiderat,
2353 1649 2496 1718 quod
2534 1650 2586 1701 in
2621 1651 2813 1719 majori
2859 1647 3052 1702 ordine
3106 1647 3442 1700 constitutus

1861 1741 2054 1806 possit,
2089 1743 2133 1796 si
2168 1743 2317 1807 velit,
2353 1743 2701 1795 occasionem
2751 1740 3184 1796 exercendarum
3237 1739 3440 1794 habere

1863 1831 2145 1887 virtutum.

1789 1895 1831 1955 Β
1927 1925 2018 1979 55.
2055 1924 2254 1994 Regula
2291 1926 2616 1980 sobrietatis.
2665 1925 2847 1979 Virtus
2882 1932 3080 1996 gradus
3108 1926 3430 1980 ecclesiasti-

1855 2035 1941 2071 cos
1977 2018 2156 2072 beatos
2189 2021 2362 2086 eﬁicit.
2411 2048 2479 2058 -—
2532 2020 2747 2089 Oportet
2795 2038 2916 2089 ergo
2947 2024 3247 2090 episcopum
3302 2020 3442 2073 irre-

1856 2113 2262 2180 preltensibilem
2304 2131 2437 2179 esse,
2483 2124 2541 2168 ut
2589 2114 2719 2168 nulli
2776 2115 2906 2169 vitio
2935 2116 3282 2185 mancipatus
3330 2115 3436 2180 sit;

1856 2207 2014 2260 unius
2066 2207 2249 2260 uxoris
2285 2209 2483 2269 virum,
2521 2210 2614 2278 qui
2667 2225 2828 2262 unam
2884 2225 3110 2263 uxorem
3159 2209 3436 2276 habuerit,

1855 2312 1960 2349 non
2029 2298 2264 2366 habeat;
2309 2298 2567 2366 sobrium,
2617 2299 2750 2366 sive,
2802 2309 2861 2356 ut
2908 2302 3105 2357 melius
3151 2302 3207 2356 in
3248 2300 3439 2356 Grmco

1852 2392 2070 2457 dicitur,
2105 2394 2430 2462 vigilantem,
2461 2395 2510 2448 id
2536 2404 2640 2459 est,
2675 2397 2946 2465 νηφάλεον
2975 2395 3082 2468 [ΑΙ.
3119 2397 3436 2468 νηφάλιον];

1850 2486 2122 2551 pudicum,
2160 2487 2263 2541 hoc
2289 2489 2437 2543 enim
2463 2489 2733 2557 significat
2754 2490 2968 2558 σῶφρον
2989 2489 3101 2561 [ΑΙ.
3130 2490 3434 2562 σώφρονα];

1851 2587 2127 2640 ornatum,
2158 2587 2216 2633 et
2263 2579 2514 2635 castitate
2567 2590 2623 2635 et
2666 2581 2948 2648 moribus;
2991 2585 3329 2651 hospitalem,
3375 2594 3436 2639 ut

1851 2670 2093 2724 imitetur
2123 2671 2422 2736 Abraham,
2445 2681 2644 2728 etcum
2675 2675 3005 2746 peregrinis,
3042 2676 3152 2729 imo
3180 2678 3230 2729 in
3272 2692 3430 2745 pcre-

1850 2761 2045 2829 grinis,
2075 2760 2359 2817 Christum
2406 2765 2712 2834 suscipiat;
2778 2767 3068 2829 doctorem,
3107 2767 3242 2820 nihil
3283 2767 3429 2821 enim

1848 2852 2072 2922 prodest
2106 2854 2446 2908 conscientia
2478 2855 2740 2909 virtutum
2773 2855 2902 2920 frui,
2941 2857 3046 2911 nisi
3074 2867 3127 2912 et
3153 2857 3426 2913 creditum

1846 2944 1948 2998 sibi
1994 2945 2252 3015 populum
2285 2947 2458 3016 possit
2492 2947 2788 3010 instruere,
2825 2958 2884 3002 ut
2918 2950 3096 3008 valeat
3144 2952 3426 3005 exhortari

1846 3037 1900 3091 in
1935 3039 2211 3102 doctrina,
2264 3049 2319 3092 et
2352 3055 2448 3095 eos
2489 3042 2581 3110 qui
2623 3044 3012 3098 contradicunt
3057 3044 3428 3115 redarguere;

1846 3145 1950 3184 non
1985 3130 2327 3197 vinolentum,
2357 3135 2482 3203 quia
2507 3134 2599 3204 qui
2633 3151 2854 3206 semper
2881 3136 2936 3194 in
2964 3137 3180 3193 Sanctis
3211 3147 3431 3192 sancto-

148 3256 483 3311 meamm
524 3239 753 3294 fercujis
778 3242 797 3272 ι
827 3238 1044 3302 similis,
1075 3238 1327 3292 omnum
1367 3237 1658 3307 populum,
1687 3245 1750 3291 ει
1789 3310 1792 3311 ν
1843 3236 1966 3275 rum
1994 3231 2077 3277 est
2093 3223 2131 3286 ⁸,
2160 3232 2214 3278 et
2277 3224 2438 3280 ofl‘ert
2464 3226 2692 3292 hostias,
2721 3228 2908 3282 vinum
2947 3240 3001 3286 et
3041 3232 3273 3286 siceram
3321 3247 3427 3286 non

148 3310 272 3401 quia
299 3333 444 3386 nihil
472 3331 641 3385 habet
671 3328 816 3399 quod
846 3328 1290 3397 reprehendatin
1323 3329 1458 3392 vita,
1491 3329 1736 3382 habitum
1767 3310 1811 3368 ε
1844 3316 2013 3379 bibet.
2042 3317 2169 3388 quia
2222 3318 2385 3397 293
2438 3321 2490 3375 in
2541 3323 2669 3377 vino
2728 3323 2944 3379 luxuria
2998 3335 3102 3381 est.
3140 3326 3230 3381 Sic
3279 3327 3429 3380 hihat

151 3424 328 3479 solum
389 3423 572 3478 oderit
621 3433 678 3477 et
730 3423 1028 3487 incessum.
1093 3420 1243 3477 Multi
1302 3422 1577 3492 eliguntur
1631 3437 1740 3476 non

148 3528 336 3566 arnore
373 3512 490 3572 sui,
524 3511 618 3566 sed
649 3512 882 3566 alterius
928 3509 1080 3566 odio.
1117 3510 1175 3565 In
1209 3510 1488 3581 plerisque
1539 3511 1740 3565 suffra-

150 3605 294 3671 gium
343 3612 590 3658 meretur
644 3601 758 3656 sola
810 3601 1154 3670 simplicitas,
1206 3610 1262 3655 et
1312 3599 1476 3673 292
1513 3599 1741 3656 alterius

148 3698 463 3766 prudentia:
491 3705 549 3750 et
588 3695 872 3750 calliditati
903 3695 1060 3765 quasi
1095 3694 1316 3749 malitia)
1361 3705 1738 3765 Opponuntur.

149 3791 560 3859 Nonnunquam
589 3799 736 3844 errat
780 3787 949 3858 plebis
981 3787 1241 3858 vulgique
1267 3788 1557 3859 judicium,
1604 3790 1737 3844 etin

148 3881 536 3936 sacerdotibus
571 3880 1017 3950 comprobandis,
1042 3880 1436 3950 {unusquisque
1473 3882 1589 3936 suis
1623 3897 1740 3937 meo

148 3975 296 4028 ribus
319 3974 493 4036 favet,
538 3982 597 4026 ut
629 3987 741 4028 non
779 3983 884 4026 tam
945 3975 1149 4030 bonum
1183 3989 1346 4043 quam
1383 3975 1468 4028 sui
1503 3975 1735 4029 similem

148 4076 359 4135 quaerat
442 4065 811 4134 propositum.
851 4065 1045 4120 Evenit
1093 4065 1383 4133 aliquoties
1425 4077 1482 4118 ut
1529 4067 1734 4129 mariti,

149 4176 268 4227 qua:
301 4173 436 4227 pars
464 4158 640 4222 major
675 4158 728 4210 in
782 4157 984 4225 populo
1031 4166 1137 4221 est,
1178 4157 1392 4212 maritis
1428 4159 1585 4228 quasi
1633 4161 1737 4216 sibi

151 4252 588 4320 applaudant,‘et
634 4250 687 4302 in
735 4264 800 4304 eo
837 4265 898 4304 se
942 4249 1288 4304 arbitrentur
1334 4253 1579 4308 minores
1629 4271 1736 4310 non

148 4359 266 4399 esse
312 4341 640 4410 virginibus,
705 4344 747 4396 si
806 4341 1067 4396 maritum
1144 4342 1348 4415 virgini
1417 4346 1733 4415 przeferant.

153 4434 338 4486 Dicam
368 4432 578 4498 aliquid
613 4430 754 4500 quod
791 4431 1017 4486 forsitan
1043 4447 1168 4486 cum
1209 4433 1505 4488 multorum
1530 4434 1735 4491 offensa

149 4529 400 4580 dicturus
431 4539 588 4590 sum;
629 4524 721 4578 sed
755 4523 883 4578 boni
922 4524 1058 4577 mihi
1094 4539 1201 4578 non
1235 4524 1569 4585 irascentur.
1609 4529 1731 4597 quia

150 4633 243 4672 eos
271 4617 491 4688 peccati
528 4616 863 4670 conscientia
893 4632 1002 4672 non
1042 4619 1401 4672 remordebit.
1445 4619 1724 4674 Interdum
1759 4651 1810 4710 ι)

152 4713 250 4765 hoc
286 4721 341 4764 et
376 4707 698 4778 pontiﬁcum
735 4707 866 4760 vitio
915 4708 1141 4773 accidit,
1173 4709 1266 4778 qui
1305 4725 1417 4763 non
1452 4712 1729 4776 meliores,

150 4805 239 4857 sed
276 4803 584 4873 argutiores
613 4801 666 4853 in
698 4801 903 4854 clerum
938 4802 1179 4871 allegunt
1221 4801 1336 4874 [ΑΙ.
1384 4802 1641 4875 eligunt],
1679 4814 1732 4859 et

151 4897 522 4965 simpliciores
558 4909 803 4962 quosque
854 4902 1019 4961 atque
1072 4894 1403 4950 innocentes
1457 4898 1734 4954 inhabiles

149 4999 363 5059 putant,
416 4987 499 5040 vel
553 4985 808 5039 affinibus
863 4994 917 5038 et
967 4986 1214 5053 cognatis
1273 4988 1430 5054 quasi
1500 4997 1732 5044 terrenae

148 5084 356 5134 militia!
414 5078 591 5132 officia
637 5077 966 5147 largiuntur,
1009 5078 1122 5132 sive
1168 5078 1406 5134 divitum
1466 5081 1732 5138 obediunt

221 5269 234 5294 ²
266 5266 372 5318 Aut
405 5273 478 5315 est
513 5260 832 5328 virginitatis
878 5260 1115 5328 infamis.
1141 5258 1548 5331 Virginitatem
1587 5264 1732 5319 infa-

148 5352 290 5391 mem
331 5349 532 5386 vocare
566 5334 775 5384 videtur
803 5347 948 5393 eam,
985 5345 1102 5399 quae
1137 5330 1338 5396 injuria
1384 5348 1445 5385 ac
1490 5336 1730 5390 violenta

152 5422 312 5458 manu
348 5406 635 5456 hominum
670 5402 900 5454 efﬁcitur
933 5405 983 5455 in
1036 5403 1120 5464 iis,
1171 5403 1260 5469 qui
1302 5404 1370 5455 ab
1411 5403 1730 5459 hominibus

152 5479 280 5530 facti
315 5484 451 5528 sunt
493 5473 752 5533 eunuchi,
787 5473 866 5525 vel
901 5475 990 5540 qui
1055 5473 1127 5525 ita
1166 5473 1278 5525 nati
1325 5482 1447 5526 sunt
1480 5491 1542 5528 ex
1578 5487 1730 5530 utaro

153 5549 363 5600 matris.
403 5544 530 5597 Ηιῐξϐ
560 5544 835 5612 virginitas
864 5543 1084 5596 infamis
1118 5551 1222 5603 est,
1259 5543 1599 5614 itupeditque
1637 5562 1728 5598 or-

155 5619 294 5669 ninis
318 5617 662 5685 dignitatem,
703 5625 758 5666 ct
798 5614 1122 5667 electionem
1180 5615 1232 5666 in
1283 5615 1515 5667 clerum.
1571 5617 1726 5669 MAR-

156 5703 296 5739 ΤΙΑἸ.

225 5762 244 5790 ³
275 5757 524 5809 lacessas
557 5772 868 5823 pomparum
906 5755 1140 5822 ferculis.
1176 5753 1352 5822 Supra
1391 5755 1442 5809 in
1490 5758 1725 5825 cpistola

158 5832 216 5880 ad
273 5830 536 5880 ltunnum
590 5834 691 5879 col.
725 5830 802 5882 .5:
866 5847 882 5877 ι
917 5827 1145 5894 Fulgeat
1194 5827 1425 5893 quilibet
1475 5844 1631 5888 auro,
1676 5839 1732 5884 ct

159 5899 474 5962 t-nznpaticis
522 5899 741 5952 ferculis
801 5908 1070 5961 coruscet,
1123 5905 1179 5948 et
1225 5898 1459 5952 sarcinis
1511 5903 1728 5954 metalla

1846 3411 2156 3480 episcopus.
2191 3423 2250 3468 ut
2282 3431 2349 3468 an
2391 3416 2592 3471 biberit
2644 3419 2949 3488 ignoretur.
2988 3419 3104 3475 Non
3135 3437 3427 3487 percusso-

1848 3519 1978 3568 rem,
2007 3503 2059 3557 id
2090 3515 2196 3570 est,
2230 3508 2319 3576 qui
2346 3509 2720 3565 conscientias
2754 3528 2860 3565 non
2917 3515 3187 3582 percutiat
3231 3517 3424 3581 singu-

1847 3597 2024 3652 lorum
2094 3617 2107 3656 :
2170 3617 2350 3671 neque
2399 3604 2546 3658 enim
2618 3606 2855 3675 pugilem
2922 3609 3185 3662 describit
3243 3626 3427 3664 serum

1842 3693 2198 3760 apostolicus,
2221 3697 2313 3751 sed
2341 3699 2656 3767 pontificem
2678 3701 3079 3771 instituit,quid
3111 3705 3284 3756 facere
3317 3719 3423 3756 non

1843 3784 2062 3840 debeat.
2116 3786 2282 3843 Docet
2329 3805 2473 3844 nunc
2534 3806 2565 3845 e
2615 3792 2837 3863 regione
2885 3794 3012 3862 quid
3057 3793 3219 3849 faciat
3265 3813 3276 3847 :
3324 3794 3426 3849 Sed

1844 3881 2161 3942 modestum,
2210 3899 2313 3936 non
2355 3884 2673 3953 litigiosum,
2726 3903 2831 3939 non
2885 3888 3156 3952 cupidum.
3209 3889 3423 3940 domum

1843 3987 2000 4024 suam
2041 3971 2165 4026 bene
2229 3985 2506 4041 regentem,
2542 3977 2684 4044 ﬁlios
2718 3979 2994 4030 habentem
3029 3979 3266 4033 subditos
3303 3997 3422 4032 cum

1842 4065 1986 4116 omni
2031 4066 2282 4117 castitate
2326 4066 2493 4136 (Ibid.
2542 4069 2685 4139 2-4).
2734 4069 2867 4125 Vide
2900 4083 3106 4140 quanta
3157 4074 3420 4142 pudicitia

1840 4157 2088 4228 exigatur
2148 4161 2199 4211 in
2230 4159 2510 4230 episcopo,
2544 4171 2601 4216 ut
2642 4163 2686 4215 si
2733 4163 2822 4216 filii
2853 4165 3256 4234 ejusiznpudici
3307 4166 3422 4219 fuc-

1842 4249 1973 4313 rint,
2021 4250 2135 4319 ipse
2180 4253 2473 4322 episc0pus
2520 4271 2643 4310 esse
2698 4274 2805 4311 non
2871 4262 3060 4327 possit,
3119 4273 3172 4316 ct
3226 4269 3418 4324 eodem

1843 4343 1971 4397 vitio
2022 4343 2266 4400 oerndat
2312 4347 2479 4402 Deum
2522 4366 2634 4419 quo
2681 4353 2910 4407 offendit
2979 4353 3096 4411 lleli
3143 4365 3414 4426 pontifex.

1840 4437 1930 4504 qui
1972 4439 2320 4508 corripuerat
2349 4443 2570 4510 quidem
2603 4445 2765 4510 filios,
2815 4447 2908 4501 sed
2939 4448 3063 4517 quia
3113 4468 3220 4508 non
3264 4457 3416 4527 abic-

1841 4539 1992 4583 cerat
2023 4530 2427 4601 delinquentes,
2461 4547 2760 4591 retrorsum
2815 4540 3031 4606 cecidit,
3063 4553 3116 4597 et
3165 4558 3416 4606 mortuus

1842 4631 1948 4684 est,
1993 4637 2284 4692 antequam
2317 4626 2540 4682 lucerna
2574 4627 2666 4682 Dei
2715 4632 3161 4702 exstingueretur
3191 4639 3246 4706 (I
3286 4643 3414 4716 Reg.

1842 4729 1877 4766 ll
1916 4724 1971 4768 et
1996 4714 2095 4782 tv).
2128 4715 2377 4770 llulieres
2400 4719 2650 4773 similiter
2670 4722 2898 4792 pudicas
2932 4726 2979 4793 (Ι
3021 4726 3157 4783 Tim.
3191 4748 3271 4796 ιιι.
3305 4714 3414 4806 Π).

1839 4817 1893 4860 et
1921 4806 2152 4877 reliqua.
2187 4808 2244 4862 In
2279 4811 2425 4863 omni
2463 4813 2630 4881 gradu
2690 4823 2745 4868 et
2791 4831 2924 4871 sexu
2956 4820 3212 4891 tenct'pu
3261 4826 3412 4882 icitia

1839 4899 2234 4969 principatum.
2265 4902 2459 4958 Cernis
2521 4903 2686 4974 igitur
2715 4911 2859 4978 quod
2891 4913 3203 4985 cpiscopus,
3262 4938 3416 4986 tres-

1837 4990 2011 5058 byter,
2043 4993 2387 5048 etdiaconus
2428 5011 2536 5049 non
2566 4996 2688 5053 ideo
2722 5001 2833 5056 sint
2882 5005 3044 5072 beati,
3121 5012 3249 5078 quia
3298 5017 3414 5084 epi-

1838 5085 2020 5153 scopi,
2082 5085 2166 5140 vel
2221 5090 2525 5160 presbyteri
2593 5093 2723 5158 sint,
2784 5107 2880 5149 aut
2946 5099 3184 5170 diaconi,
3226 5108 3316 5162 led
3366 5112 3411 5164 si

1840 5267 2076 5350 radient.
2116 5291 2133 5322 ι
2169 5270 2344 5350 "alios
2388 5274 2457 5326 ibi
2508 5292 2826 5350 pomparum
2879 5281 3102 5342 fercula.
3137 5288 3410 5348 Maurus.

1835 5366 1906 5418 τ-
1937 5341 2145 5418 Cicero,
2190 5359 2204 5394 ι
2245 5344 2412 5410 0/ﬁc.,
2455 5341 2600 5399 c.75b‘
2633 5341 2649 5397 Ξ
2681 5367 2697 5397 ι
2740 5349 3052 5408 Cavendum
3083 5341 3414 5416 έειζιῖεέ

1838 5407 2100 5463 ditatibus
2143 5407 2452 5489 utamvurﬂin
2487 5434 2670 5486 gressu
2708 5407 3414 5489 ntullinribtts,vtit‘similes

1841 5494 2161 5572 pomparum
2199 5483 2423 5572 ferculis
2458 5483 2910 5572 esseuvideaimur.
2952 5514 2968 5544 ι
3003 5483 3169 5551 Erant

1837 5556 2166 5627 gestat‘nina
2198 5556 2447 5627 quaedam
2499 5561 2698 5623 quibus
2745 5561 2969 5615 deorum
3021 5556 3313 5624 simulacra
3346 5556 3409 5627 rin

1837 5621 2050 5708 pompis
2077 5623 2478 5708 deferebantur.
2519 5621 2649 5683 Vide
2679 5631 2729 5680 in
2756 5631 2923 5708 epist.
2955 5637 3007 5700 5,
3039 5640 3107 5690 ad
3135 5621 3409 5708 Rufinum,

1839 5691 1890 5741 in
1912 5690 2052 5766 line.
2080 5704 2141 5766 Aet
2179 5696 2246 5746 ad
2282 5695 2573 5760 Rusticum,
2609 5710 2769 5766 atque
2793 5690 2949 5759 alibi.

1911 5760 1930 5840 ξ
1967 5761 2218 5841 Legimus
2248 5783 2309 5820 cx
2342 5784 2473 5822 mss.
2530 5760 2841 5824 nostrorum
2898 5791 3200 5841 consensu;
3251 5797 3408 5840 antea

1836 5830 2045 5971 enim];
2085 5833 2221 5955 ςιιὶα
2282 5855 2484 5905 semper
2523 5841 2574 5892 in
2607 5842 2819 5895 Sanctis
2868 5830 3414 5925 sanctorun—t'cgiwf‘i

1836 5919 1924 5971 qut
1966 5919 2005 5971 o_
2040 5920 2094 5955 er
2126 5945 2139 5971 ,
2173 5917 2273 5962 etc.

1836 5919 1924 5971 qut
1966 5917 2139 5972 οῃενι,
2173 5917 2273 5962 etc,
