4218 6466
742 395 845 461 ΞΗ

1903 393 1963 455 S.
2009 391 2321 452 lZUSEllll
2372 392 2805 452 lllEitthYMl

3892 396 4003 459 97:7.

743 512 975 563 virtutes
1001 504 1290 561 habuerint
1323 503 1603 558 nominum
1635 517 1858 557 suorum
1889 514 1946 557 et
1980 504 2305 558 ntlitsiornm.
2347 508 2386 559 Λ
2420 504 2719 569 silentium,
2754 506 2906 575 quasi
2938 505 2998 559 tle
3050 505 3170 559 lom
3201 505 3509 561 videbimur
3558 505 3783 568 cedere,
3819 525 3828 552 ι
3856 518 3869 558 ι
3905 512 4003 557 atl—

745 600 959 670 Alioqui
990 599 1035 654 si
1087 598 1357 653 diaconus
1410 596 1654 652 sanctior
1689 596 1948 668 episcopo
1977 612 2076 651 suo
2127 597 2310 659 fut-ret,

745 712 852 749 non
886 708 949 746 ex
981 708 1049 746 eo
1082 692 1225 762 quod
1266 690 1491 746 inferior
1524 689 1692 759 gradu
1719 701 1826 753 est.
1859 691 1998 760 apud
2040 691 2314 743 Christum

742 785 982 840 deterior
1010 786 1135 839 erit.
1170 788 1275 838 Aut
1305 784 1623 850 Stephanus
1654 782 1943 847 diaconus,
1979 784 2068 853 qui
2105 783 2315 851 primus

745 880 1009 949 martyrio
1034 890 1325 932 coronatus
1348 885 1431 930 est
1457 876 1599 946 (Act.
1629 892 1703 938 Vl,
1736 880 1854 943 vtt),
1886 878 2062 929 minor
2099 875 2318 931 futurus

745 982 828 1025 est
864 971 916 1026 itt
959 986 1126 1041 regno
1171 971 1433 1025 coriorum
1480 970 1668 1025 multis
1704 969 1999 1039 episcopis,
2049 978 2102 1022 et.
2135 970 2321 1023 'l'imo-

748 1067 873 1117 tlieo
904 1078 967 1119 ac
990 1062 1134 1128 Tito,‘
1163 1077 1302 1131 quos
1327 1071 1385 1116 ut
1416 1062 1684 1126 subjicere
1732 1074 1839 1115 nan
1869 1060 2066 1125 audeo,
2115 1062 2186 1115 ita
2219 1076 2319 1115 nec

745 1170 1099 1225 anteponere.
1128 1155 1412 1223 Quomodo
1441 1158 1493 1210 in
1523 1155 1827 1227 legionibus
1853 1165 1908 1210 et
1928 1160 2169 1211 exercitu
2192 1165 2321 1209 sunt

745 1249 933 1311 duces,
963 1256 1088 1301 sunt
1132 1244 1358 1311 tribuni,
1386 1253 1514 1299 sunt
1552 1245 1932 1311 centuriones,
1969 1256 2098 1299 sunt
2144 1244 2322 1298 feren-

746 1340 893 1407 terii,
948 1355 1013 1394 ac
1042 1339 1175 1393 levis
1208 1348 1520 1400 artnaturze,
1581 1346 1637 1390 et
1684 1336 1839 1390 utiles
1896 1336 2179 1406 gregtt'itts
2217 1376 2231 1397 ,
2265 1345 2319 1387 et

746 1434 1005 1503 manipuli
1066 1451 1079 1485 :
1132 1431 1533 1497 commissaque
1579 1444 1781 1498 pugna,
1836 1439 2033 1483 vacant
2096 1429 2317 1481 nomina

744 1525 1093 1595 dignitatum,
1122 1533 1179 1578 et
1218 1523 1332 1576 sola
1384 1521 1646 1574 fortitudo
1676 1520 1941 1588 qtttrritttr
1972 1534 1984 1569 :
2019 1521 2089 1572 ita
2133 1520 2185 1571 in
2220 1521 2319 1572 hoc

743 1631 938 1684 oatnpo
961 1626 1015 1669 et
1046 1614 1254 1684 prtelio,
1286 1629 1395 1683 quo
1435 1622 1624 1668 contra
1651 1612 1930 1666 daemones
1970 1611 2318 1673 dimicantes,

742 1723 852 1763 non
879 1718 1202 1777 qua-runtur
1227 1706 1473 1766 nomina,
1510 1703 1605 1757 sed
1659 1716 1863 1769 opera;
1918 1711 1969 1754 et
2022 1701 2313 1770 gloriosior

743 1800 834 1852 ille
862 1800 964 1853 sub
996 1812 1126 1851 vero
1155 1798 1481 1863 imperatore
1508 1790 1755 1855 Christo,
1793 1804 1898 1841 non
1927 1790 2020 1858 qui
2059 1791 2315 1855 nobilior,

746 1894 841 1946 sed
872 1892 962 1960 qni
991 1889 1186 1943 fortior
1211 1896 1320 1941 est;

814 1987 903 2040 56.
939 1984 1180 2039 Motuum
1201 1983 1441 2052 patimur
1468 1981 1636 2035 nostri
1688 1984 1952 2033 ardorem.
1988 1976 2051 2031 In
2086 1992 2323 2031 resurre—

747 2081 1121 2136 ctioneieadem
1144 2077 1450 2132 substantia
1484 2077 1602 2129 erit.
1631 2106 1695 2116 -—
1719 2076 1787 2127 At
1815 2074 1964 2128 dices
1996 2090 2008 2125 :
2043 2074 2100 2127 Si
2133 2086 2349 2159 omnes,

746 2175 991 2240 vitgines
1031 2171 1258 2234 fuerint,
1286 2168 1563 2239 quomodo
1588 2166 1754 2221 stabit
1790 2167 2087 2219 humanum
2111 2165 2327 2233 genus?

748 2267 854 2321 Par
879 2263 1285 2336 pari'referam.
1319 2259 1375 2315 Si
1413 2274 1606 2314 omnes
1662 2258 1842 2313 vidua:
1885 2256 2114 2318 fuerint,
2148 2254 2233 2308 vel
2267 2255 2321 2307 in

749 2358 1103 2413 matrimonio
1157 2354 1522 2417 continentes,
1572 2350 1851 2421 quomodo
1902 2349 2067 2417 stirps
2121 2358 2323 2401 murta-

751 2453 881 2505 lium
908 2447 1336 2520 propagabiiur?
1365 2446 1473 2501 llac
1508 2448 1721 2498 ratione
1756 2442 1895 2497 nihil
1929 2442 2158 2496 omnino
2194 2440 2322 2506 erit,

750 2558 820 2596 ne.
864 2540 1008 2594 aliud
1051 2554 1175 2594 esse
1217 2538 1470 2592 desistat.
1518 2534 1683 2589 Verbi
1731 2534 1903 2603 gratia
1967 2552 1980 2586 :
2044 2533 2085 2584 si
2141 2532 2323 2586 cuncti

748 2631 1061 2704 philosophi
1094 2630 1230 2690 sint,
1281 2628 1534 2697 agricolae
1574 2641 1684 2680 non
1718 2633 1900 2679 erunt.
1950 2622 2089 2689 Quid
2136 2622 2326 2692 loquar

746 2731 814 2781 de
839 2724 1131 2797 agricolis?
1158 2737 1267 2776 non
1295 2727 1564 2781 oratores,
1586 2716 1753 2789 294
1782 2733 1891 2771 non
1915 2716 2324 2786 juriseunsnlti,

748 2836 858 2875 non
913 2818 1249 2888 reliquarum
1299 2815 1502 2869 artium
1536 2822 1929 2882 praeceptores.
1978 2811 2033 2865 Si
2082 2809 2325 2865 universi

750 2909 1049 2979 principes,
1082 2908 1206 2977 quis
1231 2908 1341 2962 erit
1367 2904 1565 2959 miles?
1604 2904 1656 2958 Si
1699 2919 1893 2958 omnes
1934 2914 2122 2969 caput,
2170 2902 2329 2971 cujus

749 3002 1093 3057 vocabuntur
1115 3011 1306 3068 caput,
1338 3014 1459 3052 cum
1494 3006 1688 3051 uetera
1725 2999 1963 3050 membra
2005 2994 2331 3049 defuerint?

752 3095 993 3160 Veteris,
1013 3109 1081 3148 tte
1108 3094 1152 3146 si
1182 3093 1197 3123 ¹
1217 3091 1582 3161 virginitatem
1609 3089 1791 3159 plures
1817 3090 2167 3158 appetierint,
2199 3102 2327 3142 ces-

2422 597 2665 651 versario
2734 596 2961 653 feriendi
3017 598 3361 654 occasionem
3408 599 3558 654 dare.
3647 598 3841 652 Melius
3916 609 4005 652 εει

2422 699 2602 743 tamen
2635 690 2856 755 ClallSlS,
2889 690 3032 761 quod
3101 692 3319 757 dicitur,
3367 694 3541 746 oculis
3589 692 4001 746 Antlabatatum

2421 798 2570 836 more
2604 798 2867 854 pugnare,
2897 799 3062 853 quam
3129 785 3335 840 directa
3378 785 3587 855 spicula
3638 786 3833 857 clypeo
3888 798 3999 838 no:

2425 877 2682 942 repellere
2716 876 2980 931 veritatis.
3028 875 3278 934 Poxerazn
3308 880 3527 950 ιιιυιίειιὶ
3560 880 3745 934 dicere
3782 896 3797 932 :
3836 880 4004 945 Quo-

2423 971 2584 1023 modo
2615 972 2889 1039 posterior
2921 987 3047 1041 pars
3077 974 3327 1044 corporis
3362 985 3415 1029 et
3462 985 3675 1027 meatus
3706 988 3803 1042 per
3839 988 4003 1038 quem

2423 1064 2527 1117 alvi
2570 1075 2810 1120 stercora
2846 1076 3146 1135 cgeruntnr
3180 1065 3454 1137 relegatus
3493 1077 3576 1121 est
3616 1067 3684 1120 ab
3712 1066 3911 1125 oculis,
3955 1076 4010 1118 t-t

2422 1158 2573 1226 quasi
2610 1170 2728 1227 post
2765 1168 2975 1229 tergum
3014 1159 3246 1228 positus.
3286 1160 3355 1214 ita
3394 1172 3446 1214 et
3482 1161 3571 1214 hic
3596 1160 3688 1228 qui
3720 1160 3823 1215 sub
3859 1174 3963 1210 ven
3992 1187 4004 1197 -

2425 1262 2506 1305 tre
2530 1261 2635 1315 est,
2669 1251 2733 1305 ad
2770 1252 3095 1321 digerendus
3132 1254 3152 1284 ⁸
3187 1253 3446 1307 humores
3483 1264 3537 1308 et
3581 1266 3759 1322 potus,
3795 1253 4009 1323 quibus

2425 1361 2577 1400 vena:
2612 1347 2866 1414 corporis
2901 1347 3224 1419 irrigantur,
3258 1362 3286 1400 a
3321 1347 3432 1401 Deo
3469 1347 3724 1402 conditus
3757 1358 3859 1401 est.
3898 1346 4009 1400 Sed

2424 1438 2679 1503 quoniam
2742 1438 2852 1508 ipsa
2912 1455 3114 1510 organa
3171 1450 3227 1493 et
3283 1439 3605 1509 genitalium
3668 1440 3896 1498 fabrica.
3953 1451 4012 1495 et

2425 1536 2610 1580 nostra
2672 1526 3109 1598 feminarumque
3177 1530 3461 1596 tlis‘Crelio,
3527 1539 3581 1585 et
3647 1531 4008 1600 receptacula

2426 1619 2599 1672 vulva:
2639 1620 2705 1673 ad
2737 1621 3114 1691 suscipiendos
3146 1630 3201 1676 et
3236 1622 3532 1679 coalentlos
3586 1622 3728 1679 fetus
3757 1626 4010 1689 Condita,

2426 1729 2594 1768 sexus
2625 1714 2988 1771 ditl'erentiam
3019 1717 3337 1786 pradicant,
3372 1719 3477 1774 hoc
3509 1720 3745 1776 breviter
3776 1737 4015 1792 respon-

2424 1805 2567 1859 debo
2621 1804 2958 1876 :Nttnqttatn
3013 1822 3142 1878 ergo
3196 1823 3480 1865 cessemus
3536 1826 3567 1865 a
3626 1811 3876 1874 litlidiue,
3942 1828 4013 1867 ne

2430 1900 2630 1953 frustra
2665 1898 3047 1968 hujuscemodi
3086 1902 3327 1957 membra
3363 1914 3667 1974 portemus.
3710 1906 3826 1959 Cur
3857 1909 4010 1959 enim

2429 1993 2657 2046 maritus
2684 2008 2741 2046 se
2794 1992 3068 2048 abstineat
3115 1992 3183 2047 ab
3220 1996 3432 2051 uxore?
3484 1996 3644 2068 295
3701 1998 3812 2052 Cur
3859 2010 4013 2052 casta

2428 2082 2588 2136 vidua
2624 2095 2956 2153 perseveret,
2987 2085 3031 2139 εἰ
3075 2088 3141 2140 ad
3177 2086 3281 2142 hoc
3317 2098 3527 2144 tantum
3571 2091 3678 2143 uati
3703 2106 3917 2156 sumus,
3956 2102 4014 2145 ut

2430 2178 2697 2242 pecudum
2738 2193 2889 2232 more
2923 2178 3212 2235 vivamus?
3261 2180 3368 2237 Aut
3396 2182 3524 2251 quid
3578 2184 3711 2238 mihi
3765 2184 4011 2242 nocebit,

2430 2272 2472 2325 si
2500 2287 2622 2326 cum
2681 2286 2851 2327 uxore
2908 2286 3029 2325 mea
3088 2272 3231 2329 alius
3284 2275 3686 2329 concubuerit?
3723 2275 4013 2342 Quomodo

2429 2366 2571 2417 enim
2604 2364 2847 2418 dentium
2890 2362 3126 2418 oilicium
3173 2375 3259 2421 est
3288 2368 3572 2430 mandere,
3605 2377 3660 2422 ct
3715 2368 3769 2421 in
3819 2369 4014 2421 alvum

2430 2473 2492 2510 ea
2525 2474 2645 2523 qua:
2669 2467 2799 2512 sunt
2829 2473 3017 2512 mansa
3052 2458 3446 2521 transmittere.
3478 2470 3534 2513 et
3568 2474 3675 2513 non
3708 2458 3875 2513 habet
3907 2459 4015 2513 cri-

2433 2565 2554 2603 men
2596 2550 2685 2617 qui
2726 2548 2947 2621 conjugi
2991 2565 3125 2604 mea:
3170 2565 3367 2619 panem
3399 2550 3611 2605 dederit
3654 2566 3669 2603 :
3709 2552 3780 2605 ita
3817 2552 3864 2606 si
3914 2567 4012 2619 ge-

2430 2644 2681 2697 nitalium
2739 2645 2841 2699 hoc
2902 2652 2985 2700 est
3033 2644 3293 2709 ndicium,
3353 2654 3411 2699 ut
3473 2661 3692 2715 semper
3750 2644 4015 2699 fruantur

2431 2750 2622 2791 natura
2655 2753 2774 2803 sua,
2816 2754 2991 2793 meam
3059 2739 3440 2795 lassitudinem
3473 2740 3702 2795 alterius
3740 2740 3893 2795 vires
3921 2756 4014 2794 ςιμ

2432 2837 2625 2899 perent
2646 2833 2664 2860 °
2692 2847 2705 2884 :
2734 2839 2787 2884 et
2819 2833 3029 2891 uxoris,
3068 2840 3127 2884 ut
3153 2831 3226 2884 ita
3259 2832 3514 2895 dixerint,
3561 2833 4014 2886 artlcntissimam

2431 2924 2609 2993 gulam
2648 2924 2867 2977 fortuita
2911 2924 3080 2979 libido
3118 2924 3441 2991 restinguat.
3476 2923 3616 2991 Quid
3667 2924 3769 2977 sibi
3822 2934 4015 2979 autent

2433 3015 2546 3069 vult
2578 3017 2895 3085 Apostolus,
2925 3024 2985 3070 ut
3032 3016 3098 3070 ad
3152 3018 3547 3071 continentiam
3586 3018 3931 3080 cobortctur,
3969 3018 4014 3070 si

2433 3115 2623 3159 contra
2661 3119 2911 3161 naturam
2953 3107 3078 3162 est?
3104 3106 3242 3173 Quid
3280 3110 3392 3176 ipse
3424 3107 3688 3161 Dominus
3718 3110 3809 3176 qui
3833 3122 4019 3163 eunu-

752 3200 872 3244 seut
890 3189 1029 3259 lupa:
1059 3190 1099 3250 ',
1121 3186 1633 3247 cessentatlulterte,
1655 3199 1724 3238 ne
1750 3183 1987 3240 infantes
2021 3184 2075 3237 itt
2098 3183 2326 3237 urbibus

2434 3195 2658 3249 chorum
2683 3198 2926 3266 przecipit
2954 3198 3285 3253 varietates?
3310 3198 3469 3252 Certe
3491 3198 3802 3267 Aposmlus,
3829 3199 3923 3267 Qui
3948 3199 4017 3252 ad

749 3284 1004 3353 villisque
1024 3296 1134 3337 non
1172 3278 1421 3345 vagiaut?
1453 3277 1709 3344 Quotidie
1734 3277 2075 3333 mtecbortnn
2105 3277 2327 3346 sanguis

752 3377 1071 3440 eiluntlitur,
1099 3372 1364 3429 adulteria
1392 3373 1740 3435 damnantur,
1765 3380 1816 3426 et
1840 3371 1981 3425 inter
2008 3370 2151 3440 ipsas
2183 3372 2328 3437 leges

756 3481 810 3525 et
853 3485 1075 3526 secures
1125 3483 1188 3522 ac
1222 3466 1507 3521 tribunalia
1537 3464 1773 3535 ﬂagrans
1800 3463 1968 3518 libido
1990 3464 2325 3518 dominatur.

754 3563 873 3616 Noli
920 3569 1163 3615 metuere
1195 3574 1263 3613 ne
1301 3572 1492 3612 omnes
1516 3556 1756 3625 virgines
1784 3555 1908 3609 liam
1931 3574 1944 3619 ;
1969 3556 2207 3609 tltllicilis
2240 3570 2331 3609 res

752 3662 833 3707 cst
874 3652 1176 3725 virginitas,
1205 3661 1259 3704 et
1286 3648 1407 3703 ideo
1436 3662 1576 3713 rara,
1614 3647 1742 3717 quia
1767 3646 1998 3702 diﬂicilis
2024 3664 2038 3699 :
2061 3646 2212 3700 Multi
2238 3664 2330 3700 eo-

753 3748 882 3812 cati,
909 3746 1063 3814 pauci
1090 3745 1240 3798 electi
1262 3743 1480 3812 (.llattlt.
1517 3756 1608 3803 xx,
1640 3740 1705 3794 16
1731 3758 1746 3807 ;
1775 3756 1911 3803 xxn,
1942 3740 2051 3808 Η).
2081 3737 2331 3805 Incipere

755 3839 1116 3910 plurimorum
1152 3846 1258 3901 est,
1308 3849 1667 3906 perseverare
1711 3848 2031 3903 paucorum.
2084 3832 2241 3888 Unde
2279 3842 2334 3887 et

746 3933 958 4002 grande
1018 3929 1297 4000 prmmium
1347 3943 1540 3984 eorum
1602 3928 1692 3997 qui
1746 3930 2238 3997 perseveraverint.
2275 3926 2331 3979 Si

757 4038 949 4078 omnes
979 4021 1217 4090 virgines
1252 4033 1371 4074 esse
1399 4030 1645 4090 possent,
1682 4034 1965 4086 nunquam
2044 4027 2097 4071 et
2144 4018 2330 4070 Domi-

758 4132 864 4172 nus
888 4117 1093 4170 tlicerct
1124 4130 1136 4165 :
1168 4116 1271 4179 Qui
1304 4122 1468 4181 potest
1510 4127 1720 4177 capere,
1744 4112 1921 4180 capiat
1964 4108 2179 4178 (illattlt.
2216 4124 2329 4170 XIX.

760 4211 883 4280 1'2);
918 4216 973 4263 et
1002 4207 1298 4275 Apostolus
1348 4203 1402 4257 itt
1456 4203 1741 4258 suadendo
1781 4217 1884 4255 non
1934 4200 2271 4269 trepitlarct’
2320 4218 2330 4253 :

759 4304 856 4371 (De
890 4301 1173 4370 virginibus
1214 4309 1389 4350 autem
1422 4306 1732 4366 prwccptum
1780 4296 1987 4348 Domini
2039 4310 2139 4346 non
2173 4293 2336 4346 Itabco

761 4391 787 4444 1
826 4390 948 4444 Cur.
990 4405 1083 4450 vn,
1123 4387 1238 4457 25).
1270 4386 1335 4441 Et
1360 4401 1490 4450 cor,
1523 4387 1769 4455 inquies,
1810 4400 1991 4439 creata
2021 4396 2150 4440 sunt
2179 4386 2333 4455 geni-

766 4482 914 4548 talia,
963 4492 1016 4536 ct
1067 4480 1146 4534 sic
1192 4495 1220 4531 a
1269 4480 1563 4534 Conditore
1621 4478 2033 4547 sapientissimo
2086 4478 2333 4533 fabricati

2434 3304 2586 3342 suam
2644 3304 2744 3343 nos
2799 3302 3062 3359 provocat
3102 3292 3440 3361 pudicitiam.
3488 3291 3654 3346 debet
3696 3302 4021 3347 constanter

2433 3380 2644 3435 audire.
2677 3382 2789 3435 Cur
2820 3392 3006 3453 portas
3038 3394 3339 3465 veretrutn,
3371 3399 3404 3438 o
3443 3382 3649 3438 Paule?
3679 3382 3786 3439 Cur
3819 3400 3846 3437 a
3875 3400 4021 3439 sexu

2436 3474 2788 3536 feminarum,
2820 3476 3009 3540 barba,
3042 3477 3187 3547 pilis,
3225 3478 3442 3545 aliaque
3473 3480 3843 3531 membrorum
3872 3493 4020 3546 qua-

2435 3567 2590 3622 litate
2641 3569 3046 3634 distingueris?
3093 3571 3250 3624 Cttr7
3303 3585 3410 3625 tua:
3461 3586 3571 3626 non
3632 3571 4022 3624 intumescunt

2437 3660 2667 3727 papillae,
2700 3676 2804 3714 non
2838 3661 3138 3715 dilatantur
3164 3677 3347 3724 renes,
3382 3677 3488 3715 non
3527 3671 3719 3732 pectus
3744 3663 4021 3717 arctatur?

2437 3748 2549 3802 \‘ox
2607 3750 2908 3802 obsoletior
2954 3759 3061 3813 est,
3098 3765 3279 3805 sermo
3336 3750 3593 3813 feracior,
3642 3760 3696 3804 et
3744 3751 4020 3807 hirsutius

2438 3840 2811 3907 supercilium.
2859 3838 3081 3895 Frustra
3140 3844 3253 3895 haec
3291 3843 3475 3894 omnia
3530 3847 3769 3894 virorum
3820 3843 4017 3905 babes,

2439 3933 2483 3985 si
2548 3934 2834 4001 complexu
2893 3948 2999 3985 non
3064 3933 3234 3985 uteris
3299 3931 3651 3987 feminarum.
3707 3933 4022 4003 Compellur

2436 4024 2639 4092 aliquid
2678 4022 2822 4091 loqui
2870 4032 2924 4077 et
2976 4023 3240 4092 insipiens
3300 4024 3453 4088 fieri;
3506 4026 3602 4079 sed
3661 4040 3757 4079 vos
3803 4041 3916 4087 me.
3963 4040 4023 4081 ut

2438 4117 2583 4183 loqui
2640 4115 2893 4176 audeam,
2955 4116 3235 4185 coegistis.
3292 4116 3553 4169 Dominus
3606 4126 3795 4170 noster
3848 4130 4021 4187 atque

2441 4210 2715 4269 Salvator,
2739 4209 2827 4277 qui
2865 4224 2988 4261 cum
3021 4210 3070 4261 itt
3100 4208 3272 4261 forma
3301 4208 3394 4263 Dei
3423 4219 3587 4271 esset,
3616 4210 3845 4263 fortnam
3871 4214 4018 4265 servi

2440 4303 2693 4368 dignatus
2720 4313 2798 4352 eSt
2833 4313 3137 4366 ειδςιιιιιετρ,
3170 4300 3345 4354 lactus
3371 4300 3633 4353 obediens
3658 4297 3803 4352 Patri
3841 4316 4023 4371 usque

2440 4394 2506 4447 ad
2540 4403 2793 4454 mortem,
2848 4403 3075 4446 mortem
3127 4405 3307 4445 autem
3345 4393 3551 4456 crucis,
3601 4391 3732 4458 quizl
3784 4409 4024 4448 necesse

2440 4495 2579 4549 crat,
2617 4495 2672 4537 ιιι
2710 4488 2759 4535 ἱιι
2798 4484 2882 4536 bis
2915 4483 3172 4538 membris
3201 4494 3548 4549 nasceretur,
3579 4486 3778 4552 quibus
3814 4502 4023 4540 usurus

766 4589 978 4634 sumus,
1011 4581 1069 4626 ut
1100 4582 1348 4624 mutuum
1390 4573 1562 4625 nostri
1613 4572 1892 4637 patiamur
1949 4570 2230 4631 ardorem.
2281 4581 2335 4623 ct
2368 4572 2412 4630 D
2444 4593 2548 4629 min
2576 4575 2735 4629 erat?
2766 4574 2868 4638 Qui
2923 4584 3072 4627 certe
3124 4585 3185 4627 ut
3231 4590 3417 4627 sextum
3479 4576 3795 4630 ostenderet
3852 4580 4021 4631 cria...

764 4668 1063 4737 gestiamus
1115 4664 1169 4717 in
1231 4664 1537 4719 naturalem
1591 4662 1893 4733 copulam?
1953 4664 2335 4718 Perirlitamur

766 4754 1146 4826 responsionis
1183 4754 1531 4819 verecundia,
1568 4765 1623 4809 et
1658 4755 1815 4823 quasi
1850 4756 1994 4809 inter
2035 4756 2171 4808 duos
2218 4772 2337 4809 sco-

764 4852 947 4922 pulos,
969 4860 1023 4904 et
1045 4850 1306 4918 quasdam
1329 4849 1673 4903 necessitatis
1705 4861 1757 4902 et
1788 4850 2063 4918 pUdlClliiB
2086 4849 2337 4917 συμπλη-

765 4945 937 5012 γάδας
961 4943 1004 5007 ⁸,
1062 4942 1190 4996 hinc
1235 4951 1400 5011 atque
1436 4941 1582 5006 inde,
1625 4942 1705 4995 vel
1754 4943 2000 5011 pudoris,
2032 4943 2117 4995 vel
2158 4960 2335 4998 causa:

773 5036 1123 5105 naufragium
1179 5038 1542 5088 sustinemus.
1577 5033 1630 5087 Si
1683 5034 1748 5086 ad
1801 5036 2073 5103 proposita
2113 5050 2340 5101 respon-

770 5130 1015 5191 deamus,
1054 5133 1274 5197 pudore
1305 5127 1693 5182 sullundintnr.
1732 5128 1786 5180 Si
1830 5128 2001 5195 pudor
2035 5128 2339 5196 impetrarit

847 5292 861 5320 ¹
894 5287 1149 5343 Voculam
1184 5290 1225 5341 si
1256 5304 1319 5343 ex
1356 5298 1591 5357 quatuor
1632 5288 1831 5340 nostris
1882 5303 2011 5340 mss.
2059 5299 2114 5341 et
2171 5290 2338 5342 veteri

770 5361 1012 5413 editione
1067 5359 1415 5422 sull‘ecimus;
1473 5359 1631 5426 paulo
1662 5369 1782 5425 post
1836 5357 1995 5410 iidem
2054 5376 2183 5412 mss.
2235 5361 2335 5412 sub

772 5428 1138 5498 interrogandi
1184 5439 1307 5480 nota
1341 5444 1464 5481 num
1496 5444 1560 5481 ea:
1592 5446 1649 5482 ρο
1679 5429 1816 5497 quod
1849 5428 2086 5493 inferior.
2125 5440 2234 5483 etc.

846 5505 864 5531 ¹
915 5501 1038 5553 Mss.
1097 5500 1267 5553 nostri
1318 5510 1371 5552 et
1424 5499 1658 5553 Gravius
1710 5513 1928 5567 queque
1980 5510 2175 5551 cessent
2229 5516 2339 5553 esse

774 5570 931 5631 lapte,
973 5584 1080 5623 etc.

848 5639 868 5666 ³
908 5641 1121 5707 Absque
1147 5638 1372 5709 negandi
1401 5638 1657 5706 particula
1683 5638 1791 5691 fere
1817 5639 2116 5709 Cleganlins
2143 5640 2342 5693 habent

777 5708 1112 5763 Veronensis
1138 5724 1191 5763 ct
1216 5708 1603 5765 Casanatensis
1639 5710 1757 5762 libri
1796 5711 1847 5760 in
1878 5708 2149 5763 sitat/endo
2182 5712 2344 5778 trepi-

775 5783 944 5833 It’rtret.

846 5848 1081 5903 't‘t'ostri
1137 5849 1333 5902 habent
1397 5850 1765 5919 συμπαγῐξκς.
1831 5849 2100 5913 ιιιιβτρτςει
2158 5862 2334 5905 autem

2442 4668 2806 4721 circumcisus
2874 4676 2977 4719 est.
3016 4666 3127 4719 Cur
3159 4664 3423 4719 Joannem
3470 4667 3772 4735 apostolum
3826 4681 3879 4719 et
3920 4668 4023 4721 Ba-

2442 4760 2663 4827 ptistam
2703 4775 2801 4811 sua
2854 4758 3149 4811 dilet-tiune
3194 4759 3474 4822 castravit,
3508 4773 3645 4826 quos
3684 4760 3832 4813 vitos
3868 4766 4023 4815 uasti

2442 4852 2680 4906 fecerat?
2725 4851 2825 4917 Qui
2880 4866 3010 4919 ergo
3049 4851 3101 4903 in
3151 4849 3431 4905 Christum
3470 4851 3768 4913 credimus,
3806 4854 4021 4908 Christi

2442 4954 2715 4999 sectemur
2770 4960 2901 4998 exon
2932 4943 3038 5012 pla.
3072 4942 3132 4995 Et
3188 4943 3234 4998 si
3292 4957 3618 4997 noveramus
3670 4943 3824 4999 illum
3865 4947 4022 5013 juxta

2442 5054 2681 5097 carnem,
2720 5038 2811 5090 sed
2867 5040 2976 5103 jam
3035 5052 3140 5089 non
3190 5036 3441 5090 novimus
3497 5034 3517 5066 ⁸
3549 5051 3671 5089 eum
3713 5041 4021 5092 secundum

2444 5144 2684 5182 carnem.
2705 5126 2865 5181 Certe
2894 5128 2945 5180 in
2970 5126 3377 5181 resurrectione
3395 5127 3583 5180 eadem
3605 5130 4023 5199 eritcorporum

2442 5290 2606 5343 lectio
2667 5288 2842 5356 magis
2902 5285 3130 5347 arridet,
3177 5294 3575 5357 erant_nempe
3626 5284 4025 5357 Symplegades

2446 5360 2636 5413 insnhe
2672 5361 2791 5412 dum
2822 5359 2932 5411 sive
2964 5357 3172 5425 scopuli
3232 5355 3618 5425 in_anphoro
3670 5355 3696 5407 π
3733 5355 4027 5413 conlinia-

2446 5434 2594 5483 tione
2644 5430 2721 5483 sic
2767 5423 3075 5499 appellate.
3117 5424 3237 5479 Mox
3290 5423 3699 5489 Casauatensis,
3753 5427 3811 5481 Si
3848 5448 4027 5499 μένον

2446 5502 2716 5565 imperarit
2749 5498 3040 5552 silentium.

2519 5563 2537 5601 δ
2575 5570 2702 5621 litat
2729 5583 2886 5624 antea
2912 5570 2979 5621 at!
3014 5568 3331 5639 tt'ii-igcudos,
3363 5563 3506 5637 quod
3539 5567 3835 5623 emendant
3886 5586 4023 5627 ess.

2448 5651 2615 5692 llOSlrl
2644 5654 2854 5693 οιιιειθε.

2518 5714 2537 5741 θ
2564 5710 2893 5764 Veronensis
2932 5726 3031 5762 ms.
3078 5718 3382 5779 suppurent.

2524 5781 2539 5807 ⁷
2576 5780 2651 5831 Ιειι
2674 5798 2720 5831 ill
2747 5783 2952 5848 tillsflllc
2986 5796 3273 5848 Pl'icptisJU
3306 5786 3564 5837 adverbio
3597 5798 3709 5835 t‘ttr.

2522 5854 2539 5879 ³
2584 5850 2707 5903 .‘wiss‘.
2741 5852 2843 5903 Sed
2868 5869 2981 5917 tum
3024 5868 3158 5903 nunc
3193 5869 3290 5904 non
3337 5868 3589 5908 agamus.
3628 5866 3731 5907 etc.
