4218 6490
764 366 874 434 275

1956 367 2017 432 S.
2058 370 2377 432 EUSEBH‘
2409 372 2848 434 lIlEKONYMI

3912 369 4018 432 Ξῖό

764 478 906 545 bona
935 495 991 543 et
1021 486 1385 558 beneplacens
1432 496 1485 545 et
1526 489 1783 560 perlecta.
1825 488 1967 559 Ergo
2019 490 2167 562 quod
2200 506 2331 545 con-
2364 494 2407 549 Δ
2444 487 2572 543 dum
2606 505 2802 547 omnes
2832 490 2899 546 ad
2934 488 3261 560 pudicitiam
3291 498 3346 542 et
3383 484 3657 556 pramium
3697 480 4035 549 virginitatis

762 578 924 647 cedit,
961 594 1059 634 nec
1086 579 1320 645 bonum,
1371 596 1473 635 nec
1506 581 1870 651 beneplacens
1900 592 2001 649 est,
2057 598 2158 637 nec
2204 598 2332 652 per-

762 676 986 728 lectum.
1021 673 1326 745 [inliditque
1353 690 1548 730 causas
1581 690 1679 730 cur
1714 674 1819 731 hoc
1848 677 2071 731 suadeat
2105 694 2118 729 :
2152 675 2334 731 Scien-

760 777 835 822 tes
869 776 1095 840 tempus,
1124 772 1252 841 quia
1269 770 1397 823 hora
1422 775 1496 823 est
1529 770 1650 836 jam
1676 787 1767 824 nos
1786 771 1848 824 de
1878 787 2058 824 somno
2094 786 2329 841 surgere.

762 862 924 919 Nunc
957 876 1134 919 autem
1184 866 1399 934 propior
1445 874 1521 919 est
1578 876 1763 921 nostra
1797 866 1963 932 salus,
2016 883 2177 936 quam
2210 884 2330 920 cum

758 958 1097 1013 credidimus.
1120 958 1243 1012 No.1:
1266 961 1553 1027 processit,
1590 961 1698 1013 dies
1732 969 1907 1013 autem
1939 962 2333 1031 oppmpinquo-

757 1049 835 1104 vit
863 1048 1040 1119 (Rom.
1074 1066 1196 1114 sttt,
1234 1050 1324 1117 ll,
1360 1052 1471 1122 12).
1503 1052 1568 1106 Et
1603 1053 1657 1107 in
1695 1062 1944 1109 extremo
1984 1072 1996 1108 :
2033 1050 2332 1108 lnduimini

758 1140 1047 1197 Dominunt
1075 1137 1261 1200 Iesum
1293 1143 1575 1210 Christum,
1601 1154 1652 1200 et
1692 1146 1870 1203 carnis
1898 1164 2080 1201 curam
2105 1164 2166 1200 ne
2198 1149 2333 1218 fece-

757 1236 873 1289 ritis
901 1237 957 1290 in
990 1238 1261 1292 desideriis
1303 1236 1469 1307 (Ibid.
1503 1238 1614 1310 Η).
1641 1239 1801 1293 Aliud
1831 1252 1913 1295 est
1928 1238 2180 1294 Voluntas
2212 1234 2331 1305 Dei,

756 1326 903 1383 aliud
934 1330 1293 1401 indulgentia.
1332 1327 1488 1385 Unde
1519 1342 1575 1386 et
1596 1332 1663 1386 ad
1700 1332 2017 1388 Corinthios
2058 1334 2329 1400 scribens,

758 1420 837 1475 ait
861 1438 875 1474 :
902 1422 1035 1492 Ego,
1054 1423 1271 1493 fratres,
1313 1440 1415 1478 non
1436 1424 1584 1495 potui
1603 1422 1897 1494 loquivobis
1922 1426 2054 1477 sicut
2074 1426 2332 1495 spiritua-

755 1512 889 1568 libus
917 1532 935 1567 :
957 1516 1048 1568 sed
1064 1517 1196 1569 sicut
1225 1517 1526 1571 carnalibus
1550 1515 1655 1589 [AL
1684 1516 1861 1589 quasi]
1890 1535 1904 1584 ;
1930 1518 2061 1572 sicut
2092 1518 2331 1589 parents

754 1608 809 1660 in
826 1605 1055 1671 Christo,
1078 1607 1160 1662 lac
1184 1612 1325 1664 eobis
1350 1618 1531 1679 potum
1553 1609 1695 1669 dedi,
1721 1626 1825 1663 non
1862 1628 2031 1666 escam
2058 1629 2076 1667 :
2099 1615 2331 1666 nondum

755 1703 893 1755 enim
916 1703 1173 1772 poteratis
1196 1720 1215 1769 ;
1244 1706 1335 1757 sed
1373 1718 1541 1773 neque
1571 1720 1706 1757 nunc
1730 1706 1965 1773 potestis.
1985 1706 2165 1759 Adhuc
2192 1709 2331 1760 enim

752 1796 1000 1850 carnales
1033 1796 1153 1851 estis
1179 1794 1229 1865 (1
1255 1794 1378 1850 Cor.
1404 1812 1487 1860 tu,
1528 1797 1578 1858 l,
1608 1796 1687 1867 ἓ).
1720 1798 1824 1864 Qui
1858 1799 2109 1855 animalis
2146 1811 2249 1864 est,
2279 1810 2332 1854 et

752 1905 862 1943 non
898 1891 1091 1960 recipit
1114 1888 1228 1961 [ΑΙ.
1265 1887 1521 1963 percipit]
1540 1906 1601 1945 ea
1626 1908 1746 1960 (μιν
1769 1892 1994 1961 spiritus
2053 1891 2145 1947 Dei
2200 1904 2328 1948 sunt

753 1982 1004 2048 (stultitia
1041 1984 1188 2037 enim
1216 1983 1288 2036 illi
1326 1993 1433 2050 est,
1469 2000 1571 2039 nec
1604 1994 1781 2054 potest
1832 1984 2159 2055 intelligere,
2195 1988 2326 2056 quia

752 2076 1112 2145 spiritualitcr
1180 2077 1515 2145 dijudicatur
1551 2078 1615 2144 ί),
1659 2078 1759 2131 iste
1794 2094 1901 2131 non
1945 2077 2197 2147 perfecta:
2237 2096 2329 2134 ca-

748 2180 779 2222 s
811 2168 958 2223 itatis
993 2170 1256 2234 cibo,sed
1290 2170 1406 2224 rudi
1442 2180 1752 2240 nuptiarum
1791 2172 2205 2227 luctenutt'itur.
2238 2172 2327 2227 Si-

748 2268 843 2312 cut
876 2277 972 2329 per
1003 2261 1278 2316 hominem
1314 2277 1481 2328 mors,
1516 2262 1595 2317 sic
1627 2276 1680 2317 et
1715 2279 1811 2331 per
1839 2262 2115 2319 Imminem
2143 2281 2329 2321 resur-

752 2353 925 2406 rectio
964 2364 1327 2409 mortuorum.
1364 2356 1649 2421 Quomodo
1685 2358 1738 2410 in
1772 2356 1943 2411 Adam
1979 2374 2175 2414 omnes
2209 2377 2328 2414 mo-

750 2446 941 2507 rimnr,
960 2447 1039 2500 sic
1076 2446 1131 2501 in
1157 2445 1381 2502 Christo
1411 2462 1604 2503 omnes
1634 2448 2052 2506 viviﬁcabitnur.
2086 2453 2327 2508 Serviti-

751 2553 873 2592 mus
904 2538 957 2593 in
1008 2538 1124 2609 lege
1158 2542 1323 2595 veteri
1358 2542 1549 2601 Adam.
1587 2544 1891 2599 serviamus
1936 2545 1989 2599 in
2032 2545 2328 2619 Evangelio

749 2646 892 2685 LOVO
930 2631 1123 2685 Adam.
1160 2631 1357 2688 Factus
1389 2642 1475 2688 est
1505 2631 1653 2701 enim
1691 2636 1899 2705 primus
1958 2635 2123 2692 homo
2152 2639 2323 2694 Adam

747 2719 801 2772 in
841 2719 1077 2773 animam
1113 2719 1406 2782 viventem.
1452 2730 1507 2776 et
1536 2722 1865 2779 novissimus
1898 2724 2073 2780 Adam
2124 2726 2179 2782 itt
2213 2729 2327 2800 spi-

748 2813 911 2865 ritum
952 2811 1339 2868 viviﬁcantem.
1367 2811 1581 2868 Primus
1606 2824 1759 2870 nomo
1790 2817 1853 2870 de
1875 2826 2018 2871 terra
2059 2827 2322 2875 terrenus.

742 2901 1014 2960 Secundus
1062 2908 1216 2960 homo
1249 2906 1313 2960 de
1353 2906 1481 2961 ctelo
1519 2908 1765 2964 calestis.
1815 2909 2008 2974 Qualis
2062 2921 2324 2977 terrenus,

743 2998 876 3052 tales
899 3006 949 3052 et
977 2997 1171 3052 terreni
1202 3015 1221 3064 ;
1251 3007 1298 3051 et
1329 2997 1504 3068 qualis
1534 2997 1779 3063 celestis,
1811 2999 1951 3054 tales
1980 3012 2034 3054 et
2064 3002 2322 3060 ctelestes.

744 3089 893 3145 Sicut
912 3092 1237 3160 portavimus
1254 3092 1540 3162 imaginem
1570 3094 1790 3157 terreni,
1812 3103 2081 3163 portemus
2104 3104 2153 3149 et
2179 3098 2324 3150 imo-

2443 581 2657 648 invitat,
2690 582 2928 637 ostendit
2964 582 3179 638 cunctis
3215 580 3477 652 gradibus
3508 578 3871 647 virginitatem
3908 590 4036 628 esse

2443 674 2734 743 potiorem.
2791 675 3136 744 Rursumque
3180 676 3244 729 ad
3306 672 3577 729 Galatas:
3628 668 3713 724 Ex
3762 670 4032 739 operibus.

2438 767 2638 838 inquit,
2684 770 2836 840 legis,
2885 786 2988 823 non
3032 768 3416 839 justi/imbitur
3462 766 3632 821 omnis
3660 781 3784 818 coro
3823 762 4031 831 (Colat.

2440 876 2501 925 tt,
2535 862 2641 930 l6).
2672 861 2852 931 Opera
2886 861 3021 935 legis
3050 872 3105 919 et
3139 862 3346 933 nuptia
3380 868 3532 917 sunt.
3565 858 3711 913 unde
3763 865 3819 910 et
3854 854 4032 908 male-

2438 955 2698 1010 dicuntur
2742 956 2795 1010 in
2834 971 2925 1020 ea,
2977 956 3073 1027 qui
3111 954 3228 1028 [AL
3274 952 3419 1026 qua]
3473 968 3579 1008 nou
3629 950 3834 1006 habent
3862 948 4025 1001 ﬁlios.

2440 1047 2578 1115 Quae
2613 1050 2659 1105 si
2717 1049 3096 1105 conceduntur
3124 1050 3289 1104 etiam
3314 1048 3368 1102 in
3404 1045 3716 1118 Evangelia,
3754 1041 3900 1097 aliud
3946 1052 4034 1095 est

2438 1142 2836 1213 indulgentiam
2888 1144 3197 1201 inﬁrmitati
3232 1143 3495 1207 tribuere,
3529 1141 3677 1195 aliud
3713 1137 4024 1193 virtutibus

2437 1239 2655 1303 prtetnia
2694 1236 2965 1308 polliceri.

2511 1331 2603 1386 38.
2645 1331 2832 1387 Dicam
2880 1341 2936 1387 et
2971 1345 3070 1401 ego
3099 1330 3506 1401 nuptiatoribus
3558 1326 3713 1394 meis,
3761 1326 3853 1396 qui
3902 1335 4028 1396 post

2435 1427 2742 1482 castitatem
2790 1433 2846 1481 et
2900 1426 3219 1481 diuturnam
3270 1423 3666 1479 continentiam
3724 1422 3925 1476 subant
3962 1418 4029 1474 ad

2435 1521 2661 1581 coitum,
2689 1527 2744 1570 et
2768 1517 3037 1586 pecudum
3066 1530 3219 1572 more
3248 1515 3539 1572 lasciviunt
3566 1533 3581 1569 :
3607 1512 3693 1570 Sic
3714 1514 4027 1577 insipientes

2435 1610 2579 1675 estis,
2623 1618 2679 1663 ut
2717 1626 2834 1663 cum
2866 1610 3129 1680 coeperitis
3160 1610 3371 1680 spiritu,
3416 1624 3556 1661 nunc
3584 1623 3742 1662 carne
3772 1622 4031 1661 consum-

2434 1703 2649 1757 memini
2676 1704 2700 1756 ’ἒ
2725 1702 2892 1757 Tanto
2927 1705 3070 1772 passi
3094 1703 3218 1757 estis
3248 1704 3359 1757 sine
3398 1718 3561 1756 causa
3608 1700 3815 1765 (Colat.
3845 1716 3929 1764 ιιι,
3969 1702 4022 1764 5,

2436 1794 2489 1863 4)
2516 1796 2539 1848 τ
2572 1794 2887 1865 Apostolus,
2920 1795 3063 1866 quod
3095 1796 3449 1851 continentiae
3479 1795 3803 1861 quibusdam
3854 1795 4027 1847 nodos

2435 1888 2661 1949 relaxat,
2701 1896 2756 1941 et
2789 1887 3015 1943 dimittit
3053 1887 3206 1942 frena
3247 1886 3625 1950 currentibus,
3658 1895 3889 1958 propter
3938 1887 4025 1938 in-

2435 1980 2745 2033 [irtuitatem
2774 1979 2957 2034 carnis
2990 1980 3094 2034 hoc
3131 1978 3283 2034 facit.
3324 1978 3527 2034 Contra
3559 1995 3720 2050 quant
3762 1979 4024 2033 scribens

2432 2073 2613 2126 denuo
2671 2072 2912 2143 loquitur
2957 2090 2970 2127 :
3012 2073 3218 2140 Spiritu
3265 2072 3553 2138 ambulate,
3610 2082 3658 2126 et
3692 2072 4025 2125 desiderium

2433 2165 2611 2218 carnis
2656 2182 2757 2219 non
2790 2164 3093 2234 perﬁcietis.
3126 2162 3264 2221 Coro
3293 2165 3434 2219 enim
3479 2163 3803 2224 concupiscit
3829 2166 4025 2216 adrer-

2428 2274 2517 2310 sus
2550 2257 2820 2322 spiritum,
2845 2266 2893 2309 et
2921 2257 3137 2323 spiritus
3186 2258 3436 2310 adversus
3469 2270 3683 2309 carnem
3713 2251 3927 2322 (Colat.
3966 2270 4019 2313 τ,

2434 2353 2519 2413 l6,
2554 2352 2660 2418 Π).
2706 2348 2825 2406 Νυη
2859 2366 3086 2407 necesse
3119 2359 3207 2407 est
3255 2366 3405 2406 nunc
3436 2351 3505 2405 de
3545 2350 3806 2418 operibus
3836 2348 4023 2401 carnis

2430 2445 2633 2511 dicere,
2667 2444 2791 2515 quia
2840 2446 3062 2517 longum
3103 2454 3208 2509 est,
3256 2454 3311 2498 et
3347 2442 3509 2498 facile
3561 2450 3739 2513 potest
3766 2440 3836 2495 de
3878 2444 4023 2508 Apu.

2431 2536 2554 2591 stoli
2592 2535 2828 2607 Epistola
2863 2551 3101 2599 sumere,
3138 2535 3231 2605 qui
3264 2532 3372 2607 [ΑΙ.
3403 2532 3554 2603 quia,
3584 2530 3719 2604 etc.]
3756 2531 4019 2585 voluerit.

2430 2628 2615 2684 Dicam
2648 2638 2855 2685 tantum
2882 2629 2950 2682 de
2976 2627 3197 2700 spiritu,
3229 2628 3388 2696 cujus
3431 2625 3642 2680 fructus
3673 2635 3801 2679 sunt
3840 2638 3857 2691 ;
3891 2624 4025 2678 Cita-

2433 2722 2588 2786 ritas,
2620 2722 2902 2793 gaudium,
2936 2736 3062 2791 pax,
3091 2718 3503 2791 longanimitas,
3540 2716 3880 2787 benignitas,
3912 2715 4012 2769 bo-

2434 2811 2602 2876 nitas,
2665 2811 2821 2872 lides,
2890 2809 3253 2865 mansuetudo
3300 2806 3344 2873 ‘,
3380 2807 3746 2863 continentia.
3809 2803 4026 2861 Omnes

2431 2903 2665 2957 virtutes
2690 2902 2941 2972 Spiritus,
2966 2901 3117 2970 quasi
3144 2898 3542 2957 solidissimum
3568 2898 4023 2959 fundamentum,

2432 3006 2488 3050 et
2513 2996 2746 3051 sublime
2770 2995 3009 3059 culmen,
3029 2994 3371 3050 continentia
3398 3002 3670 3049 sustentat
3691 2990 4023 3061 etprotegit.

2433 3088 2737 3142 Adversum
2791 3086 3175 3157 hujuscemodi
3245 3102 3356 3143 non
3407 3094 3493 3141 est
3528 3086 3637 3140 lex.
3691 3081 3797 3149 Qui
3835 3092 4022 3136 autem

742 3185 913 3254 ginem
945 3181 1181 3240 calcatis.
1221 3181 1333 3238 Hoc
1361 3192 1541 3238 autem
1569 3185 1707 3250 dico,
1745 3185 1961 3254 fratres,
2011 3187 2141 3258 quia
2195 3204 2322 3242 caro
2348 3208 2396 3273 ο
2428 3191 2551 3236 sunt
2595 3180 2819 3245 Christi,
2856 3197 3075 3234 carnem
3118 3195 3272 3234 suam
3307 3176 3687 3247 cruci/iterant
3718 3191 3841 3229 cum
3874 3177 4023 3229 vitiis

741 3286 790 3328 et
822 3276 1041 3345 sanguis
1076 3292 1295 3347 regnum
1330 3275 1427 3330 Dei
1457 3276 1723 3345 possidere
1743 3294 1847 3331 non
1879 3290 2114 3345 possunt,
2149 3295 2317 3349 neque

739 3372 1010 3440 corruptio
1073 3369 1520 3439 incorruptionem
1573 3370 1853 3439 possidebit
1887 3372 1906 3402 ³
1948 3369 1997 3442 (1
2044 3370 2169 3427 Cor.
2222 3387 2313 3440 xv,

737 3456 807 3518 47
836 3473 883 3517 et
912 3480 1023 3533 seq.
1052 3462 1095 3533 ).
1137 3462 1252 3518 Hoc
1298 3472 1407 3517 tam
1444 3463 1653 3517 clarum
1680 3471 1784 3530 est,
1826 3473 1884 3517 nt
1916 3463 2061 3518 nulla
2096 3466 2312 3535 exposi-

742 3560 888 3610 tione
910 3566 1076 3624 queat
1108 3548 1455 3610 manifestius
1484 3555 1595 3609 lieri
1625 3573 1637 3608 :
1666 3556 1833 3621 Caro,
1879 3556 2074 3626 inquit,
2106 3567 2155 3611 et
2188 3575 2317 3612 sat:-

738 3646 856 3716 guis
886 3660 1103 3716 regnum
1140 3642 1235 3698 Dei
1272 3646 1545 3714 possidere
1574 3660 1683 3699 non
1726 3656 1966 3715 possunt,
2002 3665 2167 3720 neque
2198 3666 2315 3703 cor-

739 3738 919 3804 ruptio
981 3737 1455 3802 incorruptionem.
1533 3735 1587 3790 Si
1647 3738 1928 3807 corruptio
1975 3742 2040 3794 ad
2094 3757 2315 3796 munem

741 3829 943 3880 ιοίιιηιι
980 3824 1240 3895 pertinet,
1267 3824 1607 3895 incorruptio
1628 3830 2061 3899 autent-proprie
2093 3833 2317 3884 castita-

744 3918 813 3971 tis
861 3926 965 3982 est,
1025 3914 1247 3985 praemia
1290 3916 1566 3987 pudicitia:
1617 3918 1821 3988 nuptiae
1866 3922 2154 3989 possidere
2205 3939 2311 3977 non

743 4017 991 4076 possunt.
1040 4006 1248 4061 Scimus
1295 4008 1433 4059 enim
1474 4010 1727 4077 quoniam
1770 4010 1814 4062 si
1865 4018 2072 4063 terreno
2129 4012 2315 4067 a'omus

740 4102 896 4170 hujus
942 4099 1287 4153 habitationis
1314 4099 1482 4171 299
1522 4101 1790 4154 destructo
1840 4104 2022 4169 fuerit,
2079 4106 2318 4172 ωιίὶρεα.

740 4195 933 4246 tionem
962 4191 1249 4246 Itabeamus
1286 4209 1348 4246 et:
1384 4193 1509 4258 Deo,
1536 4193 1749 4248 dontum
1785 4213 1889 4250 non
1919 4201 2311 4269 manufactam,

738 4285 1116 4351 sempiternam
1148 4285 1203 4338 in
1234 4284 1394 4338 aclis.
1433 4283 1499 4337 In
1537 4302 1640 4347 quo
1672 4287 2078 4357 ingentia-imus,
2105 4290 2316 4345 habita-

736 4376 915 4429 culum
940 4386 1196 4436 nostrum.
1226 4378 1367 4444 quod
1387 4378 1450 4431 de
1472 4378 1605 4432 ctelo
1627 4388 1725 4441 est,
1749 4380 2057 4447 superindui
2083 4385 2270 4452 cupien
2285 4414 2313 4424 -

738 4482 812 4523 tes
836 4468 876 4520 ³.
911 4468 1163 4536 Cupintus
1208 4470 1347 4521 enim
1379 4470 1556 4539 egredi
1589 4470 1653 4523 de
1702 4486 1943 4540 corpore,
1977 4482 2025 4526 et
2069 4474 2318 4530 habitare

2431 3281 2480 3328 et
2511 3274 2968 3339 concupiscentiis.
3002 3272 3060 3329 Si
3088 3272 3251 3345 300
3296 3273 3518 3328 vivimus
3561 3269 3774 3341 spiritu,
3823 3269 4023 3336 spiritu

2431 3377 2479 3423 et
2511 3365 2840 3422 ambulemus
2879 3365 3048 3438 (Ibid.
3073 3366 3167 3432 ξι,
3198 3366 3311 3434 25).
3348 3363 3450 3431 Qui
3482 3379 3608 3419 cum
3640 3362 3863 3418 Christo
3894 3377 4020 3416 car-

2429 3478 2555 3515 nem
2588 3471 2855 3524 nostram,
2874 3470 2931 3516 et
2963 3460 3248 3532 passiones
3276 3458 3397 3528 ejus
3421 3456 3804 3526 desideriaque
3832 3454 4024 3510 cruci-

2429 3556 2669 3618 “lituis,
2699 3554 2829 3622 quid
2879 3568 3094 3609 rursum
3146 3568 3207 3607 ea
3258 3568 3379 3622 qua:
3450 3551 3632 3605 carnis
3679 3557 3811 3603 sunt
3854 3563 4022 3619 agere

2426 3643 2737 3711 cupimus?
2791 3642 3149 3712 Quodcunque
3198 3641 3539 3695 seminaverit
3588 3641 3775 3701 homo,
3828 3638 3929 3690 hoc
3967 3646 4018 3689 et

2431 3744 2605 3787 metet.
2631 3734 2732 3799 Qui
2758 3736 2983 3789 seminat
3007 3735 3059 3786 in
3089 3749 3249 3787 carne
3273 3750 3396 3798 suo,
3426 3735 3491 3785 de
3517 3746 3679 3785 carne
3707 3741 3867 3785 metet
3899 3746 4021 3781 cor-

2429 3828 2746 3890 ruptionem.
2788 3825 2889 3889 Qui
2924 3836 3102 3877 autem
3136 3825 3365 3877 seminat
3391 3824 3446 3875 in
3483 3823 3694 3890 spiritu,
3722 3822 3788 3873 de
3818 3822 4017 3889 spiritu

2429 3927 2585 3969 metet
2618 3918 2778 3969 vitam
2806 3926 3063 3969 retentam
3095 3913 3304 3984 (Colat.
3340 3931 3413 3978 vt,
3445 3914 3522 3969 8i.
3562 3913 3833 3967 Existimo
3863 3911 4017 3981 quod

2430 4012 2521 4078 qui
2558 4024 2783 4063 morem
2816 4008 2979 4063 habet
3009 4048 3024 4071 ,
3060 4007 3301 4078 quandiu
3333 4006 3625 4063 revertitur
3646 4006 3711 4060 ad
3745 4005 4016 4075 idipsunt,

2427 4117 2495 4157 ne
2534 4110 2707 4157 tentet
2743 4116 2868 4155 eum
2916 4101 3172 4164 Satanas,
3225 4101 3279 4155 in
3312 4114 3477 4155 carne
3507 4099 3760 4159 setninet.
3795 4107 3851 4152 et
3903 4113 4019 4152 non

2429 4195 2483 4249 in
2521 4194 2743 4265 spiritu.
2798 4194 2900 4260 Qui
2933 4205 3117 4249 autem
3156 4193 3208 4247 in
3236 4207 3401 4247 carne
3435 4193 3673 4247 seminat
3701 4191 3831 4257 (non
3889 4205 4018 4261 ego,

2428 4286 2527 4341 sed
2562 4286 2866 4356 Apostolus
2891 4285 3151 4355 loquitur)
3182 4286 3341 4339 metit
3369 4284 3803 4355 eorrUptionem.
3837 4282 4021 4351 Elegit

2429 4396 2527 4436 nos
2578 4380 2631 4435 in
2663 4381 2886 4435 Christo
2912 4381 2931 4411 ⁸
2960 4378 3103 4434 Deus
3138 4377 3299 4433 Pater
3344 4386 3475 4433 ante
3510 4378 3703 4432 mundi
3741 4378 4018 4431 constitu-

2430 4475 2658 4539 tionem,
2715 4482 2773 4527 ut
2814 4488 3067 4527 essemus
3121 4472 3296 4527 sancti
3332 4481 3387 4527 et
3435 4471 3772 4525 immaculati
3822 4486 4014 4525 coram

737 4576 857 4612 cum
889 4558 1099 4612 Christo
1125 4576 1143 4624 ;
1175 4574 1390 4627 propter
1418 4558 1558 4629 quad
1584 4568 1632 4613 et
1662 4562 2045 4616 studiosissime
2068 4565 2314 4630 nitimur,
2348 4568 2400 4628 ι)
2427 4584 2514 4621 eo.
2540 4565 2957 4619 Atnbulavimus
2982 4564 3034 4617 in
3066 4562 3537 4633 concupiscentiis
3566 4563 3769 4622 carnis.
3802 4561 4017 4616 facien-

733 4655 841 4708 sice
865 4654 920 4705 in
947 4667 1186 4719 corpore.
1212 4654 1317 4706 sive
1343 4662 1493 4706 extra
1511 4668 1697 4721 corpus
1716 4652 1925 4722 placere
1951 4653 2058 4708 Deo
2080 4655 2161 4723 (Il
2191 4656 2314 4711 Cor.

735 4764 788 4809 v,
824 4746 845 4798 ‘l
884 4756 929 4798 et
968 4760 1111 4813 seqq.
1147 4743 1189 4812 ).
1219 4744 1278 4797 Et
1312 4754 1368 4797 ut
1400 4743 1614 4811 plenius
1648 4754 1968 4814 exponeret.
2005 4747 2192 4816 quales
2211 4762 2317 4802 non

735 4854 857 4892 esse
910 4839 1096 4904 vellet,
1133 4839 1181 4890 iu
1236 4836 1343 4889 alio
1401 4838 1522 4892 loco
1550 4835 1732 4904 docet,
1782 4838 2010 4892 dicens:
2051 4838 2317 4905 Despondi

736 4932 875 4984 enint
908 4947 993 4985 eos
1026 4931 1119 4982 uni
1155 4930 1290 4993 viro,
1347 4930 1597 4999 virginem
1641 4939 1845 4983 costam
1883 4929 2124 4985 exhibere
2169 4932 2319 4986 Clui-

732 5033 815 5077 sto
862 5022 937 5091 (ll
987 5022 1110 5076 Cor.
1162 5036 1239 5085 ut,
1275 5022 1354 5090 ‘2).
1397 5020 1554 5087 Quod
1600 5021 1644 5073 si
1678 5020 1745 5075 ad
1794 5030 1960 5075 totam
2011 5023 2313 5076 Ecclesium

736 5115 1079 5169 credentium
1123 5114 1359 5167 vulneris
1386 5113 1615 5176 referre,
1649 5122 1703 5166 et
1734 5113 1787 5165 itt
1819 5112 1917 5167 hac
1950 5113 2317 5182 desponsioue

734 5209 955 5267 Christi.
996 5223 1050 5262 et
1080 5209 1383 5270 maritatas,
1418 5218 1473 5262 et
1495 5208 1759 5277 dignatas,
1786 5218 1842 5263 ct
1870 5209 2083 5273 viduas,
2111 5221 2166 5263 et
2198 5210 2316 5262 vir-

737 5306 889 5372 gines
934 5302 1229 5365 contineri,
1260 5302 1363 5355 hoc
1399 5316 1614 5369 quoque
1655 5317 1753 5369 pro
1799 5301 1957 5355 nobis
1989 5300 2140 5355 facit.
2172 5302 2306 5355 Nam

813 5484 828 5514 ⁸
870 5480 1251 5552 Casauatvnsis
1281 5495 1404 5534 cum
1442 5481 1674 5549 negandi
1714 5481 1975 5548 particula
2010 5478 2130 5533 Non
2164 5484 2311 5552 Jijn-

739 5555 971 5605 dicatnt'.
1011 5551 1174 5605 Paulo
1215 5563 1336 5620 post
1370 5555 1667 5604 moriuntur
1702 5562 1754 5604 et
1797 5553 2201 5617 viviﬁcabuntur
2254 5556 2309 5607 in

740 5642 869 5676 mss.
911 5624 1185 5673 llIH'ltzlllr
1218 5638 1315 5688 pro
1350 5626 1601 5675 morimur
1634 5634 1685 5675 et
1730 5624 2133 5688 t'ivi/icabimnr.

810 5696 829 5726 ³
874 5693 1001 5744 Mss.
1036 5691 1489 5761 lttCOrruptiant’ttt
1521 5694 1849 5745 tta-redimita
1879 5694 2034 5761 juxta
2061 5692 2308 5749 Cianum

742 5768 1043 5831 utinm-2052.5
1055 5766 1090 5818 ἵ.

811 5832 831 5861 ³
874 5834 1039 5886 Ιιόνιη
1076 5848 1206 5884 tttss.
1242 5830 1628 5898 Snperinductc
1661 5835 2039 5889 desiderantes.

810 5912 824 5933 ³
867 5906 925 5961 lu
954 5909 1307 5962 Lasattatcttst
1347 5907 1561 5961 additur
1597 5906 1875 5960 tuodnttu.

2428 4669 2507 4711 tes
2548 4658 2885 4711 voluntatem
2945 4658 3083 4722 eius,
3142 4664 3197 4710 et
3230 4656 3650 4724 cogitationum,
3694 4665 3748 4708 et
3802 4654 4012 4708 luimus

2424 4749 2518 4804 lilii
2557 4749 2671 4814 ine,
2712 4749 2854 4802 sicut
2882 4758 2933 4802 et
2968 4746 3177 4801 tta-teri.
3224 4746 3381 4801 Nunc
3440 4757 3622 4800 autem
3654 4746 4009 4799 couresusci-

2425 4844 2576 4902 tavit.
2642 4853 2697 4895 et
2754 4841 3058 4896 consedere
3105 4855 3204 4895 nos
3264 4836 3395 4894 fecit
3452 4838 3505 4893 in
3570 4838 3894 4892 cazlestibus
3950 4838 4006 4891 iu

2420 4932 2637 4987 Christo
2686 4932 2841 4995 Jesu,
2910 4943 2966 4987 ut
3018 4931 3360 5001 deponantus
3415 4929 3718 4984 secundum
3760 4929 4007 4998 priorem

2421 5027 2895 5079 conversationem
2955 5036 3195 5079 veterem
3248 5023 3547 5085 hominem,
3603 5020 3699 5090 qui
3743 5036 4001 5075 corrum-

2422 5116 2741 5181 piturjuxta
2777 5116 3052 5171 desideria
3102 5116 3325 5177 erroris,
3369 5126 3424 5169 et
3460 5114 3635 5183 aptari
3692 5113 3852 5168 nobis
3907 5113 3999 5166 illa

2422 5208 2727 5261 benedictio
2749 5209 3063 5278 pOSsit,qme
3084 5210 3359 5279 mysticam
3380 5208 3478 5262 ‘ad
3494 5206 3771 5290 .Ephesios
3788 5207 4004 5276 Episto-

2418 5300 2519 5353 latn
2560 5302 2649 5353 tali
2709 5302 2813 5356 line
2851 5303 3172 5357 concludit:
3225 5300 3409 5356 Gratia
3447 5304 3710 5356 t'obiscum
3755 5302 4000 5354 erunibus

2489 5483 2507 5511 ³
2550 5482 2604 5533 lu
2638 5483 2828 5535 eodem
2860 5483 3203 5539 desideratur
3227 5487 3279 5538 itt
3304 5484 3530 5541 Christo.

2488 5553 2507 5579 “
2552 5552 2709 5626 l"al§o
2754 5555 3017 5608 hactenus
3062 5558 3300 5609 obtinuit
3352 5557 3510 5610 missa
3557 5571 3654 5626 pro
3688 5557 4001 5625 mysticam.

2419 5624 2781 5697 renuentibus
2814 5641 3195 5693 (lllJtIIIC‘IIISS.
3251 5627 3530 5697 MystiCatn
3558 5624 3751 5693 porro
3786 5627 4003 5691 Epist”-

2414 5694 2517 5745 lam
2572 5695 2637 5745 εει]
2683 5694 2947 5762 liplu‘sLas
2983 5708 3136 5749 vocat
3168 5694 3317 5765 quod
3357 5702 3651 5765 Apostolus
3684 5699 3737 5749 in
3772 5700 3873 5749 hac
3919 5700 4001 5751 re!

2414 5767 2745 5829 p..ti-.i.:::tunt
2778 5766 3024 5819 cbscutos
3067 5784 3249 5820 sensus
3294 5780 3341 5819 ct
3386 5780 3564 5835 optata
3597 5767 3779 5819 sa'culi
3814 5786 3990 5820 seem-

2418 5847 2590 5884 tttrttttz
2622 5846 2950 5899 congesserit,
2980 5848 3033 5889 ut
3058 5854 3170 5905 ipse
3201 5838 3560 5905 litat‘ttn)ttttt.~
3585 5855 3635 5891 ιιι
3667 5836 3997 5893 i‘t'a‘lutiunc

2415 5906 2939 5960 (gemmantem-rata
2990 5924 3041 5962 tr.
3089 5912 3333 5964 eamiem
3391 5916 3673 5979 epistolam
3726 5911 3993 5979 ludatur,
