4218 6462
753 390 858 453 28'!

1959 396 2018 455 S.
2052 395 2360 454 EUSElllI
2402 397 2447 453 ll
2464 397 2477 454 l
2493 396 2830 456 EllONl’lll

3904 396 4013 457 2S8

750 519 872 558 cum
918 501 1176 558 defuncto
1211 505 1403 558 marito
1445 514 1741 560 cremetur.
1771 505 1862 561 llte
1895 506 2065 577 igitur
2095 516 2321 560 conten-
2352 514 2394 566 Α
2431 523 2652 577 quoque
2683 508 2881 561 saeCttlo
2919 523 3013 577 pro
3066 508 3315 578 exemplo
3355 510 3539 571 fuerit,
3566 524 3671 578 quo
3724 507 4018 574 intrud‘ci-

749 596 883 649 dunt
909 595 1046 648 inter
1074 613 1131 649 se
1160 598 1224 651 de
1280 614 1463 649 amore
1514 598 1612 651 viri
1656 617 1670 664 ;
1731 608 1787 653 et
1842 599 2066 652 ambitio
2112 614 2322 652 summa

750 689 1081 742 certantium
1114 700 1218 748 est,
1247 704 1309 742 ac
1340 692 1713 745 testimonium
1745 692 2040 752 castitatis,
2102 691 2322 760 dignam

751 792 930 835 tuorte
954 782 1195 837 decerni.
1230 780 1413 849 Itaque
1446 784 1639 837 victrix
1692 785 1744 835 in
1782 782 1965 837 habitu
2014 793 2324 853 Ornatuque

749 874 979 942 pristino
1004 875 1155 940 juxta
1188 874 1424 929 cadaver
1452 878 1697 939 accubat,
1729 877 2046 946 amplcxans
2100 878 2230 930 illud
2269 888 2325 931 et

746 966 1092 1025 deosculatus,
1129 976 1183 1019 et
1252 969 1566 1037 suppositos
1623 966 1775 1037 ignes
1833 970 2107 1038 pndicitie
2164 968 2323 1022 laude

747 1066 1123 1112 contemnens.
1160 1059 1295 1113 Puto
1342 1075 1462 1125 qua:
1498 1060 1579 1113 sic
1611 1062 1867 1123 moritur,
1891 1063 2161 1117 secundas
2221 1079 2325 1117 nu-

748 1150 887 1219 ptias
950 1168 1049 1204 lO-l
1094 1154 1344 1220 requirit.
1378 1152 1689 1208 Alcibiades
1725 1154 1813 1209 ille
1854 1154 2193 1219 Socraticus,
2247 1158 2326 1211 vi-

745 1245 849 1297 etis
884 1246 1328 1310 Atheniensibus,
1360 1245 1581 1317 fugitad
1604 1249 2032 1303 Pharnabazum.
2065 1250 2194 1316 Qui,
2230 1267 2323 1306 ac-

745 1351 906 1406 rep'o
936 1339 1111 1405 pretio
1134 1354 1161 1391 a
1184 1337 1465 1406 Lysmdro
1490 1341 1732 1411 principe
1763 1342 2322 1412 Lacedaemoniorum,

743 1429 909 1497 jussit
939 1446 1063 1484 eum
1110 1430 1370 1485 interfici.
1403 1432 1647 1501 Cumque
1681 1434 1944 1488 sanocato
1995 1444 2155 1502 caput
2180 1448 2327 1491 esset

747 1522 1007 1583 ablatum.
1044 1532 1099 1577 et
1138 1526 1364 1586 missum
1401 1526 1680 1596 Lysandro
1713 1526 1764 1580 in
1800 1528 2177 1581 testimonium
2220 1545 2325 1583 cte-

746 1616 830 1669 dis
855 1613 1101 1683 expletat,
1133 1615 1341 1686 reliqua
1364 1633 1485 1686 pars
1526 1618 1765 1687 corporis
1790 1618 2006 1687 jaceth
2035 1621 2319 1689 insepulta.

747 1706 871 1762 Sola
904 1707 1068 1775 igitur
1123 1708 1447 1771 concubina,
1488 1717 1676 1760 contra
1732 1708 2091 1762 crudelissimi
2152 1711 2324 1765 hostis

748 1799 983 1867 imperio
1010 1818 1065 1860 ιι,
1085 1799 1227 1852 inter
1243 1809 1555 1862 extraneas,
1577 1810 1628 1852 et
1650 1799 1967 1855 imminente
1987 1801 2320 1865 discrimine,

749 1894 923 1947 funeri
957 1894 1097 1962 justa
1156 1893 1435 1961 persolvit,
1499 1894 1635 1946 mori
1690 1906 1871 1963 parata
1940 1911 2037 1962 pro
2091 1907 2323 1959 mortuo,
2362 1881 2399 1934 Β

747 2000 906 2052 quem
931 1987 1109 2038 vivum
1142 1985 1428 2039 dilexerat.
1485 1986 1769 2040 ltnitentur
1800 1995 2081 2046 matronas.
2117 1996 2171 2040 et
2208 2005 2327 2039 ma-

751 2090 919 2131 tronae
971 2078 1161 2131 saltem
1214 2076 1556 2139 Christianae,
1599 2078 2030 2131 concubinarum
2065 2079 2247 2145 tidem,
2276 2090 2331 2134 et

748 2178 1005 2240 praestent
1038 2171 1223 2225 liberm
1248 2171 1390 2239 quod
1417 2172 1625 2240 captiva
1654 2171 1907 2226 servavit.

817 2262 907 2318 45.
944 2260 1125 2317 Strato
1163 2264 1381 2333 regulus
1413 2264 1633 2318 Sinodis
1677 2280 1841 2317 manu
1877 2264 2102 2333 propria
2144 2279 2203 2318 se
2235 2278 2329 2319 vo-

749 2352 870 2408 lens
898 2353 1218 2420 confodere,
1253 2370 1322 2409 ne
1370 2355 1786 2410 imminentibus
1844 2356 2029 2410 Persis
2094 2355 2328 2410 ludibrio

752 2445 915 2509 foret,
957 2462 1190 2516 quorum
1214 2446 1393 2501 fmdus
1413 2445 1655 2517 .Egyptii
1689 2450 1832 2517 regis
1857 2448 2117 2502 societate
2134 2449 2327 2517 negle-

748 2549 920 2601 xerat,
957 2539 1335 2593 tetraltebatur
1390 2540 1702 2601 formidine,
1732 2550 1787 2594 et
1851 2542 2099 2604 gladium
2160 2558 2322 2612 quem

747 2631 1057 2701 arripuerat
1088 2633 1577 2703 circumspectans,
1614 2634 1852 2687 hostium
1878 2636 2104 2701 pavidus
2133 2652 2331 2703 exspe-

748 2726 933 2780 ctabat
996 2726 1311 2780 adventum.
1373 2725 1545 2791 Quem
1609 2726 1944 2796 jamjamqne
2003 2728 2325 2797 capiendum

749 2833 885 2869 uxor
918 2817 1243 2886 intelligens,
1266 2818 1522 2872 exstorsit
1583 2818 1861 2873 acinacem
1899 2818 1967 2873 de
2031 2837 2218 2882 manu,
2276 2832 2330 2875 et

747 2906 891 2961 latus
916 2907 1033 2976 ejus
1067 2910 1552 2963 transverberavit.
1607 2907 2043 2978 Coutpositoque
2075 2928 2141 2966 ex
2176 2928 2329 2967 more

745 2998 999 3052 cadaveri
1037 3014 1095 3053 se
1126 3000 1365 3053 moriens
1386 3000 1701 3069 superiecit,
1759 3018 1829 3054 ne
1877 3011 1999 3071 post
2040 3002 2325 3073 virginalia

746 3090 957 3144 fmdera
994 3091 1221 3143 alterius
1271 3093 1477 3143 coitum
1536 3094 1853 3147 sustineret.
1918 3092 2222 3163 Xenophon
2272 3097 2326 3149 in

746 3182 872 3253 Cyri
905 3182 1126 3251 majoris
1140 3182 1327 3237 scribit
1348 3182 1599 3246 infantia,
1625 3185 1813 3239 occiso
1833 3185 2110 3240 Abradote
2145 3186 2162 3218 ¹
2184 3187 2324 3251 viro,
2352 3220 2397 3281 Ο

746 3290 909 3343 quem
940 3274 1179 3328 Panthea
1203 3290 1341 3327 uxor
1363 3274 1501 3329 miro
1519 3290 1706 3331 amore
1728 3277 2010 3341 dilexerat,
2029 3278 2328 3334 collocasse

747 3382 808 3421 se
830 3365 981 3435 juxta
1016 3381 1215 3434 corpus
1248 3365 1510 3429 lacerum,
1544 3377 1599 3421 et
1628 3367 1889 3421 confosso
1921 3379 2164 3437 pectore,
2199 3386 2329 3424 san-

752 3457 967 3526 guinem
1003 3474 1160 3511 sumn
1192 3458 1370 3511 tnariti
1405 3457 1671 3513 infudisse
1728 3459 2073 3514 vulneribus.
2118 3459 2329 3515 Justam

749 3565 974 3603 causam
1011 3550 1155 3620 regis
1185 3550 1470 3604 occidendi
1508 3550 1718 3620 putavit
1755 3566 1909 3617 uxor,
1970 3568 2133 3621 quam
2169 3554 2333 3607 mari-

747 3642 1063 3696 tusnndam
1097 3644 1117 3673 '
1140 3645 1319 3696 amico
1348 3658 1448 3697 suo
1480 3655 1535 3695 et
1583 3642 1930 3714 ignorantem
1986 3654 2331 3699 monstrave-

754 3745 857 3789 rat.
890 3734 1161 3790 Judicavit
1197 3734 1340 3788 enim
1384 3750 1443 3789 se
1498 3750 1607 3790 non
1640 3734 1833 3797 amari.
1893 3750 2015 3801 qua:
2058 3743 2115 3790 et
2174 3735 2332 3789 alteri

752 3829 1189 3897 possetostcudi.
1222 3827 1608 3897 lihodogune,’
1633 3828 1737 3881 (ilia
1765 3828 1928 3894 Darii,
1959 3838 2082 3897 post
2103 3839 2331 3882 mortem

758 3922 881 3983 viri,
912 3922 1181 3973 nutricem
1218 3935 1340 3989 quae
1378 3920 1455 3973 illi
1484 3921 1753 3974 secundas
1784 3920 2001 3987 nuptias
2033 3922 2331 3989 persuade-

757 4017 871 4081 bat,
903 4016 1123 4069 occidit.
1164 4014 1405 4068 Alcestin
1459 4012 1652 4068 fabula:
1702 4012 1883 4067 ierunt
1934 4030 2034 4083 pro
2094 4014 2327 4069 Admeto

752 4118 951 4176 sponte
982 4109 1299 4162 defunctam
1339 4124 1351 4160 :
1393 4106 1554 4176 312
1608 4115 1662 4160 et
1717 4105 2018 4175 Penelopes
2073 4108 2331 4176 pudicitia

759 4201 979 4256 ilomeri
1011 4216 1233 4254 carmen
1281 4208 1387 4255 est.
1422 4198 1717 4253 Laodamia
1767 4216 1987 4268 quoque
2049 4211 2331 4267 poetarum

755 4312 849 4349 ore
881 4301 1155 4357 cantatur,
1196 4292 1381 4346 occiso
1436 4290 1582 4360 apud
1617 4289 1835 4362 Trojam
1866 4292 2187 4355 Protesilae,
2239 4309 2336 4347 uo-

757 4390 925 4443 luis~e
956 4387 1328 4453 sitpervivere.

830 4481 915 4534 46.
950 4479 1196 4533 Mulieres
1240 4478 1493 4533 Romanu:
1522 4480 1769 4551 insignes.
1811 4508 1881 4519 —-
1919 4478 1998 4533 Ad
2059 4480 2334 4535 Romanas

2434 602 2506 655 tia
2544 611 2849 655 monstrum
2879 614 3016 666 erat,
3044 618 3150 657 non
3178 603 3392 657 vitium.
3430 603 3480 658 is
3512 605 3620 672 jam
3645 618 3809 657 senex
3831 613 3879 651 et
3906 612 4016 655 tre-

2431 695 2595 747 menti
2632 710 2860 763 corpore
2894 694 2947 747 in
2999 696 3232 764 quodam
3255 697 3430 767 jurgio
3460 695 4013 761 audivitexprnbrari

2429 788 2529 841 sibi
2566 802 2627 841 os
2658 787 2929 848 fmtidum.
2955 797 3007 841 et
3045 788 3214 843 tristis
3233 804 3292 843 se
3312 789 3533 843 domum
3570 788 3825 841 contulit.
3849 787 4016 840 (ἔντη-

2430 900 2536 950 que
2568 883 2718 936 uxori
2748 895 2979 954 questus
3022 893 3169 938 esset
3233 899 3405 952 quare
3443 898 3723 953 nttnqua'u
3780 897 3838 935 se
3898 898 4015 933 mv-

2428 973 2662 1038 nuisset,
2692 984 2749 1027 ut
2777 974 2901 1028 huic
2933 975 3065 1029 vitio
3093 974 3437 1029 mederetur:
3473 975 3772 1037 FCClSSCnl,
3832 973 4013 1037 inquit

2430 1063 2543 1126 illa,
2571 1065 2672 1117 nisi
2710 1074 2983 1132 putassem
3016 1066 3273 1119 omnibus
3314 1065 3447 1119 viris
3466 1066 3544 1119 sic
3573 1081 3634 1119 os
3664 1064 3838 1118 olere.
3870 1062 4014 1116 Lau-

2426 1153 2604 1207 danda
2637 1156 2690 1209 itt
2725 1166 2953 1225 utroque
3017 1157 3212 1226 pudica
3247 1167 3303 1212 et
3350 1157 3549 1211 nobilis
3592 1155 3815 1215 femina,
3847 1162 3900 1209 et
3967 1152 4011 1205 si

2429 1247 2701 1317 ignoravit
2728 1250 2915 1304 vitium
2941 1250 3066 1313 viri,
3103 1262 3158 1305 et
3182 1251 3226 1307 si
3277 1250 3551 1321 patienter
3604 1248 3751 1312 tulit,
3777 1259 3831 1300 et
3866 1247 4012 1314 quod

2429 1340 2657 1393 maritos
2696 1340 3072 1396 infelicitatem
3098 1344 3347 1413 corporis
3372 1358 3479 1407 sui,
3507 1356 3611 1394 non
3640 1340 3825 1393 uxoris
3859 1338 4013 1390 fasti-

2428 1433 2539 1494 dio,
2576 1434 2670 1487 sed
2697 1433 2986 1489 maledicto
3007 1434 3180 1488 sensit
3204 1434 3435 1489 inimici.
3465 1433 3622 1487 Certe
3652 1448 3773 1501 quae
3814 1445 4014 1483 secun-

2428 1526 2554 1578 duut
2586 1524 2742 1580 'dncit
2770 1528 3048 1594 maritum,
3080 1526 3186 1582 hoc
3235 1542 3345 1582 non
3376 1534 3553 1595 potest
3578 1524 3777 1578 dicere.
3808 1520 4008 1574 Marcia

2428 1618 2653 1673 Catonis
2680 1617 2786 1672 ﬁlia
2815 1620 3016 1683 minor,
3047 1635 3170 1675 cum
3194 1628 3533 1689 quatreretur
3562 1619 3628 1671 ab
3665 1630 3728 1670 ea
3760 1630 3861 1669 cur
3891 1624 4013 1682 post

2428 1713 2686 1765 amissum
2734 1714 2988 1765 maritum
3046 1712 3227 1767 denuo
3257 1726 3364 1767 non
3416 1711 3665 1771 nuberet,
3726 1707 4011 1777 respondit

2430 1818 2539 1856 non
2564 1817 2621 1855 se
2656 1803 2901 1857 invenire
2946 1804 3120 1857 virum
3180 1805 3271 1873 qui
3329 1818 3387 1859 se
3420 1801 3587 1873 magis
3640 1801 3800 1853 vellet
3848 1813 4009 1866 quam

2430 1909 2547 1947 sua.
2590 1893 2710 1959 Quo
2736 1894 2884 1949 dicto
2920 1895 3161 1950 ostendit
3190 1896 3211 1927 δ
3254 1896 3476 1950 divitias
3534 1893 3704 1963 magis
3737 1892 3789 1945 itt
3823 1890 4011 1943 uixeri-

2431 1988 2533 2043 bus
2553 1989 2672 2058 eligi
2700 1989 2897 2053 solere,
2935 2004 3096 2058 quam
3134 1988 3492 2057 pudicitiam,
3532 1997 3586 2041 et
3640 1986 3848 2038 multos
3901 1997 4010 2035 non

2432 2082 2603 2136 oculis
2664 2083 2758 2137 sed
2824 2082 3010 2150 digitis
3066 2096 3262 2136 uxores
3313 2080 3533 2134 ducere.
3593 2077 3813 2147 Optima
3884 2090 4014 2129 sane

2431 2189 2557 2237 res,
2623 2190 2784 2242 quam
2848 2173 3077 2228 avaritia
3146 2172 3421 2228 conciliat.
3481 2169 3682 2223 Eadem
3741 2184 3869 2223 cum
3936 2170 4016 2220 lu-

2432 2274 2581 2333 geret
2605 2266 2807 2329 virum,
2847 2275 2902 2319 et
2938 2273 3201 2318 matrona!
3248 2263 3317 2317 ab
3356 2277 3419 2316 ea
3475 2269 3784 2329 quaererent
3848 2273 4017 2327 quem

2433 2358 2573 2411 diem
2602 2358 2827 2412 haberet
2874 2358 3053 2412 luctus
3092 2356 3363 2416 ultimunt,
3402 2355 3522 2409 ait:
3555 2356 3727 2420 Quem
3773 2363 3819 2403 et
3868 2351 4015 2404 vine.

2434 2452 2704 2513 Arbitror,
2736 2464 2854 2518 quae
2918 2449 2993 2503 ita
3033 2449 3210 2501 virum
3263 2450 3542 2516 quaret-at
3588 2446 3897 2501 absentem.
3954 2443 4020 2495 de

2434 2542 2680 2594 secundo
2706 2539 3057 2594 tnatrimOnio
3080 2553 3190 2592 non
3218 2537 3509 2605 cogitabat.
3537 2536 3738 2589 Brutus
3767 2535 4019 2588 Porciaut

2432 2632 2696 2701 virginem
2733 2631 2887 2685 duxit
2914 2645 3175 2693 uxorem;
3211 2628 3465 2682 Marciam
3523 2628 3659 2681 Cato
3688 2641 3796 2678 non
3853 2625 4020 2692 vita}-

2431 2739 2597 2786 nem;
2626 2724 2720 2777 sed
2748 2722 2947 2777 Marcia
2983 2722 3127 2775 inter
3172 2719 3525 2775 Hortensium
3560 2721 3580 2751 ⁵
3637 2717 4021 2783 Catonemque

2432 2816 2715 2881 discurrit,
2748 2826 2801 2870 et
2834 2817 2955 2870 sine
3022 2813 3230 2869 Catone
3287 2814 3472 2866 vivere
3526 2811 3725 2865 Marcia
3788 2811 4018 2879 po'nit;

2432 2909 2625 2963 Porcia
2658 2908 2778 2962 sine
2801 2908 2971 2961 Bruto
2994 2922 3101 2961 non
3137 2906 3336 2976 potuit.
3377 2903 3547 2974 Magis
3578 2902 3722 2957 enim
3749 2917 3808 2955 se
3838 2903 4020 2953 unicis

2431 3004 2562 3056 viris
2592 3002 2862 3071 applicant
2890 3000 3108 3055 femina:
3134 3014 3149 3066 ;
3174 2996 3385 3053 etniltil
3439 2996 3586 3049 aliud
3654 3010 3835 3057 nosse,
3902 3009 4021 3045 ma-

2430 3110 2595 3164 gnum
2627 3093 2881 3147 arctioris
2912 3091 3267 3162 indulgentia:
3301 3088 3578 3143 vinculum
3640 3097 3741 3140 est.
3781 3087 4021 3137 Anniam

2432 3186 2919 3255 cumpmpinquus
2974 3192 3245 3244 moneret,
3287 3192 3346 3236 ut
3401 3180 3553 3233 alteri
3608 3179 3727 3231 viro
3781 3178 4022 3229 nuberet

2436 3280 2575 3343 (esse
2596 3279 2738 3332 enim
2760 3280 2808 3332 ei
2840 3285 2894 3332 et
2913 3286 3129 3332 tetatem
3153 3276 3508 3343 integram,et
3536 3270 3732 3325 facient
3753 3270 3980 3333 bonam)
4006 3284 4020 3321 :

2434 3370 2811 3439 Nequaquam,
2842 3370 3040 3437 inquit.
3070 3368 3171 3421 hoc
3200 3364 3419 3420 faciam.
3457 3362 3682 3417 Sieuim
3710 3361 3888 3414 virum
3922 3361 4019 3414 bo-

2433 3462 2906 3523 numinvenero‘,
2943 3462 3071 3513 nolo
3108 3460 3303 3513 timere
3331 3456 3493 3528 313
3536 3470 3603 3509 ne
3652 3455 3876 3523 perdam
3910 3470 3925 3518 ;
3974 3455 4022 3507 si

2434 3556 2658 3615 malum.
2693 3554 2821 3621 quid
2859 3569 3083 3608 necesse
3138 3562 3221 3607 est
3276 3562 3398 3621 post
3449 3555 3652 3605 bonum
3716 3550 4022 3617 pessimum

2434 3650 2708 3703 sustinere
2728 3648 2751 3700 ?
2774 3646 2967 3702 Porcia
2993 3648 3176 3700 minor
3193 3660 3316 3698 cutn
3344 3644 3666 3698 laudaretur
3700 3642 3848 3711 apud
3899 3657 4023 3695 eam

2436 3741 2681 3809 quaedam
2704 3740 2842 3793 bene
2871 3750 3102 3801 morata,
3126 3752 3247 3807 qua:
3282 3735 3581 3791 secundum
3612 3734 3849 3787 habebat
3908 3746 4023 3785 ma-

2436 3832 2624 3897 ritum,
2656 3830 2941 3899 respondit
2980 3845 2994 3883 :
3027 3828 3177 3883 Felix
3235 3836 3290 3881 et
3330 3828 3525 3896 pudica
3568 3836 3818 3879 matrona
3878 3839 4024 3876 ltllll-

2436 3938 2597 3993 quain
2634 3931 2998 3991 praeterquam
3044 3919 3212 3973 semel
3244 3918 3416 3971 nubit.
3454 3916 3705 3970 Marcella
3733 3916 3907 3985 major
3937 3932 4026 3967 ro-

2436 4024 2556 4086 gata
2574 4030 2603 4068 a
2621 4023 2793 4068 matre
2831 4028 2929 4066 sua
2962 4009 3297 4081 gauderetne
3316 4023 3374 4062 se
3394 4008 3671 4077 nupsisse,
3694 4006 3985 4074 respondit
4006 4023 4024 4061 °.

2440 4108 2514 4162 Ita
2546 4106 2729 4171 valde,
2782 4115 2841 4159 ut
2869 4103 3105 4172 amplius
3145 4103 3335 4155 nolim.
3392 4098 3603 4154 Valeria
3664 4098 4024 4152 Messalarutn

2438 4216 2615 4262 soror,
2636 4198 2837 4252 amisso
2862 4195 3053 4249 Servio
3082 4194 3220 4257 viro,
3245 4194 3376 4248 nulli
3400 4192 3613 4247 volebat
3643 4192 3869 4245 nubere.
3887 4194 4024 4254 Quae

2439 4294 2771 4361 interrogata
2808 4305 2906 4343 cur
2951 4286 3171 4351 faceret,
3201 4288 3275 4338 ait
3330 4284 3431 4338 sibi
3488 4297 3707 4351 semper
3758 4284 4021 4335 mat-itum

2438 4386 2688 4441 Servium
2722 4384 2921 4435 virere.

2510 4478 2599 4532 47.
2648 4476 2991 4543 Theophrasti
3023 4474 3086 4527 de
3121 4472 3337 4535 Nuptiis
3377 4471 3533 4524 liber.
3592 4467 3785 4523 Uxoris
3845 4471 4025 4519 duriti-

759 4573 989 4628 feminas
1020 4584 1293 4626 transeam
1320 4589 1337 4637 ;
1372 4583 1426 4626 et
1458 4571 1688 4640 primatu
1746 4586 1939 4637 ponam
1997 4570 2328 4634 Lucretiam,
2369 4583 2409 4637 ο
2440 4569 2797 4625 incommoda.
2833 4566 2896 4620 Ρι
2911 4575 3059 4633 apter
3086 4563 3223 4633 quod
3252 4564 3503 4615 dicuntur
3533 4577 3747 4614 uxores.
3776 4559 4025 4613 Stultitia

758 4680 879 4732 qua!
918 4662 1131 4716 violatte
1149 4663 1425 4729 pudicitite
1459 4661 1651 4713 nolens
1670 4660 2043 4727 supervivere,
2066 4662 2331 4713 maculant

758 4752 1004 4823 Corporis
1040 4767 1234 4806 cruore
1261 4752 1480 4805 delevit.
1534 4748 1761 4805 Duillius
1791 4748 1905 4819 [ΑΙ.
1943 4747 2206 4819 Duellius]
2244 4750 2332 4816 qui

762 4848 967 4915 primus
991 4846 1177 4900 Roma:
1200 4845 1375 4897 navali
1412 4844 1709 4897 certamine
1735 4842 2109 4910 triumphavit,
2142 4840 2333 4894 Biliatn

763 4940 1025 5010 virgian
1074 4938 1230 4993 duxit
1282 4951 1531 5000 uxorem,
1562 4943 1723 4989 tanta:
1780 4934 2075 5003 puditicite,
2126 4943 2183 4987 ut
2244 4934 2335 4987 illo

834 5097 849 5126 ¹
880 5092 1208 5145 Veronensis
1240 5094 1333 5146 lib.
1370 5089 1661 5151 Abradate,
1710 5089 2087 5143 Cisterciensis
2119 5089 2335 5153 Abrate,

762 5162 1145 5218 Casanatensis
1180 5161 1453 5215 Abrudite.
1493 5160 1613 5215 Vid.
1648 5160 2089 5226 Xenophontem.
2120 5162 2215 5213 lib.
2243 5177 2335 5214 vn.

766 5234 887 5288 Mox
924 5246 1139 5300 quoque
1164 5231 1401 5287 Phantia
1450 5232 1504 5285 in
1539 5241 1728 5286 nostro
1765 5246 1867 5283 ms.
1922 5230 2202 5284 invenitur
2240 5248 2337 5300 pro

766 5306 1034 5359 Parit/tea.

836 5378 857 5405 ‘
883 5374 1037 5427 Falso
1067 5375 1410 5432 Martianmus
1431 5390 1588 5439 quam
1614 5372 1815 5424 amicus
1850 5369 2069 5431 nudum,
2091 5379 2222 5432 etc.,
2245 5387 2339 5438 pro

770 5446 1011 5505 maritus,
1035 5460 1091 5501 ut
1116 5446 1463 5500 habetttmss.
1502 5458 1692 5495 omnes
1727 5451 1885 5504 atque
1910 5439 2039 5491 editi
2076 5443 2339 5494 vetustiu-

772 5530 878 5567 rt-s.
920 5514 1205 5572 Ilistoriam
1242 5514 1553 5569 Herodotus
1584 5520 1767 5564 narrat
1791 5511 1855 5563 de
1890 5509 2191 5572 Candaule,
2228 5512 2342 5565 sive

770 5584 1027 5641 Mvts‘l‘o.

864 5602 872 5633 I
1016 5627 1027 5639 .

826 5601 1254 5711 y'S(3b:;tn:ttt3ns.
1276 5653 1542 5707 thodone.
1564 5651 1683 5705 \‘id.
1702 5652 2089 5705 Philostratum
2116 5654 2166 5703 in
2190 5650 2325 5702 l'ltzt-

772 5724 1007 5793 ginihus.
1044 5726 1115 5781 De
1142 5726 1352 5779 Alceste
1386 5722 1715 5791 Euripidem.
1742 5722 1983 5789 Beli-pix.
2009 5722 2181 5774 obvim
2210 5738 2322 5771 tnu-

775 5795 856 5864 gis
882 5796 1123 5849 hislnsia:
1157 5805 1208 5847 et
1237 5795 1449 5848 fabula).

851 5863 867 5895 ³
910 5864 1031 5920 Mss.
1068 5870 1179 5931 Quo
1222 5868 1351 5917 dicit:
1390 5865 1651 5929 (fruantur
1686 5861 1929 5929 catmu’it,
1968 5870 2071 5913 rt-c.
2106 5859 2139 5909 ’γ’
2171 5860 2342 5913 Notio

2438 4661 2709 4714 hominum
2736 4674 2836 4710 non
2863 4674 3007 4709 rara.
3040 4653 3302 4707 -—Scnlio
3337 4654 3387 4706 itt
3416 4652 3661 4720 catalogu
3687 4650 4025 4704 feminarum

2440 4753 2611 4807 multo
2640 4766 2723 4803 me
2754 4750 2907 4819 plura
2942 4748 3145 4801 dixisse
3176 4760 3340 4813 quam
3403 4743 3779 4808 exemplorum
3818 4746 4027 4811 patitur

2439 4843 2800 4907 consuetudo,
2832 4851 2885 4895 ct
2914 4856 2941 4893 a
2980 4840 3182 4893 lectore
3207 4838 3425 4893 erudito
3465 4838 3613 4905 juste
3644 4850 3805 4902 posse
3834 4851 4023 4903 repre-

2441 4933 2625 4988 lzendi.
2652 4931 2760 4988 Sed
2811 4930 2939 5000 quid
2969 4928 3331 4993 iaciam,cnm
3364 4926 3496 4980 inihi
3521 4925 3780 4979 mulieres
3845 4928 4023 4979 llOsli‘l

2440 5100 2619 5143 autent
2652 5102 2751 5155 pro
2781 5085 2983 5138 .llarcia
3014 5082 3296 5153 legendum
3326 5082 3603 5155 videretur
3632 5080 3860 5155 Porcia;
3896 5098 4019 5135 nam

2442 5151 2749 5220 Μαγεὶαξυι
2774 5156 2955 5210 statim
2996 5151 3271 5215 subditur,
3308 5166 3417 5207 non
3468 5151 3598 5216 lilia,
3636 5154 3732 5205 sed
3753 5168 3887 5204 uxor
3919 5155 4022 5205 Ca-

2441 5230 2585 5283 tonis
2620 5228 2739 5281 fuit.

2513 5301 2532 5330 σ
2554 5297 2759 5351 Marcia
2786 5297 2921 5349 inter
2954 5292 3318 5355 Hortensium,
3356 5303 3465 5346 etc.
3499 5292 3852 5345 Discurrebat
3885 5292 4027 5344 .‘lar-

2444 5371 2525 5424 cia
2558 5368 2700 5423 inter
2731 5364 3078 5421 Hortensium
3118 5374 3173 5417 et
3228 5363 3513 5423 Catonem,
3591 5365 3740 5430 QUt:d
3802 5363 4025 5429 Illlltlllt'

2446 5440 2611 5493 fuerit
2652 5453 2811 5499 uxor,
2842 5446 2895 5487 et
2926 5446 3047 5499 post
3086 5434 3289 5486 liberos
3330 5443 3650 5493 procreitns
3689 5433 3897 5484 rediret
3956 5434 4020 5481 ad

2446 5512 2682 5577 priorem
2719 5509 2916 5559 virum.
2944 5503 3212 5577 Maenas.
3239 5502 3587 5577 -—__.'ll.trt-iant
3614 5501 3873 5577 aCa'nne
3902 5502 4023 5561 νρης

2448 5572 2562 5631 ἰὶνι)
2593 5577 2921 5631 Hortensius
2953 5576 3268 5626 obtinuerat
3295 5572 3589 5625 liberorum
3649 5587 3765 5638 ιιι-αι
3788 5572 4026 5623 remittu-

2448 5665 2564 5702 rum
2604 5649 2773 5715 gratia
2808 5662 2820 5703 ;
2853 5657 2987 5715 quo}
3024 5659 3145 5715 cum
3176 5642 3249 5715 illi
3278 5654 3618 5715 peperisset,
3661 5643 3727 5715 ad
3756 5642 4023 5715 Catonem

2448 5710 2667 5771 reversa
2703 5726 2806 5769 est.
2840 5710 2911 5766 lie
2949 5710 3160 5772 Porcia,
3202 5711 3315 5764 vid.
3346 5711 3624 5764 l’lntarclt.
3664 5712 3716 5762 in
3761 5710 3953 5763 Bruto.

2520 5789 2537 5817 ⁸
2573 5786 2743 5838 Verba
2770 5794 2822 5833 nt
2860 5794 2980 5834 ante
3020 5782 3175 5834 habiti
3217 5783 3301 5835 hic
3333 5782 3583 5850 supplent
3618 5782 4025 5835 t'lllC!l".1‘.ltt'-IC§

2454 5874 2577 5913 mss.
2604 5870 2649 5907 ei:
2685 5868 2834 5910 vetus
2877 5853 3057 5907 editio.
