4218 6464
736 393 834 456 991

734 527 847 579 gas.

735 605 1105 661 Licetccrtior
1131 606 1418 660 ltmreditas
1446 607 1540 670 sit,
1579 607 1702 660 dum
1729 606 1960 668 advivis,
1990 606 2128 658 bene
2153 606 2308 658 abuti

736 700 1038 754 substantia
1075 709 1185 761 tua.
1212 717 1374 770 quam
1406 711 1498 754 tuo
1527 701 1712 754 labore
1733 701 1957 770 quaesita
1989 700 2042 752 in
2069 700 2310 754 incertos

738 809 869 848 usus
897 793 1235 862 relinquere.
1283 813 1300 845 ι

806 886 896 942 48.
931 885 1120 941 Omnia
1155 888 1298 942 mala
1347 902 1412 941 ea:
1458 887 1790 942 mulieribus.
1849 885 2113 950 Epicurus
2161 887 2311 941 volu-

735 981 898 1045 ptatis
952 995 1208 1033 assertor.
1253 979 1399 1034 lovis
1449 981 1720 1037 Cornelius
1758 991 1807 1032 et
1864 979 2194 1033 Genet/ilius.
2243 1007 2312 1018 —-

738 1073 865 1126 Ha'c.
939 1082 995 1129 et
1073 1075 1451 1142 hujuscemodi
1517 1073 1932 1143 Theophrastus
2016 1075 2313 1136 disserens,

737 1183 898 1234 quem
927 1183 1034 1222 non
1079 1167 1355 1221 sull‘undat
1390 1168 1855 1228 Christianorum.
1898 1182 2137 1236 quorum
2181 1181 2316 1218 con-

740 1263 971 1315 versatio
1005 1270 1087 1315 est
1131 1264 1185 1315 in
1221 1263 1395 1326 cmlis,
1425 1263 1516 1326 qui
1568 1263 1815 1330 quotidie
1860 1261 2050 1315 dicunt
2094 1277 2104 1310 :
2147 1259 2314 1324 Cupio

735 1357 974 1420 dissolvi,
1010 1367 1056 1409 et
1088 1373 1201 1411 esse
1247 1373 1364 1410 cum
1408 1354 1616 1409 Christo
1657 1356 1914 1425 (Philipp.
1953 1369 1990 1415 ι,
2020 1354 2153 1422 9.3)?
2199 1352 2318 1405 Hze-

740 1448 926 1499 rcdem
1005 1447 1262 1500 nimirum
1327 1446 1665 1500 desiderabit
1732 1445 2006 1498 hominem
2070 1444 2317 1497 etiltzcres

739 1540 941 1593 Christi
970 1542 1068 1593 ‘let
1100 1541 1311 1609 optabit
1363 1541 1587 1603 liberm,
1623 1548 1996 1606 nepotnmqne
2045 1536 2187 1590 serie
2221 1536 2317 1589 de-

741 1634 1057 1696 lectabitur,
1106 1649 1246 1701 quos
1313 1633 1538 1686 forsitan
1589 1633 1658 1686 sit
1723 1639 2098 1700 occupaturus
2158 1629 2319 1682 Anti-

738 1727 1021 1794 cbtistus;
1060 1743 1182 1781 cum
1218 1727 1465 1797 legamus
1497 1725 1715 1796 Moysen
1747 1734 1801 1778 ct
1839 1721 2152 1778 Snmuelem
2192 1722 2320 1777 ﬁliis

740 1821 856 1873 suis
909 1820 1047 1874 alios
1094 1821 1257 1890 316
1304 1819 1633 1888 pra'tulissc:
1683 1834 1783 1873 nec
1830 1828 2054 1889 putasse
2118 1817 2318 1874 liberos

1926 395 1983 454 S.
2024 393 2335 452 EUSEBll
2379 393 2813 456 IIiERONYMI

924 525 1086 580 quam
1146 528 1322 580 quos.
1378 512 1514 569 velis
1572 511 1748 578 nolis,
1814 511 2018 566 habere
2074 513 2308 581 regaris.
2344 520 2384 574 Α
2420 523 2593 582 putet,
2645 516 2686 567 si
2743 531 3036 585 pauperem
3089 518 3326 586 duxerit,
3385 523 3517 576 satis
3566 538 3624 577 se
3685 529 4004 580 concordia:

3889 403 4003 464 ΞῗδΞ.)

2419 606 2747 674 providisse.
2797 607 3105 677 Philippum
3141 625 3322 681 regem
3367 611 3748 676 Macchnum,
3797 627 4000 667 contra

2417 715 2574 767 quem
2613 699 2989 754 Demosthenis
3021 702 3336 772 Philippica
3373 714 3585 768 tonant,
3618 707 4000 761 introeuntem

2417 803 2480 840 ex
2544 805 2689 843 more
2751 793 3064 846 cubiculum
3149 811 3285 847 uxor
3348 797 3580 851 exclusit
3643 798 3779 852 irata
3845 797 4003 866 :qui

2419 884 2670 938 est-lusus
2734 886 2944 952 tacuit,
3003 898 3057 941 et
3134 888 3385 956 iniuriam
3440 907 3593 945 suam
3660 907 3816 946 versu
3881 903 4004 945 tra-

2419 980 2539 1048 gico
2600 981 2915 1033 consolatus
3000 990 3104 1036 est.
3161 982 3387 1051 Cergias
3437 987 3456 1016 ⁸
3535 984 3723 1041 rhetor
3790 984 4004 1040 librum

2421 1071 2844 1137 pulcherrimum
2913 1071 2979 1125 de
3066 1074 3360 1127 concordia
3425 1073 3630 1128 Graecis
3709 1085 3837 1127 tunc
3915 1075 4007 1126 in-

2422 1171 2502 1213 ter
2561 1177 2618 1214 se
2675 1162 3064 1216 dissidsntibus
3098 1165 3346 1218 recitavit
3388 1161 3672 1235 Olynpie.
3722 1164 3820 1219 Cui
3890 1163 4008 1218 Me-

2421 1253 2664 1308 lambius
2696 1256 2949 1312 inimicus
2976 1260 3095 1323 eius
3127 1272 3140 1309 :
3181 1255 3278 1310 llic
3308 1259 3485 1324 nobis,
3521 1259 3715 1328 inquit,
3768 1259 3834 1312 de
3868 1275 4009 1311 con-

2422 1344 2604 1396 cordia
2642 1344 2909 1414 przecipil,
2942 1346 3034 1413 qui
3068 1360 3128 1399 se
3163 1354 3218 1398 et
3247 1361 3470 1400 uxorem
3513 1357 3566 1400 et
3603 1347 3855 1400 ancillam
3889 1357 4008 1400 tres

2425 1435 2475 1489 ia
2517 1453 2620 1488 una
2657 1437 2818 1490 domo
2859 1441 3192 1492 concordare
3223 1454 3332 1492 non
3384 1440 3580 1508 potuit.
3615 1438 4011 1494 lituulabatur

2421 1528 2586 1602 317
2625 1529 2824 1600 quippe
2860 1546 2996 1583 uxor
3019 1532 3140 1603 ejus
3170 1530 3442 1585 ancillula:
3483 1532 3902 1600 pulchritudini,
3948 1544 4009 1587 et

2421 1623 2788 1676 castissimum
2824 1625 3006 1676 virum
3053 1624 3389 1694 quotidianis
3433 1624 3631 1695 jurgiis
3666 1625 3997 1696 exagitabat.

2423 1714 2574 1769 Totae
2629 1714 2902 1784 Euripidis
2960 1719 3238 1786 tragmdia:
3297 1716 3347 1769 in
3408 1718 3667 1772 mulieres
3710 1717 4003 1772 maledicta

2423 1817 2570 1861 sunt.
2601 1808 2753 1862 Unde
2783 1819 2839 1863 et
2885 1807 3222 1866 llermione‘
3272 1810 3514 1882 loquitur
3557 1827 3571 1865 :
3611 1810 3879 1864 Malorum
3928 1827 4013 1864 me

743 1928 884 1978 quos
918 1913 1176 1966 videbant
1230 1912 1459 1966 Domino
1507 1911 1837 1980 displicere?
1868 1912 2062 1964 Cicero
2106 1919 2326 1980 rogatus
2361 1894 2399 1954 Β
2430 1903 2712 1956 mulierum
2763 1905 3010 1972 decepere
3056 1907 3298 1961 consilia.
3336 1908 3394 1962 ln
3452 1906 3608 1976 Lepti
3661 1908 3796 1962 urbe
3836 1908 4012 1967 senii.

742 2007 810 2057 ab
871 2003 1068 2068 llirtio,
1107 2015 1166 2058 ut
1235 2013 1357 2072 post
1406 2004 1693 2073 repudium
1748 2003 2022 2056 Terentia:
2076 2016 2320 2055 sororem

742 2099 860 2167 ejus
881 2098 1130 2159 duceret.
1154 2098 1385 2152 omnino
1409 2099 1588 2151 facere
1615 2095 1945 2165 supersedit.
1972 2094 2164 2147 dicens
2216 2109 2324 2147 non

746 2207 907 2260 posse
937 2207 994 2247 se
1026 2192 1185 2246 uxori
1212 2201 1267 2246 et
1294 2191 1654 2261 philosOphiae
1677 2189 1883 2260 pariter
1925 2198 2146 2257 operam
2172 2186 2326 2244 dare.

745 2287 835 2338 Illa
894 2286 1114 2340 interim
1163 2284 1360 2352 conjux
1413 2283 1650 2352 egregia.
1709 2292 1766 2336 et
1803 2296 1924 2352 quze
1974 2280 2042 2335 de
2087 2280 2328 2336 fontibus

744 2374 1017 2428 Tullianis
1089 2374 1347 2427 hauserat
1393 2373 1744 2441 sapientiam,
1818 2372 2004 2440 nupsit
2073 2370 2330 2426 Sallustio

743 2469 965 2521 inimico
993 2467 1136 2535 ejus,
1179 2475 1236 2520 et
1265 2465 1430 2519 tertio
1473 2464 1720 2519 Messala:
1768 2464 2030 2530 Corvino,
2083 2475 2136 2519 et
2175 2465 2328 2534 quasi

749 2576 845 2628 per
869 2559 1135 2630 quosdam
1166 2558 1368 2628 gradus
1411 2557 1744 2628 eloquentiae
1773 2556 2029 2612 devoluta
2077 2570 2181 2612 est.
2229 2558 2332 2612 So-

742 2663 922 2706 crates
951 2649 1263 2720 Xantippen
1293 2661 1346 2704 et
1382 2649 1569 2722 Myron
1637 2658 1856 2719 neptem
1899 2650 2155 2705 Aristidis
2185 2650 2327 2705 duas

744 2745 978 2798 habebat
1009 2757 1230 2798 uxores.
1261 2746 1391 2809 Quae
1415 2759 1538 2797 cum
1568 2745 1765 2797 crebro
1797 2741 1938 2797 inter
1964 2743 2334 2813 sejnrgaren-

746 2847 852 2898 tur,
893 2846 947 2891 et
974 2837 1062 2890 ille
1092 2851 1183 2890 eas
1227 2835 1459 2889 irridere
1499 2844 1642 2889 esset
1676 2836 1893 2898 solitus,
1927 2836 2072 2904 quod
2105 2845 2332 2905 propter

746 2945 806 2981 se
843 2929 1201 2983 fmilia-simum
1253 2917 1558 2988 hominem,
1609 2925 1765 2981 simis
1813 2926 2063 2992 naribus,
2109 2925 2324 2980 recalva

751 3021 911 3093 (nm.
948 3018 1202 3091 recurva]
1232 3019 1440 3082 fronte,
1466 3018 1657 3089 pilosis
1689 3017 1958 3082 humeris,
1992 3027 2048 3073 et
2081 3019 2337 3087 repandis

758 3115 1042 3176 cruribus.
1068 3113 1474 3182 disceptarent:
1511 3111 1811 3166 novissime
1832 3119 2117 3165 verterunt
2141 3111 2196 3166 in
2213 3126 2338 3168 eum

762 3209 1055 3277 impetum,
1111 3215 1167 3260 et
1217 3204 1359 3259 male
1417 3203 1706 3258 multatum
1775 3202 2188 3274 fugientemque
2245 3203 2336 3256 diu
2365 3251 2407 3277 ﬂ

754 3309 1055 3368 persecuta:
1083 3306 1231 3352 sunt.
1257 3294 1505 3363 Quodam
1537 3307 1720 3353 autem
1761 3305 2010 3366 tempore
2054 3311 2179 3350 cum
2214 3295 2335 3354 inll-

751 3393 864 3445 uita
899 3392 1146 3446 convicia
1177 3405 1245 3444 ex
1277 3388 1551 3459 superiori
1587 3389 1707 3443 loco
1731 3387 2004 3460 ingerenti
2041 3388 2334 3457 Xantippas

751 3485 1072 3547 restitisset,
1113 3497 1251 3552 aqua
1283 3480 1536 3549 perfusus
1573 3481 1877 3549 immunda,
1913 3481 2048 3534 nihil
2092 3479 2330 3550 amplius

755 3578 1074 3647 respondit,
1154 3590 1315 3644 quam
1367 3575 1543 3644 capite
1593 3573 1857 3631 deterso:
1897 3572 2183 3638 Sciebam,
2246 3577 2335 3628 ln-

751 3672 892 3738 quit.
936 3669 1181 3723 futurum
1241 3676 1300 3721 ut
1323 3667 1425 3721 ista
1468 3664 1706 3720 tonitrua
1771 3665 1946 3719 imber
1987 3676 2334 3733 sequeretur.

755 3764 821 3815 L.
859 3761 1019 3831 Syllae
1085 3760 1232 3830 (Vid.
1290 3759 1647 3817 Pwnncnuu
1701 3759 1754 3818 in
1806 3757 1982 3828 Sylla)
2027 3756 2224 3814 Felicis
2270 3759 2337 3825 (si

756 3872 866 3909 non
896 3856 1184 3909 habuisset
1216 3852 1463 3919 uxorem)
1495 3851 1709 3904 Metella
1769 3851 1968 3914 conjux
2022 3849 2195 3919 palam
2226 3859 2342 3903 erat

758 3947 1082 4018 impudica:
1121 3955 1176 3999 et
1224 3944 1375 4014 (quia
1428 3943 1711 3997 novissimi
1757 3943 1899 3996 mala
1938 3954 2124 3996 nostra
2176 3942 2341 3997 disci-

760 4044 904 4104 IIZ'IS)
951 4037 1005 4092 id
1055 4037 1289 4090 Athenis
1339 4035 1690 4095 cantabatur.
1722 4045 1778 4091 et
1808 4032 1950 4104 Sylla
2007 4035 2332 4104 ignorabat;

757 4141 1084 4198 secretaque
1135 4129 1330 4181 domus
1376 4143 1487 4179 suat
1533 4127 1772 4195 primum
1826 4126 2062 4180 hostium
2097 4127 2345 4181 convicio

759 4222 973 4277 didicit.
1007 4220 1109 4275 Cn.
1168 4218 1430 4289 Pompeio
1471 4217 1626 4288 (νεά.
1675 4217 1926 4271 eumdem
1963 4218 2015 4268 in
2074 4216 2339 4284 Pompeio)

765 4315 986 4368 Mutiam
1018 4327 1244 4366 uxorem
1295 4311 1650 4380 impudicam,
1741 4325 1904 4378 quam
1953 4307 2167 4365 Pontici
2215 4324 2344 4382 spa-

761 4407 956 4469 dones,
1009 4412 1066 4457 et
1126 4401 1510 4455 Mithridaticae
1570 4401 1883 4458 ambiebant
1927 4412 2183 4464 catervae.
2219 4415 2342 4457 cum

763 4516 889 4553 eum
946 4507 1205 4567 putarent
1257 4495 1438 4548 caeteri
1485 4496 1752 4550 scientem
1801 4494 1932 4564 pati,
1984 4495 2247 4550 indicavit
2290 4497 2342 4549 in

2433 1996 2690 2059 barbara.
2719 2007 2775 2052 et
2803 2004 2975 2068 posita
3003 1999 3056 2054 in
3090 1999 3410 2065 solitudine,
3441 2002 3606 2058 moris
3634 2010 3718 2054 est
3744 2010 3805 2054 ut
3831 2015 4012 2053 nurus

2429 2092 2597 2145 altera
2629 2091 2716 2146 die
2767 2108 2983 2147 socrum
3037 2093 3200 2148 ollam
3256 2104 3500 2148 mutuam
3555 2091 3673 2165 [ΑΙ.
3729 2089 4012 2164 mutuum]

2431 2184 2689 2255 postulet.
2724 2183 2825 2238 Cui
2859 2184 2949 2239 illa
2987 2186 3172 2240 statim
3214 2195 3418 2253 negat:
3459 2196 3521 2240 ut
3555 2187 3698 2241 scias
3729 2186 3862 2240 illud
3907 2201 4010 2238 ve-

2430 2295 2550 2333 rum
2581 2293 2702 2333 esse
2726 2276 2997 2338 Terentii.
3026 2278 3170 2348 quod
3206 2277 3460 2333 consulto
3494 2279 3746 2348 ambigue
3775 2278 4011 2337 extulit:

2435 2370 2575 2435 Quid
2605 2381 2680 2426 est
2718 2372 2851 2425 hoc?
2877 2387 3055 2425 omnes
3082 2387 3263 2424 socrus
3297 2373 3518 2425 oderunt
3537 2387 3721 2424 nurus.
3754 2369 4018 2441 Legimus

2432 2463 2726 2534 quemdam
2783 2465 2922 2534 apud
2981 2466 3260 2519 Romanos
3329 2463 3629 2528 nobilem‘,
3695 2479 3822 2518 cum
3883 2477 4015 2518 eum

2435 2557 2595 2611 amici
2633 2567 2948 2627 arguerent.
2977 2571 3148 2627 quare
3183 2570 3408 2610 uxorem
3447 2555 3740 2610 formosam
3788 2565 3846 2609 et
3888 2569 4018 2609 cas-

2437 2659 2546 2703 tam
2577 2661 2632 2704 et
2660 2649 2882 2703 divitem
2923 2649 3283 2717 repudiasset.
3318 2647 3660 2718 protendisse
3697 2645 3918 2717 pedem.
3960 2653 4022 2700 et

2437 2741 2646 2796 dixisse
2686 2741 2766 2796 eis
2805 2758 2818 2795 :
2857 2759 2874 2792 ι
2917 2739 2983 2795 Et
3013 2741 3103 2795 hic
3135 2755 3330 2796 soccus
3369 2755 3530 2810 quem
3569 2738 3816 2803 cernitis,
3859 2737 4022 2792 vide-

2439 2844 2524 2888 tur
2560 2834 2714 2888 vobis
2744 2849 2919 2888 novus
2960 2843 3017 2888 et
3052 2833 3273 2903 elegans
3312 2841 3446 2886 :seu
3475 2848 3638 2889 nemo
3681 2833 3784 2886 scit
3817 2842 4025 2901 praeter

2440 2941 2527 2980 me
2583 2925 2673 2980 ubi
2739 2941 2826 2980 tne
2884 2933 3113 2995 premat.
3151 2942 3170 2979 ι
3227 2923 3432 2980 Scribit
3493 2922 3824 2987 Herodotus,
3873 2923 4023 2993 quod

2442 3023 2640 3078 mulier
2683 3036 2809 3075 cum
2862 3030 3012 3075 veste
3069 3020 3309 3089 deponat
3347 3031 3405 3076 et
3457 3021 3844 3075 verecundiam
3864 3022 3907 3075 '.
3955 3021 4028 3077 Et

2444 3125 2629 3171 noster
2698 3113 2957 3167 Comicus
3008 3112 3348 3167 fortunatum
3406 3121 3580 3182 putat,
3642 3114 3733 3182 qui
3790 3128 4026 3167 uxorem

2443 3222 2722 3277 nunquam
2770 3207 3008 3266 duxerit.
3049 3204 3191 3276 Quid
3234 3205 3468 3261 referam
3513 3205 3847 3276 Pasiphaen.
3897 3207 4029 3278 Cly-

2449 3309 2823 3360 temnestram,
2859 3308 2913 3353 et
2935 3297 3252 3367 Eriphylam
3298 3315 3314 3352 :
3345 3315 3576 3369 quarum
3609 3303 3781 3369 prima
3809 3302 4030 3356 deliciis

2447 3393 2724 3448 diffluens.
2757 3393 2958 3462 quippe
2982 3393 3125 3460 regis
3154 3408 3312 3456 uxor,
3336 3393 3478 3446 tauri
3515 3393 3720 3448 dicitur
3745 3395 4032 3463 expetisse

2447 3484 2811 3548 concubitus,
2863 3483 3033 3536 altera
3089 3481 3357 3537 occidisse
3412 3482 3588 3536 virum
3647 3485 3717 3538 ob
3779 3501 4029 3544 amorem

2451 3575 2719 3643 adulteri;
2757 3577 2920 3629 tertia
2972 3574 3280 3645 prodidisse
3309 3575 3724 3645 Amphiaraum,
3778 3589 3832 3632 et
3864 3580 4032 3638 saluti

2449 3670 2550 3725 viri
2585 3669 2788 3724 monile
2815 3685 3044 3723 aureum
3075 3667 3401 3739 praetulisse.
3431 3668 3703 3739 Quidquid
3745 3673 4032 3740 tragmdia

2451 3773 2684 3824 tument.
2719 3772 2773 3816 et
2801 3762 3017 3826 domos.
3049 3762 3233 3824 urbes.
3262 3776 3537 3832 regnaque
3560 3765 3859 3828 subvertit,
3888 3781 4031 3820 uxo-

2454 3870 2571 3907 rum
2603 3855 2970 3924 pellicumque
3013 3854 3297 3908 contentio
3337 3863 3442 3907 est.
3476 3855 3778 3908 Armantur
3827 3871 4033 3924 paren-

2455 3958 2566 4002 tum
2593 3950 2645 4002 in
2672 3949 2875 4003 liberos
2899 3963 3092 4002 manus
3121 3964 3136 4012 ;
3163 3945 3413 4000 nefanda:
3434 3958 3786 4016 apponuntur
3812 3950 4030 4018 epulae;

2451 4051 2503 4093 et
2537 4051 2758 4110 propter
2784 4041 2944 4094 unius
2970 4040 3305 4098 mulierculae
3345 4050 3586 4108 raptum,
3622 4040 3833 4108 EttrOpa
3864 4053 4036 4106 atque

2451 4134 2577 4188 Asia
2612 4133 2894 4189 decennali
2921 4133 3062 4187 bello
3087 4131 3444 4199 confligunt'.
3467 4133 3740 4198 Quasdam
3775 4137 4039 4205 repudia-

2452 4233 2557 4288 tas.
2589 4225 2763 4279 altero
2786 4225 3098 4292 nuptiarum
3119 4223 3231 4286 die.
3272 4228 3453 4278 statim
3487 4226 3743 4295 nupsisse
3776 4225 4035 4294 legimus.

2452 4315 2692 4385 Uterque
2739 4316 3227 4386 reprehendendus
3260 4317 3516 4381 maritus,
3553 4327 3607 4370 et
3643 4317 3732 4370 cui
3777 4328 3885 4370 tam
3923 4321 4038 4373 cito

2454 4409 2753 4479 displicuit,
2785 4416 2839 4463 et
2887 4407 2975 4463 cui
3017 4418 3121 4462 tam
3158 4407 3272 4462 cito
3317 4407 3542 4478 placuit.
3567 4407 3839 4476 Epicurus
3877 4409 4040 4461 volu-

2455 4503 2564 4564 ptat
2577 4495 2622 4548 is
2637 4505 2876 4548 assertor
2889 4493 3223 4563 (quanquam
3237 4491 3574 4552 Metrodorus
3593 4493 3896 4562 discipulus
3910 4495 4038 4562 ejus

764 4587 1117 4659 expeditione
1165 4585 1490 4651 commilito,
1537 4595 1594 4641 et
1653 4586 1916 4640 victorem
1971 4587 2140 4641 totius
2196 4587 2345 4642 orbis
2379 4601 2419 4654 ι)
2451 4588 2734 4646 Leontiam
2765 4587 2881 4659 [ΑΙ.
2930 4587 3244 4659 Leontium]
3296 4587 3546 4642 habuerit
3599 4592 3848 4650 uxorein)
3906 4605 4036 4642 raro

769 4685 908 4737 tristi
936 4681 1131 4736 nuntio
1155 4679 1548 4734 consternavit.
1577 4677 1647 4732 Μ.
1673 4677 1810 4733 Cato
1830 4678 2134 4735 Censorius
2159 4679 2348 4734 habuit

771 4788 1009 4826 morem
1077 4769 1354 4824 Actoriam
1425 4767 1672 4834 Paulam,
1721 4769 1912 4823 humili
1971 4769 2090 4824 loco
2143 4779 2346 4831 natam.

770 4868 1106 4921 \itiolentam
1134 4865 1172 4929 ¹,
1224 4867 1608 4933 lmpotentem,
1647 4873 1702 4916 et
1752 4862 1918 4935 (quod
1965 4880 2128 4918 nemo
2167 4873 2347 4933 posset

768 4960 1013 5028 credere)
1038 4957 1232 5013 Catoni
1269 4957 1585 5026 superbam.
1626 4955 1739 5011 Hoc
1777 4957 1904 5012 ideo
1935 4957 2078 5022 dico,
2116 4971 2185 5012 ne
2224 4956 2350 5026 quis

846 5099 859 5127 ¹
903 5096 1033 5149 ΙῑΙιυΙ
1071 5093 1390 5147 vinolentum
1422 5094 1811 5147 Casanatensis
1855 5107 1960 5144 non
1992 5093 2152 5144 habet
2186 5107 2202 5144 :
2241 5092 2350 5144 duo

772 5170 860 5220 alii
901 5183 1032 5218 mss.
1060 5166 1341 5216 violentam
1372 5165 1574 5231 legunt,
1612 5172 1664 5215 et
1701 5178 1797 5231 pro
1828 5163 2164 5228 impotentem
2196 5173 2352 5215 vetus

776 5239 946 5289 «ditio
979 5235 1167 5287 mentis
1205 5238 1472 5300 impotem.

846 5311 863 5338 ’
907 5306 1156 5357 Mendose
1205 5317 1320 5356 erat
1357 5303 1628 5372 Georgius.

848 5380 866 5408 ³
904 5379 1154 5427 .‘mtatum
1196 5376 1247 5424 iu
1292 5370 1668 5426 Andr-mitacba
1721 5370 2008 5439 Tragmdia
2047 5372 2182 5424 hanc
2233 5387 2354 5425 esse

777 5449 1103 5501 sententiam
1136 5461 1148 5495 :
1185 5444 1369 5496 κακῶν
1401 5444 1680 5508 γυναικῶν
1705 5441 1898 5494 εἴσοδοι
1940 5442 1991 5508 μ’
2033 5441 2351 5494 ἀπώλεσαν.

847 5523 867 5548 ⁵
914 5517 1092 5568 Refert
1127 5531 1189 5568 ev
1244 5514 1514 5566 Plutarchi
1554 5517 1690 5565 libro
1741 5515 1802 5564 tle
1838 5511 2182 5577 Nuptialibus
2215 5528 2354 5578 prte-

777 5591 936 5652 reptis
967 5587 1246 5638 Strobzeus
1275 5601 1440 5637 εει-ιιι.
1474 5583 1576 5637 7'2:
1627 5584 1686 5634 '(l
1733 5581 2035 5648 Ῥωμαῖος,
2072 5582 2179 5633 ὑπὸ
2242 5582 2354 5631 τῶν

779 5665 950 5723 φίλων
995 5655 1446 5722 iaculis-zeugma;
1503 5655 1583 5704 ὅτι
1662 5653 1915 5722 σώφρονα
1973 5655 2210 5718 γυναῖκα
2261 5652 2357 5723 xei.

779 5721 1067 5786 ὲεὶουσίαν,
1109 5739 1202 5774 και.
1230 5721 1440 5790 ὡραίαν
1474 5721 1864 5790 ἀπεπέμψπο,
1907 5724 1968 5773 τὸ
1995 5723 2234 5773 καλίδιον
2261 5721 2358 5771 αὺ-

779 5806 888 5860 τοῖς
925 5799 1232 5865 προτείνας,
1280 5799 1383 5848 Καὶ
1407 5797 1514 5862 γὰρ
1543 5794 1716 5857 suam,
1748 5796 1872 5860 ἔφη,
1903 5793 2065 5844 καλὸν
2097 5794 2225 5843 ἰδεῖν
2266 5794 2358 5843 7.1!

782 5863 990 5932 7.1mm,
1026 5865 1142 5918 ἀλλ’
1177 5868 1349 5927 0063;
1397 5863 1538 5916 οἶδεν
1569 5868 1700 5917 ὅπλυ
1741 5883 1807 5929 με
1845 5864 2041 5916 υλίῦει.

2451 4682 2584 4737 dicit
2625 4681 2858 4751 sapienti
2887 4680 3126 4740 ineunda
3156 4681 3433 4750 coniugia.
3469 4682 3594 4749 quia
3630 4681 3800 4732 multa
3829 4681 4039 4734 incom-

2451 4774 2609 4828 moda
2641 4774 2873 4828 admista
2911 4786 3039 4827 sunt
3069 4774 3296 4843 nuptiis.
3327 4771 3391 4824 Et
3440 4773 3715 4841 quomodo
3745 4772 3951 4826 divitize
3984 4785 4042 4826 ct

2456 4866 2689 4920 honores
2716 4875 2770 4919 et
2797 4880 3088 4935 corporum
3115 4864 3401 4926 sanitates.
3425 4872 3482 4916 et
3507 4875 3702 4918 caetera
3725 4879 3846 4934 quae
3876 4865 4045 4918 indif-

2457 4958 2681 5013 ferentia
2712 4959 3080 5021 nominamus,
3122 4973 3220 5011 nec
3251 4957 3388 5011 bona
3431 4971 3529 5011 nec
3555 4959 3693 5015 mala
3746 4968 3906 5024 sunt;
3943 4959 4040 5014 sed

2527 5098 2546 5126 ³
2593 5095 2704 5146 Non
2753 5099 3006 5160 septimo.
3039 5105 3095 5147 ut
3133 5103 3377 5145 notatum
3410 5100 3492 5146 est
3541 5093 3684 5152 aliis.
3723 5093 3816 5144 sed
3865 5094 4042 5157 primo

2460 5168 2618 5225 lii-ro,
2662 5183 2781 5231 (ίῳ,
2815 5167 2867 5224 8.
2903 5167 3013 5219 lltl't:
3048 5165 3239 5218 Sl'rillll
3290 5162 3595 5216 Herodotus
3628 5178 3692 5215 ex
3728 5162 3893 5231 Gyng
3947 5180 4045 5216 ore

2458 5241 2521 5288 ad
2573 5239 2902 5289 (Ia..daule:n
2940 5256 2951 5290 :
2999 5235 3149 5303 Ἅμα
3185 5236 3237 5286 δὲ
3273 5234 3464 5303 potin);
3493 5233 3807 5300 ἐκδυομένῳ
3845 5250 4044 5285 συνεκ-

2458 5307 2641 5358 δύεται
2674 5314 2766 5358 καὶ
2803 5309 2924 5374 ⁴τὴν
2975 5301 3108 5358 αἰδῶ
3149 5301 3310 5372 γυ·ιῄ
3352 5301 3568 5374 Mulier,
3618 5312 3798 5374 ωυρμ
3831 5306 4041 5374 ιημὲεςι,

2460 5371 2827 5429 verecundiam
2869 5371 3032 5428 eruit.
3067 5379 3123 5429 S.
3161 5371 3378 5442 quoilue
3407 5373 3734 5441 Cyprianus.
3767 5372 3830 5424 de
3872 5371 4046 5426 Diui-

2461 5448 2605 5514 p/ina
2666 5448 2957 5517 Hrginum,
3000 5467 3016 5496 ι
3054 5448 3389 5499 Verecmtdia
3440 5445 3548 5497 illic
3581 5446 3762 5517 titttnts
3794 5453 4047 5517 eXUIlur,

2463 5518 2622 5569 simul
2665 5514 2784 5568 cum
2820 5522 3022 5570 amictu
3058 5521 3223 5569 ve~tis
3278 5517 3455 5568 honor
3484 5514 3732 5586 corporis
3763 5527 3835 5586 ac_
3865 5514 4046 5580 pudor

2466 5596 2705 5654 punitur.
2741 5607 2760 5638 ι
2796 5588 2914 5639 Mox
2952 5589 3185 5652 plurium
3218 5599 3448 5638 numero
3473 5585 3681 5654 legitur
3707 5583 3760 5635 in
3798 5583 4051 5636 Casaua-

2469 5652 2602 5707 iensi
2646 5656 2956 5722 Pasiphaes,
2995 5657 3434 5723 tilytemnestms,
3465 5652 3772 5722 Eriphylas.
3811 5666 3918 5708 etc.

2539 5728 2556 5755 ‘
2599 5727 2722 5779 λιες.
2767 5745 2888 5778 «υιιι
2925 5741 3086 5777 veteri
3114 5730 3268 5786 edin.
3305 5727 3534 5792 Europa:
3561 5734 3714 5793 atque
3768 5726 3914 5781 Asia
3955 5724 4043 5780 de-

2469 5802 2706 5849 renmu’tu
2741 5798 2874 5848 bello
2910 5797 3215 5864 cov/izgunt.
