4218 6462
749 412 855 472 295

2034 412 2306 472 EUSEBI
2325 410 2348 470 Ι
2395 410 2835 472 KlEliOX't'MI

3889 405 3997 465 Ξῦίῖ

751 524 1098 585 l:i.uaritum;
1162 521 1555 592 llierOpt;a::tas
1621 537 1836 592 quoq-te
1894 521 2311 578 Atheniensium
2344 526 2578 592 Aquam
2630 522 2685 576 in
2735 521 3118 594 pontificatum
3183 520 3385 577 iuerint
3427 520 3630 585 allecti,
3680 520 3827 577 viros
3873 536 4000 577 esse

753 632 923 687 usque
988 616 1145 669 hodie
1199 617 1387 670 cicutze
1428 615 1729 671 sorbitione
1773 616 2023 682 castrari,
2071 625 2123 671 et
2162 626 2311 683 post-

2417 616 2689 671 desinere.

1817 878 2175 971 LIBER
2277 876 2934 968 SECUNDUS.

831 1196 988 1268 321
1023 1196 1073 1252 1.
1106 1193 1348 1251 Secunda
1386 1190 1671 1262 prepositio
1694 1186 2322 1244 Juvinioni.—Sccunda

764 1291 1066 1359 propositio
1097 1299 1200 1353 est,
1237 1304 1329 1343 eos
1358 1287 1447 1355 qui
1498 1285 1700 1340 fuerint
1736 1284 2015 1354 baptizati,
2051 1299 2079 1336 a
2116 1283 2331 1335 diabolo

766 1399 871 1436 non
918 1399 1077 1453 posse
1109 1381 1327 1435 tentari.
1366 1380 1425 1433 Et
1454 1396 1519 1434 tte
1557 1382 1656 1433 hoc
1690 1380 1856 1432 Stulte
1904 1379 2084 1430 dicere
2119 1378 2332 1429 videre-

767 1485 874 1540 tur,
904 1476 1098 1541 adjecit
1143 1491 1155 1525 :
1212 1493 1228 1525 ι
1277 1474 1601 1541 Quicunque
1638 1482 1814 1525 autem
1860 1470 2047 1521 tentati
2090 1467 2287 1520 fuerint
2314 1507 2329 1529 ,

763 1571 974 1622 ostendi
1004 1567 1114 1641 [ΑΙ.
1143 1565 1403 1640 ostendit]
1426 1584 1519 1621 eos
1549 1581 1687 1635 aqua
1722 1574 1952 1625 tantum,
1990 1573 2042 1615 et
2073 1578 2178 1615 non
2215 1560 2324 1628 Spi-

765 1662 869 1712 ritt
920 1662 1244 1729 baptizatos,
1292 1661 1432 1727 quod
1483 1658 1534 1712 iu
1582 1657 1809 1711 Simone
1863 1655 2014 1726 Mago
2065 1654 2321 1724 legimus.

765 1751 920 1806 Unde
953 1764 1004 1806 et
1026 1751 1261 1805 Joannes
1293 1751 1422 1803 dicit
1450 1764 1463 1801 :
1490 1750 1669 1807 Omnis
1698 1748 1789 1817 qui
1821 1759 1975 1799 natus
2006 1760 2075 1799 es!
2109 1762 2172 1799 ex
2198 1745 2327 1810 Deo,

767 1858 1032 1911 peccatum
1081 1861 1183 1897 non
1234 1844 1360 1910 facit
1394 1858 1412 1897 :
1446 1844 1693 1913 quoniam
1740 1858 1909 1895 semen
1950 1842 2111 1910 ipsius
2163 1841 2217 1892 in
2268 1855 2327 1892 eo

768 1947 942 1988 manet
974 1953 991 1988 .'
1025 1946 1072 1990 el
1122 1954 1225 1989 non
1275 1930 1440 2003 potest
1492 1950 1728 2004 peccare,
1766 1936 1891 2004 quia
1925 1950 1990 1986 ex
2040 1933 2144 1986 Dco
2176 1946 2329 1985 natus

2426 1186 2612 1255 θείη).
2638 1185 2925 1254 Propterea
2955 1225 2970 1247 ,
3001 1184 3197 1255 inqttit,
3235 1186 3415 1241 scribo
3451 1186 3624 1248 vobis,
3662 1185 3810 1239 liliadi
3847 1188 3953 1240 mei
3991 1206 4003 1238 ε

2426 1278 2602 1332 Omnis
2634 1281 2723 1349 qui
2754 1291 2907 1332 natus
2937 1288 3012 1332 est
3045 1294 3109 1331 ea:
3144 1279 3266 1341 Deo,
3294 1297 3397 1332 non
3424 1291 3621 1349 peccat,
3658 1292 3715 1334 ut
3747 1298 3852 1333 non
3882 1296 4004 1350 pce.

2430 1371 2585 1433 cetis,
2622 1384 2673 1425 et
2720 1374 2902 1428 tandiu
2956 1373 3142 1426 sciatis
3177 1388 3272 1428 vos
3310 1375 3361 1428 in
3401 1375 3749 1444 generatione
3790 1374 4007 1428 Domini

2434 1476 2773 1528 permanere,
2815 1464 3059 1531 quandiu
3121 1478 3225 1516 non
3263 1466 3639 1534 peccaveritis.
3672 1464 3782 1521 luto
3817 1468 3911 1533 qui
3950 1467 4005 1518 in

2441 1553 2788 1620 generatione
2826 1554 3037 1609 Domini
3070 1566 3440 1625 perseverant,
3476 1573 3702 1627 peccare
3734 1574 3844 1611 non
3886 1573 4010 1626 pos-

2444 1655 2584 1699 sunt.
2616 1645 2748 1711 Qua‘
2768 1648 2904 1700 enim
2933 1650 3336 1703 communicatio
3360 1649 3464 1703 luci
3489 1661 3537 1704 et
3568 1652 3835 1705 tenebris?
3856 1650 4014 1704 Chri-

2441 1746 2520 1789 sto
2552 1749 2601 1792 et
2632 1738 2806 1792 Belial
2840 1737 2925 1805 (Il
2964 1740 3170 1808 Camn,
3210 1743 3295 1809 14,
3331 1742 3465 1812 15)?
3494 1742 3782 1810 Quomodo
3813 1744 3933 1798 dies
3962 1754 4015 1798 et

2441 1844 2543 1882 nox
2580 1831 2793 1885 misceri
2828 1842 3104 1899 nequeunt
3132 1851 3145 1888 τ
3176 1835 3254 1889 sic
3278 1836 3623 1905 necjustitiat
3651 1852 3702 1893 et
3725 1838 4013 1906 iniquitas,

2439 1929 2720 1988 peccatum
2754 1932 2807 1976 et
2834 1923 2973 1978 bona
3002 1940 3185 1994 opera,
3210 1926 3466 1983 Christus
3523 1938 3577 1985 et
3620 1930 4015 1987 Antichristus.

766 2038 864 2081 est.
905 2028 967 2080 Ιίι
1014 2031 1066 2080 in
1092 2032 1187 2080 hoc
1223 2028 1489 2090 manifesti
1518 2029 1649 2095 [inut
1684 2027 1839 2101 [mss.
1873 2026 2017 2097 sunt]
2052 2028 2151 2095 ﬁlii
2192 2028 2281 2079 De;
2308 2065 2322 2089 ,
2363 2008 2404 2068 Β
2437 2013 2904 2083 Sisusceperimus
2930 2016 3205 2073 Christum
3230 2020 3283 2074 in
3310 2022 3547 2093 hospitio
3567 2026 3740 2077 nostri
3768 2029 4015 2093 pet-toris

770 2125 817 2164 ct
850 2116 948 2181 lilii
975 2115 1173 2166 diaboli
1200 2114 1247 2179 (I
1272 2112 1435 2167 loan.
1466 2131 1545 2179 ιιι,
1572 2116 1626 2181 9,
1658 2116 1765 2184 10).
1796 2117 1857 2168 Et
1890 2119 1941 2169 in
1973 2119 2076 2169 line
2110 2117 2324 2185 Episto-

771 2210 834 2262 l:c
869 2228 879 2261 :
914 2208 1091 2263 Omnis
1119 2210 1208 2279 qui
1239 2221 1394 2264 natus
1427 2221 1500 2263 est
1522 2224 1586 2262 ex
1619 2210 1721 2263 Deo
1752 2226 1853 2263 non
1881 2220 2097 2275 peccat,-
2130 2209 2219 2262 sed
2246 2224 2334 2278 ge-

772 2303 973 2354 neratio
1026 2300 1115 2354 Dei
1151 2313 1419 2355 conservat
1455 2318 1571 2355 eum
1594 2341 1608 2367 ,
1644 2311 1692 2356 et
1726 2302 1987 2372 malignus
2028 2317 2130 2354 non
2163 2302 2332 2370 tangit

769 2410 888 2447 eum
927 2393 971 2462 (1
1003 2393 1161 2447 Joan.
1196 2410 1247 2458 ν,
1294 2394 1402 2460 18).
1442 2410 1460 2443 s

839 2485 894 2538 ξε
929 2486 1294 2555 Hieronymus.
1350 2484 1630 2539 Peccatum
1680 2485 1824 2556 fugat
1866 2471 2139 2539 Christum
2175 2494 2221 2539 et
2258 2484 2341 2539 in—

771 2577 913 2630 ducit
945 2578 1238 2631 diabolum.
1273 2608 1341 2618 —
1371 2577 1575 2632 Revera
1629 2578 1781 2632 fortis
1835 2577 2089 2646 obiectio,
2136 2588 2190 2631 et
2221 2592 2342 2648 qute

774 2669 1169 2725 indissolubilis
1204 2678 1571 2741 permaneret,
1606 2670 1709 2724 nisi
1763 2670 1929 2738 ipsius
1980 2670 2209 2725 Joannis
2266 2681 2343 2726 te-

774 2762 1029 2816 etimonio
1060 2763 1382 2816 solveretur.
1413 2760 1609 2816 Statim
1660 2762 1803 2814 enirn
1839 2762 2020 2814 intulit
2064 2780 2079 2816 :
2114 2762 2299 2817 Filioli
2323 2804 2338 2830 ,

772 2856 1028 2908 custodite
1058 2872 1142 2909 ros
1177 2872 1209 2908 a
1244 2854 1542 2908 simulacris
1580 2853 1630 2925 (ι
1666 2853 1828 2908 Joan.
1852 2870 1901 2919 ν,
1932 2854 2047 2923 21).
2077 2854 2134 2908 Si
2162 2855 2341 2909 omnis

776 2948 868 3018 qui
904 2959 1059 3001 natus
1086 2958 1169 3002 est
1198 2962 1260 3001 ex
1299 2946 1406 3001 Deo
1440 2963 1544 3001 non
1586 2957 1797 3017 peccat,
1825 2958 1877 3001 et
1918 2963 1947 3001 a
1979 2948 2194 3003 diabolo
2227 2959 2343 3001 ten-

777 3041 878 3092 tari
918 3054 1021 3092 non
1068 3047 1283 3109 potest,
1339 3044 1615 3109 qumttodo
1648 3042 1892 3110 principit
1922 3054 1981 3096 ut
2016 3050 2243 3095 caveant
2279 3055 2343 3095 ue

776 3132 1089 3185 tentantur?
1127 3133 1190 3187 Et.
1222 3131 1273 3185 in
1302 3135 1485 3187 eadem
1518 3149 1709 3188 ται-8ης
1741 3135 1976 3203 Epistula
2012 3149 2024 3186 :
2056 3132 2112 3188 Si
2140 3133 2342 3186 dixeri-

776 3240 910 3287 mus,
961 3227 1085 3292 quia
1136 3222 1245 3295 [AL
1279 3223 1551 3297 quoniam]
1602 3236 1867 3292 peccatum
1914 3242 2014 3278 non
2066 3225 2341 3284 habemus,

2443 2102 2823 2181 [ALcorpor-is]
2847 2109 2936 2161 illo
2965 2109 3331 2183 ittgamule.
3354 2113 3687 2189 fugabimus]
3707 2116 4016 2174 diabolum.

2443 2194 2497 2249 Si
2525 2201 2934 2266 peccaverinms
2981 2210 3035 2255 et
3076 2217 3171 2269 per
3210 2207 3418 2272 peccati
3456 2206 3681 2275 januam
3733 2209 4023 2275 ingressus

2442 2289 2605 2346 fuerit
2654 2293 2923 2359 diabolus,
2956 2296 3205 2363 protinus
3235 2296 3489 2355 Christus
3518 2301 3752 2356 recedet.
3782 2300 3947 2357 Unde
3974 2314 4026 2357 ιι

2444 2381 2605 2437 David
2628 2395 2744 2452 post
2764 2387 3246 2453 peccatum:Redde
3268 2392 3412 2457 mihi,
3433 2393 3529 2459 ait,
3558 2394 3797 2449 lctitiam
3815 2396 4023 2450 saluta-

2442 2477 2514 2531 ris
2533 2476 2611 2529 tui
2635 2477 2978 2547 (Psal.t..tt):
3004 2481 3384 2553 scilicetquam
3428 2487 3707 2557 peccando
3735 2492 4024 2546 amiserat.

2444 2568 2547 2635 Qui
2571 2569 2698 2622 dicit
2726 2587 2777 2624 se
2809 2587 2959 2626 nosse
2985 2590 3125 2635 eum.
3143 2583 3194 2628 et
3226 2578 3479 2631 mandata
3511 2595 3623 2645 ejus
3641 2597 3741 2633 non
3766 2584 4024 2644 custodit,

2443 2660 2775 2721 mendaxest.
2796 2665 2913 2717 etin
2934 2665 3030 2719 hcc
3047 2667 3238 2722 veritas
3257 2685 3357 2723 non
3375 2680 3449 2724 est
3468 2670 3516 2740 (l
3531 2669 3693 2726 Joan.
3716 2675 3773 2727 it.
3792 2672 4030 2743 4).Chr?-

2442 2765 2560 2807 stus
2580 2754 2779 2808 veritas
2801 2756 3098 2825 appellatur
3124 2775 3137 2811 :
3167 2757 3278 2828 Ego
3302 2778 3444 2829 sum,
3481 2763 3681 2832 inquit,
3715 2766 3802 2819 ria
3840 2778 3895 2819 et
3922 2768 4028 2822 ri'a

2441 2853 2489 2898 et
2508 2846 2701 2899 veritas
2732 2847 2747 2877 ¹
2777 2846 2951 2915 (Joan.
2980 2865 3088 2915 xw,
3111 2849 3186 2920 6).
3209 2850 3433 2908 Frustra
3457 2856 3616 2910 nobis
3638 2856 3689 2909 in
3710 2871 3777 2910 eo
3806 2860 4028 2927 plaudi.

2445 2955 2566 2993 mus
2592 2938 2697 3011 [ΑΙ.
2717 2942 3139 3015 applauliinua].
3165 2946 3324 3009 cujus
3348 2949 3601 3002 mandata
3623 2965 3729 3003 non
3757 2953 4022 3007 faciums.

2444 3032 2645 3087 Scienti
2678 3032 2901 3098 bonum,
2929 3045 3111 3091 etnon
3144 3037 3365 3093 facienti
3398 3038 3554 3106 illud,
3588 3052 3874 3110 peccatum
3922 3056 4026 3102 est.

2447 3123 2714 3189 Quomodo
2737 3142 2921 3197 corpus
2947 3128 3056 3182 sine
3077 3131 3267 3196 spiritu
3294 3142 3560 3186 mortuum
3584 3144 3682 3197 est,
3714 3137 3794 3190 sic
3820 3145 3872 3189 et
3894 3138 4028 3205 ﬁdes

2445 3218 2555 3271 sine
2581 3218 2820 3286 operibus
2854 3232 3057 3275 mortua
3092 3232 3169 3276 est
3214 3222 3362 3293 (Jac.
3399 3240 3436 3279 tt
3460 3266 3476 3293 ,
3510 3225 3626 3293 26).
3659 3226 3771 3283 Nec
3817 3236 4029 3299 grande

776 3317 880 3386 ipsi
923 3333 1016 3370 nos
1063 3318 1385 3385 seducimus,
1416 3328 1466 3372 et
1512 3320 1702 3372 veritas
1752 3322 1805 3372 in
1838 3321 1981 3373 nobis
2017 3337 2116 3372 non
2155 3331 2250 3373 cst.
2284 3318 2344 3374 Si
2372 3346 2414 3403 ε
2450 3318 2699 3376 Imm”-us
2733 3326 2900 3365 υηηῖη
2945 3311 3111 3367 Deum
3150 3330 3333 3382 "0558.
3365 3332 3489 3371 cum
3517 3329 3573 3374 οι
3600 3318 3880 3377 άίὲιηοηοε
3912 3338 4034 3383 ειε-

774 3409 1119 3474 conﬁteamur
1150 3420 1364 3479 peccata
1413 3421 1616 3483 nostra,
1647 3411 1814 3479 ﬁdeiis
1841 3422 1886 3463 ct
1916 3415 2096 3481 justus
2145 3422 2243 3477 cst,
2286 3422 2344 3464 ut

776 3503 1011 3552 icmittat
1044 3503 1191 3555 nobis
1227 3513 1460 3570 peccata.
1490 3515 1538 3555 et
1568 3505 1777 3556 mundct
1813 3502 1919 3574 [ΔΙ.
1948 3502 2215 3575 emundet]
2252 3520 2342 3556 nos

778 3593 842 3645 ab
881 3594 1023 3645 omni
1061 3595 1355 3659 iniquitate.
1389 3591 1445 3647 Si
1475 3595 1789 3656 dixerimus,
1819 3596 1941 3663 quia
1970 3613 2071 3647 non
2106 3599 2342 3661 peccari-

777 3678 890 3740 tuus
917 3727 931 3749 ,
966 3688 1262 3740 mendacem
1301 3688 1527 3755 [ultimus
1558 3705 1674 3742 eunt
1697 3728 1711 3752 ,
1764 3699 1810 3742 et
1847 3689 2055 3742 verbum
2091 3689 2204 3756 ejus
2240 3706 2343 3741 non

778 3788 853 3832 est
885 3781 938 3831 in
967 3780 1114 3832 nobis
1148 3777 1196 3845 (I
1219 3778 1381 3833 Jouu.
1418 3795 1454 3841 ι,
1479 3779 1510 3833 8
1542 3778 1729 3848 scqq.).
1764 3778 2030 3835 Existimo
2054 3778 2166 3850 [ΑΙ.
2198 3781 2347 3834 testi-

782 3872 889 3942 um}
920 3871 1062 3939 quod
1090 3868 1326 3924 Joannes
1353 3870 1533 3939 baptiz
1553 3882 1660 3925 itus
1690 3870 1757 3925 ad
1783 3871 2082 3939 baptizatos
2107 3872 2347 3940 Scripse-

779 3963 871 4018 rit.
905 3976 953 4015 et
984 3963 1126 4031 quod
1157 3978 1316 4015 omne
1351 3973 1632 4030 peccatum
1672 3977 1700 4016 a
1730 3963 1946 4017 diabolo
1977 3964 2066 4017 sit.
2094 3961 2189 4016 Ille
2220 3978 2348 4032 pec-

780 4064 1017 4104 eatorem
1057 4070 1114 4104 se
1139 4054 1444 4116 conﬁtetur,
1483 4062 1535 4104 et
1576 4060 1760 4121 sperat
1790 4052 2189 4114 retttisstonetn,
2227 4062 2349 4120 post

782 4145 1072 4212 baptisma.
1104 4154 1452 4212 peccatorum
1489 4162 1503 4198 :
1537 4154 1590 4197 et
1622 4143 1947 4197 Jovinianus
1991 4160 2141 4198 lllCllS
2169 4145 2296 4199 dicit
2329 4161 2343 4200 :

785 4237 866 4290 Nc
889 4246 1076 4305 tangas
1103 4251 1203 4301 me,
1226 4236 1474 4309 quoniam
1508 4242 1728 4287 mundus
1750 4251 1863 4287 sum
1890 4234 2021 4303 (Isa.
2052 4236 2349 4301 L\\',jtt.‘t‘ta

786 4324 976 4395 LXX).
1006 4327 1145 4391 Quid
1194 4325 1366 4396 ergo?
1397 4325 1672 4380 contraria
1722 4325 1823 4378 sibi
1856 4328 2148 4393 Aposwlus
2176 4326 2352 4396 loqui-

786 4432 859 4473 ιιιι
889 4418 911 4470 ?
934 4418 1173 4472 Minime.
1197 4418 1254 4472 In
1283 4419 1472 4471 eodem
1498 4420 1700 4487 quippe
1729 4418 1852 4472 loco
1877 4436 1973 4471 cur
1999 4421 2098 4472 hoc
2126 4420 2347 4483 dixerit,

785 4513 970 4566 statim
1006 4510 1300 4563 edisserit:
1343 4508 1529 4562 Filioli
1579 4510 1701 4572 mei,
1741 4509 1848 4562 Ita'c
1884 4512 2054 4563 scrito
2092 4512 2258 4574 vobis.
2292 4524 2346 4566 ut

785 4616 885 4652 non
921 4600 1155 4662 peccetis.
1186 4596 1290 4650 Sed
1327 4608 1372 4650 et
1419 4598 1465 4649 si
1512 4600 1628 4663 quis
1679 4601 1987 4666 peccauerit,
2040 4599 2350 4654 advocatum

2453 3401 2585 3455 dant
2612 3412 2664 3455 et
2693 3405 3137 3459 contremiscant.
3167 3406 3271 3471 Qui
3309 3410 3433 3462 dicit
3463 3427 3520 3463 sc
3553 3412 3604 3463 iu
3645 3413 3760 3480 ipso
3791 3431 4031 3479 manere,

2453 3492 2598 3547 debet
2614 3496 2745 3548 sicut
2774 3496 2860 3547 ille
2889 3499 3170 3551 ambulavit
3203 3508 3250 3553 et
3273 3502 3382 3569 ipse
3408 3502 3685 3558 ambulare
3713 3504 3925 3573 (IJoan
3975 3526 4033 3571 ιι,

2454 3586 2529 3653 6).
2560 3586 2736 3653 Eligat
2770 3587 3119 3645 adversarius
3152 3607 3182 3645 e
3218 3592 3439 3649 duobus
3470 3596 3616 3664 quod
3649 3598 3760 3652 vult
3792 3617 3807 3655 :
3841 3602 4027 3669 Optio-

2454 3693 2577 3731 netn
2619 3679 2665 3733 ei
2710 3678 2818 3750 [ΑΙ.
2851 3679 3019 3753 enim]
3062 3682 3276 3741 damus.
3308 3683 3488 3742 Manet
3551 3689 3604 3742 itt
3654 3689 3908 3755 Christo.
3963 3712 4031 3748 an

2456 3786 2563 3824 non
2589 3770 2794 3826 manet?
2818 3772 2871 3826 Si
2905 3784 3109 3835 manet.
3139 3776 3211 3828 ita
3234 3792 3365 3847 ergo
3390 3780 3634 3836 ambulet
3658 3792 3717 3837 ut
3745 3783 4032 3843 Christus.

2458 3861 2515 3914 Si
2567 3872 2747 3915 autem
2797 3866 3153 3921 temerarium
3186 3875 3269 3921 est
3300 3870 3719 3926 similitudinem
3757 3878 4031 3940 virtutum

2456 3954 2671 4009 Domini
2702 3958 2969 4026 polliceri,
3008 3974 3118 4014 non
3166 3972 3347 4016 manet
3390 3964 3441 4018 in
3475 3964 3721 4031 Christo,
3752 3974 3883 4036 quia
3922 3990 4033 4035 non

2459 4046 2761 4113 ingreditur
2790 4058 2848 4102 ut
2875 4047 3150 4105 Christus.
3178 4050 3269 4107 ille
3295 4062 3578 4123 peccatum
3612 4072 3722 4113 non
3751 4060 3909 4124 fecit,
3944 4082 4039 4115 nu.

2456 4152 2562 4206 quc
2602 4140 2855 4196 inventus
2880 4152 2963 4197 est
2986 4142 3143 4198 dolus
3181 4145 3234 4198 in
3269 4161 3365 4200 ore
3398 4150 3540 4219 ejus,
3570 4152 3665 4222 qui
3702 4168 3827 4209 cum
3864 4160 4039 4211 male-

2456 4231 2747 4293 diceretur,
2784 4249 2889 4287 non
2930 4238 3275 4292 remaledixit
3308 4238 3361 4310 (I
3388 4238 3543 4296 Petr.
3572 4258 3607 4299 ιι
3629 4288 3644 4311 ,
3677 4244 3793 4314 22),
3827 4262 3882 4302 et
3919 4261 4038 4302 tau-

2457 4338 2619 4390 quam
2642 4337 2813 4388 agnus
2844 4339 3027 4380 coram
3056 4330 3313 4386 tondente
3338 4348 3419 4398 se,
3460 4334 3540 4390 sic
3576 4352 3683 4391 non
3713 4343 3936 4407 aperuit
3978 4364 3989 4389 ι
4015 4360 4039 4397 s

2459 4428 2617 4465 Stttlttl
2649 4414 2784 4480 (Isa.
2824 4430 2938 4481 Lm,
2969 4416 3063 4485 9);
3094 4422 3158 4473 ad
3189 4436 3350 4491 quem
3391 4425 3533 4479 venit
3562 4429 3823 4500 princeps
3847 4440 4037 4488 mnu-ii

2460 4505 2616 4558 istius
2646 4548 2657 4569 ,
2693 4521 2743 4558 t't
2782 4508 2988 4563 invenit
3027 4510 3079 4563 in
3117 4527 3182 4566 eo
3226 4515 3407 4581 nihil;
3460 4520 3551 4586 qui
3585 4535 3710 4574 cum
3747 4538 4037 4590 peccatum

2458 4612 2565 4649 non
2602 4597 2820 4651 fecisset
2868 4598 2920 4667 (Ι
2956 4598 3119 4656 Joan.
3152 4619 3234 4670 ιιι,
3270 4606 3348 4672 ὅ),
3386 4622 3485 4676 pro
3535 4611 3698 4666 nobis
3742 4629 4039 4682 peccatum

787 4694 1032 4744 habemus
1067 4691 1206 4757 apud
1240 4688 1457 4742 Patrem
1496 4688 1677 4742 Iesum
1714 4689 1985 4744 Christum
2018 4691 2223 4758 justum
2249 4731 2262 4753 ,
2296 4704 2347 4744 et
2382 4698 2425 4755 ι)
2454 4702 2576 4741 eum
2626 4690 2746 4741 fet-it
2789 4692 2927 4744 Deus
2959 4692 3041 4762 (ΙΙ
3076 4694 3201 4749 Cor.
3235 4713 3284 4764 ι’,
3334 4696 3449 4769 21).
3484 4698 3597 4755 Nos
3638 4714 3850 4771 autem,
3877 4709 4037 4775 jtnta

789 4788 894 4847 ipse
927 4793 1002 4838 est
1046 4781 1353 4852 propitiatio
1406 4796 1500 4850 pro
1549 4783 1775 4847 peccatis
1828 4783 2041 4835 nostris.
2095 4782 2215 4835 Non
2261 4800 2356 4845 pro

788 4878 979 4931 nostris
1010 4885 1181 4927 autem
1221 4883 1451 4933 tantum.
1499 4872 1587 4925 sed
1626 4875 1783 4925 etiam
1825 4890 1919 4939 pro
1955 4884 2004 4927 to
2035 4875 2114 4924 ius
2150 4876 2353 4928 mundt.

787 4968 856 5023 Et
886 4970 939 5021 in
960 4972 1053 5021 hoc
1084 4969 1298 5030 scimus,
1326 4968 1461 5035 quod
1490 4969 1834 5035 cognovimus
1858 4983 1998 5030 eum,
2029 4972 2071 5021 si
2103 4969 2354 5022 mandata

786 5057 898 5125 ejus
930 5058 1273 5109 observemus.
1312 5054 1415 5120 Qui
1440 5056 1567 5106 dicit
1598 5071 1650 5108 se
1675 5072 1828 5109 nosse
1857 5072 1996 5119 eum,
2021 5066 2069 5108 et
2099 5058 2352 5110 mandata

788 5151 899 5217 ejus
932 5166 1031 5201 non
1068 5148 1319 5209 custodit,
1367 5148 1592 5199 mendax
1640 5156 1738 5207 est,
1774 5158 1820 5199 et
1852 5148 1904 5199 in
1940 5164 1996 5200 eo
2031 5152 2221 5200 ret-itas
2253 5165 2353 5200 non

790 5252 884 5293 est.
928 5240 1028 5304 Qui
1058 5252 1229 5293 autem
1266 5247 1436 5292 scrcut
1479 5240 1853 5305 rerbttmejus.
1880 5255 1993 5291 vere
2032 5240 2084 5291 in
2112 5240 2206 5291 hoc
2230 5242 2357 5291 cha-

791 5336 921 5387 ritas
959 5334 1052 5385 ι)ρὶ
1073 5333 1302 5400 perfecta
1327 5344 1422 5385 est.
1462 5330 1525 5383 In
1557 5331 1650 5384 hoc
1690 5334 1884 5384 scimus
1912 5331 2073 5399 322
2105 5333 2355 5399 quoniam

788 5431 842 5481 in
889 5428 1003 5493 ipso
1045 5442 1249 5478 sumus.
1297 5424 1396 5488 Qui
1436 5426 1560 5477 dicit
1604 5440 1655 5476 se
1686 5425 1738 5476 in
1785 5426 1895 5491 ipso
1939 5437 2167 5483 manere.
2205 5424 2352 5477 debet

790 5522 922 5572 sicut
958 5519 1045 5572 ille
1075 5517 1390 5580 ambulavit,
1429 5528 1474 5569 et
1503 5517 1609 5585 ipse
1640 5514 1919 5568 ambulare
1949 5514 1998 5585 (I
2031 5514 2191 5568 Joan.
2228 5532 2286 5581 tt,
2329 5516 2348 5568 1

867 5680 881 5709 ¹
911 5678 1070 5731 Addit
1093 5687 1246 5729 vetus
1271 5676 1435 5728 editio
1458 5676 1561 5727 into
1592 5683 1685 5726 cst.
1714 5675 1767 5726 ln
1795 5674 2146 5743 subsequenti
2185 5672 2347 5743 Joan-

792 5752 875 5802 nis
909 5752 1173 5799 wrsaculo
1211 5763 1364 5798 uices
1400 5757 1447 5797 ct
1479 5748 1580 5796 rilu
1613 5760 1675 5796 ex
1717 5760 1848 5796 mss.
1883 5741 2135 5796 omnibus
2168 5755 2214 5792 et
2247 5741 2338 5794 Vi-

794 5820 966 5873 ctoria
1000 5817 1391 5885 supplevimus.
1446 5815 1671 5867 Letiera
1724 5815 1825 5867 alia
1881 5815 2137 5869 nonnulla
2178 5829 2341 5880 supra

796 5903 954 5958 atque
983 5889 1119 5941 iul‘ra
1146 5888 1517 5940 emendaturus.

2457 4777 2746 4846 Epistolatn
2776 4782 2961 4837 Jacobi
2983 4823 2999 4849 ,
3034 4786 3202 4839 multa
3244 4805 3523 4855 peccamus
3554 4808 3756 4853 omnes.
3792 4810 3841 4848 et
3886 4815 4039 4851 nem)

2455 4874 2682 4924 mundus
2716 4889 2745 4924 ιι
2773 4877 2999 4938 peccatis
3027 4876 3238 4937 (Iacob.
3270 4896 3349 4940 ιιι.
3376 4882 3456 4950 9.),
3482 4900 3574 4937 nec
3600 4885 3764 4957 333
3794 4890 3843 4942 si
3873 4895 4039 4945 unfas

2454 4964 2608 5030 quide
2630 4982 2659 5013 ιι
2704 4966 2809 5016 dici
2844 4966 3003 5032 fuerit
3040 4970 3144 5023 rita
3178 4972 3291 5039 ejus
3343 4971 3467 5043 (Job
3503 4992 3616 5041 xlv,
3650 4980 3682 5032 4
3712 5021 3727 5041 .
3783 4981 3865 5049 5).
3913 4984 4042 5047 Quis

2452 5057 2588 5109 enim
2640 5058 2956 5126 g.'oriabitur
2991 5074 3196 5117 castum
3247 5082 3301 5119 se
3348 5068 3539 5122 habere
3587 5074 3723 5123 cor}
3772 5087 3868 5126 aut
3924 5082 4041 5146 ίμςις

2459 5149 2679 5216 con/idet
2704 5152 2953 5204 mundum
2993 5171 3044 5206 se
3074 5171 3185 5209 csse
3210 5173 3242 5209 α
3271 5161 3539 5226 peccatis?
3568 5161 3940 5235 Teucrumque
3971 5174 4041 5220 γιιι

2461 5240 2515 5291 in
2558 5241 2952 5295 similitudinem
2987 5249 3442 5309 prtccaricatiouis
3480 5250 3653 5305 Adam
3697 5255 3892 5319 (l’ror.
3928 5276 3995 5312 xx
4028 5301 4041 5319 .

2463 5332 2539 5397 9).
2585 5330 2734 5385 Unde
2762 5342 2815 5385 et
2842 5333 3004 5387 David
3045 5354 3057 5388 :
3096 5336 3248 5401 L'ccc,
3279 5340 3389 5404 ait,
3424 5343 3477 5394 in
3511 5344 3891 5412 iniquitatibus
3925 5369 3985 5404 co
4023 5380 4047 5392 ο

2463 5433 2636 5489 ceptus
2665 5441 2800 5488 sum,
2835 5436 2880 5477 ct
2919 5428 2971 5478 in
3012 5427 3215 5481 dtlictis
3270 5434 3504 5499 concepit
3554 5452 3633 5487 ne
3659 5437 3678 5465 ¹
3712 5451 3891 5492 mater
3933 5461 4043 5493 tum

2466 5510 2635 5579 (Psal.
2664 5529 2716 5573 ι,
2744 5513 2816 5580 7).
2840 5516 2904 5567 Et
2931 5515 3119 5570 beatus
3144 5515 3247 5573 Joh
3273 5518 3352 5576 ;Si
3384 5522 3534 5589 fuero
3557 5524 3762 5592 justus,
3782 5548 3839 5583 os
3872 5551 3937 5582 nr
3962 5552 4043 5584 aut

2535 5675 2553 5703 ²
2579 5670 2697 5754 Iliun
2730 5686 2841 5754 mss
2894 5673 3086 5738 peperit
3118 5691 3218 5727 me.
3249 5680 3337 5731 sel
3369 5678 3593 5734 Graecus
3646 5685 3920 5754 ἐκὲσσηπέ

2461 5740 2625 5792 l’nnlo
2654 5753 2769 5806 post
2796 5744 3195 5809 insultaturum,
3230 5758 3277 5799 et
3306 5762 3639 5805 maceratum
3660 5766 3735 5807 est
3762 5740 4022 5812 scitiust;

2463 5822 2568 5861 tum
2616 5827 2801 5876 ult-tun,
2833 5815 3038 5881 alisque.
3076 5830 3173 5867 mc.
