4218 6448
208 410 317 473 297

1266 393 1668 460 ADVERSUS
1710 390 2195 454 JOVINIA‘NUM
2240 391 2389 455 LIB.
2429 392 2508 453 II.

3397 384 3503 450 9’98.

197 533 374 600 impia
396 532 643 599 loquetur
696 538 765 593 ,et
800 530 844 584 si
877 528 987 582 sine
1044 524 1281 588 crimine,
1315 536 1512 594 pravus
1550 517 1813 571 inreniar.
1846 522 1890 574 Α
1925 531 2123 585 corpus
2160 531 2344 577 suum,
2400 522 2457 567 et
2490 514 2542 565 iu
2605 510 2928 564 servitutem
2973 503 3194 574 redigit.
3252 516 3320 556 ne
3381 502 3502 554 aliis

199 626 341 680 Etsi
379 625 700 694 puriﬁcatus
745 624 800 678 in
852 625 967 676 nive
997 633 1044 676 et
1085 622 1224 674 lotus
1258 617 1466 670 mundis
1505 613 1780 669 manibus.

198 721 326 774 satis
361 734 444 771 me
476 719 635 770 sorde
667 715 896 779 tinxisti,
933 724 982 768 et
1019 721 1353 768 exsecratum
1397 717 1472 762 est
1517 722 1596 760 me
1638 702 1802 757 vesti-

198 823 436 866 mentum
487 828 665 865 meum
700 809 825 880 (Job
860 823 972 875 xiv,
1012 818 1061 861 et
1098 823 1147 860 Ix
1169 805 1332 874 juxta
1367 799 1555 871 LXX).
1594 796 1798 852 Verum

201 919 269 959 ne
313 904 541 971 penitus
584 904 970 971 desperemus,
1010 897 1351 951 arbitrantes
1385 907 1486 947 nos
1521 897 1641 958 post
1675 901 1798 955 pec-

201 1011 318 1054 cata
351 997 617 1066 baptismi
658 1010 765 1050 non
798 1009 958 1064 posse
987 989 1224 1055 salvari,
1258 988 1446 1044 statim
1481 985 1584 1038 hoc
1616 984 1796 1051 ipsum

201 1101 477 1162 temperat
512 1109 528 1146 :
567 1089 639 1144 Et
670 1090 717 1143 si
765 1090 882 1158 quis
913 1088 1164 1151 peccat-it,
1199 1084 1516 1136 advocatum
1545 1077 1798 1131 habemus

201 1188 341 1250 apud
394 1186 622 1240 Patrem
672 1183 856 1238 Iesum
888 1179 1161 1238 Christum
1212 1180 1444 1248 justum,
1478 1182 1528 1228 et
1581 1173 1691 1242 ipse
1723 1177 1801 1223 est

199 1280 520 1347 propitiatio
551 1295 650 1347 pro
680 1276 913 1346 peccatis
946 1274 1169 1330 nostris.
1208 1269 1328 1324 Non
1353 1285 1446 1336 pro
1471 1268 1669 1322 nostris
1697 1281 1799 1319 au-

201 1383 302 1424 tem
335 1381 555 1424 tantum
585 1413 600 1434 ,
639 1368 732 1421 sed
779 1367 940 1420 etiam
981 1378 1077 1432 pro
1111 1361 1276 1415 totius
1311 1357 1494 1412 mundi
1547 1355 1596 1424 (Ι
1633 1353 1798 1407 Joau.

201 1479 260 1535 ιιν
291 1464 345 1525 l,
378 1462 460 1527 Ξ).
496 1460 613 1514 Hoc
649 1460 716 1513 ad
753 1459 1041 1513 credentes
1067 1466 1187 1523 post
1218 1453 1492 1522 baptisma
1529 1448 1798 1514 loquitur,

200 1565 252 1610 et
287 1556 622 1608 advocatum
656 1567 755 1623 pro
790 1550 1002 1604 delictis
1028 1562 1218 1602 eorum
1249 1545 1540 1599 Dominum
1577 1539 1801 1608 pollice-

202 1656 312 1702 tur.
347 1644 459 1698 Nec
491 1645 631 1698 dicit
676 1647 694 1695 2
746 1641 804 1696 Si
844 1640 974 1711 quid
1023 1637 1382 1709 peccaveritis
1410 1675 1426 1696 .
1474 1634 1799 1688 advocatum

203 1741 421 1796 habetis
449 1741 600 1807 apud
633 1737 848 1792 Patrem
883 1735 1162 1790 Christum
1191 1773 1206 1797 ,
1246 1741 1300 1786 et
1351 1732 1465 1800 ipse
1495 1736 1578 1783 est
1613 1725 1804 1797 propi-

204 1837 364 1890 tiatiu
412 1851 515 1902 pro
562 1832 802 1902 peccatis
848 1829 1083 1895 vestris;
1138 1841 1205 1881 ne
1253 1840 1349 1880 eos
1401 1824 1636 1885 diceres,
1687 1833 1799 1872 non

203 1933 364 2000 piem
398 1928 510 1981 fitie
546 1926 816 1995 baptisma
851 1932 1181 1976 consecutos
1230 1936 1248 1984 ;
1306 1917 1400 1973 sed
1434 1916 1804 1976 Advocatum,

205 2021 407 2089 inquit,
441 2021 701 2072 habemus
727 2019 869 2084 apud
903 2013 1116 2068 Patrem
1151 2015 1166 2044 ¹
1202 2010 1392 2064 Iesum
1428 2007 1720 2067 Christum,
1757 2012 1808 2057 et

205 2117 314 2181 ipse
337 2125 415 2168 est
451 2112 766 2182 propitiatio
797 2126 892 2179 pro
935 2107 1165 2177 peccatis
1213 2104 1449 2167 nostris;
1481 2111 1535 2156 et
1571 2113 1677 2152 non
1713 2111 1804 2150 so-

207 2209 314 2260 lum
354 2221 456 2276 pro
508 2206 757 2267 Joannis,
804 2204 1135 2269 illorutnque
1167 2198 1445 2269 peccatis;
1499 2193 1592 2250 sed
1635 2193 1806 2246 etiam

207 2314 306 2368 pro
337 2299 512 2353 totius
546 2295 757 2351 mundi.
785 2296 847 2349 In
888 2303 1000 2349 toto
1029 2302 1209 2347 autem
1246 2290 1454 2345 mltlltIO
1483 2296 1537 2341 et
1569 2284 1808 2354 apostoli

207 2405 336 2447 sunt
365 2407 680 2459 omnes-que
713 2390 1026 2444 credentes.
1065 2387 1140 2441 Es
1180 2385 1380 2453 quibus
1415 2380 1627 2450 liquido
1655 2394 1810 2434 com-

208 2487 481 2552 probatur
510 2523 527 2545 .
577 2491 706 2551 post
757 2481 1027 2548 baptisma
1079 2490 1240 2542 posse
1284 2473 1523 2542 peccari.
1575 2470 1806 2525 Frustra

207 2578 357 2629 enim
400 2576 673 2628 habemus
703 2573 1030 2628 advocatum
1052 2571 1238 2626 Jesum
1272 2568 1574 2628 Christum.
1605 2567 1651 2622 si
1676 2580 1807 2635 pec-

210 2673 319 2728 cari
362 2687 475 2725 uou
521 2678 721 2738 potest.

277 2765 334 2818 ⁸5.
362 2763 542 2816 Error
569 2761 813 2814 Montani
839 2769 887 2813 et
911 2759 1105 2813 Novati
1129 2757 1442 2810 damnatur.
1465 2753 1640 2806 Liberi
1663 2753 1807 2806 arbi-

213 2859 304 2910 trii
330 2872 521 2908 sumus
553 2854 778 2906 conditi.
815 2853 964 2906 Λίστα
989 2851 1278 2919 imperitia?
1310 2849 1500 2916 factio.
1525 2876 1592 2887 -—
1615 2845 1807 2900 Petrus

210 2948 530 3017 apostolus,
585 2946 654 2999 ad
687 2960 849 3014 quem
883 2944 1088 2998 dictum
1126 2942 1305 2996 fuerat
1338 2958 1353 2997 :
1381 2940 1483 3004 Qui
1539 2940 1675 2991 lotus
1708 2946 1806 2998 est,

213 3059 316 3095 non
344 3056 559 3094 necesse
583 3041 738 3092 habet
763 3049 818 3090 ut
844 3039 1035 3091 iterum
1063 3036 1198 3088 lavet
1232 3034 1412 3102 (Joan.
1440 3047 1556 3095 stu,
1588 3031 1700 3097 10'):
1733 3042 1807 3094 et,

216 3134 287 3187 Tu
312 3150 367 3187 es
399 3131 620 3192 Petrus.
655 3143 701 3184 et
733 3147 882 3196 super
916 3130 1052 3182 hanc
1075 3138 1278 3197 petram
1321 3125 1597 3194 a'diﬁcabo
1624 3123 1808 3178 Eccle-

1907 613 2233 679 praeilicaus.
2281 610 2400 678 ipse
2451 604 2725 675 reprobus
2788 602 3100 657 inveniatur
3137 598 3184 668 (Ι
3233 598 3358 653 Cor.
3423 612 3503 660 Ix,

1903 704 1994 772 27)
2031 721 2044 757 :
2087 703 2150 758 lit
2188 705 2348 757 datus
2378 711 2456 755 est
2483 698 2635 755 mihi.
2669 695 2850 761 inquit
2878 697 2924 756 ‘,
2987 694 3241 746 stimulus
3298 692 3502 752 carnis.

1913 797 2134 867 angelus
2169 796 2409 857 Satanas.
2441 795 2531 865 qui
2575 807 2656 844 me
2690 788 2979 856 colaphizet
3023 785 3108 855 (Il
3137 785 3262 838 Cor.
3300 801 3395 844 tu.
3423 785 3500 851 7).

1916 890 1984 944 Et
2004 890 2070 942 ad
2100 890 2416 943 Corinthios
2453 905 2466 941 :
2505 887 2706 946 Timeo.
2745 883 2948 949 inquit.
3003 897 3067 934 ne
3109 880 3240 932 sicut
3297 894 3506 939 sei-iens

1904 983 2108 1052 decepit
2166 981 2331 1035 Evam
2388 984 2441 1035 in
2500 981 2701 1035 astutia
2757 995 2876 1038 sua.
2941 979 3020 1030 ita
3084 985 3503 1041 corrumpantur

1905 1097 2091 1136 sensus
2124 1081 2284 1134 vestri
2320 1097 2352 1133 a
2385 1078 2726 1148 simplicitate
2779 1091 2896 1145 qtae
2946 1083 3021 1127 est
3070 1074 3124 1125 in
3178 1070 3390 1125 Christo
3425 1068 3509 1137 (II

1913 1173 2045 1230 Cor.
2082 1174 2263 1242 xr,'5).
2301 1171 2367 1226 Et
2400 1171 2526 1225 alibi
2564 1187 2578 1225 :
2615 1169 2712 1224 Cui
2740 1178 2922 1222 autem
2964 1164 3175 1235 aliquid
3233 1162 3504 1222 donastis,

1911 1281 1962 1328 et
1983 1289 2099 1341 ego.
2137 1271 2279 1325 Nam
2321 1278 2370 1323 et
2395 1284 2486 1339 ego
2521 1276 2657 1335 quod
2723 1266 2936 1328 donavi,
2981 1264 3028 1316 si
3090 1262 3217 1328 quid
3282 1258 3498 1320 donavi,

1909 1378 2126 1436 propter
2157 1382 2268 1427 vos,
2302 1365 2354 1416 in
2389 1378 2614 1430 persona
2649 1359 2874 1421 Christi,
2905 1366 2956 1409 ut
2979 1372 3080 1408 non
3115 1352 3499 1406 circumvenia-

1908 1476 2031 1512 mur
2055 1476 2086 1511 α
2120 1457 2350 1511 Satana.
2384 1455 2507 1508 Non
2540 1454 2680 1506 enim
2732 1451 2846 1515 eius
2907 1452 3217 1517 ignoramus
3263 1445 3498 1496 astutias

1905 1551 1988 1622 (ΙΙ
2015 1552 2138 1606 Cor.
2186 1567 2248 1613 tt,
2291 1552 2378 1611 10,
2418 1549 2522 1616 ll).
2555 1547 2621 1601 Et
2654 1559 2874 1599 rursum
2917 1562 2930 1597 :
2965 1540 3207 1596 Tentatio
3264 1555 3353 1593 vos
3401 1555 3501 1591 non

1908 1648 2307 1716 apprehendat.
2347 1645 2447 1696 nisi
2482 1647 2734 1696 humana.
2771 1641 2976 1694 Fidelis
3007 1653 3184 1692 autem
3229 1637 3390 1699 Deus,
3415 1638 3505 1703 qui

1921 1759 2024 1796 non
2057 1742 2293 1794 dimittet
2323 1755 2411 1792 vos
2440 1739 2635 1791 tentari
2664 1753 2828 1804 supra
2862 1735 2914 1787 id
2941 1735 3078 1803 quod
3107 1735 3320 1800 potestis
3355 1749 3368 1796 ;
3413 1731 3504 1783 sed

1914 1836 2069 1904 faciet
2101 1851 2220 1888 cum
2251 1841 2545 1886 tentatione
2577 1831 2596 1862 ³
2635 1831 2793 1882 etiam
2837 1838 3165 1898 proventum,
3200 1837 3253 1877 ut
3290 1825 3506 1892 possitis

1912 1931 2179 1982 sustinere
2211 1925 2258 1995 (Ι
2299 1925 2424 1978 Cor.
2461 1941 2518 1986 κ,
2563 1925 2671 1990 15).
2717 1922 2804 1988 Et,
2850 1921 2954 1987 Qui
2978 1922 3080 1974 sibi
3119 1921 3502 1975 videturstare,

1909 2024 2086 2078 videat
2119 2037 2182 2074 ne
2213 2021 2370 2072 cadat
2423 2017 2595 2087 (Ibid.
2632 2017 2742 2077 η).
2784 2015 2846 2069 Iit
2902 2015 2968 2068 atl
2999 2013 3222 2068 Galatas
3291 2011 3499 2076 (Galat.

1910 2129 1967 2176 ν,
2003 2112 2056 2183 7)
2089 2131 2103 2166 :
2131 2110 2444 2166 Currebatis
2478 2109 2625 2172 bene,
2671 2109 2786 2176 quis
2819 2121 2908 2160 vos
2967 2106 3241 2173 impedivit
3292 2104 3505 2156 t-eritati

1912 2223 2017 2260 non
2087 2203 2350 2258 obedire?
2403 2201 2467 2256 Et
2507 2201 2679 2255 alibi:
2745 2199 3019 2253 l'oluintus
3075 2200 3186 2270 [AL
3235 2196 3504 2268 volumus]

1910 2300 2085 2353 venire
2139 2297 2209 2351 ad
2245 2312 2334 2350 vos
2380 2311 2522 2364 :ego
2573 2295 2788 2364 quidem
2857 2291 3085 2356 Paulus,
3150 2303 3196 2345 et
3250 2293 3408 2346 semel
3457 2301 3507 2344 et

1910 2395 2126 2456 iterum,
2159 2391 2249 2444 scd
2276 2389 2548 2453 impedivit
2578 2404 2670 2440 nos
2699 2385 2938 2442 Satanas
2995 2385 3048 2451 (Ι
3079 2384 3265 2440 Thess.
3300 2401 3359 2447 ιι,
3388 2385 3503 2450 lS).

1913 2488 1980 2542 Et
2011 2487 2075 2540 ad
2109 2486 2379 2540 maritos:
2417 2484 2485 2537 Et
2519 2485 2714 2537 iterant
2763 2483 3091 2538 revertimini
3136 2483 3203 2533 ad
3245 2482 3504 2548 idipsum,

1913 2597 1978 2634 ue
2013 2591 2171 2634 tentet
2200 2596 2286 2633 vos
2315 2577 2552 2632 Satanas
2577 2587 2792 2646 propter
2813 2575 3251 2629 incontinentiam
3276 2588 3502 2627 vestram

1915 2679 1965 2748 (l
2002 2677 2249 2737 Coum.
2310 2675 2388 2743 5).
2432 2675 2496 2729 Et
2549 2687 2818 2727 rursum:
2867 2671 3000 2723 Dico
3053 2679 3257 2727 autem,
3313 2667 3506 2734 spiritu

1915 2771 2212 2832 ambulate,
2243 2778 2292 2821 et
2324 2767 2594 2820 desideria
2627 2765 2810 2818 carnis
2865 2780 2966 2816 non
3017 2761 3324 2830 perﬁcietis.
3364 2757 3505 2812 Caro

1911 2866 2049 2919 enim
2110 2861 2436 2927 concupiscit
2513 2859 2767 2912 adversus
2837 2856 3107 2925 spiritum,
3178 2865 3226 2907 et
3282 2853 3507 2920 spiritus

1915 2958 2172 3011 adversus
2210 2971 2425 3007 carnem
2461 2970 2475 3007 :
2536 2954 2648 3005 hcec
2685 2953 2822 3005 enim
2875 2952 3094 3003 invicem
3153 2958 3505 3000 artrcrsantnr

1917 3051 2038 3113 sibi,
2083 3059 2138 3101 ut
2168 3065 2270 3101 non
2302 3063 2417 3117 qua:
2445 3047 2601 3100 vultis
2629 3045 2724 3098 illa
2756 3045 2970 3113 faciatis
3003 3038 3147 3108 (Cal.
3184 3057 3233 3102 ν,
3281 3040 3359 3101 ιϐ,
3398 3039 3502 3106 l7).

1919 3145 1998 3199 Ex
2029 3152 2263 3213 utroque
2318 3141 2614 3206 couipacti,
2686 3152 2912 3194 necesse
2964 3147 3044 3189 est
3099 3145 3157 3187 ut
3218 3138 3507 3200 utriust'iue

212 3227 349 3280 ‘i‘m
377 3242 553 3278 *πίνη
581 3223 793 3290 (λιθίνα
829 3237 939 3286 "'t
978 3222 1064 3289 18)
1097 3238 1110 3288 i
1153 3224 1219 3275 ab
1256 3220 1451 3274 ³¹¹⁰ί¹¹³
1479 3218 1804 3288 perterrilus
1837 3245 1884 3309 ο
1920 3246 2115 3292 contra
2150 3252 2209 3290 se
2238 3235 2568 3290 substantia:
2597 3233 2739 3287 bella
2776 3235 3073 3302 patiamur.
3106 3227 3171 3282 Et
3221 3229 3284 3279 ail
3324 3227 3506 3294 Ephe-

215 3328 402 3387 negat.
428 3317 495 3371 Et
521 3319 637 3386 ipse
658 3317 958 3370 Dominus:
981 3312 1186 3374 Simon,
1214 3312 1420 3376 Simon,
1446 3327 1580 3375 ecce,
1607 3310 1810 3380 inquit,

214 3411 460 3467 Satanas
493 3408 784 3478 postulavit
808 3423 916 3469 vos,
949 3416 1004 3459 ut
1043 3406 1297 3459 cribraret
1324 3406 1456 3457 sicut
1484 3403 1594 3474 [ΑΙ.
1628 3403 1812 3475 quasi]

217 3506 485 3556 triticum.
528 3502 640 3571 Ego
665 3511 838 3552 autem
873 3502 1052 3567 rogavi
1076 3515 1170 3565 pro
1202 3508 1270 3560 te,
1323 3515 1384 3552 ne
1427 3497 1534 3569 [λι.
1573 3506 1630 3550 ιιι
1677 3496 1808 3570 non]

215 3598 466 3663 deﬁceret
525 3595 656 3661 ﬁdes
713 3605 804 3646 tua
856 3593 1004 3662 (Luc.
1040 3608 1178 3655 χχιι,
1242 3593 1355 3661 51).
1394 3592 1458 3645 Iit
1515 3592 1568 3646 in
1618 3593 1812 3646 eodem

220 3693 344 3746 loco
380 3712 396 3746 :
433 3690 662 3757 Vigilate
700 3700 750 3743 et
781 3699 953 3752 orate,
985 3704 1046 3741 ne
1073 3688 1282 3740 intretis
1315 3688 1366 3739 in
1417 3687 1760 3740 tentationem
1793 3703 1813 3752 ,-

219 3785 452 3852 spiritus
481 3785 694 3843 quidem
727 3791 1000 3850 promptus
1030 3791 1130 3842 est,
1163 3795 1288 3832 caro
1339 3787 1518 3831 autem
1575 3778 1812 3846 inﬁrma.

219 3876 384 3942 Quod
435 3875 483 3929 si
524 3885 652 3928 ante
685 3889 906 3929 crucem
964 3874 1169 3928 dictum
1232 3874 1606 3944 responderis,
1666 3885 1814 3929 certe

218 3980 350 4040 post
381 3983 608 4023 crucem
642 3967 697 4021 iu
729 3967 990 4023 Oratione
1024 3966 1303 4021 Dominica
1336 3967 1572 4021 dicimus
1601 3986 1614 4021 :
1654 3965 1818 4036 324

222 4067 451 4119 Dimitte
483 4064 634 4116 nobis
669 4063 848 4116 debita
876 4072 1081 4124 nostra,
1121 4063 1256 4114 sicut
1289 4072 1336 4115 et
1363 4079 1456 4114 nos
1489 4062 1812 4115 dimittimus

221 4156 563 4210 debitoribus
599 4157 796 4207 nostris
826 4172 843 4218 ;
877 4165 927 4207 et
958 4169 1018 4207 ne
1046 4171 1140 4208 nos
1170 4153 1392 4208 inducas
1446 4155 1502 4208 in
1555 4157 1808 4209 tentatio-

225 4266 365 4309 nent,
401 4247 494 4298 sed
525 4245 688 4298 libera
719 4262 810 4297 nos
840 4261 870 4296 a
923 4243 1064 4297 malo
1096 4244 1309 4313 (.ilatth.
1339 4260 1412 4308 Vl,
1450 4247 1562 4313 12).
1593 4245 1649 4299 Si
1707 4262 1815 4301 non

228 4356 538 4414 peccamus
567 4353 688 4408 post
725 4341 1022 4408 baptisma,
1057 4355 1154 4393 cur
1178 4339 1336 4394 nobis
1369 4340 1648 4409 poscimus
1683 4357 1816 4410 poc-

224 4447 350 4491 cata
399 4435 633 4497 dimitti,
666 4451 785 4504 quae
825 4435 879 4487 in
913 4434 1247 4503 baptismate
1271 4434 1379 4502 jam
1411 4434 1638 4488 dimissa
1669 4434 1818 4488 sunt?

224 4531 373 4598 Quid
411 4529 1020 4584 Oraiuusueiutrcmus
1080 4527 1135 4578 in
1192 4525 1576 4592 teutationetn,
1639 4535 1696 4579 ct
1761 4537 1813 4580 ut

1920 3331 2033 3385 sios
2070 3345 2084 3381 :
2122 3326 2246 3381 Non
2277 3337 2351 3380 est
2380 3327 2528 3378 nobis
2563 3341 2739 3393 pugna
2767 3323 2876 3394 [ΑΙ.
2900 3319 3235 3390 colluctatio]
3256 3322 3502 3371 adi-eratis

1920 3437 2135 3476 carnem
2169 3434 2217 3475 et
2253 3423 2590 3491 sanguinem,
2639 3420 2728 3474 sed
2791 3420 3045 3472 adversus
3087 3417 3109 3447 ⁸
3148 3417 3505 3484 principatus.

1919 3523 1968 3567 et
1992 3522 2304 3580 potestates,
2338 3516 2589 3567 adversus
2616 3521 2844 3566 rectores
2880 3511 3218 3564 tenebrarum
3255 3510 3500 3570 istarum,

1919 3607 2176 3660 adversus
2207 3606 2520 3674 spiritualia
2555 3606 2804 3674 nequitiae
2837 3603 2892 3656 in
2947 3603 3250 3656 ca'lestibus
3285 3601 3500 3666 (Ep/tes.

1921 3713 1994 3761 \‘l,
2039 3696 2151 3763 μὶ).
2178 3697 2246 3750 Et
2285 3699 2568 3751 existimat
2601 3696 2801 3766 aliquis
2836 3710 3084 3752 securos.
3121 3703 3169 3746 et
3222 3694 3505 3745 tli‘al‘lltiCll'

1918 3797 2000 3844 tes
2022 3788 2184 3859 325
2217 3805 2318 3845 nos
2351 3804 2475 3844 esse
2503 3789 2703 3842 debere
2731 3801 2849 3858 post
2876 3788 3204 3856 baptismum
3229 3789 3251 3837 ‘.’
3283 3785 3504 3838 .‘iicuou

1925 3883 1991 3936 ad
2032 3883 2289 3936 “clil'R‘OS
2329 3898 2344 3935 :
2385 3881 2723 3951 Iinpossibile
2763 3893 2839 3934 est
2889 3882 3023 3934 enini
3073 3897 3159 3933 eos
3202 3883 3296 3948 qut
3347 3878 3506 3930 semel

1919 3972 2376 4036 suntiltuminati,
2446 3983 2496 4025 et
2555 3981 2895 4042 gnstavernnt
2953 3971 3152 4020 donum
3189 3971 3410 4026 caeleste,
3455 3976 3504 4019 et

1921 4067 2209 4133 participes
2245 4067 2373 4135 facti
2403 4075 2525 4118 sunt
2553 4064 2778 4133 Spiritus
2816 4065 3012 4126 sancti,
3061 4076 3505 4130 {pisturcrunique

1922 4160 2265 4213 nihilominus
2305 4160 2497 4211 bonum
2532 4157 2625 4210 Dei
2654 4157 2888 4222 verbum,
2953 4157 3278 4223 virtutesque
3324 4155 3504 4207 srrcu!i

1922 4254 2116 4326 futuri,
2154 4252 2456 4321 etprolapsi
2506 4262 2649 4312 sunt,
2678 4251 2925 4302 renovari
2973 4250 3166 4301 iterum
3218 4248 3285 4299 ad
3337 4247 3503 4314 prrni-

1925 4346 2166 4405 tentiam,
2224 4361 2438 4398 riu'smn
2493 4343 2859 4411 crnciﬁgentes
2911 4341 3252 4406 sibimetipsis
3304 4340 3503 4393 Filium

1923 4437 2040 4499 Dei,
2100 4447 2148 4489 et
2194 4437 2425 4489 ostentui
2463 4436 2708 4488 habentes
2765 4435 2954 4496 (Hebr.
3024 4449 3052 4486 ν
3091 4475 3103 4497 ,
3158 4433 3191 4486 ὁ
3234 4441 3280 4485 et
3307 4431 3501 4500 scqq.).

1925 4529 2083 4583 Certe
2135 4545 2230 4583 eos
2265 4531 2356 4598 qui
2404 4530 2699 4582 illutuiuati
2759 4538 2908 4590 sunt,
2960 4540 3014 4582 ct
3061 4535 3419 4595 gustavrrttztt
3483 4525 3505 4556 "

224 4628 592 4681 libere-mura
655 4620 821 4682 malo,
871 4623 914 4675 si
949 4619 1200 4673 diabolus
1252 4628 1464 4673 tentare
1497 4633 1602 4672 non
1637 4592 1897 4686 potestD
1925 4623 2126 4676 donum
2172 4624 2419 4684 caeleste.
2470 4631 2524 4676 et
2558 4623 2859 4691 participes
2914 4620 3037 4673 lacti
3065 4592 3215 4672 sunt
3260 4619 3503 4688 Spiritus

221 4718 337 4788 jam
375 4710 730 4784 baptizatos?
762 4710 922 4762 Aliud
956 4720 1140 4763 autem
1185 4716 1290 4766 est.
1341 4708 1385 4761 si
1423 4709 1489 4760 ad
1555 4709 1817 4761 catechu-

226 4825 430 4864 menos
476 4809 589 4858 haec
619 4806 795 4858 Oratio
829 4803 1084 4872 pertinet,
1117 4811 1168 4854 et
1209 4816 1317 4854 non
1355 4802 1616 4856 convenit
1649 4801 1821 4855 fideli-

229 4899 336 4954 bus
371 4908 426 4951 et
467 4894 820 4949 Christianis.
873 4891 1074 4946 Paulus
1109 4892 1395 4946 electionis
1456 4906 1552 4947 vas
1584 4893 1819 4962 castigat

310 5063 326 5091 ²
357 5059 536 5110 Verba
571 5055 710 5116 apud
745 5053 952 5106 Patrem
983 5051 1325 5105 .llartianazus
1352 5054 1660 5119 omiseratt:
1697 5062 1812 5108 tum

230 5127 630 5184 Casauatettsis
661 5143 750 5191 pro
780 5125 1025 5180 Joannis,
1064 5125 1374 5190 illornmque
1407 5125 1659 5191 peceatis,
1694 5127 1814 5192 qui-

231 5204 328 5252 bus
370 5200 600 5259 scribit;
643 5204 732 5248 sed
766 5199 948 5258 etiam,
997 5205 1100 5246 etc.
1133 5192 1409 5247 Victorius
1451 5195 1644 5246 maluit
1680 5194 1817 5246 alio-

231 5287 460 5331 ‘Httti'l'u"
496 5279 728 5318 ἶὶςτῒὶιι.;ὶ.

313 5345 330 5370 ³
368 5339 712 5392 Υριιεςιίοιηιε
745 5338 852 5391 duo
893 5355 1028 5392 mss.
1059 5355 1162 5391 non
1190 5339 1388 5392 habent
1424 5341 1582 5390 verba
1610 5339 1804 5390 stimu-

233 5414 316 5464 lus
353 5414 564 5464 carnis,
602 5423 721 5472 utne
763 5425 887 5461 sunt
919 5414 1171 5474 equidem
1206 5410 1496 5461 IlOtIlCllllill
1531 5411 1698 5461 etiam
1762 5411 1814 5463 itt

233 5484 629 5534 inmolato.
667 5481 865 5546 audio;
901 5485 961 5542 τῖ
993 5482 1155 5547 σαρκί
1189 5495 1202 5540 ;
1233 5479 1325 5530 soil
1360 5480 1486 5532 olitu
1519 5493 1546 5530 a
1584 5479 1816 5548 quibus-

234 5556 362 5602 dem
421 5550 830 5613 excinpluibus
889 5551 1152 5612 abluissc,
1220 5549 1421 5601 ἰιιειίςὶυ
1493 5561 1579 5601 est
1659 5561 1817 5606 \‘ctus

233 5621 559 5686 λειὶιὶυρὴςίι
597 5633 796 5682 versui,
829 5636 948 5689 qua:
973 5620 1060 5672 illa
1098 5635 1200 5672 non
1231 5618 1596 5689 agucscit.lu
1627 5625 1819 5674 subse-

235 5702 432 5763 ηιικιιιί
463 5691 736 5763 versiculo
767 5688 897 5743 mss.
930 5705 1124 5763 omnes
1155 5692 1354 5742 habent
1407 5705 1468 5742 ne
1501 5688 1638 5756 forte
1680 5691 1818 5746 sicut

238 5756 479 5836 serpens.
509 5771 620 5836 i-tc.
659 5756 842 5836 (ξεᾳςςη
985 5778 1101 5822 πως
1131 5777 1145 5814 :
1170 5775 1384 5836 rursus
1413 5763 1487 5812 ita
1535 5761 1819 5816 desidera—

241 5847 349 5885 tur.
391 5831 636 5897 Deuique
691 5830 918 5886 interius
985 5837 1148 5885 verba
1188 5829 1384 5899 siquid
1445 5833 1636 5887 donari
1705 5846 1817 5889 non

489 5954 755 6009 Ps't‘ttOL.
901 5989 914 6007 .
943 5944 1158 6009 XXIII.

1921 4717 2122 4779 sancti,
2157 4726 2624 4785 gustaveruntmte
2655 4717 2855 4767 b0uum
2892 4711 2983 4767 Dei
3020 4715 3269 4770 terbutu,
3306 4726 3504 4779 negare

1922 4825 2030 4863 nun
2066 4824 2362 4879 pOSSIlmIIS
2390 4809 2718 4878 baptizatos.
2764 4805 2817 4857 Si
2848 4816 3029 4858 autem
3063 4805 3095 4857 b
3117 4802 3322 4868 iptizati
3379 4814 3502 4869 pec-

1923 4916 2049 4956 care
2075 4916 2181 4955 uou
2219 4912 2472 4970 possunt,
2505 4899 2784 4969 quomodo
2823 4912 2970 4951 nunc.
3017 4894 3317 4967 Apostolus
3340 4893 3498 4959 dicit,

1923 5071 2266 5132 agnoscunt,
2331 5062 2522 5114 eadem
2603 5058 2855 5113 versiOuc
2924 5055 3236 5124 Aitbiopica
3297 5050 3496 5106 sullra-

1960 5147 2104 5188 alite.

1960 5155 2104 5188 ante.

1924 5155 1954 5207 α
1993 5207 2012 5236 ³
2060 5203 2388 5259 Veronensis
2438 5217 2590 5261 mss,
2654 5213 2701 5252 et
2748 5210 3003 5252 eventura.
3063 5196 3153 5250 Gr.
3212 5195 3442 5249 ἔκϐασιν
3483 5214 3498 5256 :

1924 5278 2085 5343 paulo
2121 5290 2260 5342 post.
2300 5274 2428 5325 iltml
2470 5274 2787 5323 ,μδ-,ιτξὲςεεὶω
2826 5271 3189 5331 desideratur,
3229 5267 3496 5336 (μη-πυκά·-

1924 5337 2144 5397 inodum
2179 5357 2230 5396 et
2261 5343 2399 5394 iul'rzt
2439 5349 2660 5394 rei-bitu:
2689 5342 3038 5407 concupiscit,
3074 5355 3196 5392 cum
3237 5337 3490 5405 sequenti

1921 5417 2234 5495 enim,_qttte
2300 5415 2352 5467 iu
2408 5411 2571 5466 nullis
2608 5414 3050 5482 llict‘onymiauis
3093 5408 3498 5474 exeniplaribtts

1924 5499 2291 5542 tttvetttunlttr.

1998 5558 2210 5612 *Antca
2273 5572 2384 5613 erat
2431 5560 2727 5628 principes,
2771 5550 3124 5628 renuentibus
3178 5563 3312 5602 tuss.
3372 5547 3495 5601 Mox

1923 5626 2327 5690 Casauateusis,
2355 5641 2401 5682 et
2432 5621 2750 5683 dormientes
2787 5639 2898 5678 esse
2937 5632 3050 5689 post
3084 5621 3371 5690 baptisma.

1995 5699 2016 5727 ⁵
2044 5687 2360 5753 Amavimus
2407 5704 2535 5755 hinc
2557 5701 2645 5752 Dei
2667 5713 2865 5750 nomen
2906 5687 2972 5747 cit
3007 5693 3114 5745 title
3158 5690 3282 5745 cod.
3314 5687 3506 5751 Vero-1

1925 5771 2111 5828 nensis
2147 5781 2199 5825 et
2230 5767 2458 5828 Victorii
2488 5773 2834 5825 auctoritate.

3073 5949 3140 6010 ιο
