4218 6448
172 395 279 465 313

1167 393 1576 457 ADVERSUS
1617 392 2103 455 JOVlNlANUM
2137 396 2287 457 LIB.
2330 398 2414 461 II.

3339 401 3447 467 3M

175 519 355 570 omnis
380 522 619 569 conatus
649 511 766 582 ejus
800 522 856 569 et
886 513 1125 585 impetus
1144 512 1209 565 ad
1239 511 1522 567 lasciviam
1566 524 1765 579 prope-
1794 509 1841 566 Α
1870 508 1938 563 de
1967 512 2221 567 carnibus
2244 555 2259 578 ,
2286 524 2342 569 et
2391 522 2572 580 ructu,
2601 522 2655 570 et
2710 516 2919 571 ventris
2942 515 3182 586 ingluvie
3202 516 3467 586 rogitare.

176 619 316 663 rant.
343 608 480 662 Sine
505 616 742 677 quatuor
766 606 1018 663 sensibus
1045 605 1228 662 vivere
1251 619 1561 674 possumus,
1595 603 1644 657 id
1670 610 1773 669 est,

175 702 295 756 siue
328 712 589 771 aspectu,
646 700 859 763 auditu.
922 700 1178 765 odoratu,
1240 706 1407 767 atque
1464 697 1772 765 complexu.

172 797 396 863 Absque
424 806 592 867 gustu
614 803 798 849 autem
830 802 881 849 et
909 793 1047 849 cibis
1094 790 1434 861 impossibile
1458 802 1544 845 est
1578 791 1776 844 buma-

174 904 307 942 num
335 902 545 957 corpus
570 886 892 941 subsistere.
942 885 1151 941 Adesse
1185 900 1315 956 ergo
1349 882 1511 939 debet
1539 881 1778 946 ratio,ut

174 983 311 1035 tales
344 997 411 1035 ac
440 991 630 1035 tantas
646 993 927 1034 sumamus
944 978 1341 1048 escas,quibus
1368 991 1478 1031 non
1515 983 1777 1030 oneretur

174 1092 396 1145 corpus,
435 1092 543 1129 nec
581 1075 806 1129 libertas
860 1074 1055 1128 animae
1118 1081 1531 1143 praegravetur;
1565 1068 1689 1141 quia
1722 1076 1777 1122 et

180 1169 590 1226 comedendum
639 1178 742 1230 est,
790 1178 843 1223 et
891 1165 1375 1229 deambulanduin,
1406 1174 1461 1219 et
1501 1164 1779 1218 dormien-

181 1264 353 1324 dum,
417 1273 476 1317 et
531 1262 917 1332 digerendum.
980 1269 1038 1315 et
1094 1270 1280 1330 postea
1345 1258 1548 1313 inﬂatis
1597 1255 1771 1321 venis,

176 1358 452 1411 incentiva
490 1357 781 1410 libidinum
818 1354 1189 1409 sustinenda.‘
1235 1353 1538 1407 Luxuriosa
1567 1368 1652 1405 res
1701 1351 1777 1404 ui-

177 1462 381 1509 uum,et
437 1451 838 1502 contumeliosa
870 1452 1093 1503 ebrietas
1126 1448 1308 1519 (Prov.
1338 1465 1429 1510 xx,
1463 1448 1537 1517 l).
1585 1445 1777 1501 Omnis

179 1547 266 1609 qui
305 1558 437 1595 cum
476 1543 566 1594 bis
604 1542 889 1603 miscetur,
926 1557 1035 1595 non
1072 1541 1176 1593 erit
1216 1540 1459 1610 sapiens.
1494 1540 1603 1594 Nec
1646 1538 1778 1593 tales

182 1637 530 1704 accipiamus
566 1633 742 1697 cibos,
772 1649 907 1703 quos
934 1642 1027 1686 aut
1059 1632 1353 1687 difficulter
1384 1634 1653 1699 digerere,
1686 1639 1780 1685 aut

179 1745 459 1793 couiesos,
504 1746 709 1801 magno
764 1739 947 1797 partos
985 1738 1039 1783 et
1073 1728 1316 1798 perditos
1356 1726 1545 1781 labore
1593 1724 1777 1779 dolea-

178 1839 318 1877 mus.
355 1822 614 1886 Olerum,
642 1836 946 1893 pomorum,
978 1836 1043 1875 ac
1101 1819 1457 1888 leguminum,
1484 1826 1539 1873 et
1571 1816 1779 1873 facilior

1883 606 2153 674 Diogenes
2175 618 2431 678 tyrannos
2454 621 2506 663 et
2529 612 2916 666 subversioncs
2944 613 3054 675 (.ll,
3078 616 3466 675 subversor»)

1882 700 2126 761 urbium,
2168 700 2417 769 bellaque
2450 704 2529 755 vel
2586 705 2824 769 hostilia,
2883 705 2967 758 vel
2997 706 3198 762 civiii:-..
3225 724 3329 759 non
3366 722 3465 776 pro

1879 792 2112 863 simplici
2134 794 2281 847 victu
2312 797 2521 849 olerum
2556 810 2977 865 pomorumque,
3019 798 3112 851 sed
3145 814 3240 865 pro
3278 803 3463 852 carni-

1881 888 1988 944 bus
2020 896 2074 943 et
2109 888 2393 957 epularum
2445 888 2655 943 deliciis
2681 891 2879 944 asserit
2909 891 3157 945 excitari.
3192 890 3465 959 Quodque

1880 981 2194 1037 mirandum
2229 982 2321 1047 sit,
2350 981 2615 1049 Epicurus
2653 984 2947 1050 voluptatis
2979 995 3245 1049 assertor,
3271 1000 3466 1037 omnes

1882 1073 2048 1128 libros
2085 1090 2211 1127 suos
2251 1072 2477 1143 replevit
2531 1076 2770 1129 oleribus
2827 1086 2882 1129 et
2911 1078 3109 1143 pomis,
3144 1087 3198 1130 et
3259 1075 3465 1129 vilibus

1880 1168 2016 1224 cibis
2046 1169 2172 1221 dicit
2194 1184 2315 1223 esse
2344 1168 2655 1232 vivendum;
2692 1171 2817 1238 quia
2861 1184 3077 1226 carnes.
3107 1181 3157 1221 et
3186 1171 3469 1237 exquisita:

1880 1263 2076 1334 epolte,
2110 1264 2314 1329 ingenti
2348 1278 2477 1317 cura
2511 1278 2573 1315 ac
2608 1265 2821 1318 miseria
2854 1274 3245 1331 praeparentur,
3276 1264 3449 1321 maio-

1881 1370 2107 1422 remque
2130 1371 2339 1424 poenam
2378 1355 2614 1409 habeant
2646 1355 2699 1407 in
2733 1355 3055 1421 inquirendo
3089 1355 3198 1426 [ΑΙ.
3224 1370 3472 1422 qua-ren-

1878 1447 1988 1520 do]
2027 1465 2189 1517 quam
2232 1450 2563 1515 voluptatem
2596 1448 2648 1501 in
2702 1448 2995 1501 abolendo.
3033 1448 3051 1516 (
3084 1448 3204 1501 Via.
3244 1448 3471 1497 Lactan-

1881 1544 2013 1596 tium
2044 1544 2081 1594 ι.
2114 1557 2263 1602 m,c.
2296 1542 2402 1608 l'i.)
2424 1543 2659 1610 Corpora
2684 1552 2863 1593 autem
2887 1551 3069 1593 nostra
3102 1541 3223 1593 C2b0
3260 1550 3467 1591 tantum

1882 1644 2085 1704 etpotu
2113 1635 2379 1703 indigere.
2410 1634 2505 1689 Ubi
2532 1649 2670 1702 aqua
2703 1644 2757 1686 et
2779 1633 2933 1702 panis
2954 1638 3047 1693 sit,
3081 1642 3135 1685 et
3162 1643 3355 1685 czetera
3387 1633 3471 1684 bis

1883 1728 2101 1790 similia,
2128 1729 2200 1783 ibi
2231 1738 2435 1783 natura}
2462 1727 2828 1797 satisfactum]
2852 1729 2867 1793 (
2887 1726 3004 1780 l’id.
3025 1727 3317 1779 Luci-tium.
3343 1725 3379 1777 ι.
3410 1740 3463 1786 x;

1885 1829 1933 1875 et
1975 1819 2231 1875 Senecam
2260 1818 2298 1874 Ι.
2329 1835 2406 1873 ιιι.
2463 1818 2690 1887 Epistol.
2721 1818 2755 1871 2
2776 1826 2823 1870 et
2848 1816 2967 1882 25.)
2992 1816 3266 1885 Quidquid
3305 1829 3468 1879 supra

179 1928 481 1987 apparatus
524 1928 632 1981 est,
680 1925 736 1969 et
774 1924 892 1969 arte
942 1913 1343 1983 impendiisque
1378 1926 1636 1967 cocorum
1670 1925 1777 1965 non
1809 1881 1853 1939 Β
1883 1914 2067 1977 fuerit,
2101 1928 2209 1967 non
2248 1912 2314 1966 ad
2346 1913 2467 1965 vitte
2510 1915 2892 1965 necessitatem
2926 1920 3199 1979 spectare,
3246 1910 3343 1963 sed
3399 1909 3467 1960 ad

178 2011 426 2079 indiget:
466 2017 524 2063 et
569 2009 689 2062 sine
719 2022 847 2062 cura
898 2012 1173 2060 sustentat
1225 2004 1520 2058 humanum
1552 2017 1775 2072 corpus,

179 2107 584 2164 moderateque
637 2111 887 2170 sumptus
933 2097 1079 2168 (quia
1112 2113 1213 2153 nec
1273 2097 1431 2151 avide
1489 2095 1780 2151 devoratur

176 2194 317 2265 quod
370 2194 718 2247 irritamenta
767 2193 905 2263 gul:e
951 2207 1058 2245 non
1109 2190 1319 2257 habet)
1373 2189 1561 2243 leviori
1625 2188 1780 2259 dige-

180 2290 365 2341 stione
399 2287 791 2356 concoquitur.
814 2283 984 2339 Nemo
1009 2283 1152 2339 enim
1192 2297 1302 2337 uno
1332 2290 1425 2335 aut
1456 2281 1670 2337 duobus
1703 2280 1780 2335 ci-

180 2378 281 2439 bis,
304 2377 510 2447 bisque
563 2378 786 2445 vilibus,
856 2392 1025 2445 usque
1061 2376 1126 2431 ad
1177 2373 1506 2430 inflationem
1572 2374 1778 2429 ventris

175 2482 467 2534 oneratur,
504 2486 629 2539 qua:
652 2470 965 2524 diversitate
991 2469 1242 2524 carnium
1269 2477 1323 2522 et
1344 2468 1558 2537 saporis
1628 2466 1777 2521 dele-

176 2565 421 2619 ratione
460 2565 481 2594 ¹
518 2562 847 2633 concipitur.
879 2561 1012 2617 Cum
1034 2560 1201 2616 variis
1238 2561 1523 2615 nidoribus
1564 2558 1777 2613 fumant

177 2660 401 2730 patinge,
450 2658 521 2711 ad
579 2670 737 2709 esum
770 2652 933 2726 350
960 2654 1065 2717 sui,
1105 2654 1321 2723 expleta
1371 2652 1577 2718 esurie,
1619 2652 1775 2719 quasi

176 2744 427 2811 captivos
460 2743 707 2793 trabunt.
772 2735 925 2790 Unde
948 2745 1002 2789 et
1033 2735 1208 2789 morbi
1266 2750 1332 2789 ex
1368 2734 1657 2788 saturitate
1690 2733 1777 2787 ui-

176 2836 281 2889 mia
341 2834 739 2892 concitantur;
810 2828 1075 2898 multique
1133 2826 1536 2897 impatientiam
1606 2826 1769 2897 gulae,

176 2929 389 2981 vomitu
419 2924 817 2986 remediantur,
858 2930 910 2976 et
950 2920 1095 2992 quod
1128 2919 1361 2989 turpiter
1403 2919 1774 2991 ingesserunt,

181 3022 400 3091 turpius
459 3025 723 3079 egerunt.

254 3116 341 3169 ll.
369 3112 632 3168 Oratione
652 3111 897 3164 suasoria
918 3109 987 3162 ad
1010 3116 1150 3161 artes
1173 3124 1294 3177 cap.
1314 3105 1522 3159 ultimo.
1547 3102 1778 3160 Grandis

1882 2006 2075 2061 vitium
2126 2004 2445 2073 voluptatis.
2512 2002 2728 2069 Bibere,
2759 2013 2814 2057 et
2850 2001 3165 2066 comedere,
3223 2016 3328 2054 non
3375 2000 3470 2053 de-

1880 2100 2129 2155 liciarum
2184 2100 2435 2155 ardorem
2462 2099 2506 2163 ⁵,
2536 2100 2629 2153 sed
2690 2098 2837 2154 sitim
2897 2098 3208 2164 famemque
3265 2094 3472 2150 restin-

1880 2209 2070 2265 guere.
2115 2193 2216 2260 Qui
2248 2194 2513 2248 carnibus
2549 2202 2869 2256 vescantur,
2910 2192 3149 2260 indigere
3184 2189 3347 2244 etiam
3388 2189 3471 2243 bis

1878 2305 1998 2359 qua:
2030 2304 2138 2343 non
2171 2299 2303 2342 sunt
2356 2288 2631 2342 carnium.
2696 2286 2797 2353 Qui
2833 2295 3013 2339 autem
3056 2284 3290 2352 simplici
3325 2284 3468 2338 victu

1880 2381 2203 2439 abutantur,
2256 2392 2353 2432 eos
2414 2392 2611 2431 carnes
2666 2392 2775 2430 non
2836 2376 3137 2445 requirere.
3177 2374 3472 2442 Sapientia:

1878 2485 2097 2542 quoque
2120 2470 2278 2542 341
2305 2486 2527 2541 operam
2560 2469 2691 2524 dare
2727 2484 2834 2523 non
2853 2483 3163 2537 possumus,
3188 2466 3231 2520 si
3269 2480 3473 2519 mensa:

1877 2564 2278 2619 abundantiam
2317 2564 2647 2634 cogitemus,
2681 2577 2803 2632 quae
2840 2562 3026 2615 labore
3058 2560 3229 2614 nimio
3263 2567 3313 2610 et
3342 2573 3471 2612 cura

1880 2656 2108 2726 indiget.
2150 2655 2274 2710 Cito
2307 2654 2559 2725 expletur
2584 2666 2794 2708 natura:
2829 2652 3133 2708 necessitas
3167 2664 3183 2706 :
3215 2649 3386 2719 frigus
3415 2652 3476 2701 et

1880 2750 2075 2811 fames,
2138 2745 2376 2817 simplici
2444 2746 2645 2799 vestitu
2706 2754 2760 2799 et
2824 2744 2950 2799 cibo
3013 2742 3211 2810 expelli
3270 2750 3475 2810 potest.

1880 2843 2041 2900 Unde
2087 2852 2141 2896 et
2197 2840 2536 2909 Apostolus:
2584 2837 2881 2899 Habentes.
2934 2837 3133 2905 inquit,
3170 2836 3389 2899 victum,
3427 2844 3476 2888 et

1880 2937 2128 2991 vestitum
2188 2933 2297 3006 [ΑΙ.
2376 2930 2795 3002 ttestiiitentttm},
2863 2932 2945 2982 itis
3006 2929 3239 2981 contenti
3305 2930 3474 2981 simus

1882 3028 1937 3098 (1
2002 3027 2143 3083 Tim.
2200 3044 2277 3088 vi,
2319 3026 2400 3093 8).
2456 3024 2671 3079 Deliciae
2728 3033 2781 3077 et
2836 3024 3124 3092 epularum
3180 3022 3477 3077 varietates

1885 3117 1996 3190 [ΑΙ.
2034 3115 2319 3185 varietas],
2360 3115 2601 3169 fomenta
2641 3113 2885 3167 avaritia:
2924 3122 3071 3166 sunt.
3110 3111 3345 3165 Grandis
3377 3127 3475 3165 ex-

179 3208 469 3263 ezsttltatio
497 3208 696 3259 animi:
725 3206 864 3258 unde
888 3203 975 3256 sit.
1011 3200 1243 3255 Tenuior
1300 3202 1484 3263 victus,
1518 3196 1777 3266 Exempla

1886 3210 2113 3265 sultatio
2160 3209 2357 3262 anime
2402 3216 2506 3272 ρει,
2544 3222 2669 3261 cum
2733 3221 2900 3270 parvo
2936 3214 3230 3258 contentus
3283 3204 3474 3267 fueris.

181 3298 544 3370 frugalitatis.
580 3295 935 3366 Hippocrates
963 3294 1015 3347 iu
1042 3293 1385 3363 Apborismis
1411 3291 1570 3345 docet
1596 3305 1779 3344 crassa

181 3407 235 3449 et
262 3395 431 3447 obesa
457 3405 715 3458 corpora,
742 3402 861 3458 quae
883 3385 1165 3442 crescendi
1196 3398 1512 3440 mensuram
1535 3381 1777 3452 comple-

185 3484 521 3547 verint,nisi
562 3483 835 3537 ablatione
874 3479 1158 3550 sanguinis
1207 3480 1316 3533 cito
1358 3477 1779 3539 imminuantur,

185 3578 241 3634 in
267 3578 565 3649 paralysim
584 3586 640 3629 et
658 3574 890 3644 pessima
915 3574 1226 3627 morborum
1249 3584 1446 3637 genera
1468 3582 1779 3637 erumpere;

190 3682 248 3725 et
276 3671 489 3724 idcirco
511 3682 636 3720 esse
659 3665 1025 3720 necessariam
1053 3662 1446 3732 demptionem,
1474 3669 1533 3714 ut
1562 3674 1780 3714 rursum

188 3764 433 3817 habeant
464 3762 525 3814 in
548 3774 670 3827 quae
700 3758 907 3827 possint
930 3770 1199 3811 crescere.
1222 3753 1341 3809 Non
1376 3753 1526 3808 enim
1560 3764 1785 3806 manere

190 3858 242 3909 in
274 3871 387 3908 uno
415 3862 570 3908 statu
604 3861 857 3904 naturam
908 3862 1222 3916 corporum,
1285 3845 1381 3900 sed
1409 3854 1503 3899 aut
1534 3856 1783 3899 crescere

190 3961 431 4015 semper,
468 3952 567 3997 aut
595 3942 935 4001 decrescere,
974 3953 1076 3993 nec
1121 3952 1281 4007 posse
1319 3936 1499 3989 vivere
1554 3932 1783 3997 animal,

190 4039 296 4094 nisi
322 4035 614 4091 crescendi
642 4047 813 4101 capax
838 4032 929 4085 sit.
961 4029 1113 4085 Unde
1136 4039 1191 4084 et
1212 4027 1542 4084 Galennsvir
1563 4026 1787 4097 (Al.vel)

192 4130 575 4193 doctissimus,
593 4125 942 4196 Hippocratis
987 4130 1276 4193 interpres.
1297 4120 1533 4175 athletas
1554 4134 1787 4190 quorum

194 4228 303 4280 vita
322 4235 380 4278 et
406 4236 498 4276 ars
516 4224 706 4290 sagina
732 4230 837 4279 est,
867 4217 998 4272 dicit
1042 4216 1095 4269 in
1120 4216 1141 4247 ⁸
1176 4212 1566 4267 Esbortatioue
1621 4210 1791 4267 medi-

196 4320 352 4381 cinae,
388 4330 492 4370 nec
523 4315 710 4367 vivere
740 4325 897 4380 posse
950 4309 1062 4373 diu,
1118 4322 1219 4362 nec
1272 4321 1435 4362 sanos
1468 4320 1589 4360 esse
1622 4322 1637 4358 :
1669 4302 1790 4357 ani-

195 4426 429 4479 masque
448 4420 643 4462 eorum
667 4404 741 4457 ita
768 4400 939 4455 nimio
959 4398 1244 4469 sanguine,
1266 4406 1322 4452 et
1340 4396 1613 4466 adipibus,
1633 4394 1789 4465 quasi

196 4506 315 4561 luto
336 4500 638 4561 involutas,
664 4495 802 4550 nihil
820 4505 1000 4558 tenue,
1030 4491 1165 4546 nihil
1190 4490 1433 4552 caeleste,
1457 4488 1552 4543 sed
1576 4501 1791 4557 semper

201 4641 526 4696 historicos.
551 4633 844 4689 Sallustius
865 4645 1030 4701 porro
1051 4631 1103 4682 in
1128 4625 1788 4701 coniurationecatilinte,

204 4695 369 4767 initio
405 4714 570 4774 liuius
597 4695 941 4764 historia-fin
974 4702 1119 4754 hunc
1156 4695 1792 4774 iiioduiii_scripsit_:Sed

206 4793 392 4837 nostra
422 4767 599 4831 omnis
623 4778 699 4830 vis
728 4776 783 4826 in
810 4774 992 4825 animo
1017 4784 1064 4823 et
1093 4784 1309 4834 corpore
1341 4771 1441 4820 sita
1469 4776 1567 4820 est.
1601 4767 1781 4820 Animi

205 4856 453 4916 imperio,
472 4848 708 4914 corporis
723 4844 931 4916 serrttio
950 4842 1114 4916 magis
1139 4843 1337 4890 utimur
1358 4858 1369 4889 :
1393 4838 1619 4916 alterum
1650 4838 1794 4889 nobis

204 4907 321 4977 cuin
341 4907 468 4977 diis.
500 4907 726 4971 alierum
752 4930 869 4967 cum
894 4907 1079 4965 belluis
1097 4924 1367 4963 commune
1388 4916 1485 4977 est.
1524 4907 1794 4961 Maurus.

225 5023 274 5033 -
310 4975 615 5046 Sallustius
673 4990 723 5040 in
754 4985 991 5039 Catilina
1018 4997 1137 5049 Cap.
1163 4980 1214 5044 1,
1252 4979 1342 5033 ubi
1374 4975 1539 5030 animi
1590 4987 1673 5031 εει
1698 4992 1795 5049 pro

208 5076 431 5116 anima.
493 5060 829 5123 thr}sippits
868 5058 1007 5123 apttd
1032 5048 1313 5105 Claudian.
1347 5049 1666 5123 Maluerlttut
1729 5048 1797 5123 de

207 5134 362 5188 Statu
390 5133 587 5183 aninne
606 5119 655 5183 ἕξ.
688 5119 775 5191 ll,
802 5119 921 5193 cap.
954 5122 988 5175 8
1018 5124 1241 5175 :Animo
1271 5120 1682 5193 dominandijus
1705 5119 1799 5169 tri-

208 5208 342 5260 buit.
368 5202 581 5265 corpori
610 5201 773 5265 legem
808 5195 1068 5265 servitutis
1092 5192 1337 5259 impertit.

286 5280 300 5305 ⁸
331 5257 430 5327 Est
462 5257 758 5339 Scriptum
780 5276 958 5320 textus
976 5257 1238 5323 l’roverb,
1266 5276 1356 5339 sit,
1388 5259 1435 5338 ι..
1459 5261 1608 5326 iuxta
1631 5257 1793 5339 LXX,

212 5329 612 5415 quocl_i_i.inime
637 5343 1153 5415 autea‘observatum
1175 5342 1272 5386 est.
1296 5329 1552 5399 Legimus
1576 5333 1800 5415 proinde

213 5402 339 5469 eum
371 5412 765 5468 Veronensum
794 5406 1146 5463 (instercieusi
1177 5418 1309 5455 mss.
1342 5411 1388 5453 et
1418 5402 1800 5453 contumeliosa

214 5500 467 5546 ebrietas;
507 5500 605 5550 pro
645 5496 750 5548 quo
781 5492 917 5539 erat,
951 5485 997 5528 et
1054 5475 1401 5550 tumultuosa.
1458 5471 1799 5550 (ἐπικραίνει)

215 5559 310 5609 καὶ
334 5542 1049 5621 669{astulis-dissentiente.
1083 5542 1525 5598 Etnendationctn
1546 5544 1804 5610 pt‘obatet

216 5619 476 5682 tiravius.
516 5623 659 5676 infra
692 5624 895 5675 leviora
928 5619 1029 5669 alia
1064 5628 1179 5669 cast
1201 5628 1411 5685 gamus.

291 5702 310 5729 ’
348 5700 423 5750 L's
467 5699 664 5749 iisdem
723 5706 853 5744 mss.
898 5682 1224 5755 concipitur,
1282 5699 1480 5753 nempe
1542 5682 1747 5737 inflatio
1787 5703 1800 5737 :

218 5788 286 5825 an
316 5786 379 5819 ea
414 5776 538 5821 erat
570 5763 872 5831 percipitur.

289 5842 309 5872 ³
345 5827 577 5906 Proprie
602 5827 1006 5903 πρθξρεπτικὸς
1037 5828 1193 5895 λόγος
1218 5828 1350 5897 πρὶς
1384 5830 1482 5889 τὰς
1505 5827 1696 5897 τέχνας
1726 5827 1805 5881 itt-

1887 3302 2153 3355 mundum
2187 3300 2393 3353 habere
2456 3303 2558 3353 sub
2586 3298 2841 3367 pedibus,
2874 3308 2927 3351 et
2960 3311 3177 3351 omnem
3234 3298 3348 3367 ejtts
3385 3312 3479 3364 po-

1887 3402 2140 3455 tentiam,
2201 3392 2415 3460 epulas,
2477 3390 2751 3453 libidines,
2812 3396 3037 3459 prepter
3093 3404 3213 3457 quas
3273 3387 3477 3441 divitiae

1887 3493 2298 3553 comparantur,
2358 3482 2559 3537 vilibus
2622 3491 2837 3537 mutare
2887 3482 3047 3546 cibis,
3094 3489 3149 3533 et
3206 3478 3479 3533 crassiore

1889 3576 1999 3648 [ΑΙ.
2029 3575 2313 3647 grossiori]
2350 3576 2533 3630 tunica
2569 3590 2951 3645 compensare.
3004 3574 3155 3629 Tolle
3188 3572 3474 3642 epularum

1888 3678 1945 3723 et
1972 3667 2215 3722 libidinis
2246 3667 2544 3731 luxuriam,
2596 3681 2758 3719 nemo
2793 3675 3006 3733 quieret
3062 3664 3302 3727 divitias,
3340 3678 3478 3732 qua-

1889 3779 2013 3819 rum
2046 3778 2205 3826 usus,
2242 3772 2337 3817 aut
2372 3762 2424 3815 in
2476 3769 2692 3823 ventre,
2726 3769 2820 3813 aut
2870 3760 2974 3814 sub
3013 3769 3201 3812 ventre
3236 3768 3336 3811 est.
3373 3756 3476 3822 Qui

1892 3865 2139 3927 :rgrotat,
2207 3870 2319 3908 non
2383 3853 2541 3907 aliter
2586 3852 2783 3920 recipit
2815 3852 3134 3914 sanitatem,
3196 3850 3294 3903 nisi
3326 3849 3476 3903 tenui

1891 3950 2016 4003 cibo
2047 3962 2103 4002 et
2139 3946 2405 4016 castigato
2440 3944 2609 4006 victu,
2649 3959 2770 4013 quae
2829 3944 3001 4007 λεπτὴ
3030 3942 3213 3994 δίαιτα
3252 3941 3475 3994 dicitur.

1894 4044 2106 4109 Quibus
2132 4054 2263 4110 ergo
2312 4037 2451 4094 cibis
2496 4036 2762 4104 recipitur
2792 4035 3018 4099 sanitas,
3068 4033 3155 4087 bis
3184 4042 3237 4085 et
3271 4033 3478 4086 servari

1893 4148 2074 4210 potest
2106 4154 2122 4202 ;
2181 4149 2251 4189 ne
2287 4132 2409 4203 quis
2440 4138 2594 4201 putet
2627 4130 2849 4182 morbos
2890 4126 3134 4181 oleribus
3190 4125 3481 4179 concitari.

1892 4232 1950 4286 Si
1985 4238 2169 4284 autem
2201 4225 2415 4281 Milonis
2447 4225 2467 4255 '
2502 4222 2649 4277 illius
2678 4220 3008 4275 Crotoniatae
3023 4220 3169 4273 vires
3186 4219 3334 4272 olera
3370 4233 3484 4271 non

1893 4322 2235 4382 ministrant,
2266 4332 2389 4388 qua:
2418 4323 2720 4370 nascuntur
2739 4321 2794 4367 et
2820 4312 3041 4366 aluntur
3062 4312 3163 4366 ex'
3180 4311 3478 4365 carnibus:

1894 4412 2027 4486 quid
2086 4425 2312 4467 necesse
2380 4417 2467 4464 est
2544 4406 2664 4463 viro
2725 4404 2961 4476 sapienti
3029 4414 3085 4459 et
3148 4404 3485 4474 philosopho

1897 4553 2172 4610 scribitur.
2194 4546 2518 4618 Huiusmodi
2541 4557 2722 4602 autem
2743 4547 3009 4600 sententia
3029 4558 3310 4618 erst,quam_
3326 4541 3475 4618 Hier.

1898 4625 2090 4679 Latine
2115 4613 2367 4687 explicat,
2386 4620 2615 4685 Eapxtiw
2644 4619 2752 4685 γὰρ
2780 4618 2863 4668 ἀεὶ
2889 4618 2983 4668 καὶ
3017 4617 3250 4681 αἵματος
3290 4613 3482 4687 asper-

1896 4696 2082 4758 ζον-ης
2118 4685 2322 4759 πλῆθος
2355 4689 2430 4752 ὡς
2492 4692 2549 4740 ὲν
2599 4687 2845 4759 βορϐόρῳ
2893 4687 2992 4759 τὴν
3043 4687 3217 4754 ψυχὴν
3267 4685 3479 4759 saucii»)

1896 4754 2111 4834 ἔχουσίν
2141 4754 2607 4834 χᾳξεᾳϐεσμξνηγέ
2630 4754 3031 4834 οὐδὲῇἁκρξϐὲς
3073 4761 3261 4834 χρῇσαι
3320 4754 3483 4805 δυνα-

1902 4826 2094 4907 μξένην,
2126 4831 2243 4885 ἀλλ’
2277 4832 2437 4907 ᾷνουν
2463 4829 2667 4907 ὁμοίως
2695 4830 2803 4889 τοῖς
2836 4828 3053 4907 ᾰλᾷγοις
3080 4826 3262 4907 ζώοιὲτ

1971 4908 1993 4938 δ
2024 4898 2151 4957 lllss.
2215 4903 2429 4961 ardore,
2478 4900 2605 4951 olim
2657 4909 2775 4952 erat
2827 4899 2991 4950 ardor
3038 4908 3165 4951 est:
3204 4898 3479 4953 Victorius

1901 4976 2097 5032 maluit
2128 4974 2195 5025 ad
2225 4971 2542 5023 deliciarum
2574 4970 2841 5022 arderent.

1970 5047 1991 5078 ⁵
2026 5044 2183 5097 Illius
2212 5040 2541 5095 Crotoniatae
2572 5042 2724 5093 rives.
2751 5039 2883 5093 Milo
2913 5040 3288 5093 Crotoniensis
3318 5050 3482 5095 tantm

1902 5114 2242 5173 fortitudinis
2293 5112 2463 5165 fuisse
2519 5110 2741 5173 dicitur,
2793 5120 2850 5161 ut
2893 5110 2943 5162 in
2996 5112 3481 5177 Olympioni-orta—

1903 5192 2052 5242 tuine
2087 5188 2277 5238 bovem
2315 5196 2411 5250 per
2435 5183 2669 5234 stadium
2702 5183 3004 5248 portaverit
3039 5199 3050 5233 τ
3084 5196 3244 5249 quem
3276 5182 3475 5235 deinde

1906 5261 2013 5313 ietu
2044 5255 2529 5326 pugniinteclecit.
2563 5266 2671 5302 ιιιιυ
2706 5266 2923 5326 quoque
2950 5252 3039 5305 die
3079 5254 3346 5326 integrum
3384 5253 3481 5303 tie-

1906 5321 2142 5382 vora'vit:
2182 5324 2311 5375 Vide
2349 5321 2612 5390 Calenum
2649 5322 2739 5375 ubi
2776 5337 2962 5390 snpra,
3030 5333 3083 5375 cl
3117 5321 3347 5374 l'linium
3381 5322 3476 5375 lib.

1904 5414 2001 5455 vit.
2038 5413 2157 5465 cap.
2183 5395 2273 5446 ‘20.
2312 5389 2578 5445 Maurus.

1981 5472 2001 5500 ‘
2039 5462 2237 5521 Vocula
2301 5478 2365 5535 ea:
2419 5472 2578 5515 antea
2631 5462 3065 5535 desiderabatur.
3122 5464 3287 5520 Paulo
3319 5482 3481 5535 supra

1905 5540 2224 5605 castigatum
2250 5551 2281 5585 a
2310 5534 2417 5605 Deo
2446 5535 2636 5586 uictum
2665 5531 3055 5597 Tertulliauus,
3083 5546 3135 5588 et
3164 5531 3483 5604 castigatam

1910 5604 2243 5676 refectionem
2302 5604 2615 5676 Cassianus
2654 5614 2833 5657 vocat.
2891 5606 3197 5659 Macrobius
3265 5623 3485 5676 quoque

1910 5685 1943 5733 l.
1969 5671 2031 5733 ἰι
2058 5679 2280 5731 Saturn.
2312 5691 2433 5742 cap.
2465 5676 2484 5725 l
2522 5688 2534 5701 '
2573 5671 2766 5725 "eroes
2800 5678 3075 5743 castigatis
3106 5671 3325 5742 dapibus
3346 5671 3485 5729 auii-

1907 5757 2061 5806 duttt.
2092 5750 2357 5817 Caeterum
2384 5745 2451 5797 de
2484 5743 2681 5817 Milone
2716 5745 2826 5797 vid.
2863 5744 3127 5801 Calenum
3160 5751 3279 5804 loco
3320 5766 3485 5817 supra

1913 5824 2156 5882 laudato,
2189 5831 2239 5872 et
2276 5814 2511 5869 Plinium
2544 5815 2637 5869 lib.
2680 5831 2771 5882 vit,
2808 5831 2930 5885 cap.
2963 5817 3060 5872 20.
