4218 6472
709 427 816 490 31')

1908 430 1965 492 S.
2005 430 2318 493 EUSEBII
2363 432 2801 494 lllEllONYMl

3881 428 3989 493 320

700 561 893 614 magna
935 544 1243 614 frequentia
1280 548 1501 603 Gneciaa
1537 546 1940 614 celebrabatur,
1977 548 2088 620 jam
2127 568 2291 605 senex
2323 557 2367 611 Α
2400 553 2617 607 mundis
2650 554 2774 608 bina
2802 596 2817 619 ,
2852 552 2921 607 de
2953 548 3171 606 mundis
3206 549 3624 605 introducantur
3655 548 3885 618 imparia
3921 550 4002 609 (et

702 648 973 711 pergeret,
1013 640 1148 695 febri
1192 643 1243 696 in
1284 644 1477 697 itinere
1512 643 1716 699 dicitur
1750 645 2150 712 apprehensus,
2191 662 2283 699 ac-

701 733 955 786 cubuisse
989 730 1099 806 HI.
1137 734 1472 809 incubuisse]
1509 738 1561 790 in
1596 738 1881 805 crepidine
1913 740 2014 791 via:
2050 758 2061 791 :
2098 737 2286 791 volen-

703 828 955 893 libusque
987 846 1109 885 eum
1145 830 1366 894 amicis,
1399 839 1491 885 aut
1527 832 1578 883 in
1604 830 1952 899 jumentum,
1984 840 2078 884 aut
2109 830 2161 883 in
2194 844 2288 883 ve-

706 920 947 981 hiculum
993 926 1210 985 tollere,
1251 941 1357 979 non
1400 926 1674 995 acquievit
1713 942 1729 981 :
1767 926 1862 980 sed
1911 925 2181 979 transiens
2223 925 2289 979 ad

707 1015 921 1068 arboris
966 1017 1213 1071 umbram
1257 1019 1471 1071 locutus
1514 1025 1598 1071 est
1635 1032 1650 1073 :
1694 1036 1712 1069 ι
1756 1017 1945 1078 Abite,
1983 1033 2206 1087 qua-so,
2241 1026 2295 1070 et

710 1118 1007 1175 spectatum
1044 1114 1252 1181 pergite
1286 1132 1299 1166 :
1337 1113 1451 1167 haec
1484 1128 1570 1167 me
1606 1129 1707 1166 nox
1744 1122 1836 1166 aut
1867 1112 2126 1167 victorem
2167 1129 2294 1180 pro-

712 1203 880 1260 babit.
912 1214 1002 1256 aut
1034 1207 1253 1259 vietum.
1283 1206 1338 1261 Si
1376 1207 1582 1261 febrem
1616 1209 1815 1271 vicero,
1849 1206 1911 1261 ad
1944 1222 2173 1274 agonem
2204 1220 2298 1258 ve-

712 1297 855 1348 niam
880 1315 893 1351 :
921 1299 963 1350 si
990 1315 1074 1351 me
1099 1299 1283 1352 vicerit
1312 1298 1477 1352 febris
1497 1301 1541 1364 ‘,
1567 1300 1630 1351 ad
1658 1299 1871 1353 inferna
1896 1298 2244 1352 descendam.
2276 1315 2293 1347 ι

714 1389 901 1456 Ibique
936 1405 1031 1459 per
1065 1405 1279 1444 noctem
1318 1392 1449 1445 eliso
1485 1401 1725 1461 gutture,
1761 1407 1870 1444 non
1914 1402 2020 1443 tam
2063 1389 2200 1441 mori
2241 1404 2299 1443 se

714 1481 821 1537 ait,
864 1495 1022 1546 quam
1064 1481 1271 1534 febrem
1314 1493 1484 1535 morte
1520 1483 1830 1535 excludere.
1871 1481 2048 1536 Unius
2086 1488 2297 1533 tantum

716 1572 1022 1639 philosophi
1057 1572 1221 1643 346
1250 1576 1554 1641 exemplum
1592 1574 1767 1641 posui,
1802 1582 1861 1624 ut
1895 1572 2173 1625 lormosuli
2210 1586 2304 1622 no-

718 1665 813 1716 sari
846 1675 899 1716 et
933 1668 1159 1719 torosuli
1187 1670 1227 1729 ³,
1260 1676 1312 1719 et
1342 1666 1423 1719 vix
1457 1666 1685 1721 summis
1717 1666 1947 1733 pedibus
1979 1664 2305 1716 adumbran-

722 1766 804 1809 tes
833 1759 1060 1827 vestigia
1095 1775 1107 1809 :
1143 1774 1372 1826 quomm
1408 1759 1571 1813 verba
1607 1760 1658 1811 in
1694 1758 1884 1827 pugnis
1916 1764 2075 1817 sunt,
2110 1764 2165 1806 et
2198 1752 2305 1823 syl-

722 1844 934 1915 logismi
973 1848 1024 1900 in
1059 1848 1300 1904 calcibus
1332 1869 1345 1905 :
1380 1855 1470 1917 qni
1509 1859 1877 1919 paupertatem
1934 1848 2303 1915 apostolorum

2400 649 2591 717 utique
2622 647 3030 701 immundorum
3056 661 3186 703 esus
3217 647 3430 700 ablatus
3460 646 3550 706 sit,
3588 662 3655 699 ne
3687 645 3808 698 siue
3839 658 4005 696 causa

2402 743 2719 797 dicerentur
2748 740 3077 807 immunda),
3105 756 3171 795 es
3204 750 3355 810 parte
3383 739 3650 809 jejunium
3685 737 4001 791 dedicatum

2397 844 2508 897 est,
2543 834 2746 887 docens
2773 832 3161 887 abstinentiam
3191 830 3438 884 omnium
3469 827 3627 899 35,7
3658 828 3711 879 in
3742 840 4007 893 quorum-

2399 929 2525 981 dam
2561 926 2852 980 reeisione.
2881 922 2993 979 Cur
3021 921 3260 993 perdidit
3292 922 3434 976 Esau
3468 922 3832 991 primogemta
3864 914 4005 969 sua?

2402 1034 2585 1072 nonne
2616 1026 2840 1087 propter
2867 1016 3089 1071 cibum?
3118 1016 3627 1085 impatientiamqne
3658 1012 3798 1079 gulae
3831 1010 4006 1077 lacry-

2401 1129 2518 1183 mys
2554 1114 2847 1166 emendare
2884 1126 2994 1165 non
3032 1110 3229 1179 potuit.
3269 1108 3491 1179 Ejectus
3528 1107 3593 1159 de
3630 1103 3873 1174 Egypto
3912 1118 4004 1172 po-

2403 1210 2565 1279 pulus
2608 1206 2809 1269 Israel,
2848 1214 2903 1261 ct
2944 1205 2998 1259 in
3043 1215 3246 1259 terram
3287 1200 3733 1273 repromissionis
3771 1198 3916 1250 lacte
3956 1208 4006 1251 et

2407 1304 2565 1357 melle
2601 1312 2912 1355 manantem
2946 1296 3384 1353 introducendus
3406 1338 3420 1357 ,
3450 1294 3728 1363 .Egyptias
3760 1304 3961 1345 carnes
3987 1333 4001 1355 ,

2405 1405 2460 1449 et
2492 1410 2737 1463 pepones
2761 1395 2781 1425 '
2842 1394 3077 1462 alliaque
3114 1392 3411 1445 desiderat.
3448 1388 3684 1447 Utinam,
3722 1386 4007 1455 inquiens,

2408 1490 2698 1543 obissemus
2724 1488 2959 1554 percussi
2985 1505 3015 1539 α
3045 1485 3265 1540 Domino
3289 1484 3343 1537 in
3368 1494 3510 1535 terra
3529 1482 3769 1552 inmiti,
3792 1479 4010 1548 quando

2406 1598 2561 1649 super
2597 1581 2731 1633 ollas
2769 1581 3008 1633 carnium
3045 1578 3359 1632 sedcbamus
3397 1574 3593 1643 (Exod.
3634 1591 3721 1627 xvt
3748 1616 3759 1626 .
3800 1572 3911 1639 5)!
3952 1571 4013 1623 Et

2411 1674 2604 1726 iterum
2633 1674 2646 1725 l
2678 1673 2807 1737 Quis
2834 1687 2925 1723 nos
2952 1680 3115 1723 uescet
3142 1669 3388 1721 carnibus
3419 1668 3477 1720 σῖ)
3500 1666 3763 1719 Venerunt
3790 1665 3846 1716 in
3875 1679 4015 1717 nun-

2411 1778 2511 1819 tcm
2544 1766 2691 1819 nol/is
2725 1767 2890 1835 pisces
2948 1780 3074 1833 quos
3107 1762 3158 1814 in
3190 1761 3421 1831 Aigypto
3453 1760 3855 1814 romedelvamus
3893 1772 4016 1823 gra-

2416 1860 2501 1922 tis,
2535 1870 2583 1913 et
2616 1874 2940 1918 cucumeres,
2969 1868 3016 1910 et
3047 1872 3293 1926 pepones,
3323 1865 3370 1908 et
3402 1854 3566 1919 porri,
3600 1862 3644 1904 et
3677 1867 3825 1916 cepe,
3857 1859 3905 1900 et
3938 1848 4017 1899 al-

722 1952 777 1994 et
807 1942 983 1995 crucis
1013 1942 1306 2007 duritiam,
1341 1953 1433 1997 aut
1463 1942 1754 2000 nesciunt,
1788 1952 1882 1995 aut
1912 1947 2301 2004 contemnunt,

2420 1955 2507 2005 lia.
2548 1952 2615 2003 At
2660 1967 2797 2003 nunc
2833 1951 3014 2003 anima
3054 1958 3236 2002 nostra
3276 1947 3470 2007 arida,
3508 1945 3639 1997 nihil
3675 1944 3780 1995 nisi
3817 1958 4015 1993 manna

725 2035 1009 2088 imitentur
1039 2038 1229 2090 saltem
1266 2037 1550 2105 gentilium
1584 2038 1931 2105 parcitatem.

798 2128 889 2182 15.
934 2126 1190 2193 Exempla
1222 2144 1285 2181 ea:
1314 2128 1617 2197 Seriptura.
1653 2126 1893 2182 Secunda
1924 2127 2198 2193 inscriptio
2232 2137 2314 2180 ta-

728 2223 992 2273 bularum.
1024 2220 1362 2288 Jejuniorum
1391 2222 1793 2275 commendatio.
1827 2220 2205 2273 Monac/torum
2233 2222 2315 2272 in-

731 2315 1019 2371 cunabula.
1056 2345 1127 2355 —
1163 2316 1286 2370 llmc
1329 2316 1395 2369 de
1439 2316 1774 2385 argumentis
1799 2316 1818 2345 ³
1860 2314 2309 2383 ριιίἰυδοιιιιοτιιιη

730 2410 1102 2477 exemplisque
1146 2408 1405 2464 disserui.
1452 2408 1606 2463 Nunc
1653 2410 1717 2463 ad
1764 2409 2047 2463 exordium
2096 2409 2312 2478 generis

732 2502 996 2565 humani,
1025 2502 1076 2555 id
1109 2512 1193 2557 est
1235 2504 1300 2555 ad
1359 2514 1539 2558 nostra
1564 2545 1578 2568 ,
1625 2502 1897 2555 transiens
1937 2500 2146 2555 docebo
2199 2502 2311 2570 pri-

733 2608 882 2646 mum
909 2594 1078 2647 Adam
1120 2592 1174 2645 in
1218 2593 1468 2657 paradiso
1510 2592 1788 2658 accepisse
1834 2602 2187 2659 prteceptum.
2232 2602 2311 2656 ut,

735 2700 930 2743 (uetera
976 2705 1130 2757 poma
1174 2688 1487 2749 comedens,
1527 2688 1593 2741 ab
1634 2702 1739 2739 una
1783 2687 1979 2740 arbore
2014 2687 2310 2755 jejunaret.

736 2782 1025 2837 Beatitudo
1059 2781 1290 2848 paradisi
1326 2781 1530 2849 absque
1563 2779 1891 2833 abstinentia
1928 2780 2032 2831 cibi
2070 2794 2177 2831 non
2217 2794 2314 2845 po-

736 2874 845 2927 tuit
878 2873 1142 2927 dedicari.
1180 2871 1431 2937 Quandiu
1473 2871 1761 2940 jejunavit,
1798 2874 1849 2925 in
1885 2872 2140 2938 paradiso
2174 2870 2313 2937 fuit;

739 2966 1009 3028 comedit,
1048 2977 1101 3019 et
1135 2966 1341 3035 ejectus
1375 2978 1489 3028 est;
1528 2966 1739 3033 ejectus
1773 2968 1955 3019 statim
1992 2967 2148 3020 duxit
2183 2981 2316 3021 uxo-

741 3074 875 3111 rem.
905 3056 1006 3121 Qui
1037 3058 1253 3127 jejunus
1287 3059 1339 3111 in
1373 3058 1622 3125 paradiso
1650 3057 1803 3125 virgo
1834 3056 2041 3121 fuerat,
2075 3070 2228 3111 satur
2261 3059 2315 3112 in

742 3161 887 3205 terra
922 3151 1272 3205 matrimonio
1302 3152 1619 3220 copulatur;
1653 3160 1704 3203 et
1734 3161 1912 3203 tamen
1946 3152 2173 3220 ejectus,
2209 3167 2315 3204 non

741 3242 992 3313 protinus
1032 3238 1241 3311 accepit
1285 3243 1558 3297 licentiam
1601 3244 1843 3296 carnium
1888 3244 2317 3310 vescendarum;

742 3335 841 3387 sed
885 3344 1091 3388 tantum
1138 3352 1294 3403 poma
1336 3336 1592 3389 arborum
1634 3345 1686 3389 et
1730 3335 1911 3406 fruges
1956 3346 2225 3406 segetum,
2268 3346 2323 3390 et

746 3428 1041 3481 herbarum
1084 3428 1229 3481 olera
1274 3427 1321 3481 ei
1374 3428 1661 3482 traduntur
1707 3427 1760 3480 iu
1804 3429 2026 3493 cibum;
2070 3440 2129 3481 ut
2171 3428 2324 3481 exsul

747 3534 965 3588 quoque.
1012 3518 1267 3589 paradisi,
1316 3536 1424 3574 non
1476 3521 1755 3586 carnibus,
1801 3537 1920 3591 quin
1968 3521 2023 3575 in
2075 3521 2325 3590 paradiso

749 3627 852 3665 non
884 3622 1072 3675 erant,
1104 3613 1200 3667 sed
1229 3612 1588 3668 similitudine
1621 3612 1835 3681 frugum
1871 3614 2100 3683 paradisi
2137 3628 2327 3667 vesce-

749 3714 919 3757 retur.
956 3702 1146 3758 PoSIea
1178 3720 1308 3759 vero
1340 3705 1531 3760 videns
1566 3704 1706 3761 Deus
1736 3707 1877 3775 quod
1910 3706 2198 3775 diligenter
2230 3719 2328 3774 ap-

749 3796 985 3865 positum
1030 3806 1177 3851 esset
1218 3798 1284 3850 ad
1332 3798 1591 3851 malitiam
1633 3814 1727 3852 cor
1767 3798 2002 3851 hominis
2042 3797 2110 3851 ab
2150 3796 2331 3850 adole-

751 3892 981 3955 scentia,
1005 3901 1060 3945 et
1081 3890 1306 3961 spiritus
1328 3890 1444 3958 ejus
1468 3890 1519 3945 in
1544 3891 1628 3944 bis
1649 3905 1969 3960 permanere
1992 3907 2098 3944 non
2126 3899 2327 3958 posset,

755 3984 881 4053 quia
911 3983 1020 4055 [AL
1052 3982 1349 4052 quijerant
1377 3998 1527 4045 caro,
1554 3996 1718 4048 Opera
1747 3982 1929 4035 carnis
1965 3982 2171 4036 diluvio
2200 3998 2333 4037 con-

754 4078 1053 4137 demnavit,
1080 4084 1132 4128 et
1158 4074 1527 4127 avidissimam
1557 4072 1837 4125 hominum
1870 4074 2045 4140 gulam
2074 4076 2334 4142 probans,

755 4170 903 4223 dedit
927 4168 1005 4221 eis
1032 4167 1309 4221 licentiam
1338 4164 1790 4220 comedendarum
1818 4164 2065 4217 carnimn
2090 4183 2104 4219 :
2127 4175 2183 4217 ut
2205 4164 2332 4219 dum

758 4262 860 4316 sibi
894 4262 1199 4331 intelligunt
1230 4260 1399 4315 licere
1431 4259 1637 4320 omnia,
1670 4272 1777 4310 non
1811 4257 2189 4312 desiderarent
2217 4274 2337 4312 ma-

758 4371 998 4426 gnopere
1038 4355 1181 4423 quod
1225 4352 1503 4410 licebat‘;
1550 4366 1617 4405 ne
1660 4349 1974 4403 mandatum
2018 4354 2074 4404 in
2115 4364 2335 4404 causam

763 4456 1041 4501 verterent
1091 4442 1569 4513 prmvaricationis.
1619 4440 1943 4509 Quanquam
1988 4452 2044 4496 et
2094 4452 2224 4497 tunc
2270 4458 2335 4497 ex

765 4551 916 4610 parte
943 4541 1261 4607 imperatum
1285 4537 1555 4606 jejunium
1582 4549 1671 4592 Sil.
1700 4537 1829 4589 Nam
1858 4550 1980 4589 cum
2009 4535 2111 4588 alia
2139 4536 2338 4589 munda

765 4635 1040 4695 dicantur,
1083 4632 1185 4685 alia
1233 4630 1513 4685 immunda

840 4794 855 4823 ι
898 4789 1102 4845 Nomen
1136 4788 1293 4858 febris
1324 4797 1478 4841 vetus
1509 4786 1639 4841 edit.
1672 4801 1795 4841 cum
1828 4786 2039 4842 duobus
2073 4802 2203 4841 mss.
2232 4785 2343 4839 sul-

768 4865 977 4918 licium.

840 4940 858 4967 ¹
904 4937 1053 4994 iilss.,
1081 4932 1288 4987 trosuli.
1312 4930 1431 4985 Vid.
1460 4946 1581 4996 qua:
1609 4929 1661 4981 in
1695 4928 1949 4995 Epistolis
1969 4933 2035 4984 de
2062 4932 2163 4984 hoc
2181 4930 2349 4983 verbo

768 5022 877 5059 non
904 5006 1067 5057 semel
1094 5005 1348 5065 diximus,
1374 5000 1671 5057 Trossulos.
1693 5004 1844 5066 quasi
1868 5003 2124 5055 Inrosulos
2148 5002 2345 5064 dirtos,

771 5079 863 5128 hoc
887 5086 978 5137 est,
1006 5076 1125 5127 bene
1152 5074 1377 5126 habitos.
1402 5083 1446 5123 et
1476 5072 1831 5123 utrisculormn
1858 5074 1985 5123 toris
2011 5070 2346 5137 protralidos.

776 5146 1027 5199 Nonnius
1063 5155 1209 5197 notat
1251 5162 1264 5196 :
1303 5152 1356 5195 ct
1391 5142 1631 5204 Persius,
1668 5141 1947 5195 Trossulus
1984 5143 2216 5194 exsultat
2256 5143 2350 5195 tibi

771 5233 863 5285 per
890 5217 1135 5267 subsellia
1164 5216 1327 5268 lttft‘is.

845 5288 864 5317 ³
887 5288 1045 5341 tuitui.
1072 5285 1193 5338 Hm:
1221 5290 1280 5336 de
1307 5285 1649 5351 argumentis,
1677 5292 1808 5344 etc,
1835 5284 2191 5336 renuentibus
2218 5301 2348 5338 mss,

779 5359 908 5423 Qum
942 5359 1064 5408 hinc
1094 5368 1401 5423 scijttttntur
1426 5360 1488 5405 de
1515 5354 1845 5421 jejutiiorunt
1876 5356 2350 5408 continendatione

781 5434 848 5480 ab
878 5430 1099 5481 excidio
1133 5428 1163 5477 ι’.
1190 5445 1244 5479 re
1279 5428 1457 5477 iunia
1492 5443 1555 5477 ex
1584 5424 1897 5477 Tertulliani
1933 5424 2071 5475 libro
2103 5427 2166 5476 de
2200 5424 2351 5491 Jeju-

782 5504 887 5550 nits
915 5515 1067 5563 capp.
1096 5498 1127 5549 5
1154 5511 1202 5549 et
1230 5496 1261 5548 .i
1285 5513 1539 5558 expressa
1563 5507 1710 5550 sunt.
1736 5513 1851 5560 qua:
1872 5496 2150 5548 statuimus
2184 5498 2353 5548 lector

780 5566 1026 5622 conlerre
1071 5584 1165 5633 per
1208 5572 1375 5621 otium
1420 5570 1635 5636 poterit.
1685 5566 1792 5618 Nos
1833 5566 2075 5632 quwdam
2124 5566 2353 5619 subinde

782 5653 1185 5691 altltttlztttltt-llh'.

856 5714 876 5738 ⁵
916 5711 1053 5761 Οἱιιη
1087 5720 1220 5767 erat,
1256 5708 1545 5760 desiderent
1583 5723 1890 5776 magnOpere
1922 5706 2059 5775 quod
2092 5724 2193 5758 non
2229 5709 2354 5760 lice-

790 5781 898 5831 l-at.
932 5781 1046 5830 .\io\'
1076 5781 1221 5827 addzt
1250 5792 1399 5831 unus
1426 5804 1434 5825 ι
1457 5782 1609 5839 ditio,
1638 5780 1947 5843 imperatum
1976 5779 2039 5829 Ile
2066 5779 2355 5830 immundis

787 5850 1101 5902 animalibus
1125 5850 1388 5916 jejunium
1421 5852 1510 5901 sit.

862 5923 880 5946 "
926 5921 1151 5973 Gratius
1180 5932 1225 5973 ct
1252 5937 1495 5989 rerum.
1524 5932 1567 5973 rt
1596 5937 1678 5988 per
1699 5938 1797 5973 ius.
1828 5922 2075 5990 allia/uc,
2106 5928 2209 5972 cte.
2241 5918 2355 5971 .‘lox

2416 2042 2552 2095 oculi
2590 2042 2757 2094 nostri
2793 2041 3122 2107 conspiciunt
3159 2038 3341 2107 (Num.
3375 2053 3425 2089 st
3452 2076 3466 2098 ,
3501 2034 3641 2099 4-6.)
3678 2033 4017 2102 Angelorum

2416 2138 2597 2189 cibum
2628 2146 3070 2197 contemnentes,
3101 2146 3298 2186 carnes
3326 2129 3608 2200 Egyptias
3638 2125 4016 2195 suspirabant.

2416 2229 2629 2302 Moyses
2673 2228 3029 2298 quadraginta
3065 2226 3260 2280 diebus
3297 2233 3353 2277 et
3393 2222 3649 2277 noctibus
3688 2220 3919 2289 jejunus
3965 2218 4017 2269 in

2416 2333 2600 2377 monte
2630 2321 2756 2377 Sina
2781 2363 2795 2385 ,
2827 2320 2991 2374 etiam
3023 2330 3154 2373 tunc
3184 2317 3423 2386 probans
3469 2328 3577 2367 non
3636 2311 3687 2364 in
3723 2325 3869 2381 pane
3901 2308 4019 2362 solo

2413 2415 2599 2469 vivere
2631 2415 2907 2468 hominem
2930 2453 2944 2477 ,
2978 2410 3075 2466 sed
3108 2410 3163 2463 in
3194 2408 3343 2464 omni
3378 2408 3545 2460 verbo
3577 2405 3669 2459 Dei
3696 2445 3710 2466 ,
3745 2418 3873 2457 cum
3914 2403 4020 2455 Do-

2419 2508 2569 2561 mino
2598 2508 2837 2576 loquitur
2868 2523 2883 2561 :
2910 2505 3145 2575 populus
3171 2512 3352 2557 autem
3385 2512 3538 2554 satur
3563 2496 3673 2569 [ΑΙ.
3704 2492 4014 2576 saturatos]

2420 2602 2560 2657 idola
2610 2600 2925 2653 fabricatur.
2976 2598 3089 2657 Ille,
3127 2612 3293 2651 vacuo
3337 2604 3549 2652 ventre.
3602 2595 3774 2659 legem
3823 2572 4023 2655 accipit

2420 2699 2675 2761 scriptam
2705 2694 2875 2762 digito
2904 2691 3017 2745 Dei.
3047 2687 3173 2752 iste,
3198 2688 3534 2742 manducans
3560 2694 3613 2739 et
3642 2686 3858 2744 bibens,
3886 2697 4021 2736 con-

2419 2801 2758 2857 surgensque
2806 2784 3021 2846 ludere,
3069 2796 3264 2835 aurum
3313 2780 3513 2833 eonfiat
3559 2777 3612 2831 in
3660 2776 3917 2835 vitulum,
3970 2784 4020 2825 et

2417 2879 2726 2949 [Egyptium
2776 2879 2969 2930 bovem
3022 2874 3244 2944 praefert
3293 2871 3509 2927 Domini
3561 2868 3858 2939 majestati.
3916 2865 4023 2926 Τοι

2418 2972 2629 3028 dierum
2666 2971 2840 3031 labor,
2877 2970 3041 3023 unius
3076 2969 3227 3022 liora:
3264 2964 3549 3020 saturitate
3588 2962 3751 3033 perit.
3790 2958 4019 3028 Frangit

2421 3065 2678 3118 audacter
2710 3062 2925 3133 Moyses
2959 3063 3171 3116 tabulas
3201 3080 3215 3116 :
3250 3061 3455 3114 sciebat
3489 3059 3634 3113 enim
3673 3056 3761 3110 Dei
3796 3070 4014 3110 sermo-

2423 3172 2546 3211 nem
2586 3171 2695 3209 non
2734 3171 2896 3225 posse
2931 3156 3121 3208 audire
3157 3153 3504 3207 temulentos.
3542 3150 3884 3204 lnrrassatus
3922 3158 4021 3209 ess,

2349 3262 2394 3322 α
2424 3262 2471 3305 et
2516 3250 2921 3320 pinguefactus,
2966 3257 3015 3301 et
3090 3249 3367 3307 dilatatus,
3413 3256 3461 3299 et
3506 3246 3862 3299 recalcitrat-ft
3909 3240 4021 3314 [ΑΙ.

2430 3340 2749 3412 calcitravit]
2804 3340 3050 3399 dilectus,
3122 3348 3171 3391 et
3223 3338 3501 3406 dereiiqnit
3563 3336 3844 3389 Dominum
3910 3332 4017 3403 με.

2432 3434 2644 3506 Deum],
2674 3435 2763 3504 qui
2794 3436 2990 3502 fecerat
3022 3449 3163 3497 eum,
3194 3442 3243 3485 et
3276 3430 3530 3484 abscessit
3564 3446 3595 3481 a
3632 3428 3736 3480 Deo
3769 3426 3872 3497 [ΑΙ.
3913 3424 4022 3477 Do-

2432 3525 2595 3598 mino]
2628 3527 2859 3578 salutari
2890 3541 2985 3577 suo
3021 3523 3202 3593 (Deut.
3231 3538 3405 3585 Iuli,
3437 3523 3548 3589 15).
3577 3521 3731 3577 Unde
3758 3529 3814 3573 et
3846 3519 3900 3571 in
3933 3533 4024 3570 eo.

2432 3620 2554 3675 dem
2589 3619 3024 3672 Deuteronomio
3055 3617 3373 3687 praecipitur
3408 3632 3421 3669 :
3457 3612 3540 3667 Ne
3571 3629 3689 3668 cum
3723 3610 4021 3665 manduca-

2432 3714 2563 3767 veris
2585 3722 2632 3765 et
2659 3711 2869 3775 biberis,
2892 3720 2940 3765 et
2962 3712 3141 3763 domos
3165 3713 3387 3775 optimas
3404 3709 3426 3740 "
3452 3707 3817 3775 cdiﬁcaeeris.
3840 3704 4024 3757 auibus

2434 3813 2481 3856 et
2514 3801 2677 3854 bubus
2709 3802 2812 3855 tuis
2840 3801 3229 3871 multiplicatis,
3262 3812 3311 3854 et
3346 3809 3565 3869 argento
3594 3809 3642 3852 et
3672 3814 3824 3850 auro.
3854 3794 4025 3849 extol-

2436 3900 2582 3951 latur
2607 3915 2695 3952 cor
2724 3908 2890 3957 tuum,
2921 3904 2968 3947 et
3001 3892 3325 3947 obliviscaris
3356 3889 3569 3945 Domini
3600 3889 3695 3943 Dei
3728 3891 3805 3943 tui
3837 3889 4024 3958 (Deut.

2436 4008 2557 4052 vut,
2587 3990 2795 4059 12-”).
2828 3987 3070 4056 Denique
3102 3984 3450 4039 manducavit
3477 3984 3707 4053 populus
3734 3994 3785 4036 et
3817 3984 4028 4036 iucras-

2438 4093 2615 4139 satum
2646 4092 2730 4136 est
2758 4096 2852 4135 cor
2878 4080 3018 4148 ejus,
3050 4093 3116 4129 ne
3145 4076 3353 4130 videret
3384 4075 3577 4140 oculis,
3606 4085 3661 4128 et
3690 4074 3908 4128 audiret
3935 4090 4031 4125 an-

2439 4178 2611 4241 ribus,
2634 4186 2689 4230 et
2718 4173 2882 4228 corde
2911 4172 3205 4238 conjiceret
3233 4169 3341 4241 [ΑΙ.
3369 4165 3701 4237 contineret]
3730 4184 3743 4221 :
3770 4176 3826 4221 et
3853 4166 4028 4219 ultum

2435 4268 2735 4338 jejunantis
2768 4264 2967 4333 Moysi,
2996 4261 3161 4333 348
3187 4272 3242 4314 et
3267 4264 3421 4330 juxta
3456 4259 3774 4314 llebraicam
3824 4258 4032 4311 verita-

2444 4367 2575 4417 tem,
2614 4354 2708 4410 Dei
2744 4352 3182 4408 confabulatione
3213 4360 3526 4411 Cornutum,
3556 4348 3784 4418 pastus'
3817 4359 3873 4402 et
3906 4351 4035 4418 pin-

2444 4449 2601 4519 guior
2632 4447 2860 4517 populus
2891 4444 3166 4497 sustinere
3200 4456 3306 4496 non
3345 4441 3541 4510 potuit.
3575 4441 3945 4505 Quamobrem
3984 4451 4034 4493 et

2449 4542 2711 4595 Dominus
2749 4550 2934 4592 noster
2969 4548 3131 4606 atque
3168 4534 3416 4587 Salvator
3449 4548 3556 4588 non
3592 4535 3660 4588 ob
3697 4534 4036 4588 indill‘eren-

1557 4648 1571 4685 :
1617 4638 1673 4684 et
1712 4630 1767 4684 in
1809 4634 1946 4683 Area
1985 4627 2097 4683 Noe
2135 4630 2203 4684 de
2243 4630 2345 4683 im-
2377 4610 2421 4665 D
2454 4634 2581 4687 tiam
2614 4630 2945 4701 virginitatis
2978 4640 3033 4683 et
3068 4627 3417 4691 nuutiarum,
3453 4638 3510 4681 ut
3544 4627 3764 4697 quidam
3802 4638 4035 4695 putant,

2455 4809 2555 4862 pro
2583 4790 2805 4844 Domino
2831 4797 2943 4840 erat
2972 4786 3099 4849 Deo,
3123 4794 3311 4840 contra
3338 4783 3651 4856 Hierouym.
3676 4801 3809 4841 mss.
3835 4790 4040 4855 ipsum-

2455 4879 2562 4933 que
2594 4862 2888 4933 Scriptura;
2922 4868 3148 4933 textum.

2530 4936 2550 4964 '
2594 4931 2864 4984 Victorius
2912 4930 3053 4995 quod
3104 4928 3294 4981 Latine
3338 4939 3499 4981 resret
3550 4943 3655 4979 non
3708 4930 4037 4995 reperiatur,

2459 5003 2735 5057 substituit
2762 5012 2954 5063 pascet.
2980 4996 3222 5060 Vulgata,
3252 5000 3365 5058 quis
3393 4997 3539 5049 dabit
3569 4999 3717 5049 nobis
3746 5002 3815 5049 ad
3836 5015 4041 5051 mean-

2456 5076 2626 5127 dum?
2675 5072 2727 5123 In
2778 5074 2881 5122 litae
2932 5071 3227 5122 testimonii
3283 5071 3500 5119 vei-bunt
3549 5070 3880 5133 conspiciunt
3933 5086 4040 5121 non

2462 5149 2619 5199 habet
2655 5142 2984 5195 Veronensis
3030 5142 3185 5200 liber,
3222 5139 3316 5193 sed
3353 5139 3487 5191 nihil
3521 5140 3625 5191 nisi
3663 5156 3858 5190 manna
3903 5144 4041 5193 acuti

2460 5218 2645 5269 nastri.

2531 5288 2549 5316 ⁷
2595 5286 2682 5337 Sic
2729 5281 2928 5335 habent
2974 5296 3105 5334 mss.
3148 5280 3319 5334 nostri
3367 5280 3592 5347 optimas
3640 5296 3657 5333 :
3702 5286 3779 5339 sic
3822 5298 4042 5349 quoque

2462 5356 2622 5413 LXX.
2654 5354 2827 5414 οἰκίας
2858 5352 3028 5407 xuii:
3058 5369 3071 5403 :
3104 5353 3181 5404 sic
3212 5352 3448 5415 denique
3476 5350 3750 5409 Victorius
3780 5357 4043 5408 emenda~

2464 5437 2628 5481 πρωὶ.
2672 5425 3008 5475 Martiarum“;
3046 5431 3223 5473 tamen
3262 5424 3461 5487 opimas
3498 5423 3679 5476 denu-.1
3713 5442 3779 5480 ex
3816 5426 4043 5478 [rasam

2462 5497 2705 5551 obtrudit
2735 5494 2907 5547 inscio
2939 5493 3148 5546 lectori.

2533 5571 2552 5597 ⁸
2598 5568 2669 5617 l-Iv
2711 5562 3043 5635 Tertulliani
3070 5562 3160 5613 lib.
3200 5576 3358 5635 supra
3400 5563 3652 5619 laudato:
3682 5584 3703 5618 r
3741 5566 3880 5618 Cu-u
3921 5569 4044 5635 qui-

2468 5640 2584 5693 dem
2634 5653 2729 5687 nec
2778 5636 2951 5698 ipsum
3004 5632 3218 5701 Moysm
3267 5632 3372 5684 lleo
3416 5649 3645 5699 ra~tunt.
3694 5632 4043 5702 inediamque,

2465 5712 2581 5771 eius
2612 5709 2831 5758 nomine
2865 5703 3186 5767 saginatam,
3221 5715 3532 5761 (‘mtstauter
3561 5708 3921 5773 contemplari
3961 5726 4045 5759 xa-

2468 5783 2595 5831 leret
2635 5780 2883 5845 pinguior
2917 5776 3228 5845 populus.»
3271 5773 3334 5825 Et
3371 5791 3491 5827 mox
3529 5792 3542 5829 :
3587 5795 3603 5826 ι
3649 5777 3841 5830 Merito
3882 5779 4047 5842 igitur

2466 5844 2645 5901 etiam
2668 5847 2719 5899 in
2758 5858 2923 5897 carne
2956 5860 3015 5898 se
3050 5844 3309 5919 Dominus
3343 5846 3390 5898 ei
3425 5847 3682 5919 ostendit,
3716 5848 3939 5919 collega:
3975 5851 4045 5908 ίρ-

2465 5921 2742 5987 juniorqu
2776 5929 2996 5970 suorum
3031 5929 3136 5969 non
3171 5915 3349 5970 minus
3380 5928 3430 5970 et
3466 5917 3556 5973 llel
3585 5937 3647 5971 ar.
3687 5937 3703 5969 ι
