4218 6446
228 386 332 451 321

1273 384 1673 446 ADVERSUS
1708 388 2182 449 JOVINIANUM
2232 387 2372 449 LIB.
2430 388 2501 447 ll.

3407 394 3513 458 392

220 504 310 557 sed
340 502 411 556 ob
433 503 770 572 ,ejnniorum
796 498 1089 562 consortia,
1121 496 1334 568 Moysen
1358 509 1410 552 et
1430 501 1602 554 Ellam
1631 511 1803 555 trans-
1835 518 1880 575 Α
1911 503 2206 556 niineutem
2242 505 2374 557 iram
2413 503 2626 557 Domini
2662 505 2992 574 jejuniornm
3027 508 3380 563 miseratione
3414 515 3509 565 de-

220 601 492 666 tiguratus
525 595 576 647 in
612 603 796 646 monte
827 607 1011 647 secum
1043 591 1287 646 ostendit
1318 593 1370 644 in
1401 593 1591 661 gloria.
1625 595 1806 657 Quan-

217 706 382 760 quam
418 688 633 758 Moyses
661 698 716 741 et
747 686 891 741 Elias
922 697 1103 756 typum
1137 685 1349 754 proprie
1379 682 1538 756 Legis
1569 684 1806 754 Prophe-

220 797 510 852 tarnmque
557 781 985 837 monstraverint
1031 781 1141 853 [AL
1181 779 1569 851 monstrarent]
1609 798 1621 832 :
1663 782 1804 833 sicut

217 875 511 930 manifeste
550 873 865 941 Evangelii‘
907 873 1186 942 Scriptura
1225 883 1458 928 testatur
1498 889 1512 928 :
1551 872 1802 925 Dicebant

216 969 262 1022 ei
293 971 496 1021 exitum
533 983 680 1035 quem
713 967 1066 1034 completurus
1102 965 1207 1036 [AL
1239 963 1571 1036 impleturus]
1603 975 1717 1016 erat
1751 967 1801 1016 in

213 1060 524 1114 Jerusalem
569 1059 719 1130 (Luc.
762 1076 833 1124 ix,
877 1060 989 1126 51).
1034 1059 1348 1113 l’assionem
1391 1063 1536 1112 enim
1589 1060 1800 1112 Domini

212 1172 320 1208 non
359 1156 650 1225 virginitas
684 1163 739 1208 et
775 1154 1014 1222 nuptias,
1052 1153 1144 1208 sed
1181 1151 1289 1208 Lex
1330 1154 1542 1207 nuntiat
1580 1163 1634 1206 et
1670 1151 1802 1206 Pro-

214 1251 412 1315 phetas.
457 1247 614 1313 Quod
659 1247 702 1301 si
749 1247 1088 1300 contentiose
1138 1247 1190 1298 in
1238 1246 1418 1318 Moyse
1463 1246 1701 1314 nuptias,
1747 1246 1800 1296 in

214 1341 330 1394 Elia
367 1342 736 1409 virginitatem
771 1342 1006 1397 dixerint
1035 1341 1416 1402 demonstrari,
1449 1339 1685 1393 breviter
1712 1353 1802 1390 au-

211 1434 369 1487 diant
392 1475 407 1497 ,
443 1433 664 1504 Moysen
700 1448 974 1488 mortuum
1011 1446 1061 1488 et
1093 1436 1365 1502 sepultum
1389 1471 1403 1494 .
1437 1432 1606 1485 Eliam
1643 1432 1802 1498 igneo

210 1543 374 1581 curru
409 1537 652 1595 raptum,
674 1537 797 1580 ante
825 1527 1186 1581 immortalem
1211 1541 1332 1581 esse
1358 1525 1614 1594 cmpisse,
1639 1539 1799 1593 quam

211 1629 523 1672 mortuum.
560 1617 666 1672 Sed
707 1633 804 1672 nec
845 1617 1083 1673 secunda
1121 1616 1453 1685 conseriptio
1497 1615 1799 1669 tabularum

210 1714 421 1780 absque
449 1711 663 1779 jejunio
695 1711 866 1781 potuit
902 1710 1202 1778 impetrari.
1232 1709 1385 1774 Quod
1419 1708 1652 1760 ebrietas
1683 1721 1803 1774 per—

211 1803 448 1865 diderat,
498 1802 678 1856 inedia
722 1801 944 1872 reperit.
989 1799 1064 1854 Ex
1111 1816 1219 1868 quo
1265 1798 1589 1864 ostenditur,
1639 1812 1800 1867 posse

1911 597 2067 650 torsit
2097 616 2110 650 :
2139 613 2300 666 quam
2341 597 2359 625 ⁶
2390 607 2443 650 et
2470 596 2704 651 Sodoma
2737 601 3005 668 placasset
3032 613 3079 652 et
3110 600 3432 668 Goniorrlia,
3461 606 3508 661 si

1910 688 2168 740 voluisset
2211 705 2371 758 agere
2418 691 2822 756 paenitentiam,
2868 703 2922 746 et
2967 692 3231 763 lacrynias
3276 697 3386 766 [AL
3435 700 3508 751 la.

1907 781 2129 853 crymis]
2161 784 2496 850 pmuitentiae
2527 785 2902 852 patrocinante
2934 787 3230 840 conciliare
3263 790 3494 857 jejunio.

1906 875 2090 928 Achab
2129 891 2217 929 rex
2259 877 2655 945 impiissimus,
2696 887 2752 930 ut
2795 881 3118 932 sententiam
3161 879 3249 932 Dei
3289 885 3502 936 subter-

1907 963 2146 1032 fugeret,
2182 977 2231 1018 ct
2260 967 2472 1019 eversio
2503 967 2698 1018 domus
2731 965 2848 1032 ejus
2881 968 3194 1019 iliiferretnr
3230 968 3280 1019 in
3319 979 3500 1035 poste-

1909 1073 2016 1119 ros,
2039 1057 2249 1125 jejunio
2280 1061 2587 1128 impetravit
2616 1072 2666 1112 et
2696 1074 2874 1113 sacco.
2907 1063 3057 1112 Anna
3090 1077 3224 1112 uxor
3249 1060 3503 1113 llttlt'ntmt

1908 1151 2123 1205 inanem
2157 1151 2280 1204 cibo
2311 1163 2577 1212 ventrem,
2616 1153 2723 1205 ﬁlio
2757 1153 2960 1206 meruit
2993 1153 3240 1220 implere.
3275 1153 3506 1208 Pericli-

1907 1256 2089 1300 tantur
2118 1247 2172 1299 iii
2211 1247 2482 1316 Babylone
2516 1246 2674 1314 Magi,
2711 1249 2887 1300 omnis
2920 1248 3198 1317 coiijector
3229 1259 3281 1300 et
3321 1250 3501 1302 hario-

1905 1337 1989 1390 lus
2021 1349 2074 1392 et
2105 1354 2334 1403 aruSpex
2374 1340 2601 1390 caeditur
2629 1337 2794 1403 (Dan.
2828 1354 2841 1389 ι
2872 1347 2926 1390 et
2959 1343 3042 1402 It).
3078 1337 3267 1390 Daniel
3300 1348 3354 1391 et
3389 1349 3502 1394 tres

1905 1432 2054 1498 pueri
2091 1432 2475 1484 revelationem
2511 1440 2792 1482 merentur
2822 1431 3068 1498 jejunio;
3100 1443 3153 1484 et
3185 1433 3322 1499 pasti
3361 1434 3502 1500 lego.

1906 1524 2178 1582 minibus.
2245 1523 2588 1590 pulchriores
2661 1535 2791 1576 sunt
2849 1535 2902 1576 et
2967 1525 3346 1592 prudentiores
3416 1526 3500 1578 his

1904 1615 1972 1670 de
2005 1630 2188 1668 mensa
2229 1615 2372 1678 regis
2406 1615 2664 1668 carnibus
2698 1617 3083 1668 vescebantur.
3124 1617 3329 1670 Deinde
3367 1621 3501 1670 scri-

1907 1718 2056 1778 ptum
2087 1716 2189 1769 est,
2222 1707 2362 1774 quod
2401 1705 2584 1759 Daniel
2618 1707 2790 1760 tribus
2820 1707 3258 1762 hebdomadibus
3288 1709 3500 1778 jejuna-

1906 1799 2072 1859 verit;
2104 1813 2296 1865 panem
2325 1813 2546 1850 suavem
2579 1813 2683 1849 non
2715 1800 3009 1852 comederit
3035 1816 3046 1853 :
3079 1817 3204 1851 caro
3229 1812 3280 1854 et
3308 1804 3493 1854 vinum

211 1912 313 1951 nos
340 1911 436 1964 per
459 1896 734 1965 jejunium
763 1894 938 1950 redire
969 1895 1020 1947 in
1051 1893 1395 1962 paradisum,
1425 1891 1566 1945 unde
1596 1909 1693 1960 per
1719 1906 1802 1944 sa-
1832 1879 1876 1936 Β
1905 1907 2011 1944 non
2045 1891 2326 1944 intraverit
2354 1906 2415 1944 os
2443 1889 2560 1956 ejus
2592 1908 2604 1942 :
2638 1890 2757 1943 oleo
2788 1900 2982 1942 unctus
3013 1908 3119 1943 non
3152 1895 3261 1957 sit;
3293 1904 3341 1945 et
3368 1893 3385 1922 ⁷
3417 1913 3498 1944 ve-

210 1990 495 2040 turitatein
531 1987 810 2041 fueramus
841 1985 1019 2053 ejecti.
1053 1982 1107 2037 In
1130 1985 1318 2038 Exodo
1349 1985 1609 2036 adversus
1641 1983 1803 2034 Ama-

210 2081 311 2143 lec,
349 2084 608 2134 oratioiie
642 2081 827 2149 Moysi,
861 2093 914 2132 et
945 2079 1110 2132 totius
1141 2077 1346 2146 populi,
1386 2093 1557 2144 usque
1589 2077 1652 2129 ad
1685 2091 1800 2128 ves-

210 2189 395 2242 peram
422 2174 637 2240 jejunio
661 2173 980 2225 dimicatum
1007 2182 1089 2226 est
1117 2168 1313 2240 (Exod.
1347 2186 1474 2229 svu,
1508 2169 1616 2234 12).
1641 2167 1801 2222 Jesns

210 2267 354 2320 ﬁlius
397 2266 552 2320 Nave
592 2266 884 2319 stationem
916 2266 936 2294 ³
973 2263 1261 2332 imperavit
1298 2263 1394 2316 soli
1433 2269 1488 2315 et
1522 2261 1659 2314 lunae
1696 2278 1709 2313 :
1753 2270 1801 2314 et

212 2358 448 2410 inediam
502 2357 625 2425 plus
667 2372 827 2424 quam
875 2355 1039 2407 unius
1083 2354 1211 2418 dici,
1259 2353 1482 2406 vietoris
1525 2353 1800 2405 exercitus

211 2450 508 2519 protelavit
562 2449 748 2517 (Jasue
771 2449 953 2509 3,15).
990 2449 1138 2511 Sani,
1189 2446 1331 2498 sicut
1382 2446 1431 2498 in
1486 2444 1798 2510 Regnorum

213 2545 388 2608 primo
416 2543 560 2592 libro
589 2541 848 2592 scribitur
877 2557 889 2591 :
923 2537 1260 2599 Malm-ctus,
1294 2538 1488 2606 inquit,
1520 2539 1609 2604 qui
1638 2536 1799 2589 ederit

210 2651 401 2701 panem
438 2650 602 2701 nque
635 2637 701 2685 ad
733 2649 1018 2700 resperam,
1052 2634 1210 2684 donec
1243 2631 1470 2682 ulciscar
1503 2645 1580 2681 me
1610 2628 1671 2681 de
1705 2630 1802 2680 ini-

211 2731 356 2780 miti.
395 2746 525 2779 meis
561 2725 667 2798 [λι.
704 2727 916 2778 inimico
949 2722 1104 2795 meo].
1141 2722 1206 2776 Et
1239 2739 1342 2774 non
1374 2723 1597 2790 gustavit
1632 2723 1798 2774 omnis

210 2823 440 2888 papulas
482 2823 626 2886 ejus.
664 2829 712 2872 et
753 2827 860 2871 tota
898 2827 1038 2869 terra
1074 2816 1409 2884 prandebat‘
1447 2815 1490 2882 (ι
1521 2813 1646 2881 Reg.
1688 2830 1798 2875 xlv,

211 2912 326 2977 24).
374 2913 665 2979 Tantaque
710 2910 809 2962 fuit
853 2911 1146 2962 :tttt‘lOt'itas
1190 2907 1439 2960 stat‘oziis
1481 2905 1647 2958 sentel
1697 2906 1798 2957 1)οο

212 3005 363 3058 mino
408 3006 720 3062 destinatae,
767 3013 826 3055 ut
861 2999 1126 3055 Jonathas
1149 3000 1190 3062 ⁸.
1230 3000 1318 3068 qui
1363 3012 1521 3052 causa
1566 2997 1802 3051 victoria

213 3099 542 3159 exstiterat,
597 3093 1096 3162 deprehenderetur
1146 3101 1325 3155 sorte,
1379 3103 1432 3143 et
1485 3089 1802 3142 ignorantiae

213 3187 425 3240 crimen
463 3186 741 3240 declinare
779 3197 886 3236 non
926 3191 1125 3252 posset,
1166 3183 1446 3249 patrisque
1484 3179 1534 3231 in
1576 3195 1633 3231 se
1669 3194 1799 3231 con-
1829 3216 1866 3270 Ο

211 3278 407 3330 citaret
443 3290 708 3336 manum,
746 3285 799 3328 et
832 3273 918 3325 vix
957 3271 1138 3341 p0puli
1179 3270 1434 3338 precibus
1473 3268 1795 3321 salvaretur.

216 3371 359 3424 Elias
387 3370 752 3441 quadraginta
780 3368 988 3420 dierum
1021 3363 1184 3435 359
1206 3363 1411 3432 jejunio
1442 3370 1797 3433 praeparatus.

214 3464 382 3519 Deum
416 3464 554 3516 vidit
583 3464 637 3515 in
667 3470 848 3514 monte
875 3459 1018 3513 Oreb
1047 3458 1154 3530 [ΑΙ.
1180 3456 1442 3526 Choreb].
1475 3466 1529 3509 et
1556 3456 1706 3508 audit
1735 3455 1801 3508 ab

213 3574 279 3612 eo
313 3577 326 3612 :
365 3556 511 3622 Quid
541 3558 559 3587 '
593 3567 646 3608 tu
675 3555 774 3615 hic,
811 3553 931 3606 Elia
964 3551 1098 3621 (lsa.
1135 3567 1264 3612 χιιι,
1297 3548 1421 3611 16)ἶ²
1450 3547 1615 3602 Multo
1643 3548 1798 3602 iuni-

213 3653 404 3706 liarior
433 3653 539 3703 ista
571 3664 702 3710 vox,
735 3663 896 3716 quam
933 3646 1020 3699 illa
1053 3646 1105 3698 in
1137 3642 1368 3708 Genesi,
1396 3641 1602 3704 Adam,
1632 3643 1720 3694 ubi
1746 3656 1798 3695 es

215 3743 434 3812 (Cenes.
472 3757 556 3805 Ill,
588 3741 685 3807 9)?
710 3740 803 3794 llla
832 3741 974 3794 enim
1009 3749 1225 3807 pastum
1264 3739 1500 3790 terrebat
1527 3743 1581 3788 et
1617 3733 1797 3802 perdi-

215 3847 328 3890 tum
372 3855 386 3890 :
429 3838 548 3888 haec
580 3833 847 3904 jejunanti
885 3831 1088 3886 famulo
1125 3828 1522 3883 blandiehatur.
1559 3827 1795 3896 Congre-

212 3941 402 4000 gatutn
434 3927 656 3983 Samuel
689 3928 943 3994 populum
977 3925 1030 3977 in
1063 3922 1328 3992 Masphat,
1361 3922 1564 3976 indicto
1591 3921 1796 3989 jejunio

212 4022 538 4079 roboravit,
574 4028 627 4070 et
663 4017 788 4070 fecit
828 4016 1072 4068 hostibus
1107 4013 1408 4068 fortiorem.
1445 4013 1793 4081 Assyriorum

213 4115 509 4182 impetum,
537 4121 589 4165 et
616 4111 904 4180 potentiam
936 4107 1324 4170 Sennacherib,
1357 4105 1624 4170 Ezechiae,
1655 4109 1795 4171 regis

214 4210 749 4276 turpium-saccus,
788 4210 841 4254 et
879 4201 1182 4253 huiniliatio
1220 4199 1413 4262 victus,
1451 4199 1629 4266 fregit,
1669 4215 1794 4266 pro-

213 4301 408 4352 stravit
448 4309 502 4350 et
539 4297 685 4349 vicit.
724 4295 787 4348 Et
828 4309 858 4348 e
895 4293 1171 4347 contrario
1211 4291 1404 4346 civitas
1441 4290 1659 4356 Ninivc,
1695 4290 1793 4342 ini-

291 4482 302 4506 ‘
350 4476 553 4528 Vat-em
596 4471 887 4542 Evangelii,
929 4487 1048 4540 quae
1091 4469 1299 4532 deerat,
1341 4468 1617 4524 sulﬁciunt
1657 4483 1790 4523 mss.

213 4563 428 4599 ornties.

284 4622 302 4648 ³
351 4616 594 4680 ln'elltge
643 4614 801 4665 obvio
851 4611 1234 4664 Ecclesiastico
1281 4622 1441 4664 sensu
1490 4609 1790 4676 jejunium,

215 4698 308 4741 a-it
354 4689 474 4737 sali.
501 4703 548 4735 ιιι
592 4685 860 4742 duplicem
899 4681 1017 4747 ejus
1055 4681 1294 4733 nominis
1339 4680 1790 4748 signiticmionem

217 4761 406 4817 ailmlz,
443 4754 761 4806 'I‘crtullian.
797 4751 932 4817 Ipsis
964 4750 1228 4802 elementis
1260 4753 1540 4802 stationem
1570 4751 1791 4816 impera-

217 4836 305 4880 rit.
347 4829 370 4874 \
394 4830 464 4876 nl.
496 4841 616 4891 quae
649 4823 786 4876 infra
820 4827 1195 4873 suturertimus
1229 4835 1340 4872 not.
1366 4823 1405 4873 ⁸.

288 4902 305 4929 ⁸
353 4895 493 4946 Sunt
533 4895 621 4959 qui
661 4910 782 4944 cuni
827 4893 1056 4956 negandi
1104 4893 1366 4958 particula
1410 4901 1456 4943 et
1501 4899 1608 4941 tota
1653 4899 1794 4941 terra

219 4988 318 5020 ιιωι
354 4969 647 5031 prandebat
681 4967 962 5028 legendum
996 4963 1086 5014 hic
1112 4976 1330 5027 quoque
1361 4963 1795 5031 apud‘ilieronyo

221 5027 366 5091 ι.ειιιιι
411 5027 772 5088 contendant.
809 5033 1264 5096 quemadmodum
1305 5027 1468 5099 penes
1505 5027 1794 5081 Tertullia-

218 5127 347 5162 rinm
395 5115 657 5159 adversus
699 5103 1004 5172 l'sydtti'os,
1043 5116 1159 5165 cap.
1205 5103 1284 5157 l0.
1327 5101 1598 5153 l'nttwlltts
1645 5099 1790 5165 legit.

219 5183 279 5233 Et
321 5181 575 5246 vulgatu.
609 5175 823 5246 quidem
865 5173 1132 5238 interpres
1165 5173 1378 5246 diverso
1411 5172 1568 5236 longe
1606 5183 1791 5246 sensu,

220 5253 284 5303 fit
333 5237 446 5301 tat-:-
488 5237 640 5298 terra.
674 5245 804 5294 renit
846 5247 896 5292 in
931 5237 1143 5292 saltum.
1182 5241 1284 5296 Sed
1324 5253 1380 5293 ttt
1420 5243 1548 5292 Illllll
1587 5241 1650 5291 de.
1689 5237 1792 5289 Hc-

219 5323 389 5373 braici
421 5329 598 5370 textos
621 5316 853 5367 lectione
874 5314 1072 5375 dicam,
1093 5327 1251 5376 quam
1276 5327 1394 5364 cum
1418 5311 1798 5376 Septuaginta-

221 5395 376 5443 ιιι-..ιι
413 5400 741 5454 componere
774 5388 1212 5454 Oper-inproelium
1244 5383 1333 5440 sit,
1362 5383 1476 5454 aio,
1497 5396 1571 5454 (ιχΔ
1594 5381 1796 5430 Graecis

219 5467 314 5514 aut
349 5463 504 5511 τεᾶς).
596 5459 665 5521 ’,ιῆ
697 5450 916 5522 inclita,
947 5453 1146 5505 factum
1177 5455 1228 5506 in
1261 5453 1424 5504 veteri
1461 5450 1646 5526 Latina
1683 5464 1798 5498 ητ-

220 5536 404 5592 sione,
437 5543 484 5581 et
523 5521 632 5578 tota
666 5521 803 5576 terra
835 5525 1144 5590 prandebat,
1174 5526 1375 5590 absque
1406 5521 1638 5592 negandi
1673 5535 1793 5585 par-

222 5591 413 5658 ticula,
447 5617 608 5666 quam
647 5599 795 5649 nefas
833 5606 944 5647 erat
981 5595 1216 5647 Pamelio
1248 5603 1411 5662 atque
1443 5593 1563 5644 aliis
1601 5591 1652 5643 in
1710 5601 1797 5642 ve-

221 5686 404 5727 terum
439 5672 660 5737 scriptis
694 5669 990 5719 intrudere.

292 5746 315 5774 ⁵
357 5732 703 5796 Ματιικίιειτυς
745 5749 862 5805 post
899 5737 1185 5790 Erasmum
1230 5743 1415 5789 contra
1459 5732 1796 5805 ernenlatio-

221 5832 342 5871 runt
382 5816 636 5869 codicum
676 5803 870 5875 ﬁdem,
904 5819 957 5862 et
990 5807 1169 5860 minus
1201 5805 1498 5868 continue,
1536 5815 1588 5855 ut
1625 5803 1796 5855 lina-

1831 4548 1873 4602 D
1910 4558 1926 4590 ι
1963 4541 2192 4592 Tantam
2221 4548 2399 4589 autem
2436 4535 2576 4587 Deus

1905 1986 2047 2039 nerit
2077 1986 2140 2036 ad
2174 2000 2299 2036 enni
2349 1986 2603 2051 angelus,
2636 1985 2827 2037 dicens
2859 2001 2872 2039 :
2908 1985 3122 2049 Daniel,
3155 1986 3308 2038 homo
3341 1989 3496 2040 misc-

1905 2079 2090 2131 rabilis
2123 2094 2173 2129 es
2209 2078 2372 2139 (Dan.
2411 2093 2460 2129 ix
2487 2117 2499 2138 ,
2533 2078 2646 2144 25).
2679 2081 2779 2141 Qui
2820 2079 2928 2132 Deo
2965 2080 3292 2133 miserabilis
3328 2098 3496 2148 appa-

1906 2182 2107 2230 ruerat,
2157 2181 2270 2238 ιιιιιει
2324 2171 2588 2237 jejunium
2649 2171 2894 2224 leonibus
2946 2174 2997 2224 in
3051 2173 3172 2226 lacu
3229 2175 3328 2225 luit
3381 2174 3491 2244 [Αἰ.

1905 2263 2103 2332 fuerat]
2156 2264 2447 2316 horribilis.
2494 2263 2664 2328 Quam
2714 2264 2953 2332 pulchra
3002 2281 3109 2326 res,
3157 2280 3275 2331 quae
3321 2265 3494 2332 placat

1907 2356 2302 2419 Deum,leones
2337 2356 2568 2423 mitigat,
2603 2356 2883 2409 daemones
2923 2359 3121 2408 terret!
3161 2355 3392 2410 Mittitur
3425 2359 3490 2409 ad

1903 2467 2027 2506 enm
2072 2451 2222 2507 (licet
2268 2449 2371 2502 hoc
2418 2449 2470 2500 in
2515 2447 2796 2501 Hebraicis
2840 2449 3210 2501 voluminibus
3253 2466 3358 2501 non
3406 2449 3492 2501 in.

1905 2542 2239 2610 venerimus)
2291 2541 2508 2594 Ahacnc
2562 2556 2867 2593 messorum
2926 2542 3217 2607 prandium
3267 2552 3492 2608 portans

1905 2634 2074 2704 (Dan.
2103 2651 2215 2694 xiv,
2247 2634 2316 2686 26
2349 2637 2514 2702 seqq).
2546 2634 2732 2687 Talem
2767 2635 2913 2686 enim
2945 2635 3334 2701 discopliornm
3372 2634 3488 2687 ine-

1904 2729 1988 2781 dia
2024 2738 2296 2781 meruerat
2331 2729 2707 2782 hebdomadis.
2739 2728 2929 2792 David,
2971 2728 3319 2797 periclitante
3351 2729 3485 2792 lilio,

1907 2835 2022 2890 post
2075 2822 2403 2876 adulterium
2461 2820 2842 2888 ἐξομολὸγεσιν
2898 2823 2949 2874 in
3004 2822 3190 2875 cinere
3241 2835 3295 2875 et
3339 2823 3487 2891 jeju-

1906 2918 1995 2969 nio
2031 2917 2180 2976 l‘acit,
2233 2914 2441 2972 (licens.
2478 2913 2621 2977 Quia
2673 2915 2900 2965 cinerem
2931 2914 2950 2943 ⁸
2997 2923 3248 2979 tanquam
3297 2931 3488 2983 panem

1906 3004 2324 3060 manducabam.
2355 3014 2403 3057 et
2434 3016 2613 3070 potum
2667 3021 2836 3056 meum
2873 3022 2987 3057 cum
3021 3007 3144 3073 ﬂetu
3211 3010 3488 3060 miscebant

1907 3093 2129 3163 (Psalm.
2163 3108 2236 3154 Cl,
2279 3092 2383 3158 10).
2425 3091 2506 3153 Et,
2537 3090 2823 3155 lnﬁrrrata
2850 3105 2972 3144 sunt
3005 3096 3057 3145 in
3084 3095 3291 3162 jejunio
3316 3111 3487 3156 genita

1907 3204 2019 3239 mea
2063 3184 2239 3254 (Psal.
2273 3199 2427 3247 cvm,
2463 3183 2576 3251 Ἡ).
2603 3183 2766 3253 350
2805 3184 2863 3238 Et
2887 3195 3033 3239 certe
3058 3187 3164 3254 jam
3194 3187 3486 3242 audierata

1903 3279 2115 3331 Natbzin
2152 3295 2165 3331 :
2203 3275 2456 3328 Dominus
2513 3276 2721 3328 abstulit
2790 3293 2820 3328 α
2859 3288 2903 3328 te
2957 3280 3050 3329 hoc
3093 3291 3361 3345 peceatum
3399 3278 3486 3346 (Η

1903 3367 2026 3442 Reg.
2069 3386 2160 3428 xu.
2208 3370 2315 3434 15).
2349 3368 2576 3422 Samson
2610 3377 2664 3421 et
2711 3369 2930 3423 Samuel
2967 3371 3147 3422 vinum
3181 3373 3482 3424 ctsiieratn

1903 3479 2007 3517 non
2041 3463 2249 3516 bibunt.
2295 3463 2454 3514 Erant
2485 3462 2632 3515 enim
2668 3462 2759 3514 lilii
2800 3463 3260 3530 repromissionis,
3305 3473 3354 3516 et
3389 3481 3484 3534 per

1900 3553 2295 3610 abstinentiam
2345 3553 2724 3622 jejuniumqne
2750 3553 3016 3621 concepti.
3047 3554 3190 3606 Aron
3219 3564 3269 3606 et
3302 3557 3480 3607 ean-teri

1901 3643 2211 3698 sacerdotes
2263 3642 2558 3711 ingressuri
2611 3641 2924 3710 Templum,
2974 3659 3138 3696 omne
3190 3645 3331 3712 quod
3388 3663 3482 3713 po-

1902 3743 2005 3788 test
2031 3732 2299 3786 inebriare
2325 3747 2429 3783 non
2457 3740 2666 3798 potant,
2725 3747 2790 3782 ne
2833 3734 3136 3784 moriantur
3196 3733 3387 3799 (Leuit.
3421 3751 3471 3797 x,

1900 3828 1974 3896 9).
2001 3824 2076 3880 Ex
2113 3841 2220 3894 quo
2259 3823 2611 3891 intelligimus
2673 3823 2806 3875 mori
2857 3837 2974 3885 eos,
3031 3826 3120 3892 qui
3151 3826 3200 3876 in
3238 3823 3475 3878 Ecclesia

1899 3935 2008 3975 non
2069 3918 2236 3973 sobrii
2280 3915 2642 3969 ministrarint
2683 3916 2725 3968 θ.
2761 3915 3126 3980 Quamobrem
3186 3917 3479 3983 exprobra-

1901 4022 1986 4066 tur
2030 4010 2237 4072 Israeli,
2301 4008 2490 4060 Polum
2545 4007 2752 4059 dabalis
2805 4007 3084 4059 Nazara’is
3119 4008 3244 4059 meis
3297 4010 3476 4061 vinum

1900 4103 2080 4172 (Amos
2125 4110 2188 4160 lt.
2238 4101 2350 4165 1‘2).
2385 4099 2650 4162 Jonadali,
2715 4099 2855 4150 [ilius
2917 4098 3158 4160 Rechab,
3221 4100 3478 4168 praecepit

1899 4195 2022 4248 liliis
2081 4193 2213 4252 suis,
2253 4201 2308 4244 ut
2341 4208 2446 4245 non
2496 4190 2746 4243 biberent
2793 4190 2976 4240 vinum
3005 4204 3176 4256 usque
3235 4190 3284 4240 in
3319 4200 3475 4243 reter-

1901 4302 2046 4340 num.
2114 4284 2321 4351 Quibus
2375 4299 2498 4336 cum
2549 4283 2770 4335 ollerret
2808 4279 3077 4333 Jeremias
3114 4280 3152 4310 ¹⁰
3183 4281 3364 4334 vinum
3421 4292 3477 4336 ut

1900 4475 2162 4523 Μανῆν...
2213 4466 2611 4529 deprehenderet
2660 4479 2795 4516 sors.
2851 4459 3037 4511 Denuo
3083 4457 3472 4526 Tertulli.-nns,

2608 4534 2855 4600 prgrstilll.
2882 4533 3263 4600 auctoritatem
3295 4533 3476 4588 edicto

1903 4610 2152 4663 stationis
2185 4607 2394 4674 (jejunii
2433 4598 2658 4667 scilicet)
2693 4602 2862 4674 illius,
2888 4612 2943 4652 ut
2974 4598 3268 4674 Jonatlian,
3311 4621 3326 4651 ι
3365 4615 3473 4656 etc.

1973 4681 1991 4710 ⁸
2035 4670 2230 4732 lterum
2256 4670 2327 4727 ex
2361 4675 2692 4726 Tertulliauo
2727 4690 2739 4723 :
2779 4691 2795 4722 ι
2831 4673 2966 4734 Quid
3002 4681 3055 4722 tu
3082 4710 3094 4726 .
3132 4670 3274 4721 llelia
3301 4713 3312 4729 ,
3352 4674 3478 4726 hic?

1902 4749 2066 4802 Multo
2105 4747 2328 4802 amicior
2363 4748 2462 4796 ista
2501 4761 2596 4794 \‘tH
2639 4758 2798 4808 quam
2825 4785 2836 4801 ,
2880 4745 3044 4791 Adam
3072 4780 3083 4795 .
3124 4743 3210 4792 ubi
3251 4745 3345 4794 t‘s?
3383 4744 3472 4795 illa

1899 4822 2044 4874 enim
2084 4831 2233 4887 pasto
2270 4819 2473 4870 homini
2511 4815 2839 4870 minabatur,
2877 4811 2976 4862 ista
3014 4810 3196 4876 jejuno
3231 4814 3475 4865 Ivlandtc-

1903 4893 2078 4943 batur.
2121 4912 2135 4938 ι

1977 4963 1996 4991 ⁸
2037 4961 2178 5013 l-lem
2202 4998 2214 5018 ,
2247 4957 2476 5009 Sodoma
2511 4971 2708 5022 quoque
2740 4963 2786 5005 et
2824 4951 3114 5004 (Ioniorrlia
3154 4952 3472 5015 evasissent,

1900 5033 1944 5085 si
1975 5027 2420 5098 jrjunassenﬁt.l£i
2465 5027 2624 5092 paulo
2666 5035 2806 5089 post,
2849 5029 3062 5098 (“Allll'l
3101 5039 3473 5098 ιιιιυιιιιχιιιιι-

1902 5093 2055 5154 biens
2087 5114 2221 5150 uxor
2255 5097 2505 5148 lli-lcanze
2537 5112 2724 5145 tenere
2751 5094 2953 5144 sletills
2984 5093 3290 5150 ιηιςηιιιιινιι
3319 5093 3474 5147 facile

1899 5189 1927 5223 tt
1965 5173 2071 5222 lien
2106 5186 2315 5218 tnztzmin
2352 5171 2470 5219 ('Iltﬂ
2503 5179 2742 5216 ventri-tn
2781 5163 2886 5214 lilio
2920 5161 3163 5226 implere.
3203 5179 3219 5209 ι

1975 5239 1992 5267 ⁷
2027 5238 2122 5289 llic
2152 5253 2366 5302 quoque
2398 5237 2758 5287 coiiiereiidus
2789 5248 2867 5284 est
2901 5229 3264 5283 'l'crtullzanns
3298 5247 3312 5283 :
3349 5231 3474 5281 «νυ-

1903 5312 1994 5368 ni,
2026 5311 2238 5374 inquit,
2273 5310 2648 5359 demonstrare
2681 5303 2771 5355 tibi
2798 5342 2810 5363 ,
2841 5312 3112 5368 quatenus
3145 5315 3262 5353 nns-
3289 5303 3471 5354 rabilis

1899 5398 1956 5433 es
1989 5381 2278 5446 jetunando
2309 5380 2537 5434 scilicet,
2577 5393 2592 5422 ι
2631 5385 2738 5426 etc.

1971 5441 2175 5509 "Alias,
2218 5460 2270 5500 et
2301 5449 2350 5498 in
2376 5447 2580 5512 aliquot
2617 5462 2772 5507 inss.,
2809 5443 3048 5495 Cinerem
3108 5441 3242 5493 sicut
3280 5459 3467 5512 panem

1902 5523 2235 5573 mandat-art“.

1971 5593 1989 5622 '
2028 5591 2219 5642 Iisdem
2251 5602 2419 5656 prope
2443 5586 2625 5636 veritis
2658 5583 3043 5656 Tertullianus.
3073 5583 3214 5656 Adeo
3246 5584 3472 5637 morien.

1902 5671 2008 5720 tur,
2040 5664 2123 5723 qui
2167 5655 2267 5710 non
2293 5659 2452 5710 sobrii
2495 5659 2544 5708 in
2576 5656 2809 5708 ιξιττιεδία
2859 5655 3289 5705 ministraeerint.

1995 5720 2191 5782 "Mss.
2212 5728 2543 5780 Veronensis
2582 5743 2643 5779 ac
2671 5724 3070 5786 Cistercicnsis,
3092 5723 3300 5788 o/j'erret
3322 5720 3468 5776 lere-

1901 5805 2032 5855 mias
2063 5813 2112 5853 ut
2143 5802 2386 5864 biberent,
2429 5801 2630 5867 alisque
2657 5799 2845 5848 riuum.
