4218 6494
761 431 869 496 Βΐῖ

1958 428 2018 486 S.
2058 424 2370 486 EUSElllI
2412 424 2854 485 lllEllONYMI

3920 425 4023 489 328

755 547 865 617 ptis
894 543 1106 599 duobus
1154 544 1414 613 gradibus
1444 542 1716 596 bonorum
1754 542 2157 609 malorumque,
2192 542 2339 593 ttttlla
2371 543 2423 599 Α
2450 543 2541 606 qui
2573 542 2767 609 diligit,
2804 542 3035 596 veniunt
3067 540 3178 612 [AL
3216 541 3387 612 venit]
3421 542 3487 595 ad
3516 558 3639 595 eum
3678 541 3841 595 Pater
3864 554 3917 595 et
3957 544 4041 596 [τι-

755 640 1045 695 tliversitas
1077 641 1375 695 invenitur.
1411 639 1514 703 Qui
1541 648 1626 691 est
1666 638 1872 704 justus,
1910 638 2147 703 eripitur
2186 651 2198 686 :
2244 634 2336 702 qui

756 748 1029 803 peccator,
1063 734 1180 802 pari
1217 742 1438 786 voratur
1484 731 1765 785 iucemlio.
1801 728 1921 783 Una
1958 730 2109 782 salus
2140 728 2346 781 libera-

756 830 848 888 tis,
880 842 1022 881 unus
1055 826 1311 879 interitus
1342 823 1777 877 remanentibus.
1803 819 1882 874 Ne
1907 820 2187 890 paululum
2215 822 2340 889 qui-

754 919 878 973 dem
909 938 938 973 a
964 919 1175 985 justitia
1206 916 1617 979 declinandum,
1663 915 1867 969 indicio
1926 924 2010 967 est
2046 929 2181 965 uxor
2224 912 2343 967 l.ot.

757 1010 813 1066 Si
844 1023 1050 1076 autem,
1075 1012 1275 1079 inquit,
1304 1010 1438 1063 mihi
1471 1010 1704 1079 opponis
1729 1008 1843 1079 [ΑΙ.
1877 1006 2147 1079 opponas]
2173 1022 2345 1077 quare

746 1106 934 1177 justus
969 1107 1177 1160 laboret
1210 1106 1265 1158 in
1301 1120 1452 1173 pace,
1485 1116 1575 1156 aut
1604 1102 2110 1173 persecutionibus,
2141 1103 2187 1156 si
2217 1100 2345 1154 nul-

751 1214 839 1273 lus
872 1198 1152 1265 profectus
1177 1207 1286 1263 est,
1311 1213 1412 1251 nec
1446 1196 1650 1263 majora
1692 1193 1860 1265 355
1895 1196 2115 1265 praemia
2151 1210 2165 1245 :
2202 1194 2345 1249 scias

768 1294 875 1346 hoc
924 1307 1049 1346 eum
1098 1291 1301 1355 facere,
1336 1305 1448 1344 non
1481 1300 1537 1341 ut
1565 1289 1689 1357 plus
1733 1288 1869 1357 quid
1904 1296 2213 1350 mereatur,
2252 1286 2345 1341 sed

762 1400 835 1439 ne
864 1386 1057 1450 perdat
1091 1384 1233 1451 quod
1267 1382 1498 1450 accepit.
1531 1381 1590 1433 In
1635 1380 1869 1450 Egypto
1899 1393 2120 1447 quoque
2152 1378 2344 1431 decem

768 1479 971 1548 plagas
1023 1476 1309 1545 aequaliter
1357 1490 1551 1529 omnes
1593 1476 1839 1527 sentiunt
1887 1482 2253 1539 peccatores:
2292 1478 2347 1523 et

752 1571 969 1627 similes
997 1571 1238 1624 tenebrae
1267 1568 1492 1623 domino
1518 1580 1569 1621 et
1605 1580 1789 1630 servo,
1822 1564 1993 1619 nobili
2016 1574 2072 1618 et
2092 1562 2343 1634 ignobili,

749 1665 864 1733 regi
902 1664 1195 1715 imminent
1230 1669 1288 1715 et
1313 1660 1493 1731 vulgo.
1528 1657 1749 1713 Sanctis
1780 1673 1909 1712 vero
1943 1658 2035 1712 Dei
2062 1669 2118 1711 et
2143 1656 2346 1728 populo

753 1756 920 1810 lsrael
965 1772 1073 1810 una
1111 1763 1233 1809 erat
1284 1755 1403 1808 lux.
1440 1752 1547 1807 Sed
1597 1764 1651 1807 et
1707 1754 1761 1806 in
1810 1752 1947 1806 mari
1988 1750 2177 1805 Rubro
2209 1751 2342 1819 justi

754 1850 958 1919 pariter
1009 1858 1336 1911 transeunt,
1379 1855 1701 1916 peccatores
1750 1847 1958 1915 pariter
2004 1846 2339 1899 obruuntur.

758 1940 1034 1995 Sescenta
1084 1941 1367 1995 hominum
1400 1940 1828 2005 millia,excepta
1863 1936 2067 1990 imbelli
2097 1945 2257 1991 aetate
2283 1944 2339 1990 et

752 2051 910 2099 sexu,
944 2035 995 2087 in
1029 2035 1250 2086 deserto
1284 2031 1568 2099 aequaliter
1592 2038 1787 2093 ruunt,
1819 2039 1873 2083 et
1901 2029 2010 2083 duo
2047 2029 2137 2098 qui
2173 2029 2341 2097 justi-

754 2129 827 2181 tia
861 2142 1020 2195 pares
1053 2134 1213 2179 erant
1239 2167 1255 2191 ,
1288 2124 1570 2193 aequaliter
1600 2122 1927 2175 liberantur.
1963 2120 2065 2175 Per
2095 2121 2337 2189 quadra-

751 2224 901 2293 ginta
936 2236 1112 2274 annos
1139 2230 1371 2272 cunctus
1400 2216 1564 2269 Israel
1599 2214 1854 2270 similiter
1885 2214 2101 2269 laborat
2133 2222 2187 2266 et
2217 2227 2337 2266 mo-

749 2316 914 2371 ritur.
941 2314 1145 2368 Gomor
1170 2324 1385 2364 manna:
1413 2309 1686 2364 universis
1710 2309 1962 2361 aetatibus
1995 2320 2102 2358 una
2132 2305 2185 2357 in
2210 2304 2337 2359 cibo

752 2422 1012 2462 mensura
1046 2414 1130 2459 est
1169 2420 1183 2456 :
1215 2404 1448 2457 vestitus
1482 2402 1687 2471 pariter
1720 2415 1828 2453 non
1860 2399 2203 2459 deteruntur,
2239 2412 2338 2450 ca-

758 2500 875 2571 pilli
906 2497 1067 2554 simul
1102 2512 1209 2551 non
1258 2502 1555 2565 augentur,
1610 2492 1780 2546 barba
1813 2491 1870 2545 iu
1904 2504 2197 2545 commune
2225 2503 2336 2541 non

750 2592 980 2656 crescit,
1006 2588 1377 2643 ealceamenta
1407 2602 1475 2640 ex
1499 2600 1653 2655 aequo
1676 2584 1935 2639 omnibus
1965 2584 2185 2636 durant.
2218 2579 2335 2635 Non

755 2684 1057 2739 incalluere
1098 2682 1261 2750 pedes
1298 2698 1311 2734 :
1344 2680 1504 2734 cibus
1552 2679 1607 2732 in
1636 2692 1733 2731 ore
1761 2685 2083 2730 cunctorum
2119 2672 2339 2745 aequali-

755 2790 840 2832 ter
868 2778 1028 2845 sapit.
1062 2775 1145 2827 Ad
1179 2772 1520 2826 mansionem
1548 2782 1710 2821 uuam
1744 2768 1861 2836 pari
1895 2766 2079 2820 labore
2111 2776 2167 2819 et
2196 2779 2341 2818 mer-

752 2868 892 2921 cede
940 2864 1257 2934 pergebant.
1298 2860 1489 2915 Omnis
1522 2858 1786 2912 llebrteus
1814 2857 2022 2925 aequale
2046 2857 2211 2911 habet
2239 2873 2339 2927 pa-

754 2958 928 3020 scha,
987 2954 1227 3021 aequales
1290 2948 1685 3018 scenopegias,
1738 2947 1953 3017 aequale
2004 2948 2335 3011 sabbatum,

752 3048 994 3118 mquales
1058 3044 1397 3099 neomenias.
1465 3040 1715 3110 Septimo
1770 3040 2131 3107 requietiouis
2186 3054 2339 3095 anno

756 3142 963 3206 absque
1024 3149 1384 3208 personarum
1441 3131 1772 3187 discretione
1822 3130 2139 3194 dimittitur,
2174 3140 2231 3185 et
2281 3132 2335 3185 iu

753 3228 981 3301 jubilteo
1008 3226 1275 3282 universa
1305 3222 1524 3277 cunctis
1562 3220 1748 3278 debita
1796 3221 2135 3286 relaxantur,
2172 3232 2337 3292 atque

757 3324 825 3377 ad
854 3322 1133 3389 antiquam
1166 3316 1573 3387 possessionem
1608 3314 1862 3368 venditor
1898 3314 2060 3368 redit.
2099 3332 2119 3366 ι

834 3413 925 3467 l9.
960 3411 1281 3465 Parabolam
1314 3419 1497 3461 autem
1542 3406 1596 3460 in
1640 3405 1933 3473 Evangelio
1971 3407 2186 3475 (Matth.
2221 3423 2341 3470 χιιι,

758 3514 813 3558 et
837 3504 965 3557 Luc.
1000 3501 1120 3568 vut)
1154 3500 1505 3563 seminantis,
1539 3498 1593 3553 in
1624 3514 1729 3566 qua
1762 3498 1814 3549 in
1848 3506 1991 3551 terra
2025 3499 2165 3551 bona
2205 3514 2339 3553 cen-

759 3598 992 3653 tesimus
1015 3604 1069 3649 ct
1100 3592 1472 3661 sexagesimus
1497 3599 1553 3643 et
1578 3588 1895 3644 tricesimus
1926 3588 2138 3642 fructus
2160 3591 2343 3644 exori-

761 3702 851 3745 tur
882 3698 971 3742 tet
1002 3704 1031 3742 e
1067 3688 1347 3742 contrario
1371 3685 1423 3738 iu
1454 3692 1599 3738 terra
1629 3684 1793 3741 mala.
1824 3683 2018 3749 triplex
2048 3682 2343 3737 sterilitatis

758 3782 1004 3835 varietas
1037 3779 1335 3840 indicatur,
1383 3776 1436 3828 in
1486 3774 1626 3829 duos
1675 3772 1900 3827 ordines
1934 3772 2150 3835 dividit,
2185 3772 2344 3826 bona:

760 3885 922 3929 terra:
950 3882 1005 3926 et
1036 3869 1213 3925 malae.
1260 3886 1279 3919 ι
1322 3867 1387 3920 Et
1419 3865 1695 3935 quomodo
1724 3864 1987 3932 apostolis
2033 3879 2131 3931 pro
2175 3864 2339 3917 dere-

758 3966 907 4022 lictis
945 3963 1070 4017 liliis
1119 3971 1174 4015 et
1221 3957 1511 4021 uxoribus,
1547 3957 1603 4009 in
1640 3956 1749 4009 alio
1780 3954 2077 4023 Evangelia
2106 3954 2342 4014 centies,

761 4058 815 4111 in
860 4056 966 4109 alio
998 4051 1206 4121 septies
1234 4049 1499 4103 Dominus
1525 4045 1857 4115 repromittit
1881 4042 1991 4115 [ΑΙ.
2028 4040 2342 4111 promittit},

761 4161 816 4203 et
848 4151 900 4200 in
932 4148 1121 4199 futuro
1158 4144 1321 4195 vitam
1360 4152 1618 4194 a‘ternam
1653 4136 1877 4197 (Matth.
1905 4151 2015 4197 xtx,
2038 4133 2130 4199 19;
2170 4133 2341 4186 Marc.

762 4258 821 4301 ιι,
848 4242 936 4301 '50;
967 4236 1098 4291 an.
1140 4253 1294 4299 XVIII,
1331 4236 1423 4301 δυ)
1449 4250 1463 4286 :
1492 4232 1749 4299 nullaque
1780 4228 2039 4283 distantia
2084 4239 2171 4281 est
2203 4227 2345 4280 inter

763 4343 1005 4393 centum,
1041 4339 1097 4382 et
1132 4338 1375 4392 septem;
1411 4325 1491 4378 sic
1522 4331 1576 4376 et
1609 4323 1661 4375 iu
1707 4322 1810 4374 hoc
1844 4321 1857 4350 ¹
1906 4336 2195 4373 numerum
2232 4334 2342 4372 non

762 4425 945 4477 lacere
978 4421 1374 4491 prmjudicium,
1408 4416 1499 4469 ubi
1536 4415 1700 4481 huius
1728 4426 1884 4467 terra:
1918 4412 2173 4467 fertilitas
2206 4428 2344 4482 pra:-

762 4517 980 4571 dicatur
1011 4530 1023 4565 :
1058 4512 1359 4583 praesertim
1393 4523 1518 4562 cum
1548 4522 1604 4560 et
1635 4506 1977 4574 Evangelista
2008 4504 2219 4558 Marcus
2259 4522 2343 4559 re-

2458 636 2584 701 bus,
2610 647 2661 690 et
2694 638 2747 690 in
2775 638 2896 704 eius
2933 636 3179 691 habitant
3230 634 3343 707 [ΑΙ.
3382 636 3613 707 ιιιιιιίειιῖ
3647 640 3909 703 1.οςιιὶιιο.
3942 636 4042 692 ιῗυὶ

2455 742 2637 783 autent
2688 730 3070 799 hujuscemodi
3114 730 3387 783 habitator
3412 740 3518 793 est,
3552 743 3683 798 puto
3709 733 3861 800 quod
3889 733 4027 784 lllitli

2454 824 2645 878 deesse
2695 824 2865 893 possit
2900 824 3128 893 hospiti.
3173 823 3272 878 Sin
3310 820 3419 895 [ΑΙ.
3469 823 3549 895 Si]
3603 835 3787 879 autem
3854 826 4040 878 dit-it:

2458 917 2647 971 Multa:
2694 920 2994 972 mansiones
3043 928 3165 972 sunt
3222 921 3364 985 apud
3394 917 3609 972 Patrem
3657 936 3828 971 meum
3860 919 4043 988 (Joan.

2456 1028 2565 1075 xw,
2601 1012 2681 1077 2),
2712 1028 2821 1067 non
2872 1012 2926 1065 in
2975 1026 3144 1081 regno
3175 1014 3440 1067 caelorum
3477 1013 3732 1067 diversas
3766 1015 4045 1083 signiﬁcat

2455 1106 2798 1172 mansiones;
2832 1108 2927 1161 sed
2955 1106 3322 1162 Ecclesiarum
3346 1106 3402 1159 in
3428 1116 3542 1161 toto
3564 1106 3696 1161 orbe
3724 1122 4039 1169 numerum,

2454 1212 2575 1267 qua
2603 1208 2822 1253 constat
2853 1214 2961 1254 una
3001 1215 3097 1267 per
3123 1210 3358 1268 septem.
3396 1199 3560 1264 Vada,
3592 1202 3791 1271 inquit.
3828 1214 3877 1255 et
3909 1218 4047 1267 prte-

2455 1291 2654 1360 parabo
2682 1292 2828 1345 vobis
2853 1292 3020 1345 locum
3052 1291 3246 1361 (lbid.,
3271 1292 3353 1359 2),
3388 1309 3494 1347 non
3529 1295 3670 1349 loca.
3700 1295 3758 1349 Si
3792 1296 3914 1349 haec
3946 1311 4037 1348 re-

2456 1382 2748 1450 promissio
2776 1384 2999 1452 proprie
3022 1384 3311 1439 duodecim
3365 1386 3740 1453 apostolorum
3773 1398 3881 1448 ρει,
3918 1402 4046 1452 ergo

2457 1472 2666 1527 Paulus
2694 1474 2952 1527 exclusus
2983 1487 3067 1529 est
3116 1478 3183 1529 de
3214 1478 3315 1530 hoc
3344 1477 3461 1531 loco
3482 1520 3495 1541 ,
3531 1488 3587 1531 et
3625 1478 3919 1531 eleCIionis
3950 1493 4047 1531 vas

2455 1563 2771 1631 superﬂuus
2800 1566 3087 1634 putabitur
3115 1579 3167 1621 et
3202 1566 3483 1637 indiguus.
3514 1565 3759 1621 Joannes
3787 1581 3839 1620 et
3871 1566 4037 1622 Jaco-

2456 1654 2580 1713 bus,
2634 1656 2760 1724 quia
2802 1654 2924 1724 plus
2954 1658 3167 1711 ceteris
3216 1659 3511 1726 petierunt,
3552 1673 3657 1710 non
3698 1658 4041 1725 impetrare-

2454 1756 2622 1809 runt;
2664 1755 2718 1798 et
2754 1756 2935 1800 tamen
2966 1762 3071 1800 non
3104 1757 3188 1801 est
3217 1747 3455 1813 dignitas
3486 1762 3677 1800 eorum
3724 1749 4040 1811 imminuta,

2454 1839 2582 1906 quia
2641 1838 2867 1907 reliquis
2928 1840 3192 1908 apostolis
3236 1840 3473 1908 atquales
3513 1838 3758 1894 fuerunt.
3804 1839 4041 1894 Nescitis

2376 1910 2416 1964 Β
2446 1932 2569 2000 quia
2603 1947 2824 1997 corpora
2868 1942 3042 1984 vestra
3074 1934 3320 1995 templum
3351 1936 3371 1965 ¹
3404 1944 3476 1987 est
3514 1930 3747 2001 Spiritus
3778 1937 3956 1987 sancti
3989 1934 4035 2001 (1

2368 3273 2410 3330 C

2449 2022 2575 2078 Cor.
2604 2039 2689 2085 ιιι,
2724 2023 2810 2084 l6,
2846 2032 2894 2076 et
2928 2040 3002 2087 vi,
3052 2024 3139 2091 19)
3164 2024 3186 2075 ?
3214 2023 3508 2090 Templum,
3548 2027 3744 2093 inquit,
3781 2039 3881 2087 est,
3926 2042 4033 2081 non

2450 2116 2683 2183 templa;
2709 2125 2769 2170 ut
2801 2116 3055 2171 similiter
3089 2117 3142 2170 in
3172 2119 3426 2172 omnibus
3452 2119 3815 2174 habitatorem
3846 2131 4039 2173 osten-

2445 2211 2602 2264 deret
2631 2209 2824 2263 Deutn.
2861 2208 2987 2263 Non
3018 2226 3113 2279 pro
3151 2210 3232 2264 Itis
3266 2227 3390 2279 rego
3426 2221 3656 2275 tantum,
3686 2213 3776 2265 sed
3802 2229 3901 2277 pro
3930 2213 4037 2264 illis

2458 2302 2550 2370 qui
2580 2302 2841 2354 credituri
2870 2312 2996 2355 sunt
3027 2319 3121 2363 per
3152 2306 3362 2355 rerbum
3390 2318 3569 2356 eorum
3592 2303 3645 2354 in
3668 2319 3748 2355 me
3770 2318 3789 2355 :
3819 2306 4043 2356 utsicut

2446 2405 2528 2459 tu,
2562 2393 2748 2459 Pater,
2776 2396 2829 2447 in
2862 2412 2962 2456 me.
2997 2406 3046 2449 et
3062 2412 3154 2462 ego
3177 2398 3231 2447 in
3256 2407 3302 2449 te
3326 2412 3487 2448 unum
3510 2413 3727 2460 sumus;
3753 2397 3829 2448 ita
3857 2414 4041 2449 omnes

2445 2503 2610 2539 unum
2635 2490 2741 2541 sint
2775 2490 2827 2541 in
2859 2488 3031 2543 nobis.
3059 2487 3301 2542 Gloriam
3334 2506 3492 2557 quant
3521 2490 3709 2543 dedisti
3739 2492 3896 2557 mihi,
3918 2490 4041 2543 dedi

2446 2580 2520 2632 eis
2548 2594 2564 2631 :
2590 2581 2754 2634 dilexi
2797 2596 2905 2643 eos,
2956 2583 3091 2634 sicut
3138 2597 3220 2634 me
3258 2581 3495 2634 dilexisti
3528 2580 3709 2649 (Joan.
3749 2599 3860 2636 xm
3891 2625 3907 2646 ,
3942 2582 4042 2637 20—

2444 2671 2560 2726 23i.
2595 2672 2661 2725 Et
2685 2671 2963 2741 quomodo
2996 2685 3099 2725 nos
3135 2688 3325 2727 sumus
3350 2672 3508 2727 Pater
3541 2683 3596 2727 et
3618 2672 3789 2727 Filius
3818 2685 3878 2728 et
3913 2675 4035 2743 Spig

2445 2766 2583 2820 ritus
2633 2776 2858 2820 sanctus
2891 2780 3034 2819 unus
3068 2766 3212 2821 Deus
3240 2805 3256 2829 ,
3304 2766 3384 2819 sic
3420 2776 3473 2819 et
3506 2782 3647 2820 unus
3697 2768 3939 2836 populus
3980 2769 4034 2821 in

2445 2854 2583 2925 ipsis
2612 2857 2704 2916 sit.
2730 2858 2831 2911 hoc
2864 2868 2968 2920 est,
2993 2858 3149 2927 quasi
3183 2857 3276 2911 lilii
3302 2858 3640 2920 charissimi,
3664 2858 3869 2912 divinae
3902 2875 4036 2913 con-

2445 2956 2622 3002 sortes
2656 2958 2890 3002 naturze.
2929 2948 3139 3018 Sponsa
3168 2989 3183 3012 ,
3220 2964 3400 3011 soror,
3435 2959 3629 3010 mater.
3672 2959 3727 3003 et
3777 2966 4040 3018 qumcun-

2445 3054 2553 3109 que
2581 3040 2685 3093 alia
2716 3042 2996 3111 putaveris
3031 3040 3320 3105 vocabula,
3371 3042 3539 3095 unius
3593 3040 3856 3097 Ecclesia:
3905 3058 4044 3097 con-

2446 3134 2692 3201 gregatio
2739 3144 2864 3199 est,
2913 3148 3034 3201 quae
3080 3148 3360 3201 nunquam
3404 3144 3490 3187 est
3520 3134 3637 3188 sine
3676 3150 3888 3203 sponso
3928 3134 4037 3206 [.41.

2445 3222 2695 3294 sponsa],
2732 3221 2932 3286 fratre,
2970 3223 3103 3278 lilio.
3133 3223 3311 3278 Unam
3344 3223 3507 3277 habet
3536 3224 3695 3278 tidem
3724 3265 3738 3287 ,
3775 3241 3881 3279 nec
3911 3241 4040 3280 con-

2443 3324 2727 3383 stupratur
2784 3315 3106 3384 dogmatum
3169 3316 3477 3381 varietate,
3543 3331 3647 3371 nec
3714 3316 4036 3374 haresibus

2446 3408 2735 3463 scinditur.
2771 3407 2931 3476 Virgo
2974 3418 3285 3476 permanet.
3330 3409 3669 3479 Quocuuque
3726 3411 3893 3465 vadit
3920 3409 4039 3482 [AL

2447 3500 2631 3572 variet]
2666 3518 2861 3568 agnus,
2892 3502 3141 3571 sequitur
3169 3502 3319 3556 illum
3354 3518 3367 3555 :
3398 3504 3512 3556 sola
3551 3502 3706 3557 novit
3739 3502 4040 3559 Canticum

2445 3593 2675 3648 Christi.

2516 3683 2605 3736 20.
2649 3701 2667 3733 ι
2706 3682 2761 3736 Si
2794 3694 3001 3745 autent,
3028 3682 3230 3751 inquit,
3260 3681 3396 3735 mihi
3424 3682 3772 3751 apposueris,
3805 3684 3986 3739 Stella
4009 3702 4041 3737 α

2443 3775 2597 3828 stella
2629 3776 2808 3843 diﬂ'ert
2850 3777 2906 3828 in
2934 3775 3203 3839 claritate,
3244 3774 3459 3839 audies,
3489 3774 3715 3830 differre
3747 3779 3975 3832 stellam
4010 3793 4042 3830 a

2446 3867 2643 3928 stella,
2699 3871 2802 3921 hoc
2845 3876 2951 3927 est,
3001 3866 3317 3935 spirituales
3371 3880 3399 3917 a
3449 3868 3783 3922 carnalibus.
3843 3869 4041 3924 Omnia

2446 3957 2692 4012 membra
2744 3957 3033 4026 aequaliter
3084 3957 3393 4027 diligimus,
3426 3972 3527 4012 nec
3561 3958 3781 4012 oculum
3822 3977 4041 4031 pra-po-

2446 4050 2633 4102 nimus
2664 4050 2854 4118 digito,
2892 4065 2995 4103 nec
3020 4049 3247 4115 digitum
3290 4051 3555 4105 auriculae
3587 4068 3602 4104 :
3636 4053 3729 4106 sed
3760 4054 3814 4107 iu
3850 4058 4043 4125 singu-

2447 4138 2619 4193 lorum
2653 4142 2976 4200 amissione.
3000 4142 3374 4195 membrorum
3404 4144 3714 4198 communis
3741 4145 3903 4198 dolor
3928 4159 4039 4201 est.

2446 4233 2513 4287 ΑΞ
2534 4234 2750 4302 ιιιιιιίιρι·
2781 4235 3074 4286 introituus
3112 4235 3162 4285 in
3198 4235 3301 4289 boc
3326 4236 3610 4299 saculum,
3643 4246 3699 4289 et
3728 4241 4029 4307 aequaliter

2446 4324 2513 4376 tle
2541 4338 2607 4375 eo
2641 4322 2977 4391 egredimur.
3027 4322 3187 4377 Unus
3234 4323 3406 4377 Adam
3452 4333 3726 4388 terrenus,
3781 4338 3841 4380 et
3896 4332 4045 4382 alter

2444 4416 2707 4469 ccelestis.
2741 4413 2903 4484 357
2930 4414 3029 4480 Qui
3062 4416 3118 4468 in
3154 4424 3372 4469 terreno
3412 4416 3600 4480 fuerit,
3629 4433 3661 4472 a
3685 4418 3935 4473 sinistris
3957 4431 4043 4475 est

2450 4518 2504 4562 et
2531 4509 2726 4578 peribit
2763 4524 2777 4561 :
2809 4509 2900 4576 qui
2931 4508 2983 4559 iu
3020 4508 3251 4569 cceleSti,
3285 4524 3314 4561 a
3339 4508 3550 4563 dextris
3578 4521 3683 4571 est.
3713 4524 3767 4565 et
3798 4515 4040 4569 salvabi~

763 4622 1000 4663 trorsum
1052 4612 1301 4657 numeret
1344 4600 1590 4669 triginta,
1644 4598 1927 4662 sexaginta
1983 4608 2038 4648 et
2094 4608 2336 4650 centum.
2367 4619 2419 4677 ι)
2449 4610 2554 4653 tur.
2589 4600 2692 4663 Qui
2731 4599 2883 4651 fratri
2919 4598 3121 4651 dixerit
3152 4598 3322 4661 fatue,
3365 4608 3418 4652 et
3454 4613 3600 4660 raca,
3637 4616 3764 4655 reus
3792 4605 3898 4654 erit
3941 4619 4043 4669 ge-

763 4702 904 4754 l)icit
939 4698 1205 4753 Dominus
1250 4710 1265 4749 :
1304 4693 1403 4757 Qui
1454 4696 1735 4745 manducat
1766 4706 1937 4741 nteant
1988 4704 2201 4741 carnem
2228 4730 2241 4752 ,
2290 4700 2339 4741 et

766 4795 893 4847 bibit
926 4808 1098 4845 meum
1129 4788 1462 4853 sanguinem,
1492 4787 1546 4838 in
1592 4799 1670 4835 me
1707 4793 1899 4842 manet,
1945 4792 1991 4833 et
2040 4799 2129 4846 ego
2160 4783 2212 4834 in
2248 4782 2338 4834 illo

766 4886 952 4953 (Joan.
993 4900 1065 4945 Vl,
1100 4884 1210 4949 57).
1257 4878 1409 4932 Sicut
1460 4892 1589 4945 ergo
1640 4874 1759 4927 sine
1814 4873 1991 4940 aliqua
2038 4872 2339 4927 diﬂ‘erentia

765 4980 1027 5052 graduum
1056 4974 1309 5029 Christus
1342 4971 1393 5024 iu
1437 4968 1595 5022 nobis
1620 4975 1707 5021 est
1734 4983 1749 5031 ;
1786 4966 1859 5019 ita
1890 4974 1945 5018 et
1973 4981 2072 5019 nos
2098 4967 2150 5018 iu
2181 4965 2341 5018 Chri-

766 5082 848 5126 sto
879 5072 995 5123 siue
1029 5068 1283 5137 gradibus
1310 5078 1521 5117 sumus.
1555 5060 1741 5114 Omnis
1781 5062 1867 5129 qui
1896 5060 2072 5129 diligit
2102 5077 2201 5124 me,
2229 5076 2339 5112 ser-

762 5178 967 5214 monem
1006 5175 1173 5211 meum
1216 5154 1461 5216 servabit,
1496 5164 1540 5204 et
1574 5152 1737 5204 Pater
1774 5168 1916 5202 meus
1947 5152 2132 5217 diliget
2177 5166 2294 5201 eunt
2323 5189 2338 5214 ,

764 5264 812 5303 el
837 5249 1001 5319 356
1030 5249 1095 5299 ad
1123 5263 1237 5298 cum
1272 5245 1557 5303 vcnicntns,
1594 5250 1643 5293 et
1678 5242 2006 5292 mansionem
2054 5240 2193 5304 apud
2222 5256 2339 5290 cum

767 5345 1020 5413 faciemus
1064 5337 1242 5407 [10am
1282 5351 1391 5399 xiv,
1436 5334 1552 5402 23).
1592 5334 1695 5397 Qui
1750 5332 1935 5399 justus
1983 5342 2089 5396 est,
2125 5332 2337 5401 diligit:

840 5502 853 5531 ³
891 5498 1109 5551 Scilicet
1138 5495 1193 5546 in
1226 5492 1328 5547 hoc
1357 5489 1674 5559 Evangelio,
1704 5488 1819 5541 sive
1850 5488 2129 5554 Evangelii
2158 5504 2341 5541 excin-

766 5571 857 5641 plo
886 5578 1080 5619 :antea
1111 5565 1257 5617 enim
1295 5576 1575 5641 perperam
1608 5560 1887 5627 legebatur
1918 5560 1969 5641 in
1997 5561 2093 5610 hoc
2118 5575 2335 5641 numero

769 5630 867 5709 pro
897 5651 1190 5688 numerant.
1226 5632 1391 5709 Paulo
1424 5638 1541 5697 post
1571 5630 2060 5703 mss.,sm.e.a1jq,uu
2087 5630 2341 5694 iii/[ereu-

770 5704 846 5763 tt'a
884 5716 929 5758 et
963 5708 1213 5772 gradibus
1241 5704 1495 5759 Christus,
1523 5709 1629 5772 etc.

840 5784 859 5811 ³
896 5766 1035 5828 lnios
1067 5791 1193 5826 mss.
1229 5776 1351 5823 estis
1382 5780 1471 5821 :et
1502 5770 1656 5833 paulo
1688 5775 1807 5834 post
1834 5766 2211 5819 Cisterciettsis
2252 5770 2340 5833 qui

766 5849 1021 5915 rrepilurt
1054 5857 1174 5895 sunt
1224 5846 1274 5894 in
1332 5858 1433 5900 me,
1471 5850 1526 5915 et
1558 5853 1680 5889 cunt
1732 5836 2047 5893 Veroucusi.
2101 5849 2153 5886 ut
2202 5842 2336 5887 strnl

764 5910 877 5989 ego,
918 5918 1097 5983 l‘tttet‘,
1131 5918 1181 5968 in
1218 5924 1281 5977 te,
1317 5922 1361 5965 et
1407 5920 1458 5962 tu
1510 5910 1561 5961 in
1610 5923 1688 5961 nte
1737 5922 1893 5958 unum
1936 5922 2135 5969 sumus,
2202 5919 2331 5971 Clt'.‘

2446 4694 2659 4746 hennze.
2695 4694 2760 4746 Et
2787 4692 2877 4761 qui
2921 4690 3205 4744 homicida
3238 4690 3406 4744 fuerit
3433 4699 3487 4743 et
3519 4691 3754 4756 adulter,
3782 4695 4041 4749 mittetur

2444 4783 2699 4837 similiter
2726 4783 2779 4834 iu
2822 4783 3155 4848 gehennam.
3196 4780 3255 4833 In
3294 4781 3681 4849 perseeutione
3713 4783 3805 4848 qui
3841 4784 4042 4837 incen-

2444 4874 2612 4937 ditur,
2644 4874 2737 4943 qui
2776 4874 3103 4933 sullocatur,
3139 4872 3235 4941 qui
3281 4870 3606 4934 decollatur,
3643 4871 3995 4941 quitfttgertt
4023 4915 4039 4939 ,

2442 4966 2533 5033 qui
2558 4964 2614 5017 in
2642 4977 2860 5019 carcere
2888 4963 3135 5016 inclusus
3166 4961 3365 5015 abierit
3392 4980 3405 5015 :
3439 4963 3588 5014 varia
3613 4962 3836 5030 quidem
3870 4964 4043 5019 luctze

2444 5071 2644 5123 genera
2673 5096 2687 5119 ,
2731 5056 2823 5109 sed
2859 5071 2963 5107 uua
3012 5069 3215 5108 corona
3268 5054 3535 5107 victarum
3572 5063 3675 5106 est.
3712 5054 3863 5108 Inter
3901 5073 4033 5111 cum

2444 5148 2664 5201 fratrem
2684 5147 2775 5214 qui
2795 5161 3011 5213 semper
3027 5161 3148 5199 cum
3169 5156 3321 5213 patre
3343 5147 3537 5205 fuerat,
3560 5154 3614 5197 et
3636 5146 3728 5213 qui
3750 5162 3878 5200 eum
3902 5165 4037 5213 pos-

2445 5252 2531 5293 tea
2568 5250 2839 5307 ptBtttlellS
2860 5248 2942 5291 est
2965 5247 3240 5306 receptus,
3269 5236 3415 5289 nulla
3440 5237 3731 5291 diversitas
3756 5250 3858 5291 est.
3886 5240 4035 5307 Ope-

2446 5332 2600 5385 rariis
2645 5331 2831 5399 primm
2884 5331 3066 5393 horae,
3098 5340 3153 5382 et
3190 5330 3386 5390 tertite,
3411 5344 3465 5381 et
3497 5343 3687 5394 sextae,
3724 5342 3780 5384 et
3824 5348 3989 5386 ιιοιιίιι
4022 5376 4036 5396 ,

2443 5512 2564 5559 arma
2594 5492 2811 5555 quidem
2858 5491 3020 5543 lectio
3064 5490 3343 5555 antiquior
3394 5490 3552 5558 longe
3604 5491 3831 5544 videtur
3882 5509 4034 5553 esse.

2446 5569 2560 5616 sive
2607 5563 2807 5614 veteris
2864 5560 3067 5611 Latiuze
3122 5560 3617 5627 interpretationis,
3676 5580 3846 5629 quam
3912 5581 4036 5630 pra:

2444 5639 2618 5684 (N'tllls'
2674 5632 2903 5682 habebat
2939 5630 3285 5686 Josiuiauus,
3340 5633 3553 5681 tametsi
3596 5630 3790 5684 Graeco
3832 5638 4035 5687 arche-

2447 5718 2569 5767 tvpo
2604 5720 2704 5752 ttmt
2739 5701 3086 5766 respondeat.
3125 5700 3204 5749 Αιι
3232 5714 3356 5751 eum
3400 5704 3619 5752 modum
3656 5703 3858 5754 iterum
3892 5705 4033 5755 intra

2446 5774 2659 5837 legitur.
2695 5769 2808 5820 Vill.
2847 5784 2966 5837 pag.
2994 5770 3117 5827 573.
3148 5780 3259 5841 not.
3298 5768 3493 5841 ordine
3541 5774 3740 5837 prima.
3784 5770 4034 5841 Denique

2444 5844 2674 5893 «litanti
2709 5856 2793 5892 cos
2824 5855 2918 5905 pio
2960 5841 3113 5891 dilexi
3149 5840 3201 5891 ιιι
3234 5853 3365 5892 mss.
3404 5838 3705 5894 iuvetntur.
