4218 6448
185 414 289 477 329

1155 414 1551 478 ADVERSUS
1594 412 2078 476 JOVIN'IANUM
2133 414 2276 474 LIB.
2318 414 2403 474 ll.

3354 414 3458 474 331)

180 538 232 577 ει
264 526 615 591 “decium.
654 541 795 581 υιιιις
838 525 1098 582 denarius
1130 530 1408 598 aequaliter
1458 530 1709 584 redditur
1755 544 1769 583 ;
1804 539 1844 592 Α
1878 524 2137 578 scribitur
2168 526 2279 595 [ΑΙ.
2318 525 2662 598 ascribitttr].
2699 526 2800 578 Aut
2840 526 3132 578 retenteris
3179 523 3344 591 igitur
3389 526 3456 575 ad

180 631 233 672 et
259 634 374 686 quo
411 619 587 689 magis
620 621 926 685 admireris,
961 624 1029 675 ab
1057 621 1144 676 his
1193 623 1391 690 incipit
1435 622 1721 692 praemium
1753 663 1765 687 ,

180 713 270 782 qui
305 714 497 765 minus
526 714 580 765 in
614 715 770 768 vinea
799 714 1121 768 laborarunt
1150 713 1261 785 [AL
1294 714 1592 786 laborant].
1639 733 1657 765 ι

250 804 346 858 2|.
388 804 773 876 Hieronymus.
809 806 1137 861 Praedicatio
1167 806 1487 861 Antichristi
1528 823 1669 860 vera.
1704 838 1771 846 —

184 897 279 951 His
311 907 369 951 et
402 898 787 969 hujuscemodi
823 899 1127 953 divinarum
1162 899 1570 970 Scripturarum
1616 900 1771 953 testi-

182 989 410 1052 moniis,
438 1006 564 1058 quae
587 991 655 1043 ad
689 990 1104 1060 perversitatem
1137 994 1222 1045 sui
1252 989 1522 1061 dogmatis
1548 990 1776 1046 callidus

181 1083 497 1152 disputator
521 1084 771 1148 inclinat,
792 1083 918 1152 quis
953 1099 1059 1138 non
1107 1092 1349 1139 tentetur
1375 1082 1538 1138 etiam
1571 1084 1775 1139 electo-

183 1190 302 1230 rum
338 1175 481 1230 L‘ei?
520 1174 587 1229 Et
613 1174 759 1245 quod
792 1171 1031 1230 Joannes
1060 1174 1345 1245 apostolus
1399 1175 1772 1231 Antichristos

183 1267 313 1322 dicit
356 1268 581 1322 venisse
610 1268 809 1322 multos
838 1266 887 1335 (1
926 1265 1093 1320 Joan.
1132 1282 1194 1331 tt,
1224 1267 1336 1338 lS),
1377 1267 1493 1323 haec
1530 1283 1657 1323 vera
1694 1276 1778 1322 est

184 1362 525 1415 Antichristi
564 1361 902 1429 pradicatio,
944 1374 1063 1428 qua:
1114 1359 1256 1414 inter
1295 1360 1471 1429 ipsutn
1502 1358 1774 1416 Joannem

186 1463 238 1506 et
272 1454 537 1507 ultimum
566 1452 923 1521 pcenitentem
967 1453 1173 1506 nullam
1223 1452 1353 1508 facit
1397 1467 1521 1507 esse
1570 1452 1779 1507 distan-

185 1546 336 1599 tiam.
385 1547 681 1615 Simulque
719 1546 910 1607 miror,
946 1547 1220 1614 quomodo
1250 1559 1479 1614 serpens
1527 1544 1776 1601 lubricus

184 1649 235 1691 et
261 1637 501 1693 Proteus
543 1650 723 1693 noster
783 1642 836 1693 in
881 1642 1150 1693 variarum
1199 1653 1258 1693 se
1307 1648 1480 1693 mutet
1530 1649 1775 1709 portenta

184 1729 518 1783 formarum.
549 1728 655 1795 Qui
693 1732 841 1785 enim
890 1731 943 1784 in
992 1730 1141 1785 coitu
1178 1738 1232 1783 et
1266 1731 1556 1785 saturitate
1586 1730 1778 1799 Epicu-

186 1836 309 1873 reus
338 1830 450 1887 est,
484 1822 676 1878 subito
714 1823 769 1877 in
804 1822 1165 1877 retributione
1188 1824 1511 1878 meritorum
1550 1824 1774 1879 Stoicus

183 1912 440 1967 efﬁcitur.
504 1912 945 1986 Hierosolymam
1007 1916 1151 1971 Citio
1191 1918 1231 1981 ‘,
1283 1916 1528 1971 Iudaeam
1577 1916 1775 1989 Cypro,

182 2004 463 2059 Christum
510 2004 741 2060 Zenone
773 2017 1105 2063 commutat.
1143 2007 1200 2062 Si
1249 2023 1358 2062 non
1392 2010 1520 2064 licet
1547 2026 1575 2063 a
1606 2011 1778 2064 virtu-

185 2096 328 2150 tibus
362 2098 653 2164 paululum
700 2098 1003 2162 declinare.
1051 2110 1104 2154 ει
1152 2101 1336 2155 omnia
1388 2112 1609 2171 peccata
1650 2111 1779 2157 sunt

182 2188 351 2257 paria,
382 2189 752 2260 ejusdemque
779 2191 1026 2245 criminis
1058 2206 1202 2256 reus,
1234 2194 1326 2263 qui
1364 2209 1561 2264 panem
1590 2196 1610 2226 ’
1648 2207 1774 2249 esur-

184 2282 328 2335 rieiis
362 2283 727 2351 surripuerit.
765 2292 820 2336 et
874 2284 967 2352 qui
1024 2284 1302 2339 hominem
1356 2286 1623 2342 occiderit
1663 2306 1676 2343 :
1719 2297 1773 2342 tu

179 2388 399 2443 quoque
433 2375 807 2428 maximorum
840 2376 1111 2430 scelerum
1157 2391 1281 2431 reus
1316 2377 1523 2432 teneris
1553 2377 1664 2450 [ΑΙ.
1699 2388 1776 2433 te-

183 2464 453 2537 neteris].
506 2465 678 2522 Porro
728 2466 876 2522 aliud
923 2475 1026 2532 est,
1076 2469 1124 2523 si
1169 2478 1222 2522 te
1258 2469 1408 2524 dicas
1438 2486 1509 2525 ne
1549 2471 1772 2525 minima

185 2560 414 2628 quidem
446 2559 659 2614 habere
687 2571 934 2631 peccata,
972 2569 1027 2615 et
1056 2575 1181 2616 cum
1220 2577 1414 2619 omnes
1463 2564 1695 2634 apostoli
1721 2573 1774 2617 et

180 2652 519 2719 propheta,
580 2660 637 2705 et
685 2653 882 2717 sancti,
921 2654 1072 2722 juxta
1121 2653 1173 2708 id
1225 2656 1369 2724 quod
1423 2656 1479 2710 in
1528 2656 1771 2711 secunda

180 2742 571 2811 propositione
603 2743 859 2806 disserui,
895 2753 1207 2813 peccatores
1231 2762 1355 2802 esse
1385 2762 1445 2801 se
1477 2748 1769 2820 plangant,

178 2834 322 2887 solus
353 2834 427 2887 de
456 2834 679 2902 justitia
712 2835 996 2903 glorieris.
1045 2840 1185 2893 Ante
1230 2840 1381 2894 nudo
1410 2854 1531 2896 eras
1586 2844 1718 2911 pede
1752 2861 1767 2900 :

178 2926 339 2978 modo
396 2941 511 2980 non
567 2928 742 2980 solum
794 2928 1057 2993 calceato,
1097 2931 1193 2985 sed
1226 2941 1280 2985 et
1312 2943 1524 2988 ornato.
1563 2935 1717 2989 Tunc
1750 2937 1770 2967 ³

177 3030 307 3082 pexa
337 3020 536 3072 tunica
590 3030 645 3073 et
674 3021 827 3089 nigra
854 3020 1120 3075 subucula
1149 3023 1491 3089 vestiebaris,
1521 3027 1769 3080 sordida-

178 3118 282 3173 tus,
311 3108 492 3179 358
521 3118 578 3163 et
604 3110 861 3180 pallidus,
897 3120 952 3167 et
978 3112 1232 3168 eallosam
1286 3130 1451 3185 opere
1498 3119 1767 3186 gestitans

1877 613 2162 681 antiquum
2201 616 2561 684 propOsitum,
2599 627 2655 670 ut
2682 616 2798 670 ovis
2828 618 3005 685 possis
3028 630 3148 669 esse
3173 615 3241 668 ad
3266 615 3455 669 dexte-

1877 721 1990 759 ram
2023 714 2151 758 :aut
2183 706 2227 758 si
2260 707 2495 775 priorem
2525 709 2854 762 sententiam
2886 721 3144 777 perversa
3181 708 3446 776 pmniten-

1878 796 1951 851 tia
2007 798 2363 851 contmutaris
2422 797 2609 855 :vclis
2657 798 2822 864 ηυιὶς,
2868 812 3182 869 quanquam
3234 798 3457 853 barbam

1876 889 2100 951 raseris,
2136 888 2276 944 inter
2311 890 2496 945 hircos
2536 891 2931 947 nunicraberis.

1949 982 2040 1036 22.
2069 982 2494 1051 Ρνοροείιὶοηιιηι
2520 983 2795 1038 Joviniani
2817 988 2998 1041 series.
3023 991 3088 1042 In
3117 986 3315 1041 scholis
3333 989 3458 1057 quid

1881 1081 2172 1132 cantabant
2219 1080 2388 1146 pueri.
2422 1109 2492 1119 —
2528 1077 2892 1149 \‘erumquid
2943 1083 3161 1150 prodest
3191 1084 3404 1139 luscum
3440 1087 3461 1116 ⁸

1880 1187 2078 1227 vocare
2110 1173 2345 1239 luscum,
2395 1187 2448 1230 et
2502 1176 2844 1231 accusatoris
2887 1173 3085 1231 docere
3144 1178 3463 1234 inconstan-

1882 1264 2031 1330 tiam,
2067 1282 2189 1321 cum
2223 1270 2661 1338 propositionum
2694 1270 2865 1325 series
2892 1270 3147 1325 diluenda
3187 1272 3289 1327 sit?
3321 1276 3464 1329 Oves

1886 1367 1937 1413 et
1973 1358 2157 1414 haedos
2201 1376 2230 1413 a
2268 1360 2487 1414 dextera
2526 1370 2581 1415 et
2630 1361 2871 1425 sinistra,
2925 1363 3064 1418 duos
3108 1363 3380 1432 iustorum
3409 1380 3460 1421 et

1882 1462 2230 1520 peccatorum
2265 1467 2385 1505 esse
2416 1452 2638 1507 ordines
2695 1471 2805 1508 non
2864 1473 3150 1527 negamus.
3198 1460 3464 1513 Arborem

1880 1542 2076 1596 bonam
2110 1542 2320 1597 fructus
2345 1545 2515 1598 malos
2550 1563 2656 1601 non
2685 1546 2886 1613 facere,
2920 1564 3018 1604 nec
3042 1551 3237 1604 malum
3268 1552 3462 1619 bonos,

1880 1634 2015 1688 nulli
2047 1636 2278 1689 dubium
2310 1648 2412 1691 cst.
2450 1637 2642 1693 Decem
2676 1656 2898 1711 quoque
2922 1643 3160 1714 virgines
3185 1645 3464 1713 sapienti-3

1882 1736 1936 1780 et
1966 1728 2178 1791 stultas,
2210 1730 2262 1781 in
2295 1728 2471 1783 bonas
2504 1735 2778 1801 malasque
2812 1734 3140 1790 dividimus.
3174 1739 3230 1790 ln
3260 1738 3463 1791 diluvio

1882 1819 2141 1875 liberatos
2172 1821 2349 1890 justus
2377 1862 2391 1888 ,
2436 1834 2491 1877 et
2522 1833 2841 1893 peccatores
2873 1829 3028 1896 aquis
3060 1831 3310 1897 obrutos,
3348 1848 3460 1886 non

1881 1908 2200 1979 ignoramus
2228 1912 2342 1981 [.ll.
2384 1928 2491 1967 non
2522 1915 2832 1987 negamus].
2866 1916 2920 1970 ln
2956 1915 3195 1971 Sodoma
3259 1928 3314 1973 et
3352 1918 3461 1973 Go-

1883 2001 2103 2055 morrba
2134 2016 2383 2073 ereptum
2434 2005 2668 2074 justum,
2720 2019 2774 2060 et
2827 2008 3021 2079 impios
3054 2009 3177 2080 igne
3207 2025 3462 2065 consum—

1880 2103 2019 2162 ptos,
2056 2096 2312 2148 omnibus
2342 2096 2690 2166 perspicuum
2724 2107 2827 2152 est.
2857 2100 3055 2155 Decem
3088 2117 3305 2173 quoque
3343 2106 3459 2172 pla-

1878 2185 1957 2254 gis
1998 2201 2314 2254 percussam
2354 2185 2675 2257 Egyptnm,
2707 2201 2762 2244 et
2792 2191 2958 2246 Israel
2993 2193 3161 2249 fuisse
3196 2197 3455 2265 sospiti-nt

1877 2279 2152 2333 novimus.
2198 2277 2255 2331 ln
2287 2280 2419 2333 mari
2472 2281 2658 2335 llubro
2698 2284 2961 2339 transisse
2997 2286 3199 2355 justus,
3234 2299 3289 2342 et
3316 2289 3459 2341 l’lia-

1878 2384 2100 2424 raonem
2150 2386 2272 2425 cum
2328 2388 2428 2426 suo
2482 2376 2728 2429 exercitu
2782 2377 3123 2442 demersum,
3182 2380 3348 2433 etiam
3405 2382 3457 2435 in

1876 2463 2082 2517 scholis
2120 2476 2343 2519 cantant
2377 2470 2606 2535 parvuli.
2646 2467 2913 2523 Sescenta
2956 2471 3126 2525 millia
3156 2473 3211 2526 in
3239 2476 3461 2528 deserto

1876 2555 2162 2622 cecidisse,
2192 2558 2318 2627 quia
2367 2558 2636 2614 increduli
2672 2560 2915 2627 fuerint,
2955 2574 3008 2618 et
3057 2566 3195 2621 duos
3239 2576 3455 2625 tantum

1879 2656 2077 2701 terram
2110 2649 2555 2716 repromissionis
2589 2650 2845 2717 intrasse,
2888 2652 3190 2723 Scriptura:
3215 2658 3411 2711 docent
3437 2699 3452 2723 ,

1874 2748 1928 2792 et
1951 2739 2118 2809 359
2144 2742 2371 2809 reliqua,
2405 2758 2523 2811 qua:
2558 2759 2728 2812 usque
2753 2748 2816 2798 ad
2850 2748 3134 2812 onerarias
3162 2750 3332 2805 vinea:
3356 2791 3369 2814 ,
3398 2752 3452 2805 in

1872 2832 2009 2886 duos
2028 2833 2295 2889 bonorum
2321 2836 2662 2889 etmalorum
2701 2840 2923 2894 ordines
2953 2840 3310 2911 descripsisti.
3342 2846 3450 2899 Sed

1872 2923 2032 2990 quale
2062 2933 2167 2990 est,
2202 2935 2259 2978 ut
2284 2928 2409 2994 quia
2446 2928 2588 2982 inter
2630 2928 2801 2983 bonos
2828 2942 2881 2985 et
2906 2936 3078 2989 malos
3111 2936 3309 2991 divisio
3340 2950 3447 3002 est,

1874 3024 1929 3067 tu
1957 3030 2171 3071 asseras
2207 3018 2348 3071 inter
2370 3021 2523 3089 ipsos
2548 3022 2745 3089 bonos,
2775 3026 2855 3078 vel
2884 3041 2913 3079 e
2944 3032 3221 3085 contrario
3253 3033 3446 3097 malos,

1875 3106 2075 3160 nullam
2112 3124 2230 3163 esse
2257 3111 2596 3180 distantiam,
2635 3116 2884 3187 nihilque
2910 3123 3141 3186 referre,
3174 3135 3351 3178 utrum
3390 3128 3443 3181 in

175 3214 405 3253 manum
435 3216 451 3266 ;
488 3216 639 3255 nunc
670 3200 831 3255 lineis
880 3210 934 3256 et
983 3203 1174 3259 sericis
1204 3206 1470 3269 vestibus,
1513 3216 1565 3261 et
1608 3209 1765 3261 Atre-
1795 3230 1835 3285 ρ
1870 3214 2066 3267 pecore
2090 3202 2289 3270 aliquis
2329 3205 2471 3259 aries
2503 3206 2575 3261 sit
2606 3224 2673 3262 an
2696 3212 2963 3265 '0vicula?
2996 3213 3184 3268 Utrum
3217 3218 3449 3286 primam

173 3290 361 3345 batum
394 3290 515 3365 [ΑΙ.
550 3293 961 3366 Atrebatarum]
994 3309 1056 3350 ac
1090 3295 1377 3352 Laodiceae
1419 3298 1768 3353 indumentis

172 3394 405 3438 ornatus
458 3385 696 3439 incedis.
733 3383 950 3441 Rubent
998 3386 1203 3452 buccae,
1234 3390 1372 3443 nitet
1409 3391 1573 3455 cutis,
1599 3406 1769 3445 comic

172 3475 229 3528 in
279 3475 615 3544 occipitium
674 3476 1021 3546 frontemque
1061 3489 1351 3534 tornantur
1384 3497 1399 3537 :
1427 3492 1719 3551 protensus
1747 3483 1768 3513 ⁸

172 3577 255 3619 est
302 3567 679 3635 aqualiculus,
718 3568 1008 3637 insurgunt
1045 3570 1281 3637 humeri,
1334 3581 1512 3643 turget
1558 3583 1763 3644 guttur,

171 3673 223 3712 et
258 3661 331 3714 de
372 3659 565 3715 obesis
607 3659 856 3713 faucibus
884 3660 975 3712 vix
1009 3661 1271 3716 sull'ucata
1303 3664 1468 3717 verba
1496 3680 1765 3733 promun-

171 3762 282 3805 tur.
318 3750 489 3804 Certe
544 3750 597 3803 in
654 3757 799 3802 tanta
833 3750 1152 3803 diversitate
1198 3751 1374 3804 victus
1411 3763 1464 3805 et
1503 3755 1763 3815 vestitus,

171 3856 406 3897 necesse
439 3850 548 3904 est,
584 3853 679 3893 aut
728 3842 838 3905 hic,
890 3850 982 3894 aut
1026 3842 1101 3896 ibi
1137 3856 1258 3897 esse
1303 3852 1608 3912 peccatum.
1641 3844 1761 3898 Non

171 3933 317 4002 quod
350 3942 648 4001 peccatum
697 3932 752 3985 in
799 3933 924 3987 cibo
959 3942 1053 3987 aut
1097 3934 1151 3986 in
1189 3936 1431 3989 vestibus
1462 3950 1702 3989 asseram
1743 3953 1757 3989 :

170 4026 270 4077 sed
299 4024 455 4093 quod
492 4025 729 4077 varietas
788 4031 842 4076 et
886 4026 1242 4079 commutatio
1314 4026 1367 4079 in
1403 4026 1643 4080 deterius
1673 4042 1761 4081 re-

176 4113 545 4183 prehensioni
580 4114 827 4181 proxima
857 4112 947 4166 sit.
990 4112 1148 4179 Quod
1193 4122 1376 4169 autem
1408 4118 1762 4186 reprehendi-

175 4216 289 4269 tur,
322 4221 352 4257 a
395 4204 606 4258 virtute
659 4204 851 4273 procul
882 4215 969 4260 est
1014 4221 1026 4256 :
1061 4206 1210 4276 quod
1263 4223 1292 4261 a
1339 4208 1539 4263 virtute
1570 4208 1762 4278 procul

174 4306 278 4359 est,
316 4294 458 4347 vitio
512 4294 859 4363 mancipatur
910 4308 928 4349 :
982 4299 1125 4365 quod
1175 4297 1431 4352 vitiosum
1486 4299 1757 4369 arguitur,

172 4382 404 4454 peccato
452 4385 725 4453 jungitur.
772 4385 926 4451 Quod
964 4399 1247 4457 peccatum
1297 4399 1381 4444 est
1425 4390 1578 4461 juxta
1615 4402 1760 4445 tuam

171 4477 510 4533 sententiam
545 4475 601 4529 in
633 4477 854 4533 sinistra
882 4491 1062 4551 parte,
1093 4492 1147 4538 et
1171 4483 1450 4539 hircorum
1482 4500 1642 4556 grege
1668 4486 1759 4539 de-

246 4675 261 4703 ’
290 4671 369 4726 Ex
402 4673 552 4752 Citio
582 4678 729 4752 enim
759 4680 891 4735 urbe
922 4681 975 4735 in
1004 4681 1165 4752 Cypri
1199 4683 1374 4740 insula
1398 4685 1579 4741 Zenon
1613 4688 1757 4744 Stoi-

171 4757 367 4824 corum
408 4748 812 4824 princeps__fuit
849 4768 864 4816 ;
900 4748 1311 4817 unde'Kzstab;
1351 4756 1431 4809 vel
1489 4759 1753 4824 Κιττιεὺς

172 4814 388 4891 limine,
431 4814 624 4891 Latine
651 4814 882 4875 Cittieus
913 4824 1240 4890 appellatur.
1268 4814 1382 4880 \tid.
1411 4814 1751 4891 Quazstiunes

175 4882 226 4933 in
246 4882 529 4962 lienes-im
564 4900 683 4955 cap.
718 4905 745 4941 χ
773 4898 834 4962 et
867 4892 920 4944 in
946 4882 1148 4947 Jerem.
1183 4909 1302 4962 cap.
1330 4912 1390 4949 ιι.

242 4956 261 4984 ¹
290 4951 659 5041 uerissimam
701 4959 908 5041 culpam
936 4951 1263 5041 gravissimo
1294 4964 1495 5041 delicto
1524 4983 1750 5041 compa-

172 5032 273 5097 rat.
304 5024 516 5100 Contra
552 5024 812 5082 haetenus
836 5024 1070 5111 obti'nuit
1097 5033 1151 5111 in
1176 5035 1335 5111 editis
1368 5037 1524 5093 libris
1550 5048 1606 5094 et

173 5093 359 5159 risque
374 5095 546 5146 etiam
569 5114 697 5177 niss.
723 5100 1041 5167 gravissima
1063 5101 1384 5173 alteriazqne.
1413 5093 1747 5177 gravissima:

174 5170 546 5237 conterretur.
586 5166 709 5219 Erat
734 5166 939 5248 nempe
966 5186 1154 5248 panem
1187 5166 1442 5229 esurienti
1477 5166 1745 5248 surripuc;

176 5232 239 5320 lrit
272 5248 291 5282 :
316 5241 371 5283 et
406 5248 623 5315 partem.
650 5232 911 5320 esurienti
956 5232 1232 5311 surripere
1268 5246 1408 5320 idem
1461 5250 1532 5302 sit
1585 5232 1744 5320 alque

174 5300 459 5382 boiiiinetn
510 5307 794 5382 occidere;
845 5326 965 5362 nam
1002 5300 1283 5382 etia'mqui
1335 5300 1740 5377 esurienti-"ima

170 5372 405 5429 di‘dcrll,
429 5375 678 5449 occidit;
713 5393 1013 5452 notumque
1060 5372 1303 5437 illud'ex
1337 5372 1741 5452 AtnbrosiOiSi

171 5455 271 5491 non
310 5446 529 5530 patiar,
575 5450 833 5524 occidisti.
890 5446 933 5501 la
958 5464 1237 5528 contrario
1270 5458 1311 5530 si
1330 5462 1591 5530 esuriens
1630 5446 1742 5530 ipse

168 5523 453 5597 surrlphtl,
504 5517 779 5569 levissLne
821 5524 1063 5575 omnium
1121 5526 1364 5590 peccabit
1400 5543 1412 5591 ;
1448 5528 1607 5597 idqtte
1649 5517 1741 5585 ὀξέι

168 5594 306 5641 quoi
344 5582 716 5658 Ureret-vinus
748 5592 1000 5643 conterre
1031 5582 1283 5658 intendit,
1314 5605 1367 5647 et
1393 5582 1606 5654 conti-rt
1648 5582 1736 5655 re:

170 5664 299 5728 tera
322 5657 373 5702 in
406 5653 707 5728 feruiiensi
737 5675 837 5711 nis.
863 5676 925 5711 ex
949 5679 1055 5728 quo
1082 5653 1734 5723 locum-emaculavimus.

239 5723 260 5752 ⁵
285 5723 362 5774 hx
400 5725 631 5777 Horatio
658 5728 855 5788 lmnsrt,
890 5732 947 5783 Si
969 5723 1104 5798 forte
1132 5737 1381 5788 subucula
1420 5754 1564 5803 pcata
1596 5740 1737 5795 Trita

167 5804 332 5845 saeui
359 5806 605 5869 tuna-aa.
645 5805 716 5856 at,
740 5812 891 5864 puto,
919 5806 1145 5856 multum
1177 5808 1389 5859 tzitet'so
1421 5825 1603 5869 sensu.
1634 5815 1733 5865 ιιιςὶ

169 5882 211 5917 si
248 5871 333 5917 hic
370 5871 518 5932 apud
565 5866 945 5934 literonjnium
976 5890 1180 5941 l:t!]):?£d
1215 5879 1282 5931 sit
1316 5876 1394 5948 ἰδέ
1420 5866 1601 5933 stiti-iui
1637 5899 1733 5951 pro

494 5962 764 6019 Ρδτειω..
816 5964 1035 6024 λλιξὲ.

1874 3292 2048 3346 lanam
2076 3293 2334 3361 habeant,
2357 3312 2424 3351 an
2447 3301 2743 3357 secundam
2769 3304 2789 3356 ’ἒ
2824 3302 3014 3360 Utrum
3042 3309 3327 3365 scabidnm
3354 3329 3451 3383 pe-

1871 3400 1967 3436 cus
2032 3385 2101 3439 sit
2136 3396 2188 3442 et
2216 3390 2545 3457 morbidum,
2600 3411 2667 3447 an
2733 3408 2981 3468 vegetum
3023 3411 3185 3471 atque
3239 3409 3451 3459 sussul-

1872 3477 2037 3529 tans?
2084 3480 2318 3535 maxime
2364 3497 2487 3537 eum
2543 3484 2792 3543 Ezechiel
2827 3506 2957 3546 OVlS
2990 3496 3368 3561 rationabiles,
3396 3508 3450 3551 et

1870 3567 2247 3625 diversitatem
2283 3574 2424 3629 inter
2458 3592 2625 3647 pecus
2656 3590 2711 3635 ct
2754 3599 2945 3651 pecus,
2992 3604 3103 3642 sua:
3152 3591 3453 3659 prophetiae

1870 3663 2196 3717 auctoritate
2258 3666 2635 3739 demoastret,
2697 3676 2886 3730 dicens
2956 3697 2968 3733 :
3035 3680 3167 3735 Ecce
3221 3700 3313 3753 rgo
3359 3686 3452 3753 ju-

1869 3750 2019 3805 dico“
2056 3755 2196 3808 inter
2236 3773 2389 3825 pecus
2414 3771 2462 3814 et
2500 3780 2675 3831 pecus,
2704 3778 2751 3820 ct
2790 3770 2923 3822 inttr
2954 3773 3146 3826 arietes
3176 3787 3221 3826 et
3254 3777 3447 3839 hircos,

1867 3853 1915 3896 ct
1947 3844 2084 3898 inter
2112 3862 2268 3912 pecus
2296 3854 2491 3920 pingue
2520 3865 2568 3907 el
2620 3860 2984 3915 macilentam.
3037 3864 3145 3918 l’ro
3193 3883 3252 3920 eo
3307 3872 3448 3938 quod

1866 3933 2121 3987 lateribus
2147 3945 2194 3987 et
2218 3940 2456 3993 [intueris
2485 3944 2879 4015 impingebatis,
2909 3964 2955 4003 et
2980 3957 3231 4009 cornibus
3265 3933 3449 4014 vestris

1866 4024 2205 4079 ventilaba:is
2255 4034 2435 4084 omnia
2482 4036 2697 4103 inﬁrma
2737 4055 2948 4106 pecora,
2984 4046 3149 4099 donec
3182 4048 3448 4118 disperge-

1867 4126 2051 4167 rentur
2083 4115 2305 4186 (Eaecli.
2344 4138 2528 4187 xntv,
2568 4128 2653 4191 l7,
2683 4130 2773 4194 ΞΟ,
2805 4132 2919 4201 21).
2979 4136 3041 4188 Et
3074 4148 3132 4190 ut
3183 4115 3445 4197 sciri-nius

1866 4221 1988 4275 quae
2039 4208 2142 4263 ista
2194 4212 2305 4267 sint
2366 4212 2479 4285 [ΑΙ.
2511 4219 2660 4291 sunt]
2706 4237 2926 4291 pecora,
2981 4233 3166 4283 statim
3204 4235 3387 4287 intulit
3426 4254 3439 4291 :

1883 4297 1979 4353 Vos
2013 4312 2209 4368 autent,
2241 4321 2419 4376 greges
2451 4312 2612 4375 mei",
2647 4329 2759 4368 ores
2790 4334 3000 4383 pascua:
3027 4339 3174 4387 mew,
3204 4326 3437 4381 homines

1864 4394 1988 4445 estis
2023 4393 2184 4463 (Ibid.
2218 4399 2330 4460 3i).
2394 4400 2638 4473 ldipsum
2674 4422 2805 4477 ergo
2834 4415 2938 4465 erit
2992 4414 3220 4484 Paulus,
3249 4431 3304 4473 et
3349 4422 3440 4477 ille

1865 4488 2155 4556 pwnitens,
2186 4496 2278 4560 qui
2311 4508 2436 4549 cum
2466 4500 2642 4566 patris
2677 4518 2841 4559 uxore
2876 4506 3197 4576 dormierat,
3226 4513 3352 4582 quia
3383 4516 3437 4568 in

1869 4702 2041 4783 pexa,-
2078 4706 2201 4743 nam
2240 4709 2377 4783 pexa
2428 4698 2609 4783 tunir_a
2661 4718 2761 4783 pro
2818 4720 2957 4783 nova
2991 4719 3043 4764 et
3089 4712 3344 4783 eleganti,
3382 4728 3437 4771 et

1868 4766 2105 4855 pretiosa
2160 4766 2512 4855 accipitur}
2559 4766 2773 4855 [fallitis
2830 4766 3436 4855 scriptoribus”,fiatque

1864 4842 1982 4925 ipso
2013 4835 2281 4925 inprimis
2309 4835 2835 4925 ll'qrntio..l"ortasse
2864 4835 3043 4925 aut'eni
3068 4835 3432 4925 llieronj'nlns

1862 4906 2259 4995 ξ’ἒῗθίὲηῗῗξᾷενῖο
2282 4906 2500 4995 fimi“),
2538 4912 2651 4965 δῖνα
2680 4930 2798 4995 Et"?
2832 4920 2968 4983 1ch
3003 4906 3432 4995 «cumcum:

1861 4964 1961 5050 los.
1994 4964 2173 5050 {irasci—
2197 4988 2316 5050 eam
2361 4964 2562 5033 vestem
2597 4964 2904 5050 μαὶῐιῐτὶςν

1862 5039 1971 5123 tius
2004 5040 2055 5091 in
2089 5039 2244 5120 Hym.
2280 5043 2500 5123 .linpAema
2533 5039 2669 5105 villis
2699 5057 2839 5123 virgo
2868 5039 3202 5118 bestialibus.—

1857 5116 2295 5228 Eleasuperiori
2349 5116 2465 5185 lib.,
2531 5139 2680 5176 num.
2727 5116 2814 5189 46,
2872 5134 3143 5184 sordidam
3179 5116 3430 5190 tunicam

1905 5193 1973 5228 ixi
2010 5218 2023 5228 .

1905 5191 2023 5233 lel.

1929 5247 1947 5277 ⁸
1975 5247 2206 5306 Gravius
2235 5254 2413 5309 mallet
2440 5275 2731 5326 prapensus
2765 5281 2828 5319 ex
2860 5267 2948 5321 illo
2982 5267 3151 5326 Persii
3189 5289 3201 5324 :

1947 5363 2152 5425 Pinguis
2172 5369 2473 5429 aqualiculus
2508 5386 2755 5437 propenso
2783 5384 3092 5446 sesquipede
3121 5396 3285 5437 exstat

1928 5465 1945 5494 ’
1980 5463 2181 5520 lterum
2213 5485 2272 5522 ex
2305 5470 2497 5527 Persio
2536 5474 2715 5532 Satira
2755 5498 2767 5535 ι
2810 5500 2824 5535 :

1944 5591 2013 5605 ...
2039 5594 2050 5605 .
2070 5595 2081 5607 .
2103 5596 2113 5605 .
2133 5594 2174 5606 ..
2204 5560 2267 5609 lit
2291 5562 2429 5612 lusco
2462 5568 2544 5627 qui
2576 5572 2727 5631 possit
2754 5575 2923 5623 dicere
2948 5579 3152 5628 luscum.

1848 5734 1875 5786 δ
1920 5664 2129 5749 ‘lideni
2186 5685 2345 5741 mss.,
2396 5692 2511 5731 ecce
2561 5697 2651 5747 rgo
2685 5681 2942 5749 ⁸ίιιιιὶαιὺο
2989 5688 3141 5755 juxta
3174 5690 3419 5747 Gra‘cuin

1883 5752 2132 5786 ιακοινω.

1883 5752 2132 5804 ιακρινω.

1920 5828 1939 5857 ⁷
1982 5828 2315 5924 Veronensis
2367 5855 2546 5915 greges
2591 5845 2712 5924 mei,
2747 5864 2922 5916 greges
2983 5870 3191 5921 pascua:
3243 5870 3418 5924 ntere;

1845 5904 1897 5950 et
1926 5900 2088 5967 paulo
2121 5914 2265 5972 post,
2291 5900 2411 5976 quia
2444 5900 2600 5966 s'emcl
2624 5932 2658 5969 a
2694 5900 2915 5972 acini;
2938 5900 3031 5976 carl.

2915 6013 2978 6074 11
