4218 6452
756 424 850 492 331

1903 423 1968 483 S.
2013 416 2326 482 EUSEBII
2372 409 2810 476 IIIEllONYMI

3886 389 3991 453 339

752 541 1051 595 Ecclesiam
1078 550 1198 609 post
1234 539 1607 613 paenitentiam
1642 546 1895 608 receptus
1923 546 2007 592 est
2046 552 2061 592 :
2098 545 2152 590 et
2184 533 2312 604 quia
2341 532 2391 594 Α
2419 529 2505 583 Sic
2529 544 2646 591 nos,
2672 525 2868 594 inquit,
2924 520 3184 575 existimet
3215 516 3322 589 [AL
3352 515 3574 571 a‘stitnet
3609 510 3802 583 )hcmo
3830 508 3989 576 quasi

750 634 913 689 simul
948 647 977 686 a
1004 632 1216 689 dextris
1246 644 1349 696 est,
1386 634 1436 686 in
1483 631 1671 687 eadem
1707 647 1828 685 cum
1862 628 2119 700 Apostolo
2150 628 2313 682 clari-

750 734 859 780 tate
891 722 1164 792 fulgebit?
1198 724 1261 778 Et
1297 723 1572 793 quomodo
1606 723 1657 777 in
1692 737 1798 776 uno
1830 722 2000 792 agello
2035 734 2209 787 usque
2243 716 2311 770 ad

748 832 985 872 messem
1028 817 1079 871 in
1109 814 1218 889 [ΑΙ.
1256 824 1307 870 et
1337 814 1353 886 ]
1389 815 1918 869 consummationem
1954 810 2139 865 mundi
2171 812 2313 864 ziza-

748 912 838 966 nia
871 914 1076 981 pariter
1101 912 1481 977 lrurneutaque
1511 906 1913 962 succrescuut?
1965 908 2081 971 Qua
2121 920 2317 960 conse-

747 1009 969 1074 quentia
1016 999 1191 1073 pisces
1241 1004 1370 1059 boni
1421 1013 1474 1059 et
1521 1004 1645 1058 mali
1691 1016 1890 1071 sagena
1950 1000 2066 1073 [ΑΙ.
2100 998 2314 1070 sagitta]

748 1100 953 1155 Christi
983 1108 1033 1153 et
1068 1099 1170 1151 reti
1220 1098 1539 1168 evangelico
1569 1094 1975 1150 continentur?
2011 1095 2122 1148 (iur
2151 1095 2202 1147 in
2237 1104 2317 1164 ty-

750 1211 819 1265 po
851 1193 1129 1258 Ecolesiae,
1160 1193 1211 1247 in
1242 1207 1369 1247 arca
1400 1191 1534 1255 Noe,
1566 1189 1779 1244 diversa
1819 1188 2097 1250 animalia,
2133 1198 2183 1240 et
2218 1200 2317 1256 pro

751 1290 1011 1359 qualitate
1045 1289 1393 1351 meritorum,
1418 1285 1644 1339 diversa:
1668 1291 1796 1337 sunt
1826 1282 2142 1336 mansiones
2166 1280 2319 1336 iCur

753 1383 926 1437 astitit
955 1383 1138 1452 regina
1170 1396 1199 1433 a
1231 1380 1437 1435 dextris
1464 1378 1674 1433 Domini
1712 1376 1821 1449 [ΑΙ.
1851 1377 1957 1430 tuis
1990 1374 2008 1447 ]
2045 1375 2097 1429 in
2121 1374 2317 1430 vestitu

753 1478 1041 1537 deaurato,
1098 1471 1439 1528 circumdata
1490 1469 1801 1525 varietate?
1845 1469 1955 1523 Cur
2012 1467 2211 1537 Josepb
2265 1467 2318 1520 in

758 1565 929 1621 forma
965 1564 1193 1618 Cln'isti‘
1220 1564 1428 1616 variam
1465 1562 1659 1616 habuit
1691 1561 1934 1614 tunicam
1972 1560 1995 1612 ?
2025 1557 2134 1613 Cur
2182 1560 2325 1627 Apo-

754 1660 928 1712 stolus
998 1658 1238 1727 loquitur
1296 1656 1363 1711 ad
1423 1654 1702 1710 Romanos
1772 1668 1785 1709 :
1844 1652 2137 1721 Unicuique
2187 1654 2322 1706 sicut

760 1753 897 1805 Deus
934 1750 947 1780 ¹
983 1751 1160 1803 divisit
1208 1764 1511 1803 mensuram
1553 1748 1675 1817 fidei
1707 1749 1731 1800 1’
1761 1746 1911 1802 Sicut
1960 1747 2095 1798 enim
2129 1746 2181 1798 in
2220 1761 2323 1797 uno

756 1859 970 1911 corpore
1002 1844 1171 1895 multa
1202 1843 1429 1895 membra
1458 1841 1731 1900 habemus,
1753 1841 1929 1891 omnia
1948 1845 2121 1891 autem
2155 1853 2323 1890 mem-

755 1942 851 1993 bra
902 1956 1005 1994 non
1052 1940 1287 1992 eumdem
1314 1943 1500 1988 'actum
1551 1934 1742 1986 [tabent
1780 1949 1796 1987 :
1834 1935 1908 1985 ita
1950 1933 2101 1985 multi
2160 1949 2321 1985 unum

757 2047 944 2099 corpus
975 2046 1155 2084 sumus
1209 2029 1261 2081 in
1296 2026 1530 2089 Christo,
1561 2026 1758 2095 singuli
1813 2036 1986 2077 autem
2022 2025 2156 2078 alter
2195 2026 2324 2078 alte-

757 2127 871 2179 rius
905 2123 1152 2177 membra.
1180 2121 1445 2175 Habentes
1477 2128 1653 2172 autem
1688 2119 2000 2171 donationes
2036 2117 2323 2170 secundant

756 2218 1012 2288 gratiam,
1046 2230 1163 2285 qua:
1191 2212 1320 2265 data
1362 2221 1437 2266 est
1492 2211 1663 2272 nobis,
1698 2209 2021 2277 cli/ferentes,
2065 2212 2171 2262 sive
2203 2224 2327 2277 pro-

756 2307 987 2376 phetiam
1009 2303 1294 2358 secundant
1319 2317 1621 2355 mensuram
1646 2300 1793 2369 fidei,
1830 2300 1934 2354 sive
1969 2299 2325 2351 ministerium

757 2405 813 2455 in
842 2400 1212 2460 ministrando,
1235 2398 1336 2450 sive
1355 2397 1443 2465 qui
1474 2395 1623 2448 docet
1650 2395 1704 2446 in
1736 2394 2000 2453 doctrina,
2024 2392 2111 2461 qui
2136 2391 2327 2447 ea‘hor-

758 2501 904 2545 tatur
940 2491 995 2543 in
1027 2489 1371 2554 exhortando,
1410 2488 1499 2557 qui
1532 2485 1717 2539 tribuit
1745 2486 1799 2538 in
1838 2486 2204 2553 simplicitate,
2238 2486 2327 2552 qui

756 2591 946 2651 prwest
968 2583 1022 2636 in
1039 2579 1418 2644 sollicitudine,
1440 2588 1492 2632 et
1516 2578 1720 2648 reliqua
1752 2576 1927 2646 (Rom.
1954 2591 2047 2639 ιιι,
2079 2575 2112 2628 3
2138 2576 2325 2645 seqq.).

758 2678 826 2732 Et
848 2678 901 2731 in
934 2676 1039 2731 alio
1068 2676 1224 2729 loco:
1255 2672 1410 2727 Alius
1434 2670 1645 2740 judicat
1665 2670 1801 2723 diem
1825 2669 1941 2737 plus
1974 2686 2135 2739 quam
2162 2672 2325 2736 diem,

760 2772 901 2826 alius
928 2769 1138 2838 judicat
1174 2781 1378 2821 omnem
1398 2763 1557 2817 diem.
1587 2762 1951 2831 Unusquisque
1974 2762 2027 2814 in
2050 2778 2145 2816 suo
2170 2778 2327 2816 sensu

760 2866 988 2918 abundet
1053 2861 1230 2929 (Rom.
1291 2874 1399 2923 xlv,
1460 2857 1539 2922 5).
1573 2856 1634 2912 Et
1669 2857 1735 2911 ad
1795 2858 2158 2911 Corinthios:
2214 2854 2326 2927 Ego

757 2956 1014 3027 plantavi,
1050 2953 1214 3025 330
1247 2952 1431 3020 Apollo
1473 2951 1685 3021 rigavit,
1726 2949 1819 3002 sed
1855 2947 1994 3001 Deus
2039 2950 2329 3002 incremen-

762 3060 872 3103 tum
924 3048 1089 3102 dedit.
1144 3045 1333 3114 Itaque
1374 3059 1535 3112 neque
1570 3041 1664 3111 qui
1718 3040 1927 3110 plantat
1972 3049 2050 3093 est
2095 3039 2325 3109 aliquid,

762 3158 924 3212 neque
956 3141 1045 3207 qui
1079 3139 1244 3209 rigat,
1269 3136 1358 3190 sed
1393 3136 1480 3204 qui
1509 3136 1882 3187 incrementum
1908 3130 2002 3185 dat
2037 3130 2196 3185 Deus.
2221 3131 2329 3197 Qui

761 3235 969 3305 plantat
1004 3239 1053 3285 et
1082 3231 1172 3301 qui
1221 3231 1379 3299 rigat,
1412 3242 1575 3279 unum
1611 3234 1754 3278 sunt.
1816 3222 2180 3293 Unusquisque
2233 3238 2329 3276 au-

763 3340 863 3378 tem
913 3325 1183 3392 propriam
1235 3320 1524 3375 mercedem
1572 3318 1796 3387 accipiet
1846 3318 2130 3371 secundum
2175 3333 2329 3370 suum

764 3418 1018 3473 laborent.
1049 3415 1142 3472 Dei
1171 3415 1307 3469 enim
1336 3428 1518 3467 sumus
1553 3412 1841 3480 adjutores.
1874 3407 1971 3461 Dei
1998 3408 2330 3476 agricultura

766 3512 915 3573 estis,
944 3508 1037 3562 Dei
1078 3505 1363 3576 adiﬁcatio
1395 3506 1517 3558 estis
1556 3507 1574 3536 ¹
1614 3500 1663 3574 (I
1701 3500 1825 3556 (ἔρι’.
1852 3516 1931 3564 ιιι,
1962 3499 1993 3553 ϐ
2027 3516 2167 3569 seqq.
2195 3499 2236 3569 ).
2265 3499 2333 3553 Et

767 3616 986 3657 rursum
1038 3600 1165 3654 alibi
1202 3614 1218 3652 ε
1260 3597 1560 3653 Secundum
1612 3593 1843 3665 gratiam
1879 3591 1996 3657 Dei,
2049 3608 2165 3661 qua:
2204 3593 2333 3646 data

764 3704 843 3750 est
881 3693 1029 3759 mihi,
1063 3701 1118 3745 ut
1144 3691 1353 3754 sapiens
1381 3687 1695 3741 architectus
1724 3684 2126 3752 fundamentum
2159 3681 2332 3748 posui,

767 3786 905 3839 alius
925 3794 1103 3837 autem
1130 3780 1543 3849 supercrdi/icat.
1568 3774 1997 3828 Fundamentum
2028 3777 2164 3827 enim
2190 3774 2335 3825 aliud

767 3893 919 3930 nemo
967 3885 1136 3943 potest
1185 3888 1401 3941 ponere,
1450 3879 1805 3937 pra'terquam
1838 3867 1892 3918 id
1922 3869 2058 3932 quod
2107 3867 2336 3932 positum

765 3979 869 4032 est,
898 3970 1035 4038 quod
1061 3975 1137 4020 est
1165 3964 1405 4019 Christus
1420 3961 1594 4014 Iesus.
1624 3957 1682 4013 Si
1705 3958 1822 4025 quis
1852 3971 2025 4011 autem
2051 3957 2339 4023 supertedi-

771 4064 898 4129 ficat
946 4076 1097 4128 super
1154 4056 1559 4125 fundamentum
1612 4052 1726 4116 hoc,
1780 4066 1991 4111 aurum,
2040 4058 2337 4117 argentum,

769 4151 972 4220 lapides
1001 4149 1278 4219 pretiosas,
1315 4146 1479 4215 ligna,
1517 4144 1714 4213 fenum,
1748 4141 2001 4208 stipulam
2035 4155 2054 4193 :
2086 4140 2338 4192 uniuscu-

766 4246 957 4315 jusque
991 4259 1119 4311 cpus
1156 4236 1605 4309 apparebit.Dies
1642 4236 1779 4289 enim
1819 4233 2029 4285 Domini
2061 4231 2193 4283 illud
2227 4249 2341 4282 ma-

775 4337 1042 4406 nifestabit
1074 4335 1116 4399 ³,
1158 4332 1410 4400 quoniam
1448 4330 1501 4381 in
1549 4328 1666 4393 igne
1705 4325 2047 4387 revelabitur,
2078 4334 2123 4377 et
2157 4325 2340 4390 singu-

776 4432 949 4483 lorum
980 4442 1108 4495 opus
1139 4424 1292 4493 quale
1327 4423 1420 4485 sit,
1453 4420 1588 4490 ignis
1620 4417 1885 4485 probabit.
1924 4417 1980 4472 Si
2020 4416 2170 4483 cujus
2212 4432 2340 4483 opus

774 4518 1050 4580 manserit,
1090 4516 1231 4584 quod
1274 4509 1744 4581 superwdiﬁcarit,
1777 4508 2064 4561 mercedem
2102 4508 2341 4573 accipiet.

2418 623 2691 675 ministros
2717 616 2937 678 Christi,
2968 625 3018 670 et
3064 614 3455 680 dispensatores
3488 605 3863 676 mysteriarum
3898 600 3992 653 Dei

2418 713 2526 785 [AL
2555 711 2712 783 eius].
2748 709 2845 764 IIic
2864 709 2979 777 jam
3009 708 3265 776 quaeritur
3305 703 3443 756 inter
3468 703 3893 765 dispensatores,
3934 702 3993 744 ut

2417 808 2587 876 ﬁdelis
2636 806 2751 875 quis
2798 802 3096 857 inveniatur
3128 798 3180 870 (I
3217 797 3343 853 Cor.
3379 814 3450 860 tv,
3485 796 3535 855 Ι.
3567 794 3644 864 ἓ).
3673 791 3768 847 Vis
3818 789 3989 848 seire,

2418 901 2677 967 quoniam
2711 898 2855 952 inter
2889 896 3323 965 dispensatorem
3358 900 3411 944 et
3444 888 3884 957 dispensatorem
3921 883 3992 936 sit

2419 990 2587 1043 multa
2624 990 2880 1042 distantia
2909 987 3038 1059 (non
3069 986 3191 1039 dico
3218 985 3284 1039 de
3314 982 3470 1037 malis
3504 993 3559 1037 et
3588 980 3767 1041 bonis.
3795 978 3893 1033 sed
3927 978 3994 1031 de

2422 1083 2553 1149 ipsis
2610 1082 2771 1135 bonis
2807 1082 2899 1150 qui
2952 1079 3015 1134 ad
3054 1078 3336 1132 dexteram
3375 1075 3543 1143 stant)
3574 1074 3596 1126 ?
3623 1071 3747 1126 audi
3791 1084 3997 1126 conse-

2420 1178 2637 1244 quentia
2661 1192 2673 1227 :
2705 1173 2955 1237 Nescitis,
2980 1174 3229 1243 quoniam
3256 1171 3345 1241 qui
3374 1170 3423 1222 in
3453 1168 3734 1236 sacriﬁciis
3763 1181 3995 1231 aperan-

2424 1280 2527 1330 tur,
2554 1270 2616 1322 de
2646 1268 2929 1335 sacriﬁciis
2950 1268 3221 1321 comedunt
3259 1283 3277 1321 :
3307 1266 3397 1334 qui
3430 1264 3626 1317 altario
3659 1261 3994 1320 deserviunt,

2421 1364 2483 1415 de
2512 1362 2708 1414 altario
2742 1361 3133 1431 participantur
3178 1362 3201 1413 ?
3233 1359 3322 1415 Sic
3351 1370 3399 1412 et
3439 1358 3693 1411 Dominus
3728 1354 4000 1417 disposuit

2422 1453 2527 1515 his,
2550 1453 2639 1522 qui
2663 1451 3006 1521 Evangelium
3026 1454 3373 1515 annuntiant,
3394 1450 3456 1502 de
3483 1447 3766 1517 Evangelia
3788 1448 3957 1498 cicere
3980 1458 3998 1495 :

2422 1559 2513 1612 ego
2565 1554 2736 1597 autem
2796 1560 2898 1598 non
2951 1544 3144 1596 abutar
3185 1545 3371 1598 horum
3397 1544 3591 1609 aliqua.
3629 1539 3752 1593 Non
3803 1537 4002 1603 scripsi

2425 1647 2527 1689 aut.
2550 1652 2595 1686 m
2632 1636 2765 1699 hwc,
2799 1646 2853 1688 ut
2890 1635 2965 1688 sic
2996 1633 3128 1702 fiant
3165 1634 3216 1685 in
3249 1650 3352 1686 me.
3388 1633 3573 1686 .llclius
3603 1630 3837 1683 estenim
3868 1626 4000 1676 mihi

2428 1730 2560 1781 mori
2594 1743 2754 1797 quam
2793 1738 2850 1779 at
2878 1727 3102 1797 gloriam
3136 1740 3304 1777 meam
3334 1724 3450 1792 quis
3491 1729 3721 1775 evacuet.
3760 1719 3821 1773 Si
3857 1718 4004 1770 enim

2427 1820 2869 1890 erangclizavero,
2925 1833 3025 1870 non
3081 1828 3156 1870 est
3222 1816 3347 1869 mihi
3401 1814 3570 1885 gloria
3625 1829 3643 1867 :
3706 1813 4002 1865 ιιοίιριὶιοε

2356 1888 2396 1941 Β
2427 1912 2612 1979 quippe
2642 1910 2765 1962 mihi
2796 1909 3068 1963 incumbit.
3109 1908 3189 1961 l'te
3219 1908 3356 1961 enim
3388 1907 3514 1959 mihi
3547 1915 3643 1959 cst.
3673 1906 3716 1955 si
3748 1921 3850 1955 non
3889 1902 4005 1961 HI.

2430 2003 2556 2063 nisi]
2582 2002 3025 2073 evangelisavero.
3064 1999 3203 2053 Nam
3254 2002 3300 2053 si
3330 2001 3593 2054 voluntate
3620 1998 3716 2050 hcc
3755 2013 3857 2064 ago
3895 1995 4004 2067 [AL

2430 2096 2595 2165 fecere
2625 2096 2667 2167 j,
2704 2096 2995 2149 mercedem
3028 2093 3211 2146 habeo.
3254 2090 3313 2145 Si
3338 2100 3512 2144 autem
3551 2088 3755 2151 nolens,
3787 2089 4006 2154 dispen-

2428 2190 2563 2244 satio
2603 2186 2732 2240 mihi
2764 2187 2970 2240 credita
3002 2194 3100 2239 est.
3138 2184 3268 2250 Ome
3296 2192 3374 2237 est
3417 2199 3540 2251 ergo
3588 2197 3786 2234 merces
3832 2196 3952 2233 mea
3984 2180 4010 2233 .’

2433 2283 2501 2338 Ut
2530 2281 2899 2351 erangelizans
2926 2279 3084 2350 381
3126 2280 3237 2332 sine
3260 2296 3392 2345 sunt;
3417 2289 3493 2341 tu,
3526 2293 3716 2345 ponam
3756 2276 4009 2343 Erenge-

2429 2373 2559 2426 lium
2608 2372 2811 2426 Christi
2848 2387 2867 2434 ;
2902 2380 2958 2422 ut
3010 2386 3110 2423 non
3139 2371 3335 2422 abutar
3372 2380 3654 2439 potestate,
3711 2386 3831 2439 qua:
3873 2371 4007 2423 data

2427 2474 2502 2520 est
2535 2463 2666 2517 mihi
2712 2464 2764 2517 in
2816 2461 3123 2531 Evangelia.
3176 2460 3309 2516 Cum
3344 2465 3485 2516 enim
3533 2478 3697 2516 essent
3749 2462 3905 2519 liber.
3946 2478 4011 2517 es

2429 2558 2669 2611 omnibus
2702 2558 2933 2610 omnium
2966 2555 3075 2626 [Μ.
3116 2555 3383 2627 omnibus]
3427 2573 3507 2609 me
3544 2571 3744 2610 servum
3782 2556 3907 2624 feci,
3943 2567 4005 2611 ut

2428 2648 2601 2718 plures
2635 2647 2989 2715 lucrifacerent
3018 2646 3067 2715 (I
3094 2637 3217 2701 (ἰόν.
3264 2663 3317 2701 ις
3346 2689 3361 2712 ,
3395 2649 3457 2703 l5
3502 2648 3694 2717 seqq.).
3742 2646 4008 2718 Nunquid

2430 2750 2587 2809 potes
2612 2740 2793 2795 dicere
2822 2753 3043 2807 peccare
3074 2755 3194 2803 eos,
3221 2741 3313 2809 qui
3352 2741 3545 2794 vivunt
3579 2743 3647 2794 de
3676 2741 4004 2811 Evangelia,

2429 2843 2483 2885 et
2514 2832 2604 2898 qui
2653 2832 2721 2885 de
2763 2830 3051 2886 sacriﬁciis
3103 2832 3550 2899 participantur?
3601 2832 3809 2902 Uliqne
3849 2847 4005 2893 non:

2434 2923 2693 2976 Dominus
2722 2921 2867 2975 enim
2899 2919 3272 2990 disposuit,ut
3304 2924 3394 2991 qui
3428 2922 3730 2991 praedicant
3753 2924 4011 2993 Evange.

2429 3015 2584 3076 liutn,
2607 3013 2677 3068 de
2694 3011 2991 3081 Evangelia
3016 3011 3199 3065 vivant
3225 3027 3241 3077 ;
3267 3012 3556 3082 Apostolus
3578 3025 3763 3067 autem
3785 3016 3885 3085 qui
3906 3031 4012 3070 non

2433 3104 2669 3160 abutitur
2718 3106 2819 3158 hac
2876 3103 3119 3168 licentia,
3145 3106 3239 3159 sed
3258 3103 3467 3159 laborat
3500 3106 3759 3160 manibus
3779 3109 3923 3171 suis,
3950 3124 4015 3163 ne

2432 3215 2587 3269 quem
2608 3205 2814 3267 gravet,
2830 3208 2883 3252 et
2900 3197 2987 3251 die
3000 3211 3063 3251 ac
3080 3207 3239 3252 nocte
3262 3208 3540 3268 cperatur,
3558 3210 3611 3253 et
3630 3200 4017 3254 ministratbis

2356 3278 2399 3337 (ἶ
2432 3294 2523 3361 qui
2566 3303 2751 3343 secum
2786 3298 2936 3351 sunt,
2965 3288 3154 3357 utique
3179 3287 3300 3343 ideo
3343 3289 3446 3343 hee
3476 3287 3630 3355 facit,
3674 3299 3735 3344 ut
3767 3290 3899 3359 plus
3939 3289 4021 3344 la-

2435 3381 2660 3445 borans,
2691 3381 2814 3448 plus
2850 3379 3053 3457 aliquid
3089 3380 3367 3434 mercedis
3397 3381 3650 3450 accipiat.

2503 3473 2593 3529 25.
2635 3472 2934 3527 Curramus
2970 3473 3034 3526 ad
3082 3472 3313 3542 reliqua.
3362 3472 3664 3527 Dit'isiones
3708 3478 4013 3545 gratiarum

2432 3576 2576 3628 sunt,
2609 3565 2746 3619 idem
2776 3574 2953 3618 autem
2985 3562 3247 3629 Spiritus.
3280 3563 3350 3617 Et
3398 3566 3718 3620 diuersiones
3771 3573 4024 3624 ministe-

2437 3663 2634 3711 riorum
2667 3666 2809 3722 sunt,
2846 3658 2983 3711 idem
3033 3667 3210 3712 autem
3269 3656 3552 3714 Dominus.
3604 3663 3676 3714 Et
3726 3664 4025 3718 divisiones

2438 3752 2799 3818 operationum
2850 3749 2965 3821 [λι.
3020 3752 3350 3817 aperatiunis
3388 3750 3406 3823 ]
3446 3764 3592 3815 sunt,
3648 3754 3791 3807 idem
3844 3770 4025 3810 autem

2440 3841 2599 3904 Deus,
2649 3843 2737 3909 qui
2785 3850 3035 3909 operatur
3079 3842 3259 3894 omnia
3301 3843 3355 3894 in
3401 3845 3668 3897 omnibus.
3720 3845 4025 3916 Unicuique

2439 3944 2616 3987 autem
2647 3932 2777 3986 data
2828 3943 2905 3986 est
2935 3934 3213 4003 adapertio
3250 3932 3275 3964 ⁸
3300 3932 3540 4003 Spiritus
3562 3937 3730 4005 juxta
3770 3940 3825 3992 id
3882 3945 4024 4009 quod

2438 4026 2646 4091 expedit
2697 4025 2747 4092 (I
2783 4024 2906 4080 Cor.
2946 4042 3044 4087 xu,
3094 4026 3128 4078 4
3179 4041 3323 4093 seqq.
3358 4026 3400 4094 ).
3462 4027 3524 4081 Et
3579 4029 3782 4084 iterum
3817 4050 3833 4086 :
3870 4031 4026 4087 Sicut

2441 4132 2628 4187 corpus
2664 4133 2827 4171 unum
2861 4126 2960 4181 est,
3012 4127 3061 4172 et
3110 4120 3345 4171 membra
3398 4120 3557 4186 plura
3605 4122 3809 4175 habet:
3844 4126 4027 4177 omnia

2443 4220 2619 4263 autem
2672 4210 2903 4263 membra
2931 4212 3163 4276 corporis
3196 4226 3313 4262 cum
3344 4212 3450 4265 sint
3481 4212 3670 4277 multa,
3704 4230 3872 4267 unum
3907 4233 4031 4268 cor-

2440 4318 2537 4369 pus
2561 4313 2634 4356 est
2665 4304 2785 4367 ;sic
2816 4314 2860 4356 et
2890 4302 3131 4357 Christus
3169 4302 3334 4371 (Ibid.
3370 4304 3477 4375 1‘2).
3544 4305 3747 4359 Verum
3777 4322 3849 4362 ne
3877 4309 4033 4364 dicas

2444 4395 2499 4448 in
2538 4411 2647 4448 uno
2674 4410 2907 4463 corpore
2935 4396 3150 4449 diversa
3189 4395 3435 4449 membra
3469 4412 3639 4451 unum
3676 4398 3887 4454 habere
3916 4416 4033 4455 me-

2446 4487 2633 4549 ritum,
2685 4486 2867 4540 statim
2919 4488 3121 4554 gradus
3157 4488 3421 4542 describit
3466 4487 3751 4554 Ecclesia,
3799 4502 3858 4545 et
3904 4493 4029 4548 ait:

778 4611 838 4663 Si
869 4610 1020 4678 cujus
1070 4622 1201 4675 opus
1258 4604 1474 4664 arserit;
1510 4601 1879 4654 detrimentum
1931 4597 2185 4664 patietur.
2227 4595 2346 4662 Ipse
2377 4618 2421 4674 ι)

2377 4618 2421 4674 D
2449 4578 2715 4643 Quosdam
2744 4579 2951 4645 quidem
2980 4580 3153 4646 posuit
3196 4579 3337 4634 Dens
3394 4581 3445 4633 in
3496 4579 3764 4645 Ecclesia,
3794 4588 4032 4651 primum

778 4710 953 4754 autem
986 4697 1164 4751 salvus
1196 4698 1319 4757 erit,
1352 4698 1427 4746 sic
1460 4703 1635 4745 tamen
1675 4692 1827 4758 quasi
1858 4704 1947 4755 per
1982 4689 2146 4755 ignem
2179 4684 2343 4754 (Ibid.

779 4793 845 4845 lO
883 4789 1071 4859 θείη).
1138 4787 1195 4839 Si
1262 4785 1308 4836 is
1360 4782 1517 4849 cujus
1561 4794 1699 4849 opus
1744 4778 1902 4841 arsit,
1957 4787 2008 4829 et
2055 4775 2238 4844 periit,
2295 4782 2348 4827 et

786 4889 1043 4939 damnum
1076 4875 1341 4933 sustinuit
1363 4872 1565 4927 laboris
1597 4870 1705 4931 sui,
1742 4870 1927 4937 perdet
1945 4865 2166 4935 quidem
2194 4864 2349 4918 labo-

778 4982 855 5035 ris
883 4978 993 5052 ῖΑι.
1026 4970 1236 5045 oneris]
1280 4968 1588 5041 pranuium,
1621 4965 1714 5019 sed
1743 4967 1855 5033 ipse
1883 4963 2204 5025 salvabitur,
2242 4975 2345 5013 non

783 5085 963 5127 tamen
990 5070 1195 5137 absque
1222 5064 1544 5134 probatione
1566 5059 1703 5127 ignis
1737 5073 1750 5107 :
1786 5068 1916 5123 ergo
1948 5054 1994 5106 is
2026 5054 2186 5117 cujus
2211 5066 2347 5119 opus

783 5163 1063 5223 manserit.
1105 5158 1250 5228 quod
1301 5147 1777 5224 stiperasdilicavit,
1823 5148 1941 5199 sine
1976 5144 2115 5213 ignis
2148 5142 2349 5210 proba-

786 5260 931 5311 tione
946 5253 1269 5315 salvabitur,
1290 5257 1341 5303 et
1371 5250 1510 5301 inter
1526 5240 1882 5313 satvationem
1905 5246 1958 5291 et
1990 5236 2347 5289 salvationetn

785 5351 974 5416 utique
998 5345 1102 5399 erit
1134 5340 1423 5393 diversitas
1454 5335 1658 5404 aliqua.
1693 5329 1920 5385 Necnon
1952 5328 2003 5379 in
2038 5326 2143 5377 alio
2178 5325 2300 5378 loco
2333 5342 2347 5377 :

859 5552 877 5584 ⁸
919 5550 1033 5604 Duo
1064 5563 1222 5610 mss.,
1255 5542 1541 5599 secundum
1564 5536 1697 5609 quod
1738 5536 1876 5589 Deus
1907 5531 2202 5610 divisit...“
2283 5597 2315 5610 ﬂ

859 5624 880 5655 ³
1338 5615 1429 5666 Dei
1489 5599 1836 5679 agricultura,
1902 5604 1995 5679 Dei
2060 5599 2345 5668 trdiﬁcntio

787 5693 944 5752 estis;
973 5700 1025 5741 et
1057 5702 1201 5749 mox,
1233 5674 1355 5736 mihi
1390 5674 1542 5751 quasi
1567 5674 2147 5752 sapiensarchitcctusa
2251 5739 2261 5747 .
2310 5737 2320 5747 υ

860 5738 1256 5818 ίνίιάέιιιξνάῖεδ
1292 5738 1425 5805 illud
1462 5738 1839 5815 ntanifbstubil,
1875 5738 2341 5818 absquelmntini,

791 5809 938 5900 quod
969 5809 1160 5880 notuieu
1200 5840 1371 5892 neque
1404 5824 1454 5874 in
1484 5809 1683 5900 linum
1719 5821 1966 5892 habetur.
2012 5809 2235 5871 Deinde,
2292 5818 2346 5857 ut

791 5884 1114 5969 singrlorum
1165 5884 1308 5963 opus,
1343 5900 1447 5948 etc.
1484 5889 1739 5956 Deuiquu
1794 5884 1943 5952 cujus
1993 5892 2165 5932 nutent
2220 5891 2348 5940 opus

2450 4672 2737 4737 apostolos,
2766 4672 2995 4725 secundo
3034 4673 3337 4740 prOphetas,
3363 4674 3521 4725 tertio
3547 4675 3817 4737 doctores,
3845 4678 4038 4733 deinde

2450 4762 2665 4814 rirtutes
2698 4762 2741 4824 ',
2774 4773 2822 4814 et
2856 4764 3061 4830 gratias
3092 4765 3454 4827 curationum,
3499 4765 3908 4829 opitulaticnes,
3941 4786 4038 4837 gu-

2450 4854 2822 4914 bernationes,
2903 4868 3097 4921 genera
3164 4853 3495 4923 linguarum.
3535 4853 3799 4924 Nunquid
3853 4875 4040 4912 omnes

2452 4947 2679 5013 apostoli
2710 4946 2733 4997 Σ)
2761 4946 2998 5015 nunquid
3028 4963 3205 5001 omnes
3239 4950 3505 5017 propheta
3531 4950 3555 5002 .’
3582 4954 3824 5018 nunquid
3856 4971 4040 5008 omnes

2455 5040 2692 5091 doctores
2718 5040 2741 5093 ?
2790 5040 3025 5108 nunquid
3081 5057 3256 5094 omnes
3292 5044 3508 5095 uirtutes
3539 5045 3563 5095 ?
3590 5048 3831 5112 nunquid
3856 5064 3937 5099 ou.
3951 5066 4041 5101 nes

2457 5133 2682 5201 gratiam
2711 5132 2901 5185 habent
2942 5135 3279 5187 curationum
3311 5137 3336 5189 7
3368 5136 3608 5204 nunquid
3633 5152 3817 5189 omnes
3841 5139 4043 5207 linguis

2457 5224 2743 5293 loquuntur
2768 5226 2792 5277 .’
2818 5225 3058 5293 nunquid
3102 5242 3278 5279 omnes
3326 5226 3752 5295 interpretantur
3778 5230 3802 5281 ?
3838 5230 4042 5284 .£mu-

2456 5317 2640 5369 lumini
2674 5324 2851 5369 autem
2885 5315 3026 5369 dona
3062 5317 3294 5385 majora,
3324 5327 3373 5369 et
3401 5318 3577 5370 adhuc
3607 5320 4045 5376 excellentiorcm

2458 5520 2667 5573 arserit.

2532 5590 2553 5620 "
2594 5592 2760 5642 Antea
2793 5597 2907 5641 erat
2936 5589 3185 5655 operatio.
3215 5588 3423 5642 Contra
3455 5604 3589 5645 mss.
3616 5604 3834 5653 omnes,
3868 5602 3932 5647 ut
3963 5609 4053 5646 re-

2462 5661 2769 5729 posuimus.
2811 5658 3091 5729 adapertio
3130 5672 3145 5720 ;
3178 5658 3370 5711 Grch
3401 5660 3565 5712 etiam
3608 5662 3830 5715 favente
3868 5674 4050 5726 textu,

2462 5727 2789 5795 φανέρωσις.
2832 5727 2970 5789 Mox,
3006 5730 3139 5779 sicut
3187 5731 3326 5780 enim
3376 5744 3567 5796 corpus
3618 5747 3787 5784 unum
3844 5744 3945 5796 cst,
3989 5748 4038 5788 et

2463 5800 2690 5851 tttcmbra
2729 5799 2968 5865 plurima
3003 5798 3176 5852 habet.

2538 5871 2556 5899 ³
2594 5868 2749 5922 Falso
2774 5876 2932 5922 antea
2963 5877 3103 5931 erat,
3138 5868 3358 5936 denique
3387 5884 3484 5939 pro
3510 5871 3721 5927 deinde.
