4218 6452
207 420 304 481 3'53

1211 416 1605 479 ADVERSUS
1636 410 2116 473 Jt)\'1N1.-\NU.‘~1
2163 412 2302 472 1.113.
2345 413 2420 470 11.

3349 407 3453 470 334.

199 538 330 588 riam
377 533 521 586 vobis
573 533 874 586 demonstro
927 531 1092 596 (Ibid.
1143 531 1211 585 '28
1273 531 1464 600 seqq)
1526 531 1773 596 Cumque
1805 533 1849 587 Α
1881 526 1958 579 Nc
1989 511 2195 579 stcilan
2236 537 2284 578 ct
2320 527 2530 578 stellam
2570 530 2743 578 totum
2781 526 3030 578 humanm
3084 524 3455 578 multitudinis

200 628 261 681 de
292 626 584 680 cliaritatis
618 626 913 680 virtutibus
946 626 1108 678 latius
1141 624 1495 694 disputasset,
1532 622 1768 689 adjecit:

201 717 317 770 Siue
343 718 638 792 prop/retia
657 720 1075 777 evacuabuntur,
1109 717 1215 768 sive
1246 715 1442 785 lingua:
1473 713 1771 774 cessabunt,

198 813 298 864 sire
331 812 556 866 scientia
587 810 913 865 destruetur.
959 812 1037 861 lit
1064 819 1218 881 parte
1250 811 1388 862 enim
1413 810 1776 878 cognoscimus

197 918 240 958 et
275 920 338 956 e1:
368 917 522 972 parte
571 903 966 972 prophetamus.
1005 902 1137 956 Cum
1189 911 1365 954 autent
1399 901 1591 955 venerit
1636 903 1775 968 quod

197 997 478 1067 perfectum
511 1007 613 1059 est,
644 998 983 1050 evacuabitur
1021 996 1158 1065 quod
1181 1011 1245 1048 ea:
1279 1004 1429 1061 parte
1459 1004 1531 1047 est
1569 992 1621 1060 (l
1650 995 1773 1048 Cor.

200 1109 316 1154 xui,
356 1095 412 1150 8.
457 1093 512 1154 9.
557 1091 666 1161 10).
695 1088 764 1143 Et
794 1091 848 1143 in
881 1090 1346 1157 consequentibus
1382 1088 1396 1117 ⁵
1437 1104 1449 1142 :
1492 1085 1647 1139 Nunc
1677 1102 1777 1138 an—

198 1198 292 1239 tem
333 1195 544 1237 manent
572 1183 724 1252 ﬁdes,
759 1201 897 1245 spes,
938 1192 984 1236 et
1016 1182 1272 1245 cbaritas,
1309 1182 1412 1233 tria
1442 1180 1569 1234 ba’c.
1599 1180 1779 1248 Major

197 1290 365 1330 autem
399 1278 593 1331 horum
632 1291 708 1330 est
734 1276 973 1330 Charitas
1007 1274 1170 1342 (Ibid.
1206 1274 1313 1343 1³5).
1339 1273 1627 1328 Sectamini
1657 1273 1780 1325 cltu-

197 1375 423 1430 ritatem.
446 1369 781 1423 a’mulamini
807 1368 1135 1436 spiritualia,
1164 1369 1331 1435 magis
1356 1379 1529 1419 autem
1565 1376 1619 1418 ut
1649 1380 1773 1432 pro-

195 1466 410 1528 phetetis
444 1463 496 1528 (l
534 1465 661 1514 Cor.
717 1477 827 1527 xiv,
884 1461 956 1531 l).
1012 1460 1077 1514 Et
1115 1461 1306 1513 iterum
1347 1477 1358 1513 :
1405 1457 1532 1512 Volo
1599 1469 1776 1511 autem

198 1574 370 1610 omnes
413 1573 504 1610 cos
557 1555 700 1624 loqui
747 1554 961 1623 linguis,
1014 1553 1178 1621 magis
1223 1563 1399 1606 autem
1442 1552 1773 1619 prophetare.

199 1646 336 1700 Nam
370 1648 557 1716 major
591 1657 668 1700 est
712 1647 803 1716 qui
849 1644 1148 1713 prophetat,
1197 1661 1354 1713 quam
1403 1644 1491 1712 qui
1546 1642 1779 1710 loquitur

197 1742 386 1811 linguis
439 1742 614 1811 (Ibid.
672 1741 747 1803 5).
802 1739 868 1792 Et
917 1754 1133 1792 rursum
1165 1755 1180 1791 :
1211 1737 1372 1808 362
1410 1734 1629 1789 Gratias
1681 1751 1776 1805 ago

199 1834 321 1898 Deo,
349 1834 493 1901 quod
544 1833 784 1886 omnium
818 1841 1047 1885 vestrum
1091 1833 1257 1901 magis
1297 1833 1315 1862 ’
1345 1829 1540 1899 linguis
1593 1828 1778 1899 loquor

198 1927 356 1987 (Ibid.
395 1926 507 1993 t8).
554 1923 658 1979 Ubi
695 1924 908 1978 diversa
937 1933 1064 1978 sunt
1094 1925 1260 1989 dona,
1305 1933 1357 1976 et
1390 1923 1530 1976 alius
1579 1923 1774 1992 major,
1813 1901 1852 1956 Β

199 2021 335 2074 alius
387 2021 577 2072 minor
610 2024 716 2080 est,
756 2025 810 2070 et
838 2031 1027 2071 onmes
1061 2016 1372 2086 spirituales
1412 2015 1780 2086 appellantur,

197 2125 338 2165 certe
372 2127 511 2165 oves
567 2119 716 2174 sunt,
753 2119 806 2164 et
843 2118 990 2164 stant
1022 2125 1052 2164 a
1085 2109 1317 2173 dextris,
1352 2118 1404 2163 et
1439 2109 1581 2162 inter
1623 2121 1780 2162 ovem

199 2214 247 2258 et
279 2219 436 2258 ovem
473 2214 562 2256 est
593 2204 776 2271 aliqua
809 2201 1120 2256 diversitas.
1161 2201 1424 2270 Loquitur
1457 2200 1675 2269 quidem
1713 2198 1781 2253 dc

200 2296 504 2349 liumildate
536 2293 742 2349 Paulus
771 2292 1055 2362 apostolus
1089 2309 1102 2348 :
1140 2293 1248 2362 Ego
1288 2309 1403 2346 sum
1459 2293 1781 2346 novissimus

202 2391 590 2457 apostolorum,
622 2387 712 2456 qui
745 2403 847 2439 non
881 2403 996 2439 sum
1045 2389 1232 2454 dignus
1281 2388 1458 2439 vocari
1489 2386 1781 2454 apostolus,

198 2485 315 2552 quia
355 2490 676 2550 persecutus
709 2497 823 2534 sum
870 2480 1161 2533 Ecclesium
1208 2479 1324 2534 Dei.
1369 2479 1561 2534 Gratia
1606 2490 1779 2534 autem

199 2576 291 2630 Dei
313 2594 427 2630 sum
463 2575 520 2629 id
545 2574 687 2644 quod
716 2591 854 2639 sum,
878 2583 924 2626 et
955 2576 1126 2643 gratia
1153 2574 1266 2642 ejus
1296 2575 1348 2627 in
1378 2590 1457 2627 me
1484 2590 1650 2627 vacua
1680 2590 1782 2627 non

198 2670 313 2738 fuit,
345 2669 441 2721 sed
488 2668 731 2734 amplius
765 2667 1006 2720 omnibus
1064 2665 1172 2720 illis
1219 2666 1482 2719 laboravi.
1526 2663 1651 2719 Non
1685 2682 1780 2736 ego

199 2773 367 2814 autem
396 2779 416 2826 ;
459 2762 560 2816 sed
589 2763 767 2830 gratia
797 2760 892 2813 Dei
926 2775 1046 2829 qum
1078 2759 1238 2812 inme
1259 2768 1334 2811 est
1369 2757 1389 2790 ³
1423 2758 1477 2830 (1
1519 2757 1647 2814 Cor.
1682 2773 1774 2823 xv,

199 2854 248 2920 9,
287 2854 399 2922 l0).
429 2853 828 2909 Verumtamen
864 2854 917 2908 in
949 2868 1014 2906 eo
1043 2852 1186 2921 quod
1219 2868 1278 2908 se
1299 2851 1575 2916 bumiliat.
1599 2862 1782 2908 osten-

197 2947 270 3001 dit
306 2948 476 3015 posse
519 2947 802 3014 apostolos
829 2946 966 2999 alios
994 2945 1261 3011 minores,
1292 2947 1430 3002 alios
1453 2960 1576 3002 esse
1607 2948 1782 3016 majo-

199 3056 304 3105 res,
339 3049 396 3094 et
426 3039 527 3105 qui
563 3039 752 3106 utique
783 3052 878 3091 vas
903 3037 1186 3091 electionis
1225 3036 1453 3103 dicitur,
1488 3047 1540 3090 et
1565 3037 1782 3093 cunctis

199 3137 429 3206 amplius
464 3133 766 3197 laboravit,
802 3147 906 3186 non
945 3142 1028 3186 est
1059 3132 1301 3202 iniustus
1336 3132 1496 3198 Deus,
1541 3142 1600 3188 ut
1647 3133 1782 3188 obli-

200 3229 436 3280 viscatur
499 3226 691 3293 operis
738 3223 878 3289 ejus,
934 3233 990 3275 et
1039 3221 1226 3291 dispar
1274 3224 1530 3277 meritum
1581 3224 1774 3293 aequali
1808 3233 1851 3293 ο

201 3317 448 3373 ιιιεῖοιθάε
475 3327 822 3383 compenset.
849 3314 1055 3369 Dehinc
1074 3315 1305 3383 legimus
1329 3332 1342 3369 :
1363 3313 1512 3369 Sicut
1531 3317 1584 3368 in
1604 3317 1776 3369 Adam

200 3427 370 3463 omnes
411 3410 746 3468 moriuntur,
796 3407 874 3458 ita
900 3415 945 3460 et
993 3408 1046 3459 in
1075 3405 1285 3462 Christo
1315 3423 1490 3461 omnes
1543 3408 1780 3477 viviﬁca-

199 3506 388 3557 buntur
417 3521 435 3568 ;
465 3503 832 3568 unusquisque
853 3509 1030 3551 autent
1053 3499 1107 3552 in
1135 3487 1229 3552 suo
1263 3498 1446 3552 ordine
1476 3498 1778 3573 (lbid.22).

198 3599 424 3664 Quando
457 3596 577 3659 (At.
611 3592 926 3661 Quoniam)
954 3592 1337 3662 unusquisque
1367 3592 1420 3645 in
1454 3607 1556 3648 suo
1592 3609 1778 3648 resur-

201 3702 282 3758 get
311 3689 538 3750 ordine,
593 3687 779 3754 utique
808 3684 1022 3737 diversa
1075 3691 1202 3736 sunt
1239 3683 1431 3741 merita
1482 3700 1778 3756 resurgen-

200 3778 326 3829 tium
355 3777 398 3828 ⁵.
430 3775 561 3829 Non
602 3774 770 3825 omnis
806 3787 953 3835 caro,
980 3771 1166 3825 eadem
1200 3789 1325 3825 caro
1355 3789 1374 3837 ;
1403 3773 1495 3826 sed
1532 3774 1641 3826 alia
1683 3775 1782 3829 lto-

199 3875 413 3934 minum,
451 3870 577 3920 alia
629 3883 893 3934 pecorum,
947 3865 1057 3919 alia
1090 3865 1384 3933 volucrum,
1440 3867 1551 3920 alia
1603 3877 1777 3921 autem

197 3965 436 4029 piscium.
478 3961 556 4015 Et
587 3976 808 4027 corpora
843 3959 1092 4021 caelestia,
1124 3971 1169 4013 et
1200 3974 1421 4025 corpora
1458 3959 1733 4012 terrestria
1759 3973 1782 4021 ;

200 4055 282 4108 sed
309 4037 420 4107 alia
449 4052 675 4121 quidem
701 4051 986 4102 carlestium
1015 4051 1208 4119 gloria,
1244 4051 1362 4102 alia
1394 4058 1571 4102 autent
1619 4060 1782 4103 terre.

202 4149 408 4199 strium.
445 4146 582 4197 Atia
612 4143 830 4195 claritas
867 4142 1016 4204 solis,
1052 4143 1163 4194 alia
1218 4143 1440 4196 claritas
1478 4145 1635 4211 lance,
1671 4145 1781 4198 alia

201 4239 413 4290 ciarilas
467 4235 780 4289 stellarum.
834 4231 1004 4287 Stella
1048 4235 1188 4287 enim
1220 4250 1250 4287 a
1289 4235 1442 4287 stclla
1495 4237 1670 4305 diﬁ’ert
1727 4238 1780 4290 in

203 4330 469 4383 claritate.
545 4326 639 4382 Sic
683 4328 776 4380 erit
818 4336 866 4379 et
903 4327 1214 4379 resurrectio
1246 4335 1573 4380 mortuorum
1609 4326 1774 4394 (Ibid.

203 4422 268 4476 59
297 4422 466 4490 seqq.)
501 4459 515 4473 .
543 4419 701 4483 Quod
738 4427 793 4471 tu
823 4417 1030 4472 scilicet
1058 4419 1252 4472 doctus
1285 4419 1552 4487 interpres
1583 4421 1661 4474 sic
1690 4420 1782 4474 ex-

204 4512 456 4581 posuisti,
485 4521 545 4562 ut
577 4511 785 4563 diceres
807 4508 1118 4578 spirituales
1142 4508 1359 4563 diderre
1386 4525 1414 4562 a
1443 4511 1779 4564 carnalibus.

1884 631 2158 671 asscreres
2191 633 2379 685 genus,
2401 618 2569 671 solem
2610 616 2793 686 posuit
2825 624 2876 669 ct
2909 615 3113 680 lunam,
3137 631 3275 685 quos
3304 625 3453 667 certe

1885 709 2023 764 inter
2054 709 2235 762 hircos
2268 725 2372 761 non
2405 710 2602 776 poteris
2627 709 2736 780 (Al.
2773 710 2973 778 potest)
3004 725 3310 762 numerare.
3337 710 3453 771 Sic,

1885 803 2082 872 inquit,
2113 805 2208 855 erit
2239 813 2282 855 ct
2316 803 2627 855 resurrectio
2662 814 3014 867 mortuorum,
3049 810 3103 853 ut
3130 802 3258 871 justi
3291 804 3456 855 clari-

1895 904 2002 946 tate
2039 893 2168 946 solis
2197 895 2410 946 luceant
2448 892 2554 962 (ΑΙ.
2589 891 2872 962 fulgeant),
2906 902 2960 947 et
2990 893 3081 963 qui
3117 893 3167 946 in
3204 896 3454 963 sequenti

1884 985 2054 1054 gradu
2083 992 2233 1047 sunt,
2278 985 2412 1038 lulia-
2445 985 2734 1054 splendore
2766 989 3005 1052 iutilcnt,
3039 996 3095 1040 ut
3126 988 3261 1040 alius
3294 989 3454 1041 Luci-

1886 1079 1965 1132 ler
1998 1078 2087 1144 sit,
2131 1079 2269 1133 alius
2305 1083 2595 1146 Arcturus,
2648 1081 2789 1134 alius
2836 1081 3024 1148 Orion,
3076 1082 3216 1137 alius
3271 1081 3455 1135 Marx:-

1884 1173 2004 1224 roth
2041 1173 2078 1236 ⁵,
2111 1182 2163 1226 et
2190 1185 2380 1228 cratera
2436 1175 2718 1229 stellarum
2754 1177 3036 1241 vocabula,
3071 1195 3191 1246 quae
3231 1192 3459 1232 sacrata:

1885 1264 1936 1318 in
1973 1263 2072 1320 Job
2134 1266 2406 1320 volumine
2433 1266 2593 1337 363
2627 1268 3002 1322 continentur.
3047 1269 3237 1323 Omnes
3282 1272 3449 1329 enim.

1883 1360 1978 1426 ait,
2014 1359 2348 1426 manifestari
2392 1377 2484 1413 nos
2550 1372 2748 1429 oportet
2786 1373 2910 1414 ante
2964 1364 3195 1415 tribunal
3234 1363 3453 1428 Clu-isti,

1883 1466 1937 1506 ut
1975 1453 2192 1521 recipiat
2228 1456 2585 1524 unusquisque
2618 1473 2732 1524 quia
2762 1458 2918 1526 gessit
2969 1474 3060 1524 per
3095 1473 3300 1523 corpus,
3351 1461 3454 1511 sire

1883 1547 2102 1608 bonum,
2137 1547 2242 1598 sire
2290 1547 2486 1601 malum
2515 1547 2598 1616 (ll
2636 1551 2760 1604 Cor.
2795 1566 2843 1616 v,
2883 1551 2993 1619 l0).
3029 1553 3103 1606 Ac
3129 1567 3195 1605 nc
3225 1551 3453 1606 forsitan

1882 1641 2053 1706 dicas,
2084 1652 2208 1695 ante
2235 1642 2474 1695 tribunal
2501 1641 2705 1697 Christi
2733 1658 2834 1698 nos
2856 1645 3218 1708 manilcstari,
3241 1655 3299 1698 ut
3326 1644 3452 1696 boni

1884 1736 2045 1800 bona,
2076 1736 2198 1788 mali
2233 1736 2492 1804 recipiant
2522 1736 2681 1798 mala,
2711 1736 2764 1789 in
2784 1736 2972 1790 eadem
2995 1734 3234 1805 Epistola
3257 1736 3455 1791 docet:

1885 1823 1989 1889 Qui
2039 1842 2196 1903 parce
2258 1825 2502 1888 seminat,
2548 1842 2703 1892 parce
2750 1835 2797 1880 et
2854 1835 3026 1887 metet,
3081 1835 3130 1878 et
3167 1827 3252 1894 qui
3298 1829 3456 1880 semi-

1889 1927 1977 1969 nat
2013 1919 2067 1970 in
2100 1919 2563 1984 benedictionibus,
2589 1920 2648 1972 de
2696 1921 3141 1974 benedictionibus
3195 1929 3243 1973 et
3302 1929 3460 1972 metet

1891 2008 1977 2079 (II
2012 2009 2137 2065 Cor.
2174 2027 2225 2065 is
2253 2053 2266 2076 ,
2302 2011 2378 2077 6).
2439 2010 2600 2065 Certe
2635 2021 2688 2066 et
2720 2013 2806 2081 qui
2840 2015 2986 2082 plus,
3031 2021 3084 2068 et
3127 2013 3219 2081 qui
3280 2012 3463 2066 minus

1886 2104 2134 2168 seminat,
2192 2105 2257 2159 de
2317 2116 2469 2175 parte
2522 2115 2650 2161 sunt
2700 2105 2912 2161 dextra.
2971 2107 3032 2160 Et
3090 2122 3212 2159 cum
3289 2122 3459 2159 unum

1888 2198 2147 2253 sementis
2217 2213 2386 2268 genus
2432 2200 2521 2265 sit,
2586 2208 2766 2254 tamen
2817 2215 3069 2255 mensura
3134 2212 3186 2254 ct
3232 2215 3460 2254 numero

1888 2289 2171 2343 dilTerunt.
2236 2290 2443 2345 Scribit
2478 2291 2541 2344 ad
2577 2293 2844 2360 Ephesios
2903 2295 3046 2348 idem
3109 2294 3310 2348 Paulus
3344 2314 3356 2348 :
3390 2293 3459 2348 [ι

1887 2391 2008 2432 nota
2070 2380 2220 2448 ﬁeret
2267 2399 2404 2435 nunc
2473 2385 2859 2452 principatibus
2913 2397 2961 2440 et
2991 2390 3340 2453 potestatibus
3402 2390 3456 2440 in

1887 2470 2030 2525 cwlis
2067 2486 2158 2538 per
2188 2470 2479 2527 Ecclesiam
2520 2475 2794 2544 multiplex
2820 2487 2866 2531 et
2897 2481 3045 2532 varia
3069 2479 3329 2547 sapientia
3364 2479 3460 2534 Dei

1887 2560 2106 2632 (Ephes.
2135 2579 2216 2631 Ill,
2257 2565 2367 2635 lO).
2397 2564 2590 2622 Cernis
2615 2571 2759 2638 quod
2796 2571 2847 2622 in
2881 2571 3114 2626 diversis
3148 2575 3459 2642 agminibus

1888 2651 2152 2710 Ecclesiae
2209 2659 2359 2712 varia
2399 2669 2455 2714 et
2495 2663 2777 2731 multiplex
2825 2666 3087 2734 sapientia
3125 2668 3210 2721 Dei
3260 2671 3460 2738 prazdi-

1887 2757 2039 2802 cetur
2068 2747 2336 2804 ?Necnon
2373 2753 2426 2805 in
2460 2754 2648 2807 eadem
2687 2756 2931 2823 Epistula
2969 2777 2981 2811 :
3020 2757 3312 2832 Unicuique
3364 2780 3460 2816 aus

1891 2848 1988 2892 tem
2028 2851 2264 2894 nostrum
2290 2842 2420 2895 data
2449 2853 2522 2896 est
2557 2847 2755 2913 gratia,
2791 2848 2948 2910 iuxta
2981 2867 3283 2906 mensuram
3333 2872 3459 2925 gra-

1891 2934 1978 2985 tia:
2008 2930 2210 2987 Christi
2233 2934 2448 3003 (Ep/tes.
2483 2951 2555 3002 tv,
2592 2939 2642 3008 7)
2673 2954 2814 2994 :non
2845 2942 2990 3011 quod
3024 2959 3273 3000 mensura
3301 2946 3461 3001 Chri-

1890 3026 1958 3079 sti
1997 3027 2211 3082 diversa
2243 3028 2314 3084 sit
2349 3071 2362 3095 ,
2397 3031 2491 3085 sed
2529 3040 2738 3088 tantum
2788 3037 2974 3104 gratia:
3004 3037 3121 3107 ejus
3158 3040 3462 3096 infunditur

1887 3130 2150 3188 quantum
2184 3125 2426 3177 valemus
2466 3124 2686 3179 haurire
2715 3128 2756 3180 ⁸.

1959 3211 2047 3265 24.
2090 3210 2316 3267 Frustra
2373 3215 2537 3283 igitur
2589 3232 2722 3273 oves
2773 3228 2826 3272 et
2871 3221 3076 3288 hircos,
3128 3225 3368 3295 quinque
3406 3237 3462 3283 et

1888 3305 2132 3373 quinque
2159 3305 2419 3375 virgines,
2455 3307 2736 3379 Egyptios
2760 3322 2816 3366 et
2851 3313 3148 3380 lsraclitas,
3178 3327 3230 3372 et
3262 3329 3461 3374 caetera

1889 3395 2260 3464 hujuscemodi
2319 3398 2571 3466 replicas,
2615 3401 2741 3470 quia
2795 3417 2901 3456 non
2961 3414 3043 3458 est
3095 3407 3147 3459 in
3194 3413 3452 3476 praeacuti

1889 3490 2195 3554 retributio,
2248 3488 2342 3546 s'cd
2383 3493 2436 3544 in
2473 3491 2680 3548 futuro.
2729 3493 2881 3550 Unde
2910 3508 2958 3551 et
2997 3499 3114 3553 dies
3161 3500 3354 3569 judicii
3397 3504 3452 3557 in

1885 3583 2368 3636 consummatione
2399 3584 2756 3653 promittitur,
2788 3590 2913 3655 quia
2951 3606 3094 3644 nunc
3126 3607 3231 3644 non
3261 3604 3342 3646 est
3369 3594 3455 3664 ju-

1887 3675 2112 3729 dicium.
2161 3675 2290 3729 Sine
2327 3691 2492 3731 causa
2522 3680 2666 3732 enim
2710 3681 3014 3748 appellatur
3061 3684 3178 3737 dies
3210 3696 3453 3740 extrema

1879 3768 2094 3838 judicii,
2126 3769 2170 3823 si
2203 3773 2364 3822 modo
2394 3771 2606 3838 judicat
2638 3772 2801 3828 Deus.
2831 3774 3324 3844 lmprmscntiarum
3355 3797 3455 3833 na-

1889 3862 2154 3927 vigamus,
2192 3861 2480 3926 luctamur,
2533 3870 2694 3930 atque
2743 3880 3071 3935 ptignamus,
3129 3879 3186 3922 ut
3239 3876 3289 3923 in
3343 3872 3449 3927 line

1885 3951 2265 4018 perveniamus
2288 3951 2352 4003 ad
2376 3966 2616 4019 portum,
2645 3969 2999 4022 coronemur,
3026 3959 3452 4029 triumphamus.

1888 4042 1971 4096 Tu
2002 4052 2181 4096 autem
2211 4057 2469 4111 perverse
2493 4056 2545 4098 et
2577 4045 2788 4101 lubrice
2813 4054 3097 4118 praesentis
3118 4057 3298 4108 szeculi
3325 4072 3456 4112 cou-

1888 4137 2251 4191 versationem
2294 4138 2347 4191 in
2379 4138 2686 4193 futurorum
2721 4146 2970 4211 exempla
3001 4150 3280 4216 proponis.
3333 4166 3458 4206 cum

1889 4227 2075 4295 utique
2096 4229 2183 4280 hic
2207 4227 2470 4296 injustitia
2491 4233 2584 4297 sit,
2624 4232 2694 4285 ibi
2716 4234 2928 4304 justitia
2957 4255 2970 4290 :
3003 4240 3170 4295 donec
3193 4243 3461 4301 intremus

1886 4317 1941 4371 in
1961 4322 2341 4374 sanctuarium
2365 4321 2482 4387 Dei,
2505 4334 2557 4378 et
2574 4328 2938 4398 intelligamus
2961 4334 3014 4386 in
3034 4337 3346 4392 novissimis
3365 4356 3461 4395 eo-

1887 4426 2032 4465 rum.
2055 4411 2174 4466 Non
2193 4413 2351 4467 aliter
2367 4425 2612 4483 sanctus,
2635 4419 2795 4474 aliter
2816 4435 3072 4491 peccator
3113 4431 3363 4486 moritur.
3401 4434 3462 4487 In

1886 4504 2077 4559 eodem
2127 4506 2267 4559 mari
2308 4507 2694 4576 navigantibus
2743 4516 2934 4569 eadem
2993 4522 3360 4587 tranquillitas
3409 4536 3464 4581 et

206 4573 338 4670 iLrgo
370 4612 425 4653 et
443 4573 782 4669 spirituales
837 4573 891 4650 et
929 4597 1185 4650 carnales
1221 4596 1274 4649 in
1307 4597 1624 4652 cmlestibus
1665 4598 1774 4666 (Al.
1814 4573 1857 4629 θ
1891 4606 2185 4666 tempestas
2233 4607 2338 4654 est.
2400 4573 2518 4653 Nion
2552 4604 2709 4657 aliter
2739 4604 2894 4669 latro,
2933 4607 3088 4663 aliter
3120 4573 3463 4685 litat-ina;

203 4693 352 4746 catis
382 4692 401 4761 )
433 4697 629 4751 erunt,
671 4697 722 4741 et
746 4689 856 4756 jam
889 4702 998 4740 non
1051 4693 1227 4740 solum
1270 4703 1423 4754 oves,
1477 4687 1571 4742 sed
1612 4689 1776 4742 etiam

206 4785 334 4836 hirci
367 4783 446 4834 tui
479 4779 863 4834 conscendent
907 4793 1073 4846 regna
1103 4778 1391 4833 cmlorum.
1444 4778 1638 4842 Stella,
1683 4780 1782 4832 in-

204 4875 334 4940 quit,
366 4889 399 4924 a
417 4871 587 4925 stella
613 4869 791 4936 diﬂert
817 4869 870 4918 in
895 4872 1142 4921 claritate
1163 4884 1182 4922 .°
1210 4885 1316 4923 non
1347 4886 1477 4926 oves
1522 4881 1575 4924 et
1601 4870 1777 4935 hirci,

206 4965 292 5018 sed
324 4979 457 5018 oves
489 4975 549 5016 ct
583 4977 731 5023 oves,
784 4961 831 5014 id
868 4971 970 5024 est,
1007 4961 1162 5015 stella
1196 4970 1249 5014 et
1280 4963 1460 5016 stella.
1509 4963 1776 5031 Denique,

209 5059 343 5122 Alia,
401 5057 612 5126 inquit,
668 5054 885 5107 claritas
931 5054 1075 5117 solis,
1113 5064 1162 5107 et
1194 5054 1300 5107 alia
1360 5054 1578 5108 claritas
1615 5055 1776 5107 luna'.

279 5308 290 5336 ¹
331 5305 464 5358 Erat
513 5310 698 5362 antea,
724 5312 770 5353 et
801 5302 853 5353 in
889 5302 1316 5366 continentibus;
1365 5301 1565 5356 deinde
1613 5317 1774 5368 inss.,

208 5378 371 5445 major
410 5387 598 5426 autem
631 5383 700 5423 es!
737 5373 816 5445 his
851 5373 1107 5426 Charitas.

274 5442 295 5479 ί
337 5444 609 5500 Voculam
637 5444 796 5510 magis
825 5445 1140 5510 supplemus
1166 5458 1295 5498 mss.
1331 5443 1530 5511 quibus
1554 5442 1774 5497 Graecus

208 5533 420 5586 quoque
453 5513 931 5586 concinit‘qtextus,
969 5514 1190 5586 nemo,
1225 5530 1412 5586 magis.

277 5588 294 5618 ³
330 5581 431 5638 Sed
461 5581 804 5654 gratiaDei,
855 5598 968 5648 qua:
1005 5583 1057 5633 in
1093 5601 1169 5635 me
1194 5593 1290 5636 est.
1337 5584 1392 5636 lu
1427 5599 1530 5639 ms.
1588 5586 1776 5640 codice

211 5653 673 5723 Sangcrinanensi
751 5663 952 5716 nostra,
1004 5661 1055 5705 et
1120 5658 1168 5706 iu
1224 5656 1396 5706 altero
1456 5658 1774 5709 lllOllaSlt'l'll

214 5739 380 5779 sancti
433 5725 585 5777 Petri
639 5723 998 5775 Carnutensis
1037 5724 1287 5791 legimus,
1336 5726 1424 5777 sed
1467 5728 1643 5792 gratia
1682 5727 1775 5779 Del

212 5813 426 5846 metu“.
453 5793 655 5845 Cameri
686 5800 1018 5862 mitiquzorcs
1055 5796 1305 5854 retinent,
1331 5797 1419 5846 sed
1450 5797 1624 5862 gratia
1657 5794 1774 5856 Dei,

213 5882 318 5931 qui:
344 5869 394 5917 in
431 5881 514 5917 me
553 5872 648 5916 est.
703 5861 962 5915 ΜΑΜΊΑΝ.
991 5893 1054 5903 --
1089 5865 1143 5917 In
1177 5861 1487 5918 Corbctcnsi
1537 5870 1775 5934 tjtlodatn

1890 4687 2112 4741 ciditur.
2140 4687 2250 4742 Nec
2279 4688 2386 4743 alio
2443 4691 2603 4746 modo
2637 4693 2702 4746 de
2732 4695 3004 4749 adulterio
3036 4707 3089 4751 et
3117 4703 3458 4770 prostibulis,

1889 4779 1998 4834 alio
2056 4779 2124 4832 de
2156 4782 2323 4836 castis
2358 4786 2727 4842 matrimoniis
2760 4801 3059 4845 nascuntur
3089 4793 3269 4848 liberi.
3300 4796 3461 4852 Certe

1888 4867 2154 4924 Dominus
2185 4879 2241 4925 et
2267 4871 2512 4928 latrones
2545 4877 2739 4944 aaquali
2773 4874 2981 4942 judicio
3012 4883 3259 4936 crucifixi
3299 4895 3455 4940 sunt.

1891 4960 1944 5014 Si
1985 4962 2123 5017 idem
2155 4972 2240 5018 est
2266 4964 2425 5034 hujus
2455 4968 2640 5021 saeculi
2674 4968 2955 5038 futurique
2990 4971 3286 5040 judicium,
3320 4993 3451 5047 ergo

1888 5056 1980 5120 qui
2015 5053 2100 5106 hic
2127 5056 2330 5121 pariter
2358 5058 2603 5110 crucilixi
2637 5068 2781 5124 sunt,
2819 5072 2870 5114 et
2902 5063 2954 5116 in
2983 5065 3168 5116 futuro
3203 5068 3460 5122 similiter

1889 5301 2100 5382 codice,
2155 5303 2612 5382 quemadmodum
2656 5310 2799 5382 etin
2839 5308 2964 5363 aliis
3025 5309 3241 5368 duobus
3287 5331 3452 5382 pcncs

1890 5373 2287 5443 Martianamm,
2319 5375 2408 5426 sed
2436 5377 2612 5443 gratia
2647 5376 2741 5429 Dei
2775 5395 2997 5433 mecum.

1959 5443 1980 5474 δ
2023 5442 2131 5497 Vox
2162 5442 2546 5512 resurgentium
2588 5449 2639 5501 in
2677 5446 2972 5504 Veronensi
3002 5465 3063 5504 ac
3092 5449 3449 5511 Cisterciensi

1891 5529 2024 5568 mss.
2063 5528 2167 5566 non
2211 5516 2459 5569 habetur.

1961 5586 1992 5664 "
2020 5582 2558 5664 Not-ninastelllarum
2605 5588 2656 5640 in
2691 5588 2812 5654 Job,
2836 5605 2953 5664 qua:
2977 5592 3217 5664 explicat
3252 5594 3302 5648 in
3337 5603 3453 5664 epi-

1890 5654 2028 5707 stola
2204 5657 2272 5706 ad
2305 5655 2600 5722 Fabiolam,
2653 5653 2805 5713 num.
2839 5653 2924 5716 l9.
2977 5653 3106 5717 Vide
3143 5665 3217 5718 ibt
3269 5653 3453 5721 notam

1892 5740 2013 5775 nae.
2163 5761 2178 5775 .

1927 5741 2013 5776 all.
2052 5741 2178 5776 θυι.

1927 5741 2013 5776 δι’.
2052 5740 2178 5776 oot.

1890 5740 1987 5916 Σοὶ)
2022 5796 2174 5849 l-laud
2207 5793 2344 5853 bene
2376 5797 2430 5852 in
2463 5798 2584 5853 aliis
2610 5814 2768 5867 mss.,
2794 5814 3046 5868 quantum
3089 5803 3318 5858 valemus
3353 5823 3454 5860 au—

1930 5883 2024 5916 ire.

1930 5883 2024 5920 ινδ.
