4218 6456
242 354 353 417 337

1295 357 1695 421 ADVERSUS
1729 355 2205 419 JOVINIAlVUM
2252 363 2392 424 LIB.
2443 363 2517 423 ll.

3410 367 3513 428 338

234 493 350 531 non
393 476 464 529 de
499 476 754 545 praesenti
812 476 1031 540 dicitur,
1082 477 1172 531 sed
1199 477 1262 530 de
1315 479 1534 533 futuro:
1592 479 1714 547 quia
1778 477 1831 530 in
1862 478 1909 535 Δ
1940 492 1967 529 a
2000 480 2220 534 sat-uiis
2261 480 2509 547 ignorata
2551 479 2849 535 disseruit:
2879 480 3037 535 aliter
3069 483 3120 535 in
3176 483 3295 537 Tito
3344 494 3398 537 et
3431 486 3516 537 Ἰἰ-

233 584 333 621 sex
361 568 566 622 diebus
592 569 753 637 hujus
790 568 970 622 surculi
1008 568 1327 629 servientes,
1370 570 1424 623 in
1464 570 1695 637 septimo
1721 571 1827 639 die,

233 678 370 717 vero
400 673 458 718 et
483 673 692 718 :eterno
734 664 994 728 Sabbato,
1024 664 1179 718 liberi
1244 666 1447 721 erimus
1478 663 1591 738 [Αι.
1629 664 1828 720 libere-

232 756 388 826 ntur}
424 775 436 811 ε
470 759 517 812 si
556 766 734 811 tamen
772 758 1104 813 voluerimus
1135 774 1253 812 esse
1280 759 1457 825 liberi,
1491 760 1618 813 dum
1651 759 1831 815 adhuc

229 850 515 905 servimus
574 852 628 904 in
686 851 907 906 saeculo.
960 850 1015 906 Si
1064 861 1243 905 autent
1285 850 1643 918 uoluerimus,
1701 868 1826 922 per-

228 940 515 995 forabitur
574 943 732 997 nobis
778 942 1042 1009 auricula,
1093 946 1149 997 in
1204 943 1580 999 testimonium
1633 944 1828 999 inobe-

226 1032 492 1098 rlientiz;
526 1045 585 1089 ct
620 1050 744 1090 cum
777 1051 944 1091 uxore
974 1043 1027 1091 et
1051 1036 1237 1090 liberis
1264 1034 1491 1101 nostris,
1520 1052 1657 1107 quos
1684 1054 1826 1106 pne-

229 1128 471 1182 tulimus
499 1129 761 1195 libertati,
800 1129 853 1185 id
878 1138 958 1186 est
982 1145 1103 1186 cum
1141 1144 1304 1185 carne
1334 1138 1388 1185 et
1412 1130 1670 1201 operibus
1709 1130 1827 1201 ejus

220 1222 440 1289 iugiter
466 1223 805 1279 serviemus.

298 1358 394 1413 26.
434 1360 708 1417 Parabola
738 1367 984 1419 setnentis
1027 1368 1152 1437 quid
1178 1367 1204 1421 Ρ
1254 1369 1451 1423 Falsus
1486 1367 1823 1423 Iovinianus.

226 1449 350 1503 Μαι
381 1451 705 1521 Scriptum.
736 1486 808 1498 —
830 1456 1091 1513 Parabola
1127 1471 1310 1516 autem
1345 1462 1654 1527 sementis‘,
1705 1476 1827 1530 qua:

223 1555 291 1593 ex
333 1558 578 1613 utraque
606 1559 759 1615 parte
817 1558 1002 1605 ternos
1064 1552 1275 1607 fructus
1328 1553 1493 1619 iacit;
1552 1562 1605 1609 et
1664 1554 1820 1623 juxta

224 1634 584 1701 Apestolutn,
622 1654 789 1710 super
818 1642 1230 1698 fundamentum
1265 1644 1469 1700 Christi
1502 1646 1643 1701 alius
1691 1646 1823 1700 aedi-

225 1726 355 1779 ﬁcat
409 1744 639 1795 aurum,
685 1748 991 1801 argentum,
1028 1738 1235 1806 lapides
1290 1742 1559 1807 pretiosos
1610 1757 1623 1794 :
1682 1740 1821 1793 alius

222 1818 396 1888 ligna,
458 1823 672 1889 fenum,
716 1829 1005 1898 stipulam;
1040 1846 1165 1884 cum
1201 1839 1256 1886 et
1316 1834 1369 1887 in
1404 1834 1567 1887 domo
1624 1850 1815 1905 magna
1852 1818 1894 1877 Β

219 1914 446 1966 diversa
483 1931 612 1969 vasa
665 1920 792 1981 sint,
826 1922 1109 1989 perspicue
1163 1934 1346 1993 patet:
1402 1935 1457 1979 et
1497 1926 1624 1979 huic
1681 1928 1817 1982 vcllc

222 2006 615 2063 contradicere
675 2013 1033 2081 apertissima:
1092 2015 1443 2083 impudentia:
1476 2028 1582 2073 est.
1613 2019 1816 2073 Tamen

221 2111 292 2149 ne
324 2100 572 2153 cxsoltct
606 2101 660 2153 in
705 2103 988 2159 mendacio
1020 2115 1071 2159 et
1100 2110 1409 2177 exemplum
1445 2113 1814 2179 apostolorum

222 2192 275 2239 in
300 2190 686 2258 pmjudicium
708 2198 1007 2250 centenarii
1024 2207 1077 2252 et
1099 2202 1433 2268 sexagenarii
1461 2212 1513 2257 et
1536 2203 1811 2259 tricenarii

219 2285 411 2337 aﬂerat
436 2287 691 2347 numeri.
715 2289 851 2343 sciat
876 2291 928 2344 in
954 2288 1208 2347 Matthreo
1237 2303 1290 2348 et
1322 2295 1373 2348 in
1430 2295 1610 2352 Marco
1680 2313 1813 2367 apo-

218 2378 399 2440 stolis,
456 2380 553 2444 qui
620 2382 875 2436 universa
931 2399 1028 2438 sua
1081 2384 1428 2448 dimiserant,
1489 2390 1809 2459 centuplum

220 2470 651 2535 repromissum.
672 2472 729 2527 In
752 2473 1044 2545 Evangelia
1062 2484 1241 2531 autem
1272 2479 1431 2534 Luem
1451 2482 1621 2534 multo
1640 2483 1810 2550 plura,

220 2566 273 2615 id
308 2572 391 2618 est
414 2564 560 2617 πολὺ
594 2565 818 2619 πὶεεενα
847 2571 891 2632 ²,
923 2580 975 2623 et
1012 2570 1228 2638 penitus
1262 2572 1313 2625 in
1340 2574 1487 2627 nullo
1524 2574 1814 2645 Evangelio

218 2671 319 2721 pro
342 2668 560 2709 centum
590 2658 854 2729 scriptum
892 2675 1011 2715 esse
1040 2671 1229 2725 septem
1261 2680 1275 2729 ;
1305 2678 1471 2735 seque
1533 2682 1625 2721 :tttl
1654 2670 1814 2725 falsa-

218 2750 385 2808 rium,
413 2758 512 2802 aut
544 2750 831 2817 imperitia:
862 2765 1012 2805 reum
1042 2753 1207 2807 teneri
1235 2768 1250 2820 ;
1274 2770 1375 2809 nec
1412 2772 1609 2813 nocere
1630 2761 1809 2825 nobis,

216 2844 343 2907 quia
375 2844 432 2895 in
467 2842 583 2897 alio
613 2842 908 2912 Evangelia
935 2860 966 2898 a
995 2858 1232 2911 centum,
1267 2847 1320 2901 in
1347 2848 1453 2902 alio
1504 2865 1533 2903 a
1597 2854 1814 2924 triginta

217 2933 412 3000 intipit
443 2933 771 2987 numerari:
810 2948 932 2987 cum
995 2938 1174 2993 omnis
1235 2936 1539 3010 Scriptura,
1578 2944 1815 2999 maxime

218 3036 396 3089 vetns,
421 3026 703 3080 minorem
727 3038 999 3097 preponat
1025 3046 1313 3087 numerum
1340 3045 1392 3088 et
1416 3037 1491 3090 sic
1541 3037 1606 3091 ad
1648 3038 1815 3105 majo-

214 3132 329 3168 rem
353 3116 634 3185 gradatim
668 3119 1015 3175 conscendat.
1048 3119 1207 3177 Verbi
1230 3125 1421 3192 gratia,
1448 3128 1610 3197 367
1639 3139 1696 3183 ut
1725 3130 1810 3186 di-

212 3214 302 3259 cat
321 3205 573 3275 aliquem
610 3206 781 3274 fuisse
812 3222 1076 3264 annorum
1103 3211 1345 3283 quinque
1381 3226 1433 3269 et
1466 3221 1804 3289 s-'piuagiula

210 3311 266 3353 et
297 3309 558 3364 centum,
594 3315 695 3356 nec
727 3304 1163 3374 tatncuquinque
1204 3317 1257 3361 et
1288 3311 1626 3380 septuaginta
1656 3312 1806 3382 plura

211 3397 487 3457 poterunt
519 3404 646 3445 esse
684 3406 847 3461 quam
886 3401 1127 3459 centum,
1153 3410 1269 3464 qua
1307 3398 1410 3467 (At.
1440 3400 1586 3470 quia)
1628 3403 1807 3471 priora

214 3492 347 3535 sunt
387 3484 706 3537 nominata.
745 3483 800 3538 Si
835 3499 942 3539 non
978 3487 1182 3558 accipis
1230 3489 1285 3542 in
1342 3490 1539 3547 bonam
1596 3504 1803 3564 partem

211 3576 602 3630 diversitatem
630 3580 841 3633 numeri
876 3590 1091 3636 centum
1125 3592 1178 3637 et
1195 3586 1471 3655 sexaginta
1492 3598 1542 3643 et
1570 3588 1807 3659 triginta,

208 3682 321 3722 nec
353 3668 407 3719 in
440 3670 642 3721 malam
675 3680 880 3739 partem
900 3673 1173 3743 accipies:
1214 3684 1265 3730 et
1296 3677 1433 3732 idem
1466 3679 1652 3733 vitium
1707 3683 1811 3737 erit

210 3761 481 3825 seminis,
512 3760 660 3831 quod
696 3777 853 3818 secus
872 3764 1013 3818 viam
1044 3767 1259 3833 cecidit,
1288 3780 1343 3825 et
1385 3786 1553 3840 super
1601 3783 1807 3842 petras,

208 3864 263 3909 et
294 3869 471 3923 super
502 3854 713 3924 spinas.
736 3853 831 3910 Sin
862 3868 916 3911 et
945 3858 1034 3912 illa
1062 3859 1183 3922 tria,
1216 3870 1271 3914 et
1307 3862 1423 3916 hac
1472 3859 1558 3917 vel
1610 3867 1662 3917 in
1710 3866 1810 3920 bo-

209 3946 479 4009 nam,vel
517 3945 571 3998 in
611 3946 801 3999 malam
845 3956 1053 4016 partem
1102 3951 1313 4020 singula
1371 3963 1518 4019 sunt,
1583 3956 1804 4011 stultum

207 4036 320 4088 iuit
350 4040 455 4105 pro
489 4034 705 4089 duabus
732 4036 893 4091 rebus
924 4053 1018 4091 sex
1077 4040 1286 4107 species
1322 4057 1638 4106 numerare,
1673 4062 1808 4115 pra:-

210 4130 411 4181 sertim
445 4144 573 4181 eum
606 4130 661 4182 in
696 4128 943 4185 blattbteo
977 4140 1029 4186 et
1060 4131 1115 4185 in
1141 4132 1320 4188 Marco
1346 4145 1397 4189 et
1422 4136 1478 4190 in
1511 4136 1651 4191 Luca
1686 4153 1810 4192 nar-

210 4229 333 4273 rata
366 4220 655 4289 parabola,
686 4220 932 4275 Salvator
956 4238 1172 4294 semper
1226 4225 1513 4283 intulerit:
1576 4228 1679 4293 Qui
1712 4230 1807 4281 Ita-

212 4314 293 4365 θέαι
320 4329 483 4365 aures
516 4312 791 4376 audiendi,
816 4314 997 4366 audiat
1028 4314 1246 4381 (Matth.
1275 4334 1349 4382 st,
1394 4320 1477 4385 l5,
1506 4330 1555 4373 et
1594 4337 1709 4385 attt,
1732 4322 1803 4386 9;

214 4405 393 4457 Μαῖα.
422 4420 498 4467 iv,
528 4407 560 4457 9
594 4421 606 4467 ;
642 4403 771 4465 Luc,
806 4421 913 4469 stv,
945 4406 1055 4473 55).
1083 4408 1176 4463 Ubi
1210 4409 1345 4462 nihil
1400 4420 1481 4465 est
1517 4412 1659 4479 quod
1720 4411 1803 4465 in-

1935 568 2179 629 niotheo,
2210 568 2435 623 aliterin
2463 571 2650 624 Paulo.
2681 569 2839 626 Certe
2871 574 3014 625 inter
3036 583 3191 626 natos
3221 574 3508 627 mulierum

1932 674 2041 713 non
2098 661 2343 715 surrexit
2372 660 2541 727 major
2595 660 2804 716 Joanne
2859 664 3121 733 Baptista.
3167 663 3271 717 Ubi
3327 675 3507 717 autem

1932 752 2110 817 major
2143 754 2363 819 dicitur,
2398 768 2624 807 necesse
2654 766 2740 807 est
2776 764 2832 808 ut
2870 744 3092 810 cancros
3129 755 3379 808 habuerit
3411 761 3506 808 mi-

1931 845 2220 903 nores.Et,
2255 848 2355 908 Qui
2383 848 2628 900 minimus
2658 846 2679 876 δ
2701 856 2777 899 est
2810 847 2862 897 in
2894 863 3048 915 regno
3084 847 3355 910 ccc/orum,
3389 865 3503 898 ma-

1919 933 2015 1002 jor
2047 944 2123 987 est
2176 936 2268 987 illo
2329 935 2537 1003 (Matth.
2570 954 2642 998 st.
2683 936 2788 1003 ll).
2824 936 2988 991 Vides
3043 955 3190 1009 ergo,
3256 939 3400 1008 quod
3454 939 3504 990 ll

1929 1026 2083 1080 cmlis
2118 1027 2187 1080 sit
2221 1030 2487 1084 maximus
2543 1040 2599 1085 et
2658 1032 2940 1101 minimus,
3006 1041 3060 1083 et
3103 1033 3240 1085 inter
3287 1033 3508 1102 angelus

1928 1134 2166 1188 quoque,
2211 1130 2265 1174 et
2304 1121 2448 1174 inter
2476 1122 2775 1177 invisibiles
2804 1134 3083 1178 creaturas
3112 1124 3182 1177 sit
3226 1126 3503 1194 multile

1928 1221 1981 1266 ct
2015 1210 2225 1266 infinita
2262 1213 2570 1268 diversitas.
2609 1218 2786 1279 Quare
2817 1216 3013 1271 dicunt
3072 1218 3305 1285 apostoli
3341 1235 3354 1272 ;
3403 1218 3505 1269 llo-

1928 1304 2085 1367 ntine,
2112 1321 2246 1375 auge
2273 1307 2420 1360 nobis
2472 1307 2630 1375 fidem
2663 1306 2813 1377 (Luc.
2861 1324 2992 1373 xvtt,
3053 1308 3131 1378 5),
3167 1309 3211 1362 si
3260 1312 3501 1362 omnium

1927 1414 2034 1453 una
2068 1415 2326 1452 mensura
2388 1401 2513 1454 est?
2565 1398 2631 1452 Et
2692 1400 2952 1455 Dominus
2992 1401 3058 1455 ad
3132 1400 3500 1470 discipulum;

1931 1488 2152 1542 Modica:
2186 1488 2343 1555 ﬁdei,’
2378 1491 2499 1557 quid
2556 1490 2814 1543 dubitasti
2868 1490 3089 1559 (Matth.
3122 1507 3234 1553 XIV,
3274 1492 3389 1548 51)?
3450 1491 3502 1543 lit

1926 1579 2159 1633 Jcrctnia
2198 1594 2412 1648 quoque
2435 1580 2500 1632 tle
2520 1580 2701 1633 futuro
2728 1596 2897 1650 regno
2932 1580 3158 1649 legimus
3184 1598 3198 1632 :
3231 1579 3363 1632 Ecce
3392 1580 3501 1630 dies

1927 1672 2158 1732 veniunt,
2208 1670 2333 1721 dicit
2400 1669 2673 1733 Dominus,
2728 1681 2772 1724 et
2806 1673 2995 1741 feriam
3045 1672 3219 1723 domui
3254 1669 3424 1723 Israel
3455 1681 3504 1722 ει

1930 1764 2109 1817 domui
2134 1761 2297 1814 Jacob
2325 1762 2493 1829 [cadus
2558 1779 2743 1816 norum
2768 1806 2780 1827 ,
2839 1781 2940 1816 ttnn
2970 1765 3254 1816 secundum
3289 1776 3501 1830 pactum

1933 1855 2072 1924 quod
2097 1852 2267 1921 pepigi
2301 1869 2416 1904 cum
2442 1854 2682 1919 patribus
2723 1858 2908 1907 vestris
2968 1853 3185 1924 (Jerem.
3228 1871 3374 1916 aut,
3409 1856 3500 1915 5i,

1920 1945 2032 2010 5:2).
2070 1943 2135 1999 Et
2167 1955 2285 2015 post
2320 1946 2596 2014 paululum
2632 1964 2645 1998 :
2702 1947 2845 1998 Dabo
2880 1948 3039 2013 legent
3094 1965 3261 2001 meum
3314 1950 3367 1999 in
3398 1949 3493 2000 vis-

1918 2038 2148 2091 scetibus
2181 2054 2382 2100 eorum,
2408 2049 2457 2090 et
2492 2039 2542 2090 in
2591 2041 2745 2090 corde
2783 2056 2959 2091 eorum
2992 2042 3217 2093 scribant
3252 2039 3416 2103 illaut,
3450 2049 3499 2090 et

1916 2146 2004 2182 cro
2031 2131 2106 2183 eis
2144 2131 2197 2181 in
2255 2129 2439 2193 Deum,
2469 2138 2515 2182 et
2576 2131 2677 2194 ipsi
2712 2142 2863 2183 erunt
2896 2132 3023 2183 mihi
3045 2133 3095 2184 itt
3137 2132 3383 2199 popu’um
3410 2147 3426 2195 ;
3451 2142 3500 2184 et

1916 2238 2016 2274 nou
2047 2219 2249 2274 decebit
2277 2222 2355 2274 vir
2390 2222 2531 2273 ultra
2569 2223 2862 2280 proximum
2896 2238 3070 2284 suum,
3100 2230 3148 2274 ct
3172 2222 3249 2273 vir
3276 2222 3495 2287 fratrem

1915 2330 2092 2375 suum,
2141 2312 2645 2381 dicens:Cognoscc
2680 2315 2699 2344 ⁸
2760 2315 3058 2367 Dominum.
3111 2312 3304 2367 Omnes
3362 2316 3496 2367 enim

1915 2415 2219 2473 cognoscent
2248 2422 2328 2458 me
2356 2422 2386 2456 α
2417 2406 2631 2457 minimo
2668 2421 2826 2473 usque
2854 2406 2920 2457 ad
2993 2407 3277 2456 maximum
3331 2404 3493 2472 (Ibid.

1914 2497 2003 2561 53,
2037 2496 2479 2565 31).l‘erspicue
2535 2512 2599 2549 ex
2656 2479 2912 2549 contextu
2970 2496 3116 2549 illius
3149 2497 3314 2567 368
3372 2498 3494 2555 lori,

1913 2588 2155 2642 futurum
2190 2587 2391 2642 Christi
2426 2604 2650 2657 regnum
2690 2588 2954 2656 propheta
2993 2589 3275 2648 describit,
3307 2602 3355 2641 ct
3389 2604 3491 2657 qttu

1914 2682 2303 2749 consequentia
2345 2679 2415 2732 ibi
2449 2680 2555 2733 erit
2602 2678 2861 2732 minimus
2896 2687 2949 2731 et
2980 2679 3267 2741 maximus,
3302 2680 3344 2732 si
3377 2694 3488 2732 om—

1914 2789 2012 2827 nes
2062 2773 2299 2840 :eqnales
2353 2771 2521 2824 futuri
2585 2772 2758 2823 sunt?
2812 2770 3007 2839 Utique
3060 2787 3119 2824 ca
3158 2786 3263 2840 qua
3322 2780 3377 2823 et
3439 2770 3490 2822 in

1914 2863 2204 2933 Evangelio
2265 2863 2505 2915 dicitur:
2568 2860 2669 2925 Qui
2722 2861 2953 2913 docuerit
3008 2871 3057 2913 et
3115 2861 3325 2928 fecerit,
3410 2858 3491 2911 hic

1914 2957 2180 3010 vocabitur
2214 2953 2478 3006 maximus
2517 2952 2571 3004 iu
2634 2966 2789 3019 regno
2846 2952 3115 3004 caelorum.
3182 2950 3285 3014 Qui
3318 2960 3491 3001 autem

1912 3048 2169 3109 docuerit,
2207 3056 2251 3097 et
2280 3061 2380 3096 non
2411 3043 2609 3111 fecerit,
2642 3043 2742 3095 erit
2788 3042 3035 3093 minimus
3063 3038 3277 3109 (Matth.
3300 3055 3349 3103 v,
3379 3038 3489 3107 19).

1917 3134 1971 3190 lu
2005 3136 2254 3191 convivio
2288 3135 2535 3187 Salvator
2564 3132 2844 3201 praecepit,
2880 3140 2937 3183 ut
2974 3130 3290 3184 inferiorem
3320 3145 3489 3184 occuo

1916 3244 2107 3297 pemus
2138 3228 2316 3281 locutu
2350 3244 2363 3279 :
2398 3241 2464 3279 ne
2491 3240 2614 3279 cum
2646 3224 2820 3293 major
2848 3222 3083 3284 venerit,
3124 3224 3190 3275 de
3222 3220 3487 3289 superiori

1913 3322 2147 3391 turpiter
2180 3318 2535 3374 detrudamur
2571 3316 2724 3383 (Luc.
2764 3332 2876 3377 xiv,
2908 3314 2982 3383 9).
3046 3313 3103 3367 Si
3142 3314 3335 3366 cadere
3380 3328 3484 3365 non

1912 3423 2226 3480 posmmus,
2263 3406 2359 3460 sed
2414 3416 2624 3460 tantum
2665 3421 2757 3474 per
2806 3404 3181 3471 pmnitentiam
3242 3404 3484 3456 sublcvn‘

1910 3516 2071 3554 mur:
2106 3498 2231 3568 quid
2270 3499 2371 3553 sibi
2408 3500 2521 3552 vult
2576 3501 2721 3553 scala
2760 3497 2843 3550 illa
2877 3496 2927 3547 in
2964 3495 3169 3555 Bethel,
3198 3510 3294 3563 per
3327 3511 3486 3561 quam

1909 3588 2082 3659 angeli
2108 3589 2446 3641 descendunt
2472 3598 2632 3656 atque
2673 3586 2994 3648 ascen-lunt,
3022 3585 3112 3652 qui
3145 3585 3211 3637 de
3243 3585 3392 3637 cmlis
3422 3584 3489 3633 ad

1910 3685 2110 3732 terram
2143 3678 2400 3732 veniunt?
2439 3677 2596 3731 Certe
2650 3678 2792 3729 inter
2836 3690 2969 3729 oves
3006 3686 3057 3729 et
3092 3674 3157 3725 ad
3211 3674 3487 3725 dexteram

1909 3770 2145 3832 stabant,
2179 3770 2306 3823 dum
2354 3769 2427 3823 ibi
2462 3780 2663 3823 essent.
2716 3768 2906 3837 Augeli
2939 3767 3003 3820 (lc
3061 3766 3213 3819 tonis
3269 3769 3491 3817 ιῖρεοιιιιο

1907 3857 2062 3914 dunt.
2108 3870 2163 3913 ct
2198 3857 2525 3914 Jovinianus
2564 3860 2631 3913 de
2661 3874 2851 3913 eorum
2884 3857 3231 3927 possessione
3262 3872 3489 3909 securus

1907 3960 2012 4004 εει.

1976 4040 2071 4096 9.8.
2106 4042 2400 4097 illattsioucs
2454 4045 2506 4096 in
2551 4043 2691 4095 cwlis
2728 4044 2925 4096 multat.
2959 4041 3182 4095 Ordines
3217 4041 3483 4093 Ecclesium

1907 4133 2210 4191 Caelestium
2268 4136 2525 4188 virtutum
2556 4136 2786 4187 ordines.
2837 4133 3052 4198 —Qttis
3082 4142 3260 4184 autem
3317 4132 3485 4183 risum

1905 4238 2088 4282 tenere
2124 4238 2287 4295 queat
2312 4228 2361 4279 in
2393 4242 2477 4289 eo,
2511 4226 2652 4296 quod
2709 4226 2906 4277 multas
2966 4225 3276 4277 mansione;
3332 4225 3473 4290 apud

1906 4319 2138 4381 Patrem,
2174 4318 2443 4373 Eeclesias
2475 4320 2762 4370 arbitretur
2804 4317 2857 4368 in
2893 4325 3004 4370 toto
3062 4315 3196 4370 orbe
3239 4315 3484 4377 dilTusas,

1906 4425 2024 4464 cum
2066 4409 2500 4464 manifestissime
2566 4408 2851 4477 Scriptura
2906 4408 3119 4469 doceat,
3181 4411 3479 4463 secundum

214 4508 262 4548 tr
290 4511 497 4549 nsecns
558 4496 742 4559 lateat,
782 4496 982 4551 frustra
1040 4500 1104 4553 ad
1145 4500 1562 4573 intelligentiam
1604 4504 1799 4573 mysti-
1839 4524 1882 4581 ο
1910 4501 2257 4573 Evangelium
2294 4501 2541 4564 Joannis,
2596 4516 2701 4554 non
2739 4500 2805 4553 de
2842 4500 3201 4554 Ecclesiarum
3234 4517 3485 4567 numero,

210 4604 335 4642 rain
362 4604 765 4656 prome-imor.

281 4749 375 4800 ‘27.
420 4746 712 4807 llultt’plex
755 4745 948 4801 Christi
979 4749 1237 4803 habitatio
1267 4752 1318 4804 in
1352 4752 1699 4805 credentibus.
1743 4784 1807 4794 -

214 4839 269 4890 Si
302 4849 497 4892 autem
534 4836 695 4891 Pater
729 4850 783 4893 et
810 4838 978 4894 Filius
1017 4844 1357 4896 mansionem
1414 4844 1619 4899 iaciunt
1659 4851 1800 4917 apud

211 4930 540 4989 credentes.
581 4940 637 4983 ct
678 4930 763 4984 ubi
794 4929 1043 4985 Christus
1077 4934 1277 5003 hospes
1308 4945 1410 4999 est,
1449 4936 1518 4989 ibi
1549 4937 1683 4991 nihil
1718 4940 1809 4993 de-

214 5038 339 5075 esse
374 5020 687 5085 esistimas,
726 5033 853 5090 puto
896 5024 1037 5091 quod
1069 5024 1226 5078 aliter
1250 5025 1502 5081 Christus
1532 5026 1811 5081 habitave-

211 5115 280 5166 rit
328 5114 383 5163 in
417 5111 748 5173 Corinthiis,
781 5113 937 5166 aliter
979 5115 1029 5166 in
1062 5113 1352 5181 Ephesiis;
1389 5117 1488 5170 hoc
1522 5128 1607 5171 cst
1647 5119 1806 5172 aliter

210 5207 263 5258 in
303 5205 392 5257 his
422 5203 572 5271 apud
619 5219 754 5269 quos
789 5205 986 5259 Paulus
1036 5208 1323 5275 (apostolus
1372 5220 1592 5275 peceata
1631 5211 1801 5262 multa

211 5295 593 5366 deprehendit
628 5295 667 5359 ³,
704 5306 758 5350 et
787 5297 943 5351 aliter
993 5300 1043 5352 in
1088 5300 1173 5353 his
1206 5300 1404 5368 quibus
1461 5313 1807 5356 sacramenta

291 5520 305 5547 '
359 5516 457 5569 Sc
507 5532 674 5596 ins=._
710 5522 1082 5589 castigatiorcs
1141 5534 1193 5577 et
1257 5521 1572 5579 Victorius:
1639 5538 1800 5582 antea

213 5600 335 5641 cmi
378 5600 723 5639 »τἰιιιιιιιιιιιδ.

293 5663 312 5688 ³
366 5656 851 5735 \‘trtorius
909 5659 1189 5721 tri-asinus,
1253 5674 1307 5716 ut
1369 5664 1601 5719 habetur
1657 5667 1798 5735 apud

216 5726 429 5781 Lm-aut
467 5741 623 5776 \\lll.
662 5728 798 5778 Alibi
836 5740 912 5780 est
952 5733 1375 5789 mirus/asiam.

288 5817 303 5829 -'
346 5797 470 5847 l‘iu
522 5812 653 5851 mss.
682 5815 800 5850 ςἰιη
840 5813 1000 5855 metu
1034 5806 1258 5856 editioni
1308 5808 1649 5869 ιιεςνιίηνιμιῖ.

522 5812 653 5851 mss.
682 5815 800 5850 ςτιιη
840 5813 1000 5855 \ctct'.
1034 5806 1258 5856 editions

1914 4595 2007 4649 sed
2040 4594 2106 4648 de
2137 4594 2398 4649 cwlormn
2428 4592 2827 4655 mansionibus,
2865 4600 2916 4643 et
2965 4593 3184 4644 :eternis
3233 4593 3486 4646 taberna-

1914 4686 2071 4749 culis,
2098 4700 2217 4753 qum
2245 4685 2512 4753 preplieta
2545 4683 2841 4746 desiderat,
2878 4682 3107 4736 Domino
3167 4683 3333 4739 fuisse
3365 4701 3485 4739 ser-

1914 4776 2168 4830 monem?
2207 4774 2271 4828 In
2328 4778 2502 4839 domo,
2547 4776 2743 4845 inquit,
2789 4774 2962 4829 Patris
3021 4779 3125 4828 mei
3184 4778 3484 4831 mansiones

1912 4870 2090 4921 multtc
2119 4879 2263 4921 sunt.
2298 4870 2355 4921 Si
2372 4885 2475 4934 quo
2502 4872 2696 4931 minus,
2728 4870 2975 4922 dixissent
3004 4870 3168 4933 vobis,
3189 4870 3311 4936 quia
3347 4872 3476 4923 vado

1914 4961 2051 5014 vobis
2080 4977 2268 5027 parare
2301 4962 2507 5023 locum;
2540 4973 2583 5012 et
2618 4962 2663 5015 si
2701 4962 2877 5013 abiero
2907 4971 2955 5014 ct
2986 4977 3351 5029 prtrparavcro
3396 4980 3481 5014 ιοο

1912 5053 1987 5104 bis
2023 5054 2211 5116 locum,
2246 5055 2431 5105 iterum
2476 5054 2703 5113 veniant,
2755 5062 2800 5105 ct
2837 5054 3090 5119 accipiant
3121 5069 3208 5104 vos
3263 5053 3330 5103 ad
3372 5071 3476 5105 me-

1910 5144 2095 5206 ipsum.
2118 5154 2170 5193 ut
2200 5144 2283 5193 ubi
2316 5159 2405 5204 ego
2433 5158 2572 5200 sunt,
2600 5151 2647 5193 et
2682 5159 2764 5194 vos
2792 5144 2906 5195 sitis
2950 5140 3130 5210 (Joau.
3160 5158 3267 5200 Illi.
3301 5144 3355 5199 2.
3384 5144 3462 5209 ὅ).

1912 5229 2081 5282 Locus
2113 5239 2164 5283 et
2194 5231 2502 5283 mansiones
2530 5246 2665 5299 quas
2698 5246 3000 5299 praeparare
3031 5248 3087 5284 se
3117 5233 3247 5284 dicit
3311 5232 3474 5285 Chri-

1914 5329 2028 5374 stus
2058 5322 2336 5390 apostnlis,
2366 5324 2417 5373 in
2447 5322 2605 5374 domo
2638 5326 2822 5391 utique
2851 5333 2975 5375 sunt
3016 5321 3209 5384 l’att'is,
3264 5323 3314 5376 id
3370 5333 3472 5387 est,

1987 5552 1999 5565 ‘
2042 5540 2100 5592 Al
2146 5551 2192 5591 et
2230 5541 2316 5607 qui
2344 5544 2527 5593 minor.
2564 5539 2911 5597 Cistercicus.
2945 5542 3081 5597 liber
3109 5546 3197 5611 qui
3235 5547 3474 5599 minimus

1906 5620 2002 5666 cst.
2031 5612 2214 5672 inqut,
2250 5616 2297 5662 in
2328 5629 2503 5679 ιἰυιιο,
2538 5621 2643 5663 (τις.

1983 5686 2000 5708 θ
2050 5680 2175 5732 Ms".
2216 5682 2455 5749 plerique
2492 5682 2819 5748 l'UtfPiOSL'iic:
2858 5695 2909 5736 et
2944 5685 3104 5750 paulo
3175 5694 3313 5755 post,
3369 5688 3472 5752 Qui

1910 5760 2081 5802 att-(ctu
2116 5763 2365 5816 ιιιιιιῖςιςι,
2398 5765 2443 5804 ι’(
2471 5755 2644 5818 ιιίιιίιιίι
2683 5770 2778 5801 non
2826 5762 3022 5819 ti'u‘ttt,
3061 5766 3162 5809 «ριν.
