4222 6352
734 357 840 419 339

1923 370 1982 431 S.
2023 372 2335 435 EUSEDII
2379 377 2809 445 lllERONYMl

3891 393 3993 455 340

816 489 985 578 regno
1015 475 1300 578 calorum,
1332 497 1436 578 non
1469 484 1520 536 in
1547 492 1708 546 terra,
1746 486 1797 537 in
1832 502 1935 555 qua
1974 493 2037 542 ad
2067 507 2304 559 prmsens
2336 499 2375 555 Α
2408 506 2570 566 atque
2594 502 2923 563 subsannes,
2956 504 3000 555 si
3038 503 3393 574 imperatores
3424 509 3533 575 (Al.
3576 510 3985 578 imperatorem)

735 563 843 637 [AL
864 569 1125 643 presens]
1146 574 1418 644 apostolos
1434 576 2086 653 relinquebat.Simulque
2114 599 2305 638 sensus

736 658 1030 729 Scriptura:
1058 664 1352 722 intuendus
1385 681 1401 723 :
1437 668 1705 738 Dicerem,
1742 672 1937 742 inquit,
1976 675 2150 738 vobis,
2181 677 2305 743 quia

733 754 874 809 vado
899 764 955 812 et
984 760 1299 830 pra-parabo
1326 762 1482 820 vobis
1506 764 1684 821 locum
1718 784 1732 821 :
1767 767 1811 822 si
1844 782 1952 822 non
1990 769 2308 825 mansiones

732 847 920 904 multa:
959 859 1143 906 essent
1169 854 1314 924 apud
1352 854 1589 923 Patrem,
1640 857 1743 914 hoc
1772 868 1876 927 est,
1919 861 1961 915 si
1995 876 2103 916 non
2132 878 2306 916 unus-

733 944 963 1013 quisque
990 948 1327 1005 mansionem
1387 951 1490 1007 sibi
1521 967 1629 1008 non
1666 970 1730 1010 ex
1763 953 2005 1026 largitate
2040 956 2155 1022 Dei,
2198 957 2307 1012 .sed

735 1050 800 1088 ex
832 1037 1068 1107 prapriis
1099 1042 1354 1110 operibus
1390 1055 1727 1114 praepararet
1765 1064 1778 1103 :
1810 1056 1862 1103 et
1894 1047 2015 1103 ideo
2062 1064 2168 1103 non
2222 1054 2308 1103 est

736 1144 917 1184 meum
969 1135 1314 1197 parare,sed
1346 1144 1611 1203 vestrum,
1670 1142 1794 1211 quia
1846 1150 1901 1196 et
1954 1138 2109 1197 Judze
2174 1140 2309 1197 nihil

736 1223 939 1291 profuit
964 1236 1181 1296 paratus
1210 1229 1385 1296 locus,
1420 1246 1582 1301 quem
1612 1249 1711 1289 suo
1738 1234 1873 1290 vitio
1906 1235 2158 1305 perdidit.
2187 1236 2313 1293 Jux-

737 1325 789 1368 ta
826 1332 984 1387 quem
1043 1334 1260 1374 sensum
1290 1334 1344 1377 et
1371 1324 1506 1380 illud
1559 1326 1988 1398 intelligendum,
2048 1332 2191 1399 quod
2244 1332 2311 1387 ad

740 1409 874 1461 tilios
906 1408 1102 1464 dicitur
1132 1410 1409 1481 Zebcda‘i,
1458 1433 1691 1487 quorum
1721 1422 1855 1474 alter
1883 1436 1910 1473 a
1943 1422 2201 1486 sinistris,
2236 1424 2312 1478 al~

735 1512 819 1555 ter
876 1504 1131 1572 cup'ebat
1188 1507 1438 1564 sederca
1496 1511 1750 1566 dextris:
1813 1512 2040 1568 Calicem
2104 1516 2314 1586 quidem

734 1612 907 1649 meum
945 1598 1128 1652 bibetis
1162 1618 1179 1668 ;
1216 1603 1394 1656 sedere
1421 1612 1593 1656 autem
1619 1621 1650 1657 a
1681 1604 1882 1660 dextris
1936 1607 2081 1670 meis,
2114 1610 2217 1661 sive
2283 1625 2312 1659 α

735 1688 988 1751 sinistris,
1016 1706 1119 1743 non
1152 1702 1227 1745 est
1256 1710 1427 1747 meum
1463 1695 1594 1749 dare
1622 1698 1783 1758 vobis,
1818 1699 1906 1751 sed
1937 1699 2125 1767 quibus
2154 1716 2314 1765 para-

736 1792 845 1831 tum
868 1789 943 1833 est
972 1797 1003 1833 a
1039 1780 1196 1835 Patre
1228 1799 1339 1836 meo
1380 1784 1599 1853 (Matth.
1636 1804 1726 1853 xx,
1751 1790 1864 1853 23‘).
1897 1789 2010 1843 Non
2066 1802 2150 1846 est
2191 1791 2311 1845 Filii

2411 592 2778 658 posuerimus,
2802 593 3085 660 prarfectos
3112 609 3164 651 et
3184 599 3424 665 comites,
3449 610 3503 655 et
3526 602 3777 656 tribunos
3802 611 3854 656 et
3871 615 3994 655 cen-

2414 684 2679 745 turiones,
2699 693 2751 738 et
2774 687 3101 755 manipulos,
3118 700 3171 744 et
3200 692 3466 761 reliquum
3495 694 3697 749 militiae
3716 695 3987 751 ordinem.

2483 778 2572 832 29.
2604 778 2716 832 Mos
2755 778 3046 849 Scriptura:
3089 790 3475 843 sacrmElisa’i
3508 788 3704 856 duplex
3747 788 3987 854 spiritus.

2412 870 2547 925 Illud
2583 883 2760 927 autem
2792 873 2935 941 quod
2970 875 3048 929 ait
3082 894 3095 928 :
3144 876 3373 934 Nescitis
3404 882 3528 952 quia
3565 897 3785 948 corpora
3816 890 3988 934 vestra

2415 963 2667 1031 templum
2696 974 2767 1018 est
2789 962 3015 1032 Spiritus
3052 970 3222 1022 sancti
3249 968 3300 1035 (1
3337 969 3460 1025 Cor.
3496 988 3573 1034 vt.
3634 972 3747 1035 19),
3822 971 3991 1025 frivo-

2413 1054 2521 1110 lum
2550 1068 2630 1111 est
2664 1058 2704 1122 ³,
2741 1075 2860 1114 eum
2923 1063 3203 1133 Scriptura
3262 1062 3426 1134 370
3482 1064 3666 1119 divina
3725 1063 3899 1118 soleat
3941 1072 3994 1116 et

2418 1164 2589 1204 unum
2620 1152 2923 1222 pluraliter,
2944 1166 2995 1210 et
3021 1156 3172 1227 plura
3194 1156 3549 1224 singulariter
3581 1156 3860 1225 appellare
3892 1174 3903 1208 :
3942 1164 3994 1208 et

2418 1252 2602 1299 tamen
2640 1244 2780 1300 sciat
2832 1246 2884 1301 in
2948 1246 3149 1317 templo
3201 1249 3554 1318 quoqueipso
3614 1248 3816 1303 multas
3876 1263 3993 1301 esse

2418 1338 2830 1393 mansiuncnlas
2855 1358 2866 1394 :
2894 1356 3015 1396 esse
3055 1341 3293 1396 exterius
3328 1342 3547 1400 atrium.
3590 1356 3708 1395 esse
3743 1340 3990 1399 interius,

2420 1448 2545 1487 esse
2602 1432 2891 1496 vestibula,
2924 1448 3044 1488 esse
3080 1431 3358 1497 Sanctum,
3397 1448 3515 1486 esse
3543 1430 3740 1486 Sancta
3782 1441 3994 1485 sancto-

2422 1539 2562 1576 rum.
2602 1524 2739 1576 Sunt
2778 1533 2829 1577 et
2861 1523 3053 1577 culina“:
3092 1524 3144 1578 in
3196 1525 3419 1594 templo,
3454 1534 3582 1579 sunt
3618 1534 3672 1578 et
3700 1522 3991 1585 cellariola.

2418 1618 2546 1661 sunt
2574 1618 2629 1663 et
2663 1611 2975 1676 toreularia,
3001 1620 3053 1666 et
3081 1627 3333 1668 vasorum
3366 1614 3731 1682 receptacula.
3758 1613 3833 1668 lta
3868 1615 3992 1669 etin

2422 1702 2884 1771 templocorporis
2924 1706 3094 1759 nostri
3148 1706 3361 1761 diversa
3418 1717 3545 1761 sunt
3601 1707 3820 1759 merita.
3874 1704 3991 1759 Non

2420 1808 2574 1858 teque
2606 1792 2747 1848 Deus
2793 1812 2984 1850 omnes
3036 1797 3351 1853 inhabitat‘
3404 1813 3553 1852 :nec
3614 1798 3680 1850 ad
3744 1797 3991 1851 eamdem

732 1871 912 1926 dare:
949 1880 1004 1926 et
1063 1876 1341 1940 quomodo
1398 1879 1581 1932 Patris
1629 1890 1711 1934 est
1764 1880 1927 1951 369
1985 1884 2316 1950 pr.rparare?
2348 1875 2387 1931 Β
2420 1900 2729 1939 mensuram
2771 1888 3024 1942 omnibus
3070 1889 3395 1945 infunditur.
3437 1891 3515 1945 De
3558 1890 3753 1959 spiritu
3824 1889 3993 1957 Moysi

733 1962 962 2028 Paratae,
1004 1964 1199 2034 inquit.
1230 1976 1358 2021 sunt
1402 1968 1455 2022 itt
1496 1970 1631 2024 caelo
1664 1971 1893 2025 diversa:
1956 1980 2007 2026 et
2070 1973 2317 2042 plurimm

734 2055 1069 2121 mansiones,
1104 2059 1353 2128 plurimis
1412 2061 1759 2133 diversisque
1828 2064 2142 2127 virtutibus.
2180 2082 2317 2137 quas

734 2164 841 2203 non
874 2163 1120 2219 persona:
1151 2152 1453 2223 accipiunt,
1487 2158 1580 2210 sed
1628 2170 1813 2225 Opera.
1850 2157 2070 2211 Frustra
2123 2174 2251 2228 ergo
2287 2176 2315 2213 a

733 2256 821 2293 me
858 2242 1043 2311 petitis
1082 2245 1307 2313 quodin
1362 2246 1520 2301 vobis
1574 2247 1738 2300 situm
1798 2258 1900 2311 est,
1959 2250 2100 2319 quod
2162 2249 2318 2305 Pater

734 2348 887 2386 meus
916 2334 1021 2388 illis
1050 2338 1281 2405 paravit,
1311 2338 1401 2406 qui
1443 2338 1619 2409 dignis
1656 2340 1949 2395 virtutibus
2004 2343 2068 2394 ad
2104 2351 2309 2395 tantam

733 2426 1015 2481 ascensuri
1057 2436 1187 2481 sunt
1215 2427 1561 2499 dignitatem.
1597 2431 1767 2485 Porro
1792 2434 1932 2502 quol
1970 2434 2077 2488 ait:
2114 2434 2315 2488 Iterum

730 2520 959 2582 veniam,
991 2530 1037 2573 et
1078 2521 1335 2589 accipiant
1390 2538 1482 2575 ros
1540 2524 1608 2575 ad
1670 2527 1941 2592 meipsntn,
2000 2538 2055 2581 ut
2088 2530 2175 2580 ulti
2225 2546 2316 2598 ego

724 2610 936 2675 annuet
968 2629 1053 2667 eos
1082 2613 1197 2668 sitis
1231 2612 1411 2683 (Joan.
1451 2632 1559 2681 διν,
1586 2619 1662 2683 5),
1720 2620 1939 2687 proprie
1979 2621 2041 2673 ad
2091 2631 2311 2691 aposto-

731 2708 812 2760 los
844 2706 1108 2774 loquitur,
1177 2706 1245 2762 de
1304 2708 1506 2778 quibus
1567 2720 1617 2764 et
1672 2711 1724 2763 in
1751 2711 1855 2765 alio
1876 2711 1995 2767 loco
2049 2714 2311 2781 scriptum

728 2804 847 2851 est:
882 2794 948 2850 Ut
1009 2800 1266 2863 quomodo
1298 2816 1390 2869 ego
1419 2810 1470 2853 et
1498 2809 1553 2852 tu
1610 2799 1777 2854 Pater
1830 2818 1988 2854 unum
2017 2818 2216 2865 sumus,
2242 2804 2314 2855 sic

730 2900 777 2943 et
807 2887 888 2944 illi
920 2892 975 2941 in
1007 2891 1155 2944 nobis
1188 2906 1347 2943 unum
1388 2892 1494 2945 sint
1537 2891 1722 2961 (Jonn.
1759 2909 1892 2957 xvtt,
1928 2896 2044 2961 2|),
2070 2897 2159 2965 qui
2196 2910 2313 2950 cre-

730 2982 1009 3047 diderunt,
1070 2984 1162 3053 qui
1212 2982 1444 3054 perfecti
1484 2995 1633 3046 sunt,
1688 2984 1780 3053 qui
1838 2997 2067 3055 possunt
2110 2986 2312 3053 dicere,

729 3092 849 3137 pars
881 3091 997 3129 utea
1026 3075 1281 3130 Dominus
1337 3074 1513 3145 (Psal.
1546 3092 1711 3139 vatt,
1743 3078 1856 3146 9.6).
1885 3077 1940 3131 Si
1970 3089 2149 3134 autem
2204 3095 2310 3133 non

729 3174 856 3220 sunt
896 3166 1144 3236 plurima:
1201 3166 1540 3229 mansiones,
1595 3169 1873 3235 quomodo
1925 3178 1977 3222 et
2028 3170 2080 3223 in
2136 3170 2306 3224 veteri

732 3258 1086 3313 Testamento
1114 3257 1249 3313 etin
1288 3273 1456 3323 novo,
1515 3258 1679 3312 alium
1747 3261 1997 3315 ordinem
2057 3262 2304 3330 pontifex

732 3360 901 3412 tenet.
944 3351 1109 3405 alium
1141 3351 1477 3413 sacerdotes,
1519 3351 1685 3405 alium
1742 3351 1961 3416 Levitm,
2019 3353 2183 3406 alium
2213 3352 2308 3407 Ja-

732 3444 959 3507 nitores,
992 3442 1157 3496 alium
1188 3441 1419 3498 Editui.
1459 3443 1527 3496 Et
1564 3441 1615 3496 iit
1647 3441 1917 3497 volumine
1944 3442 2306 3509 Ezechielis‘,

732 3534 820 3589 ubi
872 3534 1070 3590 futura
1119 3534 1378 3589 Ecclesiae
1438 3543 1493 3589 et
1560 3534 1795 3589 cmlestis
1828 3534 2125 3590 Jerusalem
2175 3539 2309 3592 ordo

731 3628 1083 3693 describitur,
1119 3628 1435 3684 sacerdotes
1464 3628 1557 3697 qui
1613 3639 1997 3697 peccaverant,
2024 3632 2311 3701 regradan-

732 3729 819 3772 tur
853 3718 907 3771 in
960 3718 1209 3783 aedituos,
1275 3718 1411 3773 etin
1453 3717 1837 3772 'ostiarioszet
1898 3733 2018 3773 cum
2082 3720 2193 3774 sint
2256 3719 2309 3772 in

735 3812 937 3882 templo
985 3812 1122 3877 Dei,
1175 3812 1284 3867 hoc
1336 3820 1478 3868 esta
1542 3809 1767 3873 dextris,
1831 3826 1936 3864 tton
1988 3820 2119 3863 sunt
2170 3812 2311 3863 inter

735 3902 955 3969 arietes,
984 3902 1082 3958 sed
1120 3902 1266 3956 inter
1288 3901 1544 3955 minimas
1576 3914 1727 3954 oves.
1780 3901 1839 3953 ln
1903 3900 2067 3955 ﬂuvio
2097 3916 2311 3969 quoque

738 3998 852 4062 illo,
880 3995 969 4066 qui
997 3996 1065 4051 de
1120 3996 1324 4064 templo
1378 3994 1677 4064 egreditur,
1744 4001 1797 4047 et
1844 3993 2033 4060 irrigat
2102 3994 2307 4047 salsum

736 4102 908 4152 mare,
939 4096 988 4142 et
1017 4087 1273 4141 universa
1314 4086 1569 4151 vivificat,
1606 4085 1789 4140 multa:
1846 4085 2058 4155 species
2082 4086 2311 4154 piscium

735 4180 1143 4235 describuntur.
1188 4178 1368 4245 Quare
1396 4178 1452 4232 in
1477 4192 1647 4248 regno
1680 4177 1942 4231 ctelorum
1982 4176 2309 4246 Archangeli

735 4279 883 4335 sunt,
939 4270 1150 4341 Angeli,
1188 4268 1415 4335 Throni,
1496 4268 1924 4333 Dominationes,
1982 4267 2310 4331 Potestates.

734 4362 1056 4426 Cherubim,
1100 4370 1155 4416 et
1203 4361 1615 4432 Seraphim:et
1675 4374 1835 4415 omne
1902 4373 2103 4415 nomen
2166 4359 2313 4430 quod

737 4456 1077 4517 nominatur,
1128 4468 1237 4509 non
1271 4455 1444 4511 solum
1504 4454 1561 4508 in
1612 4454 1872 4524 praesenti
1930 4453 2151 4520 saeculo,
2217 4453 2313 4509 sed

2419 1976 2692 2043 aufertur,
2729 1988 2783 2032 et
2820 1981 3167 2049 septuaginta
3224 1982 3563 2051 presbyteris
3618 1980 3801 2035 datur.
3859 1980 3995 2035 Puto

2420 2068 2578 2122 aliam
2609 2085 2729 2124 esse
2756 2072 3145 2126 abundantiam
3171 2072 3433 2136 fluminis,
3469 2073 3633 2126 aliam
3669 2072 3991 2126 rivulorutn.

2422 2160 2552 2215 Elite
2581 2162 2810 2231 spiritus
2844 2163 3033 2219 Elisco
3070 2163 3264 2233 duplex
3295 2163 3455 2218 datur
3488 2181 3502 2220 :
3537 2164 3680 2217 unde
3714 2173 3767 2218 et
3796 2163 3993 2232 duplex

2418 2254 2589 2323 gratia
2630 2255 2763 2308 fecit
2788 2256 2940 2325 signa
2977 2254 3200 2323 majora.
3243 2255 3335 2307 liie
3371 2256 3525 2308 vivus
3566 2265 3868 2318 tumtutum,
3898 2255 3996 2308 iste

2420 2357 2671 2402 mortuus
2696 2361 2969 2401 mortuum
3004 2348 3308 2403 suscitavit.
3348 2348 3440 2401 Ille
3496 2348 3693 2401 famem
3727 2350 3995 2416 impreca-

2421 2451 2508 2494 tus
2542 2448 2624 2493 est
2658 2440 2883 2509 populo,
2925 2440 3025 2493 iste
3064 2440 3302 2494 obsessa:
3328 2439 3535 2492 civitati
3598 2440 3832 2494 subuna
3902 2438 3993 2493 die

2419 2534 2644 2587 hostiles
2667 2535 2854 2602 c0pias
2891 2533 3138 2603 praebuit:
3160 2531 3308 2585 Licet
3338 2532 3436 2585 hoc
3462 2533 3606 2600 quod
3642 2535 3738 2595 ait,
3765 2531 3994 2586 Nescitis

2417 2627 2539 2696 quin
2574 2642 2794 2694 corpora
2852 2637 3016 2678 t'estrtt
3085 2628 3335 2685 tentplnm
3396 2634 3470 2679 est
3531 2623 3762 2693 Spiritus
3824 2626 3994 2678 sancti

2419 2718 2469 2789 (I
2500 2717 2622 2771 Cor.
2655 2735 2727 2781 γι,
2760 2720 2868 2783 19),
2907 2721 2974 2772 de
3005 2729 3195 2773 cuncta
3223 2718 3565 2772 credentium
3623 2719 3770 2772 dicat
3812 2716 3994 2771 Eccle-

2416 2810 2516 2871 sia,
2546 2808 2634 2877 qui
2682 2810 2884 2877 pariter
2916 2807 3251 2878 congregati,
3318 2823 3484 2861 unum
3523 2808 3723 2862 Christi
3791 2825 3991 2879 corpus

2416 2900 2676 2953 elliciuut.
2712 2898 2807 2954 Hic
2839 2900 2946 2968 jam
2980 2901 3245 2968 qureritnr
3286 2901 3613 2969 incorpore,
3636 2901 3726 2969 qui
3764 2903 3991 2967 pedibus

2420 2992 2625 3045 Christi
2660 2992 2858 3062 dignus
2887 2994 2974 3053 sit,
3006 2993 3095 3060 qui
3139 2993 3352 3061 capite;
3390 2993 3479 3060 qui
3534 2996 3723 3047 ocu'os
3754 2996 3875 3063 ejus
3901 2995 3988 3057 sit,

2416 3083 2507 3152 qui
2544 3099 2756 3136 manus.
2794 3084 2945 3148 Quod
2981 3095 3035 3137 et
3060 3085 3179 3135 duce
3256 3083 3514 3137 mulieres
3546 3086 3595 3137 in
3670 3084 3988 3155 Evangelia,

2418 3176 2695 3245 pmnitens
2728 3186 2779 3227 et
2816 3187 3034 3233 sancta.
3066 3176 3370 3245 significant
3410 3192 3671 3243 :agttaruut
3699 3178 3868 3229 aitera
3905 3192 3994 3245 pe-

2413 3270 2532 3333 des,
2568 3270 2733 3323 altera
2760 3280 2919 3335 caput
2946 3279 3113 3323 tenet.
3139 3266 3371 3323 Tametsi
3402 3270 3647 3322 nonnulli
3677 3270 3992 3323 θκὶςιὶνιίιιιιι

2412 3377 2574 3414 unam
2613 3377 2759 3423 esse,
2797 3371 2849 3413 et
2884 3376 3003 3429 qua:
3052 3360 3283 3428 primunt
3310 3362 3471 3429 co‘pit
3504 3376 3530 3413 a
3589 3361 3844 3428 pedibus,
3876 3377 3991 3414 eam

2411 3453 2673 3522 gradatim
2710 3452 2775 3504 ad
2802 3453 3059 3503 verticem
3095 3454 3431 3519 pervenisse.
3465 3450 3567 3503 Sed
3599 3462 3649 3503 et
3683 3451 3814 3503 iiiud
3852 3452 3989 3515 quod

2411 3543 2594 3611 objicit
2621 3540 2731 3612 [ΑΙ.
2758 3540 2997 3609 objecitl.
3034 3539 3152 3593 Non
3174 3558 3265 3605 pro
3294 3541 3370 3593 his
3406 3557 3527 3611 rogo
3568 3551 3801 3602 tuntum,
3830 3541 3919 3593 sed
3943 3550 3989 3593 et

2410 3652 2504 3703 pro
2534 3634 2633 3687 illis
2656 3634 2743 3702 qui
2773 3635 3022 3686 credituri
3045 3642 3163 3685 sunt
3202 3650 3291 3699 per
3316 3635 3525 3685 t’Cl‘l‘tlitt
3556 3649 3733 3685 eorum
3774 3636 3829 3685 itt
3868 3650 3945 3685 me
3976 3650 3991 3684 :

2414 3735 2468 3776 ut
2500 3729 2630 3778 sicut
2663 3740 2773 3791 ego,
2800 3723 2979 3786 Pater,
3018 3724 3139 3777 inte
3173 3725 3213 3790 ⁵,
3262 3734 3307 3777 et
3334 3734 3385 3775 tu
3415 3725 3567 3775 inme
3600 3739 3759 3774 unum
3790 3739 3992 3784 sumus,

2414 3820 2488 3872 ita
2511 3834 2687 3871 omnes
2716 3834 2876 3870 unum
2910 3820 3011 3869 sint
3041 3820 3091 3869 in
3124 3818 3267 3869 nobis
3309 3816 3486 3877 (Idan.
3509 3832 3643 3877 xvtt,
3664 3817 3754 3881 ΞΟ,
3778 3817 3870 3871 ΞΗ
3899 3833 3910 3867 :
3942 3820 3993 3867 et

2413 3911 2556 3979 quod
2606 3913 2785 3963 omnis
2820 3910 3051 3977 pOpulus
3089 3907 3430 3961 Christianus
3476 3922 3642 3959 unum
3670 3908 3735 3959 sit
3775 3907 3826 3957 in
3860 3905 3993 3967 Deo.

2413 3999 2567 4067 quasi
2628 3999 2721 4052 lilii
2749 3999 3080 4060 cltatissitui,
3129 3997 3320 4050 dieinte
3367 4007 3629 4051 consortes
3662 4006 3875 4048 naturis
3908 3995 3989 4063 (II

2419 4094 2559 4147 Petr.
2599 4108 2633 4157 ι,
2662 4094 2738 4162 4).
2771 4092 2886 4146 lam
2922 4107 3084 4160 supra
3112 4092 3369 4153 diximus,
3399 4102 3451 4145 et
3485 4106 3629 4145 nunc
3660 4091 3881 4160 plenius
3911 4092 3992 4143 iu-

2416 4186 2736 4241 culcandum
2765 4196 2865 4248 est,
2885 4200 2991 4239 non
3024 4199 3119 4237 nos
3146 4184 3445 4237 secundum
3482 4195 3755 4247 naturam,
3790 4184 3885 4236 sed
3914 4198 3996 4235 sc-

2416 4278 2654 4332 cundum
2690 4278 2917 4346 gratiam
2946 4291 3111 4328 unum
3146 4290 3268 4329 esse
3301 4276 3353 4327 in
3391 4273 3621 4327 Patteet
3649 4273 3788 4327 Filio
3821 4274 3861 4328 ⁸.
3899 4274 3999 4326 δρ-

2416 4383 2518 4440 que
2550 4370 2694 4423 enim
2732 4366 2974 4436 ejusdem
3019 4366 3342 4419 substantia
3375 4376 3458 4420 est
3501 4366 3668 4433 (quod
3717 4365 3997 4418 Manichzei

2418 4460 2595 4513 solent
2622 4459 2825 4527 dicere)
2852 4458 3033 4512 anima
3065 4458 3304 4511 humana
3326 4466 3374 4511 et
3398 4455 3559 4510 Deus.
3589 4453 3715 4517 Sed,
3740 4457 3998 4519 tltlt‘xisli,

737 4549 900 4603 etiam
930 4547 984 4601 in
1010 4546 1228 4602 futuro?
1258 4547 1385 4601 Sine
1410 4561 1570 4602 causa
1588 4547 1875 4602 diversitas
1894 4546 2173 4600 nominum
2206 4555 2307 4610 est,
2346 4550 2390 4608 D
2422 4553 2619 4622 inquit,
2653 4570 2760 4616 eos,
2812 4554 2944 4606 sicut
2996 4563 3044 4605 et
3078 4568 3156 4604 me
3205 4551 3444 4603 dilexisti
3496 4548 3678 4617 (Joan.
3719 4564 3857 4612 xvtt,
3883 4551 3996 4616 25).

737 4640 827 4694 ubi
863 4654 975 4693 non
1032 4648 1116 4692 est
1174 4640 1459 4694 diversitas
1524 4640 1869 4693 meritorum.
1935 4637 2312 4709 Arcbangelus

739 4735 927 4801 utique
962 4731 1191 4785 aliorum
1223 4730 1495 4785 minorum
1526 4741 1607 4786 est
1665 4731 2011 4802 angelorum.
2073 4731 2315 4784 Archan-

737 4824 910 4895 gelus,
940 4832 994 4878 et
1026 4821 1353 4885 Potestates,
1383 4828 1438 4875 et
1470 4821 1884 4876 Dominationes
1909 4823 2109 4876 habent
2161 4820 2311 4883 alia',

740 4931 837 4985 per
863 4930 983 4983 qua:
1017 4921 1304 4969 exerceant
1340 4921 1690 4983 pctestatem,
1722 4913 1849 4966 etin
1891 4927 2012 4982 quae
2066 4912 2313 4979 subjecta

739 5009 1111 5063 dominentur.
1145 5007 1258 5061 lloc
1288 5008 1338 5060 in
1371 5008 1524 5062 ccelis
1575 5015 1683 5069 est,
1744 5005 1848 5059 hoc
1897 5006 1950 5058 iu
2006 5004 2311 5059 ministerio

742 5103 853 5173 (At.
891 5101 1167 5172 mysterio)
1208 5100 1321 5168 Dei,
1365 5116 1433 5155 ne
1460 5115 1560 5155 nos
1611 5100 1773 5155 solito
1838 5112 1992 5152 more
2057 5098 2311 5165 irrideas,

814 5221 830 5251 ¹
864 5217 948 5271 Al.
980 5218 1035 5270 in
1067 5217 1265 5271 limine.
1293 5216 1474 5273 Locus
1501 5224 1585 5272 est
1616 5231 1737 5285 cap.
1797 5230 1943 5278 sur,
1978 5230 2029 5267 ν.
2068 5212 2180 5285 toi:
2209 5213 2312 5267 Sed

740 5299 789 5344 ct
820 5288 1039 5353 Levitw,
1060 5289 1149 5358 qui
1171 5287 1322 5357 longe
1354 5284 1740 5341 recesserunta
1764 5301 1843 5358 me
1867 5300 2045 5337 errore
2078 5284 2312 5350 ﬁliorum

742 5358 942 5422 Israel,
982 5368 1031 5412 et
1066 5357 1371 5412 erraverunt
1408 5374 1438 5409 a
1466 5374 1545 5411 me
1575 5367 1689 5423 post
1720 5357 1866 5409 idola
1898 5370 2017 5417 sua,
2053 5363 2099 5405 et
2132 5362 2315 5420 porta-

741 5439 923 5484 rerunt
954 5429 1288 5499 iniquitatem
1331 5443 1520 5489 suam,
1554 5436 1708 5480 erunt
1773 5428 1825 5478 in
1861 5425 2313 5499 sanctuarionteo

744 5500 918 5552 aditui
948 5507 996 5550 et
1018 5493 1273 5565 ianitores
1302 5508 1582 5565 portarunt
1619 5499 1804 5549 domus
1826 5534 1841 5559 ,
1871 5504 1919 5548 et
1961 5493 2196 5546 ministri
2222 5494 2315 5544 do-

743 5587 861 5623 mus
887 5568 1329 5632 ipsimactabunt,
1361 5577 1489 5629 etc.,
1513 5578 1623 5621 etc.

815 5640 835 5669 ²
865 5636 978 5691 Duo
1028 5654 1156 5710 mss.
1206 5639 1397 5710 habent
1450 5638 1628 5710 aliqua
1651 5678 1665 5699 ,
1697 5650 1854 5710 super
1892 5647 2006 5710 qua
2035 5641 2312 5710 eaerceant

746 5718 1081 5771 potestatem.
1117 5709 1252 5761 Tum
1284 5729 1302 5762 ι
1346 5706 1458 5762 llec
1481 5703 1899 5766 in'steculiscst,
1930 5705 2029 5757 hoc
2069 5703 2119 5755 itt
2154 5703 2312 5754 mini-

742 5782 910 5835 sterio
937 5780 1046 5833 Dei.
1096 5797 1111 5827 ι
1154 5778 1455 5844 Utrumque
1488 5776 1720 5832 inttassc
1758 5776 1958 5829 verius.

817 5852 834 5882 ³
870 5851 1030 5903 iidem
1068 5864 1197 5904 mss.
1227 5850 1371 5903 valde
1407 5848 1654 5911 frit-olunt
1682 5856 1777 5910 est,
1816 5852 1945 5906 elc.,
1982 5858 2102 5897 cum
2140 5845 2305 5896 veteri

2419 4645 2582 4700 Vides
2600 4661 2725 4713 ergo
2755 4645 2895 4714 quod
2919 4645 2971 4696 in
2991 4643 3327 4697 consortium
3357 4641 3674 4695 substantia:
3698 4640 3821 4709 ejus
3847 4656 3998 4693 assu-

2419 4736 2640 4798 mintur,
2672 4750 2778 4788 non
2826 4742 3033 4786 naturae
3079 4745 3202 4785 esse
3228 4772 3242 4794 ,
3274 4731 3366 4785 sed
3402 4730 3587 4799 gratiae
3618 4748 3629 4782 :
3662 4738 3714 4782 et
3746 4730 3869 4783 ideo
3901 4745 3995 4783 nos

2417 4826 2649 4897 diligit",
2679 4825 2804 4894 quia
2842 4823 2999 4893 371
3037 4822 3232 4875 Filium
3266 4819 3463 4875 dilexit
3491 4818 3690 4875 Pater:
3731 4828 3785 4874 et
3825 4837 3995 4875 mem-

2418 4922 2515 4974 bra
2545 4918 2865 4986 diliguntur,
2902 4917 3116 4970 scilicet
3164 4914 3216 4967 in
3261 4929 3514 4982 corpore.
3550 4913 3819 4982 Quotquot
3859 4914 3995 4967 enim

2419 5019 2722 5081 receperunt
2760 5009 3053 5069 Christum,
3094 5008 3237 5065 dedit
3269 5009 3343 5060 eis
3382 5014 3687 5072 potestatem
3725 5004 3864 5071 ﬁlios
3905 5006 3994 5059 Dei

2416 5103 2569 5170 ﬁeri,
2604 5103 2684 5155 Itis
2726 5102 2814 5171 qui
2860 5099 3077 5154 credunt
3122 5100 3177 5152 in
3220 5099 3430 5151 nomine
3478 5096 3633 5165 ejus:
3668 5098 3759 5164 qui
3787 5114 3889 5149 non
3932 5112 3994 5150 ea:

2417 5216 2679 5269 editione.

2492 5291 2513 5314 ⁵
2544 5286 2600 5337 lu
2637 5285 2757 5337 aliis
2783 5299 2912 5337 mss.
2946 5282 3008 5338 In
3040 5284 3277 5337 omnibus
3316 5280 3538 5333 habitat.

2489 5356 2508 5385 ³
2536 5354 2611 5407 lta
2642 5354 2819 5408 efferri
2860 5356 3035 5407 locum
3072 5356 3213 5407 hunc
3248 5355 3301 5405 in
3338 5365 3469 5402 mss.
3508 5365 3673 5418 supra
3701 5347 3991 5407 docuimus

2419 5440 2572 5478 nunt.
2607 5425 2695 5485 19,
2728 5436 2883 5488 nota;
2922 5435 3081 5493 atque
3117 5425 3190 5477 ita
3223 5422 3440 5488 quidem
3469 5422 3723 5493 habuisse
3752 5432 3987 5475 veterem

2419 5494 2663 5545 Latinam
2692 5494 2981 5549 editionem
3018 5509 3242 5549 pronum
3280 5500 3363 5545 est
3396 5492 3635 5543 credere.

2488 5564 2507 5593 ⁸
2541 5562 2940 5628 Cisterciensis,
3007 5560 3109 5619 Sed
3150 5560 3436 5616 secundum
3470 5561 3701 5628 gratiam
3751 5576 3867 5616 esse
3937 5563 3987 5615 in

2421 5631 2580 5685 Patre
2608 5644 2656 5684 et
2696 5620 2860 5694 Filio,
2895 5620 3098 5700 absque
3131 5650 3311 5684 unum.

2486 5704 2503 5732 ⁷
2545 5703 2683 5756 Idem
2748 5719 2871 5759 ηις..
2910 5701 2973 5751 iit
3013 5708 3125 5753 ideo
3172 5718 3263 5751 nos
3314 5702 3486 5763 diiiqit
3512 5719 3528 5763 ;
3559 5701 3707 5767 quia,
3763 5712 3897 5769 cte.,
3938 5702 3985 5755 in

2420 5774 2538 5827 aliis
2562 5776 2753 5829 deinde
2794 5774 2949 5828 lzbt'is
2980 5784 3061 5829 est
3091 5771 3288 5824 scilicet
3320 5789 3348 5823 η
3381 5788 3591 5835 eet-pore
