4218 6458
709 443 815 508 343

1861 449 1919 511 S.
1964 446 2276 510 EUSEBII
2317 445 2748 507 HIERONYMI

3843 439 3949 501 3H

699 565 1032 636 iustificetur
1066 566 1118 622 in
1156 569 1498 623 sermonibus
1550 568 1686 629 suis.
1728 579 1780 624 et
1815 571 1996 624 vincat
2025 588 2144 624 cum
2173 571 2265 640 ju-
2297 568 2339 623 Α
2376 569 2473 621 rita
2509 569 2676 623 totius
2731 568 2949 638 generis
2988 565 3234 626 humani,
3277 563 3368 618 sed
3407 560 3485 615 vel
3523 558 3586 614 ad
3621 556 3794 613 Judzei
3834 571 3962 628 per-

702 660 972 716 dicaverit
1015 659 1187 727 (Psai.
1212 662 1322 729 ιν).
1379 663 1485 715 Aut
1532 662 1695 730 igitur
1725 663 1887 718 homo
1921 681 2024 718 non
2057 666 2185 722 eris.
2210 679 2274 716 ne

705 754 940 809 menda:
977 753 1095 809 sis:
1129 764 1223 810 aut
1254 755 1297 809 si
1329 755 1453 823 quia
1497 755 1659 809 homo
1705 772 1786 822 es,
1819 757 2048 811 mendax
2081 757 2270 820 fueris.

705 861 829 900 cum
864 845 1155 916 parricidis
1182 857 1234 902 et
1268 846 1528 902 adulteris
1557 849 1818 918 punieris.
1845 849 1998 903 Nulla
2025 850 2272 904 cstenim

707 942 850 994 inter
873 951 1094 1009 peccata
1140 942 1466 1006 diversitas;
1504 952 1559 998 et
1591 960 1694 997 non
1733 945 1824 998 tibi
1858 945 2127 998 habebunt
2159 956 2273 998 tan-

709 1044 790 1086 tas
824 1036 1028 1102 gratias
1053 1050 1188 1105 quos
1220 1035 1286 1089 de
1319 1035 1512 1091 humili
1533 1038 1587 1092 in
1622 1038 1855 1093 sublime
1881 1037 2083 1101 elevas,
2109 1055 2279 1108 quau-

707 1137 821 1180 tum
857 1128 1184 1190 irascentur,
1216 1145 1357 1199 quos
1400 1139 1619 1200 propter
1647 1131 1760 1184 leve
1788 1132 2277 1200 quotidianumque

707 1229 1012 1287 peccatum,
1048 1221 1100 1276 in
1150 1223 1450 1278 exteriores
1487 1222 1738 1278 tenebras
1769 1226 2064 1279 retrnsisti.
2099 1225 2153 1279 Si
2183 1240 2277 1277 au-

709 1320 818 1364 tem
852 1311 906 1366 in
939 1315 1341 1383 persecutione,
1381 1315 1469 1382 qui
1510 1314 1836 1383 suffocatur,
1889 1328 1941 1373 et
1971 1319 2061 1385 qui
2094 1319 2276 1372 decol-

717 1405 883 1467 latur,
916 1416 969 1458 et
994 1405 1087 1474 qui
1125 1406 1342 1477 fugerit.
1390 1415 1443 1462 ct
1482 1408 1573 1476 qui
1605 1408 1654 1460 iu
1703 1425 1974 1464 carcerem
2033 1421 2279 1464 retrusus

711 1496 930 1559 obierit,
962 1496 1015 1551 in
1050 1498 1220 1553 variis
1247 1499 1406 1552 luctce
1431 1497 1722 1567 generibus
1753 1513 1856 1551 una
1888 1515 2084 1554 corona
2116 1501 2282 1553 victo.

713 1588 809 1642 ria
835 1597 937 1657 est,
967 1596 1020 1643 et
1049 1590 1152 1645 hoc
1183 1605 1279 1659 pro
1311 1591 1466 1644 nobis
1489 1591 1633 1644 facit.
1662 1591 1717 1644 ln
1747 1604 1983 1662 martyre
2007 1591 2146 1645 enim
2185 1607 2279 1646 vo-

714 1680 944 1748 luntas,
1003 1695 1068 1736 ex
1133 1697 1235 1751 qua
1295 1681 1407 1752 ipsa
1461 1697 1610 1736 mors
1665 1684 1926 1747 nascitur,
1968 1696 2278 1738 coronatur.

716 1769 894 1824 Meum
943 1779 1027 1825 est
1073 1785 1350 1840 Opponere
1382 1787 1467 1826 me
1501 1772 1780 1840 gentilium
1841 1772 2047 1836 furori,
2084 1782 2137 1826 et
2182 1772 2284 1827 Do-

718 1862 932 1917 minum
961 1877 1070 1917 non
1101 1878 1321 1933 negare.
1359 1861 1478 1916 1am
1514 1863 1619 1934 [ΑΙ.
1668 1863 1829 1935 Nam]
1858 1865 1910 1918 in
1944 1865 2154 1917 illorum
2195 1879 2281 1917 ar-

719 1955 887 2009 bitrio
917 1963 1026 2019 est,
1059 1966 1154 2009 aut
1182 1955 1452 2010 decollare
1480 1993 1496 2017 ,
1521 1962 1631 2008 'ant
1659 1970 1835 2018 urere,
1873 1967 1965 2009 aut
2005 1956 2284 2011 recludere

718 2048 774 2100 in
805 2061 1106 2111 carcerem,
1143 2055 1238 2101 aut
1261 2046 1411 2101 varia
1462 2047 1718 2101 adhibere
1751 2063 1944 2116 genera
1977 2064 2282 2116 prunarum.

718 2139 879 2205 Quod
911 2138 955 2193 Si
990 2139 1202 2210 iugero,
1233 2148 1287 2194 et
1323 2139 1376 2193 in
1432 2140 1723 2194 solitudine
1754 2139 1943 2194 obiero
1973 2142 2012 2204 ‘,
2051 2155 2148 2194 nec
2192 2156 2286 2194 ea-

719 2235 842 2288 dem
879 2233 985 2288 erit
1034 2247 1236 2288 corona
1272 2233 1578 2296 morientis,
1604 2232 1729 2300 quia
1759 2248 1866 2286 non
1905 2233 2087 2288 eadem
2123 2247 2286 2287 causa

717 2327 914 2382 mortis
945 2335 1028 2381 est
1058 2325 1325 2381 Christus.
1353 2325 1519 2396 374
1541 2326 1620 2378 Ad
1649 2325 1775 2379 illud
1810 2341 1936 2380 vero
1967 2325 2109 2395 quod
2149 2325 2288 2381 dicis

719 2419 863 2472 inter
892 2432 1018 2473 cum
1053 2420 1273 2471 fratrem
1305 2417 1394 2485 qui
1445 2431 1661 2486 semper
1684 2432 1804 2472 eum
1841 2427 1990 2486 patre
2028 2417 2210 2480 fuerit,
2235 2428 2290 2472 et

719 2515 812 2586 qui
877 2523 1064 2585 postea
1124 2513 1394 2582 pmnitens
1429 2523 1512 2567 cst
1572 2522 1843 2581 receptus.
1904 2512 2038 2566 nihil
2075 2514 2288 2581 penitus

723 2608 1070 2676 discrepare;
1103 2606 1326 2675 adjicio,
1353 2607 1396 2661 si
1422 2606 1500 2659 vis
1525 2645 1541 2671 ,
1573 2615 1626 2660 et
1651 2605 1963 2660 drachmam
1990 2620 2150 2659 unam
2171 2620 2292 2674 quae

721 2700 938 2770 perdita
975 2704 1154 2753 fuerat
1184 2707 1238 2754 et
1278 2698 1493 2752 inventa
1521 2737 1535 2758 ,
1565 2697 1808 2767 junctam
1842 2713 1961 2754 esse
1989 2714 2111 2753 cum
2161 2699 2291 2753 reli-

721 2793 888 2861 quis;
924 2800 977 2846 et
1007 2805 1162 2846 ovem
1211 2805 1372 2845 unam
1409 2804 1572 2858 quam
1607 2790 1902 2858 nonaginta
1935 2803 2130 2844 novem
2177 2791 2292 2844 ovi—

726 2884 831 2938 bus
883 2882 1156 2938 derelictis
1210 2881 1390 2937 bonus
1434 2893 1623 2950 pastor
1657 2881 1938 2950 inquisivit
1977 2891 2027 2935 ct
2087 2885 2292 2948 retulit,

727 2976 979 3046 explesse
1039 2989 1330 3029 numerum
1374 2976 1775 3029 centenarium.
1829 2974 1934 3028 Sed
2012 2975 2156 3028 aliud
2205 2988 2293 3030 est

721 3065 1081 3135 pmuitentem
1111 3077 1256 3126 esse,
1313 3072 1365 3117 et
1424 3064 1680 3126 lacrvmis
1727 3063 1940 3119 veniam
1974 3064 2294 3135 deprecari,

726 3155 874 3210 aliud
905 3168 1120 3221 semper
1143 3169 1263 3209 esse
1293 3169 1414 3208 cum
1449 3163 1620 3223 patre.
1659 3152 1815 3210 Unde
1841 3170 1937 3224 per
1960 3154 2294 3211 Ezechielem

726 3248 795 3302 ad
824 3256 1154 3317 reportatam
1187 3244 1298 3317 [ΑΙ.
1334 3245 1747 3319 reportandam]
1783 3261 1936 3302 ovem
1959 3289 1973 3310 ,
2030 3258 2081 3302 et
2115 3250 2295 3317 perdi-
2323 3255 2366 3317 ε

729 3347 844 3390 tum
874 3335 1152 3404 quondam
1191 3335 1384 3398 filium,
1420 3335 1660 3404 loquitur
1694 3347 1880 3406 pastor
1913 3345 1962 3391 et
1995 3348 2142 3407 pater
2174 3355 2186 3390 :
2231 3337 2298 3391 Et

728 3430 994 3482 suscitabo
1019 3439 1228 3496 pactum
1249 3445 1422 3482 meum
1456 3439 1621 3483 tecum
1653 3446 1670 3482 :
1703 3439 1751 3482 et
1779 3431 1908 3484 scies
1934 3434 2056 3499 quia
2078 3448 2170 3497 ego
2201 3431 2302 3484 Do-

731 3522 928 3582 minus,
953 3529 1000 3571 et
1019 3519 1466 3583 rerordaberis,et
1485 3521 1822 3589 confunderis
1846 3539 1862 3584 ;
1900 3531 1956 3573 ut
1994 3538 2089 3574 non
2116 3523 2182 3574 sit
2209 3523 2301 3574 tibi

731 3613 873 3663 ultra
923 3611 1128 3675 aperire
1174 3627 1230 3664 os
1260 3627 1368 3678 pra:
1416 3612 1719 3680 confusione
1753 3621 1871 3675 tua,
1911 3628 2022 3664 cum
2063 3613 2302 3679 placatus

736 3700 884 3765 fuero
909 3700 1005 3752 tibi
1031 3700 1084 3752 in
1109 3701 1351 3753 omnibus
1379 3716 1496 3760 qua
1515 3699 1686 3766 fecisti
1715 3700 1926 3769 (Ezecli.
1947 3717 2001 3753 xx
2019 3715 2053 3762 ι,
2079 3699 2169 3763 62,
2187 3700 2300 3768 65).

736 3790 809 3844 L't
843 3790 977 3845 nihil
1031 3792 1214 3846 minus
1245 3793 1394 3860 justo
1442 3792 1674 3846 habeant
1727 3793 2073 3860 ptruitcntes,
2111 3791 2306 3846 sullicit

736 3883 817 3936 eis
849 3897 946 3951 pro
977 3883 1126 3937 omni
1160 3896 1317 3952 poena
1351 3883 1466 3937 sola
1521 3882 1793 3936 confusio.
1828 3881 1982 3936 Unde
2011 3891 2065 3935 et
2116 3883 2168 3935 in
2201 3883 2308 3937 alio

733 3976 862 4031 loco
911 3975 1110 4031 dicitur
1155 3973 1220 4028 ad
1271 3989 1408 4028 eos:
1440 3973 1508 4027 Et
1549 3973 1951 4026 recordabimini
1985 3975 2186 4026 viarum
2231 3989 2311 4026 re-

740 4081 973 4122 strarum
1006 4068 1400 4133 pessimarum,
1456 4073 1504 4118 et
1545 4066 1779 4117 omnium
1834 4065 2084 4116 scelerum
2124 4065 2308 4132 quibus

737 4159 924 4223 polluti
957 4158 1165 4218 eratis,
1219 4167 1269 4210 et
1318 4155 1668 4221 displicebitis
1727 4154 1869 4206 vobis
1926 4154 1977 4205 in
2035 4163 2310 4220 conspectu

739 4261 932 4312 i-estro.
967 4250 1018 4302 in
1049 4247 1292 4301 omnibus
1334 4245 1555 4298 malitiis
1594 4244 1776 4297 vestris
1813 4260 1942 4310 quas
1997 4243 2236 4310 fecistis;
2262 4255 2310 4298 et

742 4345 914 4399 scietis
947 4341 1068 4409 quia
1115 4355 1208 4410 ego
1248 4335 1501 4392 Dominus
1534 4373 1548 4397 ,
1604 4349 1720 4387 cum
1777 4333 2072 4401 benefecero
2138 4336 2310 4396 vobis,

745 4447 954 4505 propter
977 4448 1162 4487 nomen
1207 4446 1401 4492 meum,
1435 4436 1483 4481 et
1510 4442 1609 4480 non
1640 4427 1926 4480 secundum
1961 4428 2073 4478 vias
2115 4435 2311 4480 vestras

741 4529 939 4590 malos,
957 4540 1120 4596 neque
1148 4522 1431 4577 secundum
1452 4520 1650 4573 scelera
1678 4527 1847 4572 vestra
1868 4517 2310 4587 pessima(E:ech.

2379 662 2552 715 tinent
2584 660 2694 732 [ΑΙ.
2728 657 3061 732 pertineant]
3091 656 3504 726 Christianique
3546 665 3836 722 personas.
3873 648 3959 702 vel

2379 755 2442 806 ad
2486 763 2800 807 sanctorum
2829 764 2882 807 et
2909 750 3322 822 pmoitentium.
3355 745 3532 815 Super
3562 758 3668 813 qua
3694 739 3960 810 parabola

2380 845 2620 898 libellum
2655 843 2945 914 quemdam
2998 843 3229 896 Damaso
3264 839 3521 910 episcopo
3546 873 3560 897 ,
3592 839 3719 889 dum
3771 829 3961 884 adhuc

2379 939 2610 1004 viveret,
2649 937 2921 992 dedicavi.

2451 1073 2541 1128 δί.
2574 1075 2798 1141 Tempus
2825 1070 3152 1124 diversarum
3189 1067 3546 1121 vacationum.
3584 1059 3775 1116 Nostri
3809 1055 3962 1110 labo-

2381 1165 2451 1218 ris
2484 1176 2556 1218 est
2588 1165 2864 1232 priemium
2905 1162 3052 1214 nobis
3095 1174 3426 1228 pra‘parare.
3451 1184 3522 1196 —-
3549 1153 3719 1209 Porro
3751 1152 3794 1207 si
3825 1164 3966 1218 ope-

2383 1257 2544 1311 rariis
2589 1258 2777 1325 prima
2815 1255 2963 1309 hora
2992 1263 3045 1308 et
3092 1252 3262 1307 tertia.-
3307 1259 3360 1306 et
3391 1258 3557 1304 sexta:
3603 1254 3658 1300 et
3706 1258 3870 1298 non:
3913 1250 3967 1294 et

2382 1347 2682 1403 undecimae
2704 1388 2720 1413 ,
2773 1362 2915 1403 unus
2950 1345 3210 1401 denarius
3263 1340 3506 1398 redditur
3529 1379 3544 1400 .
3577 1348 3631 1392 et
3666 1338 3734 1392 ab
3764 1337 3844 1390 eis
3882 1336 3966 1387 in-

2383 1442 2512 1510 cipit
2539 1441 2846 1510 praemium,
2874 1440 2964 1508 qui
2992 1437 3272 1492 novissimi
3301 1438 3353 1490 in
3383 1435 3542 1488 vinea
3565 1431 3969 1485 laboraverunt

2382 1533 2508 1604 [AL
2556 1530 2913 1602 laborabant}
2947 1548 2961 1583 :
2994 1538 3047 1583 et
3089 1529 3176 1583 hic
3210 1543 3317 1581 non
3369 1526 3536 1579 unius
3575 1518 3864 1589 temporis,
3912 1524 3969 1567 οι

2385 1627 2545 1680 unius
2585 1624 2758 1680 aetatis
2786 1625 3036 1678 homines
3063 1621 3479 1683 describuntur;
3512 1614 3604 1670 sed
3633 1612 3702 1667 ab
3733 1607 3969 1667 exordio

2386 1719 2573 1772 mundi
2641 1731 2813 1785 usque
2863 1715 2929 1768 ad
3001 1715 3163 1768 finem
3214 1711 3563 1765 vocationum
3616 1712 3968 1760 sacramenta

2388 1817 2514 1862 sunt
2561 1805 2922 1863 diversarum.
2973 1804 3152 1860 Prima
3207 1803 3341 1858 hora
3377 1809 3605 1855 vocatus
3632 1807 3717 1852 est
3747 1793 3885 1850 Abel
3917 1803 3972 1846 et

2318 1913 2360 1970 Β
2389 1902 2515 1956 Seth
2555 1918 2570 1954 :
2611 1901 2764 1955 tertia
2800 1898 2984 1954 Euoch
3017 1906 3070 1952 et
3108 1894 3221 1950 Noe
3255 1915 3266 1948 :
3295 1903 3448 1948 sexta
3486 1890 3782 1950 Abraham,
3814 1886 3972 1940 Isaac

2391 2004 2444 2049 et
2476 1993 2642 2047 Jacoh
2688 2009 2701 2045 :
2740 2007 2884 2046 nona
2933 1989 3144 2061 Moyses
3180 1997 3237 2041 et
3278 1987 3563 2056 propheta:
3612 2001 3626 2038 :
3672 1978 3970 2034 undecima

2390 2085 2643 2140 Gentium
2674 2083 2905 2153 populus
2941 2099 2955 2138 :
2983 2083 3069 2136 cui
3098 2080 3275 2150 primo
3307 2076 3552 2131 redditur
3576 2086 3811 2132 merces,
3838 2069 3971 2138 quia

2389 2178 2446 2231 in
2481 2177 2801 2232 crucifixum
2853 2173 3084 2228 credens
3130 2171 3447 2231 Dominum,
3496 2168 3810 2224 difﬁcultate
3846 2162 3974 2218 ﬁdei

2389 2271 2822 2341 magnitudinem
2847 2266 3007 2338 375
3037 2265 3235 2319 meruit
3269 2265 3618 2333 prtemiornm
3656 2279 3670 2314 :
3706 2260 3976 2327 nullique

2392 2380 2550 2435 reges
2576 2375 2627 2418 et
2658 2363 2932 2432 prophetae
2961 2359 3300 2428 quaesierunt
3333 2357 3525 2411 videre
3550 2369 3670 2423 qua:
3699 2354 3976 2415 videmus,

2394 2468 2448 2513 et
2478 2472 2582 2511 non
2621 2457 2892 2510 viderunt.
2928 2451 3079 2506 Unus
3109 2462 3290 2504 autem
3322 2449 3584 2503 denarius
3613 2450 3630 2479 '
3665 2460 3774 2499 non
3805 2459 3977 2496 unum

2395 2560 2476 2605 est
2525 2547 2834 2618 praemium,
2890 2544 2986 2599 sed
3042 2557 3150 2598 una
3182 2543 3324 2606 vita,
3361 2551 3415 2595 et
3466 2555 3570 2592 una
3624 2539 3690 2591 de
3725 2537 3980 2606 geheuna

2397 2641 2665 2695 liberatio.
2695 2639 2965 2692 Caterqu
2993 2635 3270 2705 quomodo
3301 2633 3368 2687 ad
3399 2632 3798 2699 indulgentiam
3827 2626 3982 2696 prin-

2395 2735 2648 2805 cipalem,
2693 2733 3030 2786 diversorum
3074 2729 3365 2783 criminum
3409 2726 3486 2781 rei
3526 2724 3879 2778 dimittuntur
3914 2722 3983 2775 dc

2397 2842 2638 2891 carcere,
2684 2835 2738 2880 et
2777 2823 3305 2892 unusquisque,pro
3359 2819 3547 2872 labore
3590 2815 3672 2869 vel
3716 2813 3984 2884 operibus

2400 2921 2532 2984 suis,
2569 2920 2622 2971 in
2652 2918 2758 2971 hoc
2807 2916 2891 2968 vel
2928 2915 2979 2967 in
3013 2913 3107 2967 illo
3135 2921 3280 2966 statu
3315 2913 3436 2964 vitae
3461 2919 3546 2963 est
3575 2927 3586 2961 :
3621 2907 3692 2961 ita
3719 2914 3776 2961 ct
3808 2906 3983 2958 dena-

2401 3013 2516 3067 rius
2557 3009 2713 3080 quasi
2751 3005 3089 3077 indulgentia
3145 3004 3258 3058 veri
3307 3001 3601 3070 Principis,
3649 3013 3850 3054 omnes
3887 3013 3987 3067 per

2403 3104 2730 3174 baptismum
2772 3100 2970 3154 emittit
3001 3097 3066 3151 de
3111 3109 3350 3149 carcere.
3402 3092 3524 3147 Jam
3558 3091 3732 3145 nostri
3778 3086 3991 3143 laboris

2403 3206 2504 3260 est,
2545 3211 2643 3263 pro
2693 3191 3009 3247 diversitate
3058 3189 3347 3251 virtutum,
3397 3185 3616 3238 diversa
3652 3180 3815 3236 nobis
3846 3196 3992 3250 prsc-

2403 3303 2611 3358 parare.

2471 3425 2560 3478 ‘53.
2597 3421 2808 3476 Medius
2837 3419 3098 3473 Jonatlias
3125 3418 3262 3470 inter
3288 3412 3460 3468 David
3480 3421 3530 3466 et
3560 3410 3716 3466 Saul.
3741 3441 3812 3454 -—
3843 3407 3997 3463 Huc-

2407 3533 2575 3585 usque
2608 3530 2704 3586 per
2759 3525 2936 3583 partes
2987 3514 3052 3564 ad
3093 3509 3373 3580 proposita
3431 3503 3861 3576 respondimus:
3906 3519 3996 3558 se-

2406 3625 2580 3674 quens
2629 3622 2808 3662 sermo
2855 3607 2910 3660 in
2953 3617 3242 3658 commune
3277 3601 3343 3656 ad
3381 3598 3569 3654 omnia
3606 3597 3994 3666 respondebit.

2411 3699 2670 3754 Dominus
2702 3699 2766 3752 ad
2797 3695 3100 3764 discipulos
3116 3706 3282 3748 suos:
3316 3691 3424 3757 Qui
3452 3689 3586 3752 vult,
3611 3688 3816 3756 inquit,
3849 3688 3998 3739 inter

2407 3809 2493 3846 ros
2523 3791 2693 3859 major
2713 3806 2846 3853 esse,
2873 3789 2940 3841 sit
2970 3789 3206 3842 omnium
3229 3783 3481 3838 minimus
3509 3779 3731 3849 (Matth.
3756 3795 3850 3842 xx,
3876 3778 3998 3840 9.6).

2410 3881 2465 3938 Si
2499 3897 2689 3938 omnes
2726 3881 2781 3934 in
2822 3879 2960 3932 caelo
3008 3876 3250 3941 cquales
3298 3873 3469 3928 futuri
3523 3886 3738 3931 sumus.
3791 3870 4001 3924 frustra

2411 3989 2508 4028 nos
2538 3974 2626 4027 hic
2661 3970 3038 4030 bumiliamus,
3068 3977 3128 4021 ut
3169 3965 3244 4021 ibi
3275 3963 3557 4035 possimus
3586 3976 3710 4017 esse
3735 3961 4003 4030 mdiorcs.

2414 4065 2487 4118 Dc
2518 4063 2730 4118 duobus
2763 4058 3102 4114 debitoribus
3147 4057 3572 4125 quingentorum
3611 4051 4003 4112 denariorum,

2413 4166 2465 4210 et
2497 4151 2913 4225 quinquaginta,
2963 4150 3049 4204 cui
3088 4148 3210 4218 plus
3265 4146 3603 4211 dimittitur,
3663 4144 3791 4214 plus
3828 4153 4003 4197 amat.

2415 4245 2568 4299 Unde
2605 4252 2656 4298 et
2694 4241 2943 4296 Salvator
2974 4257 2988 4292 :
3016 4239 3166 4303 Dico,
3197 4239 3400 4306 inquit,
3427 4235 3546 4297 tibi,
3581 4236 3936 4287 remittuntur
3957 4236 4006 4286 ci

2414 4343 2625 4406 peccata
2658 4334 2678 4365 ³
2711 4333 2899 4395 multa,
2927 4331 3178 4398 quoniam
3197 4329 3381 4381 dilexit
3416 4327 3664 4379 multum.
3699 4324 4008 4379 Cuiautem

2415 4429 2586 4479 minus
2611 4423 2916 4484 dimittitur,
2948 4423 3118 4474 minus
3159 4420 3334 4488 diligit
3362 4416 3519 4484 (Luc.
3567 4431 3667 4479 vn,
3724 4414 3846 4486 47).
3901 4414 4008 4480 Qui

2416 4519 2596 4574 minus
2620 4516 2887 4586 diligit,et
2905 4513 3082 4566 minus
3105 4511 3152 4565 ei
3176 4509 3486 4573 dimittitur,
3505 4507 3693 4576 utique
3715 4507 3770 4560 in
3798 4507 4010 4560 minori

743 4637 894 4684 xxvi,
926 4617 1148 4682 3|,5‘2).
1187 4614 1448 4682 Arguitur
1475 4625 1690 4680 quoque
1729 4625 1756 4661 a
1784 4618 1936 4677 patre
1967 4607 2127 4672 ﬁlius,
2164 4608 2304 4676 quod
2340 4605 2382 4660 D
2410 4610 2576 4679 gradu
2600 4609 2721 4663 erit.
2758 4604 3153 4662 Paterfamilias
3173 4601 3527 4671 proficiscens
3564 4597 3796 4653 tradidit
3831 4599 4012 4652 servis

750 4711 916 4766 saluti
971 4706 1159 4763 fratris
1209 4703 1476 4767 invideat,
1529 4711 1581 4756 et
1616 4714 1738 4753 cum
1778 4698 1948 4768 angeli
1982 4698 2227 4752 laetentur
2259 4699 2313 4752 in

749 4803 1032 4865 cmlo,illc
1094 4799 1266 4852 livore
1317 4795 1618 4849 crucietur.
1703 4788 2024 4856 Quanquam
2083 4788 2313 4841 duorum

752 4895 982 4950 fratrum
1013 4886 1338 4951 similitudo,
1367 4883 1508 4954 frugi
1541 4891 1594 4936 et
1624 4881 1927 4944 luxuriosi,
1973 4894 2078 4932 non
2112 4879 2176 4931 ad
2212 4895 2318 4932 mc-

829 5119 844 5147 ¹
881 5111 1170 5170 Contrario
1199 5121 1364 5162 sensu
1396 5145 1410 5169 ,
1445 5103 1633 5157 verius
1677 5111 1857 5168 tamen
1903 5107 1964 5170 ut_
1999 5098 2132 5170 mihi
2179 5097 2320 5170 vide-

757 5197 869 5244 tur,
891 5165 1110 5236 habent
1147 5181 1254 5233 duo
1282 5165 1416 5230 mss.
1447 5183 1498 5227 et
1530 5181 1686 5225 vetus
1713 5165 1901 5244 editio,
1937 5167 2003 5219 In
2035 5165 2321 5244 solitudine

759 5238 1178 5318 abiero,eadem
1231 5250 1575 5318 eritAcorona
1626 5240 1930 5298 morientis,
1973 5238 2094 5304 quia
2141 5239 2323 5286 eodem

761 5341 926 5378 causa
957 5314 1144 5373 mortis
1193 5328 1266 5371 est
1326 5314 1606 5384 Christus;
1642 5321 2168 5384 pinnarumhuonipc.
2206 5319 2324 5382 qua:

763 5373 1260 5448 adt-Vdechnandam
1305 5373 1737 5453 persecutionem
1794 5378 1863 5453 ob
1915 5373 2212 5432 Christum,
2273 5373 2322 5423 in

764 5446 1056 5520 solitudine
1106 5446 1401 5513 subeundae
1458 5462 1603 5505 sunt.
1639 5446 1902 5516 Superior
1949 5457 2165 5513 quoque
2191 5457 2324 5496 con-

763 5529 1310 5595 textussuﬂ'ragalur.
1377 5594 1382 5595 γ
1575 5590 1585 5595 ,
1873 5586 1882 5595 .
2163 5584 2220 5595 ν.
2290 5582 2299 5590 -

837 5584 966 5654 v‘iltﬁa
1002 5598 1061 5651 S.
1112 5584 1327 5666 qvuioquc
1361 5590 1703 5666 Augustinus
1727 5586 1815 5666 lil‘i.
1850 5586 1913 5664 de
1936 5594 2126 5666 sancta
2148 5584 2327 5664 ,Πυρί-

770 5674 935 5725 nitate
973 5711 984 5731 ,
1017 5654 1144 5736 cap:
1172 5654 1262 5727 26,
1291 5654 1562 5732 reponens
1587 5654 2040 5736 _lttti_c_10\'irtia_tii
2072 5655 2328 5736 objectio-

770 5743 823 5795 ui
855 5757 868 5796 :
905 5759 922 5791 ι
964 5725 1123 5803 Quid.
1172 5725 1381 5802 inquit,
1413 5730 1668 5803 denarius
1704 5726 1796 5803 ille
1843 5725 1990 5803 aliud
2040 5725 2324 5803 significat,

771 5793 876 5863 nisi
911 5793 1052 5878 quod
1090 5793 1279 5858 omnes
1316 5800 1676 5878 communiter
1716 5797 2006 5878 lltllicllllllll,
2055 5793 2330 5878 sic‘pl‘i‘est

775 5862 886 5948 ipsa
929 5862 1043 5932 'vita
1095 5887 1315 5938 atterna,
1372 5873 1544 5940 ipsum
1599 5881 1818 5934 regnum
1849 5866 2106 5918 crulorum
2136 5862 2159 5912 τί
2195 5862 2327 5926 Quia

2419 4702 2534 4757 suis
2568 4699 2950 4760 substantiam,
2977 4695 3070 4749 alii
3098 4694 3344 4762 quinque
3375 4691 3604 4752 talenta,
3632 4689 3724 4743 alii
3750 4689 3890 4754 duo,
3919 4691 4013 4746 alii

2419 4812 2586 4850 unum
2621 4793 2835 4862 (Matt/1.
2865 4807 2990 4852 xxv,
3030 4790 3092 4844 15
3133 4788 3324 4858 θείη).
3355 4786 3662 4855 unicuique
3694 4784 4014 4839 secundum

2421 4887 2669 4956 proprias
2706 4885 2865 4938 vires.
2919 4883 3108 4938 Simile
3165 4880 3296 4950 quid
3341 4878 3490 4934 etin
3541 4878 3650 4933 alio
3700 4876 4016 4946 Evangelia

2424 5119 2548 5174 ergo
2578 5104 2691 5171 ipsa
2721 5103 2829 5174 vita
2860 5109 3057 5174 aeterna
3107 5098 3315 5174 pariter
3365 5097 3766 5174 erit_pmnibus
3818 5096 4020 5174 electis

2424 5166 2674 5242 aqualis,
2705 5169 2988 5242 denarius
3048 5166 3311 5242 omnibus
3361 5166 3662 5242 attributus
3700 5175 3824 5242 est;
3884 5167 4018 5242 quia

2425 5235 2553 5298 vero
2603 5244 2656 5295 in
2703 5240 2815 5308 ipsa
2870 5241 2975 5291 vita
3013 5249 3216 5293 mterna
3259 5238 3517 5292 distincte
3569 5235 3863 5308 fulgebunt
3937 5238 4021 5308 ιιιτ

2426 5317 2572 5366 mine
2640 5305 2982 5367 meritorum.
3048 5309 3230 5360 multa:
3293 5315 3424 5360 sunt
3486 5306 3806 5358 mansiones
3869 5305 4020 5370 apud

2428 5384 2670 5442 Patrem;
2703 5394 2764 5432 ac
2808 5393 2904 5445 per
2952 5379 3050 5430 hoc
3095 5378 3147 5429 in
3194 5376 3419 5429 denario
3461 5376 3692 5445 quidem
3725 5389 3840 5445 non
3916 5376 4024 5427 im-

2428 5454 2542 5521 pari
2577 5464 2708 5521 non“
2743 5443 2886 5521 vivet
2926 5447 3064 5499 alius
3122 5443 3515 5521 proli_xius,l_in
3565 5443 3768 5521 _mnltis
3829 5455 4020 5521 autem

2429 5512 2798 5575 mansionibus
2850 5512 3148 5570 honoratur
3196 5516 3337 5568 alius
3371 5514 3479 5567 alio
3529 5512 3752 5566 clarius.
3811 5531 3829 5564 s
3887 5513 4024 5564 Vide

2429 5607 2548 5644 eum
2622 5588 2837 5650 librun,
2894 5585 2950 5637 in
3016 5600 3124 5654 quo
3175 5585 3341 5638 multa
3400 5579 4022 5654 corltra‘Jovinianum

2429 5667 2812 5731 congeruntur.
2872 5725 2924 5731 ’Δ
3035 5726 3046 5731 Α
3169 5725 3179 5731 _
3334 5723 3344 5731 Ι
3368 5723 3378 5731 .
3575 5721 3584 5731 .

2501 5731 2518 5760 ³
2540 5723 2664 5781 ’ῡιιο
2694 5744 2827 5781 mss,
2863 5725 3008 5788 Dico,
3034 5725 3228 5795 inquit.
3264 5723 3427 5788 vobis,
3453 5723 3795 5776 remittemur
3823 5723 3870 5774 ei
3898 5737 4024 5786 pec-

2433 5811 2574 5862 cata,
2607 5809 2708 5852 ctc.
