4218 6462
186 411 283 477 345

1195 418 1596 485 ADVEilSUS
1638 424 2107 487 J0\'i.\'lANU\l
2138 427 2280 489 [ΑΒ.
2324 429 2399 489 Il.

3333 431 3437 493 346

181 525 457 589 scribitur,
490 524 645 595 quod
678 526 844 583 homo
875 527 1074 583 nobilis
1106 531 1457 600 proﬁciscens
1492 534 1545 586 in
1580 534 1755 602 regio—
1787 539 1831 595 Α
1863 536 2027 588 tentia
2071 534 2280 588 Domini
2333 538 2682 591 vindicantur
2722 536 2828 606 (ΑΙ.
2872 538 3247 608 jmlieantur)?
3292 542 3435 595 inter

180 634 297 673 nem
329 618 720 690 longinquam,
765 629 826 677 ut
851 623 1122 693 acciperat
1159 623 1260 678 sibi
1299 642 1547 695 regnum,
1577 637 1629 679 et
1670 644 1753 681 re-

183 721 507 778 rertcretur,
545 715 826 770 vocaverit
870 716 1055 771 decem
1094 732 1301 779 servos,
1341 728 1396 773 et
1435 719 1646 774 dederit
1677 721 1753 774 eis

180 801 415 871 singulas
442 820 633 871 muas,
667 806 735 862 de
759 807 959 877 quibus
980 823 1121 863 unus
1148 810 1386 865 lucratus
1414 820 1497 865 est
1528 811 1637 882 (Al.
1663 814 1752 879 sit)

179 898 359 949 decem
391 911 583 963 muas,
621 900 765 955 alius
796 901 1037 970 quinque
1070 918 1083 957 :
1116 912 1169 959 et
1204 904 1401 973 singuli
1426 904 1580 974 juxta
1611 905 1752 959 vires

181 1003 322 1051 suas,
371 998 431 1045 et
488 994 954 1060 emolumentum,
1003 995 1087 1047 vel
1137 996 1349 1061 decem,
1389 996 1475 1050 vel
1514 996 1755 1066 quinque

182 1082 488 1151 acceperint
525 1084 805 1139 civitates.
851 1083 1022 1142 Porro
1049 1088 1208 1154 alius,
1238 1088 1329 1158 qui
1375 1104 1542 1143 unum
1585 1090 1756 1145 talen-

180 1184 312 1240 tum,
346 1177 465 1232 sire
499 1193 672 1234 unam
700 1195 885 1234 mnam
908 1194 1219 1252 acceperat,
1242 1182 1387 1252 quod
1421 1183 1649 1251 accepit,
1672 1184 1753 1239 in-

180 1268 331 1335 fodit,
361 1270 480 1326 sive
516 1273 578 1326 in
610 1273 835 1329 sudario
852 1276 1148 1347 colligtvit,
1171 1287 1226 1331 et
1251 1276 1455 1331 domini
1493 1292 1710 1332 reserva
1730 1306 1751 1317 -

180 1361 251 1415 rit
292 1363 588 1420 adventui.
639 1367 826 1422 Primo
854 1368 1329 1438 considerandum,
1363 1370 1507 1440 quod
1539 1370 1582 1425 si
1622 1369 1755 1439 justi

181 1472 282 1509 nou
314 1472 412 1526 spe
445 1459 737 1528 profectus
771 1462 1035 1525 laborant,
1066 1472 1126 1518 ut
1157 1462 1271 1517 vult
1299 1472 1484 1518 uoster
1513 1460 1659 1516 Zeno
1689 1463 1704 1494 ¹
1740 1478 1754 1515 :

178 1547 336 1620 378
379 1552 481 1605 sed
521 1568 595 1607 ne
637 1553 872 1623 perdant
913 1556 1059 1625 quod
1111 1564 1459 1625 acceperant,
1513 1555 1617 1609 iste
1664 1553 1756 1624 qui

182 1654 359 1693 mnam
386 1649 443 1695 et
480 1642 751 1697 talentum
776 1643 992 1710 infudit,
1032 1660 1098 1700 ne
1123 1645 1375 1714 perderet
1412 1648 1555 1716 quod
1596 1661 1751 1701 acce-

185 1743 354 1799 perat,
377 1748 489 1788 non
521 1737 806 1803 peccavit;
843 1739 1122 1809 magisque
1158 1738 1425 1794 laudanda
1457 1748 1539 1795 est
1573 1739 1756 1794 cautio

186 1827 545 1895 reservautis,
600 1845 764 1900 quam
807 1846 1000 1886 cassus
1046 1832 1197 1887 labor
1244 1847 1458 1898 eorum,
1497 1832 1585 1902 qui
1640 1832 1758 1889 sine

186 1917 381 1975 laboris
406 1923 642 1990 praemio
664 1924 1020 1979 desndarunt.
1046 1923 1251 1981 Deinde
1274 1927 1419 1996 quod
1452 1929 1554 1981 hoc
1579 1927 1756 1997 ipsum

186 2010 447 2067 talentum
476 2014 644 2083 ,quod
687 2013 932 2070 aufertur
976 2031 1005 2071 a
1049 2016 1259 2080 timido,
1312 2017 1392 2071 vel
1452 2018 1762 2089 negligente

188 2119 361 2169 serto,
416 2120 536 2160 non
577 2106 734 2161 datur
779 2109 826 2162 ei
876 2110 965 2180 qui
1003 2109 1184 2164 minus
1212 2110 1346 2165 lucri
1383 2109 1623 2178 fecerat;
1667 2111 1762 2165 sed

187 2198 275 2265 qui
310 2198 459 2267 plus,
513 2199 567 2254 ill
604 2210 707 2265 est,
757 2201 846 2272 qui
895 2216 1061 2271 super
1105 2202 1292 2257 decem
1342 2204 1554 2269 positus
1583 2203 1764 2257 fuerat

187 2290 457 2350 civitates.
482 2292 545 2347 Si
570 2308 828 2348 numerus
852 2309 959 2348 non
980 2294 1105 2350 facit
1123 2295 1395 2362 ordinem,
1416 2312 1585 2365 quare
1607 2295 1759 2359 dixit,

192 2386 338 2439 Dedit
376 2390 670 2459 unicuique
697 2391 985 2443 secundum
1007 2391 1139 2444 vires
1170 2391 1334 2445 ’suas
1362 2389 1571 2461 (Ibid.).
1592 2389 1647 2443 Si
1671 2402 1762 2443 ea-

187 2478 304 2533 dem
360 2480 521 2533 lucra
582 2488 711 2534 sunt
763 2482 1004 2549 quinque
1058 2480 1383 2537 talentorum
1435 2490 1489 2536 et
1523 2479 1761 2535 decem:

189 2585 283 2624 cur
310 2570 360 2624 ei
394 2570 492 2640 qni
536 2571 720 2625 minus
768 2572 901 2625 lucri
943 2570 1163 2636 fecerat,
1211 2587 1319 2627 non
1370 2572 1579 2635 decem,
1630 2581 1682 2626 et
1713 2570 1760 2625 ei

187 2665 275 2732 qui
306 2664 457 2734 plus,
494 2680 605 2718 non
639 2665 885 2734 quinque
911 2666 1201 2720 traduntur
1235 2665 1434 2720 urbes?
1464 2664 1618 2730 Quod
1665 2680 1765 2720 au-

187 2768 293 2810 tem
349 2756 621 2812 Dominus
650 2772 763 2811 non
793 2757 879 2811 bis
912 2765 1198 2813 contentus
1228 2758 1298 2813 sit
1327 2772 1445 2825 quae
1475 2758 1763 2821 habemus,

188 2848 281 2901 sed
305 2861 536 2916 semper
562 2846 770 2915 majora
792 2846 1082 2910 desideret,
1109 2846 1224 2915 ipse
1248 2853 1514 2901 monstrat
1534 2845 1722 2899 dicens
1747 2862 1761 2899 :

190 2936 367 3004 Quare
402 2955 508 2992 non
544 2939 737 2993 dedisti
765 2939 1040 3006 pecuniam
1079 2955 1248 2992 meam
1278 2939 1344 2992 ad
1377 2940 1685 3005 trapeaitas,
1719 2946 1766 2990 et

187 3048 280 3098 ego
333 3032 555 3087 reuiens
598 3047 717 3084 cum
759 3047 919 3085 usura
954 3033 1237 3101 exegissem
1271 3030 1435 3099 (Ibid.
1471 3030 1572 3098 2)?
1610 3029 1765 3093 Quod

190 3125 417 3191 quidem
462 3133 520 3178 et
550 3121 752 3178 Paulus
785 3125 1061 3191 apostolus
1111 3125 1315 3186 sciens,
1369 3122 1764 3193 praeteritorum

190 3214 560 3278 obliviscitur,
589 3223 642 3266 et
668 3212 735 3267 ad
765 3227 827 3267 ea
856 3227 974 3281 qua:
1001 3213 1056 3267 in
1091 3221 1221 3268 ante
1248 3220 1397 3277 sunt,
1431 3226 1488 3266 se
1522 3212 1766 3267 extendit

194 3307 461 3375 (Philipp.
495 3319 582 3369 tu,
616 3304 726 3370 15),
759 3303 811 3359 id
838 3311 941 3365 est,
972 3304 1217 3375 quotidie
1263 3304 1493 3371 prolicit,
1526 3321 1626 3360 nec
1654 3321 1767 3360 ser-

192 3408 281 3451 vat
309 3396 366 3450 in
399 3393 625 3450 sudario
655 3392 882 3448 delicate
912 3393 1168 3462 gratiam,
1197 3407 1359 3459 quam
1393 3392 1640 3461 accepit;
1675 3395 1769 3445 sed

195 3503 397 3543 avarus
438 3487 749 3555 negotiator
779 3495 1073 3539 renovatur
1101 3485 1171 3540 de
1198 3485 1285 3541 die
1317 3485 1370 3539 in
1402 3485 1567 3549 diem,
1597 3492 1650 3537 et
1677 3483 1771 3537 de-

194 3592 451 3633 crescere
492 3592 552 3632 se
589 3583 762 3645 putat,
794 3574 899 3630 nisi
926 3589 1144 3645 semper
1174 3574 1434 3630 creverit.
1471 3574 1575 3629 Sex
1610 3574 1772 3627 urbes

192 3669 557 3742 fugitivorum
581 3666 1033 3722 describunturin
1063 3665 1204 3737 Lege
1233 3663 1425 3735 (Num.
1479 3681 1649 3728 xxxv,
1694 3663 1772 3732 ϐ),

193 3763 290 3835 qui
313 3763 338 3795 ⁸
366 3761 630 3817 homines
661 3759 982 3815 interfecere
1021 3758 1267 3814 uolentes
1298 3776 1313 3813 :
1352 3766 1406 3813 et
1438 3758 1568 3828 ipsae
1609 3756 1774 3812 urbes

196 3850 573 3906 sacerdotales
611 3857 758 3903 sunt.
806 3848 1019 3919 Rogare
1050 3847 1181 3903 libet
1210 3847 1470 3919 fugitivos
1529 3848 1666 3903 istos
1696 3848 1775 3902 in-

198 3952 280 3997 ter
320 3942 516 3997 hircos
548 3950 694 4005 tuos,
728 3955 795 3994 an
829 3940 976 3994 inter
1003 3955 1135 3998 oves
1170 3950 1386 3996 nostras
1415 3939 1688 3995 colloces?
1717 3940 1772 3993 Si

198 4035 333 4090 hirci
367 4040 589 4094 essent,
620 4030 1010 4087 occiderentur
1037 4041 1096 4086 ut
1126 4031 1411 4086 homicida:
1446 4029 1647 4094 caeteri,
1678 4043 1777 4085 nec

200 4126 588 4181 ministrorum
611 4122 702 4178 Dei
730 4124 999 4177 intrarent
1019 4122 1292 4179 civitates.
1314 4120 1370 4177 Si
1394 4136 1520 4177 oves
1545 4121 1775 4184 dixeris,

200 4220 389 4290 utique
418 4234 532 4272 non
570 4225 731 4271 erunt
758 4215 895 4272 tales
935 4230 1089 4283 oves,
1138 4230 1258 4285 qua:
1287 4215 1496 4285 absque
1525 4214 1778 4284 luporum

203 4322 347 4368 metu
391 4319 506 4367 tota
539 4310 789 4365 libertate
832 4317 1151 4380 pascantur.
1192 4306 1256 4362 Et
1284 4307 1612 4378 probabitur
1659 4306 1779 4367 tibi,

198 4421 330 4461 ores
354 4403 587 4474 quidem
618 4416 717 4457 eas
744 4415 888 4465 esse,
919 4400 1013 4455 sed
1036 4414 1296 4455 erroneus
1320 4417 1336 4454 :
1361 4415 1391 4454 a
1412 4398 1618 4454 dextris
1640 4413 1780 4463 esse,

199 4508 389 4549 verum
425 4506 537 4546 non
590 4500 758 4552 stare.
805 4491 903 4545 sed
932 4488 1140 4561 fugere,
1177 4490 1347 4545 donec
1394 4490 1659 4544 moriatur
1686 4489 1784 4543 Sa-

1857 628 2025 681 oves?
2061 628 2163 683 Sed
2213 629 2345 684 dicit
2393 629 2673 699 Scriptura
2728 631 2910 685 divina
2960 635 3103 699 quod
3165 649 3268 687 non
3325 635 3432 687 sint

1856 720 2100 788 ejusdem
2137 720 2318 774 meriti
2354 722 2509 790 cujus
2543 734 2599 776 et
2623 724 2899 779 lsraclitae.
2933 723 3095 777 Vides
3125 739 3254 793 ergo
3284 726 3428 793 quod

1859 824 2005 868 stent
2036 816 2254 882 quidem
2291 833 2316 870 a
2352 816 2594 881 dextris;
2630 821 2723 870 sed
2763 818 2935 871 multo
2966 817 3207 870 inferiori
3245 821 3431 887 gradu.

1855 906 2006 961 Inter
2040 906 2205 961 David
2260 911 2436 962 virum
2482 918 2758 971 sanctum,
2792 918 2842 961 et
2874 909 2997 963 Saul
3043 926 3224 979 regem
3260 913 3437 978 pessi-

1859 1014 2026 1060 mum,
2059 1000 2268 1054 medius
2300 1000 2563 1055 Jonathas
2598 1001 2719 1055 fuit.
2749 999 2917 1062 Quom
2948 1018 3048 1055 nec
3085 1003 3226 1054 inter
3249 1003 3437 1057 ltmdos

1856 1107 2149 1165 possumus
2173 1108 2393 1162 ponere,
2424 1096 2549 1162 quia
2575 1093 2853 1163 prOpbetae
2883 1108 3065 1147 amove
3088 1095 3282 1164 dignus
3313 1107 3395 1149 est
3421 1112 3434 1158 ;

1858 1203 1958 1241 nec
1990 1187 2130 1241 inter
2179 1189 2401 1251 arietes,
2442 1204 2509 1242 ne
2547 1204 2730 1257 parem
2762 1204 2887 1242 cum
2925 1188 3189 1243 faciamus
3225 1191 3422 1256 David,

1865 1279 2102 1335 maxime
2134 1296 2258 1335 cum
2294 1291 2346 1334 et
2378 1280 2494 1349 ipse
2520 1281 2839 1335 interfectus
2874 1282 2963 1337 sit.
3011 1282 3124 1335 Erit
3158 1283 3320 1351 igitur
3358 1284 3441 1336 in-

1858 1379 1941 1426 ter
1970 1389 2138 1439 oves;
2184 1375 2276 1427 sed
2312 1373 2365 1426 in
2403 1371 2646 1426 inferiori
2684 1372 2897 1428 ordine.
2938 1375 3002 1427 Et
3042 1374 3315 1443 quomodo
3350 1375 3436 1427 in-

1860 1471 1939 1517 ter
1973 1463 2137 1519 David
2172 1473 2223 1518 et
2274 1463 2590 1527 Juuatham,
2650 1463 2721 1516 ita
2776 1464 2917 1519 inter
2969 1481 3125 1520 ovem
3185 1474 3242 1519 et
3290 1481 3441 1517 orent

1858 1556 2067 1624 cogeris
2101 1554 2375 1617 suscipere
2409 1556 2438 1607 (Ι
2466 1555 2763 1610 Heremias.
2811 1556 3004 1611 Servus
3057 1558 3146 1626 qui
3192 1559 3430 1625 cognovit

1857 1648 2177 1701 voluntatem
2208 1646 2406 1700 domini
2440 1650 2540 1709 sui.
2584 1660 2632 1702 et
2671 1666 2773 1703 non
2803 1651 3142 1717 preparavit,
3187 1666 3279 1703 nec
3311 1650 3437 1715 fecit

1858 1740 2145 1792 secundum
2196 1739 2511 1792 voluntatem
2561 1740 2698 1808 ejus,
2754 1742 3025 1807 vapulabit
3071 1742 3274 1795 multis.
3332 1742 3438 1805 Qui

1869 1838 2040 1884 autem
2073 1846 2175 1884 non
2191 1833 2446 1901 cognovit,
2480 1848 2572 1886 nec
2601 1832 2721 1900 fecit
2758 1831 2937 1899 digna,
2962 1833 3128 1900 plagis
3164 1832 3439 1898 vapulabit

1868 1924 2068 1992 paucis.
2111 1922 2266 1979 Omni
2317 1927 2452 1978 enim
2485 1926 2568 1977 cui
2603 1927 2827 1978 multum
2866 1926 3047 1978 datum
3079 1933 3175 1984 est.
3218 1924 3446 1977 multu‘n

1869 2024 2131 2085 queretur
2168 2016 2230 2068 ab
2274 2032 2352 2079 eo,
2394 2026 2440 2068 et
2478 2018 2561 2069 cui
2606 2018 3005 2070 commendatur
3045 2016 3295 2077 multum,
3332 2014 3449 2083 plus

1869 2110 2100 2179 exigetur
2147 2108 2339 2161 abillo
2382 2109 2529 2177 (Luc.
2580 2124 2679 2171 xtt,
2716 2111 2802 2169 47.
2834 2110 2946 2177 48),
3007 2110 3144 2162 Ecce
3191 2123 3352 2162 servo
3382 2117 3438 2160 et

1869 2217 2025 2256 servo
2068 2200 2188 2269 plus
2245 2201 2496 2254 minusve
2543 2200 2929 2262 committitur,
2977 2209 3032 2253 et
3059 2215 3152 2265 pro
3188 2200 3449 2268 qualitate

1868 2292 2150 2348 commissi
2179 2304 2339 2364 atque
2376 2294 2608 2363 peccati,
2639 2295 2919 2366 plagarum
2950 2309 3165 2365 quoque
3190 2308 3451 2347 numerus

1870 2383 2171 2455 irrogatur.

1939 2563 2030 2617 δι.
2063 2561 2241 2631 Typus
2274 2563 2467 2633 futura:
2496 2561 2745 2616 Ecclesia:
2777 2563 2830 2616 in
2859 2564 3037 2627 terris,
3071 2571 3180 2617 etc.
3215 2592 3285 2607 -ι-
3312 2560 3449 2616 'l'o'a

1869 2655 2067 2713 Iudaeae
2102 2666 2241 2710 terra
2304 2656 2654 2725 tribuumque
2699 2656 2990 2724 descriptio
3021 2656 3218 2709 futurre
3257 2654 3448 2709 Eccle-

1872 2749 1964 2806 sia!
1996 2750 2048 2803 in
2078 2749 2232 2804 cmlis
2293 2758 2453 2818 typus
2510 2760 2614 2802 est.
2645 2747 2912 2817 Legamus
2945 2746 3130 2803 lesum
3179 2747 3344 2812 Nave,
3379 2748 3455 2800 lc-

1872 2852 2060 2908 gamus
2098 2836 2401 2891 Ezechielis
2439 2845 2717 2890 extremas
2757 2847 2939 2905 partes
2963 2878 2977 2901 ,
3031 2846 3086 2890 et
3121 2835 3451 2894 videbimus.

1871 2928 2136 2999 quidquid
2193 2928 2247 2983 in
2285 2928 2459 2983 altero
2517 2927 2673 2998 quasi
2731 2942 2827 2998 per
2872 2927 3162 2982 historiam
3215 2927 3451 2981 interra

1872 3021 2237 3083 distribuitur,
2268 3019 2321 3073 iu
2352 3021 2525 3075 altero
2556 3019 2710 3074 caelis
2736 3019 3098 3089 spiritualiler
3146 3019 3454 3087 repromitti

1877 3112 2057 3184 (Iosue
2109 3128 2239 3178 xm;
2297 3112 2484 3166 Ezeclt.
2544 3115 2757 3181 sunt).
2816 3112 2954 3178 Quid
3011 3112 3114 3166 sibi
3180 3112 3367 3165 volunt
3398 3112 3450 3163 in

1824 3250 1838 3265 .
1875 3205 2245 3274 descriptione
2321 3206 2506 3273 templi
2555 3213 2763 3273 septem
2808 3215 2863 3258 et
2894 3215 3017 3258 octo
3063 3204 3452 3275 gradus?quid

1876 3314 2110 3363 rursum,
2147 3298 2287 3365 quod
2321 3297 2375 3350 iu
2406 3297 2670 3351 l‘salterio
2698 3304 2820 3363 post
2849 3296 3115 3351 cletnenta
3154 3295 3450 3350 centesimi

1871 3392 2047 3445 Octavi
2081 3389 2275 3443 det-imi
2316 3388 2527 3456 psalmi,
2562 3388 2765 3457 quibus
2835 3388 3125 3457 mysticum
3173 3385 3456 3441 erudimur

1872 3484 2036 3555 378
2087 3483 2464 3551 alphabetum,
2519 3497 2616 3550 per
2669 3481 2978 3549 quindecim
3029 3479 3231 3549 gradus
3286 3494 3456 3545 usque

1873 3576 1998 3630 illuc
2029 3574 2413 3643 pervenimus,
2449 3584 2504 3627 ut
2538 3574 2812 3643 possimus
2870 3588 3068 3626 canere
3103 3588 3117 3627 :
3152 3572 3280 3625 Ecce
3321 3588 3456 3624 nunc

1875 3663 2163 3718 benedicite
2192 3662 2492 3726 Dominum,
2526 3678 2705 3715 omnes
2734 3663 2868 3715 servi
2896 3660 3129 3715 Domini.
3155 3661 3257 3725 Qui
3301 3663 3458 3716 statis

1875 3740 1927 3807 in
1960 3754 2112 3807 don'o
2154 3753 2385 3816 Domini,
2433 3752 2489 3804 in
2519 3752 2672 3804 atriis
2708 3751 2893 3805 domus
2946 3750 3038 3803 Dei
3073 3752 3239 3804 nostri
3282 3748 3455 3814 (I’sal.

1876 3862 2105 3911 cxxxttt,
2144 3844 2196 3915 l)
2226 3845 2248 3898 ?
2279 3844 2461 3910 Quare
2495 3846 2614 3898 dum
2656 3853 2711 3898 ct
2742 3843 2908 3898 semis
2945 3844 3117 3898 tribus
3157 3856 3306 3897 trans
3332 3843 3452 3898 Jor-

1876 3940 2069 3994 danem
2105 3938 2376 3997 habitant,
2409 3937 2501 3989 ubi
2536 3937 2769 4005 plurima
2802 3944 2927 3989 sunt
2952 3937 3219 4006 jumenta,
3254 3946 3311 3991 et
3346 3952 3459 3989 no—

1876 4047 1999 4086 vem
2031 4040 2087 4085 et
2137 4032 2303 4084 semis
2343 4029 2564 4098 reliqua:
2612 4029 2694 4080 vel
2731 4028 3008 4096 expellunt
3049 4028 3310 4097 pristinos
3365 4030 3461 4080 ba-

1878 4124 2145 4178 bitatores
2185 4122 2251 4175 de
2283 4120 2506 4176 sedibus
2538 4123 2676 4185 suis,
2710 4121 2797 4175 vel
2829 4136 2952 4175 cum
2990 4120 3124 4190 ipsis
3169 4119 3460 4174 habitant?

1881 4216 1989 4270 Cur
2040 4213 2278 4268 Levitica
2332 4212 2504 4265 tribus
2554 4214 2606 4264 in
2664 4222 2806 4265 terra
2858 4223 3064 4278 partem
3116 4225 3226 4266 non
3263 4212 3456 4280 accipit

1886 4305 2074 4375 (Num.
2112 4304 2295 4375 svnt);
2329 4304 2423 4358 sed
2464 4304 2728 4357 Dominus
2769 4319 2894 4373 pars
2929 4304 3048 4371 ejus
3082 4313 3202 4370 est;
3236 4313 3287 4356 et
3322 4306 3462 4357 inter

1885 4399 2035 4467 ipsos
2075 4396 2271 4451 levitas
2320 4402 2374 4450 et
2405 4393 2721 4448 sacerdotes
2774 4394 2838 4447 ad
2888 4393 3091 4448 Sancta
3145 4409 3459 4449 sanctorum

1887 4490 1977 4543 ubi
2006 4489 2301 4544 Cheruhim
2334 4497 2389 4542 et
2418 4485 2853 4557 propitiatorium
2895 4497 2995 4548 est,
3034 4488 3279 4556 pontifex
3313 4489 3462 4541 solus

200 4585 397 4641 cerdos
448 4596 703 4649 magnus.
737 4590 793 4636 et
818 4582 885 4635 ad
918 4581 1126 4635 inferna
1177 4580 1535 4644 descendens,
1582 4580 1781 4635 liberet
1814 4574 1855 4628 D
1884 4581 2231 4652 ingreditur?
2260 4579 2440 4645 Quare
2475 4577 2667 4645 reliqui
2698 4578 3018 4632 sacerdotes
3049 4580 3210 4633 lineis
3248 4590 3458 4633 tantum

201 4677 416 4730 animas
478 4672 852 4741 fugitivorum.
916 4670 1225 4725 Gabaonitae
1287 4680 1588 4726 occurrunt
1651 4670 1779 4726 ﬁliis

204 4768 390 4834 Israel,
422 4775 483 4821 et
510 4764 671 4818 caesis
698 4762 822 4816 aliis
850 4763 1122 4833 gentibus,
1153 4762 1207 4816 in
1240 4762 1500 4831 lignarios
1533 4772 1588 4817 et
1618 4778 1783 4831 aqua-

204 4862 312 4915 rios
332 4864 691 4915 reservantur
714 4855 897 4923 (Iosue
916 4871 992 4919 ιι,
1012 4855 1127 4925 2|).
1149 4854 1419 4925 Tantique
1442 4856 1584 4925 apud
1602 4856 1773 4909 Deum

204 4952 383 5007 meriti
409 4958 565 5013 sunt,
587 4955 647 5002 ut
668 4948 835 5015 stirps
864 4946 994 5002 Saul
1019 4947 1090 5002 ob
1115 4960 1307 5003 eorum
1336 4947 1562 5016 injurias
1588 4946 1658 4999 sit
1690 4945 1783 5000 de-

204 5038 375 5109 Ieta(l
403 5038 698 5108 Regaxxr,
720 5037 954 5107 ἕκτη).
976 5036 1122 5091 Inter
1146 5052 1281 5106 quos
1307 5050 1404 5091 eos
1433 5036 1728 5091 collocabis
1761 5036 1784 5089 ?

206 5132 367 5203 377
398 5131 554 5186 Inter
574 5128 797 5183 hircos?
824 5128 929 5184 Sed
961 5143 1067 5183 non
1091 5136 1220 5183 sunt
1248 5126 1545 5193 interiecti,
1570 5137 1627 5183 et
1652 5144 1782 5183 scu-

286 5406 302 5436 ι
340 5399 669 5455 Jovinianus
715 5397 849 5451 alter
891 5396 1057 5451 Zeno.
1100 5397 1229 5455 Mss.
1279 5416 1341 5453 ne
1375 5400 1596 5468 perdant
1648 5400 1786 5469 quod

214 5474 405 5527 habent
417 5511 432 5524 .

284 5548 307 5577 ’
352 5538 625 5595 Nonnulla
670 5538 1020 5609 exemplaria.
1076 5548 1215 5593 teste
1267 5537 1527 5603 Victorio,
1586 5539 1788 5593 habent

213 5616 434 5666 virtutes
467 5626 565 5679 pro
586 5610 716 5661 vires
745 5624 763 5661 :
792 5611 1001 5677 etapud
1024 5610 1328 5662 Matutaequ
1351 5609 1569 5675 quidem
1599 5618 1681 5662 est
1703 5610 1789 5661 δύ-

216 5700 414 5752 νειμινς
468 5680 561 5752 sed
600 5689 653 5733 et
695 5679 966 5749 superius,
1014 5680 1317 5749 unicuique,
1353 5679 1449 5743 ait,
1499 5679 1788 5731 secundant

217 5750 463 5818 proprias
489 5750 647 5802 vires.

290 5822 312 5853 ³
365 5820 640 5875 Victorius
695 5836 779 5887 qm
836 5820 1110 5887 hominem,
1180 5828 1351 5875 utcst
1406 5833 1571 5889 penes
1628 5816 1784 5872 LXX.

1888 4681 2115 4725 utuntur
2160 4669 2401 4723 restibus
2433 4676 2487 4721 et
2517 4683 2626 4722 non
2660 4669 2865 4723 habent
2890 4670 3267 4724 indumentum
3300 4686 3459 4731 auro,

1888 4762 2199 4833 hyacintho,
2238 4774 2428 4825 cocco,
2484 4775 2745 4831 purpura,
2781 4762 3055 4832 byssoque
3104 4763 3462 4815 contextum?

1889 4855 2165 4909 Inferioris
2211 4852 2408 4924 gradus
2458 4852 2632 4907 levita:
2683 4864 2740 4907 et
2768 4853 3082 4908 sacerdotes
3125 4855 3366 4923 plaustra
3409 4864 3463 4907 et

1888 4943 2052 4997 boves
2098 4942 2372 5011 accipiunt
2419 4941 2695 5009 :majoris
2752 4942 2961 4995 ordinis
3009 4950 3223 5011 gestant
3282 4958 3460 4997 aream

1888 5033 2102 5088 Domini
2134 5033 2379 5088 humeris
2411 5033 2545 5088 suis.
2593 5031 2652 5087 Si
2688 5033 2834 5087 tollis
2865 5032 3111 5088 ordinem
3146 5033 3165 5063 ⁸
3199 5035 3453 5087 taberna-

1888 5126 2018 5192 culi,
2071 5124 2301 5197 templi,
2366 5124 2639 5191 Ecclesize,
2692 5125 2737 5178 si
2789 5140 2979 5179 omnes
3032 5125 3128 5194 qui
3197 5142 3225 5179 ιι.
3258 5127 3464 5180 dextris

1891 5398 2025 5451 Olim
2077 5408 2238 5464 porro
2274 5391 2564 5457 interﬁcere
2605 5406 2705 5460 pro
2739 5390 3047 5459 interfecere
3079 5408 3096 5444 :
3134 5400 3246 5444 tum
3281 5388 3460 5443 Inter.

1891 5482 2074 5535 rogare
2102 5464 2245 5526 libet,
2281 5473 2385 5515 etc.

1962 5530 2067 5589 “Si
2118 5534 2254 5586 tollis
2303 5531 2559 5584 ordinem.
2597 5530 2708 5585 Nec
2755 5531 2904 5601 plura
2943 5530 3167 5600 legimus
3218 5531 3270 5584 in
3328 5546 3458 5584 mss.

1892 5604 2171 5661 codicibus
2200 5619 2300 5655 nec
2330 5605 2583 5669 pauciora
2614 5620 2625 5653 :
2658 5618 2835 5669 neque
2862 5601 2993 5653 satis
3025 5603 3208 5653 mirari
3242 5617 3459 5669 possum

1894 5679 2174 5729 I'Irasmum
2228 5681 2281 5726 et
2332 5668 2673 5733 Marianum,
2725 5668 2813 5734 qui
2873 5670 3165 5721 ('Oltrlt'llllll
3226 5668 3464 5722 retinent

1892 5751 2249 5803 contextum,
2288 5740 2777 5809 annotationesque
2809 5740 2970 5792 falsas
3020 5754 3244 5805 prorsus
3280 5758 3341 5793 ac
3374 5739 3458 5791 fu-

1896 5817 2033 5869 l'tles.
2070 5812 2279 5884 Legum
2322 5812 2501 5878 itaque
2557 5812 2658 5864 hoc
2705 5811 2860 5864 modo
2907 5828 2916 5863 :
2964 5828 2979 5859 ι
3021 5810 3075 5863 Si
3117 5826 3327 5872 omnes,
3367 5809 3460 5878 qui
