4218 6494
184 418 282 483 349

1182 428 1587 490 ADVERSUS
1633 433 2112 499 JOVINIANUM
2162 442 2309 503 LIB.
2351 444 2434 505 ll.

3340 450 3446 513 35’)

176 534 613 601 elargumt-ntis,
651 544 707 589 et
741 537 1009 630 exemplis
1063 542 1448 607 respondimus
1514 542 1760 614 Scriptu-
1795 561 1834 615 Α
1867 552 2076 605 eundiae
2115 556 2401 628 vestibus[
2440 558 2525 611 Al.
2560 558 2773 627 tegebat
2809 557 2825 630 ]
2858 560 3197 628 protegebat,
3242 563 3441 617 nudata

178 639 374 687 rarum,
411 636 772 694 veteremque
794 625 1030 683 Zenonis
1081 634 1433 696 sententiam,
1475 642 1582 687 tam
1608 652 1756 689 com-

177 716 317 767 muni
342 732 539 776 senm,
572 732 737 784 quam
771 718 954 773 divina
992 721 1225 774 lectione
1265 727 1643 780 contrivimus.

236 810 325 863 36.
375 810 582 864 Multos
621 812 915 880 discipulos
938 816 1115 868 habuit
1167 815 1505 873 Jovinianus.
1553 820 1757 874 Doctri-

174 919 237 955 na
257 904 550 969 eolaptatis
577 906 707 975 quid
732 907 963 975 proﬁcit.
995 936 1059 948 --
1093 909 1243 965 Nune
1281 922 1450 966 restat
1489 921 1545 967 ut
1566 913 1760 982 Epicu-

177 1011 289 1047 rum
343 1006 603 1051 nostrum
654 996 769 1066 [ΑΙ.
800 1000 1129 1071 sudantem]
1166 1003 1453 1056 subantem
1510 1003 1561 1055 in
1632 1004 1756 1057 hor.

178 1087 297 1142 Iulis
324 1088 445 1143 suis
479 1089 625 1143 inter
659 1089 1096 1148 adolescentulos
1126 1103 1181 1149 et
1218 1096 1571 1151 mulierculas
1627 1096 1761 1150 allo.

172 1193 425 1247 quamor.
467 1178 679 1234 Pavent
712 1183 806 1237 tibi
844 1184 1034 1244 crassi.
1071 1185 1251 1248 nitidi,
1286 1185 1551 1241 dealbati.
1583 1188 1758 1251 Adde,

176 1273 217 1327 si
250 1276 351 1341 vis,
404 1269 574 1350 juxta
610 1274 942 1332 Socraticam
979 1278 1308 1339 irrisionem,
1371 1294 1564 1334 omnes
1637 1296 1761 1335 sues

174 1378 224 1423 et
250 1385 447 1435 canes,
484 1380 540 1425 et
575 1371 701 1441 quia
737 1382 955 1425 carnem
983 1385 1157 1433 amas,
1196 1372 1462 1427 'vnltures
1522 1388 1759 1440 quoque,

175 1459 191 1531 [
222 1461 304 1515 ΑΙ.
338 1462 559 1530 aquilas
595 1460 853 1532 ]aquil;e,
889 1462 1196 1531 accipitres.
1222 1471 1277 1517 et
1303 1464 1573 1517 bubones.
1608 1463 1760 1517 Nun-

173 1570 331 1623 quam
381 1571 492 1611 nos
524 1556 541 1623 (
583 1556 703 1609 Vide
733 1556 788 1608 in
828 1572 947 1625 cap.
980 1571 1029 1609 nt
1108 1554 1308 1609 Eccles.
1356 1555 1558 1609 Comm.
1596 1555 1613 1621 )
1646 1553 1765 1607 Ari-

174 1646 329 1714 stippi
382 1645 689 1700 multitudo
744 1648 992 1702 terrebit.
1040 1646 1405 1716 Quoscunque
1459 1647 1757 1709 formosos,

175 1751 541 1805 quoscunque
581 1737 996 1803 calamistratos,
1034 1753 1170 1807 quos
1207 1738 1361 1791 crine
1426 1740 1760 1807 composito,

175 1842 308 1896 quos
336 1826 674 1883 rubentibus
699 1829 883 1884 buccis
903 1829 1111 1893 videro,
1131 1830 1198 1885 de
1220 1840 1311 1885 tuo
1348 1840 1595 1884 armento
1615 1838 1761 1894 sunt,

1866 653 1947 696 est
1990 654 2043 697 et
2083 649 2329 715 exposita
2370 669 2383 703 :
2421 666 2539 716 qutP.
2592 659 2718 705 ante
2745 652 2795 703 in
2829 654 3045 706 occulto
3092 662 3269 717 erant,
3304 672 3446 710 nunc

1863 732 1917 786 in
1953 738 2246 805 prepatnlo
2276 749 2422 793 sunt.
2455 740 2751 796 Ostendisti
2803 742 2936 798 tales
2963 744 3279 812 discipulos,
3338 762 3442 800 non

1864 825 2061 884 fecisti.
2103 829 2215 884 Hoc
2265 830 2495 901 profecit
2525 834 2773 888 doctrina
2810 844 2923 895 tua.
2974 846 3033 889 ut
3063 850 3278 902 peccata
3348 854 3446 891 nec

1865 922 2241 989 pmnitentiam
2274 926 2493 994 quidem
2532 926 2762 983 habeant
2800 928 2839 983 ⁵.
2887 927 3141 996 Virgines
3162 941 3265 983 tuae
3313 948 3447 996 quas

1862 1014 2297 1083 prudentissimo
2329 1018 2576 1083 consilio,
2598 1021 2740 1085 quod
2786 1037 2947 1077 nemo
2980 1038 3215 1091 unquam
3250 1023 3450 1087 legerat

1864 1121 1964 1159 nec
2000 1105 2269 1171 audierat,
2289 1110 2353 1163 de
2387 1110 2649 1179 Apostolo
2670 1112 2925 1177 docuisti,
2946 1114 3138 1169 Melius
3159 1124 3233 1169 est
3260 1119 3449 1167 nubere

1867 1216 2026 1267 quant
2049 1199 2199 1267 uri(I
2223 1202 2346 1256 Cor.
2374 1220 2468 1266 vn,
2492 1202 2568 1273 9),
2589 1209 2834 1262 occultos
2861 1209 3138 1263 adulteros
3159 1210 3209 1261 in
3232 1220 3449 1277 apertos

1864 1297 2144 1344 verterunt
2190 1294 2435 1348 maritos.
2467 1294 2581 1348 Non
2641 1298 2816 1352 suasit
2849 1298 2948 1351 hoc
2976 1300 3285 1367 Apostolus,
3337 1315 3445 1352 non

1865 1383 2147 1439 electionis
2188 1403 2301 1441 vas.
2344 1387 2698 1460 \‘irgilianum
2730 1392 3015 1447 consilium
3053 1402 3139 1447 est
3181 1412 3194 1447 :

1990 1524 2282 1587 Conjugium
2318 1533 2475 1585 vocat,
2514 1529 2605 1577 hoc
2630 1532 2865 1591 prietexil
2899 1528 3094 1579 nomine
3131 1531 3344 1591 culpam.

2823 1609 3044 1671 (/Encid.
3080 1612 3115 1660 Ι.
3149 1614 3234 1670 tv).

1940 1730 2029 1784 37.
2070 1727 2333 1783 Basilides
2363 1730 2615 1800 magister
2642 1732 2890 1786 luxuriat.
2947 1730 3166 1800 Semper
3229 1737 3452 1795 pseudo—

1867 1821 2131 1890 prophette
2183 1821 2360 1875 dulcia
2420 1824 2752 1888 promittant.
2832 1822 3000 1877 Verba
3061 1823 3454 1879 Joriniani.——

177 1921 284 1975 imo
310 1921 457 1977 inter
512 1931 640 1976 (nos
700 1937 829 1977 sues
875 1920 1201 1992 ετιιηηὶυιη,
1240 1924 1315 1977 De
1365 1932 1551 1975 nostro
1601 1938 1760 1993 grege
1792 1909 1836 1968 Β
1866 1912 2254 1982 Quadringenti
2293 1915 2463 1967 lenne
2497 1917 2621 1968 anni
2662 1926 2809 1980 Stlllt,
2840 1918 2983 1986 quol
3023 1917 3225 1974 Christi
3254 1922 3451 1991 prmdi-

178 2012 384 2071 tristes,
424 2012 638 2078 pallidi,
677 2012 963 2075 sordidati,
987 2020 1040 2065 et
1068 2013 1225 2082 quasi
1274 2013 1550 2082 peregrini
1608 2015 1766 2083 hujus

179 2105 383 2167 seculi,
406 2105 539 2159 licet
575 2121 832 2161 sermone
863 2114 1102 2170 taceant.
1130 2108 1318 2161 habitu
1348 2106 1510 2177 380
1542 2108 1767 2177 loquun-

180 2205 266 2251 iur
304 2206 359 2251 et
392 2207 555 2267 gestu
596 2214 612 2247 :
646 2197 741 2250 Hei
774 2199 1039 2268 nti/siquia
1073 2200 1420 2268 peregrinatio
1479 2216 1593 2252 mea
1645 2215 1768 2265 pro-

183 2291 395 2359 longata
432 2304 513 2344 est
540 2290 559 2342 .'
624 2292 857 2345 habitari
910 2308 1025 2345 cum
1080 2291 1546 2346 Imbitationibus‘
1600 2294 1770 2348 Cedar

185 2383 357 2453 (Psal.
386 2400 540 2448 crtx,
579 2385 656 2451 5),
690 2384 942 2439 videlicet
982 2385 1036 2439 in
1084 2386 1323 2440 tenebris
1351 2387 1512 2454 hujus
1555 2388 1765 2450 mundi,

180 2477 420 2543 quialux
471 2476 624 2529 lucet
658 2477 710 2529 in
771 2474 1029 2538 tenebris,
1090 2484 1145 2529 et
1209 2476 1450 2529 tenebrae
1512 2488 1766 2527 eamnon

180 2568 755 2636 comprehenderunt.
791 2565 870 2619 Ne
904 2567 1171 2636 glorieris,
1197 2565 1343 2636 quod
1375 2567 1575 2620 multos
1606 2566 1771 2619 disci-

182 2664 339 2729 pulos
384 2661 620 2715 habeas.
658 2658 831 2716 Filius
876 2658 968 2714 Dei
1002 2659 1264 2715 docuitin
1302 2659 1513 2723 Judzea,
1548 2670 1603 2712 et
1634 2659 1769 2713 duo-

178 2753 353 2807 decim
378 2761 598 2805 tantum
630 2752 781 2807 illum
805 2754 1035 2823 apostoli
1070 2752 1457 2822 sequebantur.
1490 2752 1768 2814 Tarcalar,

181 2846 376 2913 inquit,
409 2844 617 2897 calcari
645 2846 811 2908 so'us,
842 2853 890 2898 et
915 2847 980 2899 de
1020 2846 1257 2916 gentibus
1290 2846 1369 2899 vir
1396 2860 1497 2897 non
1560 2854 1635 2899 est
1660 2858 1768 2896 me-

182 2954 297 2989 rum
334 2943 349 2997 ζ
380 2935 501 2990 lsa.
526 2951 683 3002 mu,
726 2936 816 3006 3).
850 2936 946 2991 llle
978 2936 1031 2989 in
1061 2936 1315 3006 passione
1334 2937 1487 2990 solus
1550 2950 1773 2989 reman-

182 3030 272 3095 sit,
309 3042 361 3083 et
391 3029 542 3082 Petri
575 3043 793 3097 quoque
822 3043 946 3097 erga
979 3042 1103 3082 eum
1164 3027 1456 3096 trepidavit
1509 3037 1771 3081 constan-

184 3124 252 3176 tia
285 3140 299 3174 :
344 3121 761 3175 Pharismorum
786 3129 965 3173 autem
999 3120 1257 3173 doctrina:
1309 3120 1490 3172 omnis
1537 3119 1770 3189 pOpulus

182 3215 577 3285 applaudeliat.
611 3214 801 3268 dicens
826 3232 837 3265 :
860 3212 1137 3281 Cruci/ige,
1161 3212 1407 3281 cruci/iga
1431 3211 1612 3265 talem.
1650 3211 1769 3263 Non

1870 2004 2010 2055 catio
2047 2004 2210 2070 fulget
2245 2005 2297 2057 in
2334 2006 2558 2060 mundo.
2589 2007 2663 2060 Ex
2697 2023 2806 2077 quo
2864 2009 3288 2067 innumerabiles
3351 2015 3454 2069 bae-

1871 2109 2019 2148 reses
2048 2097 2285 2150 tunicam
2316 2097 2464 2152 illius
2502 2100 2913 2163 consciderunt,
2965 2105 3254 2159 uniVersus
3316 2122 3453 2176 pen-3

1871 2201 2023 2241 error
2060 2188 2220 2258 381
2252 2189 2318 2243 de
2389 2189 2644 2247 Chaldaeo
2679 2201 2734 2247 ct
2766 2193 2903 2249 Svro
2933 2197 3026 2249 “et
3080 2196 3271 2253 (ἴε-ξιξςο
3337 2215 3453 2253 ser-

1872 2294 2035 2333 mone
2082 2290 2450 2348 processerat.
2504 2282 2762 2339 Basilides
2819 2288 3326 2357 magisterlnxuriae
3399 2301 3455 2345 et

1872 2374 2314 2441 turpissimarum
2341 2376 2747 2443 complevuum,
2783 2389 2905 2446 post
2948 2390 3025 2434 tot
3082 2397 3253 2435 annos
3303 2384 3373 2437 ita
3401 2383 3455 2438 in

1869 2462 2233 2530 Iovinianum,
2270 2468 2421 2534 quasi
2458 2468 2508 2521 in
2569 2467 2925 2537 Euphorbum
2961 2472 2983 2504 ⁸
3039 2473 3459 2529 transformatns

1871 2566 2047 2617 est.ut
2068 2558 2256 2612 Latina
2289 2575 2506 2628 quoque
2537 2560 2715 2631 lingua
2752 2563 2973 2618 haberet
3008 2565 3254 2619 batresim
3281 2582 3453 2622 suam.

1871 2648 2100 2705 Nullane
2153 2649 2255 2705 fuit
2306 2653 2407 2705 alia
2450 2653 2499 2706 in
2539 2662 2650 2708 toto
2674 2656 2807 2708 orbe
2856 2658 3156 2725 provincia,
3201 2675 3321 2727 qua:
3375 2675 3457 2714 re-

1872 2741 2080 2811 ciperet
2139 2745 2473 2812 praeconium
2525 2746 2837 2815 voluptatis,
2895 2747 2949 2801 in
3014 2764 3174 2816 quam
3238 2752 3460 2807 coluber

1876 2844 2163 2889 tortuosos
2196 2837 2490 2905 irreperet,
2515 2839 2615 2892 nisi
2653 2854 2815 2908 quam
2851 2841 2995 2893 Petri
3027 2841 3271 2900 doctrina
3293 2860 3458 2913 super

1876 2934 2080 2994 petram
2126 2927 2443 2983 fundaverat
2469 2928 2744 2983 Christum
2774 2931 2821 2983 "?
2867 2930 3132 2986 Vexillum
3166 2937 3345 2988 crucis
3404 2946 3458 2990 et

1874 3018 2279 3087 prmdicationis
2309 3022 2619 3085 austeritas,
2671 3022 2939 3077 idolorum
3002 3026 3201 3094 templa
3245 3025 3458 3081 destru-

1872 3122 2027 3165 xerat
2058 3127 2073 3164 :
2107 3126 2136 3164 e
2168 3112 2387 3182 regione
2424 3114 2637 3166 luxuria
2693 3116 2870 3182 penis,
2904 3117 3109 3169 ventris
3142 3127 3195 3171 et
3225 3118 3457 3185 gutturis

1876 3206 2190 3258 subvertere
2244 3205 2438 3259 nititur
2474 3205 2847 3260 fortitudinem
2897 3210 3097 3263 crucis.
3137 3209 3290 3264 Unde
3359 3227 3455 3279 per

185 3311 436 3360 habemus
460 3323 635 3376 regem
667 3307 771 3358 nisi
806 3304 1070 3359 Ca'sarem
1100 3319 1116 3373 ι
1148 3304 1307 3357 Joan.
1338 3320 1452 3364 XIX.
1508 3302 1565 3367 6,
1620 3304 1723 3372 15)
1761 3344 1774 3367 ,
1804 3280 1845 3335 θ
1881 3298 2074 3351 lsaiam
2104 3298 2346 3367 loquitur
2381 3298 2523 3352 Deus
2560 3317 2573 3353 :
2608 3299 2845 3369 Papulas
2881 3318 3043 3363 meus,
3079 3304 3169 3363 qui
3202 3320 3290 3356 vos
3322 3308 3452 3356 bea-

186 3404 234 3455 id
268 3412 354 3455 est
382 3444 395 3461 ,
425 3400 562 3453 vitia
626 3398 931 3469 sequimur,
958 3413 1065 3451 non
1132 3397 1398 3458 virtutes;
1456 3396 1776 3466 Epicurum,

184 3509 294 3547 non
327 3492 663 3556 Christum;
710 3490 1078 3553 Jovinianum,
1115 3505 1222 3542 non
1263 3490 1569 3559 apostolum
1638 3488 1779 3541 Pau-

188 3587 321 3638 lum.
352 3583 516 3649 Quod
573 3581 729 3635 multi
754 3580 1105 3649 acquiescant
1150 3580 1439 3633 sentcntizn
1473 3591 1595 3643 tute,
1637 3579 1780 3633 indic

194 3679 339 3731 cium
379 3673 686 3741 voluptatis
712 3682 795 3726 est
826 3688 839 3724 :
878 3687 986 3725 non
1038 3673 1185 3726 enim
1219 3681 1331 3725 tam
1358 3682 1409 3725 te
1467 3672 1779 3740 loquentem

192 3771 439 3838 probant
472 3804 489 3827 ,
531 3779 697 3832 quam
734 3762 845 3817 suis
887 3762 1072 3816 favent
1108 3763 1277 3816 vitiis.
1330 3761 1388 3816 lu
1416 3763 1634 3817 circulis
1668 3765 1783 3832 pla-

191 3875 401 3913 Irarum
441 3856 692 3926 quotidie
745 3854 905 3909 ﬁctus
968 3854 1174 3910 ariolus
1229 3854 1521 3909 stultorum
1576 3861 1781 3910 nates’

188 3955 471 4012 verberat,
508 3958 561 4000 et
584 3946 803 4000 obtorto
835 3946 971 3999 iuste
997 3944 1190 3999 dentes
1221 3945 1582 4000 mordentium
1650 3961 1781 4013 qua-

188 4047 274 4103 tit,
316 4056 424 4095 nec
450 4050 642 4093 tamen
698 4038 851 4090 deest
881 4036 972 4102 qui
1006 4050 1223 4104 semper
1258 4036 1427 4103 possit
1454 4036 1641 4091 induci
1674 4036 1697 4089 ?
1726 4046 1783 4092 et

190 4150 293 4204 pro
345 4144 548 4200 magna
606 4127 871 4197 sapientia
934 4125 1072 4200 [ΑΙ.
1135 4125 1358 4195 deputa]
1415 4128 1671 4197 deputas,
1734 4128 1782 4183 si

191 4229 376 4297 plures
403 4222 560 4294 porci
595 4229 717 4289 post
749 4227 801 4273 te
851 4228 1096 4281 currant,
1141 4234 1281 4287 quos
1313 4219 1575 4289 gehennte
1655 4233 1784 4272 suc-

190 4322 349 4376 cidie
382 4316 601 4372 nutrias
630 4314 652 4366 ?
690 4307 815 4367 Post
848 4312 1180 4381 praeconium
1217 4320 1389 4379 tuum,
1411 4322 1463 4366 et
1492 4312 1719 4366 balneas
1741 4314 1784 4375 ³,

190 4429 311 4484 qua:
338 4412 494 4464 viros
527 4405 731 4476 pariter
768 4416 823 4458 et
852 4403 1081 4458 feminas
1108 4404 1295 4458 lavant
1324 4446 1340 4468 ,
1383 4405 1563 4458 omnis
1599 4404 1779 4474 impa-

194 4506 388 4561 tientia
424 4514 550 4572 qua:
612 4497 895 4551 ardentem
932 4498 1083 4567 prius
1112 4498 1420 4563 libidinem,
1445 4497 1602 4567 quasi
1639 4512 1785 4551 vere-

271 4684 288 4715 ¹
330 4681 619 4737 Victorius
660 4695 776 4732 cum
811 4677 1172 4731 habitantibus
1203 4692 1326 4731 cum
1350 4675 1615 4746 'angata,
1651 4690 1783 4731 con-

206 4766 291 4809 tra
325 4769 466 4806 ῐιιςε.

276 4828 296 4857 ³
330 4825 467 4877 Item
502 4819 777 4874 Victorius
809 4834 965 4871 nares
990 4858 1003 4878 ,
1037 4833 1201 4878 quant
1234 4817 1527 4871 lectionem
1571 4826 1625 4869 ut
1661 4832 1790 4879 pro-

202 4896 317 4951 bet.
352 4893 526 4945 multa
560 4890 1017 4942 comminiscitur.
1050 4886 1185 4940 Vide
1216 4903 1338 4956 quae
1371 4890 1697 4940 annotautns
1732 4888 1784 4938 iu

202 4964 379 5030 Epist.
426 4960 553 5020 1'27,
588 4959 653 5012 ad
688 4958 1066 5030 Principiam,
1099 4973 1275 5030 nnm._
1302 4958 1356 5021 9,
1379 4966 1459 5030 _ct
1497 4956 1674 5009 lomnn
1720 4971 1784 5009 ex

205 5025 450 5086 aniano
486 5032 555 5083 de
606 5038 779 5082 morte
834 5025 1133 5097 Peregrini.
1189 5026 1332 5081 Infra
1378 5025 1476 5079 lib.
1524 5041 1544 5079 ι
1592 5038 1784 5079 contra

206 5103 475 5156 Ruﬁnum
506 5100 696 5153 eadem
725 5106 1048 5152 occurrunt.

278 5171 297 5199 ³
328 5170 643 5225 Promiseni
686 5168 884 5227 balnei.
914 5166 1055 5235 Quod
1106 5164 1429 5221 Jovinianus
1473 5165 1739 5234 probabat
1769 5210 1783 5231 ,

212 5241 623 5312 turpitudinem
656 5248 1012 5312 exsecrantur
1056 5236 1243 5312 Patres
1278 5237 1547 5312 plerique
1570 5252 1786 5312 omnes,

210 5305 475 5365 Lleinens
510 5308 915 5377 Alexandrinus
948 5306 1228 5377 Ptedagog.
1255 5322 1338 5370 ιιι,
1363 5307 1419 5372 5;
1453 5305 1789 5377 Epiphanius

213 5384 413 5435 haeres.
449 5396 582 5439 xxx,
611 5378 641 5430 7
665 5394 679 5443 ;
712 5375 1133 5447 Cbrysostomns
1163 5375 1230 5431 de
1259 5375 1557 5431 educandis
1580 5376 1786 5447 ﬁberis,

215 5453 446 5516 aliique.
485 5452 739 5502 (Zenones
770 5444 1005 5515 quoque,
1038 5446 1379 5501 Laodicenus
1426 5448 1481 5505 5.
1503 5454 1557 5497 et
1578 5444 1789 5516 Trulla-

210 5515 434 5582 nus77,
473 5521 582 5572 imo
612 5519 776 5572 etiam
808 5519 1204 5584 imperatorum
1264 5517 1485 5571 decreta
1537 5524 1591 5569 et
1647 5515 1788 5585 leges

213 5589 687 5644 rondemnabant.

285 5660 308 5689 ⁴
364 5658 540 5712 Vetus
580 5661 711 5712 edit.
743 5674 805 5712 ne
844 5667 1115 5725 peccatum
1173 5656 1378 5727 quidem
1430 5656 1787 5725 paenitentiam

208 5732 421 5782 habent.

290 5804 308 5827 ³
366 5799 578 5857 Sentit,
612 5795 845 5866 primum
877 5809 905 5851 c
937 5796 1148 5851 Latinis
1186 5797 1497 5853 hmreticnm
1544 5796 1785 5850 .lnt'ittiftv

218 5886 348 5925 num
382 5867 853 5937 cxstitissc,quod
892 5868 1108 5936 quidem
1150 5878 1202 5923 ct
1243 5866 1477 5923 Victoria
1536 5879 1782 5923 notatum

1884 3393 2105 3459 ti/icant.
2145 3392 2403 3445 seducunt
2430 3409 2518 3446 eos
2554 3431 2568 3452 ,
2594 3404 2642 3445 et
2674 3396 2891 3447 tenuitas
2927 3395 3114 3461 pedum
3168 3408 3457 3449 vestrorum

1882 3488 2191 3539 conturbant
2250 3483 2385 3553 (Isa.
2448 3501 2519 3548 ix,
2562 3484 2627 3539 16
2662 3485 2703 3553 ).
2737 3485 2956 3539 Necnon
2991 3502 3085 3555 per
3105 3485 3398 3541 Jeremiam
3438 3507 3455 3547 :

1884 3576 2074 3646 Fugite
2103 3579 2165 3630 tle
2194 3580 2363 3631 medio
2390 3577 2702 3647 Babylonis,
2760 3588 2811 3631 et
2841 3588 3046 3631 servate
3104 3582 3459 3648 unusquisque

1883 3673 2120 3724 animant
2148 3688 2297 3724 etiam
2329 3672 2552 3731 lJerem.
2584 3686 2656 3735 LI,
2684 3672 2759 3737 9),
2785 3682 2831 3724 et
2857 3672 3019 3725 nolite
3067 3673 3278 3725 credere
3304 3689 3459 3741 pseu-

1883 3763 2238 3831 doiirophetis,
2266 3765 2355 3832 qui
2386 3765 2589 3827 dicunt,
2642 3780 2768 3830 pax,
2803 3780 2930 3833 pax,
2982 3774 3031 3817 et
3061 3782 3163 3817 non
3217 3775 3294 3818 est
3353 3783 3460 3835 pas:

1885 3850 2102 3919 (larem.
2141 3868 2213 3911 vn.
2252 3852 2343 3920 14)
2371 3869 2383 3904 :
2409 3853 2499 3921 qui
2537 3867 2757 3921 semper
2789 3853 3142 3923 ingeminant,
3188 3854 3460 3923 Temptant

1884 3942 2121 4007 Domini,
2155 3946 2403 4010 templum
2454 3944 2667 3997 Domini
2700 3943 2933 4012 (Jerem.
2972 3961 3064 4007 vu,
3094 3947 3127 4000 4
3150 3948 3188 4014 ).
3220 3946 3462 4015 Prophe-

1885 4043 1953 4088 tas
1986 4034 2064 4087 tui
2094 4034 2347 4087 viderunt
2378 4033 2475 4087 tibi
2514 4032 2645 4087 falsa
2677 4043 2730 4088 et
2761 4034 3100 4104 insipientia,
3161 4052 3271 4089 non
3333 4053 3464 4106 ape-

1886 4132 2117 4180 ruerunt
2163 4125 2508 4194 iniquitatem
2545 4136 2717 4186 tuam.
2753 4137 2809 4181 ut
2847 4138 2900 4181 te
2940 4130 3008 4182 ad
3071 4130 3461 4196 pmnitentiam

1886 4228 2263 4288 provocarent;
2299 4218 2389 4285 qui
2420 4221 2687 4272 devorant
2723 4220 2935 4287 plebem
2970 4220 3079 4291 [ΑΙ.
3118 4220 3308 4293 Deum]
3351 4224 3461 4287 Dei,

1890 4322 1949 4364 ut
1978 4310 2156 4362 cibum
2190 4310 2364 4378 panis,
2396 4308 2562 4364 Deum
2592 4326 2698 4364 non
2756 4311 3176 4366 invocaverunt.
3202 4314 3465 4367 Jerentias

1888 4400 2255 4469 captivitatem
2313 4404 2594 4465 nuntians,
2647 4403 2978 4473 lapidatusa
3032 4406 3247 4473 populo.
3316 4406 3464 4458 Ana-

1891 4496 2005 4549 nias
2036 4495 2181 4551 ﬁlius
2218 4496 2361 4550 Azur
2396 4497 2676 4568 frangebat
2711 4498 2776 4552 ad
2809 4513 3053 4568 presens
3115 4499 3328 4567 ligneas
3356 4508 3467 4551 tor-

1889 4689 1994 4739 est.
2030 4688 2081 4731 at
2116 4677 2300 4732 nescio
2366 4693 2527 4745 quam
2566 4693 2719 4743 vere,
2755 4678 2796 4732 si
2831 4677 3150 4748 Montanum
3220 4690 3461 4748 reputes,

1893 4749 2184 4808 Novatum,
2219 4760 2381 4814 atque.
2412 4750 2568 4810 alios,
2604 4751 2788 4817 utique
2824 4765 2886 4802 ex
2923 4747 3153 4802 Latinis.

1963 4821 1981 4851 ⁸
2018 4822 2070 4871 In
2107 4824 2355 4883 sequenti
2390 4819 2529 4872 libro
2565 4830 2750 4873 contra
2804 4820 3152 4887 Vigilantium
3215 4838 3368 4875 num.
3400 4841 3412 4876 t
3448 4840 3461 4875 :

1891 4890 2157 4953 Quomodo
2187 4889 2499 4956 Euphorbus
2534 4888 2919 4960 infytltagora
2955 4899 3174 4960 renatus
3212 4909 3319 4945 esse
3343 4910 3462 4960 per-

1889 4962 2116 5020 hibetur,
2164 4960 2240 5011 εἰς
2287 4962 2340 5012 in
2407 4974 2504 5013 ista
2548 4957 2930 5029 (Vigilantio)
2988 4957 3260 5014 Jovininni
3323 4957 3466 5015 mens

1890 5047 2052 5098 prava
2086 5030 2338 5100 surrexit.
2383 5031 2586 5098 Nempe
2648 5030 2941 5083 somniavit
2991 5030 3321 5100 Pythagoras
3354 5033 3465 5084 Ευ-

1890 5101 2081 5169 phorbi
2110 5103 2252 5168 apud
2270 5099 2489 5168 Troiam
2522 5100 2688 5154 occisi
2707 5101 2943 5153 animam
2964 5102 3016 5153 in
3036 5116 3092 5153 se
3107 5102 3464 5168 demigrasse;

1890 5186 2053 5238 seque
2082 5171 2255 5223 aiebat
2296 5174 2526 5239 primmn
2566 5170 2731 5224 fuisse
2784 5170 3110 5239 Ethalidem,
3174 5188 3296 5223 tnox
3366 5173 3469 5224 Eu-

1891 5241 2179 5309 phorbum,
2203 5238 2397 5294 deinde
2429 5240 2845 5303 llermotimum,
2864 5252 2914 5293 et
2935 5238 3224 5307 Pyrrhum,
3258 5242 3465 5295 Delium

1891 5311 2239 5378 piscatorem,
2276 5320 2548 5379 postremo
2579 5326 2645 5364 ex
2682 5309 2891 5381 Pyrrho
2923 5311 3124 5364 factum
3172 5327 3296 5365 esse
3356 5315 3466 5382 Py~

1891 5382 2193 5447 thagoratn.

1965 5451 1982 5479 ⁷
2036 5453 2144 5504 Duo
2176 5466 2327 5513 mss.,
2385 5448 2556 5514 Super
2614 5460 2817 5516 petram
2870 5449 3182 5517 fundaverat
3244 5452 3462 5505 Christi.

1891 5520 2058 5574 Vetus
2086 5521 2214 5573 edit.
2246 5521 2345 5572 nisi
2372 5521 2425 5571 in
2452 5538 2553 5584 qua
2588 5520 2733 5574 Petri
2787 5522 3029 5574 doctrina
3069 5538 3225 5585 super
3278 5538 3332 5573 se
3378 5539 3467 5586 pe-

1894 5600 2031 5643 tram
2061 5591 2375 5659 fundaverat
2429 5590 2669 5644 Christus
2704 5606 2720 5653 ;
2755 5601 2807 5645 et
2874 5606 2994 5643 mox
3073 5593 3467 5656 pra'a'icatianis

1892 5661 2207 5713 mtrtoritas.
2244 5660 2543 5713 llotnanam
2574 5662 2811 5730 proprie,
2843 5671 2901 5713 ut
2931 5660 3102 5722 vides,
3155 5662 3461 5715 Ecclesium

1892 5740 2063 5791 notat,
2104 5730 2152 5782 in
2190 5746 2293 5797 qua
2329 5732 2560 5798 primum
2615 5731 2860 5783 hmresim
2910 5730 3231 5787 Joviuiauus
3288 5733 3460 5785 SLC‘o‘ll.

1897 5800 2015 5854 Vid.
2049 5800 2325 5869 praefixum
2351 5803 2499 5856 hisce
2535 5800 2683 5856 libris
2709 5800 3171 5858 Admonitionem.
