4218 6456
189 414 295 481 353
1194 412 1595 474 AIWERSUS
1636 414 2154 475 VIGIIAN'I‘IUM
2199 416 2426 477 LIBER
3354 418 3457 484 355

188 542 593 612 Hieronymus,
628 542 870 613 pralusit
901 544 1298 612 quodammodo
1325 560 1541 615 pugnm,
1588 558 1852 614 suamque
1876 544 2056 611 potius
2092 547 2306 612 aperuit
2340 547 2521 611 ﬁdem,
2568 562 2729 616 quam
2767 548 2888 617 ejus
2914 549 3235 617 expugnarit
3262 550 3455 605 inlide-

188 631 423 684 litatem.
457 628 625 685 Nunc
654 631 876 701 quando
903 632 968 685 ad
1002 632 1175 702 ipsum
1212 633 1409 687 librum
1441 632 1782 697 devenimus,
1814 648 1921 701 quo
1955 634 2220 687 adversus
2246 633 2510 686 insaniam
2543 636 2777 690 hominis
2811 653 3023 691 summo
3064 637 3232 691 animi
3256 640 3451 695 ardore

191 716 471 782 Velitatur,
508 728 575 772 ut
598 732 784 773 causa:
810 730 1085 773 momenta
1113 730 1401 790 perspecta
1435 721 1655 784 habeas,
1688 721 1807 787 quis
1852 721 1966 789 ipse
1997 720 2319 790 Vigilantius
2346 719 2530 785 fuerit,
2559 722 2797 791 quidque
2829 736 3019 780 contra
3053 735 3258 780 rectam
3288 726 3446 781 ﬁdem

190 810 401 859 temere
431 804 706 870 senserit,
734 807 1143 875 praenotandum
1196 815 1298 861 est.
1324 807 1458 861 Eum
1481 810 1690 861 natione
1720 807 1931 863 Gallum
1958 809 2085 864 dicit
2120 809 2434 865 Gennadius
2461 851 2475 873 ,
2519 809 3004 881 Calagurritarum.
3041 818 3157 870 sive
3209 831 3273 870 ex
3304 817 3457 870 Cala-

190 893 376 961 gurris
406 893 597 949 viculo
627 908 795 965 prope
824 896 1205 951 Camenarum
1241 897 1458 958 urbem.
1502 897 1863 968 Hieronymus
1901 916 1915 962 ;
1950 901 2092 953 unde
2125 901 2394 971 intelligas
2425 916 2491 955 et
2538 902 2783 956 infcriori
2824 904 2972 957 ilhun
3008 906 3174 958 fuisse
3225 906 3455 971 Aquita-

188 981 280 1034 nia
310 981 377 1034 ad
411 982 636 1036 radices
674 981 934 1052 Pyrenei.
966 982 1135 1037 Homo
1154 995 1302 1051 erat,
1334 988 1526 1039 eodem
1559 983 1839 1039 Gonnadio
1868 997 2114 1052 auctore,
2145 989 2391 1040 seductus
2412 989 2646 1042 Immana
2676 990 2835 1043 laude
2862 1000 2909 1043 el
2939 1007 3255 1058 pra-sumens
3295 1009 3453 1055 su;.ru

188 1069 324 1121 rites
353 1084 511 1131 suos,
561 1070 753 1139 lingua
782 1066 997 1138 politus,
1027 1087 1128 1125 non
1164 1089 1316 1127 sensu
1354 1070 1751 1141 Scripturarum
1772 1076 2107 1138 exercitatus,
2135 1076 2225 1129 sed
2255 1079 2298 1129 si
2332 1075 2717 1148 Hieronymum
2750 1081 2925 1139 audis,
2962 1081 3235 1147 imperitus
3258 1092 3303 1134 et
3339 1098 3450 1134 rcr-

188 1156 266 1208 bis
295 1165 346 1209 et
370 1157 628 1219 scientia,
658 1167 708 1211 et
733 1174 967 1212 sermone
990 1161 1311 1214 inconditus.
1338 1160 1419 1213 Et
1459 1161 1580 1212 vitae
1617 1160 1869 1217 instituto
1905 1179 2207 1231 cauponam
2242 1176 2583 1221 exercuerat.
2618 1168 2730 1220 sive
2772 1169 2934 1220 etiam
2977 1178 3104 1220 tunc
3139 1171 3453 1233 exercebat,

188 1258 318 1297 cum
354 1259 543 1298 novus
574 1243 941 1299 Ecclesiarum
967 1248 1231 1313 magister
1266 1247 1454 1301 audire
1481 1247 1676 1313 voluit,
1705 1258 1757 1303 et
1806 1253 2095 1321 presbyter
2124 1253 2311 1319 jussus
2366 1262 2471 1304 est.
2511 1252 2640 1305 Nam
2675 1263 2725 1305 et
2764 1256 2908 1308 hth
2939 1257 3165 1325 gradum
3199 1265 3281 1310 est
3319 1274 3452 1312 con-

188 1343 445 1394 secutus,
480 1340 533 1385 et
570 1329 884 1397 Ecclesium,
918 1344 972 1389 ut
1022 1334 1287 1389 Gennatlii
1337 1337 1514 1390 verbis
1542 1337 1614 1389 uti
1650 1352 1959 1407 prosequar,
2034 1338 2307 1408 Hirpinum
2363 1339 2750 1394 Barcilouensis
2786 1346 3045 1407 parochiw
3081 1346 3281 1409 tenuit;
3333 1361 3454 1416 qua!

189 1434 320 1473 cum
354 1431 509 1473 esset
548 1430 867 1474 sanctorum
909 1422 1344 1491 presbyterorum
1384 1420 1590 1491 Riparii
1640 1440 1701 1476 ac
1733 1427 1991 1481 Desiderii
2042 1431 2293 1497 parret-iis
2341 1431 2706 1493 contermina,
2764 1431 2813 1483 hi
2867 1434 3129 1487 centinuo
3190 1436 3451 1489 dolebant

191 1505 431 1559 morbidi
493 1511 736 1575 pastoris
775 1507 971 1562 vicinia
1018 1510 1263 1577 proprias
1288 1509 1354 1563 de
1391 1509 1569 1562 salute
1607 1525 1739 1563 oves
1796 1515 2113 1582 periclitari.
2183 1516 2484 1585 Episcopus
2523 1535 2760 1590 quoque,
2796 1520 2898 1573 sub
2938 1521 3093 1589 cujus
3135 1522 3221 1574 ille
3244 1524 3452 1577 ditione

192 1592 411 1661 agebat,
462 1595 824 1662 patrocinsri,
854 1605 904 1647 et
934 1597 1257 1664 acquiescere
1298 1597 1467 1665 furori
1502 1596 1615 1665 ejus
1641 1597 1790 1650 visus
1836 1606 1938 1658 est,
1976 1598 2416 1667 quandoquidem
2486 1601 2800 1655 adinouitus
2848 1604 3123 1672 corripere
3176 1602 3447 1657 furentem

190 1680 430 1743 distulit,
476 1684 817 1751 au'peuitns
867 1684 1234 1750 pratermisit.

257 1773 315 1826 Ξ.
348 1773 486 1838 Quae
514 1784 700 1828 autem
730 1789 927 1828 vesano
965 1767 1179 1843 ingenio
1208 1784 1557 1829 commentus
1612 1786 1694 1829 est
1729 1790 1866 1828 nova
1922 1783 2196 1844 dogmata,
2237 1775 2303 1828 ad
2360 1775 2473 1829 haec
2497 1774 2607 1829 fere
2633 1778 2805 1845 capita
2832 1778 3183 1833 reducuntur.
3216 1780 3455 1851 Negabat

192 1859 249 1912 1'
280 1876 407 1915 esse
440 1872 739 1933 martyres.
770 1872 865 1916 aut
893 1876 1078 1916 eorum
1109 1862 1364 1931 reliquias
1395 1864 1766 1929 venerandas,
1804 1863 1920 1917 sive
1954 1865 2019 1915 ad
2062 1877 2253 1915 eorum
2308 1863 2555 1931 sepulcra
2604 1864 2656 1917 in
2687 1866 2933 1921 ecclesiis
2960 1868 3316 1936 vigilandum.
3361 1882 3453 1925 aut

190 1948 350 2013 alios,
386 1949 486 2017 qui
523 1950 580 2001 in
606 1948 1046 2003 Christianorum
1073 1949 1302 2004 costihns
1332 1960 1752 2013 consueverant,
1792 1949 2029 2003 honores
2058 1950 2164 2003 illis
2194 1964 2315 2003 esse
2338 1949 2684 2006 deferendos.
2709 1953 2763 2005 2ο
2791 1954 2963 2021 I’ejori
2990 1955 3165 2008 adlmc
3191 1958 3448 2011 vecordia

189 2034 395 2101 aiebat,
433 2035 667 2091 minime
696 2044 1007 2090 sanctorum
1030 2037 1280 2103 precibus
1307 2051 1407 2088 nos
1434 2034 1698 2102 adjuvari,
1724 2052 1898 2107 neque
1913 2038 2141 2091 terrenis
2184 2041 2324 2107 tangi
2346 2042 2762 2095 necessitatibus
2777 2043 3020 2106 coalitos;
3051 2044 3192 2097 unde
3216 2057 3269 2099 ct
3302 2045 3453 2113 signa

190 2136 316 2189 qu:
340 2138 442 2188 per
466 2123 592 2177 illos
625 2124 894 2177 interdum
928 2122 1138 2187 ﬁerent,
1173 2121 1467 2176 incredulis
1525 2120 1783 2177 duntaxat
1839 2124 2118 2191 prodesse.
2166 2125 2219 2178 3°
2247 2126 2548 2180 Nonnullas
2581 2128 2837 2181 Ecclesia:
2868 2132 3251 2196 caeremonias,
3291 2142 3454 2198 atque

188 2209 338 2262 illam
366 2213 423 2263 in
452 2209 668 2279 primis,
695 2224 881 2264 ceroos
907 2210 1137 2264 interdiu
1160 2209 1488 2263 accendendi
1508 2208 1562 2264 in
1587 2210 1767 2272 Missa,
1787 2211 1902 2264 sive
1935 2214 1997 2264 ad
2028 2210 2372 2279 Evangelium
2414 2214 2770 2277 recitandum,
2803 2230 3019 2282 pagana:
3050 2218 3451 2285 superstitionis

195 2295 365 2350 ritum
390 2298 658 2363 vocabat;
681 2312 780 2351 nec
799 2296 1024 2350 Alleluia
1042 2297 1248 2351 cantari
1273 2298 1506 2360 volebat,
1531 2296 1698 2368 386
1716 2297 1818 2351 nisi
1842 2298 1894 2352 in
1926 2300 2151 2355 Pascha.
2178 2300 2229 2353 4ο
2254 2300 2437 2354 Sensit
2457 2316 2581 2355 suas
2600 2303 2699 2357 sibi
2730 2318 2998 2371 quemque
3032 2308 3269 2360 retinere
3294 2322 3451 2373 posse

193 2384 439 2451 divitias,
475 2399 660 2453 neque
686 2384 1084 2439 abdicationem
1115 2399 1144 2438 a
1168 2385 1351 2439 saeculi
1407 2386 1575 2439 rebus
1609 2401 1781 2453 usque
1810 2387 1946 2440 adeo
1979 2386 2175 2440 bonam
2210 2403 2353 2447 esse.
2393 2389 2636 2457 quinimo
2657 2392 3044 2444 monachorum
3080 2403 3450 2460 paupertatem

193 2485 259 2525 ac
284 2472 646 2526 solitudinem
677 2471 943 2525 desidiam
977 2486 1038 2525 ac
1076 2479 1286 2540 turpem
1346 2471 1527 2541 fugam
1576 2473 1905 2540 appellabat.
1936 2476 2304 2540 Quamobrem
2342 2485 2393 2529 et
2424 2478 2824 2545 eleemosynas.
2854 2492 2974 2546 quae
3023 2477 3449 2549 Hierosolymam

194 2563 338 2616 mitti
367 2572 802 2624 consueverant.
839 2562 1197 2631 improbabat,
1236 2563 1375 2617 forte
1405 2566 1571 2617 etiam
1601 2566 1890 2633 aliquando
1924 2568 2209 2636 prohibuit
2238 2586 2251 2632 ;
2302 2583 2423 2621 nam
2447 2570 2491 2621 si
2526 2570 2580 2622 in
2620 2584 2915 2638 egenorqu
2966 2584 3065 2622 usu
3099 2581 3281 2624 essent
3320 2588 3453 2641 opes

192 2651 625 2713 diatribuendz,
666 2666 770 2704 non
816 2650 936 2704 illas
969 2652 1138 2705 semel
1196 2650 1578 2719 eil'undendas,
1621 2653 1717 2706 sed
1766 2654 2026 2720 paulatim
2060 2657 2360 2724 erogaudas
2392 2656 2759 2709 asseverabat.
2823 2655 2878 2709 5°
2911 2654 3153 2724 Denique.
3191 2657 3447 2721 eﬂ'uttvit,

196 2740 440 2794 clericos
478 2738 711 2792 minime
744 2738 985 2791 omnium
1017 2738 1216 2792 debere
1249 2752 1371 2792 esse
1399 2738 1634 2801 ca'lihes,
1669 2749 1927 2808 tantoque
1950 2741 2076 2793 odio
2124 2740 2312 2795 habuit
2355 2742 2767 2803 continentiam,
2799 2757 2960 2811 quam
2993 2744 3230 2795 Iiwrcsim
3260 2747 3450 2813 appet-

194 2826 371 2887 labat,
436 2832 495 2879 et
533 2823 876 2894 pudicitiam,
929 2839 1089 2893 quam
1122 2824 1359 2878 libidinis
1408 2826 1775 2888 seminarium,
1808 2836 1867 2879 ut
1900 2827 2172 2895 episcopis
2216 2829 2378 2880 etiam
2415 2829 2764 2896 persuaserit,
2809 2829 3011 2882 nemini
3064 2832 3208 2883 credi
3254 2830 3454 2887 d‘ehero

196 2916 541 2976 cassitatem,
592 2912 1018 2966 nullos‘cmlibes
1044 2913 1282 2967 ordinari
1319 2914 1721 2983 possc;etnisi
1762 2924 2033 2968 tumentes
2061 2925 2245 2968 utet-os
2280 2916 2528 2970 viderent
2574 2916 2927 2982 feminarum,
2981 2918 3207 2973 maritos
3265 2934 3454 2975 earum

202 3004 440 3057 Christo
474 3002 783 3055 ministerio
810 3001 1199 3055 arbitrarentur
1231 3003 1480 3071 indignos

270 3092 331 3145 5.
362 3088 532 3142 Hisce
566 3090 830 3142 luerosum
864 3090 1117 3141 monstris
1147 3104 1241 3158 per
1272 3089 1518 3159 singulas
1560 3100 1743 3157 partes
1772 3092 2066 3159 respondet
2099 3090 2457 3162 i’liersuymus
2493 3093 2596 3146 hoc
2626 3091 2829 3154 libello,
2858 3108 3019 3162 quem
3057 3103 3115 3147 ut
3150 3094 3322 3163 magis
3350 3096 3452 3149 mi-

200 3180 373 3241 seris,
413 3178 581 3229 unius
644 3176 812 3228 noctis
847 3174 1203 3229 lucubratione
1251 3176 1489 3229 dictavit.
1528 3175 1796 3245 Scriptum
1830 3180 1943 3247 ipse
1992 3188 2221 3233 testatur
2257 3190 2377 3247 post
2407 3181 2571 3246 ferme
2611 3180 2877 3233 biennium
2928 3197 2990 3233 ex
3023 3198 3130 3250 quo
3163 3184 3453 3250 epistolam

197 3280 367 3333 supra
398 3263 677 3317 laudatam
712 3261 780 3316 ad
820 3261 1096 3330 Riparium
1126 3264 1189 3316 de
1212 3264 1400 3333 vigiliis
1430 3274 1477 3317 et
1508 3267 1982 3328 pernoctatiouibus
2008 3268 2061 3317 in
2096 3266 2328 3319 basilicis
2361 3277 2661 3336 martyrum
2689 3267 2857 3322 dedit.
2904 3266 3032 3320 Eam
3084 3283 3214 3322 vero
3245 3270 3450 3337 episto-

200 3356 313 3407 lam
354 3352 423 3406 ad
458 3366 595 3405 ann.
622 3348 689 3403 40
720 3349 992 3419 pertinere
1030 3350 1391 3412 ossenditnus,
1429 3352 1571 3405 unde
1625 3352 1765 3405 liber
1792 3352 1892 3404 iste
1937 3353 2000 3404 al
2034 3353 2136 3406 406
2166 3354 2237 3407 sit
2263 3353 2642 3408 deducendus.
2674 3353 2727 3407 Id
2765 3369 2925 3421 porro
2971 3363 3187 3408 constat
3220 3371 3285 3408 ex
3332 3356 3448 3419 illa,

197 3456 370 3512 quam
409 3442 467 3493 in
502 3440 611 3492 line
634 3448 911 3502 causatur,
944 3438 1118 3491 subita
1146 3438 1373 3492 Sisinnii
1405 3438 1586 3493 fratris
1613 3440 1665 3491 in
1690 3438 1977 3509 .‘ligyptum
2004 3440 2388 3505 festinatione;
2421 3440 2506 3494 hic
2540 3441 2801 3510 siquidem
2829 3442 2917 3494 ille
2941 3440 3210 3496 Sisinnius
3231 3453 3333 3508 est,
3364 3447 3455 3511 qui

205 3545 321 3583 uno
349 3538 605 3595 tempore
632 3536 683 3580 et
711 3525 851 3578 hunc.
883 3525 1081 3578 librum
1126 3523 1346 3593 Ripario
1376 3540 1440 3579 at:
1472 3523 1750 3579 Desiderio
1780 3527 2155 3592 deferendum,
2195 3537 2249 3582 et
2283 3529 2723 3583 Commentarios
2748 3530 2797 3581 in
2826 3528 3450 3598 Zachariamdixuperio

201 3617 493 3670 Tolosano
519 3614 846 3676 reddendos,
871 3629 901 3667 a
930 3612 986 3668 S.
1025 3614 1254 3669 Docture
1285 3613 1515 3685 accepit,
1544 3629 1683 3682 quos
1704 3614 1820 3681 ipse
1849 3614 1902 3668 in
1944 3616 2260 3684 praefatione
2285 3632 2427 3669 anno
2451 3615 2574 3681 406,
2612 3618 2697 3685 qui
2724 3617 2857 3669 sexti
2886 3620 3192 3670 consulatus
3225 3619 3444 3671 Arcadii

203 3704 461 3772 Augusti,
528 3711 578 3755 et
620 3703 793 3755 Anicii
824 3700 987 3755 Probi
1057 3702 1210 3771 fastis
1269 3719 1460 3756 nomen
1517 3703 1792 3770 imposuit,
1833 3718 1862 3756 a
1909 3719 1966 3757 se
2004 3712 2234 3756 testatur
2273 3707 2640 3757 elucubratus.
2686 3704 2827 3769 Quin
2858 3706 3021 3758 etiam
3053 3705 3118 3759 ad
3147 3707 3268 3773 ejus
3318 3708 3447 3760 auni

203 3792 369 3845 tinens
401 3806 581 3860 usque
614 3790 969 3845 diﬂ'erenduin
1002 3792 1274 3845 constabit
1335 3806 1397 3845 ex
1429 3792 1533 3846 alia
1565 3791 1813 3859 epistola,
1866 3791 1918 3844 ir.
1949 3800 2134 3846 nostra
2186 3790 2499 3844 recensione
2526 3790 2647 3855 129,
2680 3791 2745 3843 ad
2783 3790 3103 3845 Minervium
3134 3804 3185 3847 et
3218 3792 3457 3845 Alexan-

203 3879 388 3940 drum,
414 3878 473 3932 in
504 3892 615 3944 qua
638 3874 933 3939 Sisinnius,
966 3877 1060 3945 qui
1092 3877 1279 3931 ultimo
1300 3877 1418 3945 jam
1448 3882 1691 3935 autumni
1711 3888 1940 3947 tempore
1969 3878 2244 3932 Bethleem
2275 3888 2617 3946 pervenerat,
2641 3879 2795 3947 quasi
2834 3890 3140 3932 moraturus
3171 3880 3267 3938 ibi,
3297 3896 3458 3948 usque

204 3980 273 4017 aa
299 3966 443 4020 diem
473 3962 928 4032 Epipltaniorum,
962 3963 1158 4016 dicitur
1183 3963 1326 4018 haud
1360 3964 1533 4019 multo
1560 3975 1704 4036 post,
1734 3966 1908 4019 subito
1934 3965 2292 4034 superrenissc
2315 3980 2553 4019 asserens
2584 3981 2636 4019 se
2660 3966 2801 4018 illico
2827 3966 3203 4035 profecturum.

218 4142 3454 4170 ___________________________________________________

770 4295 899 4409 S.
999 4296 1711 4409 EUSEBII
1829 4293 2910 4409 EIERONYMI

1280 4469 1851 4533 STRIDONENSIS
1897 4469 2405 4543 PRESBYTBRI,

933 4606 1565 4737 CONTRA
1661 4605 2742 4737 VIGILANTIUM

1433 4848 1790 4937 LIBER
1873 4834 2272 4940 UNUS‘.

286 5092 455 5163 387
482 5092 534 5145 l.
568 5089 837 5146 Joviniani
854 5091 1127 5148 damnatio
1157 5102 1205 5146 et
1224 5093 1611 5149 mors.Errorss
1641 5094 1797 5165 Vigi-
1826 5104 1872 5161 Α
1905 5106 2090 5152 nerata
2121 5105 2284 5150 sunt:
2324 5105 2614 5151 centauros
2646 5102 2701 5149 et
2740 5094 2968 5157 sirenas,
3007 5094 3179 5149 ululas
3203 5104 3256 5147 et
3309 5108 3444 5147 ono-

214 5187 378 5240 lants’i
416 5196 465 5238 et
492 5184 850 5253 blasphemia.
882 5215 948 5226 —
970 5186 1134 5241 Multa
1163 5187 1218 5241 in
1254 5191 1387 5243 orbe
1414 5199 1656 5244 monstra
1686 5206 1778 5262 ge-

294 5322 312 5351 ¹
344 5320 485 5373 Edd.
534 5318 781 5378 Martian.
818 5329 873 5375 et
924 5318 1151 5375 Vallars.
1191 5323 1393 5377 habent
1425 5326 1635 5380 titulum
1665 5326 1768 5382 htt-

213 5390 511 5464 jusntodi“:
552 5388 747 5464 Incipit
773 5390 912 5464 liber
935 5390 993 5445 S.
1018 5390 1325 5464 Hieronymi
1349 5395 1630 5464 presbyteri
1656 5413 1779 5449 con-

216 5458 305 5511 tra
355 5458 721 5530 Vigilantiam.
770 5459 921 5513 Eot‘r.
947 5490 1013 5499 —
1041 5458 1235 5527 Incipii
1291 5458 1441 5518 liber.
1466 5458 1676 5530 Q'uanta
1708 5468 1777 5522 sit

217 5533 464 5597 Upernm
499 5527 810 5597 Hieronymi
847 5533 900 5582 in
952 5532 1275 5591 quibusdam
1318 5527 1649 5589 libris'mss.
1683 5538 1776 5591 de-

218 5602 493 5668 pravatio,
521 5612 585 5649 es
609 5614 717 5651 uno
736 5614 840 5655 ms.
873 5602 1059 5654 codice
1079 5602 1424 5657 Cluniacensi
1454 5604 1593 5658 scire
1619 5608 1775 5661 nobis

219 5667 391 5732 licet;
449 5667 507 5741 in
551 5682 640 5741 __eo
688 5670 841 5741 enim
873 5672 945 5741 ita
981 5671 1171 5741 incipit
1201 5672 1487 5725 ’l'ractatus
1537 5691 1774 5741 praesens

220 5747 413 5789 contra
449 5734 794 5799 Vigilantium
829 5755 843 5792 :
885 5758 903 5790 ι
931 5739 1175 5795 INCIPIT
1212 5742 1300 5794 AD
1330 5734 1771 5799 VIGILA'N'I‘IUM

220 5752 794 5858 contra‘vifuann‘um
829 5755 843 5792 :
885 5758 903 5790 s
931 5752 1175 5821 [animi
1212 5752 1300 5794 At)
1334 5752 1771 5822 γιυιιλωτιωι

218 5805 492 5861 (ηολδὶιλ
548 5806 801 5863 ιελιειι
832 5809 1214 5867 ιυιιλιΑΜ).
1250 5812 1410 5866 Multa
1466 5816 1682 5882 qutde
1720 5818 1772 5870 in

1888 5189 2122 5244 crotalos
2152 5190 2171 5218 ³
2205 5190 2259 5243 in
2288 5187 2421 5242 Isaia
2444 5185 2580 5258 (lsa.
2611 5202 2710 5242 χιιι
2742 5198 2787 5240 et
2821 5190 3001 5256 xxxiv)
3051 5187 3299 5257 legimus.
3344 5185 3449 5241 Job

1877 5324 2011 5379 orbe
2057 5332 2299 5379 monstra
2336 5333 2587 5391 generata
2618 5333 2767 5379 sunt.
2803 5323 3023 5376 Sirenes
3052 5333 3289 5376 monstra
3328 5338 3445 5375 ma-

1884 5396 2024 5447 rina.
2081 5397 2445 5449 Onocratalus
2506 5396 2645 5455 avis,
2701 5404 2755 5447 ct
2813 5394 3447 5462 interpretaturlongum

1884 5478 2143 5517 rostrum.
2174 5467 2451 5527 tirotalon,
2478 5465 2528 5517 id
2557 5474 2658 5524 est,
2688 5466 3004 5517 cimhalum.
3028 5461 3236 5526 Ululas,
3260 5465 3310 5516 id
3342 5472 3447 5525 est,

1884 5550 2013 5587 aves
2050 5536 2119 5589 ab
2158 5536 2413 5589 ululando
2470 5535 2668 5588 dictas.
2732 5534 3048 5599 chiathan,
3089 5533 3141 5587 id
3169 5544 3268 5593 est,
3299 5543 3450 5585 cetus

3194 5616 3449 5667 magnus.

1959 5680 1976 5707 ε
2019 5677 2148 5730 Erat
2175 5684 2331 5729 antea
2377 5677 2731 5730 onocratulos.
2768 5675 3046 5734 Martialis,
3091 5672 3262 5740 Turpe
3290 5671 3453 5723 liore-

1884 5749 2029 5800 natis
2064 5757 2243 5813 guttur
2296 5751 2609 5799 onocrotali.
2658 5748 2837 5799 Codex
2874 5745 3229 5796 Bonuuimisis
3254 5756 3449 5795 Inmrt-

1883 5818 2035 5872 stcrii
2074 5818 2131 5872 S.
2170 5816 2461 5872 Salvatoris
2496 5835 2598 5871 non
2632 5816 2813 5884 habet,
2847 5817 2898 5867 in
2922 5813 3069 5868 Isaia
3097 5813 3340 5883 legimus.
