4202 6524
160 462 264 527 361

1366 456 1659 520 CONTRA
1702 450 2245 513 VlGILANTlUM.

3339 458 3445 523 362

162 576 463 627 nascimur.
512 572 691 638 Quare
716 571 1007 627 luminaria
1057 571 1125 626 tul
1178 568 1520 641 Evangelittm
1571 580 1756 618 ccccn-
1789 567 1831 623 Α
1872 572 1925 616 te
1957 563 2117 617 vilem
2154 564 2517 628 pulviSCulum
2549 606 2563 627 ,
2593 562 2750 618 oﬂ'ert
2782 563 3009 619 Domino
3045 566 3316 623 sacriﬁcia
3339 615 3355 639 ,
3391 580 3448 625 et

161 668 491 720 daaurP—
507 665 710 723 Cereus
734 676 917 722 autem
940 683 1047 722 non
1075 666 1218 721 clara
1247 665 1370 720 lucc
1387 661 1759 720 accendimus.

161 759 306 813 sicut
350 760 560 814 frustra
601 760 979 825 calumniaris,
1040 758 1134 814 sed
1184 768 1243 812 ut
1282 756 1463 811 noctis
1504 753 1761 807 tenebras

163 852 269 904 hoc
310 850 524 905 solatio
564 861 978 922 temperemus;
1012 860 1065 906 et
1099 850 1388 918 vigilemus
1437 847 1502 900 ad
1552 844 1759 907 lumen,

162 959 230 997 ne
254 944 393 999 emaci
422 954 603 999 tet-unt
632 944 973 999 dormiamus
1002 944 1053 996 in
1083 943 1322 997 tenebris
1354 941 1391 995 ¹.
1412 939 1568 1005 Quod
1594 937 1638 992 si
1660 936 1762 988 ali-

162 1036 253 1102 qui
299 1050 405 1104 per
446 1036 808 1104 imperitiam,
851 1047 907 1089 et
954 1034 1359 1105 simplicitatem
1409 1029 1756 1089 smculauium

162 1130 481 1194 hominum,
533 1128 616 1184 vel
662 1141 810 1184 certe
857 1127 1235 1199 religiosarum
1284 1126 1638 1189 feminarum,
1692 1122 1761 1176 de

162 1224 369 1296 quibus
402 1240 538 1279 rere
571 1212 880 1295 possumus
905 1223 1089 1277 dicere
1119 1240 1133 1277 :
1180 1240 1199 1272 ι
1236 1220 1543 1281 Conﬁteor,
1583 1217 1759 1270 zelum

166 1317 257 1373 Dei
287 1316 524 1381 habent,
548 1316 644 1372 sed
670 1334 778 1371 nou
807 1315 1111 1372 secundum
1176 1312 1455 1367 scientiam
1503 1308 1679 1377 (Rom.
1706 1324 1761 1373 π,

163 1412 279 1479 2).:
312 1413 423 1465 hoc
467 1425 571 1479 pro
613 1410 826 1464 honore
875 1419 1178 1477 martyrum
1214 1404 1438 1469 faciunt,
1466 1403 1592 1472 quid
1639 1400 1763 1455 inde

167 1504 389 1573 perdis?
432 1502 824 1558 Causabantur
872 1501 1150 1567 quondam
1202 1506 1255 1551 et
1310 1496 1564 1564 apostoli,
1613 1497 1760 1563 quod

167 1597 371 1666 periret
410 1608 796 1665 unguentum;
833 1593 927 1648 sed
961 1592 1176 1646 Domini
1208 1605 1339 1646 voce
1365 1588 1600 1658 correpti
1632 1595 1763 1641 sunt

166 1691 390 1762 (llattlt.
424 1704 579 1755 nrt,
610 1687 644 1742 8
669 1699 719 1741 et
748 1686 920 1742 Marc.
953 1700 1064 1749 xw,
1097 1684 1171 1754 8).
1205 1681 1394 1751 Neque
1420 1681 1567 1734 enim
1601 1678 1761 1734 Chri-

169 1794 288 1838 stus
317 1781 610 1851 indigebat
642 1788 942 1849 unguento,
1000 1792 1097 1831 nec
1128 1784 1395 1844 martyres
1428 1772 1632 1825 lumine
1674 1786 1759 1823 ce-

169 1890 395 1929 reorum
447 1890 462 1927 ζ

167 1965 379 2020 Christi
414 1966 523 2018 hoc
553 1964 706 2027 fecit,
737 1962 1066 2031 devotioque
1096 1959 1295 2013 mentis
1320 1958 1439 2028 ejus
1469 1957 1756 2025 recipitur.

170 2057 235 2111 Et
273 2059 626 2127 quicumque
669 2056 976 2109 accendunt
1009 2067 1223 2115 cereos,
1252 2052 1557 2104 scentulum
1607 2050 1764 2102 tidem

172 2166 327 2206 suam
358 2150 574 2204 habent
603 2147 933 2212 mercedem,
961 2147 1181 2200 dicente
1205 2145 1465 2214 Apostolo
1494 2160 1508 2197 :
1540 2162 1557 2193 ι
1590 2141 1769 2196 Unus-

170 2247 411 2315 quisque
432 2245 488 2297 in
506 2257 612 2297 suo
639 2256 802 2296 sensu
817 2237 1057 2293 abundet
1082 2236 1255 2304 (Rom.
1289 2251 1401 2297 xiv,
1430 2234 1542 2303 5)..)
1600 2233 1772 2286 Idolo-

173 2338 338 2392 Iatras
371 2335 629 2406 appellas
655 2331 973 2403 hujusmodi
1009 2330 1305 2385 homines?
1340 2327 1457 2382 Non
1494 2325 1725 2380 dill‘ueor
1749 2363 1763 2387 ,

171 2446 369 2485 omnes
404 2443 513 2483 nos
541 2428 636 2494 qui
680 2428 733 2481 in
754 2425 972 2480 Christo
1014 2423 1291 2479 credimus
1324 2422 1391 2475 de
1445 2419 1769 2474 idololatria:

172 2537 360 2577 errore
402 2522 655 2576 venisse.
748 2517 866 2573 Non
916 2517 1060 2572 enim
1108 2517 1423 2581 nascimur,
1472 2514 1567 2568 sed
1614 2526 1771 2565 rena-

175 2616 386 2670 scimur
450 2611 785 2668 Christiani.
825 2609 893 2664 Et
946 2610 1073 2679 quia
1126 2607 1398 2677 quondam
1457 2605 1772 2659 colebamus

176 2708 316 2763 idola
338 2748 357 2770 ,
402 2720 561 2760 nunc
593 2704 763 2757 Deum
799 2703 987 2755 colere
1020 2714 1127 2754 non
1158 2698 1424 2753 debemus
1452 2738 1464 2761 ,
1503 2711 1569 2750 ne
1604 2696 1766 2749 simili

174 2814 295 2853 eum
327 2798 637 2851 videamur
668 2809 793 2850 cum
844 2792 1005 2847 idolis
1041 2793 1245 2845 honore
1292 2788 1583 2842 venerari?
1631 2787 1770 2841 Illud

177 2893 338 2946 ﬁebat
367 2889 545 2944 idolis
571 2929 589 2951 ,
632 2898 689 2942 et
728 2886 935 2941 idcirco
969 2883 1353 2939 detestandum
1389 2893 1472 2937 est
1523 2900 1536 2936 :
1578 2881 1680 2935 hoc
1717 2880 1773 2934 lit

179 2984 563 3054 martyribus.
607 2990 665 3034 et
708 2980 915 3033 idcirco
954 2976 1327 3045 recipiendum
1380 2984 1485 3029 est.
1534 2974 1669 3029 Nam
1720 2983 1775 3027 et

179 3076 388 3143 altatae
435 3080 745 3142 martyrum
792 3069 1041 3138 reliquiis
1087 3083 1183 3137 per
1217 3076 1358 3120 totas
1386 3065 1627 3121 Orientis
1672 3064 1771 3119 Ee-

179 3168 411 3231 t'lesias,
446 3165 671 3233 quando
707 3160 991 3232 legendum
1033 3169 1116 3215 est
1151 3158 1501 3228 Evangelium
1528 3197 1541 3221 ,
1570 3173 1772 3211 accen-

516 1882 575 1927 et
613 1880 794 1925 tamen
847 1870 938 1924 illa
985 1868 1182 1922 mulier
1234 1868 1288 1921 in
1339 1868 1546 1920 honore
1593 1862 1758 1935 394
1793 1913 1832 1968 Β

1866 653 2109 709 tumulos
2141 670 2331 707 eorum
2372 656 2573 709 Christi
2613 658 2917 712 arbitratur
2955 660 3194 715 altaria?
3232 661 3295 717 Et
3334 680 3445 718 non

1866 750 2042 803 solum
2080 749 2245 801 unius
2283 749 2472 809 urbis.
2545 753 2638 803 sed
2683 752 2849 806 totius
2891 752 3044 807 orbis
3094 767 3281 809 errant
3323 758 3447 828 cpi-

1878 841 2051 909 sropi,
2082 842 2175 911 qui
2208 856 2507 911 cauponem
2540 843 2887 912 Vigilantium
2912 852 3449 915 conteuznentcs,in-

1865 935 2187 1004 grediuntur
2219 935 2478 991 basilicas
2512 945 2850 991 mortuorum
2880 983 2894 1005 ,
2935 940 2986 993 in
3017 939 3224 1010 quibus
3263 943 3443 1011 pulvis

1864 1027 2173 1081 vilissimus
2204 1038 2259 1081 et
2294 1028 2471 1082 favilla
2494 1070 2507 1089 ,
2539 1029 2728 1083 nescio
2760 1045 2879 1098 quae
2904 1071 2918 1095 ,
2951 1031 3093 1100 jacet
3127 1032 3448 1087 linteamine

1867 1119 2157 1175 convoluta
2200 1119 2222 1152 ⁸
2261 1161 2275 1174 .
2308 1130 2365 1173 ιιι
2420 1122 2623 1190 polluta
2674 1122 2857 1175 omnia
2911 1125 3140 1193 polluat,
3196 1134 3252 1181 et
3289 1127 3449 1195 quasi

1867 1212 2117 1283 sepulcra
2162 1211 2479 1267 Pharisaiea
2527 1215 2661 1270 l'oris
2694 1216 2945 1271 dealbata
2985 1218 3097 1271 sint
3130 1234 3253 1274 cum
3300 1221 3450 1275 intus

1865 1306 2149 1361 immundo
2181 1306 2364 1361 cinere
2392 1348 2407 1371 ,
2439 1307 2600 1378 395
2627 1309 2782 1378 juxta
2819 1309 2907 1377 te',
2943 1311 3223 1365 immunda
3259 1313 3444 1368 omnia

1864 1397 2047 1451 oleant
2088 1408 2251 1469 atque
2285 1400 2547 1453 sordeant
2582 1398 2632 1455 ⁸.
2671 1400 2731 1453 Ει
2762 1413 2884 1469 post
2927 1404 3042 1457 lure
3081 1404 3149 1457 de
3190 1404 3449 1458 barathro

1866 1492 2105 1559 pectoris
2153 1492 2236 1545 sui
2266 1507 2546 1546 arenosum
2583 1493 2897 1561 spurcitiam
2931 1510 3213 1557 evomens,
3246 1508 3340 1550 aut
3369 1497 3451 1550 di-

1865 1596 1990 1637 cere
2015 1601 2029 1636 :
2061 1600 2079 1632 ι
2103 1583 2246 1653 Ergo
2271 1584 2484 1638 eineres
2508 1599 2639 1637 suos
2666 1597 2853 1640 amant
2878 1588 3081 1642 animae
3120 1599 3447 1659 martyrum,

1865 1682 1919 1727 et
1962 1670 2361 1727 circumvolant
2399 1690 2493 1729 eos
2520 1717 2533 1737 .
2580 1691 2903 1745 semperque
2936 1690 3243 1747 praesentes
3277 1692 3448 1747 suat;

1868 1781 1935 1818 ne
1964 1764 2100 1818 forte
2134 1766 2177 1820 si
2220 1766 2416 1836 aliquis
2447 1769 2468 1801 '
2512 1780 2766 1837 precator
2815 1768 2875 1842 [Α
2891 1770 2929 1824 ι.
2966 1771 3242 1843 peccator]
3278 1773 3447 1828 adve-

1867 1859 2028 1921 nerit,
2058 1859 2312 1915 absentes
2343 1861 2534 1917 audire
2566 1877 2675 1917 non
2710 1865 2964 1931 pos~int?
2998 1884 3015 1917 ι
3056 1867 3100 1920 υ
3129 1877 3445 1937 portentum

1869 1955 1923 2006 iu
1962 1965 2137 2007 terras
2167 1954 2386 2011 ultimas
2418 1956 2818 2025 deportandum
2845 1959 2858 2012 l
2895 1956 3062 2014 Rides
3095 1961 3164 2015 de
3200 1964 3448 2032 reliquiis

1870 2054 2201 2114 martyrum,
2232 2055 2285 2099 ct
2322 2063 2444 2100 cum
2476 2059 2705 2102 auctore
2743 2050 2909 2118 hujus
2949 2051 3228 2108 haereseos
3260 2053 3448 2109 Euno-

1870 2138 1979 2188 mio
2005 2178 2019 2201 ,
2050 2138 2310 2193 Ecclesiis
2341 2138 2549 2193 Christi
2583 2141 2918 2195 calumniam
2951 2146 3121 2200 struis
3164 2162 3179 2201 :
3215 2162 3318 2202 nec
3352 2149 3447 2203 tali

1870 2230 2135 2284 εοςίνιειιθ
2168 2233 2393 2286 terreris
2422 2271 2436 2296 ,
2467 2246 2524 2287 ut
2558 2235 2745 2288 eadem
2780 2245 2974 2290 contra
3018 2253 3120 2292 nos
3165 2240 3447 2311 loquaris,

1869 2338 1990 2388 quae
2032 2324 2121 2379 ille
2163 2333 2354 2379 contra
2388 2327 2687 2383 Ecclesiam
2737 2330 3022 2399 loquitur?
3063 2330 3268 2390 Omnes
3301 2337 3448 2390 enim

1869 2424 2169 2471 sectatores
2197 2417 2316 2486 ejus
2351 2418 2609 2474 basilicas
2641 2423 3017 2489 apostolorum
3053 2435 3109 2479 ct
3140 2436 3446 2499 martyrum

1872 2523 1979 2561 non
2014 2509 2421 2578 ingrediuntur,
2451 2519 2510 2565 ut
2536 2512 2748 2567 scilicet
2776 2523 3051 2569 mortuum
3083 2518 3314 2573 adorent
3346 2520 3453 2575 Eu-

1875 2601 2161 2662 nomium,
2207 2601 2369 2669 cujus
2412 2603 2584 2656 libros
2636 2605 2865 2674 majoris
2908 2609 3256 2665 auctoritatis
3303 2613 3454 2666 arbi-

1880 2704 2114 2755 trantur,
2157 2710 2317 2763 quam
2364 2692 2689 2764 Evangelia;
2730 2708 2784 2751 et
2818 2700 2870 2752 in
2904 2701 3025 2769 ipso
3058 2704 3290 2758 credunt
3331 2721 3452 2760 esse

1876 2785 2056 2838 lumen
2102 2787 2353 2841 veritatis
2387 2788 2408 2818 ⁶
2448 2806 2461 2842 :
2497 2791 2642 2843 sicut
2675 2790 2792 2844 alia:
2837 2791 3073 2850 haereses
3110 2799 3447 2864 paraeletum

1875 2876 1927 2930 in
1961 2876 2279 2930 Montanum
2319 2882 2534 2935 venisse
2569 2885 2947 2949 contendunt,
2987 2894 3041 2939 et
3088 2886 3449 2945 hiauit-harum

1876 2967 2056 3036 ipsum
2105 2969 2293 3022 dicunt
2334 2985 2456 3023 esse
2498 2972 2861 3039 paracletum.
2911 2973 3117 3031 Scribit
3159 2978 3451 3033 adversum

1877 3062 2126 3115 haeresim
2164 3071 2309 3117 tuam
2337 3105 2350 3126 ,
2381 3080 2499 3133 qoze
2530 3067 2659 3119 olim
2692 3068 2879 3137 erupit
2930 3070 3222 3125 adversum
3261 3071 3455 3128 Eccle-

1878 3157 2014 3211 siam
2045 3156 2135 3223 (ne
2167 3166 2219 3209 et
2252 3157 2303 3209 in
2338 3160 2437 3211 hoc
2466 3160 2621 3227 quasi
2652 3169 2901 3227 repertor
2928 3162 3050 3215 novi
3082 3164 3310 3220 sceleris
3338 3167 3455 3237 glo-

183 3262 393 3313 duntur
426 3255 748 3321 luminaria,
783 3255 895 3323 jam
928 3252 1043 3308 sole
1089 3253 1350 3306 rutilante
1379 3267 1393 3304 :
1428 3266 1535 3303 non
1584 3250 1771 3319 utique
1802 3278 1841 3331 ο
1879 3248 2061 3314 rieris)
2095 3250 2474 3305 Tertullianus
2507 3250 2589 3305 vir
2628 3253 3042 3310 eruditissimus
3087 3257 3304 3327 insigne
3356 3274 3455 3311 vo-

182 3353 247 3406 ad
293 3349 575 3419 iugandas
619 3346 903 3407 tenebras,
964 3342 1059 3397 sed
1089 3342 1155 3395 ad
1188 3341 1404 3410 signum
1450 3340 1649 3393 laetitiae
1682 3339 1771 3392 de-

184 3438 644 3495 monstrandum.
693 3433 847 3489 Unde
896 3442 949 3487 et
997 3432 1236 3501 virgines
1294 3430 1398 3483 illan
1446 3429 1773 3492 evangelicae

181 3547 405 3600 scalper
459 3530 665 3598 habent
718 3540 978 3579 accensas
1030 3521 1308 3589 lampades
1359 3536 1489 3575 suas
1545 3518 1768 3588 (Matth.

182 3642 313 3687 xxv,
355 3625 380 3675 1
421 3620 599 3690 seqq.)
638 3620 701 3673 Et
739 3620 802 3671 ad
823 3617 1095 3686 apostolos
1129 3615 1360 3669 dicitur:
1388 3632 1406 3665 ι
1448 3613 1569 3666 Sint
1605 3611 1770 3665 lumbi

187 3718 351 3771 vestri
388 3711 699 3783 pmciucti,
746 3721 799 3765 et
840 3712 1072 3763 lucerme
1118 3708 1371 3761 ardentes
1423 3707 1474 3758 in
1521 3705 1771 3757 manibus

183 3806 387 3860 vestris
421 3801 580 3865 (an.
630 3816 734 3859 xu.
781 3799 896 3863 '55).
945 3817 963 3849 ι
1010 3798 1075 3850 Ει
1123 3797 1188 3850 de
1233 3795 1441 3850 Joanne
1480 3794 1713 3862 Baptista
1754 3811 1768 3846 :

187 3919 209 3950 ι
240 3900 331 3952 Ille
358 3908 484 3952 erat
512 3896 733 3948 lucerna
761 3894 958 3945 ardens
983 3899 1036 3944 et
1068 3889 1258 3943 lucens
1286 3888 1465 3955 (Joan.
1492 3903 1545 3948 γ.
1571 3887 1659 3954 53)
1693 3904 1705 3939 :
1749 3907 1767 3936 ι

186 4003 247 4046 ιιι
271 3993 381 4047 sub
416 3999 551 4059 typo
585 3987 808 4038 lmniuis
832 3984 1141 4052 corporalis
1176 3982 1265 4035 illa
1302 3981 1390 4033 lux
1428 3980 1769 4044 ostendatur,

184 4086 255 4135 de
300 4092 439 4149 qua‘
467 4080 521 4131 in
565 4076 830 4131 Psalterio
878 4074 1111 4137 legimus
1145 4089 1159 4125 :
1197 4091 1213 4121 ι
1254 4071 1498 4123 Lucerna
1541 4069 1774 4137 pedibus

186 4176 326 4230 meis
367 4174 605 4227 verbum
654 4179 807 4223 tuum
840 4207 854 4226 ,
913 4166 1137 4220 Domine
1166 4206 1180 4228 ,
1227 4174 1279 4219 et
1326 4164 1509 4217 lumen
1562 4163 1774 4217 semitis

187 4266 328 4319 meis
359 4262 546 4334 (Psal.
580 4273 772 4318 cxvtn,
810 4255 955 4324 105).

258 4361 315 4414 8.
361 4356 639 4410 Romanus
668 4352 935 4421 episcopus
964 4365 1121 4415 super
1176 4364 1396 4414 corpora
1420 4347 1775 4415 apostolorum

183 4452 346 4519 efcrt
372 4446 664 4508 sacriﬁcia.
704 4442 983 4512 Vigilantii
1007 4440 1170 4495 stulta
1198 4442 1455 4494 sententia
1486 4440 1566 4493 vel
1632 4438 1775 4507 obje-

183 4548 317 4597 ctio.
375 4538 678 4593 Eunomia:
710 4544 899 4588 auctor
953 4534 1207 4586 Irmrcseos
1260 4542 1445 4585 contra
1500 4530 1768 4600 reliquias.

1878 3338 2083 3400 lumen,
2108 3339 2252 3408 quod
2282 3340 2641 3409 St‘orpiacum
2672 3352 2830 3398 vocat
2855 3346 3170 3400 reetissimo
3194 3350 3451 3402 nomine:

1875 3433 2001 3500 quia
2049 3444 2273 3487 arcuato
2316 3434 2538 3487 vultu-re
2583 3435 2636 3487 in
2692 3436 2947 3492 Ecclesize
2993 3453 3193 3506 corpus
3242 3456 3454 3496 venena

1876 3521 2153 3585 diffundit,
2183 3540 2305 3593 qu.e
2333 3525 2461 3578 olim
2495 3526 2868 3594 appellabatur
2894 3529 3063 3583 Caina
3102 3531 3324 3587 haeresis
3353 3550 3367 3587 :
3401 3546 3456 3587 et

1878 3615 2047 3666 tnulto
2074 3625 2317 3683 tempore
2347 3617 2626 3671 dormiens
2661 3620 2744 3672 vel
2776 3620 2987 3690 sepulta
3013 3660 3028 3685 ,
3073 3638 3217 3677 nunc
3250 3639 3279 3677 a
3312 3624 3454 3677 Dor-

1879 3704 2126 3759 tnitantio
2162 3710 2422 3761 suscitata
2456 3720 2560 3763 est.
2598 3709 2785 3771 Miror,
2818 3714 2965 3781 quod
3003 3730 3107 3768 non
3145 3716 3316 3776 dicas,
3348 3734 3446 3768 ne-

1877 3810 2152 3864 quaquam
2200 3814 2333 3867 perp
2372 3799 2565 3853 tranda
2619 3802 2901 3872 ittartyria,
2952 3805 3117 3859 Deum
3163 3808 3308 3860 enim
3338 3810 3451 3877 .qui

1877 3890 2199 3957 sanguinem
2256 3890 2534 3943 hircorum
2587 3901 2980 3961 taurorumque
3035 3913 3140 3950 non
3198 3912 3450 3968 quaerat,

1882 3982 2054 4031 nnilto
2107 3979 2279 4049 magis
2316 3982 2593 4036 hominum
2642 3999 2751 4038 non
2797 3988 3097 4055 requirere.
3127 3988 3285 4055 Quod
3329 4009 3453 4046 cum

1877 4070 2111 4134 dixeris,
2157 4072 2326 4123 immo
2354 4080 2407 4123 rt
2435 4073 2481 4125 si
2520 4090 2625 4125 non
2656 4075 2860 4129 dixeris
2882 4115 2896 4137 ,
2933 4079 3002 4130 ita
3036 4079 3255 4135 baberis
3293 4084 3454 4152 quasi

1877 4163 2104 4214 dixeris.
2136 4164 2237 4223 Qui
2274 4164 2419 4215 enim
2460 4166 2718 4234 reliquias
2753 4178 3052 4239 martyrum
3086 4175 3291 4228 asseris
3332 4192 3455 4228 esse

1876 4253 2209 4315 calt-arulas,
2255 4255 2512 4319 prohibes
2559 4261 2883 4327 sanguinein
2917 4260 3115 4328 fundi,
3162 4266 3255 4333 qui
3303 4268 3455 4319 nullo

1879 4345 2081 4398 honore
2115 4345 2311 4413 dignus
2344 4356 2447 4401 est.

1947 4436 2002 4489 9.
2049 4434 2249 4505 Vigilitc
2271 4447 2319 4489 ct
2343 4442 2761 4506 pernoctationes
2785 4442 2838 4494 in
2864 4443 3123 4499 basilicis.
3150 4447 3454 4504 Paucorum

1879 4531 2034 4592 culpa
2073 4545 2172 4581 non
2200 4530 2519 4598 prtrjudicat
2563 4534 2826 4602 religioni.
2874 4534 3031 4599 Quod
3066 4540 3226 4591 semel
3267 4542 3455 4606 fecisse

189 4634 511 4688 Siculam.
555 4626 871 4681 Tertulliani
909 4623 1225 4692 Scorpiacus
1266 4624 1418 4676 liber.
1454 4623 1623 4675 Caina
1662 4625 1764 4673 hrc-
1801 4626 1849 4686 ι)
1878 4619 2071 4671 bonum
2096 4627 2171 4671 est
2192 4658 2205 4679 ,
2244 4634 2346 4671 non
2375 4631 2542 4687 potest
2568 4638 2680 4675 csse
2706 4622 2908 4675 malum
2933 4626 2977 4677 si
3005 4628 3305 4695 frequenter
3332 4632 3450 4698 ﬁat.

184 4726 323 4779 tesi:
358 4724 694 4775 instaurata.
730 4747 801 4758 -—
825 4716 962 4769 Male
997 4715 1124 4768 iacit
1175 4730 1303 4784 ergo
1336 4712 1615 4766 llomanus
1651 4713 1769 4781 epi-

186 4830 397 4884 scopus
424 4855 440 4876 ,
491 4812 587 4882 qui
630 4827 795 4880 super
820 4820 1158 4863 mortuorum
1204 4807 1484 4861 hominum
1534 4806 1675 4861 Petri
1721 4816 1775 4860 et

186 4907 373 4969 l‘auli,
404 4904 710 4959 secundum
746 4916 845 4955 nos
881 4915 1005 4955 ossa
1038 4899 1345 4954 veneranda
1383 4900 1427 4963 ’,
1464 4900 1768 4953 secundum

271 5089 285 5117 ¹
326 5084 541 5137 Borion.
572 5094 677 5134 ms.
708 5076 790 5131 Ne
815 5090 981 5132 tecum
1011 5077 1355 5139 dormiamus,
1388 5076 1594 5145 absque
1624 5078 1774 5130 ca'ri.

266 5161 288 5189 ⁸
324 5152 617 5221 Proprium
658 5150 978 5221 reverentia:
1024 5158 1334 5221 sanctorum
1386 5148 1629 5221 reliquiis
1678 5148 1776 5221 rde-

190 5230 327 5280 bitat
374 5216 459 5276 est
507 5220 857 5273 venerationis
894 5219 1237 5273 vocabulum.
1275 5219 1333 5269 ὃ.
1386 5216 1625 5270 Hilarius
1675 5218 1769 5269 lib.

189 5308 389 5350 contra
418 5290 795 5347 Constantium
825 5331 840 5354 ,
874 5305 1027 5343 num.
1059 5290 1093 5340 8
1114 5327 1128 5346 ,
1178 5288 1447 5340 beatorum
1481 5296 1775 5356 nmrtyrnm

190 5364 508 5420 metanda
537 5375 657 5412 oua
688 5372 865 5413 vocat.
900 5360 1163 5412 Eusebius
1192 5356 1529 5417 Gallicanus,
1567 5359 1682 5409 sive
1721 5364 1777 5408 ut

193 5440 445 5497 videtur,
480 5432 783 5484 Eucherius
820 5429 1007 5482 ltonul.
1041 5430 1107 5481 tle
1147 5437 1334 5481 sancta
1370 5427 1654 5490 Blandiua,
1688 5442 1778 5497 re-

191 5505 445 5559 ncrauda
498 5517 630 5553 οδω·
664 5502 720 5552 in
772 5500 967 5552 cineres
1018 5502 1088 5551 ab
1124 5497 1309 5565 impiis
1351 5503 1566 5550 redacta
1610 5496 1778 5549 dolet.

194 5577 354 5629 Tum
379 5615 394 5639 ,
440 5571 576 5625 «libi
610 5581 758 5629 sunt.
791 5570 985 5645 inquit,
1011 5569 1103 5645 qui
1134 5570 1341 5645 dicunt,
1371 5567 1777 5645 Veneratiouent

196 5647 388 5698 sacris
440 5652 769 5710 martyrunr
800 5656 902 5693 nuo
954 5640 1301 5693 deferendam
1354 5652 1474 5710 esse
1534 5640 1780 5710 coqpori-

198 5717 333 5771 bos.
380 5732 398 5763 ι
429 5723 538 5766 etc.
569 5708 669 5763 Pro
698 5708 874 5775 vilem,
911 5710 999 5761 alii
1036 5712 1129 5763 lib.
1162 5719 1212 5761 et
1247 5723 1349 5761 ms.
1382 5708 1513 5759 llon.
1551 5708 1670 5758 uno.

282 5786 303 5815 ³
338 5781 507 5836 Vr-tus
540 5782 679 5833 Edit.
715 5795 841 5834 cum
883 5782 1093 5834 Βυιιοιι.
1139 5794 1243 5833 IIIS.
1280 5778 1589 5831 linteamine
1629 5775 1777 5828 colli-

196 5868 533 5978 gaiallcnuo
566 5920 894 5975 Bononiens.
947 5934 1051 5972 ms.
1107 5920 1248 5972 intus
1298 5918 1571 5972 immundo
1612 5918 1781 5971 rittcre

541 6022 807 6078 I’ATROL.
842 6013 1053 6073 XXlll.

1882 4741 1947 4751 -—
1977 4712 2046 4763 De
2078 4711 2279 4778 vigiliis
2308 4722 2363 4765 et
2395 4716 2909 4782 pernoctationilms
2942 4717 2995 4771 in
3034 4720 3279 4775 basilicis
3310 4741 3454 4776 mar-

1883 4813 2059 4873 tyrum
2093 4818 2235 4871 smpc
2263 4805 2597 4858 celebrandis
2621 4848 2635 4871 ,
2679 4809 2732 4859 in
2763 4809 2927 4863 altera
2967 4810 3204 4879 Epistula
3234 4856 3247 4874 ,
3287 4831 3451 4883 quam

1884 4909 2008 4951 ante
2048 4897 2151 4951 hoc
2198 4897 2371 4950 ferme
2420 4897 2700 4952 biennium
2738 4910 2931 4954 sancto
2971 4901 3193 4971 Ripurio
3232 4910 3455 4978 presby-

1882 5078 2131 5132 sordeant
2155 5120 2169 5141 ,
2205 5081 2428 5155 omissis
2461 5099 2578 5149 qua:
2614 5084 3045 5155 intersernntnr,
3077 5088 3239 5155 juxta
3274 5100 3321 5142 te
3349 5092 3451 5142 im-

1884 5152 2081 5226 munda
2116 5152 2292 5226 omnia
2325 5155 2522 5215 oleant,
2558 5163 2734 5221 atque,
2767 5171 2886 5220 qua!
2933 5152 3208 5211 Victorius
3238 5172 3455 5226 quoque

1887 5222 1938 5271 in
1972 5220 2210 5287 antiquis
2245 5225 2652 5290 exemplaribus
2689 5241 2791 5276 non
2829 5227 3014 5279 itaheri
3044 5220 3451 5291 animadvertit,

1885 5304 1936 5341 ut
1970 5293 2107 5340 l'otle
2138 5291 2310 5340 satius
2342 5303 2457 5344 erat
2489 5308 2820 5357 expungere.

1956 5390 2024 5399 —
2049 5359 2179 5413 Cum
2208 5362 2348 5413 intus
2374 5364 2659 5415 immundo.
2692 5364 2877 5417 Plures
2905 5381 3034 5418 mss.
3066 5368 3324 5420 omittunt
3354 5369 3454 5425 hoc

1890 5429 2011 5483 loco
2045 5432 2300 5483 nonnulla
2334 5435 2520 5495 verba,
2569 5434 2807 5501 legentes
2838 5433 2973 5489 Cum
3010 5437 3149 5488 intus
3185 5440 3454 5489 immundo

1887 5501 2059 5552 cinere
2108 5501 2375 5554 sordeant.
2422 5501 2799 5557 Cluniacensis
2843 5508 3010 5559 codex
3059 5510 3260 5557 variant
3315 5511 3454 5562 hanc

1891 5572 2085 5643 retinet
2124 5572 2408 5643 lectionem
2446 5590 2458 5625 :
2497 5573 2561 5627 Et
2596 5576 2735 5626 intus
2768 5576 3026 5628 immundi
3065 5577 3261 5629 cineres
3294 5592 3454 5643 juxta

1891 5651 1941 5691 te
1968 5641 2233 5692 immnnde
2270 5644 2448 5694 ontnin
2482 5644 2721 5708 polluant
2755 5655 2802 5698 ct
2836 5646 3106 5699 sordeam.
3186 5641 3448 5701 Maurus.

1964 5710 1983 5783 ξ
2022 5712 2166 5783 _Aiibi
2200 5722 2253 5763 ct
2286 5712 2338 5763 in
2378 5728 2506 5766 mss.
2536 5714 2593 5765 Si
2629 5716 2820 5783 aliquis
2858 5728 3120 5783 peccator.

1963 5778 1982 5806 δ
2020 5779 2131 5831 Duo
2161 5797 2296 5855 mss.
2327 5800 2433 5834 esse
2467 5785 2669 5835 rnlmen
2700 5778 2937 5838 ueritatis
2966 5802 2981 5838 :
3011 5786 3173 5852 paulo
3200 5796 3320 5855 post
3356 5787 3455 5839 Bo-

1898 5851 2147 5904 noniens.
2217 5850 2490 5925 l'olunnnc
2540 5856 2734 5925 insigni
2799 5873 2911 5908 eum
2970 5850 3312 5921 scorpiacam
3368 5873 3458 5911 ιυνι

1896 5937 2040 5987 rans,
2085 5932 2218 5989 eux,
2260 5922 2399 5977 baud
2443 5936 2608 5980 recte.

3006 6018 3073 6079 1'2
