4202 6480
743 385 847 446 367
2005 384 2317 448 EUSEBII
2353 381 2800 446 HlERONYMf
3898 366 4007 431 368

746 503 896 567 pauci
925 509 1072 560 sunt,
1109 501 1174 555 de
1203 501 1399 570 quibus
1425 502 1626 556 dicitur
1659 521 1672 558 ι
1738 503 1892 556 Multi
1929 506 2123 566 vocati,
2158 504 2313 575 pauci
2349 510 2387 562 Α
2427 503 2581 557 Nulla
2621 501 2892 556 securitas
2927 507 3008 553 est
3058 497 3238 552 vicino
3297 505 3550 564 serpente
3589 495 3852 550 dormire.
3904 491 4011 544 Po-

744 595 891 648 elerti
921 591 1138 663 (Matth.
1174 610 1266 653 xx.
1311 594 1375 648 16
1407 605 1455 649 et
1488 612 1623 657 xxn.
1660 597 1773 662 lt);
1806 598 1959 651 vacui
1987 607 2167 650 essent
2198 610 2316 647 car-
2429 606 2532 651 test
2567 597 2704 661 fieri,
2741 604 2798 648 ut
2838 607 3048 648 menon
3083 591 3350 655 mordeat,
3395 601 3574 643 tamen
3605 596 3781 658 potest
3809 584 3927 640 ﬁeri
3951 595 4012 638 ut

746 703 920 746 ceres.
950 687 1248 742 Monachus
1295 698 1618 744 autemnon
1677 690 1922 743 doctoris
1978 689 2160 753 habet,
2222 689 2316 742 sed
2427 690 2720 756 al'quando
2762 702 2847 740 me
2904 685 3171 739 mordeat.
3220 682 3380 753 ἀοι
3450 682 3692 736 Matres’
3738 694 4010 734 vocamus

745 779 1050 848 plangentis
1078 779 1308 834 cilicium
1343 780 1479 848 :qui
1534 781 1612 833 vel
1667 795 1745 845 se,
1790 780 1870 832 vel
1921 780 2182 832 mundum
2233 781 2318 833 lu-
2429 797 2644 837 sorores
2680 788 2732 835 et
2766 780 2928 841 filias,
2961 787 3013 830 et
3056 793 3161 831 non
3192 774 3574 830 erubescimus
3602 773 3752 827 vitiis
3795 771 4006 824 nostris

745 879 890 943 gent,
919 881 966 922 et
1023 871 1231 925 Domini
1283 872 1509 939 ραι-1111111
1572 872 1914 941 prmstoletur
1971 871 2317 926 adventum:

2441 876 2648 929 nomina
2687 872 2900 942 pietatis
2932 869 3253 926 obtendere.
3281 867 3421 935 Quid
3456 865 3586 920 facit
3618 864 3923 918 monachus
3952 862 4008 914 in

740 966 831 1030 qui
859 964 1037 1018 sciens
1077 962 1503 1017 imbecillitatem
1533 979 1712 1027 suam,
1741 974 1796 1018 et
1835 981 1929 1018 vas
1955 964 2146 1034 fragile
2174 962 2318 1032 quod
2428 967 2639 1021 cellulis
2684 965 3016 1018 feminarum
3042 963 3065 1016 ?
3091 961 3222 1031 quid
3259 960 3365 1015 sibi
3399 958 3589 1014 volunt
3635 955 3748 1009 sola
3782 964 3836 1005 et
3893 953 4012 1018 prio

2429 1069 2548 1111 vata
2579 1057 2873 1126 colloquia,
2895 1066 2948 1109 et
2979 1055 3219 1110 arbitros
3245 1052 3518 1120 fugientes
3561 1047 3701 1104 oculi
3724 1048 3746 1099 ?
3772 1045 4016 1101 Sanctus

2430 1168 2584 1208 amor
2643 1149 3037 1220 impatientiam
3088 1163 3194 1202 non
3259 1145 3420 1200 habet
3451 1144 3491 1197 ⁸.
3550 1141 3703 1209 Quod
3756 1141 3821 1194 de
3885 1136 4017 1191 libi-

2431 1246 2556 1300 dine
2586 1245 2842 1307 diximus,
2876 1240 3178 1296 referamus
3195 1239 3261 1293 ad
3289 1238 3600 1292 avaritiam.
3625 1242 3682 1292 et
3716 1235 3782 1288 ad
3817 1234 4011 1287 omnia

2434 1337 2559 1389 vitia
2595 1353 2717 1403 quae
2760 1335 3006 1388 vitantur
3062 1333 3381 1388 solitudine.
3427 1331 3487 1386 Et
3540 1329 3750 1384 idcirco
3790 1328 4018 1380 urbium

2433 1430 2771 1496 frequentius
2820 1427 3182 1488 declinamus,
3242 1441 3310 1478 ne
3367 1423 3545 1478 facere
3589 1420 4020 1488 compellamur,

2434 1537 2554 1590 quae
2580 1535 2812 1576 nosnou
2864 1530 2973 1572 tam
3029 1527 3222 1570 natura
3263 1516 3410 1585 cogit
3464 1515 3664 1579 facere,
3719 1527 3886 1582 quam
3931 1523 4027 1563 ro-

2437 1617 2640 1669 lnntas.

745 1063 945 1123 portat.
987 1053 1142 1106 timet
1191 1051 1497 1117 oﬂ’t-ndcre,
1547 1069 1613 1109 ne
1672 1055 1952 1122 impingat,
2001 1062 2056 1107 et
2102 1061 2321 1107 corruat

746 1157 908 1215 atque
943 1143 1248 1214 frangatur.
1293 1142 1449 1201 Unde
1499 1154 1553 1200 et
1611 1147 1925 1206 mulierum,
1985 1145 2322 1212 maximeque

741 1239 1286 1295 adolescentularnm
1354 1240 1486 1293 vitat
1545 1249 1847 1308 aspectum,
1885 1247 1936 1294 et
1980 1239 2033 1292 in
2109 1245 2318 1290 tantum

742 1336 1040 1402 castigator
1080 1335 1164 1388 sui
1197 1343 1302 1397 est,
1347 1342 1406 1387 ut
1439 1332 1601 1387 etiam
1657 1346 1777 1402 quae
1813 1343 1928 1388 tuta
1977 1345 2105 1387 sunt
2155 1331 2321 1400 perti-

745 1438 974 1480 mescat.

817 1516 903 1571 16.
938 1514 1210 1586 Fugieuda
1250 1515 1378 1569 vitia
1448 1525 1495 1569 et
1535 1516 1782 1570 vitiorum
1817 1517 2140 1570 occasiones.
2165 1515 2323 1572 Certa

749 1627 849 1662 non
885 1620 1004 1664 sunt
1039 1608 1447 1669 dimittenaa.et
1471 1610 1668 1662 incerta
1693 1611 1966 1663 sectanda.
1999 1611 2216 1674 —Cur,
2246 1611 2328 1663 in-

747 1706 923 1770 quies,
947 1702 1126 1771 pergis
1143 1703 1208 1755 ad
1233 1701 1782 1758 eremumividclicet
1804 1713 1861 1755 ut
1890 1713 1940 1757 te
1961 1718 2066 1757 non
2085 1703 2326 1765 audiam,
2508 1708 2594 1761 17.
2630 1708 2830 1772 Aperta
2873 1702 3202 1773 blasphemia
3248 1698 3666 1770 indignationem
3690 1695 3928 1766 ﬂagitas.
3958 1717 4029 1735 -——

746 1810 856 1850 non
884 1794 1132 1855 videam;
1163 1802 1331 1846 uttuo
1359 1792 1544 1846 furore
1572 1809 1682 1848 non
1711 1808 1970 1860 movear;
2001 1802 2168 1848 uttua
2189 1796 2325 1849 bella
2441 1800 2584 1860 lla-c,
2626 1808 2684 1851 ut
2739 1795 2879 1857 dixi,
2925 1804 3245 1850 sanctorum
3299 1793 3749 1861 presbyterorum
3803 1798 4026 1857 rogatu.

759 1902 866 1940 non
906 1887 1080 1956 patiar
1124 1902 1137 1952 ;
1177 1900 1241 1940 ne
1285 1901 1369 1940 me
1407 1886 1588 1955 capiat
1637 1887 1828 1941 oculus
1861 1887 2210 1953 meretricis;
2251 1900 2330 1945 'ne
2368 1869 2405 1921 Β
2439 1894 2600 1943 unius
2631 1889 2808 1943 noctis
2863 1885 3246 1941 lucubratione
3291 1884 3517 1943 dictavi,
3569 1880 3871 1934 festinante
3930 1884 4029 1929 ad-

753 1979 924 2029 forina
978 1971 1349 2045 pulcherrima
1410 1980 1477 2030 ad
1535 1977 1752 2033 illicitos
1804 1978 1971 2034 ducat
2021 1980 2329 2050 amplexus.
2437 1980 2842 2052 111111111111402
2877 1979 3045 2032 fratre
3083 1977 3328 2032 Sisinnio
3354 1975 3396 2039 ⁸,
3453 1983 3507 2028 et
3543 1982 3767 2042 propter
3805 1981 4031 2025 saneto-

754 2070 1128 2140 Respondebis
1167 2087 1179 2122 :
1214 2069 1316 2125 hoc
1370 2085 1476 2124 non
1529 2082 1616 2124 est
1670 2086 1935 2141 pugnare,
1984 2072 2077 2127 sed
2124 2072 2329 2142 fugere.
2436 2089 2554 2127 rum
2588 2071 2866 2140 refrigeria
2912 2070 2977 2124 ad
3013 2067 3311 2139 [Egyptum
3337 2067 3419 2120 ire
3468 2073 3851 2134 properante:
3891 2062 4033 2116 alio-

751 2165 846 2215 Sta
883 2163 933 2214 in
963 2161 1100 2224 acie,
1145 2161 1472 2216 adversariis
1503 2169 1748 2214 armatus
1801 2163 2004 2218 obsiste
2035 2180 2048 2215 :
2085 2175 2141 2216 ut
2183 2172 2333 2232 post-
2437 2167 2568 2235 quin
2595 2175 2645 2219 et
2673 2163 2785 2233 ipsa
2825 2164 3054 2216 materia
3084 2169 3332 2228 apertam
3363 2158 3553 2212 habuit
3593 2153 4027 2223 blasphemiam,

752 2271 917 2320 οιιειηι
978 2255 1218 2318 viceris.
1273 2255 1580 2306 εονοιιοτῖδ-
1643 2252 1842 2308 Ροιθοτ
1899 2254 2331 2309 itttbccillilatt‘m
2437 2276 2556 2327 qnze
2586 2258 3020 2326 indignationem
3068 2253 3239 2323 magis
3289 2253 3609 2312 scribentis,
3647 2263 3816 2318 quam
3865 2248 4031 2300 testi-

753 2363 950 2402 meam.
984 2345 1120 2400 Nolo
1153 2361 1247 2414 spe
1305 2360 1548 2413 pugnare
1579 2347 1843 2408 Victoria}.
1884 2361 1951 2400 ne
1981 2346 2203 2414 Derdam
2234 2347 2334 2400 ali-
2439 2352 2742 2405 moniorum
2782 2347 3186 2402 multitudinem
3225 2345 3522 2415 ﬂagitaret.
3551 2343 3709 2408 Quod
3735 2343 3778 2396 si
3817 2340 4034 2393 Dormi-

749 2439 975 2502 quando
1039 2437 1346 2490 victoriam.
1409 2436 1465 2491 Si
1531 2437 1742 2504 iugero,
1810 2436 2049 2506 gladium
2103 2438 2332 2492 devitavi
2442 2443 2642 2495 tantius
2670 2442 2720 2492 iu
2750 2455 2866 2494 mea
2889 2438 3389 2493 rursusmaledieta
3415 2430 4029 2504 vigiluvcrit,eteodem

755 2530 861 2603 [Αἰ.
901 2527 1198 2598 dimittam]
1238 2546 1252 2583 :
1291 2529 1336 2581 si
1397 2536 1623 2592 stetere,
1677 2536 1773 2581 aut
1823 2528 2151 2582 vincendum
2204 2529 2332 2582 mihi
2439 2543 2533 2580 ore
2567 2527 2905 2594 blasphemo.
2941 2539 3050 2593 quo
3100 2526 3379 2592 apostolos
3401 2535 3455 2578 et
3495 2534 3764 2593 martyres
3803 2521 4032 2576 larerat.

751 2630 853 2681 est,
897 2628 990 2672 aut
1020 2618 1347 2672 cadendum.
1387 2615 1528 2681 Quid
1581 2625 1763 2670 autem
1795 2633 2019 2672 necesse
2059 2628 2142 2673 est
2186 2631 2334 2673 certa
2439 2621 2504 2674 de
2536 2635 2619 2672 me
2642 2633 2860 2688 quoque
2897 2617 3165 2686 putaverit
3196 2619 3597 2670 detrahendum
3625 2657 3639 2681 ,
3676 2628 4034 2684 nequaquam

751 2712 1054 2776 dimittere,
1086 2721 1139 2765 et
1169 2710 1379 2763 incerta
1424 2709 1665 2763 sectari?
1691 2711 1802 2762 Aut
1850 2719 2027 2772 scuto,
2059 2720 2154 2764 aut
2191 2713 2338 2780 pedi-
2440 2713 2514 2766 illi
2553 2713 2700 2766 brevi
2737 2710 3240 2772 lucubratiuncula,
3283 2709 3377 2762 sed
3414 2719 3525 2761 tota
3575 2718 3740 2762 nocte
3775 2707 4034 2776 vigilabo,

756 2804 858 2856 bus
898 2815 1048 2855 mors
1079 2800 1298 2854 vitanda
1327 2807 1436 2854 est.
1470 2799 1551 2853 Tu
1582 2800 1674 2868 qui
1734 2816 1968 2870 pugnas,
1996 2812 2048 2855 et
2088 2803 2334 2868 superari
2440 2815 2493 2857 et
2526 2803 2694 2858 sociis
2727 2803 2906 2867 illius,
2947 2802 3117 2854 immo
3151 2800 3439 2869 discipulis
3477 2802 3559 2854 vel
3594 2799 3902 2868 magistris,
3944 2797 4036 2866 qui

753 2902 931 2962 potes.
986 2899 1040 2947 et
1089 2893 1332 2946 vincere.
1384 2890 1502 2959 Ego
1541 2905 1662 2944 cum
1701 2890 1910 2960 iugero,
1965 2907 2071 2946 non
2125 2894 2285 2947 vinco
2319 2895 2333 2924 ¹
2440 2898 2544 2951 nisi
2583 2904 2854 2949 tumentes
2897 2903 3082 2948 uterus
3116 2895 3355 2948 viderint
3395 2894 3724 2947 feminarum
3754 2934 3766 2949 .
3806 2895 4040 2944 mnritns

750 2988 807 3038 in
864 3000 930 3038 eo
1001 2983 1145 3052 quod
1189 2982 1390 3050 fugio:
1453 2981 1546 3037 sed
1602 2981 1726 3038 ideo
1759 2981 1932 3053 fugio,
2001 2999 2068 3038 ne
2125 2985 2334 3039 vincar.

837 3125 852 3154 ¹
889 3122 1245 3177 Martianreus
1274 3135 1377 3172 non
1419 3121 1645 3172 vincar:
1677 3119 1806 3174 olim
1838 3135 1937 3172 non
1961 3121 2160 3185 vincor,
2195 3123 2336 3189 quod

2446 3002 2631 3042 earnm
2661 2987 2868 3041 Christi
2901 2987 3208 3041 minisrerio
3236 2987 3578 3040 arbitrantur
3611 2986 3891 3052 indignos.

2518 3126 2539 3156 ⁸
2584 3122 2781 3177 Fratre
2805 3122 3060 3177 Sixirmio.
3102 3124 3175 3176 De
3219 3125 3322 3177 hoc
3375 3122 3570 3176 eodem
3621 3121 3870 3173 Sisinnin
3925 3122 4043 3181 lux-0.

759 3195 1032 3247 Victorius
1078 3191 1368 3260 improbat.
1429 3190 1534 3242 Nos
1573 3203 1694 3242 cum
1749 3189 1967 3244 duobus
2041 3205 2175 3244 mss.
2211 3194 2343 3258 legi-
2370 3203 2412 3267 ο
2449 3198 2705 3262 leguntur
2728 3196 2791 3267 111
2832 3195 3156 3267 I’raefatimre
3183 3195 3497 3267 Comment.
3540 3193 3632 3244 1111.
3665 3207 3702 3244 11
3744 3193 3796 3242 111
3830 3189 4043 3267 zacha-

757 3281 904 3318 "IIIS.

831 3337 850 3365 ¹
883 3334 1081 3388 Recole
1147 3330 1432 3396 epistolam
1484 3327 1547 3382 ad
1602 3328 1961 3383 Sabinianum
2023 3329 2229 3398 lapsum
2281 3329 2334 3382 in

755 3416 944 3458 nostra
985 3402 1304 3457 recensione
1339 3401 1459 3454 14⁸1.
1490 3415 1641 3450 1111111.
1673 3399 1726 3461 5,
1763 3400 1848 3453 ubi
1901 3410 2102 3453 matres
2154 3414 2338 3451 mona-

757 3476 1054 3530 Sterioruin
1120 3479 1408 3525 secantur.
1453 3468 1511 3522 S.
1546 3483 1761 3534 quoque
1788 3469 2018 3536 Optatos
2045 3471 2108 3523 de
2143 3469 2331 3522 Schis-

758 3553 903 3598 mate
928 3543 1329 3596 Donatistarum
1353 3539 1447 3592 lib.
1475 3553 1532 3600 n,
1561 3557 1578 3587 1
1611 3537 1942 3593 Invenerunt
1965 3549 2184 3603 matres,
2203 3553 2339 3608 quas

759 3617 827 3667 de
860 3612 1337 3666 castimonialibns
1364 3609 1604 3661 fecerant
1636 3608 1914 3663 mulieres.
1963 3625 1981 3658 1

825 3683 851 3720 «³
872 3682 1109 3750 Epistula
1141 3682 1211 3735 16
1245 3678 1424 3750 Paula;
1477 3687 1530 3750 et
1556 3675 1836 3731 Eustachii
1891 3678 2048 3750 initio
2083 3694 2097 3734 :
2129 3697 2145 3728 1
2186 3676 2332 3730 Men-

765 3748 950 3807 suram
980 3753 1218 3806 cbaritas
1251 3764 1356 3802 non
1415 3748 1598 3805 habet.
1657 3758 1713 3799 et
1771 3748 2107 3813 impatientia
2160 3750 2336 3800 nescit

764 3823 1009 3886 modum,
1050 3839 1068 3872 1
1103 3832 1210 3875 etc.
1233 3820 1335 3873 Sed
1369 3819 1455 3870 hic
1495 3817 1600 3869 loci
1634 3830 1732 3885 pro
1787 3817 2183 3871 iucontinentia
2230 3817 2335 3869 im-

2452 3260 2584 3317 riam
2623 3286 2633 3317 :
2672 3283 2689 3314 1
2728 3263 2862 3316 Dum
2901 3264 3067 3316 frater
3107 3262 3386 3335 Sisinnius
3419 3261 3723 3335 Egyptum
3769 3266 3848 3314 ire
3881 3260 4043 3335 festi-

2447 3346 2561 3396 nat,
2586 3343 2646 3387 111
2676 3339 2895 3386 odorem
2929 3335 3083 3386 home
3118 3333 3456 3403 fragrantia»,
3500 3331 3592 3402 qui
3642 3349 3669 3383 a
3730 3339 3783 3382 te
3835 3331 4043 3403 missus

2447 3415 2532 3459 est
2575 3403 2858 3460 fratribus.
2894 3404 3022 3457 illuc
3057 3399 3277 3471 quoque
3334 3399 3597 3470 perferat,
3639 3421 3656 3451 I
3713 3415 3822 3455 etc.
3882 3399 4043 3453 Hanc

2450 3477 2635 3542 itaque
2697 3473 2750 3526 in
2784 3473 3137 3541 vigilantium
3193 3474 3764 3527 lucrubratiuucnlam
3815 3482 4046 3538 scripsit

2449 3559 2593 3596 anno
2624 3543 2824 3596 Christi
2855 3543 2978 3604 406,
3019 3545 3069 3595 id
3104 3553 3210 3605 est,
3268 3555 3424 3598 sexto
3467 3543 3761 3597 consulatu
3815 3542 4044 3594 Arcadii

2452 3614 2705 3678 Augusti,
2739 3621 2797 3666 ut
2827 3612 3055 3681 ipsemet
3105 3621 3341 3668 teStatur
3392 3612 3717 3666 Praefatione
3755 3626 3820 3681 111
3880 3610 4046 3663 Com-

2450 3693 2680 3736 mentar.
2712 3683 2764 3735 in
2800 3680 2965 3737 Ainos
2997 3686 3343 3751 prophetam.
3388 3683 3660 3737 Maurus.
3693 3708 3768 3720 —
3797 3680 3876 3735 De
3943 3681 3996 3731 111
4017 3693 4050 3734 c

2447 3755 2615 3806 fratre
2651 3752 2894 3824 Sisinnio
2939 3753 3182 3809 diximus
3240 3755 3294 3807 in
3326 3754 3550 3824 praefixa
3612 3754 3742 3806 huic
3773 3753 4050 3820 opusculo

2455 3823 2866 3876 Admonitione.

766 3894 1029 3960 patientia
1064 3891 1321 3951 sumitur,
1360 3898 1416 3940 ut
1448 3901 1611 3954 supra
1640 3887 1938 3942 indicatum
1971 3899 2075 3941 est.

1289 4330 1366 4388 IN
1415 4326 1580 4398 SEQ.
1614 4325 1759 4386 LIB.
1798 4323 2117 4386 CONTRA
2156 4318 2531 4380 JOANNEM
2571 4317 2994 4379 HIEROSOL.
3034 4319 3522 4385 ADMONITIO.

852 4703 902 4755 1.
945 4699 1182 4754 Joannes
1213 4695 1773 4765 llierosolymitanus,
1807 4691 1895 4757 qui
1925 4700 2049 4741 ante
2081 4687 2336 4755 adeptum
2365 4686 2738 4759 episcOpatum
2770 4691 3086 4752 monachus,
3122 4690 3342 4744 Arianis
3367 4700 3419 4743 et
3443 4689 3855 4744 Macedonianis
3876 4692 4059 4745 adlue-

783 4800 958 4850 serat.
991 4799 1284 4859 postquam
1327 4788 1390 4839 ad
1441 4783 1773 4853 pontitieiam
1807 4778 2128 4846 dignitatem
2179 4785 2400 4830 evectus
2452 4782 2558 4838 est,
2600 4773 2947 4842 Urigenistis,
2985 4775 3079 4840 qui
3135 4773 3186 4825 in
3241 4787 3301 4825 ea
3330 4774 3612 4840 111-01110111
3666 4775 3830 4825 multi
3874 4789 4059 4836 erant,

779 4895 942 4933 aures
971 4873 1433 4930 accommodavit.
1474 4869 1527 4922 111
1557 4883 1700 4937 :egre
1738 4865 2035 4918 admodum
2069 4861 2322 4917 ferebant
2358 4862 2482 4915 boni
2517 4875 2729 4924 onmes,
2767 4869 2929 4928 atque
2963 4863 3016 4911 iu
3058 4861 3253 4929 primis
3286 4860 3346 4918 S.
3393 4859 3760 4928 Epiphanius,
3799 4864 3896 4928 qui
3931 4878 4056 4915 eum

782 4965 1169 5035 Hierosolyth
1201 4961 1476 5021 convenit,
1516 4967 1569 5010 et
1600 4968 1839 5023 pragscus
1873 4959 2194 5018 prtesentem
2228 4952 2474 5004 hortatus
2503 4957 2606 5010 est,
2650 4955 2708 5000 ut
2756 4961 2816 5001 se
2848 4948 2917 5000 ab
2964 4962 3154 5000 errore
3207 4947 3481 5016 reciperet
3515 4965 3530 5002 ;
3567 4947 3657 5000 ille
3689 4961 3722 5001 ο
3773 4951 4063 5002 conn-am,

782 5058 851 5105 ita
880 5034 1198 5114 excanduit,
1231 5058 1290 5102 ut
1329 5045 1689 5116 Epiphanium
1728 5043 1906 5108 ipsum
1951 5041 2015 5093 de
2035 5037 2716 5106 Anthropomorphitarum
2746 5035 2937 5088 hmresi
2973 5035 3186 5103 publice
3223 5036 3479 5090 incusare
3511 5051 3618 5088 non
3643 5034 3943 5089 dubitarit.
3983 5039 4062 5088 Ad

785 5147 899 5194 hzec
945 5141 1186 5194 rixarum
1220 5139 1383 5191 homo
1413 5133 1669 5201 cupidus,
1707 5141 1907 5182 causas
1939 5139 2189 5193 quarens
2232 5125 2503 5186 vindictae,
2545 5124 2599 5177 in
2632 5139 2696 5176 eo
2751 5136 2809 5176 se
2864 5123 3053 5176 laesum
3088 5123 3154 5176 ab
3205 5123 3515 5191 Epiphanio
3565 5134 3918 5192 conquestus
3955 5139 4063 5184 esu,

785 5231 932 5298 quod
989 5229 1077 5279 ille
1124 5224 1513 5278 Paulinianum
1553 5218 1728 5272 sancti
1784 5214 2098 5282 Hieronymi
2152 5214 2373 5265 fratrem
2426 5212 2479 5265 in
2531 5210 2834 5264 Palestina:
2895 5212 3227 5264 tnonasterio
3279 5218 3564 5280 agentem,
3625 5213 4065 5265 extraditiomm

788 5318 999 5369 scilicet
1035 5312 1322 5366 Salaminii
1359 5308 1597 5374 episcopi
1631 5303 2014 5374 presbyterum
2066 5301 2419 5354 ordinaverit.
2459 5299 2610 5365 Quod
2667 5301 2756 5353 ille
2814 5314 3129 5367 quanquam
3182 5302 3320 5352 satis
3360 5299 3500 5374 bene
3534 5310 3831 5353 excusaret
3862 5315 3879 5351 :
3916 5302 4063 5365 quod

787 5422 892 5457 non
946 5404 997 5455 in
1062 5400 1327 5471 parocliia
1378 5397 1572 5451 Joauni
1626 5394 1874 5462 subjecta
1917 5390 1969 5443 id
2012 5389 2252 5453 fecisset,
2290 5402 2560 5456 unamque
2599 5401 2720 5440 esse
2773 5385 2986 5440 dissidii
3041 5400 3266 5440 causam
3320 5386 3742 5447 obtestaretur,
3793 5387 4064 5441 violatam

785 5491 1130 5560 Origenianis
1190 5486 1542 5554 dogmatibus
1602 5493 1805 5536 rectam
1867 5478 2068 5541 Iidem,
2126 5474 2367 5530 Joannes
2418 5475 2555 5527 hanc
2614 5489 2778 5526 unam
2838 5473 3244 5526 ordinationem
3306 5473 3613 5528 iracundia:
3652 5489 3768 5528 sua:
3831 5489 4064 5529 causam

788 5578 1148 5647 prmtexebat.
1177 5575 1546 5642 Quamobrem
1585 5580 1638 5624 et
1689 5568 2077 5634 Hieronymum
2109 5577 2345 5630 quoque,
2383 5562 2622 5628 ejusdem
2662 5561 2964 5616 Pauliniani
3004 5561 3211 5626 fratris,
3244 5561 3422 5616 multo
3450 5577 3586 5616 vero
3635 5564 3816 5630 magis
3867 5563 4069 5630 Orige-

790 5665 951 5716 nismi
982 5678 1165 5724 causa,
1205 5662 1332 5714 odio
1371 5659 1578 5712 habuit.
1625 5656 1762 5709 Cum
1797 5655 1943 5706 enim
1982 5653 2048 5703 ab
2079 5649 2368 5717 Epiphanii
2400 5649 2647 5717 partibus
2684 5659 2854 5702 staret
2890 5647 2946 5701 S.
2990 5650 3210 5714 Doctor,
3251 5660 3306 5704 et
3341 5665 3450 5704 11011
3490 5651 3673 5705 solum
3723 5651 3922 5704 fratris
3988 5651 4067 5704 sui

787 5750 1186 5804 ordinationem
1218 5750 1423 5815 absque
1457 5745 1684 5799 alterius
1722 5741 1946 5809 injuria,
1979 5741 2070 5792 sed
2108 5753 2170 5790 ex
2211 5748 2433 5805 recepta
2471 5737 2611 5789 inter
2640 5735 2802 5805 Cypri
2836 5735 3126 5805 episcopos
3160 5738 3574 5792 consuetudine
3625 5737 3832 5790 factam
3894 5741 4068 5805 probe

789 5840 974 5901 sciret,
1012 5836 1103 5891 sed
1142 5839 1302 5888 etiam
1335 5835 1587 5902 Ot'igenis
1620 5844 1834 5885 errores
1875 5827 2093 5882 acribus
2146 5840 2252 5893 qua
2285 5825 2485 5886 verbis,
2524 5838 2630 5893 qua
2685 5824 2906 5892 scriptis
2962 5823 3262 5892 jugularel,
3310 5828 3385 5880 ita
3437 5824 3673 5880 Joannis
3708 5825 4064 5879 iracundiam
