4202 6464
157 401 254 463 369
917 401 1216 463 CONTRA
1263 399 1626 463 JOANNEM
1671 395 2087 459 IllEllOSOL.
2123 423 2192 434 --
2222 393 2678 457 ADMONITIO.
3335 395 3442 458 3'10

159 518 348 579 inovil,
387 527 442 567 ut
484 516 554 570 ab
593 517 686 571 illo
720 516 785 571 de
819 516 1080 571 Ecclesia?
1113 515 1503 571 communimie
1553 514 1718 571 fuerit
1753 516 1961 586 ejectus
1993 531 2008 570 :
2049 515 2266 568 tametsi
2325 527 2449 568 cuni
2488 522 2597 566 tota
2642 508 3143 580 Hierosolymitana
3198 507 3444 565 Ecclesia

156 604 506 660 Continenter
539 606 997 662 Coniniunicarit.

222 694 278 746 ἱ.
321 692 538 750 Tantos
591 697 900 750 animorum
953 706 1136 751 motus
1185 692 1490 750 Archelaus
1525 707 1710 746 comes
1747 707 2096 760 compescere
2141 691 2328 744 statim
2382 690 2539 742 initio
2598 687 2832 747 studuit,
2883 687 3251 756 coiidicioqne
3287 703 3350 756 pa
3397 687 3440 737 is

157 785 403 837 ineunda:
430 787 580 849 loco,
615 789 877 855 quoniam
907 786 1124 840 violatae
1159 785 1280 838 fidei
1307 783 1550 852 suspicio
1591 781 1897 836 discordias
1922 780 2246 849 peperisset,
2270 796 2298 833 e
2324 779 2666 844 singulorum
2693 777 2814 830 tidei
2844 775 3189 845 professione
3239 774 3447 827 inirent

155 870 533 924 concordiam.
566 873 810 927 Joannes
842 887 995 931 vero.
1032 875 1199 926 semel
1275 880 1438 938 atque
1468 871 1664 924 iterum
1695 869 1948 923 invitanti
1985 872 2047 922 ad
2109 867 2498 936 paciscendum
2529 867 2817 924 Archelao,
2856 862 3018 917 modo
3047 877 3234 925 tinam,
3287 866 3446 914 modo

162 957 345 1021 aliam,
371 960 694 1014 levissimas
719 963 1109 1015 excusationes
1139 961 1508 1029 prtrtcndens,
1530 960 1756 1013 minime
1783 957 1981 1026 paruit.
2013 957 2114 1008 Sed
2144 959 2208 1010 ad
2233 955 2602 1025 Theophilum
2653 955 3110 1017 Alexandrinum,
3139 961 3196 1002 nt
3234 966 3330 1018 par
3360 961 3444 1002 est

161 1045 406 1104 tredere,
443 1049 660 1102 litt-iras
694 1048 866 1111 dedit,
917 1053 969 1102 in
1019 1050 1218 1118 quibus
1267 1048 1416 1102 illum
1468 1050 1535 1100 de
1588 1031 1986 1109 iiigrovescenti
2042 1046 2313 1098 discordia
2370 1045 2661 1098 certiorem
2738 1042 2886 1105 fecit,
2967 1041 3110 1095 forte
3169 1041 3333 1093 etiam
3387 1050 3446 1092 ιιι

167 1134 524 1190 adversarios
567 1152 698 1190 suos
733 1139 1180 1208 reprehenderet,
1210 1139 1541 1208 deprecatus
1571 1147 1674 1191 est.
1715 1135 2056 1205 Theophilus
2095 1135 2292 1187 blande
2345 1151 2442 1203 pro
2472 1149 2538 1188 eo
2573 1151 2638 1187 ac
2692 1133 2880 1184 debuit
2928 1132 2991 1184 ad
3045 1131 3443 1199 Hieronymum

164 1223 416 1292 scripsit,
449 1225 635 1292 deque
665 1226 754 1279 liis
791 1243 912 1295 quae
939 1228 1036 1281 abs
1063 1226 1274 1280 Joanne
1307 1235 1618 1290 acceperat,
1679 1225 2119 1280 commonefecit.
2155 1234 2205 1277 rt
2243 1224 2307 1276 ad
2356 1240 2540 1292 parem
2591 1222 2868 1276 invitarit.
2914 1223 2989 1274 Ad
3038 1237 3197 1288 quem
3261 1228 3447 1272 noster

161 1311 454 1377 epistolam
494 1314 596 1367 132
633 1314 684 1368 in
722 1327 906 1368 ucstra
945 1317 1265 1370 recensione
1299 1316 1576 1375 rescribit,
1609 1314 1661 1366 in
1693 1331 1799 1383 qua
1843 1330 2025 1382 pacem
2064 1315 2207 1368 ultro
2239 1329 2298 1366 se
2330 1328 2576 1382 querere
2603 1311 2906 1380 professus,
2948 1310 3160 1378 objecta
3205 1309 3448 1380 singilla—

164 1401 255 1452 tiin
289 1401 483 1466 diluit,
519 1419 827 1470 causasque
862 1405 1275 1457 contentionum
1339 1412 1394 1456 et
1432 1402 1646 1457 violatae
1680 1403 1799 1459 fidei
1832 1405 2018 1473 legerit
2047 1405 2103 1458 in
2140 1403 2427 1459 Joannem.
2465 1405 2603 1457 Tum
2645 1404 2915 1456 laboranti
2958 1403 3130 1469 magis
3165 1417 3230 1455 ac
3274 1408 3448 1468 magis

161 1493 423 1547 Ecclesiae
469 1510 804 1549 succurrere
857 1497 1046 1550 volens
1109 1494 1476 1562 TlieOpliilus,
1535 1495 1803 1548 lsidorum
1860 1497 2264 1563 presbyterum,
2292 1495 2512 1562 pietatis
2571 1495 2918 1562 aliarumque
2977 1493 3245 1545 virtutum
3302 1492 3446 1543 fama

162 1583 550 1646 notissimum,
586 1586 680 1636 sed
717 1601 880 1650 quem
913 1585 1003 1636 οτι
1046 1583 1241 1636 eniana
1276 1583 1428 1636 labes
1462 1585 1829 1651 corripuerat,
1864 1582 2101 1650 legatum
2134 1584 2297 1636 mittit
2350 1582 2790 1652 Hierosolymam
2827 1597 2948 1634 cum
2987 1581 3208 1644 litteris,
3247 1578 3449 1646 quibus

159 1685 502 1737 componere
532 1673 866 1724 dissidentes
901 1672 1115 1723 an'nios
1147 1676 1352 1725 studet.
1395 1668 1593 1723 Verum
1639 1671 1814 1723 maliis
1861 1675 1964 1728 iste
2015 1673 2168 1742 pacis
2218 1682 2506 1742 sequester
2536 1688 2659 1728 cum
2703 1671 2927 1725 advenit
2985 1670 3444 1740 Hierosolymam.

159 1757 498 1824 legationem
535 1774 694 1813 suam
749 1763 1106 1824 renuntiavit,
1151 1761 1482 1812 commissas
1525 1768 1706 1811 tamen
1771 1761 1982 1814 litteras
2043 1762 2270 1815 reddere
2330 1761 2662 1832 Hieronymo
2704 1761 2900 1823 noluit,
2935 1761 3018 1811 cui
3049 1758 3334 1826 qiimrenti,
3386 1755 3447 1811 Si

157 1847 363 1916 legatus
406 1863 493 1909 es,
530 1847 691 1902 redde
726 1852 1006 1916 legationis
1036 1849 1334 1916 epistolas;
1368 1853 1410 1902 si
1431 1849 1682 1902 epistolas
1734 1866 1836 1902 non
1873 1851 2054 1912 habes,
2103 1851 2366 1918 quomodo
2418 1850 2649 1920 legatum
2703 1860 2750 1903 te
2802 1849 3052 1913 probabis
3081 1849 3129 1901 ?t
3164 1846 3445 1912 restiondit

159 1939 366 1990 habere
399 1953 461 1991 se
497 1941 723 2006 quidem
762 1943 993 2003 litteras,
1029 1942 1121 1992 sed
1157 1949 1405 2005 rogatum
1445 1955 1471 1989 a
1504 1935 1716 1991 Joanne
1747 1952 1815 1991 ne
1855 1937 2106 1992 redderet
2141 1955 2152 1990 :
2193 1938 2531 2004 proindeque
2566 1937 2756 1990 maluit
2788 1951 2845 1989 re
2877 1934 3074 1989 infecta
3123 1933 3433 1990 dist-edere.

156 2039 319 2090 quam
356 2026 564 2080 favoris
599 2028 652 2078 in
691 2024 1057 2094 Origeiiiaiias
1096 2041 1278 2096 partes
1343 2026 1533 2079 tollere
1586 2027 1978 2093 suspicionem.
2033 2027 2238 2080 Auctor
2293 2037 2476 2080 tanien
2512 2027 2628 2094 gfuit
2661 2024 2881 2087 Joanni,
2918 2034 2975 2077 ιιι
3021 2022 3341 2092 Apologiuin
3379 2023 3443 2074 ad

157 2111 531 2181 Theophilum
590 2131 688 2181 pro
745 2130 844 2166 sua
892 2130 1058 2168 causa
1110 2115 1397 2176 scriberet,
1455 2116 1520 2169 ad
1559 2131 1792 2182 eantque
1846 2118 2192 2171 scribendam
2251 2133 2472 2186 cperant
2515 2132 2671 2172 suam
2719 2116 3109 2181 commodavit,
3156 2124 3235 2175 ut,
3271 2113 3445 2181 inquit

159 2201 589 2265 llieroii.,idem
631 2214 768 2256 esset
800 2212 849 2256 et
889 2204 1125 2256 dictator
1175 2213 1224 2256 et
1279 2205 1492 2272 bajulus
1547 2205 1868 2257 litterarum.
1927 2207 2114 2274 Itaque
2163 2204 2410 2260 Joannes
2465 2206 2755 2275 Epiplianii
2816 2205 3065 2274 epistolae
3111 2203 3448 2270 respondere

156 2289 524 2358 dedignatus,
559 2291 884 2359 Ap010giain
921 2292 1068 2344 illam
1100 2307 1516 2360 qtiaqnav'crsus
1579 2295 1753 2356 :iiisit,
1798 2293 1890 2346 sed
1950 2295 2298 2362 potissimum
2358 2297 2409 2346 iii
2458 2294 2836 2356 Occidentem,
2879 2305 2936 2347 ut
2989 2293 3040 2344 iii
3096 2292 3179 2346 sui
3213 2291 3444 2357 gratiam

158 2383 407 2432 maxime
437 2380 820 2434 Romanorum
855 2379 1202 2433 sacerdotum
1230 2395 1390 2434 aures
1425 2393 1848 2450 pricocciiparet.
1883 2381 2089 2435 Revera
2119 2382 2505 2434 Pantinarliius
2565 2383 2860 2436 multorum
2894 2384 3110 2434 animos
3143 2380 3196 2432 in
3229 2376 3445 2431 diversa

160 2463 469 2519 distractos
505 2465 675 2520 fuisse
724 2468 916 2521 scribit
963 2469 1028 2521 ad
1066 2467 1478 2538 Hieronymum,
1517 2469 1640 2523 aliis
1675 2467 1986 2531 Salaminii,
2019 2471 2143 2524 aliis
2177 2469 2665 2541 lliei‘osolyniitani
2711 2469 2956 2539 episcOpi
2996 2484 3219 2522 causam
3253 2467 3446 2520 delicii-

156 2554 420 2607 dentibus
461 2575 476 2606 :
518 2558 719 2622 quibus
761 2559 875 2625 ipse
926 2557 1224 2620 excitatus,
1269 2558 1327 2610 ὃ.
1386 2557 1670 2611 Ductorem
1721 2570 1892 2627 rogat,
1931 2572 1988 2612 ut
2021 2559 2148 2628 quid
2190 2560 2265 2612 rei
2327 2561 2420 2622 sit,
2480 2567 2736 2622 exponat.
2800 2558 2919 2613 Jani
2976 2573 3104 2610 vero
3155 2558 3256 2609 hoc
3310 2555 3450 2609 libro

157 2643 537 2714 Héeronyiiiits
567 2645 641 2698 illi
675 2661 882 2699 niorcin
912 2645 1072 2714 gerit,
1105 2647 1473 2715 ostenditque,
1503 2649 1636 2700 adeo
1673 2665 1778 2700 non
1805 2647 2111 2701 Pauliniani
2145 2648 2330 2702 fratris
2371 2648 2773 2702 ordinationem
2827 2661 3053 2702 causam
3106 2660 3230 2699 esse
3286 2645 3448 2697 dissic

156 2733 253 2794 dii,
280 2734 382 2788 Sed
413 2734 753 2804 Origenisini
785 2750 1002 2789 errores
1037 2733 1232 2788 .loanni
1267 2737 1534 2804 objectos.
1579 2746 1637 2790 tit
1674 2749 2032 2806 przcterqtiam
2067 2739 2209 2806 quod
2246 2738 2298 2789 in
2334 2736 2876 2804 Eleutheropolitano
2906 2734 3206 2796 territorio,
3250 2748 3356 2784 non
3393 2733 3447 2784 in

158 2819 394 2873 .ﬂiensi
438 2824 734 2874 ordinatus
765 2836 842 2874 es:
884 2821 1268 2884 Paulinianns,
1302 2824 1468 2876 etiam
1505 2835 1632 2878 ante
1668 2827 1786 2894 ejus
1818 2827 2316 2888 consecrationem,
2353 2826 2461 2895 jam
2496 2822 2747 2893 Origenis
2781 2839 2947 2876 causa
2975 2821 3243 2875 Joannem
3304 2821 3449 2874 inter

157 2923 323 2977 atque
357 2910 733 2977 Epiphaniuni
770 2909 933 2963 fuerit
956 2912 1043 2964 illa
1084 2911 1388 2965 altercatio.
1417 2912 1820 2976 Origeiiisnium
1852 2931 1981 2968 vero
2013 2915 2078 2967 ad
2110 2923 2234 2968 octo
2289 2921 2512 2966 revocat
2561 2913 2764 2981 capita,
2799 2928 2827 2964 ο
2859 2911 3057 2979 quibus
3093 2911 3193 2962 tria
3231 2919 3445 2962 tantum

157 2999 424 3068 Apologia
466 2999 554 3050 illa
607 3014 706 3052 sua
749 2997 991 3054 Joannes
1045 3003 1408 3070 purgaverit,
1453 3004 1505 3055 l°
1563 3018 1663 3056 nec
1712 3003 1907 3057 Filium
1963 3007 2153 3058 videre.
2200 3019 2360 3073 posse
2415 3001 2657 3062 l’atreiii,
2720 3019 2816 3054 nrc
2865 3001 3155 3070 Spiritum,
3207 2999 3444 3058 Filium;

156 3089 212 3136 1‘"
241 3088 466 3138 animas
497 3097 722 3154 p--0pter
755 3098 974 3154 peccata
1008 3102 1038 3140 e
1064 3088 1198 3142 cmlo
1232 3088 1486 3158 delapsas
1520 3090 1572 3142 in
1611 3105 1812 3158 corpus
1843 3109 1964 3147 esse
1999 3092 2164 3146 veluti
2207 3092 2258 3144 in
2293 3105 2580 3144 carcerein
2611 3090 2889 3157 conjectis
2918 3105 2932 3153 ;
2963 3089 3019 3142 5°
3069 3091 3341 3147 futurum,
3385 3097 3446 3138 nt

155 3176 418 3227 diabolus
468 3175 780 3242 resipiscat,
807 3183 858 3227 et
887 3184 1257 3236 convertatur.
1283 3185 1475 3230 etcum
1499 3181 1701 3232 sanctis
1719 3191 1904 3249 regnet
1930 3197 1944 3246 ;
1970 3180 2025 3235 4°
2047 3181 2312 3234 Adamtim
2338 3186 2389 3230 et
2413 3177 2576 3230 Evam
2601 3187 2891 3244 antequam
2920 3185 3202 3246 peccarent
3220 3191 3448 3242 corpore

157 3265 440 3325 caruisse,
478 3277 604 3329 quae
639 3276 869 3330 corpora
906 3264 1110 3316 tunicis
1144 3265 1538 3335 pelliceispost
1571 3280 1853 3336 peccatum
1905 3269 2250 3333 indicantur;
2277 3268 2334 3321 5°
2365 3282 2584 3321 carnem
2633 3280 2976 3334 nequaquam
3004 3264 3328 3319 siisciiatnin
3355 3264 3444 3316 iri.

157 3364 374 3414 nosque
427 3364 564 3401 sexu
602 3350 656 3403 in
699 3355 1099 3403 resurrectione
1129 3354 1434 3418 carituros;
1495 3354 1550 3407 6°
1590 3357 1896 3423 paradisunt
1968 3367 2284 3411 terrestrem
2339 3355 2625 3422 allegorice
2680 3354 3121 3421 intelligendum;
3170 3353 3225 3405 7°
3269 3368 3448 3420 aquas

156 3452 276 3501 quae
325 3451 502 3504 super
532 3437 702 3488 ccelos
740 3437 790 3488 in
823 3436 1112 3504 Scriptura
1151 3441 1442 3503 dicuntur,
1487 3457 1610 3495 esse
1664 3447 1908 3512 angelos,
1955 3462 2076 3514 quin
2127 3445 2315 3498 Subter
2346 3443 2514 3497 caelos
2547 3453 2698 3506 sunt,
2726 3443 3002 3496 daemones
3030 3458 3048 3508 ;
3080 3441 3136 3494 8°
3173 3442 3452 3495 hominem

158 3540 256 3591 per
292 3532 595 3590 peccatum
643 3523 732 3576 Dei
778 3525 1070 3593 imaginem
1119 3527 1394 3582 amisisse.
1454 3530 1566 3583 Hos
1615 3531 1800 3598 itaque
1845 3545 2064 3584 errores
2121 3531 2319 3581 iterum
2371 3527 2570 3580 Joaniii
2623 3528 2837 3594 objicit,
2889 3526 3116 3594 ejusque
3171 3523 3445 3592 Apologia:

157 3616 423 3681 strophas
459 3611 725 3679 exagilal.
761 3611 940 3680 ipsum
972 3619 1233 3671 continuo
1266 3618 1554 3686 alloquens
1592 3618 2145 3689 Hierosolymitanuin
2186 3619 2528 3684 episc0piini.

223 3710 281 3764 ’5.
325 3709 475 3763 Sunt
511 3726 700 3779 porro,
739 3716 942 3779 quibus
971 3711 1106 3764 liber
1141 3709 1242 3762 iste
1278 3707 1346 3759 ab
1386 3721 1612 3761 anetore
1650 3719 1755 3757 non
1792 3707 1976 3759 [initus
2023 3706 2297 3768 rideatur,
2345 3703 2486 3770 quod
2531 3717 2592 3754 ea
2643 3701 2846 3754 factum
2903 3701 2970 3754 de
3009 3715 3172 3753 causa
3231 3710 3445 3768 putant,

155 3800 306 3863 quod
342 3813 412 3851 eo
453 3801 574 3867 ipso
609 3809 856 3869 tempore
886 3814 997 3868 quo
1028 3797 1397 3861 scribebatur,
1429 3793 1720 3863 Theophili
1772 3794 1952 3848 studio
1989 3810 2088 3862 pax
2129 3795 2265 3845 inita
2307 3791 2526 3842 tandem
2564 3791 2658 3843 sit.
2709 3790 2908 3845 Verum
2956 3805 3133 3857 neque
3171 3789 3445 3856 iiiiproba-

162 3887 274 3939 bile
305 3887 385 3938 sit
419 3888 657 3954 opinari,
694 3897 1002 3955 tctiipormn
1071 3886 1270 3954 injuria
1304 3894 1636 3951 postremam
1668 3884 1790 3949 ejus
1833 3895 2065 3952 partem,
2115 3895 2353 3948 eamque
2407 3879 2776 3946 percx‘gtiain,
2812 3877 3105 3932 excidisse.
3159 3874 3226 3930 Ut
3280 3886 3337 3927 ιιι
3385 3892 3443 3930 se

157 3991 247 4026 res
283 3975 522 4034 habe-az,
557 3984 703 4027 certe
739 3973 995 4026 Rufinum
1034 3977 1188 4024 latuit
1223 3973 1414 4025 istliwc
1441 3971 1810 4034 clticubratio,
1841 3974 1890 4022 in
1920 3985 2083 4038 quam
2112 3971 2350 4021 maxime
2381 3968 2588 4018 velitari
2625 3983 2732 4018 non
2758 3967 3058 4019 destitisset
3093 3967 3146 4018 iit
3212 3963 3442 4017 Iitiiccti-

155 4079 350 4116 rarum
389 4054 571 4114 libris.
607 4061 680 4114 Es
723 4062 809 4116 liis
845 4077 1043 4114 iiiiruin
1075 4070 1342 4127 quantum
1387 4060 1585 4112 eruditi
1643 4059 1741 4112 viri
1801 4058 2136 4110 dissentiunt
2178 4057 2230 4109 in
2265 4057 2595 4123 assignantla
2631 4054 2710 4106 illi
2776 4053 3035 4119 temporis
3065 4053 3267 4121 epochzi
3306 4069 3320 4104 :
3353 4053 3442 4120 qtii

154 4153 324 4207 titius
353 4164 508 4204 anno
538 4149 664 4214 393,
697 4151 790 4218 qui
834 4164 1012 4204 serius
1074 4148 1200 4211 406,
1230 4145 1477 4216 aﬂigunl,
1509 4146 1600 4200 alii
1636 4157 1795 4215 prout
1828 4146 2037 4199 libitum
2072 4142 2190 4206 fuit,
2221 4141 2560 4196 iiiteriiiediis
2596 4141 2777 4196 annis.
2811 4141 2920 4194 Nos
2965 4150 3023 4193 ut
3063 4157 3152 4194 ait.
3193 4139 3319 4199 399,
3363 4143 3444 4194 vcl

154 4240 262 4294 400
304 4239 730 4307 consignemus,
761 4237 979 4291 duobus
1010 4236 1162 4290 hisce
1188 4237 1528 4302 argumentis
1557 4234 1974 4303 pet-suadentur,
2007 4247 2128 4301 quia
2166 4232 2219 4285 in
2269 4235 2416 4285 notis
2448 4229 2863 4298 Clironologicis
2905 4229 3273 4296 Epistolarum
3331 4228 3444 4294 jain

153 4327 588 4396 proposuimus.
625 4324 866 4377 l‘riiiium
907 4333 1015 4384 est,
1082 4323 1226 4389 quod
1256 4321 1698 4377 Commentarios
1733 4323 1783 4376 in
1817 4322 2225 4382 Ecclesiastcm,
2263 4331 2316 4372 ct
2346 4318 2781 4387 explanationem
2815 4317 3069 4384 Epistolas
3097 4319 3161 4371 ad
3184 4318 3445 4385 Ephesios

159 4436 189 4468 ει
230 4433 294 4470 se
330 4424 465 4467 ante
495 4431 664 4466 annos
690 4413 864 4481 ferme
897 4412 1073 4464 decem
1107 4411 1493 4465 concinnatam
1547 4413 1742 4476 tradit;
1798 4426 1938 4476 quos
1996 4419 2054 4463 tit
2103 4413 2168 4463 de
2217 4406 2644 4463 Commentariis
2694 4416 2909 4458 tantum
2974 4409 3246 4466 dicamus,
3299 4408 3443 4458 circa

153 4519 371 4557 annum
407 4501 517 4555 390
550 4503 847 4555 adornasse
886 4501 1033 4552 idem
1071 4501 1189 4567 ipse
1219 4508 1452 4552 testatur
1480 4508 1592 4552 tum
1623 4500 1776 4560 alibi,
1810 4509 1920 4550 tum
1960 4501 2235 4567 praecipue
2272 4499 2322 4551 iii
2373 4495 2693 4550 coriiuideui
2747 4493 3069 4548 Prtefatione
3117 4495 3182 4546 ad
3217 4493 3442 4546 l’aiilzrin

153 4603 211 4645 et
243 4589 653 4653 Eustochium,
694 4588 808 4650 tibi,
844 4597 964 4654 post
1006 4592 1171 4654 ferme
1201 4587 1643 4655 quinquennium,
1677 4602 1740 4638 ex
1779 4603 1886 4653 quo
1924 4585 2095 4638 Roma
2127 4587 2418 4650 evasisset,
2457 4589 2601 4643 istud
2635 4606 2694 4643 se
2737 4585 2921 4654 operis
2955 4585 3292 4650 suscepisse,
3330 4585 3444 4647 pla-

159 4678 413 4733 nissime
439 4676 672 4731 iiidicat.
717 4676 810 4728 His
843 4690 1012 4744 porro
1048 4677 1094 4728 si
1131 4672 1304 4728 ferme
1335 4674 1522 4727 decem
1555 4671 1896 4741 adjunxeris,
1949 4687 2126 4725 anuus
2157 4673 2393 4726 eilicitur
2425 4675 2530 4729 599
2565 4684 2659 4727 aut
2690 4674 2816 4727 400.
2852 4672 3125 4733 Alterum,
3158 4687 3266 4738 quo
3300 4671 3438 4723 idem

157 4777 395 4832 tempus
423 4765 716 4832 colligitur,
749 4772 1134 4833 argumentum
1175 4762 1302 4814 inde
1333 4763 1587 4830 petimus,
1619 4763 1764 4830 quod
1822 4761 1924 4814 sub
1975 4759 2236 4827 Opusculi
2293 4763 2451 4812 finem
2507 4778 2564 4816 se
2611 4763 2745 4816 dicit
2807 4769 2929 4814 ante
2968 4775 3133 4810 annos
3191 4759 3442 4809 tredecim

156 4855 515 4906 Antiochiam
549 4852 944 4904 celeberrimam
980 4850 1160 4903 urbem
1193 4849 1511 4913 deseruisse,
1550 4858 1604 4902 ut
1638 4850 1687 4900 iii
1719 4850 1864 4917 agris
1889 4865 1953 4901 ac
1976 4849 2279 4910 solitudine,
2315 4849 2680 4903 adolescentia:
2721 4850 2916 4916 deﬂens
2963 4859 3202 4915 peccata,
3240 4845 3446 4900 Christi

158 4946 213 4994 in
249 4960 310 4996 se
340 4939 776 4994 misericordium
808 4938 1130 5007 deﬂecteret.
1169 4935 1483 4997 Enimvero,
1528 4951 1633 4988 non
1675 4937 1778 4990 nisi
1808 4936 1875 4989 ab
1904 4946 2100 4989 exacto
2129 4951 2275 4988 anno
2303 4937 2408 4991 586
2444 4937 2495 4989 lii
2524 4939 2781 4991 tri-decim
2816 4936 3097 5005 supputari
3129 4936 3238 4988 ullo
3278 4936 3442 4988 modo

159 5037 432 5097 possunt,
471 5025 742 5094 siquidem
785 5041 962 5094 usque
1008 5027 1073 5080 ad
1118 5024 1420 5094 superioris
1458 5024 1563 5078 585
1597 5024 1898 5091 Augustum
1925 5039 2165 5077 mensem
2200 5023 2386 5078 Roma:
2414 5041 2535 5078 eum
2569 5024 2890 5079 constitisse
2939 5031 3278 5092 compertum
3317 5035 3439 5087 est;

157 5134 270 5183 quo
305 5130 567 5184 tempore
597 5130 719 5169 cum
763 5113 815 5168 in
848 5115 1131 5169 Orientem
1159 5115 1564 5180 adiiavigassct,
1607 5112 1730 5166 aliis
1763 5112 1996 5164 subinde
2037 5112 2350 5176 regionibus
2390 5113 2711 5182 peragratis,
2753 5121 2867 5166 tuin
2919 5112 3138 5165 demum
3187 5112 3440 5166 substitit

161 5204 484 5258 Antiochiae
515 5219 530 5255 :
601 5217 766 5271 quam
803 5204 990 5256 urbem
1029 5200 1153 5255 ideo
1176 5215 1234 5254 se
1265 5201 1475 5255 indicat
1538 5199 1869 5258 deseruisse,
1931 5198 2076 5265 quod
2111 5199 2160 5249 iii
2197 5200 2317 5265 ejus
2348 5199 2615 5262 Ecclesia,
2643 5202 2706 5254 ad
2733 5216 2894 5269 quam
2930 5201 2996 5252 ob
3030 5199 3442 5254 ordinationem

162 5295 452 5358 pertinere
506 5292 804 5352 videretur,
845 5307 970 5344 cum
1024 5290 1310 5359 Splentlide
1353 5297 1542 5359 posset
1590 5303 1816 5341 munere
1865 5286 2156 5341 sacerdotii
2213 5286 2460 5356 defungi,
2508 5290 2697 5342 maluit
2757 5305 2916 5356 agros
2965 5305 3028 5343 ac
3083 5288 3438 5342 solitudinem

163 5392 458 5450 appetere,
493 5391 549 5432 ut
578 5381 965 5434 adolescentia:
998 5387 1224 5447 peccata
1260 5377 1581 5446 poenitentia
1612 5376 1836 5429 deleret.
1871 5375 2154 5428 Tredecim
2192 5391 2320 5441 ergo
2353 5379 2510 5430 anuis
2563 5377 2638 5429 illi
2689 5377 2794 5431 386
2824 5375 3217 5446 supcradlitis,
3247 5377 3432 5429 exori-

165 5482 259 5520 tur
321 5468 454 5530 399,
483 5477 581 5519 aut
610 5467 825 5520 initium
860 5466 987 5531 400,
1022 5465 1112 5519 cui
1165 5467 1337 5534 magis
1373 5465 1549 5533 placet
1595 5465 1739 5517 hunc
1788 5464 1986 5516 librum
2037 5465 2334 5527 ascribere,
2373 5476 2664 5534 antequam
2734 5466 2988 5522 Isidorus
3043 5466 3440 5520 Alexandrinus

170 5556 470 5624 presbyter
499 5570 526 5606 :i
558 5555 771 5624 synodo
798 5553 918 5622 ejus
949 5554 1080 5608 anni
1116 5567 1180 5608 ac
1206 5553 1308 5607 loci
1348 5567 1442 5621 per
1473 5553 1839 5621 Theophilum
1873 5553 2228 5607 damnaretur
2269 5553 2373 5622 (ι).

249 5737 332 5805 (ι)
383 5735 514 5788 Vide
554 5734 964 5787 adiiutatimieiu
1001 5741 1240 5786 nostrain
1273 5731 1324 5783 in
1348 5727 1560 5784 l’ratfat.
1588 5727 1867 5789 Chi-unici,
1904 5726 1992 5780 ubi
2037 5725 2101 5781 de
2135 5725 2423 5783 Vincentio
2458 5725 2511 5781 S.
2556 5725 2730 5781 Patris
2762 5730 2930 5782 nostii
2960 5727 3160 5782 comite
3197 5728 3434 5800 agimus.
