4202 6528
761 442 863 509 371

757 596 1495 627 Μ

1281 813 1411 929 Β.
1546 816 2282 933 EUSEBII

1926 452 1992 512 S.
2033 452 2346 515 EUSEBII
2385 456 2828 519 HlERONY-Ml

1520 599 2903 635 Μ

3916 454 4024 513 an

2899 607 4022 638 ι...ῌὲ

2899 627 3124 635 ——.—
3137 625 3743 636 ———_——-—_

2417 820 3488 936 ιιιι-ικοιπγωι

1828 1031 2404 1096 STRIDONENSIS
2435 1032 2935 1095 PRESBYTER]

1133 1245 1600 1404 CoNl‘RA
1747 1247 2289 1406 iMNNllM

2447 1245 3641 1404 HIEROSOLYMITANUM

1655 1544 1864 1655 AD
1942 1542 3078 1657 PAMMACHIUM

1958 1785 2316 1874 LIBER

2326 2006 2401 2018 -ο

2427 1765 2812 1873 UNDE.

819 2136 981 2209 507
1021 2136 1073 2192 Ι.
1097 2135 1462 2190 Periculosum
1495 2134 1560 2190 de
1594 2135 1819 2191 alterius
1856 2137 2035 2190 animo
2051 2135 2322 2207 judicare.
2350 2134 2402 2196 Α
2431 2151 2543 2191 rem
2581 2142 2780 2190 contra
2829 2135 2969 2192 alios
3012 2149 3119 2190 non
3166 2145 3461 2192 tenemus:
3497 2137 3626 2205 quin
3662 2137 3849 2205 potius
3884 2153 4021 2192 ora-

749 2263 816 2275 —
871 2229 928 2284 Si
978 2229 1130 2299 juxta
1186 2228 1412 2284 Paulum
1465 2231 1798 2296 apostolum,
1841 2229 1988 2296 quod
2050 2227 2321 2283 sentimus

746 2341 907 2382 orare
955 2340 1061 2380 non
1113 2339 1402 2395 possumus
1433 2321 1610 2392 (Rom.
1660 2337 1778 2386 vin,
1832 2321 1946 2390 26).
1983 2336 2047 2376 ac
2090 2323 2323 2391 propriae

751 2418 954 2471 mentis
1000 2414 1383 2484 cOgitationem
1434 2427 1616 2468 sermo
1651 2429 1760 2467 non
1801 2414 2040 2480 explicat
2070 2429 2086 2477 ;
2118 2418 2321 2482 quanto

748 2513 924 2581 magis
957 2510 1319 2580 periculosum
1351 2518 1436 2564 est
1465 2510 1533 2564 de
1571 2508 1800 2564 alterius
1837 2508 2023 2563 animo
2050 2508 2319 2578 judicare,

748 2613 802 2658 et
819 2604 1160 2674 singulorum
1183 2603 1449 2657 dictorum
1481 2611 1646 2671 atque
1671 2603 1963 2656 verborum
1997 2602 2323 2668 investigare

747 2708 911 2767 atque
943 2695 1188 2765 proferre
1224 2697 1491 2749 rationem
1513 2696 1540 2749 ἲ
1572 2694 1778 2749 Natura
1824 2695 2106 2750 hominum
2151 2711 2320 2764 prona

748 2789 912 2848 estad
949 2790 1319 2850 clementiam,
1357 2797 1410 2840 et
1439 2788 1488 2841 in
1514 2786 1692 2842 alieno
1718 2801 1942 2855 peccato
1966 2790 2049 2842 sui
2089 2791 2323 2858 quisque

746 2885 1061 2938 miseretur.
1096 2880 1153 2936 Si
1182 2897 1313 2949 ergo
1364 2896 1515 2934 reum
1569 2880 1622 2934 in
1660 2895 1918 2936 sermone
1963 2883 2324 2948 reprehende-

746 2976 848 3042 ris,
883 2975 1290 3045 simplicitatem
1323 2972 1542 3027 vocabit
1575 2989 1590 3040 ;
1654 2973 1701 3027 si
1734 2973 2088 3028 calliditatem
2131 2991 2325 3044 argue-

749 3069 846 3133 ris,
881 3067 1206 3136 imperitiam
1273 3066 1645 3132 conﬁtebitur,
1682 3075 1738 3119 ut
1776 3068 2141 3135 Suspicionem
2193 3068 2325 3123 vitet

749 3159 991 3214 malitia.
1021 3159 1200 3229 Atque
1218 3159 1292 3213 ita
1315 3161 1472 3213 lietut
1492 3172 1543 3212 tu
1569 3159 1659 3228 qui
1681 3160 1888 3228 arguis.
1924 3159 2320 3216 calumniator:

751 3255 843 3306 ille
872 3254 962 3321 qui
996 3252 1440 3320 reprehenditur,
1476 3267 1580 3303 non
1623 3252 1933 3315 haereticus,
1960 3253 2052 3306 sed
2083 3252 2324 3306 rusticus

746 3344 1046 3412 judit'etur.
1099 3341 1627 3404 Nosti,Pammachi
1680 3341 1793 3414 [ΑΙ.
1846 3341 2321 3414 Pammachium],

753 3436 891 3490 nosti
927 3451 1012 3488 me
1041 3435 1108 3490 ad
1146 3434 1246 3490 hoc
1278 3449 1416 3502 opus
1455 3450 1562 3488 non
1617 3434 1947 3501 inimicitiis,
1985 3451 2091 3489 non
2138 3436 2324 3505 gloriae.

752 3525 1046 3594 cupiditate
1109 3524 1488 3588 descendere;
1552 3523 1643 3577 sed
1713 3533 2068 3592 provocatum
2123 3525 2320 3581 litteris

753 3619 864 3672 tuis
893 3633 958 3672 ex
1005 3617 1202 3668 ardore
1234 3613 1354 3669 ﬁdei
1388 3630 1402 3680 ;
1451 3628 1514 3666 ac
1550 3614 1688 3667 velle
1725 3614 1769 3668 si
1818 3614 1932 3668 ﬁeri
1964 3627 2166 3684 posset,
2206 3633 2324 3672 om-

755 3727 850 3764 nes
889 3711 1122 3776 idipsum
1150 3721 1361 3774 sapere,
1394 3721 1490 3760 nec
1528 3705 1880 3774 impatientia
1937 3722 2000 3762 ac
2041 3711 2324 3763 temerita-

755 3815 825 3857 tts
851 3815 1015 3870 posse
1049 3796 1395 3866 reprehendi,
1436 3794 1481 3848 si
1531 3793 1644 3866 [ΑΙ.
1692 3793 1805 3867 qui]
1853 3804 1978 3864 post
2024 3796 2323 3850 ttienuium

756 3895 972 3962 loquor.
1009 3889 1252 3956 Denique
1288 3884 1392 3940 nisi
1426 3884 1492 3939 ad
1523 3885 1845 3955 Apologiam
1874 3888 1918 3950 ³,
1945 3886 2010 3940 de
2041 3901 2146 3953 qua
2180 3902 2327 3940 nunc

756 3985 1000 4040 scribere
1031 3978 1271 4042 institui,
1308 3977 1605 4031 multorum
1635 3978 1847 4032 animos
1871 3977 2084 4031 diceres
2111 3985 2322 4046 pertur-

757 4079 940 4140 batos,
992 4082 1047 4128 et
1103 4073 1154 4124 in
1194 4082 1483 4136 utramque
1534 4077 1743 4136 partem
1792 4069 2060 4122 ﬂuctuare
2111 4079 2330 4122 senten-

759 4169 912 4226 tiam,
955 4160 1307 4214 decreveram
1352 4153 1519 4224 ωε
1561 4153 1615 4206 ἱη
1675 4153 1894 4222 incepto
1941 4154 2162 4208 silentio
2210 4170 2330 4223 per-

763 4270 1005 4310 manere.

822 4346 882 4399 2.
927 4341 1164 4398 Novatus
1193 4352 1242 4397 et
1295 4343 1606 4397 Montanus.
1643 4340 1749 4408 Qui
1799 4355 1928 4408 pare
1967 4339 2154 4401 credit,
2205 4354 2333 4405 pure

764 4439 911 4503 loqui
941 4439 1108 4494 debet.
1142 4436 1205 4490 In
1231 4436 1522 4506 suspicione
1550 4437 1802 4488 hrereseos
1841 4447 1987 4484 nemo
2017 4432 2083 4484 sit
2106 4433 2328 4496 patiens.

764 4561 833 4572 —
867 4531 1123 4585 Facessat
1164 4531 1346 4597 itaque
1376 4527 1614 4581 Novatus
1654 4524 1967 4579 errantibus
2003 4539 2112 4576 non
2140 4539 2334 4577 manus

765 4623 1076 4692 porrigens,
1117 4620 1407 4674 Montanus
1435 4633 1556 4670 cum
1583 4617 1791 4670 insanis
1829 4615 2044 4669 feminis
2092 4628 2336 4685 proster-

765 4724 952 4780 natur,
979 4714 1224 4780 iacentes
1259 4711 1313 4764 in
1347 4711 1666 4764 barathrum
1727 4709 2096 4776 praecipitans,
2144 4724 2212 4762 ne
2257 4711 2336 4762 le-

2429 2247 2567 2294 mus,
2602 2231 2985 2294 obsecramus,
3017 2239 3078 2285 ut
3107 2240 3201 2285 aut
3233 2231 3559 2299 simpliciter
3599 2241 3790 2287 nostra
3847 2233 4021 2287 fatea-

2427 2335 2538 2388 tur,
2589 2335 2682 2379 aut
2725 2333 2915 2394 aperte
2963 2324 3226 2379 defendat
3275 2326 3471 2379 aliena.
3523 2324 3661 2378 Nolo
3711 2326 4016 2380 verborum

2426 2417 2807 2486 ambiguitates
2861 2435 2874 2472 :
2936 2416 3063 2470 nolo
3126 2415 3258 2469 tnihi
3317 2415 3452 2482 diei,
3511 2416 3661 2486 quod
3727 2427 3781 2470 et
3851 2417 4017 2470 aliter

2427 2512 2598 2580 possit
2647 2508 2897 2576 intelligi.
2976 2509 3230 2562 Revelata
3293 2509 3431 2562 facie
3496 2508 3720 2578 gloriam
3792 2507 4016 2560 Domini

2426 2603 2857 2671 contemplemur
2889 2600 2970 2668 (II
3010 2599 3138 2655 Cor.
3175 2617 3263 2664 Ill,
3305 2600 3416 2669 t8).
3453 2600 3812 2654 (Ziandicahat
3841 2615 4024 2666 quon-

2425 2693 2549 2746 dam
2607 2702 2661 2745 et
2718 2691 3056 2746 lsraeliticus
3095 2692 3332 2760 populus
3365 2692 3416 2745 in
3451 2700 3681 2759 utroque
3711 2690 3872 2757 pede.
3907 2690 4019 2744 Sed

2428 2784 2602 2850 Elias,
2638 2786 2733 2855 qui
2760 2787 3177 2854 interpretatur,
3213 2786 3368 2854 [ortis
3401 2785 3614 2839 Domini
3645 2785 3664 2816 ³
3699 2801 3718 2838 :
3768 2803 3788 2835 r
3825 2785 4020 2853 Usque

2424 2897 2533 2949 quo
2557 2880 2654 2946 ait,
2687 2880 3012 2935 claudicatis
3034 2880 3088 2933 in
3117 2891 3352 2948 utroque
3373 2880 3600 2947 vestigio
3621 2877 3718 2933 ?Si
3745 2877 4022 2933 Dominus

2425 2983 2508 3026 est
2531 2971 2697 3035 Deus,
2727 2973 3003 3026 ambulate
3031 2983 3151 3040 post
3172 2988 3299 3027 eum
3327 2990 3339 3025 :
3367 2974 3410 3026 si
3445 2983 3625 3026 autem
3654 2971 3806 3033 Baal,
3827 2972 4022 3038 sequi-

2426 3064 2557 3118 mini
2579 3080 2701 3118 eum
2733 3062 2849 3130 (111
2874 3062 3002 3134 Reg.
3031 3080 3159 3118 xvm
3179 3105 3193 3129 ,
3221 3063 3371 3134 ευ.»
3412 3063 3474 3116 Et
3502 3063 3617 3133 ipse
3655 3063 3925 3116 Dominus
3952 3061 4023 3115 de

2425 3157 2629 3212 Judaeis
2664 3173 2679 3213 :
2711 3176 2727 3208 ι
2752 3156 2876 3211 Filii
2910 3157 3072 3212 alieni
3101 3157 3311 3210 mentiti
3344 3164 3473 3210 sunt
3500 3155 3634 3208 mihi
3666 3171 3680 3208 :
3716 3154 3812 3208 ﬁlii
3847 3154 4018 3207 alieni

2430 3251 2974 3308 inveteraverunt,et
3024 3249 3477 3304 elaudicaverunt
3532 3261 3560 3299 a
3631 3245 3850 3300 semitis
3897 3247 4021 3299 suis

2429 3341 2599 3405 (Psal.
2638 3356 2768 3402 xvu,
2802 3342 2950 3411 46).»
2995 3340 3156 3395 Certe
3199 3342 3244 3396 si
3292 3343 3568 3396 hereseos
3592 3340 3738 3394 nnlla
3763 3342 4019 3412 suspicio

2427 3447 2507 3488 est
2548 3437 2628 3502 (ut
2659 3434 2822 3504 cupio
2850 3447 2904 3488 et
2939 3435 3126 3505 credo)
3157 3452 3254 3490 cur
3279 3451 3387 3489 non
3429 3437 3611 3490 verbis
3644 3437 3783 3490 meis
3818 3453 4011 3491 meum

2429 3543 2651 3582 sensum
2700 3528 2983 3598 loquitur?
3017 3527 3190 3592 Quam
3239 3527 3329 3581 ille
3374 3528 3784 3595 simplicitatem
3823 3540 4018 3593 vocat,

2425 3635 2524 3691 ego
2571 3620 2832 3674 malitiam
2881 3621 3048 3692 ωε
3102 3622 3460 3689 interpretor.
3503 3619 3846 3672 Persuadere
3878 3621 4019 3674 mihi

2425 3711 2562 3772 vult,
2599 3710 2742 3780 quod
2781 3727 2920 3780 pure
2987 3711 3216 3777 credat;
3271 3725 3409 3778 pure
3465 3724 3595 3779 ergo
3643 3720 3699 3764 et
3729 3710 4017 3779 loquatur.

2429 3801 2494 3855 Et
2523 3804 2568 3855 si
2600 3803 2820 3870 quidem
2851 3820 3020 3858 unum
3054 3806 3311 3866 verbum,
3349 3805 3432 3857 vel
3469 3818 3611 3857 unus
3639 3819 3844 3859 sensus
3871 3814 4023 3858 esset

2431 3898 2742 3966 ambiguus,
2802 3898 2847 3951 si
2897 3897 3028 3962 duo,
3088 3897 3134 3950 si
3197 3906 3352 3960 tres,
3409 3899 3740 3969 ignorantia:
3795 3901 4023 3951 veniam

2433 3990 2726 4044 tribuerem
2779 4005 2792 4042 :
2855 4004 2958 4042 nec
3011 4003 3073 4041 ea
3125 4002 3246 4055 qua:
3299 3997 3394 4042 aut
3439 3991 3670 4043 obscura
3709 3989 3793 4044 vel
3851 3992 4024 4044 dubia

2431 4091 2582 4146 sum,
2607 4081 2673 4133 de
2692 4078 2856 4134 Certis
2883 4087 2935 4131 et
2963 4078 3270 4145 perspicuis
3300 4077 3654 4131 :rstimarem.
3685 4076 3843 4132 Nnnc
3891 4095 4026 4133 vero

2432 4187 2553 4238 quae
2586 4170 2684 4223 ista
2713 4167 3038 4234 simplicitas
3067 4176 3179 4231 est,
3214 4168 3374 4236 quasi
3408 4183 3571 4237 super
3597 4183 3700 4221 uva
3731 4177 3786 4222 et
3816 4169 4027 4224 aristas

2436 4261 2575 4313 inter
2597 4258 2894 4313 theatrales
2923 4257 3504 4326 prmstigiaspendenti
3535 4260 3707 4327 gradu
3734 4259 4026 4313 incedere:

2438 4351 2636 4419 ubique
2685 4349 2930 4414 dubium,
2992 4348 3193 4416 ubique
3257 4354 3618 4416 suspectum?
3673 4350 3842 4404 Putes
3896 4366 4028 4404 eum

2439 4460 2546 4498 non
2586 4441 2984 4511 expositionem
3015 4440 3138 4494 ﬁdei
3171 4483 3187 4507 ,
3226 4441 3324 4495 sed
3375 4439 3657 4510 ﬁguratam
3701 4451 4031 4496 controver-

2437 4536 2572 4589 siam
2605 4535 2866 4588 scribere.
2921 4531 3078 4597 Quod
3143 4533 3248 4587 iste
3311 4547 3458 4587 nunc
3496 4533 3723 4602 appetit.
3777 4534 3916 4586 olim
3977 4534 4030 4586 in

2439 4625 2641 4677 ssholis
2690 4623 3006 4676 didicimus.
3044 4621 3250 4675 Nostra
3303 4621 3595 4677 adversum
3648 4638 3752 4678 nos
3797 4624 4034 4677 dimicat

2440 4724 2737 4768 armatura.
2774 4713 2944 4766 Etiam
2982 4713 3024 4765 si
3079 4713 3217 4766 bene
3259 4713 3456 4776 credit,
3486 4725 3544 4767 et
3593 4714 4016 4778 circumspecte

767 4814 981 4860 ventur.
1035 4803 1290 4869 Quotidie
1339 4815 1628 4871 peccamus
1676 4813 1868 4855 omnes
1924 4816 1977 4854 et
2042 4800 2098 4853 in
2153 4801 2336 4870 aliquo
2366 4815 2406 4869 η
2443 4819 2495 4858 et
2551 4806 2735 4859 timile
2798 4806 3063 4873 loquitur,
3103 4807 3474 4870 suspicionem
3504 4806 3636 4858 mihi
3674 4805 3811 4859 facit
3856 4810 4035 4862 nimia

767 4897 1023 4952 labimur.
1059 4897 1161 4963 Qui
1202 4910 1331 4966 ergo
1363 4894 1421 4948 in
1455 4907 1554 4948 nos
1582 4893 1881 4948 clementes
1932 4909 2145 4955 sumus,
2191 4895 2333 4965 rigo-

847 5080 862 5108 ¹
909 5077 1007 5130 Ed.
1053 5075 1292 5132 Vallars.
1332 5075 1409 5128 sic.
1458 5073 1626 5127 edidit
1665 5073 1877 5124 titulum
1913 5089 1926 5123 :
1975 5071 2168 5138 Incipit
2206 5073 2338 5127 liber

771 5150 828 5202 S.
890 5147 1194 5215 Hieronymi
1248 5146 1532 5214 presbyteri
1585 5142 1654 5195 ad
1704 5142 2338 5215 Pumntacltiumcontra

769 5221 934 5271 Joan.
977 5213 1264 5280 Hierosol;
1310 5213 1562 5269 Martian.
1610 5227 1758 5277 vero,
1813 5213 2074 5264 Adversus
2119 5214 2338 5268 hwreses

769 5287 1022 5346 Joannis,
1069 5296 1173 5339 etc.
1228 5288 1389 5340 Eot'r.
1422 5286 1776 5337 —Adversus
1834 5288 2054 5334 haereses
2111 5282 2339 5337 Joannis

779 5356 1138 5426 Ilierosolym.
1191 5356 1250 5409 In
1305 5355 1753 5426 recentioriﬂms.
1794 5351 1993 5426 codice
2041 5349 2341 5426 Sorhonir-o

775 5431 847 5479 ita
908 5420 1230 5479 inscribitur
1285 5443 1299 5478 :
1360 5423 1552 5491 Incipit
1601 5424 1732 5476 liber
1784 5421 1842 5476 S.
1912 5420 2225 5489 Hieronymi
2273 5425 2343 5475 ad

778 5496 1184 5550 Pammachium
1210 5504 1395 5547 contra
1423 5492 1685 5546 Joannem
1726 5491 2204 5560 Hierosolymitan.
2237 5495 2345 5558 epi-

775 5583 1009 5634 scopum,
1034 5574 1082 5618 et
1101 5564 1345 5633 Ruﬁnum
1367 5564 1730 5634 presbyterum
1757 5563 1993 5634 Origenis
2008 5571 2338 5634 assertorem.

781 5637 836 5687 In
864 5628 1051 5688 codice
1083 5628 1210 5687 vero
1236 5628 1575 5686 Cluniacensi
1615 5647 1628 5685 :
1664 5628 1863 5696 Incipit
1892 5631 2022 5681 liber
2053 5630 2111 5683 S.
2150 5628 2335 5683 Ilieroo

781 5706 928 5773 nymi
964 5705 1243 5772 presbyteri
1267 5704 1330 5754 de
1352 5703 1615 5754 creatione
1642 5703 1868 5773 animae,
1896 5698 1982 5773 rel
2007 5700 2068 5773 de
2101 5716 2335 5773 resurre-

780 5769 969 5826 ct'ione'
1007 5769 1176 5825 carnis
1228 5785 1414 5826 contra
1464 5771 1738 5835 epistolam
1792 5769 1975 5834 Ruﬁni
2028 5772 2122 5822 hoc
2179 5772 2333 5824 modo

780 5843 1080 5897 scribentis.
1128 5845 1324 5895 Sermo
1370 5842 1527 5894 nobis
1574 5851 1658 5893 est
1713 5841 1956 5891 Olltltltlm
2016 5840 2329 5901 visibilium,

787 5927 923 5981 μα,
969 5920 1023 5968 ut
1051 5914 1302 5982 leguntur
1339 5915 1390 5966 in
1436 5911 1616 5966 medio
1679 5910 1902 5980 hujusce
1951 5907 2224 5976 Epistulae.
2273 5911 2330 5964 lu

2442 4900 2746 4969 diligentia.
2778 4897 2883 4963 Qui
2915 4896 3159 4950 ambulat
3198 4896 3534 4965 simpliciter.
3565 4898 3810 4952 ambulat
3863 4900 4039 4970 conﬁ~

2446 5083 2549 5134 line
2581 5094 2798 5148 quoque
2843 5078 3010 5131 multa
3053 5079 3250 5132 desunt
3289 5081 3344 5132 in
3399 5079 3589 5133 eodem
3645 5095 3752 5134 ms.
3798 5084 4037 5148 codice;

2448 5167 2570 5202 nam
2627 5162 2755 5201 aute
2814 5150 3003 5211 verba,
3071 5159 3394 5216 pra'postero
3433 5151 3638 5209 ordine,
3676 5159 3815 5212 etc.,
3868 5153 4039 5206 habet

2447 5219 2789 5275 EXPLICIT.
2859 5217 3042 5271 Codex
3087 5220 3559 5288 San.-Cygiranus
3620 5227 3817 5273 eadem
3868 5224 4040 5277 modo

2458 5291 2650 5360 incipit
2677 5299 2730 5342 et
2755 5288 3217 5360 absolviturised
3253 5289 3393 5342 hanc
3415 5290 3608 5342 retinet
3640 5288 3995 5360 epigraphen
4027 5317 4038 5348 :

2451 5358 2641 5426 Incipit
2698 5360 2829 5412 liber
2857 5359 3027 5410 sancti
3061 5358 3370 5427 Hieronymi
3397 5361 3461 5411 de
3493 5358 3887 5415 resurrectione
3913 5380 4040 5415 car-

2447 5429 2550 5482 nis.
2586 5430 2858 5482 MARTIAN.

2519 5501 2538 5530 ³
2580 5501 2750 5564 Quam
2811 5515 2909 5563 pro
2954 5515 3050 5554 sua
3111 5513 3286 5552 causa
3339 5499 3406 5551 ad
3472 5497 3720 5566 Theoph.
3786 5502 4045 5557 Joannes

2445 5571 2663 5638 scripsit
2719 5569 2908 5642 lsyidori
2958 5585 3144 5639 opera,
3200 5579 3257 5622 et
3307 5585 3471 5638 quam
3539 5569 3872 5642 llicronym.
3938 5575 4045 5628 hoc

2446 5642 2582 5694 libro
2621 5641 2877 5694 exagitat.

2515 5665 2517 5685 l
2621 5658 2716 5688 PX"
2763 5658 2771 5687 1
2804 5658 2828 5688 τὶ
2865 5677 2877 5688 ο

2515 5658 2657 5760 ῙθΑι)
2682 5658 2957 5775 5:,lfdrtis
3001 5717 3054 5761 et
3091 5717 3148 5766 .‘tl
3181 5708 3263 5762 vel
3305 5717 3426 5764 m'u
3474 5709 3613 5762 Deus
3640 5753 3654 5773 ,
3703 5711 3812 5775 vel,
3855 5713 4047 5766 Domi-

2443 5797 2562 5831 nus.
2607 5778 2621 5829 I
2662 5779 2792 5840 Rea.
2825 5794 2934 5830 svn
2968 5789 3014 5830 et
3057 5794 3211 5829 xvttt.
3257 5778 3316 5831 In
3352 5780 3493 5834 libro
3521 5779 3825 5836 Hominum
3866 5785 4045 5838 inter-

2441 5857 2688 5916 pretatur
2723 5847 2856 5900 Deus
2897 5847 3173 5900 Dominus.
