4202 6464
175 401 277 474 373

168 619 470 676 sustinere.
530 621 812 693 Objicitur
850 627 900 681 ei
953 629 1184 696 crimen,
1227 633 1386 702 cujus
1437 651 1541 687 non
1599 635 1759 691 habet

169 713 601 769 conscientiam.
642 719 783 788 Ergo
813 721 1020 775 crimen
1069 732 1214 790 quod
1253 735 1423 779 totum
1462 727 1660 794 pendet
1704 728 1757 782 in

168 805 360 872 verbo,
392 821 560 869 neget
599 812 960 876 coolidenter,
1008 831 1071 869 ac
1095 817 1263 871 libere
1314 818 1756 874 faciatiuvidiam

170 896 494 952 adversario
522 915 628 954 suo
653 901 738 971 (S.
775 900 1127 974 Epiphanio).
1165 907 1365 961 Eadem
1395 910 1622 963 audacia
1651 927 1756 979 qua

169 989 255 1044 ille
289 992 614 1056 insimulat,
648 997 739 1051 hic
760 997 1043 1054 defendat.
1069 1002 1318 1072 Cumque
1348 1003 1532 1058 omnia
1562 1006 1762 1060 dixerit

168 1098 289 1149 (tua
323 1087 597 1152 voluerit,
656 1106 778 1157 quae
807 1095 1180 1162 proposuerit,
1247 1112 1368 1164 qua:
1421 1098 1762 1167 suspicioni-

169 1179 272 1232 bus
289 1190 527 1248 carent;
553 1185 598 1238 si
622 1197 948 1251 perseverat
989 1190 1295 1252 calumnia,
1317 1203 1574 1248 conserta
1598 1207 1760 1247 manu

167 1271 219 1324 in
250 1273 347 1339 jus
385 1277 594 1331 trahat.
633 1278 768 1333 Nolo
799 1280 851 1334 in
890 1285 1209 1353 suspicione
1255 1288 1530 1342 haereseos
1574 1301 1764 1354 quem-

167 1379 330 1433 (11³⁵³111
361 1386 490 1428 esse
539 1374 858 1444 patientem;
917 1394 984 1433 ne
1037 1381 1182 1449 apud
1229 1397 1324 1435 eos
1358 1381 1450 1450 qui
1507 1381 1762 1451 ignorant

167 1459 549 1521 innocentiam
582 1471 728 1539 ejus.
755 1474 1125 1529 dissimulatio
1163 1475 1506 1529 conscientia
1547 1474 1761 1543 judice-

168 1562 277 1618 tur,
315 1559 366 1613 si
394 1567 580 1616 taceat
616 1580 631 1630 ;
675 1567 804 1620 licet
839 1567 1172 1636 superﬂuum
1226 1568 1297 1623 sit
1345 1569 1468 1637 ejus
1520 1583 1763 1636 prznseu-

167 1649 299 1704 tiam
330 1667 607 1721 querere,
637 1669 691 1714 et
725 1669 1055 1731 extorquere
1081 1662 1393 1725 silentium,
1424 1662 1586 1729 cujus
1616 1663 1760 1733 apud

166 1753 217 1798 te
241 1744 466 1802 litteras
501 1758 711 1805 teneas.

221 1837 279 1889 5.
309 1835 587 1894 Joannem
631 1843 805 1909 ipsum
835 1843 1146 1913 alloquitur.
1172 1874 1245 1884 —
1281 1845 1502 1901 Scimus
1531 1862 1722 1902 omnes
1743 1885 1758 1910 .

1255 423 1556 485 CONTRA
1632 428 1931 487 JOANNP
1949 430 1994 488 Μ
2041 431 2454 494 lllEllOSOL.

166 523 351 578 denter
375 524 570 597 (Prov.
601 543 658 593 ι.
689 529 810 600 9’).’
849 531 1086 588 Stultum
1121 546 1202 591 est
1237 537 1440 594 frustra
1487 542 1764 598 infamiam
1795 553 1841 610 Α

3347 432 3451 495 3η

1944 547 1996 599 4.
2029 546 2230 600 Joanni
2257 552 2503 619 episcopo
2533 553 2586 604 in
2629 550 2921 605 Palaestina
2954 569 3057 605 non
3095 552 3451 604 communica-

1865 641 1988 691 lmnt
2028 640 2230 707 plures.
2264 639 2528 696 Joannem
2558 645 2863 697 lucreticum
2895 645 3108 698 vocabat
3136 643 3192 699 S.
3223 641 3446 712 Ep’plw.

1864 735 2003 788 nius.
2034 735 2360 789 Athanasius
2384 748 2431 790 et
2457 738 2715 792 Paulinus
2738 740 2840 792 soli
2857 740 2906 791 in
2939 739 3149 793 Oriente
3180 740 3444 792 catholici.

1865 855 1932 866 ——-
1964 828 2038 878 Ac
2097 818 2332 896 primum
2400 840 2692 899 antequam
2748 831 3039 900 epistolam
3079 840 3251 892 tuam,
3280 845 3442 899 quam

1863 923 2133 989 scripsisti
2160 925 2224 977 ad
2268 925 2593 994 episcopum
2619 927 3004 995 'l‘heophilum,
3035 925 3445 995 interpretatum

1868 1013 1996 1067 huic
2031 1014 2296 1069 volumini
2332 1017 2592 1079 inseram,
2619 1026 2672 1070 ct
2708 1019 2993 1071 ostendam
3037 1016 3157 1078 tibi,
3186 1016 3448 1069 meintel-

1866 1105 2036 1171 ligere
2089 1106 2254 1161 nimis
2317 1118 2535 1162 cautam
2597 1107 2718 1180 [ΔΙ.
2787 1108 3037 1182 tantam]
3098 1109 3443 1180 prudentiam

1865 1206 2037 1263 tuam,
2073 1200 2416 1267 expostulare
2452 1210 2630 1255 tecum
2674 1199 2823 1255 libet.
2864 1201 2993 1267 Quae
3032 1203 3144 1257 huic
3183 1210 3267 1254 est
3297 1208 3442 1254 tanta

1866 1291 2207 1360 arrogantia,
2249 1306 2357 1344 non
2413 1294 2749 1361 respondere
2799 1293 2866 1348 de
2913 1294 3016 1349 tide
3058 1296 3444 1364 interroganti-

1864 1380 2008 1434 bus?
2035 1381 2264 1434 Tantam
2291 1379 2518 1435 fratrum
2575 1384 2980 1438 multitudinem
3001 1427 3014 1449 ,
3064 1395 3117 1439 ct
3147 1388 3448 1439 monacho-

1865 1488 1986 1526 rum
2021 1474 2264 1538 choros‘,
2302 1477 2397 1545 qui
2443 1475 2539 1530 tibi
2594 1477 2646 1530 in
2683 1477 2968 1532 Palestina
3003 1493 3108 1532 non
3142 1481 3446 1532 communi-

1863 1573 2018 1629 cant,
2057 1568 2211 1636 quasi
2258 1568 2451 1625 hostes
2496 1570 2744 1639 publicos
2793 1573 3119 1627 aestimare?
3149 1573 3240 1627 Dei
3274 1571 3445 1628 Filius

1865 1664 2085 1726 propter
2121 1674 2280 1712 unam
2315 1661 2622 1715 morbidam
2659 1676 2814 1715 ovem
2837 1702 2851 1726 ,
2893 1665 3187 1732 nenaginta
3242 1679 3440 1718 novem

1867 1749 1920 1802 in
1952 1751 2254 1804 montibus
2284 1751 2577 1808 derelictas
2602 1792 2618 1815 .
2673 1756 2883 1824 alapas,
2925 1770 3179 1818 crucem.
3232 1757 3441 1826 ﬂagella

1865 1841 2169 1907 sustinuit,
2211 1851 2264 1897 et
2303 1845 2421 1899 suis
2451 1845 2693 1901 humeris
2723 1848 2961 1918 portavit
2989 1849 3058 1902 ad
3084 1852 3252 1905 cmlos
3292 1852 3446 1916 baju-

167 1930 300 1993 quid
333 1932 435 1985 tibi
485 1935 794 2002 scripserit,
834 1912 964 2004 quid
993 1937 1043 1988 in
1079 1947 1129 1990 te
1159 1939 1422 2007 arguerit,
1455 1939 1508 1989 in
1545 1953 1653 2006 quo
1681 1940 1762 2008 (ut
1794 1912 1832 1966 Β
1865 1934 1984 1986 lans
2034 1944 2090 1990 et
2122 1937 2340 2004 patiens
2394 1937 2679 1992 delicatam
2716 1912 3100 2009 peccatricem.
3132 1941 3212 1997 Tu
3243 1912 3443 1997 beat-is-

167 2030 221 2072 tu
260 2023 373 2088 vis)
408 2027 789 2083 calumniatus
819 2029 913 2083 sit.
955 2028 1241 2098 Responde
1287 2029 1353 2084 ad
1391 2030 1628 2100 singula,
1672 2045 1765 2100 per

166 2113 433 2183 Epistolas:
492 2120 657 2190 hujus
709 2123 942 2192 gradere
971 2124 1222 2192 vestigia,
1258 2139 1322 2178 ne
1354 2133 1612 2192 punctum
1645 2124 1767 2194 qui-

165 2212 291 2263 dem
325 2222 385 2264 et
420 2215 640 2281 apicem
675 2217 967 2271 calumniae
1012 2227 1283 2277 transeas.
1323 2216 1382 2271 Si
1411 2217 1551 2271 euitn
1587 2216 1764 2285 egeris

167 2304 543 2373 negligenter,
571 2317 629 2363 et
651 2311 857 2379 (utego
890 2311 984 2364 tibi
1022 2311 1188 2365 credo
1214 2309 1445 2379 jurauti)
1496 2324 1628 2364 casu
1662 2309 1764 2363 ali-

165 2409 268 2458 qua
304 2399 624 2454 transieris.
660 2401 846 2454 statim
892 2403 981 2455 ille
1013 2402 1272 2456 clamabit
1303 2409 1357 2456 ct
1388 2401 1572 2454 dicet:
1619 2399 1739 2465 llic,

167 2489 253 2542 hic
288 2501 342 2545 te
393 2492 607 2545 victum
656 2492 843 2565 [Fam
905 2494 1172 2564 vinctum]
1211 2505 1410 2562 teneo;
1466 2494 1555 2548 hic
1595 2495 1762 2548 totius

170 2585 380 2650 negotii
418 2585 594 2638 cardo
627 2597 897 2641 versatur.
941 2587 1058 2640 Non
1090 2603 1243 2656 reque
1276 2586 1483 2640 inimici
1508 2584 1758 2648 audiunt,

166 2693 218 2733 et
248 2682 445 2735 amici.
481 2679 588 2746 Qui
627 2681 886 2734 inimicus
920 2691 1028 2746 cst,
1061 2682 1225 2735 etiam
1269 2681 1322 2734 in
1353 2681 1532 2747 scirpo
1564 2679 1759 2733 nodum

165 2775 365 2839 quarrit
396 2792 414 2828 ι
458 2775 679 2828 aruit-us
714 2788 879 2842 prava
913 2788 1130 2842 qu0que
1165 2782 1312 2826 recta
1347 2771 1576 2838 iudicat.
1613 2769 1762 2823 Scri-

166 2869 302 2922 bunt
336 2867 531 2922 seculi
589 2868 806 2931 litterae,
858 2866 1160 2920 amantium
1192 2880 1334 2919 caeca
1370 2879 1492 2918 esse
1516 2863 1757 2932 judicia;

163 2979 302 3029 quas
335 2973 398 3017 tu
430 2961 667 3016 forsitan
703 2961 877 3014 sacris
911 2959 1281 3013 voluminibus
1307 2966 1608 3024 occupatus
1642 2973 1760 3008 om-

167 3058 301 3110 nino
355 3056 691 3125 neglexeris.
744 3051 1033 3118 Nunquam
1083 3053 1147 3105 de
1194 3051 1498 3104 amicorum
1549 3048 1758 3117 judicio

164 3150 446 3220 glorieris.
475 3148 610 3201 Illud
641 3161 828 3200 verum
865 3145 1032 3216 510
1062 3153 1149 3197 est
1180 3144 1576 3205 testimonium,
1611 3142 1754 3210 quod

164 3244 234 3296 ab
267 3241 502 3294 inimica
538 3255 672 3293 voce
707 3239 986 3307 profertur
1015 3239 1058 3292 '.
1088 3237 1302 3304 Alioqui
1345 3236 1389 3288 si
1422 3236 1630 3288 amicus
1659 3249 1754 3302 pro
1783 3278 1830 3337 ε

165 3344 222 3387 te
253 3334 488 3396 dixerit,
527 3347 635 3384 nou
674 3331 857 3394 testis,
905 3337 999 3382 aut
1035 3329 1223 3399 judex,
1255 3327 1348 3382 sed
1382 3327 1565 3379 fautor
1599 3335 1758 3394 puta-

166 3428 337 3482 bitur.
399 3424 530 3480 "ac
559 3433 619 3478 ct
641 3422 958 3492 hujusmodi
987 3422 1273 3488 loquentur
1299 3417 1499 3472 inimici
1535 3417 1630 3480 tui,
1668 3417 1757 3485 qui

165 3523 264 3574 tibi
298 3520 447 3574 forte
493 3533 601 3571 non
639 3516 888 3579 credant,
916 3524 973 3569 et
1023 3528 1245 3567 movere
1280 3511 1501 3580 cupiant
1555 3517 1760 3561 stoma-

165 3615 362 3666 chum.
390 3611 666 3665 Caeterum
700 3623 802 3677 ego
833 3621 995 3676 quem
1029 3619 1307 3672 nunquam
1331 3602 1518 3656 volens
1547 3597 1756 3660 laesisti,

165 3707 331 3774 cuius
365 3717 593 3771 semper
633 3702 686 3754 in
725 3699 992 3769 Epistolis
1027 3698 1136 3749 tuis
1170 3709 1365 3748 nomen
1392 3693 1606 3760 cogeris
1628 3705 1760 3743 ven-

167 3802 352 3868 tilare,
387 3801 459 3853 do
511 3796 804 3852 consilium
838 3803 897 3848 ut
944 3803 1134 3862 aperte
1175 3800 1271 3845 aut
1304 3789 1464 3843 ﬁdem
1501 3788 1758 3842 Ecclesia:

165 3895 462 3962 praedices.
497 3899 593 3943 aut
623 3888 890 3957 loquaris,
934 3896 991 3940 ut
1023 3886 1224 3939 credis.
1262 3882 1611 3947 Dispensatio
1647 3889 1760 3933 ete.

166 3988 281 4038 nim
325 4000 392 4037 ac
420 3981 647 4037 libratio
699 3981 802 4034 ista
854 3979 1094 4047 prudens
1128 3979 1444 4034 verborum,
1505 3972 1757 4024 indoctos

168 4080 431 4146 decipere
464 4082 667 4143 potest.
713 4071 922 4125 Cautus
976 4069 1195 4122 auditor
1221 4077 1276 4121 et
1304 4066 1474 4120 lector
1515 4063 1626 4116 cito
1665 4070 1758 4113 de-

165 4170 484 4238 prehendet
533 4164 768 4219 insidias
809 4181 823 4216 :
870 4170 921 4215 ct
971 4159 1257 4216 cuniculos
1303 4157 1504 4227 quibus
1558 4155 1758 4208 veritas

165 4259 548 4322 subvertitur,
569 4267 756 4325 aperte
781 4255 832 4307 in
852 4255 972 4307 lucc
988 4250 1410 4307 demonstrabit.
1435 4248 1498 4303 Et
1519 4247 1755 4312 Ariani',

166 4364 313 4417 quos
345 4348 558 4414 optime
585 4346 752 4407 nosti,
787 4346 959 4396 multo
999 4350 1245 4410 tempore
1281 4348 1498 4409 propter
1531 4337 1756 4393 scanda-

167 4443 282 4494 lum
317 4439 569 4493 nominis
597 4436 885 4503 ὀμοοὺσιον
926 4430 1481 4503 (consubstantialem)
1514 4445 1572 4483 se
1605 4433 1756 4481 dam-

171 4548 309 4587 nare
338 4530 705 4594 simulabant,
730 4541 1046 4595 venenoque
1066 4527 1272 4580 erroris
1299 4521 1755 4578 circumlinebaut

166 4626 332 4680 melle
367 4624 686 4678 verborum.
725 4621 829 4676 Sed
855 4621 1071 4675 tandem
1103 4618 1329 4673 coluber
1363 4632 1422 4672 se
1472 4624 1756 4669 tortuosos
1786 4635 1832 4690 η

167 4718 418 4786 aperuit,
449 4725 505 4768 et
534 4715 754 4768 noxium
782 4725 963 4782 caput,
999 4711 1148 4780 quod
1180 4708 1344 4779 spiris
1372 4708 1541 4761 totius
1564 4720 1755 4773 corpo-

167 4814 246 4865 ris
299 4811 618 4876 tegebatur,
660 4807 892 4876 spiritali
933 4820 1196 4858 mucrone
1247 4799 1562 4856 confossum
1603 4808 1686 4852 est
1713 4799 1752 4852 ³.

167 4904 416 4968 Recipit,
469 4909 528 4952 ut
559 4902 690 4958 scis.
746 4897 986 4952 Ecclesia
1029 4895 1397 4965 ptnnitentes;
1445 4903 1497 4945 ct
1525 4903 1756 4944 numero

167 5001 448 5059 superata
477 4989 822 5057 pereuntium
845 4988 971 5042 dum
995 4985 1242 5053 deceptis
1267 4982 1525 5053 gregibus
1553 4996 1757 5035 consu-

168 5085 257 5144 lit,
294 5092 586 5152 [vadorum
623 5081 936 5134 vulneribus
971 5077 1228 5145 ignoscit.
1276 5074 1475 5129 Eadem
1509 5087 1655 5127 nunc
1703 5069 1755 5124 in

171 5179 349 5232 veteri
389 5182 449 5229 et
469 5191 607 5228 nova
629 5174 822 5228 πίει·εεί
842 5171 1185 5227 consuetudo
1216 5178 1487 5230 servatur,
1527 5177 1586 5220 ut
1609 5164 1756 5219 aliud

171 5270 365 5341 populi
408 5269 660 5333 audiant,
697 5267 843 5322 aliud
873 5266 1177 5336 praedicent
1205 5261 1539 5320 sacerdotes.

247 5427 264 5457 ‘
303 5426 507 5480 Cicero
551 5425 647 5476 lib.
683 5440 697 5478 ι
732 5421 1035 5492 O/jiciorum
1061 5462 1074 5484 .
1130 5421 1223 5488 qui
1251 5417 1498 5492 Platonis
1531 5415 1756 5492 effatum

175 5498 326 5549 istud
382 5495 575 5549 Latine
605 5487 805 5548 reddit.
836 5492 1005 5549 Vetus
1034 5487 1226 5556 editio,
1285 5488 1444 5556 Quod
1487 5487 1551 5541 ab
1589 5489 1758 5541 inuita

174 5584 298 5620 ecce
334 5567 636 5638 profertur.

247 5638 270 5668 ⁸
309 5632 382 5690 tis
415 5632 610 5706 nempe
636 5678 652 5701 ,
699 5645 752 5688 et
791 5632 1195 5706 Macedonianis
1229 5645 1447 5700 quoque
1477 5642 1640 5706 aures
1671 5641 1759 5681 ac-

177 5698 675 5770 commodaverat’,
711 5713 1006 5774 antequam
1060 5698 1433 5772 episcopatum
1490 5698 1761 5766 adipisce-

179 5787 358 5831 retur.

252 5847 277 5879 ³
313 5848 482 5902 Vrtus
543 5848 673 5900 edit.
703 5886 715 5908 ,
775 5843 999 5899 Coluber
1050 5851 1320 5895 tortuosus
1384 5839 1668 5903 apparuit,
1714 5848 1760 5890 ct

180 5922 404 5974 narium
436 5929 627 5989 caput,
667 5915 804 5986 quod
839 5916 994 5986 spiris
1051 5914 1210 5970 totius
1261 5911 1496 5980 corporis
1538 5913 1758 5980 tegebat,

1871 2028 2044 2082 simus
2082 2043 2244 2098 papa,
2281 2039 2334 2082 et
2369 2029 2686 2085 fastidiosus
2729 2034 2959 2088 antistes
3005 2035 3046 2100 ‘,
3077 2034 3229 2088 solus
3267 2036 3439 2095 dives,

1870 2121 2018 2174 solus
2050 2122 2271 2190 sapiens
2300 2163 2311 2182 ,
2350 2123 2500 2179 solus
2531 2124 2731 2178 nobilis
2765 2140 2826 2180 ac
2862 2127 3116 2190 disertus,
3146 2143 3443 2183 conservos

1871 2221 2029 2279 tuos,
2069 2223 2123 2268 et
2174 2215 2484 2280 redemptos
2548 2219 2816 2286 sanguine
2869 2219 3081 2274 Domini
3117 2221 3215 2283 tui,
3255 2232 3440 2292 rugata

1868 2305 2046 2359 fronte
2098 2314 2151 2359 et
2205 2305 2445 2375 obliquis
2480 2307 2659 2361 oculis
2695 2309 2972 2375 despicis?
3012 2309 3123 2362 Hoc
3152 2321 3237 2365 est
3267 2311 3443 2379 illud,

1866 2396 2048 2464 quod,
2108 2394 2373 2463 Apostolo
2427 2398 2814 2466 praecipiente,
2850 2399 3094 2453 didicisti
3133 2419 3144 2454 :
3196 2418 3215 2451 ι
3259 2399 3438 2454 Parati

1865 2503 2079 2556 semper
2112 2488 2176 2541 ad
2212 2489 2644 2542 satisfactionem
2689 2490 2835 2543 omni
2870 2492 3111 2557 poscenti
3141 2487 3301 2562 411
3343 2506 3440 2544 v0s

1867 2584 2134 2636 rationem
2170 2587 2233 2639 de
2265 2599 2325 2638 ea
2355 2601 2473 2654 qur
2511 2585 2566 2638 iu
2609 2585 2764 2639 vobis
2813 2595 2896 2640 est
2949 2600 3045 2655 spe
3098 2585 3147 2654 (1
3179 2586 3318 2639 Petr.
3353 2600 3439 2650 Ill,

1866 2675 2026 2740 15)?»
2091 2677 2262 2746 Finge
2285 2693 2384 2731 nos
2415 2680 2758 2732 occasiunem
2791 2693 3054 2745 quaerere.
3080 2691 3131 2730 ct
3169 2679 3272 2733 sub
3310 2695 3446 2747 pra)-

1865 2776 2013 2821 textu
2076 2769 2196 2822 lidei
2249 2770 2373 2824 lites
2411 2786 2617 2830 serere.
2655 2772 2897 2825 schisma
2936 2772 3230 2834 conficere,
3262 2771 3440 2840 jurgia

1861 2860 2075 2913 concita
2087 2860 2324 2914 re.'l'olle
2345 2862 2689 2916 occasionem
2714 2863 3022 2918 volentibus
3040 2864 3433 2930 occasionem";

1863 2962 1921 3006 ut
1956 2962 2244 3021 postquam
2277 2952 2346 3006 de
2379 2953 2482 3007 fide
2507 2954 2860 3017 satisfeceris,
2910 2965 2963 3007 et
3013 2970 3206 3010 omnes
3270 2955 3442 3010 nodos

1859 3046 1950 3112 qui
1979 3056 2167 3098 contra
2192 3054 2240 3098 te
2259 3055 2547 3099 nectuntur
2582 3046 2902 3108 absolveris,
2937 3057 3064 3099 tunc
3090 3046 3296 3113 liquido
3323 3061 3443 3100 om-

1861 3136 2023 3189 nibus
2055 3137 2271 3203 probes,
2305 3152 2411 3189 nou
2445 3137 2782 3204 dogmatum,
2810 3139 2903 3190 sed
2936 3138 3296 3190 ordinationis
3318 3153 3441 3192 esse

1860 3239 2163 3282 certamen.
2198 3227 2314 3283 Nisi
2345 3229 2485 3282 forte
2516 3231 2769 3298 prudenti
2805 3232 3060 3295 consilio,
3105 3230 3227 3286 ideo
3250 3232 3314 3285 de
3340 3232 3442 3285 [ille

1869 3323 2237 3392 interrogatus
2271 3330 2444 3384 taces.
2483 3338 2548 3376 ne
2580 3322 2818 3378 videaris
2859 3323 3148 3378 haereticus
3180 3340 3302 3378 esse
3325 3322 3439 3395 [Αι.

1867 3412 2084 3484 fuisse],
2113 3429 2236 3468 cum
2276 3413 2638 3469 satisfeceris.
2663 3412 2859 3468 Omnia
2888 3429 3020 3483 ergo
3044 3414 3295 3475 crimina,
3319 3414 3442 3482 qui-

1867 3509 1970 3563 bus
2017 3517 2355 3562 accusantur
2389 3509 2661 3574 homines,
2693 3507 2927 3561 refutare
2952 3525 3057 3562 non
3093 3508 3290 3562 debent
3321 3525 3335 3562 :
3373 3523 3440 3562 no

1867 3607 2152 3669 postquam
2204 3599 2559 3668 negaverint.
2596 3600 2882 3654 criminosi
2919 3601 3048 3654 sint.
3093 3601 3158 3654 At
3197 3610 3444 3654 contem-

1867 3694 1954 3748 nis
1983 3694 2174 3759 laicos,
2208 3693 2473 3747 diaconos
2501 3703 2662 3762 atque
2700 3693 3074 3762 presbyteros.
3111 3691 3269 3745 Potes
3292 3692 3446 3745 enim

1867 3788 1949 3856 (ut
1976 3787 2232 3856 gloriaris
2268 3798 2322 3840 ct
2347 3787 2590 3855 jactitas)
2625 3788 2676 3839 iu
2721 3801 2827 3839 una
2863 3784 2995 3838 hora
3031 3784 3179 3838 mille
3207 3784 3441 3839 clericos

1866 3875 2067 3930 facere.
2121 3875 2303 3931 Habes
2348 3892 2539 3944 papam
2589 3877 2975 3946 Epiphanium,
3026 3876 3115 3944 qui
3154 3884 3202 3930 te
3254 3884 3444 3943 aperte

1864 3969 2051 4022 missis
2091 3969 2291 4024 litteris
2323 3972 2342 3999 ⁸
2373 3971 2685 4021 lia-reticulo
2721 3977 2898 4022 vocat.
2927 3969 3084 4021 Certe
3110 3982 3208 4021 nec
3228 3976 3390 4019 :ctate
3419 4004 3435 4026 .

1866 4074 1965 4113 nec
1998 4060 2250 4122 scientia,
2287 4075 2384 4112 nec
2417 4060 2537 4111 vitae
2575 4061 2788 4117 merito,
2826 4073 2923 4111 ιιι-(ι
2955 4059 3124 4109 totius
3167 4056 3318 4109 orbis
3354 4065 3437 4108 te-

1873 4149 2161 4212 stimonio,
2204 4148 2375 4216 major
2405 4147 2499 4200 illo
2533 4162 2615 4200 es.
2644 4146 2699 4200 Si
2722 4157 2934 4200 :etatcm
2967 4144 3187 4214 qumris.
3222 4144 3440 4212 juvenis

1864 4237 1930 4288 ad
1966 4231 2149 4290 Senem
2186 4236 2382 4288 scribis
2415 4234 2524 4306 [ΑΙ.
2562 4233 2818 4306 scribes].
2876 4235 2930 4290 Si
2977 4235 3296 4300 scientiam,
3331 4250 3437 4286 nou

1863 4329 1945 4385 sic
1977 4327 2226 4382 eruditus
2253 4328 2315 4379 ad
2339 4328 2556 4381 doctum
2597 4343 2610 4381 :
2645 4328 2768 4381 licet
2792 4335 2844 4381 te
2867 4327 3103 4381 fautnrcs
3133 4326 3234 4393 tui,
3271 4327 3442 4380 diser-

1867 4420 2064 4473 tiorem
2102 4417 2488 4483 Demosthene,
2520 4420 2818 4472 acutiorem
2856 4417 3182 4488 Chrysippo,
3219 4422 3439 4486 sapien-

1865 4512 2060 4563 tiorcin
2090 4508 2315 4561 Platone
2344 4509 2676 4562 contendant
2705 4548 2716 4571 ,
2771 4515 2824 4561 et
2865 4507 2965 4560 tibi
2998 4507 3098 4575 ipsi
3150 4507 3286 4562 forte
3321 4524 3440 4576 per.

1863 4606 2159 4659 suaserint.
2201 4602 2274 4657 De
2333 4603 2439 4656 vita
2488 4610 2668 4655 autem
2735 4610 2784 4655 et
2864 4600 2965 4654 lide
3019 4601 3152 4653 nihil
3204 4601 3438 4667 amplius

1864 4694 2067 4755 dicam.
2100 4710 2168 4748 ne
2205 4707 2255 4748 te
2287 4695 2481 4748 laedere
2511 4694 2711 4747 videar.
2755 4691 2832 4745 Eo
2867 4703 3110 4759 tempore
3139 4709 3246 4761 quo
3265 4703 3436 4745 totum

1866 4784 2145 4838 Orientem
2176 4787 2427 4853 (excepto
2462 4798 2595 4851 papa
2652 4781 2954 4834 Athanasio
2997 4791 3156 4848 atque
3185 4780 3436 4849 Paulino)

1862 4874 2195 4926 Arianorum
2229 4883 2282 4926 et
2320 4869 2785 4924 Euoomianarum
2820 4868 3046 4922 hrcresis
3081 4868 3391 4936 possidebat
3417 4908 3434 4930 .

1863 4966 2084 5034 quando
2118 4976 2172 5018 tu
2203 4964 2654 5019 Occidentalibus
2697 4971 2749 5016 et
2781 4961 2834 5015 in
2873 4961 3054 5015 medio
3085 4961 3278 5015 exsilio
3301 4975 3434 5015 con—

1861 5059 2166 5114 fessoribus
2203 5073 2310 5112 uou
2375 5055 2866 5121 communicabas;
2905 5054 2997 5107 ille
3037 5053 3117 5107 vel
3151 5052 3435 5123 presbyter

1862 5153 2180 5206 monasterii
2237 5152 2305 5206 ab
2363 5150 2630 5220 Eutychio
2661 5149 2681 5179 ⁷
2736 5148 3076 5210 audiebatur,
3116 5146 3198 5200 vel
3247 5158 3442 5214 postea

1861 5245 2153 5313 episcopus
2190 5242 2352 5313 Cypri
2388 5258 2415 5295 a
2454 5240 2679 5295 Valente
2727 5257 2832 5294 non
2864 5239 3211 5309 tangebatur.
3247 5237 3444 5291 Tanti!

1859 5402 2138 5475 spiritalis,
2174 5408 2284 5455 etc.
2321 5397 2467 5461 Mox,
2504 5395 2568 5449 Et
2604 5397 2657 5450 in
2700 5396 2849 5450 venia
2899 5405 3154 5464 superata
3204 5413 3431 5466 peccan-

1861 5480 2012 5531 tium.
2046 5483 2152 5529 etc.

2236 5551 2394 5594 vetus
2417 5539 2574 5600 edit.,
2600 5547 2646 5591 et
2681 5538 2983 5608 fastigiosus
3018 5539 3260 5592 antistes.

1932 5619 1952 5649 ⁸
1982 5617 2145 5679 Olim,
2184 5611 2333 5665 Tolle
2361 5611 2651 5664 uolentibus
2684 5607 3031 5670 Occasionem,
3065 5617 3119 5662 et
3157 5625 3304 5674 mox,
3339 5607 3430 5662 Li-

1863 5687 2024 5757 quida
2058 5683 2300 5757 omnibus
2331 5691 2531 5757 pateat.
2553 5693 2701 5757 non,
2732 5686 2838 5757 (τι,ιεῖ

1938 5758 1957 5788 ⁶
1992 5757 2050 5810 lu
2083 5755 2251 5808 veteri
2278 5755 2409 5804 edit.
2453 5748 2631 5802 Multis
2664 5747 2858 5801 litteris
2888 5764 2985 5812 pro
3020 5750 3217 5803 missis.

1940 5831 1957 5861 ⁷
1994 5823 2296 5895 Eutychius
2353 5823 2462 5895 iste
2514 5819 3084 5895 lalcuthheropolitunus
3136 5820 3428 5895 episeopus

1872 5900 1970 5955 fuit
1999 5941 2012 5968 ,
2076 5887 2166 5967 qui
2204 5895 2272 5948 ob
2301 5892 2482 5946 odium
2514 5891 2563 5942 in
2593 5887 2647 5942 S.
2681 5887 2938 5958 Cyrillum
2989 5889 3427 5957 llierosolymira.
