4202 6518
736 465 844 529 375

1908 482 1968 542 S.
2008 485 2320 546 EUSEBII
2353 488 2402 545 H
2419 487 2438 545 Ι
2453 487 2799 551 ERONYMI

3908 494 4018 556 376

739 584 891 641 enim
923 587 1298 644 venerationis
1341 605 1560 661 semper
1597 593 1737 658 fuit,
1781 607 1838 648 lii
1885 611 2174 668 regnantes
2209 603 2318 654 lItP-
2353 600 2392 656 Α
2429 618 2552 667 pum
2589 604 3020 672 apprelipnilcris
3049 605 3086 670 "
3120 622 3219 662 nec
3267 619 3451 662 ιρηρτσι
3482 620 3634 677 ροιεε
3662 651 3675 670 ο
3713 624 3814 664 nec
3846 609 4019 661 audes

744 677 899 732 retici
964 681 1327 750 ignominiam
1363 701 1518 741 suam
1553 698 1829 756 putarent,
1869 694 1912 746 si
1948 696 2106 748 talem
2142 698 2317 748 virum

744 789 1232 846 persequerentur.
1269 781 1462 839 Scribe
1515 786 1678 856 igitur
1725 790 1790 844 ad
1833 792 1999 846 hunc.
2035 792 2322 861 Responde

741 869 994 938 cpistola:
1018 874 1138 944 ejus
1174 894 1186 930 :
1231 863 1472 932 sentiant
1505 884 1683 937 caeteri
1720 885 1903 951 linem,
1930 886 2318 954 eloquentiam,

740 962 1090 1027 prudentiam
1133 975 1278 1021 tuam
1310 1007 1324 1031 ,
1391 985 1458 1024 ne
1489 971 1583 1026 tibi
1634 976 1782 1030 solus
1815 977 2052 1031 disertus
2092 996 2212 1034 esse
2242 980 2320 1032 vi-

746 1053 954 1110 dearis.
988 1061 1098 1111 Cur
1115 1059 1184 1112 ab
1220 1060 1329 1113 alio
1361 1077 1710 1130 provocatus.
1745 1068 2000 1122 alim-sum
2025 1087 2172 1125 arma
2197 1090 2322 1128 cou-

747 1150 966 1204 vertis?
991 1151 1292 1208 Palaestinae
1319 1154 1428 1228 [ΑΙ.
1474 1158 1797 1232 Palaestinis]
1853 1163 2230 1232 interrogaris,
2266 1175 2318 1219 et

743 1242 1046 1311 respondes
1077 1243 1341 1318 Egypto.
1372 1251 1509 1304 Aliis
1543 1252 1917 1321 lippientibus,
1939 1258 2096 1324 ungis
2127 1257 2316 1311 oculos

739 1351 848 1389 non
868 1336 1190 1395 dolentium.
1213 1343 1268 1396 Si
1291 1343 1552 1410 placitura
1574 1347 1729 1400 nobis
1761 1349 1913 1403 alteri
1941 1349 2198 1418 loqueris,
2225 1367 2316 1405 sa-

739 1431 810 1482 tis
832 1431 1064 1496 Superbe
1090 1451 1103 1488 :
1125 1434 1168 1488 si
1191 1436 1333 1488 aliud
1357 1454 1517 1502 quam
1535 1446 1853 1508 quaerimus,
1876 1444 2005 1496 satis
2023 1445 2314 1509 superflue.

811 1520 975 1591 412
1013 1523 1067 1580 5.
1104 1525 1417 1594 Tthpltilus
1457 1530 1587 1598 quid
1616 1533 1932 1601 probaverit.
1985 1532 2091 1588 Sed
2128 1537 2265 1590 dicis
2299 1576 2313 1599 ,

746 1614 1036 1681 epistolam
1083 1634 1258 1671 meam
1295 1623 1550 1690 probavit
1571 1624 1968 1680 Alexandrinus
2003 1627 2312 1697 episcopus.

738 1708 880 1771 Quid
917 1710 1211 1778 probavit?
1259 1723 1449 1767 contra
1506 1715 1736 1780 Arium,
1771 1728 1960 1771 contra
1999 1717 2312 1785 i’botinum,

737 1810 928 1853 contra
998 1801 1360 1858 Mauicba-um
1414 1806 1549 1861 bene
1609 1805 1875 1865 locutum.
1924 1809 2056 1876 Quis
2091 1815 2230 1866 enim
2264 1825 2313 1867 te

739 1897 840 1946 itnc
867 1905 1113 1963 tempore
1144 1899 1321 1967 arguit
1347 1899 1612 1952 Ariauum
1639 1899 1662 1954 ἲ
1692 1901 1815 1969 quis
1851 1902 1945 1956 tibi
1990 1920 2133 1958 nunc
2171 1906 2309 1959 Plio-

737 1988 835 2040 tiui
898 1988 1308 2055 Manicbteique'
1349 1992 1558 2047 crimen
1626 1995 1924 2066 impingit?
2004 1997 2144 2051 Olim
2209 2001 2310 2054 ista

736 2079 1026 2134 emendata
1065 2093 1192 2136 sunt
1217 2095 1383 2151 atque
1413 2100 1707 2141 concussa.
1740 2087 1855 2140 Non
1882 2105 2002 2142 eras
2037 2100 2142 2144 tam
2180 2094 2314 2144 stu'-

740 2179 853 2230 tus,
896 2182 950 2224 ut
1005 2184 1192 2242 aperte
1226 2176 1555 2233 defenderes
1594 2183 1866 2246 haeresim,
1905 2199 2066 2252 quam
2103 2185 2316 2241 sciebas

738 2265 995 2321 Ecclesia:
1053 2269 1370 2339 displicere.
1420 2272 1664 2329 Noveras
1715 2285 1768 2330 te
1804 2277 1849 2331 si
1904 2278 2005 2333 boc
2041 2279 2266 2335 fecisses
2296 2321 2311 2342 .

736 2361 923 2413 statim
959 2363 1078 2415 loco
1113 2366 1476 2430 movendum,
1513 2376 1566 2422 et
1602 2369 1720 2423 solii
1753 2371 1829 2424 tui
1873 2372 2102 2427 delicias
2134 2375 2314 2442 suspi-

741 2453 926 2507 rabas.
965 2453 1055 2507 Sic
1089 2458 1419 2510 sententiam
1454 2462 1794 2528 temperasti,
1833 2471 1890 2513 ut
1924 2478 2020 2516 nec
2055 2463 2316 2534 simplici-

741 2541 844 2598 bes
870 2546 1212 2613 displiceres,
1232 2565 1335 2603 nec
1362 2560 1482 2606 tuos
1508 2551 1838 2610 offenderes.
1867 2552 2006 2610 Bene
2019 2559 2310 2625 sCripsisti,

739 2636 834 2692 sed
905 2639 1040 2693 nihil
1103 2641 1168 2694 ad
1228 2657 1448 2696 causam
1514 2645 1813 2713 pertinens.
1867 2646 2021 2704 Unde
2087 2662 2312 2707 noverat

741 2731 1126 2786 Alexandrinae
1178 2733 1436 2790 Ecclesia:
1478 2737 1761 2804 pontifex,
1799 2739 1850 2793 in
1891 2741 2089 2809 quibus
2123 2759 2309 2813 argue-

739 2822 916 2878 ret-isi
943 2840 1173 2890 quorum
1205 2841 1232 2878 a
1266 2840 1316 2880 te
1348 2827 1626 2882 confessio
1659 2831 2074 2897 postularetur?
2101 2833 2312 2889 Debue-

736 2930 829 2968 ras
857 2915 954 2969 tibi
1001 2917 1211 2985 objecta
1265 2935 1602 2989 proponere.
1643 2933 1696 2974 et
1758 2923 1837 2977 sic
1889 2925 1952 2978 ad
1987 2925 2196 2995 singula
2229 2943 2311 2981 rc-

739 3011 1034 3074 spontlere.
1076 3008 1244 3064 Vetus
1307 3024 1500 3066 narrat
1556 3013 1841 3070 historia:
1895 3017 2122 3082 Quidam
2187 3036 2307 3072 cum

736 3101 942 3156 diserte
981 3103 1210 3169 diceret,
1263 3104 1610 3175 ferrcturque
1646 3109 1848 3177 impetu
1880 3123 1942 3162 ac
1976 3111 2311 3164 volubilitate

736 3193 1057 3260 verborum,
1099 3210 1431 3265 causamque
1463 3200 1691 3252 omnino
1727 3209 1834 3253 non
1871 3209 2153 3268 tangeret,
2187 3218 2310 3270 pru-

733 3289 874 3343 dens
925 3291 1146 3343 auditor
1176 3305 1224 3345 et
1255 3291 1420 3360 judex
1459 3310 1472 3346 :
1513 3312 1528 3342 ι
1577 3293 1720 3348 Bene
1743 3335 1757 3357 ,
1802 3293 1999 3362 inquit,
2031 3295 2187 3358 bene,
2218 3295 2308 3348 sed
2341 3322 2382 3375 ς

734 3394 848 3447 quo
905 3382 1046 3435 istud
1083 3393 1192 3434 tam
1236 3383 1420 3437 bene?
1456 3403 1474 3436 ι
1508 3382 1744 3454 Imperiti
1783 3403 1810 3435 u
1836 3385 1973 3440 edici
2020 3386 2085 3439 ad
2123 3401 2313 3440 omnes

741 3475 1027 3528 oculorum
1062 3475 1282 3529 dolores
1316 3490 1426 3528 uuo
1462 3486 1686 3530 utttutur
1722 3479 1968 3549 collyrio.
1995 3480 2096 3545 Qui
2129 3481 2312 3547 argui-

740 3576 830 3619 tur
863 3569 916 3621 iu
951 3568 1226 3637 pluribus,
1264 3579 1318 3624 et
1372 3571 1424 3624 iu
1477 3570 1740 3624 tlilutione
1796 3572 2083 3624 criminum
2133 3574 2314 3640 aliqua

736 3663 1129 3730 pratermittit,
1166 3664 1430 3733 quidquid
1470 3665 1725 3729 tacuerit,
1756 3665 2068 3719 confitetur.
2097 3668 2178 3718 An
2207 3681 2312 3718 non

735 3749 1067 3820 respondisti
1114 3753 1179 3806 ad
1216 3753 1501 3822 epistolam
1542 3754 1856 3823 Epiplianii,
1886 3763 1942 3808 et
1991 3757 2312 3824 proposuisti

738 3849 860 3912 ipse
891 3860 1010 3911 quae
1041 3845 1421 3900 dissolveres?
1450 3845 1720 3899 Nimirum
1753 3847 1851 3899 bac
1877 3846 2069 3899 lidut-ia
2093 3861 2317 3914 respon-

737 3936 864 3990 disti
897 3955 912 3991 :
948 3935 1143 3992 Nullus
1180 3935 1394 3991 fortiter
1424 3952 1451 3988 a
1489 3938 1780 4005 semetipso
1811 3938 2060 3991 ceeditur.
2106 3938 2256 4006 Elige
2286 3954 2316 3990 e

740 4026 982 4090 duobus,
1011 4027 1156 4095 quol
1197 4027 1296 4079 vis.
1356 4024 1517 4094 Optio
1564 4026 1655 4079 tibi
1700 4028 1936 4090 dabitur,
1965 4037 2059 4079 aut
2095 4043 2317 4096 respou-

739 4119 870 4172 disti
915 4119 980 4171 ad
1036 4117 1320 4184 epistolam
1356 4116 1664 4188 Epipltauil,
1694 4128 1788 4170 aut
1823 4134 1951 4171 non.
2003 4119 2060 4172 Si
2096 4137 2318 4188 respon-

745 4207 897 4272 disti,
935 4220 1038 4259 cur
1073 4207 1315 4260 maxima
1364 4215 1419 4261 et
1463 4208 1696 4275 plurima
1729 4210 1793 4261 de
1820 4209 1903 4262 bis
1934 4225 2053 4277 quze
2090 4210 2181 4262 tibi
2218 4211 2314 4263 ob-

737 4299 882 4366 jecta
918 4305 1070 4363 sunt,
1109 4297 1422 4367 reliquisti?
1454 4297 1511 4352 Si
1540 4314 1648 4353 non
1685 4303 2035 4368 reSpoudisti,
2101 4301 2188 4353 ubi
2233 4310 2317 4354 est

743 4391 834 4443 illa
867 4390 1134 4459 Apologia
1173 4403 1288 4454 tua,
1331 4391 1384 4444 in
1419 4405 1524 4459 qua
1557 4391 1809 4459 gloriaris
1841 4393 1978 4461 apud
2005 4394 2314 4461 simplices:

745 4493 799 4535 et
828 4482 987 4551 quasi
1019 4480 1132 4551 [ΑΙ.
1174 4480 1361 4553 quam]
1396 4482 1780 4552 ignorantibus
1813 4498 2059 4548 causam,
2099 4488 2206 4539 buc
2258 4488 2318 4540 il-

743 4575 942 4644 lucque
977 4575 1354 4629 disseminas?

813 4643 866 4719 6.
923 4663 1109 4718 Tribus
1139 4678 1203 4717 ea:
1229 4673 1345 4718 octo
1367 4666 1737 4734 questionibus
1758 4664 1985 4720 Joannis
2020 4671 2314 4738 respondet.
2343 4643 2396 4704 ι)

742 4789 812 4800 -
849 4757 985 4812 Octo
1013 4758 1108 4811 tibi
1141 4757 1222 4823 (ut
1267 4758 1451 4812 statim
1482 4759 1744 4826 probabo)
1787 4759 1853 4812 dc
1877 4775 1969 4828 spe
2001 4761 2120 4815 fidei
2162 4763 2318 4816 Chri-

743 4855 935 4910 stiana
961 4851 1322 4920 quaestionum
1344 4849 1521 4918 capita
1551 4850 1757 4915 objecta
1780 4861 1928 4903 sunt.
1948 4849 2074 4902 Tria
2109 4859 2316 4904 tantum

749 4943 956 5012 tangis,
976 4953 1028 4995 et
1059 4940 1325 5009 prateris.
1347 4938 1403 4992 lu
1438 4942 1653 4994 creteris
1679 4940 1887 5010 grande
1919 4941 2190 4993 silentium
2212 4949 2316 4993 est.

750 5034 805 5086 Si
851 5034 917 5088 ad
946 5043 1149 5102 septem
1179 5031 1587 5088 absolutissimc
1631 5033 2025 5099 respondisses,
2062 5034 2316 5086 liaarerem

752 5136 934 5178 tamen
962 5122 1074 5193 [ΑΙ.
1122 5122 1362 5193 tantum]
1413 5123 1468 5177 in
1510 5137 1622 5176 uno
1655 5123 1885 5176 crimine
1927 5134 2020 5176 :et
2060 5123 2202 5190 quod
2242 5133 2321 5176 ta-

748 5229 971 5280 cueras,
1009 5215 1112 5269 hoc
1151 5229 1415 5270 tenerem.
1445 5213 1597 5268 Nunc
1629 5228 1758 5268 vero
1783 5216 1939 5282 quasi
1985 5218 2207 5268 auribus
2241 5216 2319 5268 lu-

750 5435 902 5479 uum,
963 5418 1144 5472 Acacii
1193 5415 1552 5470 C-vsariensis
1593 5416 1776 5468 Ariani
1814 5426 1996 5480 partes
2044 5417 2316 5478 tuebatur,

750 5490 990 5551 tametsi,
1020 5499 1077 5540 ut
1109 5487 1444 5555 Epiphanius
1517 5487 1724 5555 tradit,
1789 5487 1903 5555 ipse
1957 5488 2103 5539 intus
2155 5498 2208 5539 et
2264 5489 2316 5540 in

749 5563 915 5611 corde
963 5554 1264 5611 catholicus
1317 5565 1487 5608 esset.
1524 5554 1692 5608 Paulo
1722 5554 1885 5622 supra
1938 5572 2032 5622 pro
2063 5559 2115 5608 in
2151 5558 2318 5610 medio

750 5631 940 5683 exsilio
971 5639 1089 5680 erat
1129 5628 1180 5678 in
1214 5627 1384 5677 veteri
1420 5625 1552 5677 edit.
1591 5628 1643 5676 in
1679 5625 1882 5678 Judww
1902 5629 2109 5679 exsilio.

829 5701 844 5730 ¹
886 5699 956 5747 Ex
993 5696 1179 5749 Graeco
1204 5695 1522 5756 proverbio,
1545 5694 1653 5746 τῶν
1685 5694 1840 5746 ὡτῶν
1871 5695 1979 5762 ἕλω
2005 5696 2096 5748 τὸν
2127 5694 2315 5757 λύκον,

748 5769 862 5820 αὔτ’
897 5767 1064 5832 ἔχειν,
1097 5765 1208 5816 οὔτ’
1239 5766 1458 5829 ἀφείιαι
1483 5763 1754 5832 Αδύναμαι
1783 5810 1796 5829 ,
1835 5766 1978 5831 quod
2035 5767 2112 5819 sic
2149 5765 2318 5819 fet-tne

749 5824 1132 5889 vertit'Latiue
1163 5824 1452 5886 Terentius
1482 5824 1699 5886 Phorm.
1745 5824 1824 5892 ni.
1853 5824 1918 5900 "2,
1953 5837 2014 5888 2i
2051 5854 2064 5890 :
2093 5837 2316 5888 Auribus

750 5919 902 5960 teneo
938 5906 1138 5973 lupum.
1179 5901 1318 5955 Nam
1357 5917 1518 5971 neque
1543 5907 1796 5971 quomodo
1831 5924 1859 5957 it
1915 5923 1989 5957 me
2035 5910 2270 5958 amittunt
2299 5947 2312 5968 ,

2427 693 2727 748 dimitto-re.
2781 694 2902 763 Ipsa
2929 712 3152 767 quoque
3191 703 3292 752 tria
3344 699 3508 772 413
3542 701 3696 769 quasi
3728 699 4020 769 negligens

2427 799 2590 851 atque
2617 803 2866 851 securus,
2903 790 3172 860 quasique
3209 793 3353 845 aliud
3383 808 3552 862 agens
3590 809 3606 847 :
3643 804 3694 846 et
3724 793 3778 844 iu
3807 791 4015 861 quibus

2427 891 2519 932 aut
2555 882 2704 935 nulla
2731 893 2825 937 aut
2857 900 3020 954 parva
3059 885 3131 938 sit
3172 885 3430 955 qutestio,
3462 885 3821 954 prsetervolas
3846 894 4017 952 atque

2427 974 2775 1041 perstringis.
2841 978 2905 1031 Et
2961 977 3032 1031 ita
3081 989 3305 1044 apertus
3361 993 3425 1032 ac
3469 987 3646 1032 tectus
3683 977 3916 1040 inci-dis,
3953 987 4014 1028 ut

2427 1068 2547 1134 plus
2584 1069 2898 1126 conﬁtearis
2953 1073 3186 1126 tacendo
3215 1087 3378 1140 quam
3413 1086 3614 1124 renuas
3645 1069 4010 1139 disputando.

2423 1158 2556 1224 Quis
2597 1175 2704 1213 non
2745 1163 2999 1230 protinus
3035 1163 3129 1218 tibi
3166 1174 3342 1234 potest
3387 1165 3612 1218 dicere:
3652 1184 3670 1217 ‹
3717 1164 3774 1220 Si
3815 1163 4014 1217 lumen

2422 1253 2565 1320 quod
2595 1253 2647 1308 in
2684 1263 2737 1308 te
2770 1264 2873 1323 est,
2914 1259 3148 1311 tericbm
3175 1267 3326 1324 sunt,
3369 1257 3501 1328 ipsae
3528 1257 3770 1311 tenebra:
3790 1267 4015 1324 quanta

2421 1357 2578 1399 erunt
2613 1345 2834 1416 (Matth.
2891 1366 2965 1416 vt,
3003 1351 3094 1421 25)
3122 1351 3146 1404 ?
3179 1371 3196 1402 ο
3240 1353 3296 1406 Si
3327 1363 3439 1407 tres
3473 1351 3908 1421 quaestiunculas,
3940 1351 4016 1405 de

2419 1439 2619 1505 quibus
2661 1440 2812 1495 visus
2841 1457 2898 1496 es
2931 1443 3134 1510 aliquid
3167 1443 3370 1511 dicere,
3412 1443 3732 1512 suspicione
3759 1452 3811 1496 et
3844 1441 4013 1508 culpa

2420 1546 2528 1584 non
2552 1543 2760 1598 carent,
2794 1543 2846 1586 et
2893 1533 3271 1591 fraudulenter
3302 1552 3362 1590 ac
3401 1537 3610 1591 lubrice
3657 1535 3878 1606 scripta:
3916 1551 4015 1588 co-

2418 1636 2741 1691 arguuutur,
2784 1626 2913 1695 quid
2953 1626 3218 1683 faciemus
3255 1629 3322 1682 de
3363 1629 3611 1697 quinque
3648 1628 3920 1690 reliquis,
3956 1629 4011 1679 in

2420 1716 2620 1782 quibus
2651 1718 2778 1784 quia
2815 1719 2960 1773 nulla
2988 1721 3230 1790 ambigui
3279 1721 3554 1776 sertu0nis
3589 1721 3822 1774 dabatur
3845 1735 4015 1773 occa-

2417 1808 2520 1872 sio,
2553 1823 2649 1862 ncc
2688 1810 2913 1865 illudi-re
2947 1822 3167 1881 poteras
3226 1815 3514 1867 audientes
3539 1851 3554 1871 .
3587 1812 3830 1865 maluisti
3889 1827 4015 1865 om-

2419 1899 2549 1952 nino
2570 1901 2819 1962 retieere,
2847 1919 3008 1970 quam
3030 1917 3213 1973 aperte
3235 1909 3384 1974 quod
3409 1917 3616 1961 rectum
3639 1904 3750 1978 [ΑΙ.
3775 1903 4014 1976 Icelum]

2421 1990 2594 2044 fuerat
2626 1994 2896 2047 conﬁteri.

2496 2084 2544 2135 7.
2601 2084 2729 2139 Octo
2773 2103 2837 2140 ετ
2867 2087 3111 2154 Origenis
3145 2090 3414 2143 erroribus
3439 2094 3792 2158 quaestionum
3825 2089 4011 2151 capita

2419 2176 2618 2230 Joauui
2644 2179 2849 2247 objecta
2888 2181 2952 2232 ab
2983 2179 3308 2250 Epiphanio.
3331 2212 3402 2221 —
3425 2183 3488 2236 Et
3506 2183 3746 2251 primum
3777 2182 3844 2235 de
3872 2180 4017 2233 libro

2421 2273 2551 2337 περὶ
2602 2272 2814 2340 ’Λρχῶν
2848 2274 2939 2326 ubi
2977 2273 3252 2338 loquitur:
3289 2276 3431 2330 sicut
3465 2278 3609 2328 enim
3636 2275 4014 2344 incongruum

2420 2371 2503 2413 est
2531 2361 2734 2423 dicere,
2775 2363 2921 2430 quod
2959 2365 3130 2431 possit
3168 2365 3341 2419 Filius
3397 2367 3587 2420 videre
3640 2364 3863 2419 Patrem
3897 2365 4014 2418 :ita

2423 2455 2818 2509 inconveniens
2873 2466 2959 2510 est
3010 2459 3271 2525 opinari,
3307 2460 3451 2520 quod
3508 2457 3749 2527 Spiritus
3780 2467 4016 2510 sanctus

2422 2548 2593 2613 possit
2648 2548 2828 2601 videre
2861 2548 3080 2603 Filium.
3121 2550 3457 2613 Secundum,
3495 2551 3642 2620 quod
3671 2551 3724 2604 iu
3753 2549 3860 2604 hoc
3885 2563 4016 2602 eur-

2421 2655 2554 2708 pore
2581 2641 2740 2710 quasi
2789 2642 2841 2695 in
2875 2657 3101 2696 carcere
3130 2643 3241 2697 sint
3277 2645 3472 2698 animae
3502 2645 3744 2714 religata:
3771 2659 3786 2710 ;
3828 2653 3886 2695 et
3915 2657 4013 2695 an-

2422 2742 2637 2800 tequam
2675 2733 2839 2787 homo
2877 2733 3034 2789 ﬁeret
3079 2737 3132 2789 in
3179 2738 3469 2806 paradiso.
3515 2736 3660 2789 inter
3711 2734 4017 2790 rationales

2417 2834 2701 2881 creaturas
2751 2828 2802 2880 in
2860 2828 3177 2884 coelestibus
3239 2838 3590 2883 commorata
3649 2838 3802 2883 sunt.
3849 2826 4016 2882 Unde

2418 2931 2606 2987 postea
2644 2921 2698 2975 iu
2757 2922 3190 2978 consolationem
3247 2939 3401 2977 suam
3453 2924 3634 2977 anima
3673 2923 3923 2991 loquitur
3958 2921 4014 2975 in

2419 3013 2688 3079 psalmis:
2762 3034 2780 3065 ι
2826 3013 3158 3086 Priusquam
3223 3017 3574 3079 ltuniiliarer,
3632 3031 3736 3086 ego
3803 3015 4014 3084 deliqui

2419 3103 2590 3170 (Psal.
2621 3122 2809 3173 cxvm,
2839 3109 2982 3177 67).»
3025 3109 3088 3164 Et
3119 3126 3132 3163 :
3170 3109 3527 3172 «Revertere,
3566 3111 3750 3161 anima
3777 3122 3926 3170 mea,
3958 3108 4013 3160 in

2417 3198 2656 3263 requiem
2688 3209 2830 3252 tuam
2869 3197 3042 3266 (Psal.
3070 3215 3219 3262 cstv,
3252 3201 3328 3269 '7).
3371 3220 3388 3249 ι
3429 3198 3535 3255 Et:
3571 3218 3589 3250 ο
3617 3197 3771 3251 Educ
3803 3198 3874 3252 de
3891 3213 4015 3251 car-

2417 3305 2540 3341 cere
2568 3294 2804 3343 attimam
2841 3308 3012 3345 meam
3046 3290 3220 3362 (Psal.
3244 3307 3390 3355 cur,
3433 3291 3511 3357 8),
3543 3310 3563 3344 ι
3606 3302 3660 3345 et
3687 3300 3894 3346 extera
3929 3291 4017 3344 hia

2418 3383 2642 3436 similia.
2675 3382 2914 3436 Ti-rtiuiu
2944 3425 2959 3449 ,
2997 3386 3141 3451 quod
3183 3386 3371 3450 dicat,
3409 3395 3462 3438 et.
3489 3384 3779 3438 diabolum
3815 3393 3873 3439 et
3899 3385 4013 3438 d2-

2421 3488 2613 3527 tuoues
2670 3483 2891 3528 acturos
2947 3477 3325 3544 penitentiam
3374 3476 3719 3544 aliquando.
3770 3484 3827 3530 et
3883 3490 4014 3529 cum

2419 3565 2628 3618 sanctis
2655 3565 2847 3618 ultimo
2873 3575 3118 3634 tempore
3150 3577 3498 3635 regnaturos.
3538 3565 3838 3632 Quartum,
3864 3566 4014 3635 quod

2423 3656 2638 3710 tunicas
2703 3656 2960 3725 pelliceas
2997 3658 3236 3711 bumana
3292 3673 3528 3726 corpora
3589 3659 4015 3726 interpretetur,

2420 3748 2623 3815 quibus
2679 3756 2804 3816 post
2838 3747 3103 3801 offensam
3134 3760 3190 3802 ct
3246 3749 3572 3815 eiectionem
3625 3748 3697 3802 de
3751 3751 4018 3817 paradiso

2421 3839 2591 3890 Adam
2626 3848 2678 3891 et
2716 3841 2820 3892 Eva
2848 3839 3020 3891 induti
3054 3841 3188 3902 sint,
3213 3839 3358 3892 haud
3381 3839 3605 3893 dubium
3637 3839 3771 3905 quin
3803 3850 3935 3892 ante
3957 3841 4015 3892 in

2421 3935 2674 4003 paradiso
2731 3935 2849 3988 siue
2903 3949 3110 3997 carne,
3170 3933 3356 3987 nervis
3408 3944 3463 3986 et
3504 3933 3728 3987 ossibus
3778 3933 4014 3987 fuerint.

2422 4025 2708 4089 Quintum,
2769 4025 2913 4091 quod
2971 4023 3156 4076 carnis
3209 4023 3677 4077 resurrectionem
3732 4023 4019 4076 membro-

2420 4131 2652 4185 rumque
2681 4130 3023 4186 compagem,
3070 4122 3124 4169 et
3150 4130 3339 4168 sexum
3367 4131 3479 4183 quo
3519 4115 3621 4168 viri
3654 4114 3960 4169 dividimur
3986 4129 4019 4169 a

2423 4207 2662 4268 feminis,
2703 4207 3052 4276 apertissime
3109 4216 3273 4274 neget
3322 4215 3480 4261 :tam
3517 4206 3572 4261 in
3618 4206 4020 4275 explanatione

2425 4301 2583 4368 primi
2641 4300 2858 4368 psalmi,
2898 4314 3064 4368 quam
3126 4299 3182 4352 in
3245 4299 3369 4353 aliis
3415 4299 3606 4354 multis
3656 4299 4019 4354 tractatibus.

2423 4392 2674 4457 Sextum,
2710 4390 2856 4458 quod
2896 4392 2976 4444 sic
3008 4391 3327 4459 paradisqu
3375 4390 3717 4458 allegoriam,
3747 4399 3809 4444 ut
3841 4390 4022 4443 histo-

2427 4485 2516 4534 ria:
2555 4482 2772 4535 auferat
2825 4481 3105 4534 veritatem
3135 4496 3150 4542 ;
3188 4495 3288 4549 pro
3316 4479 3604 4534 arboribus
3631 4478 3885 4549 angelos,
3917 4493 4022 4547 pro

2425 4571 2743 4627 ﬂuminibus
2775 4574 3009 4627 virtutes
3038 4571 3296 4627 caelestes
3339 4572 3654 4641 intelligens
3684 4585 3700 4624 :
3731 4578 4024 4636 totamque

2427 4665 2666 4734 paradisi
2696 4666 3094 4718 continentiam
3127 4667 3148 4696 '
3186 4666 3524 4736 tropologica
3549 4666 4022 4734 interpretatione

2427 4757 2725 4808 subvertat.
2778 4755 2944 4826 ἦ,ιᾷ
2980 4755 3312 4824 Septimum,
3361 4755 3506 4824 quod
3539 4771 3736 4823 aquas,
3761 4771 3891 4825 qua
3926 4773 4025 4811 su-

2428 4862 2523 4916 per
2551 4846 2721 4900 cmlos
2756 4847 2809 4898 in
2865 4846 3167 4914 Scripturis
3200 4862 3326 4901 esse
3352 4848 3636 4912 dicuntur,
3662 4857 3893 4903 sanctas
3921 4863 4021 4902 su-

2427 4953 2737 5007 peruasque
2785 4937 3060 5002 virtutes,
3125 4953 3249 5008 quae
3299 4955 3466 5009 super
3524 4949 3727 4993 terram
3760 4949 3816 4994 et
3874 4939 4022 4994 infra

2429 5039 2650 5092 terram,
2689 5030 2998 5083 contrarias
3037 5037 3093 5083 et
3125 5031 3494 5084 dztttoniacas
3538 5046 3662 5085 esse
3687 5031 4022 5087 arbitretur.

2428 5120 2716 5186 Octavum,
2771 5121 2913 5189 quod
2965 5131 3272 5175 extremum
3322 5123 3548 5192 objicit,
3609 5123 3916 5192 imaginem
3969 5136 4025 5179 et

2429 5217 2841 5271 similitudinem
2884 5216 3000 5282 Dei,
3051 5221 3118 5271 ad
3156 5233 3319 5286 quant
3375 5218 3543 5273 homo
3597 5219 3861 5274 conditus
3902 5220 4027 5274 fue-

2427 5422 2655 5484 inveuio,
2690 5436 2852 5489 neque
2892 5423 2968 5472 uti
2994 5421 3270 5480 retineam,
3306 5421 3436 5473 scio.

2503 5495 2522 5522 ’
2561 5487 2803 5559 lutellige
2849 5505 2944 5559 pro
2979 5505 3044 5542 co
3075 5491 3306 5559 quodin
3339 5487 3580 5556 paradisi
3614 5489 3852 5542 historia
3878 5506 4022 5545 con-

2431 5563 2660 5622 tinetur,
2694 5557 2859 5625 atque
2887 5569 3199 5614 enarratur.
3229 5557 3342 5612 Hoc
3372 5573 3537 5612 sensu
3581 5559 3820 5613 Siticius
3848 5577 4019 5626 paria,

2431 5633 2602 5698 Epist.
2637 5631 2700 5682 ad
2735 5631 2978 5698 diversos
3014 5639 3205 5681 contra
3259 5626 3638 5690 .loviuianuui,
3671 5631 3742 5681 ab
3767 5644 3838 5681 eo
3874 5633 4022 5684 dixit

2428 5697 2545 5752 novi
2595 5715 2658 5750 ac
2714 5703 2899 5751 ceteris
2934 5697 3260 5751 Tcstamenti
3290 5699 3672 5750 continentiam
3725 5703 4022 5766 praeverti.

2428 5771 2570 5834 quod
2603 5779 2684 5820 est
2717 5769 3019 5821 doctrinam
3050 5769 3100 5818 iu
3135 5776 3370 5838 utroque
3389 5767 3745 5822 Testamento
3775 5780 4021 5826 conten-

2429 5851 2534 5894 tam
2571 5841 2798 5894 absurde
2834 5839 3200 5907 interpretari.
