4202 6462
176 405 271 471 377

1268 419 1574 482 CONTRA
1607 422 1968 484 JOANNEM
2002 421 2423 483 HIEROSOL.

3344 420 3450 487 378

176 538 274 590 rat,
308 525 445 583 dicit
469 529 544 584 ab
575 544 641 585 eo
671 529 965 602 perditam,
1000 541 1054 589 et
1085 533 1138 589 in
1161 534 1386 593 homine
1428 549 1548 608 post
1602 555 1762 610 para-
1789 539 1836 594 Α
1866 539 2026 590 ardor
2060 540 2198 592 bene
2253 539 2596 592 credent-um
2626 539 2648 590 ἲ
2685 538 2808 592 audi
2843 535 3170 604 Apostolum
3201 553 3214 590 :
3250 553 3269 586 ι
3303 535 3367 588 Et
3401 537 3448 589 si

176 622 346 673 disum
394 636 504 673 non
539 622 714 679 fuisse

237 711 295 765 8.
345 709 654 770 Huncilitas
686 735 748 772 ac
784 723 1022 776 charitas
1054 721 1358 792 Epiplmnii.
1404 723 1756 779 Pra’textatus

177 803 360 855 consul
417 804 735 878 designatus
761 829 780 876 ;
809 812 937 882 quid
966 815 1164 868 solebat
1205 815 1399 871 dicere.
1434 815 1589 871 Fides
1623 835 1759 886 pura

175 912 378 949 moram
417 917 525 954 non
564 904 790 970 patitur.
822 903 977 960 Zelus
1013 907 1138 972 ﬁdei
1163 909 1279 978 quis
1302 909 1483 963 debeat
1528 927 1656 964 esse.
1690 941 1760 952 —-

175 991 264 1044 H2
297 1005 379 1044 sm
407 1002 429 1050 ι
455 998 696 1064 sagittae,
725 1001 928 1068 quibus
952 1001 1262 1058 confoderis
1294 1016 1312 1058 :
1340 1004 1452 1059 hinc
1481 1005 1610 1073 tela,
1637 1006 1761 1072 qui-

175 1085 272 1138 bus
304 1088 359 1139 in
407 1099 520 1142 tota
577 1091 821 1160 Epistola
857 1096 1211 1152 vulneraris:
1241 1108 1470 1166 excepto
1497 1115 1584 1161 eo,
1613 1101 1757 1170 quod

176 1179 281 1232 tuis
311 1182 560 1249 genibus
603 1185 934 1256 advolutus,
979 1199 1340 1260 sanctamque
1379 1192 1635 1248 canitiem
1677 1209 1764 1247 se-

174 1270 350 1334 posito
429 1289 733 1347 parumper
795 1281 1098 1336 sacerdotis
1144 1283 1351 1337 honore
1405 1285 1762 1340 substernens

177 1360 282 1432 [ΑΙ.
316 1366 706 1441 substinens],
745 1372 1072 1441 deprecatur
1102 1376 1334 1430 salutem
1377 1385 1549 1443 tuam,
1596 1388 1650 1432 et
1680 1377 1763 1431 his

177 1458 359 1512 verbis
390 1459 643 1529 loquitur
682 1479 696 1517 :
738 1481 757 1514 ι
793 1462 993 1520 Prasta
1031 1467 1162 1520 mihi
1192 1478 1246 1522 et
1275 1468 1369 1522 tibi
1405 1479 1464 1524 ut
1491 1470 1720 1526 salveris
1746 1509 1761 1535 ,

178 1548 314 1602 sicut
342 1552 620 1621 scriptum
652 1565 759 1620 est,
786 1558 829 1609 Δ
871 1561 1230 1628 generatione
1253 1575 1507 1629 perversa
1546 1581 1560 1617 :
1590 1573 1643 1617 et
1674 1579 1764 1618 re-

179 1639 308 1694 cede
335 1644 410 1696 ab
441 1643 644 1700 heresi
699 1646 974 1715 Origenis,
1011 1658 1066 1704 et
1098 1666 1124 1703 a
1161 1653 1376 1707 cunctis
1430 1652 1761 1721 haresibus,

179 1734 564 1793 dilectissime.
610 1757 628 1790 ι
669 1739 738 1796 Et
787 1740 928 1795 infra
969 1759 983 1795 :
1026 1760 1046 1793 ι
1106 1742 1338 1814 Propter
1386 1744 1760 1800 defensionem

181 1827 458 1882 brreseos
501 1829 796 1887 adversum
849 1849 935 1889 me
970 1835 1092 1889 odia
1142 1837 1474 1892 suscitantes
1513 1839 1763 1906 rumpitis

179 1918 533 1987 cba:itatcm,
569 1938 735 1990 quam
773 1926 826 1978 in
875 1927 1030 1982 vobis
1078 1929 1242 1982 habui

181 2007 438 2066 faceretis
497 2029 599 2067 nos
629 2015 796 2069 etiam
830 2019 1098 2083 pmnitere
1131 2036 1303 2090 quare
1339 2019 1492 2076 vobis
1523 2038 1770 2077 commu-

181 2101 384 2154 nicare
408 2104 554 2157 imus
581 2145 596 2166 ,
636 2107 711 2160 ita
740 2104 994 2178 Origenis
1025 2125 1245 2165 errores
1290 2119 1346 2165 et
1376 2113 1626 2183 dogmata
1674 2115 1770 2166 de-

181 2192 560 2248 fendentihus.
600 2215 617 2246 ι
653 2196 749 2253 Dic
782 2201 938 2260 mihi.
964 2202 1272 2270 disputator
1298 2205 1534 2274 egregie,
1559 2205 1623 2257 de
1648 2213 1773 2258 octo

182 2288 464 2353 capitulis,
511 2288 578 2342 ad
619 2306 739 2357 qua:
770 2293 1141 2360 responderis.
1179 2295 1459 2365 Paulisper
1517 2297 1584 2349 de
1614 2305 1774 2350 ca'te-

183 2380 257 2434 ris
306 2393 470 2435 taceo
531 2382 646 2453 [Αι.
709 2381 948 2454 tacens].
1008 2386 1190 2440 Prima
1252 2387 1340 2440 illa
1388 2387 1776 2457 blasphemia,

183 2475 324 2538 quod
365 2492 471 2530 nec
501 2475 680 2532 Filius
726 2477 961 2542 Patrem,
993 2494 1092 2534 nec
1128 2479 1328 2534 Filium
1369 2481 1544 2549 possit
1590 2481 1774 2536 videre

185 2565 428 2635 Spiritus
490 2579 715 2623 sanctus
739 2610 754 2633 ,
810 2571 1008 2640 quibus
1041 2587 1073 2625 a
1103 2581 1156 2626 te
1187 2572 1310 2628 telis
1357 2574 1611 2628 confossa
1641 2585 1724 2628 est
1753 2575 1774 2629 ἲ

189 2676 209 2708 ι
262 2661 532 2714 Sanctam
566 2701 581 2724 ,
620 2661 796 2731 inquit
824 2703 840 2729 ,
904 2673 958 2718 et
1015 2665 1354 2720 adorandam
1407 2666 1772 2733 Trinitatem,

184 2753 434 2818 ejusdem
470 2753 819 2818 substantiae,
844 2762 902 2809 et
921 2766 1283 2823 coaeternatr,
1313 2759 1561 2827 ejusdem
1592 2761 1775 2829 gloriae

185 2854 242 2900 et
263 2846 580 2900 divinitatis
615 2849 892 2902 credimus
928 2865 944 2903 :
987 2851 1516 2906 anathematizantes
1561 2868 1654 2905 eos
1684 2854 1772 2920 qui

188 2938 419 3003 grande,
459 2949 556 2992 aut
587 2955 840 3008 parvum.
869 2950 964 2995 aut
1016 2942 1306 3012 inaequale,
1339 2953 1427 2996 aut
1460 2944 1674 2999 visibile
1721 2945 1776 2998 in

188 3028 395 3083 deitate
423 3028 721 3083 Trinitatis
763 3032 1065 3100 quidquam
1120 3034 1443 3104 loquuntur.
1496 3037 1600 3090 Sed
1633 3039 1778 3092 sicut

189 3120 602 3188 incorporalem
629 3163 642 3185 ,
686 3122 1013 3179 iuvisibilem
1044 3165 1058 3190 ,
1105 3135 1161 3181 et
1215 3136 1476 3182 aternnm
1538 3131 1776 3186 dicimus

188 3213 405 3267 Patrem
439 3228 457 3268 :
499 3216 581 3268 sic
618 3216 1039 3284 incorporalem,
1079 3219 1404 3276 invisibilcm
1431 3235 1484 3276 et
1506 3233 1770 3278 arternum
1799 3254 1843 3316 Ο

187 3299 426 3356 dicimus
462 3300 662 3356 Filium
721 3314 774 3357 et
819 3304 1078 3374 Spiritum
1134 3319 1406 3366 sanctqu.
1460 3333 1477 3364 ι
1525 3313 1637 3368 Nisi
1673 3316 1772 3372 hoc

186 3395 442 3460 diceres,
499 3395 799 3453 Ecclesiam
855 3414 961 3453 non
1014 3409 1230 3460 teneres
1272 3421 1288 3462 :
1324 3418 1376 3461 et
1431 3417 1610 3463 tamen
1663 3425 1770 3464 non

188 3504 395 3554 qua-ro,
453 3490 501 3542 si
556 3503 683 3545 ante
737 3509 846 3544 non
879 3493 1085 3548 dixeris
1123 3497 1166 3560 ','
1221 3512 1327 3550 non
1358 3500 1694 3562 eventilabo.
1727 3502 1773 3556 si

190 3582 470 3635 amas-eris
504 3597 600 3636 eos
629 3585 720 3652 qui
762 3584 888 3638 talia
935 3585 1348 3654 przedicaverint
1374 3607 1390 3657 ;
1421 3606 1543 3645 cum
1573 3595 1774 3662 quibus

190 3674 386 3738 fueris,
421 3675 650 3743 quando
706 3677 808 3731 ista
858 3678 1106 3734 dicentes
1158 3683 1349 3736 exsilia
1386 3687 1771 3742 sustinebant:

188 3766 311 3833 quis
344 3768 417 3821 sit
452 3769 564 3826 ille.
596 3768 690 3836 qui
717 3767 942 3824 Theone
985 3773 1302 3842 presbytero
1338 3777 1604 3845 Spiritum
1648 3795 1775 3835 san-

187 3872 337 3912 ctum
375 3858 549 3913 Deum
587 3857 699 3931 [ΑΙ.
735 3861 975 3933 Domini]
1026 3863 1078 3916 in
1115 3863 1359 3919 Ecclesia
1412 3870 1772 3936 pra'dicante,

187 3952 457 4006 clauserit
487 3965 676 4016 aures,
706 3951 965 4020 forasque
987 3969 1108 4008 cum
1137 3955 1252 4010 suis
1283 3959 1531 4012 concitus
1557 3959 1773 4029 fugerit,

191 4061 259 4100 ne
313 4053 530 4099 tantum
583 4044 798 4099 audiret
851 4047 1145 4115 piaculum.
1212 4047 1404 4103 Statim
1443 4051 1607 4123 415
1656 4071 1774 4108 sera

189 4139 560 4193 conversione
622 4136 882 4202 ﬁdelem,
949 4139 1149 4210 inquit,
1220 4141 1366 4196 volo.
1449 4142 1778 4202 Miserabilis

189 4229 561 4283 Przteatatus
587 4266 604 4292 ,
639 4228 733 4295 qui
773 4228 1090 4296 designatus
1131 4231 1321 4284 consul
1373 4240 1458 4285 est
1503 4241 1778 4288 mortuus.

190 4321 374 4374 llomo
427 4321 756 4388 sacrilegus,
789 4327 844 4373 et
893 4319 1162 4375 idolorum
1204 4321 1402 4386 cultor,
1449 4324 1660 4380 solebat
1698 4327 1780 4380 lu-

189 4413 335 4467 dens
368 4414 530 4466 beato
573 4425 738 4482 papa:
790 4411 1025 4468 Damaso
1077 4413 1261 4468 dicere
1292 4430 1307 4468 :
1340 4412 1524 4470 Facite
1549 4432 1634 4472 me
1678 4419 1781 4472 Ro-

195 4517 379 4556 mana:
407 4501 563 4556 urbis
599 4500 917 4570 episcopum
940 4543 958 4567 ,
1003 4509 1060 4556 et
1089 4515 1188 4556 ero
1214 4501 1465 4569 protinus
1510 4502 1779 4559 Christia-

1281 1947 1295 1984 :
1347 1929 1400 1983 in
1432 1939 1667 1996 tantum,
1712 1943 1771 1987 ut
1802 1911 1843 1964 Β

1871 646 1968 682 nos
2004 631 2116 701 [ΑΙ.
2154 631 2340 704 homo]
2395 642 2488 685 aut
2531 631 2760 702 angelus
2790 635 2856 684 de
2911 632 3052 686 t-mlo
3088 631 3246 684 aliter
3277 641 3451 684 evan-

1866 721 2179 790 gelizaverit
2211 725 2362 777 vobis
2399 740 2564 792 quam
2625 721 3099 786 annuntiavintus,
3156 719 3448 774 anathema

1866 814 1938 867 sit
1969 813 2169 882 (Galat.
2204 831 2242 876 ι,
2278 815 2352 883 8).
2393 835 2410 866 ι
2469 815 2550 870 Tu
2587 815 2719 870 mihi
2757 823 2816 870 ut
2841 813 3044 868 crimen
3087 821 3366 876 extenuas,
3396 818 3451 865 et

1868 907 2210 959 dissimulato
2271 907 2494 960 nomine
2547 908 2856 974 criminosi,
2908 905 3064 976 quasi
3118 919 3307 956 secura
3339 902 3450 958 sint

1869 1001 2076 1061 ninnia,
2108 1011 2162 1052 et
2185 999 2364 1054 nullus
2400 1001 2450 1052 in
2483 999 2835 1068 blasphemiis
2859 1005 3140 1068 arguatur,
3173 996 3402 1048 otiosam
3429 993 3451 1025 δ

1873 1089 2031 1142 fidem
2063 1095 2257 1146 artitici
2293 1107 2551 1146 sermone
2581 1093 2847 1146 conteris.
2875 1091 2969 1146 Dic
3000 1090 3205 1152 statim,
3231 1097 3283 1141 et
3318 1085 3449 1155 Epi-

1869 1181 2008 1235 stola
2061 1193 2149 1236 tua
2189 1185 2292 1239 hoc
2344 1185 2544 1240 habeat
2580 1185 2903 1247 exordium,
2937 1184 3222 1238 anathema
3254 1181 3325 1246 ei,
3355 1178 3448 1248 qui

1871 1275 2000 1329 talia
2039 1290 2205 1329 ausus
2247 1287 2328 1330 est
2390 1279 2652 1333 scribere.
2698 1277 2862 1333 Fides
2907 1293 3039 1346 pura
3091 1290 3299 1331 moram
3341 1290 3449 1329 non

1870 1369 2094 1434 patitur.
2130 1366 2198 1422 Ut
2232 1375 2550 1438 apparuerit
2586 1373 2861 1440 scorpius,
2911 1369 3054 1422 illico
3083 1368 3451 1422 conterendus

1873 1471 1979 1514 est.
2019 1462 2185 1516 David
2213 1463 2468 1516 inventus
2494 1465 2792 1518 secundum
2814 1477 2909 1516 cor
2942 1460 3180 1533 Domini,
3208 1457 3449 1522 «Nonne,

1872 1554 2079 1620 inquit,
2131 1556 2378 1610 odicntes
2411 1564 2479 1617 te,
2518 1554 2767 1618 Domine,
2791 1557 3041 1617 oderam,
3073 1563 3126 1606 et
3160 1568 3324 1621 super
3353 1553 3454 1604 ini-

1872 1647 2046 1701 micos
2079 1658 2201 1702 tuos
2250 1648 2642 1703 tabescebam?
2689 1647 2937 1702 Perfecto
2971 1647 3098 1700 odio
3129 1645 3353 1700 oderam
3385 1644 3453 1696 il.

1872 1742 1951 1795 los
1981 1740 2159 1810 (Psal.
2193 1757 2458 1806 cxxxvm,
2508 1741 2568 1794 21
2599 1779 2614 1804 ,
2647 1739 2759 1805 22).
2802 1757 2820 1790 ι
2885 1737 2995 1807 Ego
3042 1739 3086 1792 si
3139 1745 3373 1808 putrem,
3405 1736 3450 1789 si

1879 1843 2129 1896 matrem,
2158 1832 2201 1884 si
2258 1847 2576 1899 germanum
2618 1831 2883 1884 adversus
2934 1829 3210 1883 Christum
3269 1842 3448 1881 meum

1875 1924 2204 1979 audivissent
2261 1926 2362 1979 ista
2395 1925 2661 1989 dicentes,
2712 1923 2867 1993 quasi
2911 1922 3084 1975 rabidi
3117 1921 3270 1976 canis
3303 1921 3451 1974 blas-

1874 2019 2186 2088 phemautia
2215 2033 2309 2072 ora
2345 2017 2691 2077 lacerassent,
2727 2029 2781 2070 et
2817 2015 3010 2070 fuisset
3041 2014 3094 2066 in
3129 2012 3318 2081 primis
3337 2027 3448 2064 ma-

1876 2129 1978 2166 nus
2028 2127 2146 2166 mea
2181 2127 2345 2178 super
2373 2124 2487 2165 eos.
2543 2109 2644 2174 Qui
2697 2109 2833 2176 patri
2868 2118 2917 2163 et
2960 2107 3120 2161 matri
3147 2105 3403 2160 dixerunt
3435 2120 3452 2159 :

1879 2207 1998 2259 Non
2027 2208 2262 2259 norimus
2296 2221 2382 2258 vos
2417 2204 2594 2272 (Dent.
2634 2219 2802 2258 sum
2825 2243 2840 2266 ,
2874 2203 2963 2271 9),
3002 2201 3055 2255 hi
3093 2201 3456 2269 impleverunt

1875 2303 2207 2353 volunt-item
2247 2299 2478 2355 Domini.
2512 2297 2808 2366 Quidiligit
2865 2307 3073 2364 patrem
3096 2303 3188 2347 aut
3223 2301 3451 2345 matrem

1875 2408 2041 2460 super
2069 2391 2376 2455 Christum,
2415 2407 2522 2444 non
2557 2401 2640 2444 est
2681 2405 2747 2444 eo
2771 2389 2968 2458 dignus
3001 2385 3220 2456 (Matth.
3249 2401 3304 2450 ι,
3335 2384 3452 2452 57).

1950 2486 1999 2540 9.
2049 2484 2342 2539 Iurisibiles
2377 2493 2502 2538 sunt
2555 2483 2750 2553 angeli.
2781 2481 3091 2550 Hieronymi
3132 2494 3268 2548 pura
3317 2476 3450 2545 ﬁdes

1875 2593 1939 2632 cc
1991 2577 2296 2630 sinceritas.
2338 2603 2401 2612 —
2430 2573 2705 2642 Objicitur
2740 2573 2861 2635 tibi,
2889 2571 3032 2640 quod
3075 2571 3333 2638 magister
3365 2577 3457 2624 tu-

1879 2685 1967 2727 us.
1990 2683 2152 2736 quem
2172 2666 2501 2720 catholicum
2538 2680 2722 2728 vocas,
2751 2679 2913 2732 quem
2949 2661 3196 2717 defendis
3226 2660 3450 2722 obnixe,

1876 2762 2077 2814 dixerit
2111 2776 2124 2812 :
2163 2778 2180 2810 ι
2222 2758 2395 2813 Filius
2427 2773 2533 2810 non
2571 2757 2714 2810 videt
2749 2757 3000 2818 Patrem;
3035 2763 3086 2809 et
3121 2753 3316 2808 Filium
3347 2766 3454 2805 non

1876 2855 2022 2908 videt
2069 2853 2307 2921 Spiritus
2345 2861 2593 2906 sanctus.
2658 2848 2721 2902 Et
2770 2857 2826 2901 ιιι
2872 2848 3002 2900 milii
3035 2846 3173 2899 dicis
3209 2859 3224 2896 :
3255 2841 3456 2897 Invisi-

1880 2947 2002 3000 bilis
2042 2945 2223 3007 Pater,
2259 2943 2550 2997 invisibilis
2609 2941 2805 3003 Filius,
2862 2939 3156 2992 invisibilis
3221 2935 3458 3004 Spiritus

1879 3047 2100 3092 sanctus
2136 3054 2149 3089 :
2187 3054 2204 3087 ι
2230 3036 2385 3105 quasi
2413 3050 2519 3087 uou
2551 3047 2603 3088 et
2631 3033 2807 3097 angeli
2827 3043 2879 3086 et
2908 3031 3202 3086 Cberubim
3227 3028 3461 3083 etSera-

1879 3131 2051 3200 pbim,
2071 3129 2371 3184 secundum
2401 3137 2648 3180 naturam
2669 3142 2822 3180 suam
2849 3125 3024 3180 oculis
3044 3122 3246 3178 nostris
3269 3121 3461 3176 invisi-

1881 3224 2016 3277 biles
2046 3221 2192 3276 siut?
2228 3221 2388 3276 Certe
2419 3221 2585 3274 David
2631 3221 2792 3274 etiam
2825 3221 2890 3272 de
2939 3227 3160 3287 aspectu
3193 3216 3456 3270 caelorum

1880 3314 2136 3367 dutitans
2169 3329 2182 3367 :
2220 3332 2236 3362 ι
2261 3313 2482 3375 Videbo,
2517 3311 2716 3378 inquit.
2749 3315 3123 3380 cmlos,opera
3160 3306 3456 3374 digitorum

1881 3414 2097 3457 tuorum
2127 3403 2299 3471 (Psal.
2321 3420 2436 3469 vttl,
2469 3404 2544 3470 4).
2581 3424 2598 3455 ι
2639 3403 2870 3468 Videbo,
2892 3417 3000 3456 non
3025 3402 3201 3456 video.
3229 3399 3455 3465 Videbo,

1882 3497 2101 3564 quando
2135 3496 2269 3550 facie
2311 3498 2549 3550 revelata
2581 3497 2821 3565 gloriam
2875 3494 3087 3547 Dutniui
3133 3493 3289 3548 fuero
3321 3509 3459 3545 con-

1884 3586 2176 3652 templatus
2210 3598 2224 3639 ε
2261 3600 2408 3638 nunc
2459 3596 2640 3638 autem
2695 3601 2759 3638 es
2796 3593 2947 3650 parte
3003 3583 3278 3645 videmus,
3310 3591 3364 3634 et
3391 3596 3458 3634 ex

1887 3688 2039 3747 parte
2068 3679 2453 3748 cognoscimus
2487 3675 2539 3742 (I
2577 3675 2704 3731 Cor.
2736 3691 2853 3739 sttt,
2887 3675 2964 3743 9).
2993 3674 3271 3740 Quaeritur
3295 3672 3462 3744 416

1885 3785 1952 3822 an
1983 3770 2196 3824 Patrem
2231 3767 2412 3822 videat
2445 3768 2614 3822 Filius
2649 3786 2662 3821 ε
2696 3775 2748 3820 et
2781 3778 2834 3820 ιιι
2875 3767 3015 3820 dicis
3053 3782 3066 3818 :
3106 3783 3125 3816 ι
3164 3765 3460 3819 Invisibilis

1887 3861 2046 3917 Pater
2074 3871 2176 3915 est.
2215 3880 2233 3913 ι
2276 3859 2618 3914 Deliberatur
2656 3875 2724 3912 an
2751 3857 2946 3913 Filium
3002 3859 3182 3912 videat
3218 3857 3459 3925 Spiritus

1887 3964 2108 4008 sanctus.
2143 3969 2157 4006 :
2198 3963 2254 4007 et
2285 3960 2342 4006 tu
2384 3953 2712 4020 respondes,
2757 3950 3085 4006 «invisibilis
3115 3961 3194 4004 est
3228 3949 3457 4004 Filiusa

1889 4048 2151 4102 Versatur
2193 4047 2246 4098 in
2287 4061 2474 4108 causa,
2503 4060 2570 4098 an
2608 4060 2666 4099 se
2701 4045 2933 4099 invicem
2982 4041 3224 4097 Trinitas
3258 4042 3462 4106 videat,

1889 4140 2142 4194 humana:
2176 4152 2340 4192 aures
2377 4147 2581 4192 tantam
2629 4135 3022 4206 blasphemiam
3056 4135 3199 4189 ferre
3229 4148 3337 4188 non
3366 4148 3465 4188 sn-

1889 4231 2088 4285 stitient
2122 4245 2137 4282 :
2175 4239 2227 4283 et
2257 4239 2313 4282 tu
2354 4227 2517 4294 dicis,
2550 4244 2568 4279 ι
2613 4225 2906 4282 Invisibilis
2930 4223 3172 4279 Trinitas
3203 4233 3309 4278 est.
3348 4240 3368 4274 ι
3407 4223 3464 4276 In

1889 4323 2084 4377 laudes
2115 4330 2342 4376 caeteras
2394 4319 2646 4390 evagatis
2683 4337 2695 4372 :
2727 4331 2952 4387 peroras
2975 4316 3030 4370 in
3059 4315 3169 4382 his,
3199 4330 3320 4385 quae
3343 4314 3466 4368 nul-

1891 4415 1979 4470 lus
2012 4411 2256 4483 inquirit.
2316 4412 2635 4466 Auditorum
2691 4411 2956 4465 aliorsum
3006 4409 3200 4472 trahis,
3230 4409 3464 4478 utquod

1890 4507 2211 4575 quaerimus,
2242 4521 2349 4560 non
2405 4505 2668 4576 loquaris.
2699 4502 2902 4559 Verum
2950 4504 3064 4558 hac
3087 4517 3152 4557 ea
3186 4503 3468 4572 superﬂuo

193 4610 304 4649 nus
329 4595 378 4646 '.
407 4589 553 4657 Quid
589 4590 720 4644 mihi
758 4590 926 4659 longo
985 4603 1242 4646 sermOne
1289 4599 1343 4645 et
1374 4591 1657 4649 laciniosis
1689 4611 1782 4665 pe-
1816 4615 1859 4671 ι)
1893 4602 2037 4657 dicta
2074 4601 2205 4656 sint.
2239 4599 2518 4653 Donamus
2549 4598 2645 4653 tibi
2705 4607 2765 4652 ut
2795 4613 2904 4652 non
2939 4600 3013 4651 sis
3037 4595 3279 4652 Arianus
3307 4611 3324 4651 :
3356 4597 3468 4649 imo

193 4687 381 4741 riodis
405 4685 674 4739 Arianum
709 4691 761 4738 te
796 4699 904 4737 non
934 4698 1056 4738 esse
1088 4684 1482 4740 demonstras?
1509 4690 1619 4742 Aut
1651 4704 1788 4759 nega

198 4787 307 4834 hoc
347 4778 560 4832 dixisse
596 4791 757 4840 eum,
812 4777 903 4848 qui
933 4776 1182 4844 arguitur
1218 4797 1232 4832 :
1269 4786 1365 4832 aut
1393 4780 1437 4834 si
1467 4780 1683 4836 locutus
1707 4791 1792 4837 est

200 4875 363 4940 talia,
391 4871 619 4935 damna,
646 4869 774 4938 quia
813 4868 1010 4923 dixerit
1041 4869 1083 4922 ³.
1121 4867 1211 4923 Vis
1245 4870 1388 4928 scire
1440 4880 1678 4942 quantus
1718 4874 1790 4930 sit

278 5105 296 5136 ⁸
331 5101 472 5155 Cum
509 5113 702 5166 nempe
733 5108 888 5151 antea
947 5096 1245 5152 Macedonii
1288 5099 1536 5154 haeresim
1563 5117 1786 5158 secu'us

200 5175 282 5230 sit
321 5171 412 5226 lo.
439 5170 992 5238 Hierosolymitanus,
1016 5168 1154 5238 ets.
1186 5168 1424 5234 Spiritus
1451 5171 1790 5228 divinitatem

202 5244 510 5315 nfga'erit.
540 5236 906 5315 subdit
941 5239 1009 5291 de
1029 5236 1356 5315 Pi-a'textatti
1393 5242 1560 5293 altera
1601 5258 1796 5315 ρδρτο-

205 5307 396 5371 ΙπΞιιο
425 5320 511 5365 est
553 5311 606 5362 in
632 5307 920 5368 Joannem.
958 5312 1050 5374 qui
1089 5309 1338 5362 utilitatis
1362 5325 1523 5363 causa
1557 5327 1585 5364 a
1616 5307 1793 5367 Mace-

204 5384 473 5440 donianis
517 5380 770 5444 secessit,
799 5387 854 5432 et
887 5378 1023 5432 nihil
1065 5395 1169 5432 non
1203 5380 1396 5444 movit,
1424 5390 1481 5433 ut
1547 5382 1798 5439 Hieroso.

207 5451 844 5526 lymignus‘episcopns
855 5450 1031 5526 tieret,

286 5528 307 5558 ²
345 5520 474 5577 Vid.
504 5521 781 5575 Ammian.
825 5519 1130 5574 Marcellin.
1177 5520 1274 5573 lib.
1319 5534 1492 5584 utut,
1533 5535 1584 5575 c.
1612 5524 1666 5588 5,
1709 5525 1800 5581 ubi

208 5598 277 5650 de
319 5593 394 5648 Β.
420 5590 626 5646 Pontif.
651 5589 1056 5658 magniﬁcentia
1104 5591 1369 5659 loquitur.

284 5667 304 5696 ³
336 5663 480 5716 Olim
513 5672 651 5728 erat,
682 5663 788 5712 Ant
821 5663 863 5713 si
895 5660 1105 5714 locutus
1137 5670 1213 5715 est
1244 5661 1399 5725 talia,
1425 5675 1541 5712 eum
1587 5663 1786 5719 damna

209 5740 301 5802 qui
345 5733 564 5786 dixerit.

282 5813 304 5836 δ
351 5805 720 5870 Heposuimns
748 5801 977 5856 otiosam
1026 5816 1089 5854 ex
1123 5799 1226 5854 [ide
1258 5816 1386 5856 mss.
1423 5810 1477 5852 et
1530 5807 1788 5858 vetustio-

219 5891 342 5930 rum
393 5876 724 5939 editionum,
753 5875 873 5941 ipso
907 5872 1068 5928 etiam
1099 5881 1323 5941 cogente
1360 5870 1625 5928 orationis
1655 5893 1783 5930 con-

1894 4695 2040 4764 plus,
2073 4703 2131 4746 ut
2159 4707 2438 4761 nunquam
2489 4690 2675 4744 fueris.
2701 4689 3087 4751 Concedimus,
3120 4699 3179 4742 ut
3214 4690 3270 4744 in
3300 4703 3470 4757 espo-

1895 4788 2098 4842 sitione
2129 4787 2291 4855 primi
2326 4785 2579 4854 capituli,
2617 4787 2907 4840 adversum
2941 4793 2993 4838 te
3020 4782 3166 4836 nulla
3225 4783 3470 4852 suspicio

1893 4880 1985 4944 sit,
2012 4889 2066 4934 et
2093 4888 2264 4933 totum
2326 4893 2486 4948 pure,
2519 4887 2693 4931 totum
2742 4875 3066 4946 simpliciter
3114 4877 3191 4931 sis
3227 4877 3466 4943 locutus,

1900 5117 2070 5160 testu.
2110 5104 2242 5158 Puta
2277 5106 2382 5158 dici
2415 5104 2632 5159 inanem
2668 5104 2784 5157 sive
2815 5101 3058 5156 inutilem
3100 5117 3162 5155 ac
3188 5103 3458 5172 supernu-

1902 5192 1988 5230 am
2025 5177 2207 5231 fidem.
2275 5176 2350 5227 Eo
2378 5191 2538 5229 sensu
2575 5172 2939 5240 Quintilianus
2989 5174 3213 5225 otiosum
3270 5190 3468 5226 sermo-

1904 5263 2019 5299 nem
2051 5248 2210 5304 dixit.
2253 5257 2310 5299 ut
2339 5246 2406 5298 ab
2451 5245 2573 5298 aliis
2625 5245 2888 5311 exemplis
2938 5243 3263 5297 abstineam.
3308 5243 3467 5297 Eras-

1909 5333 2031 5369 mus
2089 5318 2369 5369 maluisset
2415 5317 2658 5376 enodam,
2691 5317 2804 5366 sive
2829 5315 3065 5366 enodem.
3106 5311 3380 5365 Vtetorins
3413 5325 3469 5368 et

1911 5386 2257 5440 Martianaens
2281 5401 2486 5438 erosam
2528 5387 2733 5453 legunt.
2773 5413 2838 5423 —
2881 5384 3103 5436 Erosam
3147 5383 3321 5451 ﬁdem.
3349 5383 3467 5439 Non

1909 5474 2160 5517 cerasum,
2201 5458 2294 5510 sed
2338 5457 2561 5508 otiosam
2608 5457 2767 5508 fidem
2802 5454 2984 5522 legunt
3037 5468 3167 5506 tnss.
3222 5456 3464 5509 codices.

1906 5526 2142 5594 Conjicit
2171 5527 2432 5579 Erasmus
2472 5527 2754 5592 legendum
2806 5525 3051 5585 enodem,
3087 5524 3201 5576 sive
3245 5527 3463 5576 enodem

1903 5600 2084 5663 ﬁdem,
2115 5597 2164 5648 id
2197 5605 2276 5649 est
2309 5597 2633 5665 simplicem.
2660 5607 2713 5648 et
2744 5595 2874 5646 nihil
2914 5596 3198 5646 habentem
3222 5596 3462 5647 distorti.

1902 5670 2055 5732 Quod
2092 5667 2369 5720 Marianos
2400 5671 2679 5734 impugnat
2716 5666 2769 5717 in
2801 5665 2918 5718 suis
2949 5665 3463 5734 scholiis,probas

1904 5754 2108 5790 erasnm
2161 5739 2318 5789 fidem
2369 5733 2673 5804 legendum,
2743 5736 2841 5789 hoc
2901 5745 2981 5788 (Si
3033 5751 3140 5788 non
3200 5733 3462 5802 integram

1899 5823 2068 5876 neque
2116 5821 2324 5862 sanam.
2361 5805 2620 5860 MAIH‘IMV.
