4202 6528
724 454 830 518 3Ἱ9

1904 461 1966 520 S.
2007 461 2320 523 EUSEBII
2378 463 2820 527 HIERONYMI

3896 471 4002 534 380

722 572 912 626 eadem
973 571 1326 641 simplicitate
1358 581 1414 627 et
1449 588 1552 628 nos
1595 584 1775 630 tecum
1836 579 2132 646 loquimur.
2173 579 2308 634 Nunt
2346 584 2384 640 Α
2418 580 2586 636 Isaias
2618 581 2854 650 Virginis
2883 583 3318 648 demonstrator,
3338 585 3433 654 qui
3469 585 3521 638 in
3560 599 3670 639 una
3700 586 4006 654 quaestione

728 679 868 732 papa
903 665 1237 734 Epiphanius
1270 669 1550 722 accusavit
1589 678 1662 732 te,
1689 670 1829 738 quod
1861 673 2096 726 At-iattus
2115 675 2309 729 esses?

727 756 864 810 Num
902 756 1153 811 Eunomii
1183 759 1345 812 ἀθέου
1378 760 1415 824 ί,
1452 771 1545 814 aut
1576 761 1714 815 Αιῖῐιὶ
1748 765 1767 794 ²
1807 764 1902 818 tibi
1949 766 2171 835 impegit
2202 770 2308 820 lue-

727 849 1079 905 rrsiut?lluc
1134 866 1229 922 per
1260 861 1426 907 totam
1479 852 1781 923 Epistolam
1838 860 2102 927 qu:B|‘illll'
2160 861 2304 926 qqu

721 940 976 1010 Ot'igenis
1030 943 1341 1013 dogtnatum
1394 947 1648 1015 sequaris
1677 962 1914 1008 etrores.
1944 958 1998 1002 et
2039 951 2304 1018 quosdam

721 1036 924 1091 habeas
963 1038 1125 1105 hujus
1164 1037 1436 1093 haereseos
1487 1040 1689 1096 socios.
1729 1041 1838 1095 Cur
1875 1041 2023 1096 aliud
2063 1042 2306 1097 interro-

719 1133 898 1193 gatus,
953 1127 1252 1195 respondes
1304 1128 1481 1194 aliud,
1515 1139 1569 1185 et
1623 1133 1778 1201 quasi
1831 1147 1956 1189 cum
1999 1137 2183 1190 stultis
2229 1137 2306 1190 lo-

721 1220 914 1286 quaris
950 1217 1314 1276 dissimulatis
1345 1221 1692 1285 criminibus,
1714 1239 1834 1294 quae
1864 1224 1918 1278 in
1953 1226 2150 1281 litteris
2174 1243 2304 1281 con-

722 1314 980 1377 tinentur,
1015 1311 1147 1381 quid
1191 1312 1244 1366 in
1283 1313 1522 1368 Ecclesia
1548 1317 1797 1383 praesenti
1825 1317 2126 1387 Epiphanio
2155 1320 2308 1373 dixe-

723 1401 797 1455 ris
821 1399 844 1452 ?
869 1402 1293 1460 Confessionem
1331 1404 1451 1460 fidei
1478 1408 1798 1476 postularis,
1833 1423 1888 1464 et
1915 1411 2307 1470 disertissimos

723 1501 990 1549 tractatus
1030 1505 1151 1551 tuos
1184 1497 1494 1555 nolentibus
1526 1500 1771 1570 ingeris?
1801 1504 2217 1570 Qumsodcctor,
2247 1517 2308 1561 ut

719 1599 932 1640 memor
964 1588 1494 1659 tribunalisDomini,
1531 1609 1586 1650 et
1615 1599 1681 1650 de
1707 1597 1912 1667 judicio
1931 1608 2023 1651 tuo
2055 1609 2106 1654 te
2140 1602 2305 1655 intel-

722 1680 893 1748 ligens
911 1680 1289 1752 judicandum,
1322 1703 1424 1741 nec
1453 1689 1606 1754 mihi,
1633 1703 1732 1746 nec
1762 1691 2072 1749 adversario
2095 1691 2294 1760 faveas,

721 1788 858 1826 ttOve
918 1789 1182 1843 personas
1229 1777 1590 1849 loquentium,
1635 1782 1728 1836 sed
1781 1798 2003 1840 causam
2056 1787 2302 1842 conside-

718 1881 828 1921 res.
887 1866 1140 1926 Dicamus
1216 1887 1345 1944 ergo
1381 1874 1528 1940 quod
1585 1877 1880 1945 ctep‘mus.

795 2056 880 2110 10.
916 2055 1094 2112 Isaias
1131 2058 1363 2129 Virginis
1395 2060 1815 2117 demonstrator.
1850 2063 2060 2119 Scribis
2083 2065 2135 2120 in
2174 2065 2303 2137 Epi-

720 2150 865 2205 stola
903 2161 1014 2215 tua,
1049 2151 1195 2220 quod
1259 2161 1555 2223 antequam
1618 2153 1971 2210 Paulinianus
2017 2159 2302 2229 presbyter

719 2249 895 2314 fieret,
954 2265 1234 2316 nunquam
1281 2258 1332 2303 te
1401 2264 1538 2318 papa
1601 2249 1940 2318 Epiphanius
1979 2266 2145 2318 super
2180 2252 2298 2306 Ori-

715 2343 870 2412 genis
906 2358 1096 2398 errore
1141 2345 1417 2397 convenit.
1458 2343 1699 2397 Primum
1749 2345 1973 2398 dubium
2010 2355 2113 2405 est.
2148 2355 2202 2400 et
2236 2347 2301 2401 de

716 2437 966 2503 personis
993 2435 1228 2503 disputo.
1285 2436 1378 2490 Ille
1417 2436 1686 2506 obiecisse
1717 2453 1775 2491 se
1800 2438 1955 2503 dicit,
1986 2446 2044 2492 tu
2078 2435 2245 2508 negas
2280 2456 2295 2492 :

716 2530 804 2585 ille
831 2538 998 2583 testes
1030 2528 1256 2598 profert,
1292 2538 1346 2584 ttt
1382 2545 1488 2583 n0u
1527 2531 1608 2583 vis
1641 2530 1830 2584 audire
1862 2531 2177 2596 productos.
2207 2533 2299 2588 llle

713 2625 875 2675 etiam
913 2635 1305 2676 commemorat
1356 2623 1521 2676 alium
1554 2639 1676 2677 esse
1721 2633 2080 2684 conventum,
2117 2636 2169 2678 tu
2203 2641 2298 2692 pro

717 2723 952 2782 utroque
980 2714 1297 2768 dissimulas
1327 2730 1345 2768 :
1380 2715 1548 2770 mittit
1583 2716 1691 2776 tibi,
1711 2732 1806 2784 per
1831 2717 2091 2770 clericum
2136 2733 2294 2773 suum

711 2801 1023 2870 epistolam,
1108 2803 1519 2870 responsionem
1577 2805 1779 2871 ﬂagitat
1832 2817 2052 2870 :taces,
2097 2810 2297 2863 mutire

713 2911 819 2947 ttott
871 2896 1060 2955 audes.
1094 2904 1145 2948 et
1186 2898 1487 2951 Palaestina:
1547 2909 1900 2967 provocatus,
1949 2901 2298 2955 Alexandriae

712 2986 974 3054 loqueris.
1024 2987 1167 3041 lttter
1214 2988 1365 3042 illum
1406 2998 1458 3042 et
1493 2999 1563 3055 te,
1603 2991 1690 3043 cui
1747 2993 2204 3047 accommodanda
2227 2994 2298 3048 sit

712 3078 866 3142 ﬁdes,
907 3094 1012 3133 non
1057 3088 1141 3133 est
1174 3094 1353 3134 meum
1391 3081 1595 3136 dicere.
1651 3081 1788 3135 Puto
1845 3084 1988 3151 quod
2047 3098 2147 3138 nec
2179 3086 2296 3150 ipse

711 3174 916 3224 audeas
969 3171 1261 3225 adversum
1336 3174 1495 3227 talem
1541 3188 1603 3226 ac
1672 3183 1876 3227 tantum
1939 3176 2136 3241 virum,
2201 3177 2292 3230 tibi

2411 675 2776 728 succumbens
2827 674 2900 727 ait
2940 692 2952 729 :
2991 674 3389 730 Cenerationem
3439 677 3555 744 ejus
3578 694 3694 747 quis
3725 678 4003 731 enarrabit

2410 763 2552 828 (lsu.
2584 780 2702 828 Lttt,
2759 765 2855 829 8)?
2888 765 3160 836 ilepertus
3199 777 3283 822 est
3331 769 3548 823 saxulis
3594 772 3800 822 nostris
3857 771 3998 822 haud

2409 859 2632 927 grandis
2658 860 3006 922 homuculus,
3043 862 3136 930 qui
3163 863 3228 914 de
3282 861 3500 916 cunctis
3533 859 3791 916 Ecclesia:
3849 879 4001 932 quae-

2410 952 2680 1006 stionibus
2708 968 2820 1006 uno
2875 953 3073 1021 linguae
3106 963 3281 1007 rotatu
3302 954 3414 1009 sole
3434 954 3635 1009 clarius
3658 967 3995 1010 coruscant.

2411 1047 2466 1100 Si
2513 1061 2676 1100 nemo
2708 1062 2736 1098 a
2766 1055 2816 1099 te
2851 1047 3178 1114 postulabat,
3205 1058 3259 1099 et
3281 1049 3577 1118 tranquilla
3607 1057 3762 1103 erant
3787 1050 3995 1110 omnia,

2408 1140 2574 1192 stulte
2608 1148 2756 1192 tanta
2786 1137 3104 1208 disputandi
3142 1139 3362 1194 voluisti
3395 1143 3590 1195 subire
3643 1141 3994 1196 discrimina.

2412 1231 2467 1283 Si
2502 1230 2616 1300 jam
2655 1242 2784 1286 tunc
2815 1232 2869 1286 in
2895 1231 3278 1287 satisfactione
3324 1232 3448 1286 ﬁdei
3492 1234 3828 1304 loquebaris,
3860 1249 3998 1305 ergo

2411 1339 2519 1377 non
2569 1333 2653 1379 est
2720 1326 2994 1379 ordinatio
3049 1325 3378 1397 presbyteri,
3428 1340 3591 1380 causa
3655 1326 3991 1382 discordiae:

2407 1433 2570 1485 quem
2606 1425 2828 1472 constat
2883 1418 3058 1471 multo
3112 1429 3238 1489 post
3293 1428 3540 1489 tempore
3601 1419 3993 1474 constitutum.

2410 1507 2671 1563 Fcfellisti
2704 1510 2981 1574 absentes,
3006 1519 3062 1565 et
3098 1511 3295 1567 littera
3347 1522 3455 1568 tua
3489 1513 3794 1583 peregrinis
3836 1516 3995 1568 auri-

2409 1601 2511 1654 bus
2542 1601 2921 1658 blandiuntur.

2482 1693 2570 1749 Η.
2599 1695 3180 1765 Anthrapomorpltita.
3204 1727 3275 1741 -—
3299 1695 3415 1753 Nos
3450 1698 3542 1753 hic
3575 1711 3822 1762 eramus.
3848 1715 3994 1754 cun—

2407 1797 2494 1842 cta
2524 1790 2802 1854 novimus,
2837 1789 3063 1857 quando
3095 1801 3286 1845 contra
3326 1790 3619 1860 Origouem
3649 1794 3704 1847 in
3738 1794 3993 1848 Ecclesia

2408 1891 2501 1935 tua
2567 1896 2704 1952 papa
2759 1880 3101 1951 Epiphanius
3168 1883 3500 1952 loquebatur
3548 1887 3828 1956 :quando
3885 1887 3996 1942 sub

2405 1974 2549 2028 illius
2603 1975 2825 2029 nomine
2879 1975 2934 2028 in
3002 1990 3100 2031 vos
3159 1974 3277 2046 [ΑΙ.
3335 1975 3458 2049 nos]
3500 1977 3681 2047 iacula
3761 1987 3994 2045 torque-

2405 2068 2631 2120 bantur.
2666 2067 2746 2120 Tu
2774 2077 2827 2121 et
2861 2066 3066 2122 chorus
3116 2076 3246 2122 tuus
3277 2067 3482 2123 canino
3537 2069 3704 2136 rictu,
3737 2071 3997 2125 naribus-

2400 2169 2504 2221 que
2537 2156 2864 2219 contractis,
2901 2157 3217 2226 scalpentes
3273 2159 3481 2228 capita,
3509 2159 3746 2214 delirum
3796 2175 3990 2215 senem

2403 2247 2624 2300 nutibus
2661 2245 3120 2317 'loquebamini.
3182 2250 3374 2305 Nanne
3447 2264 3577 2306 ante
3663 2254 3990 2322 sepulcrum

2405 2336 2621 2393 Domini
2684 2340 2855 2394 misso
2915 2340 3312 2397 archidiacono
3361 2344 3691 2413 prccepisti,
3741 2353 3802 2398 ut
3859 2347 3992 2399 talia

2401 2430 2690 2500 disputans
2747 2432 3199 2489 conticesceret?
3261 2435 3398 2501 Quis
3437 2437 3540 2489 hoc
3574 2453 3818 2506 unquam
3867 2455 3993 2506 pre-

2401 2531 2440 2578 s"
2468 2532 2618 2592 ytero
2641 2540 2742 2577 suo
2769 2539 2954 2579 coram
2992 2526 3151 2593 plebe
3184 2529 3466 2598 imperavit
3499 2529 3612 2600 [ΑΙ.
3643 2531 3992 2604 impetravit]

2399 2616 2691 2682 episcopus
2714 2614 2736 2666 ?
2763 2614 2951 2670 Nonne
2980 2632 3101 2670 cum
3144 2617 3212 2671 de
3243 2621 3496 2672 Anastasi
3529 2621 3552 2650 δ
3588 2623 3892 2687 pergentis
3921 2622 3987 2674 ad

2397 2715 2719 2770 crucem,et
2774 2709 2838 2761 ad
2873 2724 2999 2762 eum
3047 2713 3230 2765 omnis
3279 2714 3456 2766 aetatis
3486 2724 3542 2766 et
3587 2713 3757 2784 418
3821 2730 3991 2769 sexus

2403 2797 2556 2849 tut-ba
2591 2797 2912 2862 conﬂueret,
2955 2800 3191 2857 offerens
3237 2804 3516 2871 parvulos,
3550 2809 3719 2874 pedes
3755 2805 3994 2860 deoscno

2398 2886 2537 2949 laus,
2572 2887 2815 2944 fimbrias
2844 2892 3045 2947 vellens
3078 2909 3363 2962 scutoque
3397 2911 3504 2949 non
3538 2906 3723 2964 posset
3754 2914 3990 2965 pramo—

2400 2994 2523 3032 γυνθ
2551 2981 2803 3048 gradum,
2841 2985 2933 3036 sed
2969 2985 3020 3038 itt
3057 3000 3166 3039 uno
3205 2987 3326 3041 loco
3367 2990 3452 3042 vis
3475 2989 3682 3044 fluctus
3714 2991 3996 3044 inundan-

2399 3077 2470 3126 tis
2521 3073 2705 3141 populi
2759 3076 3080 3140 sustineret,
3120 3088 3175 3132 tu
3235 3087 3414 3137 tortus
3466 3082 3671 3135 invidia
3719 3083 3995 3139 adversus

2397 3163 2693 3230 gloriosum
2753 3182 2939 3221 senem
2998 3169 3322 3227 eiamitabas
3368 3189 3518 3228 :nec
3572 3175 3852 3228 eruhttisti
3925 3178 3984 3229 in

712 3263 1011 3322 veritatem.
1074 3264 1150 3318 im
1210 3265 1556 3319 mendum,“
1620 3266 1785 3338 41⁷
1849 3270 2136 3336 deputare.
2180 3269 2360 3338 sedc
2393 3269 2455 3306 os
2515 3256 2563 3308 ei
2622 3256 2996 3326 dicere,quod
3060 3261 3247 3314 volens
3300 3270 3354 3316 et
3409 3261 3822 3317 de'ittdustria
3860 3280 3994 3317 mo-

712 3355 825 3408 licri
883 3365 1080 3423 potest,
1149 3367 1209 3411 ut
1268 3361 1648 3427 ttnusqtt‘stue
1720 3376 1815 3427 pro
1889 3377 1947 3414 se
2015 3361 2287 3431 loquatur.

712 3444 964 3515 Teipsum
1033 3457 1220 3501 contra
1281 3458 1333 3504 te
1389 3458 1576 3504 testem
1637 3454 1863 3505 vocabo.
1908 3450 1964 3506 Si
1994 3453 2137 3506 enim
2166 3452 2293 3507 nul«

713 3540 759 3598 Is
839 3543 902 3592 de
955 3539 1303 3609 dogmatibus
1380 3543 1612 3610 quaestio
1673 3549 1993 3597 versabatur
2056 3547 2291 3599 :sisto-

712 3631 968 3684 machum
1006 3633 1154 3686 senis
1186 3647 1293 3686 non
1329 3649 1580 3688 moveras
1615 3650 1629 3686 :
1661 3635 1703 3688 si
1736 3635 1822 3688 ille
1851 3634 1944 3688 tibi
1982 3636 2114 3687 nihil
2205 3652 2292 3690 re-

713 3739 740 3776 s
783 3723 1033 3790 onderat,
1062 3725 1188 3794 quid
1244 3741 1465 3780 necesse
1511 3738 1649 3790 erat,
1686 3728 1823 3781 utin
1879 3743 1986 3780 uno
2037 3726 2294 3783 Ecclesia

712 3821 970 3880 tractatu,
1005 3815 1072 3868 de
1128 3817 1342 3871 cunctis
1368 3817 1735 3884 dogmatibus,
1767 3819 1930 3872 homo
1986 3835 2090 3872 non
2159 3820 2293 3873 satis

711 3906 997 3975 eloquens,
1030 3906 1340 3972 disputares
1372 3906 1473 3960 :de
1494 3907 1786 3972 Trinitate,
1816 3909 1880 3962 de
1910 3912 2293 3980 assumptione

716 3999 983 4050 dominici
1017 3999 1287 4066 corporis,
1313 4001 1380 4052 de
1411 4015 1599 4063 cruce,
1636 3999 1703 4053 de
1737 3999 1948 4065 inferis,
1974 4005 2036 4056 de
2069 4005 2292 4070 angelo-

717 4106 835 4142 rum
875 4097 1090 4156 uatura,
1119 4091 1185 4144 de
1233 4092 1544 4144 animarum
1595 4102 1763 4154 statu,
1791 4095 1857 4146 de
1893 4097 2292 4151 resurrectione

715 4185 1044 4248 Salvatoris,
1093 4193 1147 4236 et
1206 4193 1389 4237 nostta
1426 4191 1522 4237 :et
1578 4184 1630 4237 in
1669 4194 1833 4249 terra,
1881 4202 2000 4255 qua:
2060 4187 2289 4242 forsitan

714 4278 918 4331 oblitus
949 4293 1007 4331 es
1046 4277 1310 4338 scribere,
1344 4279 1708 4346 praesentibus
1765 4283 1982 4350 populis
2010 4291 2063 4336 et
2104 4283 2194 4336 tali
2228 4299 2292 4339 ac

716 4381 871 4426 tanto
904 4374 1050 4432 viro,
1082 4369 1386 4437 intrepidus
1420 4370 1636 4425 diceres
1664 4380 1717 4425 et
1749 4374 1934 4425 omnia
1972 4389 2077 4425 una
2112 4374 2284 4428 saliva

717 4462 1110 4516 υοιιιίιιυςιτεηῖ
1146 4461 1244 4516 Ubi
1280 4472 1409 4515 sunt
1458 4471 1670 4516 Veteres
1727 4462 1979 4517 Ecclesiae
2035 4474 2291 4519 tractato-

715 4571 826 4619 res,
864 4558 951 4623 qui
985 4555 1071 4608 vix
1123 4554 1368 4624 singulas
1401 4557 1734 4619 quastiones
1787 4557 2061 4624 explicare
2093 4558 2285 4613 multis

717 4647 1093 4702 Voluminibus
1136 4646 1478 4714 potuerunt?
1525 4646 1612 4700 ubi
1668 4647 1952 4702 electionis
1998 4661 2117 4713 vas,
2162 4649 2291 4702 tuba

718 4739 1025 4806 Evangelii,
1052 4739 1259 4805 rugitus
1295 4739 1468 4792 leonis
1500 4738 1696 4801 nostri,
1717 4739 1998 4794 tonitruus
2020 4741 2288 4808 gentium,

718 4828 918 4882 flumen
953 4826 1285 4893 eloquentia:
1331 4825 1682 4888 Christiaute,
1717 4827 1808 4894 qui
1850 4827 2168 4896 mysterium
2209 4842 2292 4881 re-

719 4927 806 4971 tro
859 4914 1309 4987 generationibus
1375 4915 1678 4984 ignoratum
1735 4915 2028 4986 (Coloss.t,
2088 4915 2202 4980 26),
2233 4925 2287 4970 et

721 5010 1055 5081 proftindum
1117 5005 1438 5060 divitiarum
1476 5005 1758 5073 sapientiae
1803 5015 1856 5059 et
1897 5007 2139 5060 scientiae
2196 5006 2287 5059 Dei

718 5102 892 5170 magis
943 5099 1197 5160 miratur,
1231 5112 1392 5168 quam
1433 5095 1669 5164 loquitur
1705 5095 1878 5162 (Rom.
1932 5113 2005 5161 XI,
2038 5096 2155 5163 35)?
2185 5093 2287 5148 Ubi

795 5212 812 5241 ι
850 5210 990 5263 Nunt
1021 5209 1288 5262 Eunomii.
1322 5207 1682 5261 Sorbonicutu
1712 5208 1986 5276 exgutplar
2016 5224 2118 5260 ms.
2147 5206 2292 5261 Num

718 5280 988 5343 Eunomii,
1042 5283 1094 5332 id
1140 5291 1213 5333 est
1267 5279 1380 5331 sine
1439 5277 1572 5341 Deo,
1625 5287 1718 5329 aut
1773 5274 1891 5329 Erii
1943 5277 2035 5329 tibi
2080 5278 2288 5346 impegit

717 5351 976 5403 Itmresint.
1027 5349 1170 5402 Editi
1207 5349 1470 5401 omittunt
1517 5363 1711 5400 nomen
1771 5346 1935 5408 xErii,
1969 5347 2059 5412 qui
2089 5357 2141 5398 et
2175 5348 2292 5414 ipse

718 5423 954 5474 At-ianus
979 5419 1080 5472 fttit
1112 5434 1176 5472 ac
1224 5418 1537 5472 hereticus.
1576 5416 1708 5469 Vide
1769 5416 2128 5482 Epiphanium
2197 5418 2289 5468 lib.

721 5503 779 5541 ttt
813 5492 881 5542 tle
914 5489 1121 5543 Haeres.
1153 5527 1168 5547 .
1207 5498 1262 5543 et
1306 5487 1601 5554 Augustin.
1633 5488 1686 5540 in
1720 5487 1861 5540 liltro
1895 5486 1959 5539 ad
2001 5485 2292 5549 Quodvult-

721 5565 874 5611 deum
911 5599 925 5613 .
965 5562 1114 5614 Msn‘r
1139 5575 1224 5613 AN.

792 5633 812 5661 ²
845 5631 994 5683 llaud
1021 5632 1158 5685 bene
1192 5629 1440 5684 Martian.
1480 5626 1625 5681 Aerii
1665 5641 1760 5695 pro
1793 5624 1958 5690 rErii,
1987 5625 2131 5694 quod
2159 5625 2294 5680 cele-

720 5699 836 5752 bris
866 5700 1104 5752 heretici
1147 5710 1231 5754 est
1263 5715 1484 5753 nomen.

795 5770 814 5799 ³
846 5767 953 5822 Vox
994 5772 1203 5823 nutibus
1257 5773 1309 5823 in
1365 5770 1526 5822 veteri
1558 5769 1690 5822 edit.
1727 5765 2092 5820 desideratur.
2124 5764 2292 5819 Porro

723 5852 785 5888 es
822 5846 1066 5905 sequenti
1112 5843 1228 5893 loco
1263 5839 1707 5907 antiquissimum
1749 5837 2121 5892 archidiaconi
2180 5851 2290 5888 ma-

728 5922 833 5964 nus
883 5912 1270 5964 animadverte.

2400 3355 2630 3400 rarctur.
2708 3347 3042 3416 Recordare,
3085 3365 3298 3420 quaeso,
3357 3352 3505 3408 illius
3573 3353 3705 3418 diei,
3767 3356 3998 3424 quando

2396 3437 2463 3489 ad
2531 3436 2724 3490 horam
2774 3439 3065 3509 septimam
3127 3442 3390 3496 invitatus
3425 3445 3661 3514 populus
3710 3461 3810 3513 spe
3851 3447 3995 3511 sola,

2393 3529 2553 3592 quasi
2588 3538 2778 3596 postea
2814 3532 3105 3587 auditurus
3147 3534 3522 3603 Epiphanium
3570 3548 3742 3597 esset.
3771 3540 3997 3594 detine-

2396 3619 2580 3685 bntur,
2614 3621 2743 3689 quid
2802 3631 2933 3677 tunc
2967 3623 3332 3680 concinnatus
3392 3626 3492 3681 sis.
3527 3627 3736 3697 Nempe
3793 3643 3998 3685 contra

2398 3717 3021 3787 Anthropomorpbitas,
3057 3721 3151 3788 qui
3179 3721 3540 3791 simplicitate
3573 3724 3785 3777 rustica
3821 3724 3995 3779 Deum

2400 3808 2600 3861 habere
2629 3810 2901 3876 membra,
2930 3825 3052 3878 quae
3086 3812 3142 3865 in
3173 3813 3380 3868 divinis
3410 3813 3567 3869 libris
3599 3814 3812 3885 scripta
3837 3828 3992 3883 sunt,

2397 3901 2762 3963 arbitrantur,
2798 3901 2986 3958 furens
3022 3911 3079 3958 et
3111 3905 3408 3973 indignans
3459 3905 3779 3973 loquebaris
3809 3927 3826 3973 ;
3860 3926 3995 3962 ocuo

2400 3994 2480 4046 los
2514 4005 2567 4047 et
2595 4010 2789 4050 manus
2812 4007 2866 4050 et
2907 3999 3077 4052 totius
3115 3998 3367 4065 corporis
3395 3999 3760 4064 truncum,iu
3797 4016 3994 4056 senem

2394 4086 2691 4152 dirigebas,
2718 4087 2907 4140 volens
2939 4087 3092 4140 illum
3143 4097 3464 4153 suspectum
3522 4089 3713 4145 facere
3775 4094 3999 4148 stultis-

2394 4179 2547 4231 sinue
2575 4178 3174 4249 Ital‘eseos.Postqu.tm
3195 4179 3370 4234 lassus
3385 4196 3481 4234 ore
3504 4183 3684 4244 arido,
3705 4188 4000 4252 resupina-

2395 4286 2502 4338 que
2555 4271 2768 4325 cervice
2825 4286 2891 4326 ac
2928 4273 3297 4326 trementibus
3328 4273 3494 4328 labiis
3542 4275 3897 4339 conticuisti,
3941 4288 3997 4332 rt

2397 4363 2614 4416 tandem
2642 4361 2809 4416 totius
2863 4363 3047 4431 populi
3069 4373 3206 4417 vota
3233 4365 3506 4431 completa
3533 4375 3690 4431 sunt,
3721 4367 3862 4435 quid
3894 4369 3993 4422 tibi

2395 4451 2522 4506 fecit
2550 4451 2755 4506 delirus
2786 4462 2842 4506 et
2873 4452 3058 4508 fatuus
3089 4468 3256 4507 senes
3277 4454 3302 4506 ?
3335 4453 3617 4521 Surrexit,
3654 4467 3718 4510 ut
3754 4472 3815 4512 se
3853 4459 3996 4512 indi-

2393 4553 2547 4598 caret
2570 4559 2741 4612 pauca
2767 4543 3045 4599 dicturum
3096 4560 3243 4608 esse,
3278 4547 3635 4615 salutataque
3678 4561 3742 4602 et
3771 4564 3913 4604 voco
3938 4559 3997 4602 et

2399 4651 2561 4689 manu
2593 4635 2833 4690 Ecclesia
2867 4639 2911 4698 ⁵,
2942 4654 2962 4688 ε
2989 4636 3200 4691 Cuncta
3235 4639 3464 4708 (inquit)
3497 4655 3618 4708 qua:
3658 4640 3887 4696 locutus
3909 4653 3999 4697 est

2401 4727 2627 4792 collegio
2677 4725 2866 4789 frater,
2895 4737 3055 4780 aetate
3090 4729 3235 4781 filius
3287 4744 3466 4791 meus,
3504 4740 3697 4782 contra
3750 4734 4000 4785 Anthro-

2400 4818 2873 4886 pomorpbitarunt
2921 4819 3192 4881 haeresim,
3230 4820 3368 4874 bene
3396 4830 3448 4873 et
3489 4821 3724 4874 ﬁdeliter
3771 4823 3997 4880 locutus

2398 4924 2504 4974 est,
2531 4926 2651 4980 qua:
2683 4925 2802 4964 mea
2832 4926 3050 4979 quoque
3086 4909 3386 4964 damnatur
3423 4927 3578 4967 voce.
3623 4912 3734 4968 Sed
3769 4931 3999 4983 aequum

2398 5014 2503 5067 est,
2536 5013 2592 5057 ut
2645 5003 2918 5071 quomodo
2970 5003 3111 5056 banc
3169 5004 3423 5056 haeresim
3473 5004 3921 5060 condemnamus
3946 5009 3996 5072 ⁸,

2401 5100 2563 5149 etiam
2599 5092 2852 5163 Origeuis
2873 5108 3127 5161 perversa
3167 5094 3424 5163 dogmata
3454 5095 3935 5153 condemnemus.
3972 5119 3992 5149 ι

2469 5210 2489 5240 ⁸
2533 5207 2716 5260 Victor
2744 5207 3064 5268 ἀναστάσει,
3083 5207 3225 5274 quod
3252 5216 3339 5261 est
3365 5208 3429 5261 de
3455 5209 3579 5262 loco
3612 5205 4001 5264 Resurrectio.

2400 5279 2510 5338 nis.
2546 5279 2611 5330 ad
2647 5279 2823 5329 locum
2855 5279 2972 5330 sive
3003 5279 3295 5329 stationem
3347 5279 3557 5332 cruris.
3595 5276 3774 5332 Vetus
3807 5295 3998 5332 autem

2399 5350 2531 5406 edit.
2558 5361 2866 5414 perperam.
2897 5347 3086 5398 Nonne
3108 5361 3228 5398 cum
3254 5363 3364 5411 suto
3391 5364 3510 5400 cum
3537 5348 3630 5401 Dei
3662 5365 3820 5401 sem
3846 5355 4002 5403 Ana-

2401 5421 2568 5471 stasio
2596 5417 2904 5485 pergentis,
2935 5430 3045 5469 etc.

2477 5490 2497 5519 ⁸
2524 5487 2681 5539 Manu
2714 5487 2925 5562 scilicet
2957 5487 3023 5562 ad
3060 5500 3123 5562 os
3157 5485 3286 5562 lata,
3321 5485 3527 5562 deinde
3556 5502 3843 5556 porrecta,
3873 5510 4003 5562 qua

2403 5567 2561 5610 vetus
2583 5564 2701 5607 erat
2776 5555 3131 5608 salutationis
3175 5555 3340 5608 etiam
3394 5555 3793 5616 ecclesiastica
3853 5555 4001 5618 ob..-

2401 5627 2657 5709 suetudo,
2688 5623 2863 5678 Graeci
2888 5625 3076 5678 dicunt
3101 5627 3269 5694 τιμᾷν
3298 5627 3409 5688 τοῖς
3448 5625 3542 5678 διὰ
3579 5631 3789 5701 χειρῶν
3827 5634 3998 5704 ψιλή.

2403 5714 3127 5840 μαξιῄῳειειίἱιηκῦφςωη
3155 5774 3258 5840 est,
3300 5776 3358 5819 ut
3411 5768 3614 5836 liquido
3662 5772 3999 5840 explicemus

2399 5835 2655 5906 quomodo
2688 5834 2823 5887 hanc
2852 5834 3092 5888 haresint
3126 5834 3552 5893 condemnemus.
