4202 6498
201 398 299 466 381

201 625 339 682 puto
372 612 526 681 quod
573 612 835 668 retineas.
866 609 979 665 lloc
1008 620 1090 665 est
1122 610 1252 663 illud
1281 609 1425 681 quod
1463 612 1516 665 in
1552 609 1791 679 Epistola

198 716 292 759 tua
313 704 481 770 dicis,
518 705 831 771 loquentem
871 704 1022 756 illum
1067 703 1127 756 ad
1157 703 1417 772 pupulum
1448 718 1571 771 qua:
1611 703 1792 765 vellet,

198 806 253 851 et
279 797 474 867 qualia
504 796 690 851 vellet.
719 797 934 851 Scilicet
975 797 1269 860 dcliiahat,
1301 789 1469 865 quiin
1507 809 1677 864 regno
1701 803 1795 848 tuo

200 899 401 944 contra
436 900 592 945 tuam
638 890 968 946 seutcntiam
1023 890 1372 958 loquebatur.
1430 890 1561 956 Quas
1611 888 1792 953 vellet,

198 985 417 1053 inquis,
448 995 503 1039 et
533 983 720 1050 qualia
770 984 956 1039 vellet.
1014 984 1109 1039 Vel
1169 984 1351 1048 lauda,
1400 984 1483 1038 vcl
1540 983 1792 1053 rcproba.

198 1077 343 1143 Quid
389 1088 444 1131 et
496 1077 591 1132 hic
646 1078 849 1135 dubius
894 1077 1142 1133 incedis?
1176 1076 1232 1133 Si
1271 1079 1411 1132 bona
1470 1086 1628 1131 erant
1671 1092 1794 1145 quae

199 1173 562 1240 loquebatur.
593 1186 696 1227 cur
748 1189 859 1227 non
916 1182 1105 1241 aperte
1175 1168 1481 1242 praedicas?
1532 1170 1589 1224 Si
1630 1171 1792 1236 mala,

198 1280 301 1317 cur
351 1279 467 1319 non
533 1272 857 1321 constanter
901 1261 1495 1339 reprehendisiAtqui
1540 1264 1794 1318 columna

198 1359 460 1415 veritatis
491 1375 560 1414 ac
593 1360 744 1421 tidei.
772 1359 865 1425 qui
901 1359 968 1413 de
1009 1367 1163 1415 tanto
1201 1358 1321 1412 viro
1364 1358 1527 1413 audet
1577 1358 1784 1423 dicere,

197 1450 467 1518 loquente
499 1450 595 1505 illo
627 1450 695 1505 ad
747 1451 1009 1520 populum
1066 1464 1187 1521 qua
1239 1450 1427 1512 vellet.
1488 1451 1558 1502 de
1616 1450 1798 1518 seipso

200 1558 371 1610 quam
431 1544 740 1613 prudenter
765 1552 820 1598 et
852 1542 1183 1609 verecunde,
1206 1558 1369 1613 quam
1405 1541 1688 1597 humiliter
1714 1557 1800 1597 re—

198 1636 363 1698 ferat.
396 1637 848 1694 consideremus.
884 1659 903 1691 ι
942 1638 1106 1705 Cum,
1127 1638 1327 1708 inquit,
1348 1645 1404 1692 et
1430 1651 1530 1691 nos
1560 1636 1795 1706 quadam

195 1731 286 1783 die
334 1740 469 1785 ante
528 1747 655 1789 eum
714 1732 882 1788 locuti
910 1747 1175 1799 essemus.
1234 1742 1290 1787 et
1340 1746 1580 1800 praesens
1635 1730 1798 1786 lectio

196 1823 539 1897 [Evangelii]
571 1834 947 1895 provocasset,
977 1827 1233 1882 audiente
1262 1825 1360 1881 illo
1429 1834 1484 1881 et
1538 1825 1797 1881 universa
1832 1863 1873 1917 Β

194 1917 477 1983 Ecclesia.
528 1919 597 1973 de
641 1919 745 1974 tide
768 1928 826 1973 et
876 1920 1135 1976 omnibus
1185 1918 1353 1991 6.19
1409 1917 1799 1973 ecclesiasticis

191 2012 558 2076 dogmatibus
621 2014 734 2066 haec
792 2012 959 2067 locuti
1013 2027 1232 2070 sumus.
1273 2025 1398 2080 quae
1453 2020 1509 2065 et
1554 2024 1796 2078 semper.

191 2102 377 2171 gratia
414 2102 539 2168 Dei,
596 2102 969 2158 indesinenter
1019 2104 1074 2159 in
1134 2102 1377 2159 Ecclesia
1416 2102 1697 2163 docemus.
1745 2110 1797 2153 et

192 2195 248 2249 ill
277 2194 704 2250 catechesibus.

265 2286 360 2342 12.
390 2285 567 2342 Pater
586 2288 950 2355 episcoporum
996 2287 1349 2359 Epiphanius.
1384 2325 1453 2336 -
1478 2292 1631 2363 Rogo
1677 2308 1797 2362 quae

191 2390 280 2433 est
318 2381 431 2435 ista
464 2382 829 2450 confidentia,
864 2383 958 2451 qui
998 2393 1183 2439 tantus
1213 2386 1381 2440 animi
1408 2388 1795 2442 tumoricor-

194 2474 340 2543 giam
373 2472 712 2529 Leontinum
731 2477 914 2531 cuncti
945 2477 1255 2545 philosophi
1289 2486 1344 2533 et
1368 2491 1614 2535 oratores
1650 2481 1793 2535 Iace-

197 2576 351 2630 rant,
390 2566 547 2633 quod
585 2582 757 2621 ausus
785 2568 880 2631 sit,
906 2568 1126 2635 publice
1156 2570 1287 2625 sella
1320 2572 1519 2637 posita.
1552 2571 1792 2640 polliceri

195 2673 605 2726 responsurum
641 2674 721 2726 se,
751 2660 819 2714 de
847 2676 954 2730 qua
981 2663 1216 2729 quisque
1258 2679 1315 2717 re
1339 2664 1677 2730 interrogare
1702 2680 1795 2718 vo.

198 2751 421 2808 luisset.
456 2752 579 2808 Nisi
608 2769 695 2809 me
722 2753 900 2809 honor
932 2755 1229 2810 sacerdotii
1279 2766 1333 2812 et
1358 2758 1640 2812 veneratio
1694 2774 1795 2811 no-

194 2848 366 2903 minis
404 2847 738 2906 rel'renaret.
771 2857 825 2901 ct
862 2850 1060 2903 scirem
1126 2850 1258 2903 illud
1293 2851 1537 2917 Apostoli
1578 2869 1591 2905 :
1631 2869 1652 2904 s
1689 2850 1798 2904 Ne-

195 2935 467 3001 sciebam.
511 2940 733 3004 fratres,
772 2942 899 3009 quia
936 2940 1187 3007 pontifex
1218 2951 1298 2995 est
1332 2958 1346 2997 :
1380 2945 1647 3011 scriptum
1709 2955 1795 2999 est

193 3033 343 3085 enim
384 3050 401 3085 :
440 3033 755 3102 Principem
788 3033 973 3101 populi
1000 3034 1075 3088 tui
1132 3050 1238 3088 non
1288 3035 1584 3091 maledices
1649 3037 1793 3099 (Act.

195 3137 354 3181 ιιιιι.
393 3123 463 3189 5;
498 3122 676 3178 Exod.
710 3121 1017 3186 xstt,28),s
1054 3138 1158 3190 qua
1191 3122 1588 3177 vociferatione
1626 3135 1674 3178 et
1712 3125 1794 3176 iu-

1311 403 1563 465 CONTR
1578 402 1616 463 Λ
1660 402 2019 466 JOANNEM
2060 408 2476 476 HIEROSOL.

198 520 305 586 Qui
354 519 508 575 risus
545 519 817 582 omnium.
842 533 966 587 quas
1018 516 1343 571 acclamatio
1372 531 1669 571 consecuta
1698 519 1788 579 sit.
1824 518 1869 572 Α

3363 406 3470 469 382

1972 528 2061 582 15.
2089 525 2424 583 Consuctitdo
2457 528 2699 585 Errlcsia’
2726 549 2818 597 pro
2844 530 3200 602 baptizandis.
3224 560 3295 569 —
3315 529 3477 596 Quis-

1902 634 2142 686 quamne
2172 620 2502 690 prudentum
2533 634 2578 671 ει
2609 623 2723 675 sani
2752 625 2948 687 capitis
2981 624 3033 677 in
3070 639 3182 676 uno
3211 620 3477 676 Ecclesiae

1901 720 2161 774 tractatu,
2195 713 2261 767 de
2300 714 2405 766 line
2437 723 2488 768 ct
2518 714 2583 767 de
2618 714 2871 767 omnibus
2902 714 3294 770 ecclesiasticis
3342 714 3474 778 dog-

1902 806 2141 861 matibus
2176 822 2233 861 sc
2262 816 2477 862 asserat
2509 808 2822 875 diripuisset:
2853 807 2875 859 i
2907 806 3102 873 Qua‘so
3133 816 3182 861 te
3213 815 3269 859 ut
3291 816 3477 859 osten-

1899 897 1995 949 das
2038 896 2192 956 mihi.
2241 912 2360 964 qum
2414 899 2484 951 sit
2527 899 2615 950 illa
2673 896 2851 959 lectio.
2889 904 3003 949 toto
3060 894 3473 963 Scripturarum

1900 1003 2096 1057 sapore
2126 987 2375 1055 condita,
2407 991 2563 1057 cujus
2598 1000 2649 1043 te
2674 989 2894 1044 occasio
2926 988 3260 1051 provocarit.
3300 996 3356 1038 ut
3386 1002 3476 1039 reo

1902 1094 2062 1152 pcnle
2094 1083 2159 1135 ad
2197 1082 2499 1151 periculum
2543 1086 2745 1154 iugi-nil
2795 1082 3209 1140 descenderes?
3251 1082 3315 1135 ιῗι
3369 1080 3474 1134 nisi

1901 1180 1998 1232 tibi
2038 1178 2461 1234 disertitudinis
2500 1188 2609 1234 tua?
2645 1180 2840 1236 fluvius
2874 1180 3223 1243 inundasset.
3259 1190 3480 1250 poteras

1900 1274 2076 1339 argui,
2102 1273 2244 1341 quod
2281 1288 2391 1327 non
2420 1288 2613 1341 posses
2638 1289 2701 1326 ex
2730 1280 2979 1339 tempore
3005 1275 3071 1328 de
3090 1276 3307 1327 cunctis
3338 1271 3478 1336 dog-

1901 1364 2142 1419 matibus
2185 1364 2390 1421 dicere.
2431 1366 2629 1422 Verum
2679 1364 2807 1435 quid
2843 1366 2946 1420 hoc
2991 1374 3075 1419 est
3107 1366 3131 1419 ?
3162 1366 3305 1419 aliud
3356 1381 3479 1435 pro-

1903 1454 2095 1519 mittis,
2127 1466 2182 1511 et
2214 1457 2362 1511 aliud
2396 1459 2642 1513 exhibes.
2696 1457 3057 1513 Consuetudo
3113 1468 3297 1512 autem
3332 1456 3476 1526 apud

1902 1562 2004 1603 nos
2050 1547 2360 1603 istiusmodi
2409 1560 2515 1615 est,
2554 1560 2614 1603 ut
2667 1549 2752 1605 his
2803 1548 2897 1618 qui
2948 1548 3263 1615 baptizandi
3315 1558 3467 1609 sunt.

1900 1640 2066 1715 420
2092 1657 2186 1711 ρει-
2208 1641 2561 1710 quadraginta
2595 1642 2730 1705 dies.
2760 1641 2977 1711 publice
3023 1641 3308 1696 tradamus
3354 1656 3482 1696 san-

1904 1743 2051 1789 ctam
2089 1742 2143 1789 et
2172 1733 2508 1789 adorandam
2540 1734 2865 1789 Trinitatem
2921 1734 3068 1804 (lidei
3103 1734 3477 1805 Symbolum).

1906 1824 1964 1881 Si
1996 1836 2050 1883 te
2081 1842 2327 1897 prasens
2357 1828 2525 1883 lectio
2556 1827 2900 1897 provocavit,
2928 1837 2988 1880 ut
3009 1828 3075 1881 de
3106 1828 3321 1883 cunctis
3347 1828 3484 1896 dog-

1905 1920 2145 1975 matibus
2191 1936 2297 1975 una
2330 1920 2461 1974 hora
2500 1919 2732 1985 diceres,
2768 1918 2899 1989 quid
2934 1932 3160 1973 necesse
3207 1919 3307 1973 fuit
3344 1936 3485 1989 qna-

1902 2012 2153 2079 draginta
2187 2012 2399 2065 dierum
2454 2012 2724 2081 replicare
2772 2011 3080 2065 doctrinam
3112 2010 3136 2064 ?
3171 2009 3267 2065 Sin
3301 2020 3482 2067 autem

1901 2120 1964 2159 ea
2003 2104 2301 2166 referebas,
2329 2119 2452 2172 qua
2483 2119 2580 2173 per
2613 2112 2783 2157 totam
2818 2104 3302 2175 quadragesimam
3332 2105 3484 2159 locu-

1903 2207 1989 2250 ius
2027 2211 2106 2258 es,
2157 2196 2435 2260 quomodo
2486 2204 2540 2248 te
2587 2195 2820 2263 quadam
2875 2196 2987 2259 die,
3040 2207 3099 2250 ut
3147 2195 3217 2250 de
3267 2196 3485 2250 cunctis

1901 2287 2252 2356 dogmatibus
2299 2285 2533 2347 diceres,
2580 2299 2684 2337 una
2726 2284 2890 2337 lectio
2955 2285 3333 2354 provocavit?
3374 2283 3481 2338 Sed

1902 2386 1956 2430 et
1990 2379 2078 2432 hic
2110 2378 2364 2445 ambigue
2399 2376 2644 2445 loquitur
2676 2397 2689 2430 :
2725 2386 2905 2446 potest
2928 2376 3076 2430 enim
3114 2375 3338 2439 ﬂeri,'ut
3362 2390 3484 2443 qua:

1903 2487 1998 2540 per
2028 2469 2395 2540 quadraginta
2448 2470 2566 2523 dies
2619 2468 2837 2523 tradere
2880 2468 3094 2524 solebat
3125 2469 3179 2522 in
3234 2466 3480 2522 Ecclesia

1902 2563 2265 2632 baptizandis.
2293 2564 2409 2618 hate
2429 2563 2532 2618 sub
2563 2565 2725 2617 unius
2754 2563 3012 2619 lcctionis
3037 2564 3328 2617 occasione
3354 2578 3479 2631 per-

1901 2656 2202 2710 strinxerit.
2238 2654 2492 2726 Ejusdem
2537 2657 2681 2709 enim
2717 2656 3047 2725 eloquentia:
3084 2667 3190 2720 est.
3219 2666 3273 2711 et
3308 2671 3479 2726 pauca

1901 2749 2103 2814 multis,
2133 2759 2188 2803 et
2219 2749 2388 2803 multa
2423 2750 2613 2817 paucis
2662 2749 2841 2802 verbis
2894 2763 3054 2818 posse
3088 2750 3296 2803 dicere.
3364 2747 3481 2804 Hoc

1899 2854 2122 2908 quoque
2158 2840 2388 2907 intelligi
2421 2840 2606 2902 datur,
2642 2839 2786 2907 quod
2836 2847 3130 2908 postquam
3168 2840 3320 2894 illum
3372 2856 3478 2893 una

1898 2931 2056 2984 lectio
2087 2931 2436 2999 provocavit,
2486 2928 2859 2983 inﬂammatus
2892 2928 3086 2983 ardore
3112 2930 3349 2989 dicendi.
3383 2948 3481 3000 per

1898 3023 2255 3092 quadraginta
2290 3022 2407 3076 dies
2457 3037 2737 3091 nunquam
2771 3021 3024 3074 tacuerit.
3053 3020 3159 3075 Sed
3188 3028 3240 3075 ct
3264 3022 3477 3076 otiosus

1900 3129 2091 3171 Senes.
2128 3130 2191 3166 ex
2232 3114 2350 3182 cjus
2390 3128 2487 3167 ore
2525 3114 2866 3181 dependens,
2898 3112 3028 3165 dum
3074 3129 3163 3166 res
3199 3112 3479 3167 inauditas

195 3213 531 3279 dignatione
557 3211 874 3273 verborum.
906 3210 974 3264 de
1031 3225 1124 3265 [ua
1180 3214 1493 3267 narratione
1552 3228 1765 3280 conque
1824 3205 1865 3260 C
1902 3203 2042 3257 scire
2073 3201 2368 3269 desiderat,
2407 3218 2544 3271 pene
2608 3203 2885 3256 dormiens
2935 3203 3217 3258 ceciderit.
3273 3203 3482 3258 Utcun-

196 3319 352 3358 rerer
386 3304 402 3357 l
430 3301 593 3357 Licet
621 3302 739 3371 ipse
768 3302 1009 3356 nominis
1035 3302 1111 3355 tui
1146 3311 1421 3358 extvnues
1450 3304 1788 3371 dignitatem,

196 3414 324 3451 cum
345 3405 570 3465 patrem
607 3410 747 3463 pene
766 3395 1017 3449 omnium
1051 3394 1459 3462 episcoporum.
1492 3405 1542 3447 et
1564 3396 1799 3454 antiqua

196 3490 467 3557 reliquias
502 3487 814 3542 sanctitatis
845 3494 901 3541 et
931 3500 1093 3553 opere
1125 3475 1181 3540 et
1206 3501 1469 3540 sermone
1497 3485 1794 3551 despicias.

198 3582 347 3637 Dicis
366 3589 421 3636 te
446 3580 688 3649 quadam
704 3580 813 3639 die.
829 3593 955 3632 cum
976 3577 1393 3645 prmsenslcctio
1423 3586 1793 3644 provocasset.

194 3678 463 3730 audiente
491 3673 589 3727 illo
609 3681 664 3728 et
697 3673 952 3726 universa
976 3669 1241 3735 Ecclesia,
1261 3669 1326 3721 dc.
1344 3668 1449 3724 (ide
1472 3679 1521 3723 et
1541 3669 1796 3723 omnibus

196 3764 605 3827 ecclesiasticis
621 3763 967 3835 dogmatibus
983 3764 1310 3831 disputasse.
1327 3762 1483 3817 Nunc
1504 3762 1519 3793 ⁸
1536 3774 1618 3817 est
1636 3764 1797 3817 mira-

200 3860 246 3912 ri
261 3855 829 3921 llemostbenem,'qui
847 3853 1268 3921 pulcherrimam
1285 3854 1587 3907 orationem
1606 3862 1792 3906 contra

198 3951 528 4008 Eschinem
554 3947 728 4003 multo
755 3954 1002 4014 tempore
1021 3947 1220 4000 dicitur
1249 3959 1531 3999 exarasse.
1559 3942 1789 3998 Frustra

196 4045 541 4113 suspicimus
575 4041 688 4109 (Al.
724 4038 1084 4105 suscipimus)
1133 4036 1370 4091 Tullium
1400 4053 1416 4101 ;
1452 4035 1614 4091 refert
1647 4036 1792 4091 enim

200 4134 501 4189 Cornelius
541 4130 722 4199 Nepos
753 4132 797 4189 ’.
820 4145 880 4185 se
912 4136 1201 4197 prasente.
1229 4127 1422 4182 iisdem
1448 4142 1586 4195 pene
1610 4127 1792 4181 verbis

200 4226 411 4293 quibus
440 4223 586 4277 edita
621 4229 729 4286 est,
760 4236 877 4274 eam
925 4234 1023 4288 pro
1078 4219 1333 4274 Cornelio
1379 4219 1645 4274 seditioso
1692 4219 1763 4273 tri

202 4319 360 4373 louno
412 4315 797 4371 defensionem
851 4322 1184 4381 peroratam.
1229 4310 1308 4366 En
1346 4310 1538 4379 Lysias
1582 4321 1789 4373 noster,

198 4429 270 4465 cn
304 4410 616 4471 Gracchus.
655 4417 710 4462 et
742 4415 802 4461 ut
858 4407 1063 4476 aliquid
1093 4406 1159 4461 de
1190 4406 1485 4461 neotericis
1534 4405 1789 4468 inferam.

1903 3311 2010 3364 que
2067 3295 2348 3349 toleranda
2400 3303 2575 3350 sunt:
2614 3294 2846 3350 forsitan
2898 3305 2952 3351 et
3002 3296 3118 3352 haec
3157 3296 3481 3367 simpliciter

1904 3404 2053 3440 more
2079 3404 2179 3441 suo
2214 3388 2285 3442 sit
2312 3388 2554 3443 locutus.

1973 3481 2060 3534 Η.
2100 3478 2334 3533 Joannes
2364 3491 2532 3534 tacere
2566 3482 2731 3549 jussit
2767 3482 3148 3550 Epiphaniam.
3187 3483 3479 3554 Epiph’anii

1899 3570 2081 3625 littera
2111 3572 2179 3624 ad
2214 3572 2493 3626 Siricium.
2524 3600 2590 3613 --
2621 3571 2896 3627 Ponamus
2928 3573 3161 3642 reliqua.
3188 3574 3241 3628 iu
3275 3576 3479 3645 quibus

1904 3676 2025 3731 post
2074 3663 2353 3718 laciniosa:
2402 3664 2795 3734 disputationis
2849 3667 3215 3738 labyrinthus.
3266 3684 3477 3738 nequa-

1902 3770 2067 3823 quam
2109 3755 2362 3816 dubiam.
2402 3755 2496 3811 sed
2539 3766 2785 3824 apertam
2824 3758 2980 3827 ponit
3035 3761 3387 3821 sententiam.
3424 3769 3478 3813 ct

1901 3854 2070 3906 miros
2125 3859 2391 3907 tractatus
2446 3866 2575 3905 suos
2631 3853 2732 3905 hoc
2784 3852 2889 3909 line
2936 3854 3261 3908 concludit:
3298 3853 3475 3908 «Cum

1898 3946 2015 4001 lucc
2048 3947 2169 4014 ipso
2204 3952 2473 4014 praesente
2502 3945 2667 3998 locuti
2695 3960 2965 4008 essemus,
2990 3956 3046 4000 et
3080 3945 3197 4015 ipse
3222 3956 3344 4015 post
3376 3963 3477 4002 nos

1897 4054 2063 4093 causa
2103 4038 2350 4100 honoris,
2388 4052 2550 4105 quem
2592 4038 2640 4091 ei
2680 4052 2847 4106 super
2892 4052 3108 4092 omnem
3160 4054 3474 4094 mensuram

1900 4131 2276 4192 exhibuimus.
2323 4139 2654 4198 provocatus
2702 4138 2849 4184 esset
2882 4140 2941 4184 ut
2993 4129 3196 4184 diceret
3230 4146 3246 4183 :
3280 4132 3476 4200 ιιι-εειΙί-

1900 4223 2173 4276 catiouem
2215 4230 2458 4274 nostram
2498 4221 2759 4284 laudavit,
2814 4232 2976 4292 atque
3013 4225 3245 4278 miratus
3277 4232 3381 4287 est,
3418 4233 3476 4278 et

1896 4313 2219 4367 catholicam
2261 4311 2420 4365 fidem
2459 4327 2584 4365 esse
2632 4313 2887 4367 omnibus
2921 4313 3245 4371 declaravit.
3288 4316 3473 4381 Quan-

1900 4416 2013 4458 tum
2049 4404 2097 4457 ci
2128 4419 2297 4471 super
2328 4418 2547 4457 omnem
2589 4418 2906 4458 mensuram
2953 4406 3179 4460 honoris
3208 4406 3477 4461 exhibue-

199 4503 309 4570 Qn.
345 4500 597 4561 Meritis,
646 4498 738 4568 qui
791 4498 1068 4564 ingenium
1104 4497 1157 4552 in
1194 4507 1485 4552 numerato
1534 4498 1790 4556 habebat.
1827 4532 1867 4586 ο
1899 4498 1998 4559 ris,
2039 4494 2323 4549 declarant
2350 4510 2516 4564 supra
2552 4508 2870 4549 mensuram
2905 4496 3164 4551 esltibitre
3186 4506 3477 4555 contume-

203 4604 265 4647 ut
291 4593 423 4647 sine
448 4590 721 4644 u'onitore
748 4596 934 4642 tacere
958 4603 1063 4641 non
1094 4598 1274 4656 posset
1303 4607 1317 4643 :
1342 4587 1406 4641 de
1436 4602 1548 4657 quo
1574 4587 1788 4657 egregie

202 4686 398 4741 Casar
426 4682 736 4752 Augustus.
778 4699 798 4731 ι
830 4679 1091 4747 Quintus,
1132 4679 1331 4748 inquit,
1368 4687 1557 4734 noster
1604 4680 1789 4735 suilla-

206 4773 516 4829 ruinandus
544 4781 630 4826 est
664 4772 705 4825 ³.
748 4790 767 4823 ι

284 4914 301 4944 ¹
346 4913 428 4965 ita
462 4924 618 4969 ηιμ..
646 4924 746 4977 pro
775 4923 885 4978 quo
914 4908 1156 4963 editores
1186 4907 1529 4961 subatilnunt
1562 4926 1689 4971 non.
1721 4928 1785 4965 ex

208 4981 603 5046 conte-tuenti.
626 4990 686 5033 ut
712 4981 888 5040 aiunt.
924 4981 1066 5035 serie
1096 4979 1385 5033 orationis.
1417 4980 1485 5031 At
1520 4988 1649 5047 puta
1678 4982 1789 5035 iro-

200 5054 338 5107 ‘uice
379 5052 531 5113 loqui
564 5049 979 5117 Hieronymum.

280 5127 303 5155 ε
348 5120 651 5187 scripserit
679 5116 797 5173 haec
830 5128 1018 5173 noster
1047 5116 1229 5184 Nepos
1254 5116 1308 5170 in
1342 5116 1513 5171 libros
1548 5119 1611 5172 de
1636 5119 1787 5176 Cice-

211 5194 367 5245 ronis
416 5186 560 5254 Vita,
602 5190 692 5253 qui
729 5189 1028 5243 intercidit.
1063 5188 1316 5241 Attamen
1347 5202 1469 5240 cum
1500 5186 1657 5242 Plinii
1707 5202 1787 5243 te-

210 5262 487 5319 stimonio
522 5270 788 5328 pugnant.
833 5258 927 5327 qui
962 5259 1057 5312 lib.
1091 5274 1129 5321 1.
1168 5258 1331 5324 epist.
1366 5257 1457 5319 20,
1504 5259 1669 5313 tradit
1698 5261 1789 5314 Ct-

212 5346 482 5386 ceronem
535 5327 633 5398 pro
687 5327 942 5383 Cornelio
995 5328 1303 5396 quadriduo
1360 5328 1561 5395 egisse,
1615 5346 1634 5380 ι
1690 5330 1786 5391 Νε.

214 5401 429 5468 inquit.
455 5400 709 5452 dubitare
740 5401 1033 5465 possimus.
1070 5413 1191 5467 quze
1223 5411 1317 5463 per
1349 5398 1530 5468 plures
1560 5398 1699 5459 dies.
1731 5412 1784 5455 ut

216 5467 454 5525 necesse
490 5478 631 5528 crat.
664 5469 832 5521 latins
867 5469 1085 5528 dixerit.
1119 5477 1302 5535 postea
1338 5467 1509 5519 recisa
1556 5484 1621 5523 ac
1656 5487 1785 5535 pur-

215 5550 343 5601 aata
416 5539 470 5591 in
531 5553 695 5591 unum
751 5539 948 5591 librum
1010 5540 1271 5603 grandem
1323 5536 1563 5604 quidem,
1615 5556 1783 5594 unum

215 5623 429 5666 tamen.
452 5619 783 5661 coarctasse.
812 5625 832 5657 ι
875 5607 932 5662 In
971 5609 1136 5663 veteri
1166 5616 1346 5661 autem
1379 5606 1508 5659 edit.
1539 5611 1786 5664 absolute

218 5680 375 5733 scrib
404 5690 491 5731 tur
523 5677 716 5730 Iisdcm
744 5678 952 5744 verbis;
988 5687 1042 5733 ct
1076 5679 1235 5747 paulo
1269 5685 1411 5740 ante,
1451 5691 1609 5731 voces
1645 5684 1780 5732 mut-

220 5765 272 5804 to
294 5762 530 5813 tempore
556 5748 972 5803 desiderantur.

290 5818 313 5849 ³
360 5817 560 5870 Noster
601 5817 1032 5885 sufﬂaminandus
1071 5830 1169 5873 est.
1203 5817 1460 5872 Erasmus
1493 5817 1621 5884 legit
1654 5833 1775 5871 cor-

220 5902 385 5955 rupte
420 5888 849 5955 sufﬂaminandus
880 5905 893 5949 ;
930 5897 1087 5943 vetus
1117 5890 1283 5943 codex
1335 5888 1772 5955 iuﬂammmtdus.

222 5960 296 6014 De
330 5964 433 6014 hoc
474 5958 637 6013 vcrbo
676 5957 982 6030 istltzcclcgi
1013 5962 1151 6029 θρα]
1207 5959 1452 6014 eruditos
1492 5976 1505 6013 :
1580 5958 1767 6027 Sit/ila-

1897 4590 2017 4653 lize;
2044 4587 2263 4657 quando
2289 4603 2411 4641 eum
2436 4603 2534 4657 per
2551 4587 3002 4642 archidiaconum
3027 4590 3429 4658 tacerejnssisti
3451 4634 3475 4657 ,

1895 4695 1946 4735 et
1967 4692 2268 4737 morantem
2294 4682 2346 4733 in
2370 4680 2608 4748 populis.
2632 4680 2811 4734 laudis
2834 4681 3093 4750 cupidum
3117 4684 3469 4750 pcrtouahas.

1901 4775 2102 4829 Doceut
2150 4772 2434 4843 praesentia
2467 4773 2531 4827 de
2570 4774 2880 4841 praeteritis.
2918 4773 3010 4827 ille
3037 4788 3137 4843 per
3172 4782 3342 4827 totmn
3371 4791 3473 4829 ex-

1897 4910 2353 4978 mino.sign'ficat
2409 4908 2717 4963 sufflamine
2769 4910 3128 4969 comprimere
3179 4919 3233 4964 et
3262 4912 3466 4966 retine-

1895 4996 1973 5034 re.
2016 4981 2221 5033 Seneca
2269 4980 2301 5031 4
2334 4978 2738 5033 Declamatione
2776 4997 2788 5031 :
2829 4998 2847 5031 ι
2880 4979 3051 5034 Tanta
3101 4980 3176 5034 illi
3218 4991 3336 5035 erat
3374 4998 3468 5036 ve-

1895 5050 2089 5121 locitas
2142 5050 2433 5110 orationis.
2486 5058 2546 5121 ut
2590 5048 2784 5121 vitium
2839 5051 3013 5104 εἰει-ει.
3069 5050 3255 5121 Itaque
3286 5051 3471 5121 HdiVug

1893 5120 2175 5185 Augustus
2232 5120 2436 5187 optime
2486 5120 2624 5171 dixit
2660 5136 2674 5173 :
2708 5121 2924 5173 Atcrius
2964 5132 3147 5174 noster
3205 5120 3469 5175 sananti-

1892 5192 2109 5243 nandus
2162 5199 2266 5243 cst.
2305 5208 2322 5240 ι
2366 5188 2466 5243 Ubi
2503 5190 2640 5259 alias
2697 5189 2895 5255 legitur
2949 5206 2963 5244 :
3006 5191 3464 5259 sufﬂaminandus.

1893 5261 2029 5313 alias
2063 5260 2486 5329 sufﬁbulandus.
2542 5257 2667 5311 Erat
2709 5274 2873 5325 porro
2914 5257 3202 5313 solila'men
3256 5263 3466 5316 retina-

1891 5332 2077 5382 cnlum
2124 5341 2254 5383 rota).
2294 5329 2659 5388 decurrentis.
2715 5345 2780 5382 ne
2834 5330 3073 5385 velocius
3127 5331 3467 5385 decurreret.

1890 5398 2097 5453 Gallice
2170 5399 2461 5469 stt/ﬂamine
2520 5399 2857 5469 intelligitur
2906 5416 3128 5467 enrayer
3175 5402 3250 5452 les
3310 5416 3467 5454 roses

1892 5469 2018 5521 d’nn
2055 5466 2319 5528 ται-νοέεις,
2372 5476 2478 5520 etc.
2519 5466 2631 5521 llac
2672 5466 3143 5524 vol-callitSIIscst
3180 5470 3470 5537 imperitus

1890 5537 2129 5593 Jmnnes
2178 5539 2410 5592 clericus
2452 5539 2503 5590 iu
2563 5537 2968 5602 Qumstiouibus
3022 5537 3278 5599 Hieron"
3308 5542 3466 5603 quasi

1890 5610 2159 5663 timuisset
2214 5623 2281 5661 ne
2330 5616 2508 5662 rotatu
2567 5609 2798 5671 quodam
2855 5607 3131 5661 ferrentur
3198 5610 3359 5663 hodie
3406 5612 3464 5664 in

1889 5693 2124 5746 pnrceps
2156 5680 2330 5731 studia
2385 5692 2665 5731 sacrarunt
2720 5677 3048 5734 litterarum.
3088 5677 3356 5732 lant-tax.
3394 5709 3467 5722 —

1895 5751 2098 5799 Si-neca
2133 5750 2184 5801 iu
2221 5764 2273 5801 tv
2309 5748 2771 5800 Declamationum
2800 5762 2815 5798 :
2857 5765 2875 5797 ι
2904 5746 3075 5802 Tanta
3115 5749 3216 5810 illi,
3246 5749 3461 5810 Aterio.

1886 5833 2003 5870 crat
2051 5819 2308 5871 velocitas
2361 5817 2647 5877 orationis.
2702 5828 2761 5870 nt
2799 5818 2987 5869 vitium
3042 5820 3217 5873 fieret.
3271 5817 3461 5886 Itaque

1886 5887 2047 5941 divus
2079 5890 2359 5956 Augustus
2408 5889 2611 5953 optime
2640 5887 2774 5940 dixit
2804 5904 2819 5941 :
2851 5888 3072 5941 Aterius
3107 5898 3294 5941 noster
3342 5893 3461 5943 sui-

1882 5958 2242 6015 ﬂaminandus
2305 5969 2405 6014 cst.
2448 5975 2465 6007 ι
2512 5955 2627 6011 Yid.
2665 5966 2719 6013 ct
2788 5959 2855 6013 dc
2898 5969 3073 6017 morte
3103 5957 3344 6013 Claudii.
