4202 6476
709 409 818 471 383

1887 421 1944 483 ς.
1981 421 2290 484 EUSEBII
2333 424 2771 489 HIERONYMI

3870 430 3981 494 335

701 525 829 578 inde
859 524 1156 579 triennium
1206 541 1331 582 suas
1372 526 1605 596 injurias
1659 530 1910 598 devorat,
1960 536 2283 609 privataque
2317 549 2355 603 Α
2391 542 2475 608 pie
2519 544 2864 608 przedicaut),
2899 544 2992 599 sed
3047 545 3323 613 propriam
3363 545 3760 600 conditionem.
3799 545 3864 597 Et
3909 547 3979 600 de

700 617 989 692 simultate
1045 627 1377 688 contempta,
1436 620 1560 676 ﬁdei
1619 633 1828 679 tantum
1883 629 2282 684 correctionem

702 711 964 777 postulat.
1020 711 1099 764 Tu
1156 714 1247 780 qui
1294 717 1606 783 sumptibus
1654 719 1903 774 abundas
1953 719 2065 788 (ΑΙ.
2113 724 2286 775 abun-

702 803 886 865 dans),
921 809 972 856 et
1005 805 1177 859 totius
1211 807 1364 861 orbis
1415 811 1606 876 religio
1648 811 1664 842 ⁸
1719 812 1934 866 lucrum
1987 822 2137 866 tuum
2175 824 2284 877 est,

703 897 1057 962 gravissimos
1091 899 1213 955 illos
1261 901 1469 973 legatos
1505 914 1625 958 tuos
1675 905 1780 960 huc
1823 906 2062 976 illucque
2102 916 2284 961 trans-

703 987 902 1050 mittis.
971 1000 1021 1042 et
1079 992 1441 1048 dormientem
1487 1011 1672 1051 senem
1709 999 1774 1052 ad
1825 998 2268 1065 respondendum

705 1083 967 1138 suscitas.
1035 1084 1098 1139 Et
1131 1101 1320 1142 revera
1348 1089 1432 1142 cui
1479 1099 1687 1144 tantum
1727 1093 1952 1147 honoris
1984 1093 2283 1156 detuleras,

701 1174 912 1243 justum
943 1177 1102 1248 42],
1137 1189 1277 1244 erat,
1314 1190 1372 1236 ut
1404 1190 1494 1238 tua
1535 1187 1834 1253 praesertim
1893 1187 2285 1255 extemporalia

707 1271 855 1322 dicta
896 1272 1164 1327 laudaret.
1187 1273 1325 1340 Quia
1357 1290 1488 1330 vero
1523 1276 1702 1333 solent
1730 1280 2004 1333 interdum
2035 1279 2288 1336 homines

709 1362 935 1420 laudare
970 1365 1117 1433 quod
1155 1382 1262 1420 non
1308 1368 1565 1434 probant,
1617 1379 1670 1425 et
1728 1371 1960 1425 alienam
1997 1372 2286 1426 stultitiam

711 1443 890 1514 cassis.
919 1460 1134 1514 nutrire
1162 1462 1472 1527 praeconiis,
1499 1479 1606 1516 non
1647 1465 1819 1516 solum
1855 1473 1945 1518 tua
1984 1465 2129 1519 dicta
2169 1466 2288 1520 lau-

711 1547 883 1613 davit,
923 1551 1018 1604 sed
1052 1551 1290 1606 laudavit
1332 1561 1497 1620 atque
1543 1556 1774 1609 miratus
1822 1566 1902 1609 est
1937 1573 1952 1610 :
1993 1568 2048 1612 et
2090 1574 2154 1611 ne
2199 1559 2292 1610 mi-

716 1648 966 1700 raculum
995 1662 1214 1714 quoque
1240 1662 1467 1715 parvum
1498 1660 1666 1713 esset,
1696 1651 1979 1704 catholicae
2023 1667 2147 1705 esse
2168 1650 2288 1702 ﬁdei

715 1738 867 1789 omni
905 1739 1102 1806 populo
1126 1738 1447 1794 declaravit.
1477 1740 1601 1794 llaec
1639 1759 1802 1806 quam
1836 1759 1961 1796 vere
1992 1743 2213 1804 dixerit,
2239 1753 2291 1795 et

715 1845 814 1884 nos
845 1839 1014 1886 testes
1045 1847 1240 1886 sumus
1279 1832 1371 1902 qui
1411 1833 1742 1897 audivimus,
1782 1834 1848 1886 ad
1885 1849 2024 1903 quos
2056 1834 2164 1888 tuis
2199 1851 2292 1887 vo-

2391 637 2598 691 sanctis
2629 638 2836 707 angelis
2883 653 3037 703 teque
3083 639 3338 703 credunt,
3383 639 3682 694 secundum
3727 637 3980 690 divinam

2392 727 2729 796 Scripturatn
2777 727 2939 800 £22
2972 731 3038 784 de
3077 729 3188 785 Deo
3243 730 3519 785 dicentem
3571 748 3586 785 :
3633 749 3654 782 r
3684 729 3789 796 Qui
3845 729 3984 784 facit

2389 822 2614 886 angelos
2671 837 2801 876 suos
2855 824 3106 890 Spiritus,
3153 832 3207 877 et
3271 824 3558 879 ministros
3609 838 3742 878 suos
3790 823 3978 890 ignem

2391 925 2636 970 urentem
2669 915 2842 983 (Psat.
2881 931 2995 979 cm,
3036 917 3091 985 4)
3125 933 3140 973 :
3174 936 3193 969 ι
3233 917 3302 971 de
3341 917 3545 985 quibus
3575 916 3801 970 credere
3830 912 3982 982 quod

2393 1007 2746 1060 iummtabilis
2802 1006 2914 1079 [ΑΙ.
2959 1006 3632 1078 immutabilesjnaturte
3675 1007 3812 1070 sint,
3861 1020 3984 1059 non

2391 1099 2643 1152 rouredit
2677 1101 2834 1156 nobis
2867 1099 3172 1167 Scriptura,
3219 1100 3410 1156 dicens
3452 1117 3468 1154 :
3517 1119 3537 1151 σ
3564 1098 3804 1169 Angelos
3837 1113 3987 1164 quo-

2392 1211 2498 1263 que
2530 1195 2622 1258 qui
2657 1212 2764 1249 non
2799 1195 3186 1250 Custodierunt
3229 1210 3391 1250 suum
3428 1194 3802 1263 principatum
3835 1207 3851 1260 ;
3883 1189 3984 1245 sed

2392 1292 2802 1357 dereliqut-runt
2857 1279 3135 1361 proprium
3186 1291 3534 1345 domicilium
3600 1290 3653 1344 in
3704 1287 3984 1358 judicium

2395 1384 2573 1451 magni
2602 1383 2706 1437 diei
2743 1384 2790 1447 ',
2829 1385 3066 1438 vinculis
3105 1385 3330 1438 aeternis
3364 1383 3418 1438 in
3456 1382 3700 1438 tenebris
3741 1380 3988 1435 custodi-

2395 1477 2471 1528 vit
2500 1476 2672 1544 (ludo:
2699 1475 2753 1545 6)
2785 1493 2800 1532 ;
2839 1494 2858 1528 ι
2929 1479 3056 1546 quia
3094 1477 3369 1531 immutati
3402 1486 3554 1540 sunt,
3581 1485 3634 1530 et
3659 1489 3724 1529 ex
3761 1474 3988 1544 proptia

2396 1569 2662 1638 dignitate
2713 1581 2766 1623 et
2803 1571 3002 1639 gloria,
3062 1571 3240 1638 magis
3281 1571 3336 1626 in
3371 1571 3682 1624 daemonum
3731 1568 3987 1621 ordinem

2396 1662 2599 1718 abiisse
2631 1680 2726 1718 eos
2749 1662 3110 1732 cognovimus
3148 1663 3261 1734 [AL
3300 1663 3735 1731 cOgnoseimus].
3761 1661 3993 1714 Animal

2398 1771 2528 1809 vero
2559 1756 2842 1810 hominum
2875 1773 2938 1810 ex
2976 1758 3297 1826 angelorum
3323 1757 3622 1820 ruina,aul
3653 1771 3716 1807 ex
3756 1767 3991 1808 conver-

2401 1849 2554 1902 sione
2597 1849 2710 1902 ﬁeri
2748 1889 2764 1913 ,
2801 1867 2978 1918 neque
3023 1850 3365 1904 credidimus
3423 1851 3744 1915 aliquando,
3810 1861 3994 1916 neque

713 1924 873 1977 cibus
949 1925 1303 1992 perturbatus
1361 1927 1508 1978 venit
1588 1927 1878 1990 exanimis,
1963 1936 2164 1982 temere
2238 1942 2295 1981 se
2329 1922 2370 1981 Β
2403 1940 2688 1994 docuimus
2717 1941 2884 2005 (absit
2906 1943 3100 2008 enim),
3127 1952 3180 1996 et
3217 1942 3460 1995 alienum
3497 1943 3601 1993 hoc
3635 1955 3758 1994 esse
3799 1954 3827 1991 a
3856 1953 3994 2008 pra:-

715 2017 1179 2081 commuuicasse,
1212 2020 1402 2072 dicens
1437 2035 1450 2070 :
1485 2019 1837 2088 liogatusque
1871 2020 1938 2073 ab
1972 2020 2121 2073 omni
2174 2037 2292 2073 rno-

720 2109 984 2171 nasterio,
1020 2119 1076 2160 ut
1105 2109 1168 2160 ad
1205 2120 1253 2163 te
1285 2110 1350 2163 de
1379 2109 1659 2165 Bethleem
1692 2122 2084 2174 reverteretur,
2109 2120 2293 2166 tanto-

719 2214 839 2249 rum
879 2215 1066 2265 preces
1119 2217 1226 2254 non
1260 2202 1464 2264 ferens,
1501 2204 1580 2258 sic
1610 2219 1867 2258 reversus
1919 2213 2004 2256 est
2041 2219 2290 2270 vespere,

716 2298 777 2340 ut
824 2290 1006 2342 modio
1052 2294 1232 2347 noctis
1274 2293 1577 2359 aufugeret,
1623 2304 1679 2348 et
1721 2295 1920 2348 litterae
1977 2296 2042 2349 ad
2096 2311 2292 2364 papam

717 2383 978 2436 Siticium
1006 2387 1240 2452 probant
1271 2405 1281 2438 :
1314 2403 1448 2453 quas
1474 2391 1516 2442 si
1542 2388 1763 2455 legeris,
1794 2388 2296 2459 pervidebis,.qtto-

717 2481 880 2531 modo
916 2489 1002 2532 tua
1038 2479 1182 2534 dicta
1215 2481 1446 2536 miratus
1483 2482 1576 2546 sit,
1603 2492 1656 2535 et
1681 2483 1953 2536 catholica
1988 2484 2299 2540 declarave-

719 2573 810 2624 rit.
847 2571 1045 2624 Verum
1091 2587 1264 2640 nugas
1299 2573 1553 2638 terimus,
1608 2586 1661 2628 et
1697 2576 1871 2630 aniles
1903 2585 1957 2629 et
1992 2576 2298 2645 superﬂuas

718 2665 1026 2718 cantilenas
1058 2665 1222 2734 longo
1251 2682 1509 2721 sermone
1537 2670 1942 2732 convincimus,

793 2758 878 2810 15.
925 2757 1297 2814 Transeamus
1331 2760 1397 2813 ad
1447 2763 1745 2815 secundam
1801 2765 2189 2833 qnzestionem,
2245 2765 2297 2818 in

718 2867 826 2918 qua
869 2852 1028 2920 quasi
1081 2852 1214 2905 nihil
1271 2853 1371 2907 sibi
1428 2856 1762 2922 prapositum
1818 2857 1912 2918 sit,
1965 2872 2193 2911 securus
2247 2867 2302 2912 et

722 2935 948 2997 ructans
1011 2942 1254 2999 dormire
1309 2962 1368 2999 se
1433 2948 1678 3010 simulat,
1727 2957 1782 3000 ιιι
1848 2950 2087 3017 legentes
2141 2950 2302 3004 faciat

717 3041 1036 3093 dormitare.
1099 3039 1205 3095 Sed
1258 3042 1326 3095 de
1382 3043 1608 3110 reliquis
1670 3060 1790 3111 qua:
1845 3044 1910 3097 ad
1980 3045 2142 3098 ﬁnem
2183 3062 2304 3114 per-

722 3135 902 3186 tinent
938 3135 980 3204 ’,
1019 3147 1203 3186 sermo
1238 3134 1398 3188 nobis
1434 3144 1574 3194 erat.
1611 3136 1658 3188 id
1689 3145 1792 3196 est,
1830 3137 2074 3190 omnium
2110 3138 2302 3191 visibi-

728 3231 879 3293 lium,
926 3238 980 3282 et
1031 3228 1416 3294 invisibilium,
1466 3230 1776 3284 caelestium
1814 3230 2219 3295 fortitudinum,
2251 3239 2305 3284 et

726 3322 1072 3375 terrestrium
1133 3330 1507 3376 creaturarum
1559 3339 1729 3376 unum
1783 3334 1836 3378 et
1882 3325 2134 3378 eumdem
2188 3339 2305 3378 esse

724 3417 1060 3467 conditorem
1117 3415 1283 3468 Deum
1319 3415 1362 3477 ³,
1423 3416 1474 3468 id
1526 3427 1607 3470 est
1665 3427 1909 3470 sanctam
1954 3417 2304 3479 Trinitatem,

731 3527 750 3559 ι
776 3508 928 3576 juxta
964 3509 1181 3560 beatum
1225 3508 1391 3561 David
1437 3508 1710 3562 dicentem
1752 3527 1763 3562 :
1805 3528 1821 3558 ι
1857 3508 2040 3563 Verbo
2095 3509 2305 3562 Domini

727 3601 850 3653 coeli
892 3600 1090 3653 ﬁrmati
1127 3610 1274 3663 sunt,
1305 3611 1356 3653 et
1390 3601 1584 3669 spiritu
1617 3602 1744 3654 oris:
1773 3602 1891 3666 eius
1924 3601 2104 3654 omnis
2137 3601 2309 3654 virtus

727 3710 915 3747 eor-mn
947 3694 1122 3763 (Psal.
1155 3710 1328 3758 usu,
1361 3694 1416 3763 6)
1455 3711 1468 3750 ;
1512 3713 1529 3745 ι
1563 3697 1706 3763 quod
1757 3695 2081 3763 simpliciter
2123 3703 2309 3748 osten-

728 3788 808 3839 dit
837 3798 889 3838 t‘l.
923 3787 1166 3841 hominis
1197 3787 1428 3841 creatio.
1480 3786 1603 3853 Ipse
1633 3795 1715 3840 est
1759 3787 1903 3841 enim
1932 3787 2049 3857 qui.
2085 3796 2312 3855 accepto

730 3882 862 3934 limo
889 3882 958 3934 de
1001 3892 1175 3940 terra.
1206 3882 1504 3948 plasmavit
1533 3881 1837 3944 hominem,
1867 3890 1917 3935 et
1955 3897 2052 3948 per
2080 3882 2311 3950 gratiam

732 3975 964 4042 propriae
996 3972 1386 4028 insuﬂlationis
1415 3973 1654 4026 animam
1680 3973 1903 4026 donavit
1931 3973 2310 4026 rationabilem

733 4067 844 4128 (ΑΙ.
900 4065 1301 4131 rationalem),
1341 4074 1395 4117 et
1441 4064 1599 4118 liberi
1653 4064 1886 4126 arbitrii,
1941 4081 2048 4117 non
2102 4073 2311 4132 partem

732 4157 971 4226 aliquam
1007 4171 1119 4210 sua:
1147 4165 1357 4209 natura
1379 4155 1551 4224 (juxta
1582 4152 1848 4222 quosdam
1877 4151 1926 4220 ⁸,
1951 4153 2045 4222 qui
2081 4153 2184 4207 hoc
2214 4154 2315 4205 im-

810 4289 825 4318 ¹
873 4287 1057 4340 Totius
1079 4286 1222 4340 orbis
1251 4287 1460 4355 religio.
1493 4285 1656 4355 Vides
1680 4285 2044 4353 locupletatos
2071 4294 2317 4354 tempore

739 4356 1055 4426 Hieronymi
1095 4354 1408 4426 sacerdotes
1437 4372 1503 4426 ex
1534 4354 1978 4426 Qhristianorum
2018 4356 2314 4408 oblationi-

738 4427 866 4483 bus.
899 4423 990 4494 qui
1019 4442 1182 4480 causa
1213 4425 1498 4497 religionis
1532 4423 1963 4494 Hierosolymam
1993 4425 2312 4495 pergebant.

739 4498 1017 4550 Mtn'rtstv.

811 4573 830 4600 ¹
876 4567 948 4618 Ex
988 4568 1070 4620 his
1105 4566 1296 4634 incipit
1332 4564 1751 4634 antiquissimus
1799 4562 1855 4618 S.
1897 4561 2104 4634 Crucis
2134 4561 2188 4614 in
2230 4562 2318 4616 Je—

735 4637 1072 4692 rusalem'de
1106 4632 1253 4691 Urbe
1303 4651 1405 4690 ms.
1443 4636 1639 4687 litteris
1672 4632 1785 4686 fere
1817 4632 2160 4699 papyraceis,
2200 4635 2316 4685 sive

739 4722 790 4760 ut
823 4711 873 4758 in
904 4706 1151 4774 Egyptia
1186 4713 1750 4775 papyroioccurrunt,
1781 4704 2183 4775 exarattis,§ub
2217 4704 2321 4756 hac

739 4769 1095 4844 Epigraphe‘:
1153 4769 1350 4844 Incipit
1382 4774 1592 4828 Eusebii
1629 4773 1942 4840 Hieronymi
1972 4772 2033 4822 de
2069 4769 2314 4825 Resurre-

739 4852 914 4901 ctione
934 4847 1133 4900 carnis.
1155 4846 1286 4899 Tale
1315 4847 1677 4914 fragmentum
1707 4845 1988 4898 studiosus
2026 4855 2131 4894 non
2165 4857 2322 4898 nemo

740 4919 848 4972 sibi
882 4935 945 4970 ex
989 4920 1201 4981 integro
1233 4931 1398 4982 opere
1429 4915 1820 4980 exscripserat.

815 4989 836 5020 ⁸
882 4988 990 5041 Vos
1035 4988 1199 5040 Deum
1235 4986 1288 5038 in
1328 4985 1549 5038 laudato
1598 4999 1700 5036 ms.
1735 4984 2077 5036 desideratur
2113 4998 2127 5048 ;
2163 4983 2322 5052 paulo

742 5069 892 5127 post,
921 5059 1061 5126 quod
1091 5057 1336 5110 similiter
1375 5055 1536 5127 habet
1571 5067 1670 5122 pro
1701 5054 2037 5127 simpliciter.

815 5129 835 5160 δ
879 5122 1014 5180 Puta
1067 5128 1418 5180 Mauichaaos.
1461 5123 1575 5175 Mox
1626 5122 1747 5175 cod.
1807 5126 1866 5175 S.
1899 5122 2112 5185 Crucis,
2147 5122 2322 5190 dique

743 5199 1057 5261 credentes;
1095 5206 1247 5250 vetus
1280 5197 1412 5249 edit.
1445 5209 1589 5261 teque
1628 5192 1933 5244 ordiuntur.

821 5270 838 5299 '
879 5260 1134 5321 Mentlose
1160 5267 1425 5320 hactenus
1455 5260 1765 5317 obtinuerat
1790 5262 1885 5315 Dei
1912 5277 2009 5329 pro
2031 5260 2156 5321 diei,
2177 5261 2318 5328 qttod

746 5339 1106 5391 enirndamus
1137 5352 1199 5388 cx
1254 5335 1374 5388 cod.
1413 5333 1469 5386 S.
1509 5334 1726 5393 Crucis,
1781 5343 1975 5398 przcttrr
2031 5329 2318 5394 Vulgatum

749 5410 1128 5475 interpretem,
1155 5405 1346 5475 Grtcco
1372 5404 1533 5457 etiam
1556 5412 1733 5475 textu.
1757 5405 1995 5471 ἡμέρας,
2025 5402 2324 5475 assentien-

753 5491 826 5529 te.
865 5469 1208 5533 Concinnius
1232 5474 1427 5525 deinde
1467 5474 1590 5524 cod.
1625 5469 2045 5532 idem,taun-tsi
2085 5484 2188 5521 non
2215 5469 2321 5521 alio

752 5563 938 5609 sonsu,
971 5549 1097 5616 quia
1141 5545 1335 5597 mutati
1371 5543 1496 5595 sint.
1542 5541 1679 5616 Tum
1717 5552 1870 5594 vetus
1903 5542 2059 5616 edit,
2092 5539 2173 5616 E_.t:
2196 5554 2321 5616 pro-

749 5620 869 5683 pria
925 5607 1179 5685 dignitate
1213 5625 1260 5666 et
1295 5616 1488 5682 gloria,
1523 5612 1695 5679 magis
1753 5626 1914 5678 quant
1964 5610 2084 5674 Dei,
2125 5611 2178 5660 in
2211 5607 2320 5658 dcu-

751 5705 986 5750 monunt,
1020 5697 1125 5738 etc.

829 5758 848 5784 ‘
893 5749 1025 5808 Cod.
1061 5756 1114 5807 S.
1146 5755 1361 5812 Crucis,
1389 5753 1709 5820 Corporibus
1735 5752 2110 5809 cirrttmdntas,
2142 5749 2316 5801 noris-

754 5843 886 5880 smte
915 5827 1074 5877 etiam
1121 5827 1363 5876 humanis
1423 5826 1668 5875 carnibus
1726 5823 1996 5888 alligatas,
2061 5821 2318 5883 ipsosque,

755 5910 893 5960 ctc.;
933 5907 982 5949 et
1010 5896 1170 5963 paulo
1209 5905 1346 5963 p0:t,
1388 5906 1438 5946 ut
1480 5906 1692 5961 accepta
1721 5893 1959 5957 deinceps
1993 5891 2316 5956 ινιιῖιεὲιεηιςσ.

2401 2031 2671 2084 dicatione
2705 2031 3076 2085 ecclesiastica
3106 2031 3460 2087 conﬁtemur.
3503 2049 3523 2082 ο

2478 2213 2562 2266 16.
2598 2213 2838 2283 Origenis
2869 2232 3096 2269 errores.
3148 2245 3202 2254 —
3234 2216 3547 2280 Qumriuuus
3581 2224 3768 2268 utrum
3801 2213 4002 2264 anima:

2405 2318 2691 2374 antequam
2730 2310 2890 2360 homo
2925 2309 2977 2360 in
3052 2307 3307 2376 paradiso
3339 2307 3514 2368 ﬁeret,
3542 2317 3597 2360 et
3631 2307 4006 2372 plasmaretur

2406 2403 2572 2453 Adam
2599 2404 2664 2454 de
2685 2411 2849 2465 terra,
2876 2403 3016 2456 inter
3045 2403 3403 2457 rationabiles
3441 2402 3640 2455 iuerint
3669 2409 4002 2470 creaturas:

2409 2507 2586 2548 utrum
2632 2496 2914 2562 proprium
2951 2503 3154 2548 statmn
3210 2497 3528 2556 habuerint,
3574 2494 3845 2554 vixerint,
3883 2509 4006 2544 mo-

2409 2597 2538 2640 ratae
2579 2589 2708 2649 sint,
2747 2599 2911 2656 atque
2955 2588 3334 2653 subStiterint,
3367 2598 3421 2642 ct
3451 2605 3518 2640 an
3563 2588 3830 2653 Origenis
3904 2585 4014 2639 do-

2408 2679 2592 2731 ctrina
2629 2680 2699 2735 sit
2727 2695 2876 2738 vera.
2905 2681 2996 2749 qui
3033 2681 3418 2734 dixitcunctas
3450 2679 3816 2733 ratioiiahiles
3845 2692 4013 2732 crea-

2409 2782 2576 2834 turas,
2613 2774 2987 2840 incorporales
3029 2781 3083 2826 et
3115 2773 3438 2837 invisibiles,
3473 2773 3519 2826 si
3568 2771 4012 2841 negligentiores

2412 2864 2637 2926 fuerint,
2674 2866 2933 2932 paulatim
2971 2867 3038 2919 ad
3097 2866 3365 2920 inferiora
3424 2866 3557 2924 labi.
3589 2875 3643 2918 et
3677 2865 3840 2933 juxta
3879 2879 4018 2932 qna-

2411 2957 2587 3010 litatcs
2640 2959 2886 3011 locorum
2935 2959 3001 3013 ad
3048 2975 3170 3028 qua:
3222 2957 3491 3022 deﬂuunt,
3545 2972 3844 3011 assumere
3905 2953 4013 3008 sibi

2411 3063 2663 3116 Corpora.
2723 3047 2889 3103 Verbi
2945 3051 3142 3120 gratia,
3189 3050 3430 3118 primum
3485 3049 3756 3110 tetherea,
3811 3045 4017 3100 deinde

2413 3154 2591 3193 aerea.
2623 3141 2869 3207 Cumque
2895 3143 2959 3193 ad
2988 3142 3240 3195 viciniam
3269 3154 3428 3196 terra:
3451 3141 3835 3208 pervenerint,
3863 3154 4018 3192 cras-

2413 3233 2652 3286 sioribus
2673 3235 2994 3300 corporibus
3026 3234 3362 3288 circumdari
3392 3235 3412 3266 ⁸
3433 3278 3448 3298 ,
3479 3233 3785 3287 novissime
3818 3231 4020 3285 bumao

2413 3326 2496 3378 uis
2531 3327 2790 3379 carnibus
2833 3325 3066 3395 alligari,
3105 3326 3370 3395 ipsosque
3402 3327 3718 3388 dmmones,
3754 3324 3851 3389 qui
3886 3338 4018 3392 pro-

2414 3418 2533 3482 ptio
2563 3419 2796 3470 arbitrio
2827 3435 2950 3471 cum
2985 3419 3233 3487 principe
3266 3435 3368 3472 suo
3405 3419 3631 3472 diabolo
3665 3419 3738 3472 de
3777 3419 3878 3471 Dei
3918 3418 4022 3469 mi-

2411 3506 2640 3558 nisterio
2677 3518 3046 3570 recesserunt,
3081 3509 3125 3560 si
3160 3508 3444 3577 paululum
3504 3508 3852 3577 resipiscere
3905 3521 4022 3560 em-

2414 3600 2617 3666 perint,
2670 3599 2911 3653 humana
2967 3615 3134 3654 carne
3177 3601 3396 3664 vestiri,
3452 3609 3512 3653 ut
3565 3611 3684 3653 acta
3747 3600 4025 3667 deinceps

2415 3693 2735 3756 prauitentia
2766 3705 2886 3760 post
2917 3695 3385 3749 resurrectionem
3415 3695 3613 3748 eodem
3643 3695 3889 3758 circulo,
3915 3711 4028 3757 quo

2415 3781 2468 3833 in
2504 3796 2726 3834 carnem
2771 3795 3058 3848 venerant,
3096 3794 3454 3837 revertantur
3482 3785 3549 3838 ad
3584 3784 3857 3838 viciniam
3903 3785 4025 3847 Dei,

2417 3874 2625 3929 liberati
2667 3875 2828 3929 etiam
2857 3879 3033 3930 aereis
3071 3877 3448 3946 aethereisque
3514 3879 3864 3943 corporibus
3891 3878 3940 3939 τ’,
3970 3888 4030 3932 et

2418 3976 2549 4021 tunc
2581 3966 2765 4019 omnia
2797 3982 2973 4036 genua
3012 3977 3244 4021 current
3272 3969 3402 4028 Deo.
3429 3969 3776 4030 cmlestium.
3809 3979 4029 4022 terres-

2419 4060 2609 4125 trium,
2645 4066 2698 4110 et
2735 4058 3102 4121 inferuorum,
3138 4068 3194 4111 et
3223 4060 3297 4112 sit
3331 4059 3477 4114 Deus
3507 4062 3694 4113 omnia
3733 4061 4028 4114 omnilms.

2417 4153 2553 4205 Cum
2584 4165 2713 4220 ergo
2741 4148 2902 4221 523
2936 4150 3040 4204 ista
3065 4161 3409 4220 quaerantur,
3437 4167 3539 4207 cur
3571 4161 3628 4206 tu
3666 4153 3902 4208 omissis
3934 4170 4031 4208 su-

2489 4290 2508 4320 '
2545 4288 2891 4342 Martianteus
2924 4288 3027 4350 ait,
3097 4306 3115 4338 ι
3153 4287 3268 4342 Hoc
3335 4289 3458 4343 loco
3507 4303 3758 4342 errorem
3811 4289 4033 4343 theolo-

2421 4361 2598 4423 gicum
2627 4358 2869 4411 inferunt
2891 4367 3103 4410 veteres
3127 4358 3405 4411 editiones
3425 4357 3646 4412 Erasmi
3695 4368 3752 4412 et
3780 4356 4029 4413 Μειτίθηί

2421 4428 2652 4484 Victorii
2682 4428 2906 4496 (addere
2939 4429 3213 4494 potuisset
3243 4437 3298 4482 et
3329 4431 3671 4482 vetustiores
3719 4428 3898 4497 alia),
3933 4431 4028 4482 ubi

2419 4501 2596 4566 egitur
2627 4505 2958 4552 revertantur
2981 4497 3051 4549 ad
3085 4498 3342 4550 visionem
3387 4498 3516 4561 Dei,
3589 4499 3760 4566 quasi
3815 4498 4031 4553 (lanio-

2423 4586 2518 4622 nes
2551 4567 2846 4636 aliquando
2893 4566 2980 4620 Dei
3016 4567 3229 4636 visione
3264 4567 3424 4620 beata
3459 4569 3569 4621 l'rui
3613 4568 3970 4636 potuissent.
4007 4587 4026 4619 ι

2427 4641 2494 4692 At
2530 4634 2996 4699 non‘eatholicus.
3026 4637 3122 4690 sed
3151 4634 3411 4704 Origenis
3443 4634 3645 4691 sensus
3686 4639 3780 4692 hic
3813 4639 4034 4692 edisse-

2431 4710 2589 4760 ritur.
2622 4704 2761 4758 Num
2799 4721 2965 4772 porro
2999 4707 3177 4758 levior
3205 4715 3292 4758 est
3324 4721 3505 4769 error,
3556 4707 3852 4762 (laniones
3907 4720 4031 4763 acta

2430 4775 2750 4847 paenitentia
2781 4775 2848 4828 ad
2878 4774 3130 4847 viciniam
3163 4773 3256 4847 Dei
3291 4777 3492 4830 reverti
3529 4791 3698 4846 quam
3743 4778 3815 4830 ad
3869 4780 4037 4832 visio-

2428 4843 2545 4899 nem
2580 4847 2605 4898 ἲ
2643 4844 2733 4899 Sic
2755 4854 2935 4898 autem
2966 4860 3022 4898 re
3060 4845 3174 4913 ipsa
3202 4843 3472 4914 Origenes
3500 4843 3681 4900 sensit
3701 4856 3846 4901 tom.
3882 4848 3952 4902 Ill
3981 4852 4034 4903 iu

2427 4917 2760 4975 Matthteum,
2793 4929 2914 4986 pag.
2943 4915 3048 4968 552
3077 4931 3092 4969 :
3146 4914 3288 4986 Fieri
3367 4930 3532 4984 posse
3561 4926 3624 4970 ut
3657 4920 4038 4986 quemadmo-

2428 4991 2555 5041 dum
2584 4987 2652 5039 de
2685 4984 3071 5038 incredulitate
3095 4987 3163 5037 ad
3194 4984 3382 5046 iidem,
3414 4988 3486 5039 ab
3517 4984 3941 5043 incontinentia
3969 4991 4036 5042 ad

2427 5059 2756 5118 castitatem,
2779 5065 2832 5108 et
2859 5054 3116 5108 universe
3135 5070 3164 5106 a
3190 5055 3438 5123 nequitia
3469 5057 3537 5109 ad
3567 5057 3836 5111 virtutem
3867 5062 4038 5111 homo

2425 5125 2784 5186 convertitur,
2818 5124 2891 5178 ita
2928 5133 2984 5177 et
3014 5125 3246 5192 angelus
3277 5125 3367 5178 cui
3400 5126 3602 5179 anima:
3643 5141 3782 5179 cura
3834 5133 4034 5181 statim

2425 5197 2492 5248 ab
2545 5205 2668 5247 ortu
2715 5194 3008 5247 commissa
3043 5202 3152 5258 est,
3205 5195 3384 5248 malus
3418 5195 3582 5248 initio
3644 5211 3774 5251 esse
3830 5202 4038 5263 possit.

2425 5267 2618 5318 deinde
2682 5277 2811 5316 vero
2851 5277 2956 5335 qua
2995 5263 3359 5335 proportione
3417 5267 3483 5317 is‘
3515 5266 3719 5329 credit,
3775 5270 3874 5335 qui
3932 5270 4035 5322 sibi

2429 5335 2663 5388 traditus
2697 5342 2800 5396 est,
2837 5333 3025 5384 eadetn
3058 5345 3112 5385 et
3145 5333 3262 5401 ipse
3295 5335 3510 5394 credat,
3549 5345 3606 5388 et
3638 5333 3831 5390 tantos
3864 5337 4038 5391 faciat

2425 5418 2767 5472 progressus.
2802 5403 2878 5462 ὡς
2921 5401 3181 5466 γενέσθαι
3211 5404 3404 5469 ιαὺτὸν
3452 5403 3702 5472 ἄγγελε-δ
3764 5406 3868 5459 ἕνα
3927 5409 4037 5460 τῶν

2425 5475 2510 5525 διὰ
2543 5474 2742 5547 παντὸς
2798 5473 3107 5541 βλεπόντων
3147 5473 3209 5524 τὸ
3250 5476 3558 5547 trp/{omnm
3602 5475 3734 5547 τοῦ.
3762 5478 3825 5527 ὲν
3863 5478 4036 5547 οὑρι-

2426 5547 2536 5604 νοῖς
2559 5544 2790 5610 πατρός,
2830 5551 2884 5592 ιιι
2927 5557 3060 5593 unus
3090 5557 3154 5595 ea:
3199 5542 3407 5610 angelis
3454 5544 3652 5610 faciem
3697 5543 3896 5600 Patris
3943 5542 4037 5614 ’φιλ

2426 5615 2477 5664 in
2511 5619 2648 5664 ctetts
2676 5621 2772 5677 est,
2799 5627 3003 5675 semper
3031 5618 3414 5675 spectantibus,
3441 5615 3779 5681 efﬁciatur.s
3840 5617 4038 5671 Nescro

2426 5684 2719 5755 itaqucjan
2751 5683 2933 5755 vrrius
2957 5681 3210 5755 visionem
3247 5691 3464 5736 veteres
3492 5684 3780 5738 editiones
3816 5688 4036 5755 legant;

2427 5753 2639 5828 tametsi
2674 5751 2948 5813 viciniam,
2994 5767 3096 5803 nec
3127 5752 3350 5806 diverso
3387 5755 3617 5822 quidem
3653 5751 4037 5828 sensufpraz-

2425 5825 2527 5876 [ωτι
2569 5832 2753 5878 noster
2785 5835 3003 5890 quoque
3039 5835 3141 5874 tns.
