4202 6462
191 429 295 493 $5

1255 434 1548 493 CONTRA
1604 431 1961 494 JOANNEM
2011 434 2090 493 HI
2106 433 2420 494 EROSOL.

3349 428 3451 494 386

185 554 284 608 per
311 542 519 608 quibus
555 554 731 610 pugna
762 551 868 606 est,
899 543 968 599 de
997 553 1297 599 scammate
1329 545 1344 576 ⁸
1382 554 1434 599 et
1482 546 1602 599 loco
1657 561 1779 599 cer-
1805 553 1856 608 Α
1884 558 2013 600 cens
2049 563 2060 597 :
2098 563 2114 594 ι
2149 544 2337 598 Infelix
2375 560 2474 614 ego
2513 545 2697 601 homo,
2734 542 2855 608 quis
2893 556 2974 594 me
3003 540 3169 613 424
3201 541 3457 597 liberabit

185 634 412 687 taminis
457 636 772 701 egrediens.
808 636 863 690 in
920 638 1219 706 peregrinis
1267 648 1320 694 et
1367 639 1528 710 longe
1577 640 1770 694 alienis

183 723 668 792 disputationibus
703 724 1066 780 immoraris?

254 815 346 870 Π.
389 816 535 880 Quid
569 816 626 870 in
661 817 813 872 libris
838 819 971 886 περὶ
1017 817 1230 888 Ἀρχῶν
1263 820 1466 874 dicebat
1496 818 1766 888 Origenes.

183 908 301 974 Quo
331 916 572 976 tempore
613 907 1030 965 Commentarios
1084 911 1248 964 edidit
1296 911 1350 964 in
1404 909 1769 964 Ecciesiasten

187 1000 572 1072 Hieronymus.
603 1030 672 1046 -
716 1002 907 1060 Credis
951 1005 1096 1072 quod
1127 1014 1358 1060 cunctas
1407 1007 1654 1060 visibiles
1717 1013 1771 1060 et

183 1095 499 1152 inrisibiles
549 1109 837 1154 creaturas
897 1114 1038 1154 unus
1094 1100 1234 1153 Deus
1283 1099 1472 1154 fecerit
1509 1115 1524 1156 :
1561 1100 1662 1153 hoc
1715 1111 1768 1154 ct

182 1189 351 1243 Arius
380 1189 762 1254 conﬁteretur.
798 1193 895 1261 qui
931 1191 1064 1246 dicit
1093 1202 1293 1248 cuncta
1327 1206 1512 1246 creata
1547 1208 1642 1262 per
1675 1193 1766 1246 Fi-

183 1281 338 1334 Iium.
372 1281 430 1337 Si
457 1282 527 1337 de
555 1282 850 1340 Marcionis
884 1287 1191 1354 arguereris
1223 1285 1443 1350 haeresi,
1474 1302 1596 1356 qua:
1629 1288 1764 1340 alte-

183 1389 301 1425 rum
351 1374 585 1436 bonum,
641 1377 875 1431 alterum
931 1378 1138 1447 justum
1205 1378 1376 1432 Deum
1449 1377 1690 1432 inferens
1722 1380 1766 1442 ',

181 1464 334 1518 illum
364 1467 755 1531 invisibilium,
792 1467 937 1523 hunc
975 1468 1266 1523 visibilium
1311 1471 1510 1524 asserit
1544 1470 1767 1524 Creatoo

182 1570 327 1622 rem,
359 1565 517 1614 recte
551 1560 684 1613 mihi
711 1561 777 1613 de
800 1559 1115 1628 hujusmodi
1147 1559 1480 1615 satisfeceris
1505 1563 1765 1630 quaestio-

181 1660 271 1699 ne.
300 1646 504 1702 Credis
539 1649 684 1717 quod
724 1650 1095 1706 universitatis
1123 1649 1366 1706 Trinitas
1398 1651 1468 1705 sit
1501 1651 1764 1706 creatrix.

180 1736 334 1791 Istud
383 1739 577 1794 Ariani
626 1749 680 1794 et
733 1739 1073 1796 Hemiariani
1112 1741 1134 1774 ⁸
1223 1750 1446 1812 negant,
1503 1741 1768 1812 Spiritum

179 1841 437 1884 sanctum
480 1848 590 1886 non
628 1834 996 1898 conditorem,
1033 1833 1128 1889 sed
1171 1835 1454 1888 conditum
1516 1834 1768 1902 blasphe-

1878 639 1945 693 de
1979 653 2210 707 corpore
2239 639 2426 690 mortis
2457 640 2616 706 hujus
2645 634 2826 706 (Rom.
2872 650 2962 708 vn,
2993 635 3129 703 ειη
3163 656 3180 686 ι
3219 636 3336 689 Νυιι
3364 648 3452 690 est

1881 731 2039 786 istius
2063 729 2323 799 temporis
2353 740 2544 782 contra
2571 731 2764 796 dogma
2795 727 3101 795 gentilium,
3132 741 3182 782 et
3203 745 3266 782 ex
3296 740 3449 799 parte

1877 823 2246 888 Platonicum,
2274 825 2534 877 scribere.
2581 823 2718 874 Ante
2752 836 2929 875 annos
2967 821 3138 874 ferme
3169 824 3356 875 decem
3396 840 3449 877 III

1877 916 2304 972 Commentariis
2339 915 2696 978 Ecclesiaste,
2727 923 2782 966 et
2811 916 2862 967 in
2894 914 3280 982 explanatione
3313 915 3443 984 Epi-

1878 1011 2030 1065 stula:
2087 1010 2150 1061 ad
2209 1010 2496 1078 Ephesios,
2552 1007 2788 1060 arbitror
2841 1023 3062 1062 sensum
3122 1007 3290 1061 animi
3345 1009 3448 1062 mei

1877 1103 2244 1175 prudentibus
2275 1103 2629 1170 explicatum.

1950 1197 2038 1252 I8.
2085 1196 2194 1251 lloc
2243 1211 2387 1248 nunc
2426 1213 2575 1264 rogo,
2613 1197 2702 1264 qui
2753 1206 2899 1251 tanta
2953 1196 3209 1266 loqueris,
3259 1198 3352 1268 qui
3387 1199 3456 1251 de

1878 1293 2089 1348 cunctis
2127 1289 2478 1346 sermonibus
2513 1293 2614 1344 sub
2652 1307 2759 1345 uno
2802 1301 3033 1346 tractatu
3065 1292 3325 1346 edisseris
3354 1307 3453 1345 ve-

1879 1389 2116 1448 ritatem,
2155 1397 2213 1439 ut
2277 1386 2609 1452 respondeas
2657 1385 3065 1438 scisritantihus
3107 1383 3324 1438 brevem
3357 1386 3453 1437 ab-

1878 1483 2227 1547 solutamque
2277 1480 2624 1533 scntentiam.
2685 1480 2916 1542 Quando
2960 1477 3250 1548 plasmavit
3310 1478 3456 1530 Deus

1880 1571 2153 1624 hominem
2179 1586 2243 1624 ex
2273 1571 2425 1634 limo,
2455 1579 2508 1626 et
2537 1586 2631 1638 per
2661 1571 2895 1639 gratiam
2945 1572 3182 1638 propria:
3215 1569 3458 1623 insuma-

1879 1663 2044 1717 tionis
2067 1663 2113 1717 ei
2143 1663 2382 1716 animam
2432 1663 2622 1717 tribuit
2661 1681 2674 1716 :
2713 1670 2898 1715 utrum
2932 1663 3021 1714 illa
3073 1663 3255 1715 anima
3288 1660 3457 1715 fuerit

1877 1765 2002 1808 ante
2025 1762 2076 1808 et
2101 1755 2500 1814 snbstiterit.et
2525 1755 2615 1808 ubi
2648 1763 2858 1808 ver-ata
2889 1756 2982 1820 sit,
3009 1769 3129 1822 qua:
3148 1753 3238 1809 Dei
3264 1761 3455 1824 postea

1878 1846 2245 1902 insumatione
2290 1848 2486 1901 donata
2535 1860 2658 1901 est:
2693 1862 2761 1901 an
2806 1845 2860 1899 in
2906 1856 3058 1901 sexto
3104 1847 3191 1900 die
3237 1851 3454 1916 quando

180 1935 419 1979 manus.
457 1925 566 1983 Sed
597 1926 650 1981 te
682 1929 805 1997 quis
837 1928 941 1983 hoc
972 1937 1212 1996 tempore
1257 1928 1543 1982 insimulat
1601 1929 1758 1982 Aria-

1871 1955 2068 2008 corpus
2094 1942 2114 1972 '
2144 1956 2210 1995 ex
2252 1941 2382 1995 limo
2412 1941 2707 1994 formatum
2747 1951 2851 2004 est,
2893 1947 2948 1994 et
2987 1954 3112 1994 esse
3181 1948 3235 1993 et
3272 1941 3455 1992 vivere

176 2033 308 2070 num
336 2020 361 2070 ἲ
390 2017 541 2073 Dicis
564 2022 774 2075 animas
803 2019 1088 2075 hominum
1124 2035 1231 2074 non
1266 2031 1475 2090 partem
1513 2020 1603 2074 Dei
1641 2034 1766 2074 esse

178 2123 393 2162 natura:
427 2127 443 2174 ;
478 2112 636 2178 quasi
668 2110 1003 2166 Manichmus
1042 2129 1186 2166 tmnc
1214 2113 1283 2166 ab
1318 2111 1629 2182 Epiphanio
1683 2111 1763 2166 sis

178 2210 439 2255 vocatus.
475 2201 781 2257 Detestaris
813 2217 932 2265 eos,
973 2203 1067 2271 qui
1093 2206 1306 2258 animas
1333 2220 1398 2259 ex
1434 2204 1646 2276 angelis
1673 2220 1763 2258 as-

179 2305 377 2345 serunt
410 2295 555 2356 Iieri,
579 2306 634 2349 et
660 2295 874 2349 illorum
911 2298 1126 2350 ruinam
1155 2306 1394 2351 nostram
1423 2296 1612 2350 dicunt
1642 2312 1765 2352 esse

179 2384 580 2438 substantiam.
654 2385 774 2440 Noli
829 2385 1179 2442 dissimulare
1242 2389 1387 2457 quod
1443 2391 1606 2455 nosti,
1664 2406 1763 2443 nec

176 2477 581 2546 simplicitate‘
625 2479 770 2546 quod
814 2495 918 2533 non
947 2479 1112 2534 habes
1154 2481 1378 2547 lingere.
1443 2481 1554 2535 Nec
1581 2483 1764 2550 Orige-

176 2585 274 2624 nes
307 2586 552 2638 unquam
611 2570 749 2624 dixit
783 2585 848 2624 ex
917 2571 1126 2641 angelis
1179 2572 1390 2624 animas
1439 2572 1583 2635 fieri,
1638 2589 1762 2626 cum

175 2664 328 2731 ipsos
380 2666 616 2730 angelos
651 2679 846 2717 nomen
883 2679 1006 2718 esse
1036 2662 1193 2718 oﬁicii
1223 2664 1434 2730 doceat,
1467 2682 1575 2720 non
1607 2677 1764 2720 natu-

175 2771 269 2810 τε.
330 2755 391 2810 ιιι
446 2757 606 2809 libris
652 2756 797 2810 enim
852 2759 980 2825 περὶ
1032 2757 1263 2825 Ἀρχῶν,
1301 2769 1354 2812 et
1400 2758 1660 2827 Angelos.
1713 2769 1766 2812 et

172 2845 458 2912 Turonos,
487 2857 544 2900 et
576 2847 1010 2912 Domiuationes,
1046 2847 1378 2911 Potestates,
1415 2860 1467 2903 et
1525 2859 1765 2904 rectores

174 2942 388 3000 mundi.
422 2949 478 2993 et
539 2939 918 2998 tenebrarum.
950 2947 1004 2992 et
1030 2954 1192 2992 omne
1233 2953 1432 2992 nomen
1483 2939 1628 3007 quod
1672 2956 1766 2991 no-

173 3034 420 3086 minatur
451 3030 674 3103 (Epltes.
713 3048 752 3093 I.
781 3031 896 3098 2i),
929 3047 1034 3085 non
1071 3032 1250 3086 solum
1288 3032 1340 3085 in
1375 3035 1634 3100 preesenti
1664 3049 1765 3085 srr-

168 3127 319 3186 culo.
351 3130 449 3179 sed
490 3124 545 3178 in
593 3123 801 3190 futuro,
839 3123 972 3179 dicit
1002 3124 1216 3179 animas
1245 3139 1367 3178 esse
1407 3141 1598 3178 eorum
1635 3141 1762 3178 cor-

169 3232 390 3286 porum,
418 3233 547 3285 qua:
586 3217 667 3270 vel
705 3217 1004 3283 desiderio,
1043 3216 1125 3270 vel
1158 3215 1472 3272 ministerio
1504 3233 1762 3287 suscepe-

169 3311 301 3364 rint.
344 3311 536 3364 Solem
586 3325 806 3378 qnoque
852 3311 1031 3380 ipsum
1087 3318 1140 3362 et
1177 3310 1394 3372 lunam,
1425 3320 1476 3363 et
1511 3311 1755 3364 omnium

168 3417 455 3458 astrorum
539 3405 790 3464 chorum,
863 3417 987 3457 esse
1063 3403 1276 3458 animas
1347 3403 1758 3459 rationabilimn

167 3499 451 3565 quondam
473 3497 497 3529 '
528 3505 583 3551 et
602 3497 1019 3566 incorporalinm
1041 3507 1416 3552 creaturarum
1439 3517 1452 3551 :
1473 3511 1592 3566 qurc
1617 3513 1764 3551 nunc

170 3592 399 3644 vanitati
426 3589 713 3657 subjectae,
739 3588 930 3658 ignitis
963 3589 1212 3644 videlicet
1249 3589 1598 3659 corporibus,
1635 3605 1758 3658 quae

171 3698 271 3738 nos
301 3682 548 3748 imperiti
576 3697 628 3736 et
650 3683 815 3739 rudes
847 3683 1138 3738 luminaria
1174 3681 1361 3736 mundi
1390 3683 1755 3751 appellamus,

167 3776 562 3830 liberabuntur
587 3791 616 3827 a
646 3777 917 3830 servitute
948 3775 1326 3843 corruptionis
1362 3775 1414 3829 in
1447 3774 1753 3829 libertatem

163 3870 354 3935 gloria
395 3867 639 3922 ﬁliorum
699 3868 813 3924 Dei.
849 3868 1004 3925 Unde
1033 3883 1088 3925 et
1121 3869 1306 3924 omnis
1339 3878 1589 3924 creatura
1624 3882 1761 3920 con-

165 3961 425 4029 gcmiscit
469 3970 526 4015 et
584 3963 838 4030 parturit.
889 3961 954 4016 Et
998 3961 1294 4032 Apostolus
1347 3961 1622 4030 deplorat,
1677 3958 1761 4013 di-

237 4121 255 4151 ί
302 4119 382 4172 De
420 4127 735 4172 stemmate.
763 4117 909 4174 Bene
938 4129 1121 4175 monet
1151 4120 1452 4184 Marianus,
1488 4130 1541 4174 et
1586 4121 1757 4175 casti-

166 4202 254 4260 gat
296 4188 594 4260 Erasmum
652 4190 925 4256 legentem
1002 4193 1067 4242 de
1118 4201 1423 4260 ﬂammate.
1461 4202 1593 4255 etc.,
1629 4207 1754 4245 cum

165 4259 304 4314 mss.
331 4274 531 4311 omnes
563 4259 740 4320 legant
768 4269 1078 4314 scammate.
1137 4259 1410 4315 Mantua.
1444 4291 1509 4301 --
1546 4261 1635 4314 Sic
1668 4276 1756 4314 vc-

165 4341 313 4384 teres
336 4329 692 4396 appellabant
721 4328 946 4390 fossam,
967 4346 1074 4397 qna
1099 4333 1336 4384 stadium
1364 4332 1744 4391 claudebatur,

162 4411 216 4454 et
254 4414 428 4467 quam
477 4403 618 4448 ultra
676 4399 926 4467 progredi
982 4401 1325 4454 certantibus
1360 4417 1463 4453 non
1527 4401 1750 4454 licebat.

166 4470 341 4524 Vetus
373 4468 512 4521 edit.
541 4469 606 4520 de
641 4470 844 4521 nuntcri
870 4471 946 4522 tui
973 4470 1156 4522 ordine
1183 4485 1200 4521 :
1235 4469 1452 4526 Erasm.
1479 4471 1542 4524 de
1583 4483 1752 4524 stam-

165 4553 326 4592 ante.

1875 2029 1965 2084 Dei
1996 2040 2264 2099 potestate
2288 2032 2617 2098 susceperit.
2648 2031 2719 2084 De
2744 2033 2845 2086 hoc
2875 2043 3043 2098 taces,
3070 2041 3124 2086 et
3149 2031 3282 2100 quid
3310 2046 3453 2100 quaa-

1874 2134 2024 2178 ratur
2051 2127 2193 2178 scire
2223 2124 2606 2190 dissimulans,
2635 2127 2687 2178 in
2721 2126 3016 2193 supernuis
3053 2126 3453 2195 qumstionihus

1871 2218 2184 2285 occuparis.
2218 2213 2506 2285 Origenem
2544 2218 2810 2284 relinquis
2856 2218 3145 2276 intactmn.
3177 2231 3229 2270 et
3256 2226 3451 2270 contra

1869 2310 2228 2373 Marcionem,
2256 2309 2643 2378 Apollinarem,
2671 2311 3022 2374 Eunmuiuin,
3067 2309 3450 2369 Manichacum.

1869 2406 2058 2457 Arium
2103 2407 2121 2436 ⁷
2160 2415 2599 2474 οωιθτοιυιιῐηίιυε
2651 2405 3029 2458 haereticorum
3081 2403 3314 2472 ineptias
3361 2403 3453 2456 dc-

1870 2497 2178 2551 baccharis.
2229 2494 2446 2551 Manum
2500 2496 2720 2565 peteris.
2764 2505 2817 2549 et
2865 2499 3051 2560 pedem
3089 2493 3370 2564 porrigis;
3401 2505 3453 2546 et

1869 2596 2049 2642 tamen
2095 2589 2290 2654 dogma
2320 2588 2464 2655 quod
2512 2585 2734 2648 retines,
2785 2588 3019 2639 latenter
3061 2585 3330 2637 insinuas.
3359 2584 3453 2635 Sic

1870 2695 1971 2735 nos
2003 2680 2236 2735 rusticos
2283 2679 2487 2748 placas,
2519 2688 2578 2732 ut
2620 2679 2728 2733 tuis
2759 2679 2978 2746 penitus
3007 2691 3110 2730 non
3136 2675 3450 2742 displiceas.

1941 2772 2025 2828 I9.
2061 2772 2205 2825 Dii-is
2231 2787 2296 2825 ex
2326 2772 2538 2839 angelis
2583 2773 2861 2825 daemones
2892 2771 3072 2837 potius
3113 2783 3278 2836 quam
3325 2769 3451 2819 ani-

1867 2881 1986 2918 mas
2016 2864 2152 2927 ﬁeri,
2193 2865 2349 2930 quasi
2385 2879 2489 2917 non
2536 2875 2588 2917 et
2635 2862 2736 2928 ipsi
2770 2864 3046 2916 dznmones
3071 2861 3223 2926 juxta
3257 2860 3448 2928 Orige-

1867 2972 2016 3019 nem,
2050 2956 2246 3009 animm
2283 2957 2394 3009 sint
2417 2955 2560 3009 aerei
2586 2958 2856 3024 corporis,
2885 2967 2934 3009 ct
2962 2971 3022 3008 et
3059 2956 3397 3013 daemonibus
3426 2955 3448 2986 ⁸

1867 3059 2046 3116 postea
2073 3049 2116 3102 si
2141 3049 2496 3115 resipuerint.
2542 3050 2793 3103 humana;
2837 3049 3034 3102 anima:
3061 3049 3172 3103 sint
3202 3049 3222 3080 ³
3253 3047 3446 3102 futuri.

1872 3159 1889 3190 ι
1920 3140 2156 3208 Angelos
2185 3141 2378 3195 scribis
2405 3156 2527 3195 esse
2565 3142 2878 3202 mutabiles,
2913 3159 2931 3191 ι
2963 3152 3013 3192 ct
3054 3141 3157 3194 sub
3199 3157 3263 3193 co
3303 3140 3446 3208 quod

1867 3236 2015 3303 pium
2067 3243 2168 3297 est,
2222 3234 2355 3287 illud
2390 3238 2533 3303 quod
2587 3234 2807 3303 impium
2860 3243 2944 3288 est
2989 3233 3334 3288 introducis:
3390 3246 3447 3284 ιιι

1869 3326 2053 3380 multis
2083 3327 2321 3394 periodis
2355 3327 2555 3380 animae
2596 3327 2728 3379 [lant
2770 3340 2874 3378 ηοω
2910 3341 2971 3378 ex
3005 3325 3232 3394 angelis.
3264 3325 3357 3380 scd
3382 3341 3445 3378 ex

1868 3414 1953 3467 his
1995 3414 2300 3476 vocabulis,
2352 3416 2404 3467 in
2450 3430 2568 3481 quze
2617 3416 2768 3482 prius
2821 3416 2996 3482 angeli
3048 3416 3240 3468 mutati
3293 3428 3444 3469 sunt.

1867 3503 2001 3557 V'nlo
2046 3506 2190 3569 quod
2225 3506 2371 3571 dico,
2406 3505 2761 3560 manifestius
2811 3508 2966 3560 Iieri:
3015 3511 3155 3574 tinge
3205 3509 3442 3577 aliquem

1870 3599 2166 3652 tribunitiae
2222 3601 2512 3667 potestatis
2565 3615 2664 3652 suo
2721 3601 2853 3652 vitio
2904 3602 3292 3665 regradatnm,
3349 3618 3446 3668 per

1867 3689 2078 3758 singula
2127 3691 2336 3743 mili:i:c
2364 3692 2634 3758 equestris
2671 3691 2710 3722 ¹⁰
2737 3689 2932 3755 oliicia,
2959 3693 3024 3744 ad
3055 3693 3251 3745 tironis
3285 3708 3443 3746 voca-

1866 3782 2050 3836 bulum
2094 3785 2436 3844 devolutum,
2489 3787 2733 3850 nunquid
2780 3799 2845 3838 ex
2895 3788 3117 3838 tribuno
3152 3788 3336 3838 statim
3387 3791 3443 3839 lit

1867 3876 2010 3928 tiro?
2034 3874 2188 3940 Non;
2220 3879 2312 3931 sed
2348 3888 2473 3931 ante
2499 3879 2868 3946 primicerius.
2903 3881 3096 3933 deinde
3120 3890 3341 3934 senator
3374 3882 3439 3942 ι’,

1862 3962 2211 4025 ducenarius,
2241 3966 2616 4028 centenarius,
2653 3965 2814 4036 425
2862 3969 3137 4032 biarchus,
3193 3971 3438 4031 circitor.

1862 4119 2017 4191 piunt
2062 4133 2127 4171 ex
2179 4117 2528 4191 dtrinoniltus.
2579 4132 2684 4176 etc.
2738 4121 2940 4175 Deinde
2969 4122 3177 4185 istharc,
3228 4124 3441 4191 angelrs

1860 4187 2048 4246 scribis
2070 4205 2182 4242 esse
2229 4189 2528 4252 mutabiles,
2561 4191 2612 4244 in
2639 4193 2760 4246 cod.
2793 4193 2849 4246 S.
2881 4193 3072 4245 Crucis
3101 4208 3204 4245 non
3235 4187 3441 4247 haben-

1861 4270 1967 4315 tur.

1933 4333 1953 4363 ⁹
1983 4330 2189 4382 Animo!
2216 4330 2338 4388 sint.
2370 4339 2467 4382 etc.
2501 4329 2648 4382 Idem
2678 4331 2956 4398 exemplar
2988 4331 3236 4385 Cluniae.
3277 4335 3437 4386 omit-

1859 4404 1922 4456 tit
1974 4401 2089 4470 harjc
2126 4403 2310 4458 verba.
2352 4401 2446 4452 hoc
2489 4410 2568 4470 est
2620 4403 2788 4466 pium.
2847 4419 2968 4470 quae
3014 4404 3068 4457 in
3124 4401 3244 4455 aliis
3282 4405 3436 4457 libris

1857 4469 2141 4540 superﬂue
2173 4471 2450 4538 leguntur.
2499 4469 2762 4525 MARTlAN.

1930 4542 1975 4575 "
2012 4540 2317 4610 Equestrem
2342 4550 2500 4594 vocat
2535 4544 2849 4611 pilatinam.
2885 4551 2940 4593 ut
2975 4551 3128 4608 puto,
3181 4543 3429 4599 militiam

237 4613 257 4642 '
303 4609 481 4663 Deum
512 4604 764 4679 inferens.
812 4606 928 4661 Non
962 4624 1162 4673 serens,
1197 4623 1374 4678 neque
1417 4610 1613 4678 ferens,
1656 4611 1748 4664 sed
1785 4615 1827 4669 ο
1857 4615 1972 4669 sive
2000 4604 2259 4670 militum.
2292 4611 2383 4676 qui
2424 4627 2520 4677 pro
2537 4604 2751 4679 palatio
2784 4604 3151 4666 excubabant.

164 4680 406 4801 inferens
476 4677 652 4746 reperi
707 4680 972 4748 scriptum
1033 4680 1090 4734 in
1146 4677 1375 4735 vetuStis
1414 4677 1745 4750 ,codicilms.

221 4765 451 4801 AI‘I’IAH.

221 4765 451 4804 AITILN.

235 4821 258 4852 ³
292 4823 496 4875 Ariani
541 4836 591 4876 et
618 4821 953 4876 "mtiarimi.
988 4819 1064 4872 Ita
1097 4819 1226 4889 legit
1253 4834 1352 4874 ms.
1385 4817 1747 4874 Sorbonirnm

166 4893 456 4958 exemplar
493 4911 508 4948 :
542 4897 596 4947 in
625 4891 973 4946 Cluniacensi
1014 4904 1144 4942 vero
1179 4907 1284 4942 non
1316 4890 1508 4943 iisdem
1543 4893 1745 4954 verbis,

167 4963 258 5012 sed
325 4963 525 5017 eodem
577 4978 768 5026 sensu,
822 4959 1016 5014 Ariani
1059 4970 1108 5013 et
1157 4959 1480 5014 Eunomiani
1529 4975 1745 5030 negetur.

167 5030 442 5084 unum.

234 5103 256 5130 ⁵
295 5102 359 5155 S.
420 5103 612 5159 Crucis
672 5117 775 5157 ms.
822 5099 930 5155 Nec
979 5101 1394 5166 simplicitatem,
1446 5117 1602 5170 quam
1649 5119 1748 5154 non

163 5173 347 5235 habet,
393 5183 502 5227 etc.

234 5243 255 5273 ⁸
299 5245 455 5296 Idem
504 5259 609 5297 ms.
647 5243 1036 5308 Quorumdam.
1086 5240 1208 5296 Vid.
1256 5257 1376 5306 qua
1421 5241 1748 5295 adnoramus

165 5315 218 5364 in
251 5312 437 5380 Epist.
484 5315 551 5367 ad
593 5315 833 5368 AVitum.
871 5324 1036 5382 atque
1063 5315 1229 5378 alibi;
1277 5311 1335 5368 S.
1387 5328 1607 5382 quoque
1641 5319 1748 5364 Au-

161 5384 450 5450 gustinum
483 5386 536 5437 in
574 5384 905 5437 Enchiridio.

234 5455 254 5484 ⁶
284 5453 348 5506 In
381 5456 574 5507 eodem
623 5469 723 5507 ms.
765 5456 846 5507 An
882 5457 934 5508 in
970 5454 1152 5523 quinto
1183 5455 1267 5505 die
1296 5459 1505 5522 quando
1534 5472 1744 5523 corpus,

163 5533 392 5594 ctc..ﬁet
427 5540 549 5577 mox
581 5526 753 5577 videre
783 5539 878 5594 pro
919 5528 1110 5578 viuere.

233 5594 252 5623 '
285 5593 502 5646 Nomen
531 5596 643 5648 Arii
683 5612 747 5648 ex
777 5593 898 5648 ma.
937 5596 993 5648 S.
1032 5597 1226 5649 Crucis
1255 5596 1556 5661 suppletur,
1588 5595 1645 5662 ju
1668 5608 1743 5646 ita

166 5681 328 5728 quem
371 5666 561 5718 itidem
614 5669 844 5732 legimus
875 5668 1038 5735 paulo
1068 5665 1210 5718 inira
1261 5668 1460 5726 retires,
1509 5681 1604 5733 pro
1638 5683 1746 5732 quo

165 5752 324 5786 ante:
358 5745 481 5788 erat
511 5738 730 5788 retines.

232 5808 254 5833 "
287 5806 343 5855 In
381 5811 626 5872 antiquis
657 5807 988 5862 editionibus
1021 5807 1337 5876 glossator-is
1379 5821 1542 5859 manu
1581 5823 1593 5861 :
1634 5805 1746 5856 lloc

162 5885 236 5926 est
262 5880 416 5943 pium
455 5892 649 5931 omnia:
687 5881 792 5931 sint
827 5881 967 5933 aerei
1002 5881 1259 5946 corporis,
1300 5890 1348 5932 et
1396 5879 1491 5931 hoc
1536 5889 1614 5931 est
1646 5879 1740 5929 im-

1931 4684 1972 4717 “
2013 4682 2334 4735 Senatorcm
2383 4698 2488 4735 non
2526 4683 2812 4736 militarem
2847 4683 3187 4750 dignitatem,
3220 4689 3310 4736 sed
3339 4703 3434 4738 nr-

1854 4756 2029 4809 hicam
2061 4767 2184 4806 esse
2215 4766 2473 4804 causatus
2513 4755 2591 4802 vir
2627 4754 2842 4805 doctus.
2901 4769 3183 4818 perpequ
3227 4754 3311 4810 h'ic
3352 4758 3431 4808 in-

1854 4837 2063 4879 Irusum
2106 4837 2303 4874 nomen
2337 4821 2476 4874 istud
2513 4825 2740 4888 putavit,
2777 4833 2865 4874 aut
2903 4825 3160 4876 mendose
3201 4825 3319 4890 legi.
3358 4829 3421 4876 At

1854 4911 1961 4949 non
1996 4901 2118 4947 erat
2139 4893 2442 4958 suspicioni
2474 4893 2664 4960 locus;
2695 4894 2933 4944 occurrit
2962 4910 3172 4958 IIL‘lltpi',
3208 4897 3425 4948 tametsi

1856 4980 2002 5026 raro.
2032 4963 2173 5029 apud
2216 4971 2424 5014 vett-res
2458 4963 2602 5016 inter
2638 4965 2844 5017 militia:
2877 4965 3230 5022 dignitatatrs
3265 4981 3427 5016 seuu-

1855 5046 1958 5098 tor,
2000 5035 2054 5086 in
2103 5033 2255 5085 Actis
2296 5029 2592 5100 Martyrum
2627 5036 3032 5100 Agaunvusium
3069 5050 3094 5084 τι
3132 5034 3187 5085 S.
3224 5033 3429 5086 Enche-

1855 5109 1935 5158 rio
1967 5103 2210 5168 scriptis.
2311 5101 2724 5156 lttcitantentum
2774 5115 2948 5156 tamen
2984 5107 3269 5155 maximum
3301 5106 3427 5165 ﬁdei

1854 5176 1905 5226 in
1931 5175 2020 5228 illo
2044 5185 2272 5238 tempore
2301 5189 2452 5238 penes
2485 5171 2542 5226 S.
2573 5173 2894 5226 Mauririum
2916 5175 3037 5242 fuit,
3065 5174 3424 5235 primicvrium

1852 5254 1971 5298 tunc
2009 5244 2141 5295 sicut
2189 5243 2423 5294 traditur
2465 5244 2684 5310 legionis
2733 5245 2869 5310 ejus,
2909 5244 2996 5309 qui
3031 5259 3148 5294 cum
3191 5243 3426 5309 Exsupe-

1852 5316 1957 5374 rio.
2011 5323 2068 5365 ut
2121 5313 2173 5364 in
2222 5315 2455 5364 exercitu
2514 5316 2782 5376 appellant
2835 5314 3230 5367 contpirtuctore
3285 5315 3422 5376 (leue

1853 5387 2266 5451 campidoctore.
2303 5381 2477 5435 Gra-r.
2517 5387 2659 5435 enim
2694 5384 3106 5450 ὁπλοδιδικτὴς.
3128 5394 3175 5434 et
3209 5386 3278 5434 ὀπ
3312 5384 3420 5434 οδε-

1849 5455 2143 5516 δάσχαὶος)
2172 5462 2222 5506 et
2263 5451 2506 5505 Conditio
2542 5466 2782 5506 senatore
2817 5457 3063 5510 militum.
3112 5456 3420 5506 accenderat

1849 5527 2179 5578 exhortando
2247 5525 2507 5591 singulos,
2549 5536 2654 5577 etc.
2720 5525 2823 5577 Sed
2857 5526 3014 5575 etiam
3049 5526 3098 5573 in
3132 5523 3420 5577 Theodosii

1853 5596 2091 5656 Novella,
2127 5597 2208 5645 tit.
2239 5594 2328 5645 ‘23).
2359 5599 2422 5645 de
2445 5594 2814 5654 Schnlarilms,
2851 5594 2936 5644 ubi
2968 5595 3238 5646 countibus
3266 5601 3420 5645 scho-

1850 5667 2024 5717 larum
2059 5663 2362 5715 verberandi
2398 5664 2814 5732 regradamlique
2848 5673 3112 5715 senatores
3154 5681 3213 5714 uc
3259 5668 3418 5716 duce-

1851 5738 2028 5787 narios
2055 5736 2270 5785 licetttia
2302 5738 2607 5802 denegatur,
2639 5747 2691 5786 ct
2722 5750 2843 5786 mox
2873 5735 3057 5785 iturum
3084 5744 3417 5797 senatorum.

1849 5809 2293 5868 ducenariorum,
2339 5808 2886 5871 centenariurutnque
2923 5813 3116 5854 tm-nt:o
3144 5815 3247 5858 est.
3279 5805 3420 5856 Con-

1849 5876 2123 5930 stnnlinus
2175 5876 2240 5929 Ἃ.
2279 5895 2326 5931 c.
2364 5892 2378 5928 t
2419 5876 2550 5930 Cod.
2602 5873 2926 5929 Justinianei
2969 5875 3033 5926 dc
3068 5874 3220 5928 (Illic.
3274 5872 3413 5943 Mog.
