4202 6468
728 448 830 517 38Ἰ

1905 437 1966 496 S.
2006 430 2323 496 EUSEBII
2347 424 2790 490 HiERONYMI

3887 416 4006 478 338

723 581 915 636 eques.
944 562 1065 617 dein
1104 561 1238 621 tiro;
1272 567 1324 612 et
1365 572 1677 627 quanquam
1729 555 1980 610 tribunus
2010 552 2285 621 quondam
2318 550 2361 605 A
2394 546 2483 600 fiet
2519 545 2851 601 resurrectio
2908 549 3101 597 contra
3154 548 3445 605 naturain;
3491 553 3623 605 ergo
3655 538 3812 606 juxta
3870 551 4007 591 sen-

726 659 883 714 miles
908 655 1189 726 gregarius
1216 653 1308 713 sit,
1339 662 1515 705 tamen
1547 667 1609 703 ex
1640 650 1859 704 tribuno
1888 661 1995 700 non
2032 648 2161 706 tiro,
2202 643 2297 696 sed

728 750 1073 820 primicerius
1124 747 1302 801 ineius
1328 756 1434 799 est.
1470 744 1636 797 Docet
1664 740 1928 809 Origenes
1968 754 2062 807 per
2092 736 2298 791 scalam

725 846 895 901 Jacob
937 844 1197 915 paulatim
1233 836 1579 895 rationabiles
1623 842 1906 888 creaturas
1935 832 2003 883 ad
2044 829 2297 883 ultimum

727 940 982 1010 gradum,
1019 937 1072 991 id
1110 943 1215 997 est,
1261 932 1327 986 ad
1364 943 1584 985 carnem
1622 936 1676 982 et
1703 928 2028 996 sanguinem
2075 925 2303 977 descen-

727 1034 861 1088 dere
888 1048 903 1086 :
930 1044 1028 1084 nec
1059 1026 1169 1082 ﬁeri
1196 1039 1374 1093 posse,
1407 1031 1465 1076 ut
1499 1021 1566 1076 de
1596 1019 1918 1075 centenario
1948 1030 2182 1071 numero
2211 1033 2303 1069 stt-

729 1126 843 1181 bito
870 1122 992 1192 quis
1009 1120 1076 1175 ad
1108 1133 1274 1173 unum
1320 1130 1606 1171 numerum
1640 1112 2030 1184 praecipitetur,
2068 1108 2176 1162 nisi
2209 1121 2303 1176 per

727 1217 970 1285 singulos
1004 1226 1285 1275 numeros,
1319 1212 1474 1279 quasi
1504 1222 1597 1279 per
1628 1207 1790 1261 scala
1813 1205 2041 1275 gradus,
2072 1202 2137 1256 ad
2175 1200 2303 1255 ulti-

730 1324 877 1364 mum
908 1321 1081 1376 usque
1111 1305 1425 1374 perveniat;
1455 1312 1509 1355 et
1536 1309 1613 1355 tot
1640 1308 1848 1353 mutare
1888 1309 2138 1365 corpora,
2170 1301 2304 1363 quot

727 1401 795 1455 de
827 1398 969 1455 crelo
1004 1398 1069 1453 ad
1101 1408 1302 1451 terram
1335 1391 1668 1447 mutaverint
1697 1390 2029 1443 mansiones.
2054 1385 2149 1441 Hae
2176 1396 2305 1440 sunt

731 1493 973 1562 strophae
1017 1499 1210 1545 vestrre
1242 1496 1404 1555 atque
1438 1483 1749 1554 praestigiae,
1776 1483 1972 1551 quibus
2005 1495 2104 1533 nos
2138 1481 2307 1533 Pelu-

734 1586 907 1640 siotas
926 1590 980 1637 et
999 1581 1270 1650 iumenta,
1298 1586 1352 1632 et
1376 1575 1640 1630 animales
1678 1573 1930 1627 homines
1951 1571 2155 1633 dicitis,
2181 1571 2304 1639 quia

731 1691 837 1731 non
851 1675 1146 1743 recipimus
1167 1675 1363 1739 eajquze
1383 1668 1753 1738 spiritus,sunt
1771 1670 1789 1733 (
1804 1664 1923 1723 νῆά.
1953 1664 2120 1733 Epist.
2146 1663 2308 1715 Pam-

733 1770 952 1826 machio
976 1777 1028 1820 et
1044 1764 1285 1823 Oceano.
1305 1763 1373 1816 ad
1396 1762 1539 1831 (im).
1568 1759 1672 1813 Vos
1693 1759 2122 1825 Hierosolytnttae
2138 1756 2304 1810 etiam

2406 641 2626 692 tentiam
2678 650 2911 693 vestram
2949 651 3147 705 corpus
3194 638 3337 703 quod
3384 643 3575 688 contra
3616 644 3870 686 naturam
3910 641 4005 685 est

2403 748 2695 802 resurgens
2722 730 2761 795 ³,
2791 732 3028 785 animam
3064 746 3169 783 non
3212 728 3453 782 habebit.

2473 825 2565 879 ‘21.
2616 824 2971 879 Manicheum
3023 822 3297 876 nominare
3326 806 3551 889 pollutio
3604 827 3702 872 est.
3737 847 3803 859 --
3849 814 4003 870 Dicis

2404 920 2640 975 animam
2666 932 2773 973 non
2804 930 2925 971 esse
2949 915 3017 970 de
3040 915 3129 969 Dei
3150 913 3487 969 substantia.
3528 910 3783 966 Pulchre.
3825 912 4003 964 Datne

2405 1028 2502 1067 nas
2528 1011 2672 1066 enim
2705 1008 3089 1080 impiissimum
3122 1006 3507 1070 Manicheum,
3541 1020 3703 1075 quem
3732 1005 4003 1058 nomina-

2407 1119 2466 1161 re
2494 1103 2721 1175 pollutio
2767 1110 2875 1157 est.
2904 1101 3049 1156 Dicis
3084 1115 3149 1154 es
3194 1099 3408 1169 angelis
3437 1102 3652 1152 animas
3694 1111 3806 1153 non
3848 1096 3997 1149 ﬁeri.

2405 1195 2715 1265 Acquiesco
2741 1193 3039 1265 paulisper,
3068 1193 3197 1248 licet
3227 1190 3471 1247 paverim
3497 1204 3608 1261 quo
3636 1205 3801 1244 sensu
3833 1188 4002 1243 dise-

2409 1290 2507 1344 ris.
2541 1289 2683 1355 Quia
2715 1303 2845 1359 ergo
2870 1287 3162 1343 didicimus
3186 1285 3318 1354 quid
3346 1300 3534 1356 neges,
3565 1285 3823 1338 volumus
3846 1283 4002 1337 scire

2407 1386 2535 1455 quid
2569 1383 2780 1438 credas.
2818 1399 2839 1434 ι
2877 1384 3140 1452 Accepto,
3170 1380 3376 1451 inquis,
3402 1380 3471 1434 de
3494 1391 3635 1434 terra
3663 1379 3818 1439 limo,
3847 1381 4004 1445 plas-

2409 1477 2577 1530 mavit
2610 1476 2755 1532 Deus
2803 1475 3099 1541 hominem,
3145 1484 3199 1531 et
3234 1489 3329 1543 per
3355 1475 3585 1545 gratiam
3629 1471 3867 1541 propria:
3908 1471 3999 1523 in-

2406 1569 2731 1624 snliiationis
2766 1568 3004 1622 animam
3040 1568 3265 1623 donavit
3291 1565 3710 1627 rationabilem;
3740 1573 3798 1618 et
3834 1564 3995 1616 liberi

2409 1660 2644 1723 arbitrii,
2662 1676 2769 1714 non
2791 1670 3001 1730 partem
3020 1658 3259 1727 aliquam
3280 1672 3396 1713 sua:
3416 1656 4001 1725 natumﬁuataquos-

2410 1752 2561 1816 dam,
2583 1752 2675 1821 qui
2702 1752 2806 1806 hoc
2827 1750 2991 1821 impie
3014 1750 3358 1820 praedicant),
3385 1748 3481 1804 sed
3499 1748 3774 1819 propriam
3806 1747 4003 1801 condi-

731 1862 954 1931 angelos
980 1855 1258 1913 deridetis.
1302 1852 1700 1908 Pertrahuntur
1732 1846 1845 1920 [ΑΙ.
1880 1842 2302 1916 protrahuntur]
2339 1888 2378 1944 Β
2410 1845 2671 1899 tionem.»
2717 1842 2908 1899 Videte
2946 1853 3156 1913 quanto
3191 1843 3501 1905 circumitu,
3530 1840 3677 1911 quod
3708 1855 3817 1894 non
3842 1854 3998 1909 quc-

732 1955 788 2009 in
818 1952 1055 2007 medium
1080 1956 1260 2002 vestra
1288 1942 1576 2016 mysteria,
1613 1950 1669 1995 et
1698 1939 1767 1995 de
1789 1940 2070 2009 gentilium
2108 1936 2307 1991 fabulis

733 2047 929 2113 dogma
969 2049 1311 2101 contextum,
1343 2032 1676 2091 Christianis
1711 2031 1936 2085 auribus
1968 2029 2305 2098 publicatur.

736 2136 850 2191 lioe
890 2134 1031 2204 quod
1086 2147 1185 2185 vos
1229 2127 1503 2183 miramini
1558 2124 1671 2197 [Αι.
1703 2120 2041 2192 imitamur],
2094 2121 2221 2173 olim
2258 2119 2308 2172 in

737 2230 957 2282 Platone
983 2221 1435 2291 contempsimus.
1465 2215 1909 2282 Coutempsimus
1943 2222 2148 2272 autem,
2179 2208 2307 2277 quia

733 2317 938 2373 Christi
969 2314 1252 2369 stultitiam
1310 2306 1612 2377 reuepimus
1641 2302 1754 2377 [AL
1797 2300 2157 2373 recipimus].
2201 2300 2310 2354 Re-

733 2411 984 2481 cepimus
1008 2404 1207 2461 Christi
1236 2400 1553 2463 stultitiam,
1579 2399 1705 2467 quia
1736 2394 1945 2449 fatuum
1973 2394 2067 2447 Dei
2094 2394 2310 2463 sapien-

735 2505 848 2558 tius
873 2510 958 2556 est
981 2498 1295 2553 hominibus
1313 2493 1362 2560 tl
1388 2493 1511 2548 Cor.
1535 2508 1573 2556 ι,
1597 2491 1711 2559 25).
1730 2488 1847 2543 Νοη
1869 2488 2035 2556 pudet
2049 2487 2312 2542 Christia-

737 2608 839 2648 nos
870 2601 925 2646 et
948 2588 1265 2646 sacerdotes
1298 2586 1414 2649 Dei,
1442 2583 1600 2653 quasi
1641 2582 1710 2635 de
1741 2582 1906 2635 rebus
1932 2579 2159 2633 ludicris
2186 2593 2312 2648 aga-

736 2696 847 2750 tur,
903 2680 1084 2736 verbis
1125 2678 1307 2731 dubiis
1353 2676 1559 2729 haerere
1589 2675 1631 2739 ί,
1678 2682 1733 2727 et
1772 2672 2059 2740 ambiguas
2105 2670 2309 2723 librare

736 2774 1059 2837 sententias,
1085 2770 1286 2839 quibus
1314 2766 1546 2834 loquens
1574 2765 1746 2833 magis
1770 2776 1930 2832 quam
1960 2758 2191 2812 audiens
2220 2759 2313 2811 de.

736 2868 957 2937 cipitur.

804 2959 899 3013 20.
936 2956 1010 3009 De
1042 2954 1266 3024 quodam
1301 2948 1598 3018 Origenista
1630 2948 1740 3000 Iure
1771 2946 1936 2998 dicta.
1974 2975 2040 2985 —
2069 2941 2221 2997 Unus
2246 2957 2312 2996 es

737 3054 909 3106 choro
944 3057 1127 3101 vestro
1153 3058 1277 3098 cum
1311 3058 1340 3095 a
1371 3058 1456 3093 tne
1491 3049 1792 3103 teneretur,
1839 3048 1897 3090 ut
1927 3037 2135 3090 diceret
2178 3035 2304 3103 quid

738 3143 970 3197 sentiret
1011 3136 1076 3190 de
1105 3136 1311 3199 anima,
1349 3132 1615 3187 fuissetne
1657 3141 1782 3183 ante
1814 3144 2060 3192 carnem,
2102 3145 2168 3183 an
2205 3146 2309 3181 non

2414 1938 2609 2000 rimus,
2640 1937 2952 2006 eloquatur.
2986 1933 3209 1989 Scimus
3232 1934 3379 2005 quod
3404 1936 3473 1990 de
3500 1942 3644 1988 terra
3672 1932 3819 1987 Dens
3846 1932 4000 2000 plas-

2412 2028 2580 2083 mavit
2601 2028 2901 2089 hominem.
2922 2026 3178 2081 novimus
3230 2023 3374 2094 quod
3398 2023 3695 2079 insuihavit
3717 2024 3770 2077 in
3796 2022 3996 2076 faciem

2411 2122 2551 2190 ejus,
2576 2131 2630 2174 et
2661 2120 2838 2175 factus
2868 2130 2953 2175 est
2985 2121 3040 2173 in
3070 2120 3313 2173 animam
3348 2118 3618 2171 viventem
3646 2132 3661 2170 :
3693 2131 3801 2168 non
3836 2115 3996 2184 igno-

2413 2229 2599 2269 ramus
2622 2214 2765 2281 quod
2793 2213 2973 2266 anima
3006 2212 3291 2266 rationalis
3319 2210 3409 2271 sit,
3435 2219 3490 2265 et
3512 2208 3719 2279 proprii
3749 2208 3994 2268 arbitrii,

2412 2316 2465 2360 et
2494 2306 2701 2360 scimus
2731 2307 2877 2374 quod
2924 2305 3017 2359 Dei
3063 2304 3151 2358 illa
3182 2303 3424 2359 conditio
3450 2304 3523 2359 sit
3549 2302 3589 2355 ⁵.
3623 2300 3794 2355 Nemo
3829 2301 3997 2355 dulii-

2416 2406 2493 2452 tat
2518 2412 2704 2451 errare
2726 2396 3109 2463 Manicha-um,
3138 2397 3228 2465 qui
3254 2396 3386 2450 dicit
3410 2409 3530 2449 eam
3555 2408 3677 2448 esse
3738 2394 3833 2447 Dei
3864 2393 4001 2448 suh-

2419 2490 2706 2545 stantiam.
2764 2488 2876 2544 Hoc
2908 2504 3053 2543 nunc
3102 2490 3383 2556 interrogo
3428 2503 3443 2541 :
3494 2487 3688 2543 Anima
3742 2486 3849 2540 ista
3901 2485 4003 2538 Dei

2414 2581 2678 2645 conditio,
2718 2581 2873 2634 libz-ri
2920 2580 3159 2640 arbitrii.
3193 2580 3501 2640 rationalis,
3550 2593 3729 2646 neque
3758 2579 3826 2631 de
3864 2577 4001 2632 sub-

2414 2670 2615 2726 stantia
2646 2670 2949 2736 Creatoris,
2987 2673 3209 2736 quando
3235 2671 3377 2726 facta
3407 2672 3479 2727 sit
3505 2687 3521 2726 ε
3551 2681 3737 2725 utrum
3766 2686 3833 2724 eo
3858 2680 4000 2723 tem-

2413 2780 2546 2832 pore
2586 2780 2696 2831 quo
2738 2765 2803 2819 de
2839 2764 2969 2817 limo
3011 2764 3190 2818 factus
3220 2774 3309 2819 est
3338 2764 3524 2829 homo,
3556 2771 3612 2817 et
3652 2762 3996 2817 insnﬂiatum

2413 2866 2498 2909 cst
2532 2856 2867 2922 spiraculum
2908 2860 3029 2910 vita:
3067 2856 3119 2909 in
3155 2854 3348 2910 faciem
3392 2857 3516 2925 ejus
3546 2874 3559 2909 :
3589 2870 3658 2909 an
3686 2872 3811 2924 quae
3844 2856 4001 2923 prius

2416 2949 2590 3003 [itcrat
2621 2946 2747 3019 [ΑΙ.
2790 2956 2948 3001 antea
2976 2947 3117 3001 facta
3157 2949 3333 3002 luerat
3354 2946 3395 3019 ],
3426 2958 3480 3001 et
3513 2947 3658 3001 inter
3689 2946 4001 3000 rationabi-

2418 3041 2494 3095 les
2551 3049 2833 3094 crcaturas
2883 3047 2937 3092 et
2981 3038 3334 3104 incorporeas
3373 3048 3495 3093 erat
3538 3047 3703 3106 atque
3755 3040 4001 3102 virebat,

2416 3135 2507 3187 Dei
2545 3140 2732 3201 postea
2770 3130 3136 3186 insumatione
3177 3131 3379 3185 donata
3416 3131 3528 3185 sit?
3561 3130 3660 3186 Hic
3692 3142 3864 3196 taces,
3906 3132 3999 3185 hic

740 3234 974 3297 fuisset;
1018 3228 1190 3282 fuisse
1226 3224 1511 3293 respondit
1552 3223 1738 3285 simul,
1774 3232 1827 3277 et
1858 3237 2062 3293 corpus
2102 3232 2156 3276 et
2188 3224 2309 3275 ani-
2339 3219 2381 3273 C
2416 3225 2715 3293 simplicem
2758 3238 2821 3278 ac
2856 3223 3119 3277 rusticum
3168 3234 3221 3278 te
3268 3223 3538 3289 simulas;
3581 3235 3635 3278 et
3668 3225 3773 3277 suh
3811 3225 4000 3277 verbis

740 3341 910 3381 mam.
966 3322 1216 3377 Sciebam
1270 3317 1545 3372 hominem
1605 3317 1919 3370 luereticum
1975 3315 2201 3383 laqueos
2258 3316 2311 3367 iu

740 3430 995 3474 sermone
1044 3426 1316 3482 qua-rere.
1367 3408 1607 3463 Tandem
1657 3407 1835 3475 reperi
1888 3422 2036 3470 eum,
2094 3422 2161 3461 cx
2206 3423 2317 3474 quo

741 3524 945 3578 corpus
994 3507 1315 3564 animasset,
1352 3516 1416 3555 ex
1472 3510 1601 3554 tunc
1662 3516 1779 3553 eam
1839 3498 2024 3551 dicere
2076 3504 2313 3550 animam

745 3610 1133 3671 nuncupatam,
1177 3610 1298 3664 qum
1344 3595 1494 3662 prius
1544 3592 1624 3643 vel
1675 3591 1911 3651 dromon,
1954 3590 2037 3643 vel
2090 3590 2315 3658 angelus

746 3695 983 3756 Satanae,
1036 3690 1120 3745 vel
1168 3690 1397 3758 spiritus
1451 3684 1830 3738 fornicationis
1864 3686 1907 3745 ’,
1944 3690 2039 3735 aut
2078 3682 2129 3733 in
2167 3691 2318 3748 parte

743 3785 1049 3845 contraria,
1075 3778 1395 3836 dominatio.
1421 3786 1682 3844 potestas.
1716 3774 2130 3829 administrator
2155 3772 2319 3841 spiri-

748 3890 857 3944 tus,
886 3884 978 3930 aut
1015 3876 1249 3927 nuntius
1283 3869 1547 3939 appellata
1582 3870 1675 3923 sit.
1710 3867 1764 3921 Si
1797 3866 1900 3921 l‘uit
1942 3871 2127 3922 anima
2165 3880 2321 3922 ante-

748 3984 911 4041 quam
961 3967 1132 4021 Adam
1180 3964 1234 4018 in
1272 3962 1527 4031 paradiso
1578 3962 1927 4025 lortuaretur,
1977 3960 2029 4014 in
2077 3960 2323 4029 quolibet

747 4069 897 4116 statu
924 4067 980 4113 et
1009 4055 1219 4121 ordine,
1252 4063 1308 4108 et
1343 4054 1501 4116 vixit,
1536 4061 1590 4106 et
1629 4053 1739 4121 egit
1766 4050 1886 4123 [AL
1931 4051 2091 4123 erat]
2118 4052 2321 4121 aliqttid

750 4154 955 4220 (neque
985 4148 1131 4204 enim
1179 4159 1473 4216 possumus
1530 4143 1928 4212 incorporalem
1970 4152 2022 4197 et
2062 4150 2319 4197 aeternam

752 4245 810 4297 in
847 4243 1064 4296 modum
1095 4239 1315 4310 glirium
1350 4235 1688 4292 immobilem
1743 4245 2154 4304 torpentemque
2194 4251 2324 4290 sen-

753 4333 903 4404 tire),
936 4347 1160 4387 necesse
1188 4340 1274 4384 est
1313 4338 1371 4383 ut
1414 4327 1596 4397 aliqua
1624 4340 1790 4380 causa
1820 4329 2180 4397 praecesserit,
2225 4343 2325 4382 cur

754 4436 876 4494 quae
921 4422 1071 4492 prius
1121 4420 1238 4473 sine
1290 4431 1515 4483 corpore
1574 4415 1705 4481 fuit,
1749 4426 1933 4485 postea
1986 4416 2323 4471 circumdata

756 4516 825 4566 sit
889 4523 1140 4579 corpore.
1187 4506 1253 4560 Et
1303 4506 1349 4561 si
1382 4504 1549 4577 426
1588 4506 1783 4560 animae
1811 4516 1895 4561 est
1929 4506 2176 4560 naturale
2202 4522 2324 4561 esse

756 4605 873 4661 sine
901 4618 1152 4673 corpore,
1181 4617 1312 4673 ergo
1346 4611 1534 4655 contra
1568 4609 1821 4655 naturam
1859 4610 1942 4655 est
1971 4616 2093 4655 esse
2123 4602 2176 4656 in
2204 4618 2327 4657 cor-

760 4711 911 4766 pore.
938 4694 994 4749 Si
1022 4707 1208 4748 contra
1251 4701 1499 4746 uatmam
1528 4701 1612 4746 est
1657 4709 1778 4748 esse
1828 4694 1881 4746 in
1917 4709 2166 4763 corpore,
2192 4710 2321 4765 ergo

759 4779 1087 4836 resurrectio
1112 4780 1357 4849 corporis
1401 4790 1587 4833 contra
1617 4793 1861 4837 naturam
1893 4784 2017 4839 erit.
2063 4784 2167 4838 Sed
2213 4800 2318 4839 non

757 4892 863 4945 (ΗΥ.
898 4891 1192 4958 Agentilnts
1228 4891 1278 4943 iu
1315 4891 1480 4943 rebus
1526 4892 1597 4943 ita
1649 4895 1938 4959 respunlet
1972 4911 1984 4947 :
2019 4894 2321 4958 Priviletziis

760 4962 971 5033 dudtttn
992 4964 1191 5033 schol-te
1212 4968 1404 5033 vestrae
1434 4962 1727 5033 indultiset
1754 4964 1981 5031 integris
2008 4969 2319 5033 reservatis,

762 5037 825 5085 ad
889 5030 1367 5091 ltUCENARiAM,
1420 5030 1961 5098 CENTENABIASI,
2016 5044 2072 5088 et
2129 5030 2318 5090 BIARé

764 5101 995 5173 CIIIAM,
1046 5116 1203 5153 nemo
1249 5100 1530 5173 s_ullragio,
1586 5104 1679 5155 sed
1728 5104 1910 5155 labore
1948 5110 2323 5173 unusquisque

767 5172 1061 5239 perveniat,
1110 5180 1216 5223 etc.
1254 5169 1422 5223 Erant
1458 5172 1647 5243 itaque
1700 5173 1751 5224 itt
1801 5174 1983 5227 schola
2029 5169 2319 5243 Agentinm

766 5244 817 5294 in
880 5242 1037 5292 rebus
1099 5243 1364 5306 equestris
1426 5242 1541 5294 sive
1612 5243 1862 5311 palatina:
1941 5242 2164 5308 militia»,
2234 5250 2319 5300 Vel

768 5312 1004 5382 aliorum
1074 5313 1377 5363 cohortium
1439 5313 1528 5378 qui
1600 5312 1857 5380 principis
1919 5328 2006 5365 res
2081 5317 2323 5382 publicas

768 5391 857 5453 vet
883 5380 1120 5453 privatas
1144 5381 1465 5453 tractabant,
1502 5384 1634 5453 certi
1666 5386 1865 5449 gradus
1900 5398 1994 5449 per
2025 5380 2160 5450 quos
2188 5401 2321 5453 pau-

771 5451 920 5501 latim
957 5449 1051 5521 fuit
1087 5450 1507 5521 ascendentium,
1547 5452 1721 5521 primo
1756 5453 1974 5521 equites,
2012 5449 2131 5506 niox
2169 5449 2318 5508 circi-

771 5529 929 5580 turcs,
969 5518 1092 5568 dein
1143 5518 1365 5583 biarclti,
1419 5529 1525 5571 etc.
1584 5518 1803 5574 Nomen
1838 5520 2180 5575 Centenuritts
2238 5527 2323 5579 hie

773 5590 913 5659 apud
966 5586 1346 5659 ilieronymnttt
1395 5590 1623 5651 deerat,
1687 5601 1741 5643 et
1791 5596 2069 5659 sulipletur
2119 5610 2148 5646 e
2219 5612 2321 5650 ins.

776 5663 834 5710 S.
868 5657 1075 5728 Croc-is.
1115 5655 1215 5709 Pro
1244 5658 1457 5711 circitor
1489 5662 1576 5711 alii
1611 5662 1755 5714 docti
1790 5655 2108 5728 viri—legunt
2145 5665 2323 5716 cinni-

773 5731 929 5800 citur,
961 5725 1108 5793 cujus
1139 5742 1234 5779 nec
1270 5728 1501 5800 nominis
1538 5745 1635 5783 nec
1662 5731 1943 5800 dignitatis
1979 5725 2183 5785 mentio
2216 5740 2319 5789 ulla

775 5798 917 5863 quod
950 5812 1130 5867 fetam
1180 5799 1417 5867 occurrit
1457 5803 1597 5867 apud
1633 5798 1906 5854 auctores.
1944 5801 2175 5856 Cireitor
2221 5822 2321 5855 an-

777 5878 906 5930 tetu,
937 5864 1106 5920 Gracc.
1147 5864 1573 5938 περ-,οδευτὴξρι
1604 5870 1963 5941 χυλευῢήῖης,
1990 5875 2212 5940 cratqui
2246 5876 2322 5929 γί-

2358 4548 2399 4603 D

2420 3315 2735 3384 Scriptura,
2760 3330 2822 3368 ea
2849 3331 2969 3384 quae
3005 3314 3287 3384 Scriptura
3319 3331 3426 3369 non
3453 3315 3645 3378 sentit.
3672 3314 4002 3370 abscondis.

2420 3406 2473 3459 lu
2524 3422 2588 3459 co
2640 3411 2757 3461 loco
2812 3408 2901 3461 ubi
2943 3407 3105 3470 dicis,
3153 3406 3300 3478 quod
3350 3409 3533 3462 nullus
3587 3410 3823 3477 quaerit,
3891 3423 4000 3460 non

2421 3500 2565 3554 illam
2613 3510 2822 3569 partem
2849 3498 3088 3569 aliquam
3118 3515 3242 3555 esse
3266 3515 3379 3555 sua
3405 3500 3531 3572 [AL
3568 3499 3801 3572 divinaz]
3838 3512 4003 3555 natu-

2421 3609 2489 3645 ra.
2512 3594 2681 3661 (iusta
2712 3593 2975 3660 quosdam
3008 3592 3096 3661 qui
3130 3592 3233 3647 hoc
3268 3592 3433 3661 impie
3469 3593 3823 3662 prmdirant),
3865 3593 4001 3647 illud

2422 3688 2592 3755 magis
2640 3686 2905 3740 debueras
2942 3684 3160 3748 dicere.
3218 3686 3367 3755 quod
3430 3701 3622 3741 omnes
3673 3689 4003 3757 querimus,

2422 3794 2530 3832 non
2575 3794 2720 3843 eam,
2759 3795 2883 3849 quae
2921 3780 3073 3848 prius
3108 3778 3309 3843 inierat,
3348 3794 3461 3835 non
3505 3795 3627 3835 eam
3664 3795 3829 3847 quam
3874 3790 4008 3833 ante

2423 3870 2761 3932 condiderat,
2803 3884 2924 3938 quas
2962 3870 3104 3923 inter
3151 3870 3508 3927 rationabiles
3547 3880 3711 3939 atque
3745 3872 4008 3936 incorpo-

2421 3975 2545 4016 reas
2583 3970 2635 4014 et
2682 3960 2986 4014 invisibiles
3038 3970 3325 4015 creaturas
3374 3960 3546 4015 multo
3594 3960 3708 4031 jam
3754 3969 4010 4029 tempore

2422 4054 2765 4107 versabatur.
2812 4051 2960 4107 Nihil
3009 4052 3204 4107 borum
3238 4052 3504 4120 loqueris,
3540 4053 3704 4123 827
3739 4054 4009 4124 producis

2425 4144 2581 4198 nobis
2609 4142 2989 4207 Manlchaum,
3014 4150 3070 4197 et
3097 4142 3392 4198 abscondis
3422 4141 3737 4214 Origenem,
3770 4155 3826 4198 et
3856 4145 4009 4197 sicut

2426 4235 2663 4307 parvulis
2701 4235 2883 4288 cibum
2913 4235 3292 4304 poscentibus,
3334 4235 3545 4290 ludicra
3578 4235 3827 4304 quadam
3872 4234 4013 4290 οπε-

2426 4335 2553 4381 runt
2588 4326 2807 4397 gernlze.
2844 4335 2903 4379 ut
2933 4334 3162 4380 avocent
3200 4337 3414 4381 mentes
3444 4341 3660 4389 eorum,
3690 4327 3774 4381 sic
3814 4338 3875 4381 tu
3907 4342 4013 4381 nos

2427 4420 2669 4474 rusticos
2719 4432 2919 4473 avocas
2971 4418 3037 4472 ad
3074 4417 3203 4483 alia,
3235 4427 3294 4473 ut
3325 4418 3453 4473 dum
3499 4418 3722 4474 alterius
3753 4434 4014 4487 persona:

2428 4510 2671 4565 novitate
2712 4519 2983 4574 tenemur,
3016 4511 3161 4579 quod
3194 4511 3448 4565 volumus
3479 4526 3586 4565 non
3620 4526 3943 4581 queramus
3961 4513 4013 4567 ⁸.

2501 4602 2591 4655 22.
2624 4601 2733 4655 an
2768 4604 2820 4655 in
2850 4618 2969 4671 typo
3007 4601 3278 4658 Ecclesia.
3313 4601 3564 4667 Quotidie
3604 4602 3743 4656 Dm
3772 4603 4017 4672 fabrica-

2429 4704 2515 4745 tur
2551 4696 2755 4747 animos
2818 4694 3128 4748 rationales.
3183 4694 3376 4749 Libera
3424 4696 3688 4765 confessio
3742 4697 3893 4762 ﬁdei.
3940 4726 4017 4741 -—

2429 4787 2586 4849 Esto,
2623 4786 2723 4839 hoc
2761 4803 2869 4841 non
2903 4787 3167 4855 loquaris,
3201 4798 3256 4843 et
3287 4789 3615 4860 simplicitas
3649 4798 3743 4843 tua
3781 4789 3923 4843 nihil
3954 4790 4011 4843 in

2427 4903 2582 4971 gilius
2608 4903 2955 4965 circumibat,
2988 4904 3447 4972 rennntiahatque
3462 4903 3505 4957 si
3537 4920 3643 4971 qua
3667 4904 3827 4973 culpa
3857 4915 4012 4958 esset

2428 4975 2687 5045 admissa.
2725 4974 2911 5041 Veget.
2941 4975 3031 5027 lib.
3077 4990 3160 5038 ttt,
3193 4990 3243 5027 c.
3277 4974 3310 5028 8
3343 4989 3360 5031 :
3404 4993 3421 5024 ι
3460 4973 3637 5037 Nunc,
3664 4976 3863 5045 inquit,
3901 4994 4012 5028 llll-

2428 5042 2559 5095 litin:
2602 5045 2774 5097 lactus
2808 5054 2892 5096 est
2935 5046 3155 5111 gradus,
3205 5054 3261 5098 et
3304 5046 3595 5098 circitores
3647 5042 3944 5098 vocantur.
3982 5064 4002 5095 ι

2429 5113 2535 5164 Alii
2565 5112 2743 5180 legunt
2772 5116 3077 5167 cirratores.

2502 5182 2516 5211 ¹
2539 5182 2668 5255 Cod.
2705 5182 2761 5235 S.
2796 5184 3003 5245 Crucis,
3037 5186 3191 5237 verba
3216 5184 3376 5238 dubia
3398 5201 3633 5255 quarters
3662 5199 3681 5237 :
3714 5187 3920 5240 leviora
3944 5186 4015 5240 ad

2432 5253 2731 5316 marginem
2766 5255 3116 5308 adnotantur.

2499 5320 2523 5395 ’Δ
2549 5323 2601 5395 lo
2636 5339 2769 5378 mss.
2815 5328 2979 5377 etiam
3014 5339 3041 5395 a
3077 5324 3135 5377 Ρ.
3180 5324 3490 5379 Martiaan
3538 5324 3807 5395 inspectis
3839 5326 4009 5392 {orti-

2431 5391 2628 5462 tmlinis
2664 5396 2858 5460 legitur
2882 5406 2977 5460 pro
3006 5394 3399 5462 fornicationis.

2502 5458 2697 5531 _'|llutl,
2722 5458 3020 5531 resurgens,
3060 5465 3109 5515 itt
3133 5482 3261 5517 IIlS".
3298 5462 3336 5517 S
3389 5464 3581 5518 Crucis
3612 5479 3717 5517 non
3750 5465 4013 5519 habetur.

2499 5528 2519 5557 ‘
2566 5531 2708 5584 Idem
2744 5549 2846 5586 ms.
2880 5528 2966 5585 Vlit
3004 5534 3176 5600 factus
3210 5540 3279 5587 sit
3312 5535 3468 5587 homo
3498 5537 3551 5588 in
3586 5539 3850 5596 animum,
3898 5554 4013 5590 etc.

2430 5596 2853 5719 TtltlllLSCt'mtl!
2896 5596 3031 5671 quod
3068 5602 3209 5657 Dens
3257 5606 3410 5658 illam
3460 5618 3739 5668 crearent,
3790 5607 4018 5675 ejusque

2430 5685 2539 5719 com
2568 5686 2660 5719 mo
2687 5686 2773 5719 ιιι.

2429 5685 2660 5720 σοηιιιιιο
2687 5686 2773 5725 ιιι.

2506 5741 2525 5768 ⁵
2562 5741 2656 5792 Ms.
2692 5742 2747 5793 S.
2782 5742 2970 5796 Crucis
2995 5755 3275 5799 terremur.
3313 5746 3479 5800 Paulo
3512 5746 3649 5799 intra
3689 5759 3850 5801 vetns
3889 5750 4017 5799 edi-

2430 5810 2525 5871 tio,
2550 5810 2611 5861 Et
2646 5826 2807 5863 causa
2840 5814 2893 5863 in
2922 5815 3085 5865 media
3120 5817 3496 5882 pratermissa,
3528 5834 3629 5869 non
3660 5819 3823 5871 solris
3846 5819 4014 5871 dubia

2430 5891 2632 5943 nostra,
2663 5884 2749 5933 5rd
2776 5883 2826 5933 in
2866 5882 2993 5947 lmo,
3031 5896 3134 5937 clc.
