  <div class='ocr_page' id='page_1' title='image "/cluster/home/n/w/nwhite01/storage/ocr_20150623/23/hvd.32044012674545/206.png"; bbox 0 0 4202 6466; ppageno 0'>
   <div class='ocr_carea' id='block_1_1' title="bbox 204 400 307 465">
    <p class='ocr_par' dir='ltr' id='par_1_1' title="bbox 204 400 307 465">
     <span class='ocr_line' id='line_1_1' title="bbox 204 400 307 465; baseline 0.029 -3"><span class='ocrx_word' id='word_1_1' title='bbox 204 400 307 465; x_wconf 74' lang='lat'><strong>389</strong></span> 
     </span>
    </p>
   </div>
   <div class='ocr_carea' id='block_1_2' title="bbox 1291 417 2446 483">
    <p class='ocr_par' dir='ltr' id='par_1_2' title="bbox 1291 417 2446 483">
     <span class='ocr_line' id='line_1_2' title="bbox 1291 417 2446 483; baseline 0.007 -8"><span class='ocrx_word' id='word_1_2' title='bbox 1291 417 1587 478; x_wconf 65' lang='lat' dir='ltr'><strong>CONTRA</strong></span> <span class='ocrx_word' id='word_1_3' title='bbox 1620 421 1752 481; x_wconf 73' lang='grc' dir='ltr'><strong>ΙοΛ</strong></span> <span class='ocrx_word' id='word_1_4' title='bbox 1768 420 1812 478; x_wconf 72' lang='grc' dir='ltr'>Ν</span> <span class='ocrx_word' id='word_1_5' title='bbox 1827 420 1874 478; x_wconf 82' lang='grc' dir='ltr'><strong>Ν</strong></span> <span class='ocrx_word' id='word_1_6' title='bbox 1889 421 1989 480; x_wconf 61' lang='lat' dir='ltr'><strong>Eii</strong></span> <span class='ocrx_word' id='word_1_7' title='bbox 2038 423 2446 483; x_wconf 74' lang='lat' dir='ltr'><strong>HlEROSllL</strong></span> 
     </span>
    </p>
   </div>
   <div class='ocr_carea' id='block_1_3' title="bbox 3376 429 3479 496">
    <p class='ocr_par' dir='ltr' id='par_1_3' title="bbox 3376 429 3479 496">
     <span class='ocr_line' id='line_1_3' title="bbox 3376 429 3479 496; baseline 0.049 -5"><span class='ocrx_word' id='word_1_8' title='bbox 3376 429 3479 496; x_wconf 77' lang='lat'><strong>390</strong></span> 
     </span>
    </p>
   </div>
   <div class='ocr_carea' id='block_1_4' title="bbox 197 514 3476 608">
    <p class='ocr_par' dir='ltr' id='par_1_4' title="bbox 197 514 3476 608">
     <span class='ocr_line' id='line_1_4' title="bbox 197 514 3476 608; baseline 0.009 -42"><span class='ocrx_word' id='word_1_9' title='bbox 197 527 256 566; x_wconf 78' lang='lat' dir='ltr'><strong>se</strong></span> <span class='ocrx_word' id='word_1_10' title='bbox 283 514 489 570; x_wconf 84' lang='lat' dir='ltr'><strong>habeat</strong></span> <span class='ocrx_word' id='word_1_11' title='bbox 524 521 672 587; x_wconf 84' lang='lat' dir='ltr'><strong>quod</strong></span> <span class='ocrx_word' id='word_1_12' title='bbox 722 524 915 578; x_wconf 76' lang='lat' dir='ltr'><strong>callide</strong></span> <span class='ocrx_word' id='word_1_13' title='bbox 965 536 1166 584; x_wconf 88' lang='lat' dir='ltr'><strong>taceas.</strong></span> <span class='ocrx_word' id='word_1_14' title='bbox 1209 529 1310 596; x_wconf 85' lang='lat' dir='ltr'><strong>Qui</strong></span> <span class='ocrx_word' id='word_1_15' title='bbox 1342 549 1472 602; x_wconf 77' lang='lat' dir='ltr'><strong>ergo</strong></span> <span class='ocrx_word' id='word_1_16' title='bbox 1504 535 1570 586; x_wconf 77' lang='lat' dir='ltr'><strong>de</strong></span> <span class='ocrx_word' id='word_1_17' title='bbox 1599 538 1774 589; x_wconf 60' lang='lat' dir='ltr'><strong>anima</strong></span> <span class='ocrx_word' id='word_1_18' title='bbox 1810 543 1851 598; x_wconf 73' lang='grc' dir='ltr'><strong>Α</strong></span> <span class='ocrx_word' id='word_1_19' title='bbox 1883 536 2078 588; x_wconf 77' lang='lat' dir='ltr'><strong>animre</strong></span> <span class='ocrx_word' id='word_1_20' title='bbox 2136 535 2382 590; x_wconf 81' lang='lat' dir='ltr'><strong>Creator.</strong></span> <span class='ocrx_word' id='word_1_21' title='bbox 2444 536 2565 591; x_wconf 74' lang='lat' dir='ltr'><strong>Noli</strong></span> <span class='ocrx_word' id='word_1_22' title='bbox 2620 537 2903 606; x_wconf 62' lang='lat' dir='ltr'><strong>ilt‘spict&#39;ri&#39;</strong></span> <span class='ocrx_word' id='word_1_23' title='bbox 2965 543 3262 596; x_wconf 73' lang='lat' dir='ltr'><strong>bonitatem</strong></span> <span class='ocrx_word' id='word_1_24' title='bbox 3329 544 3476 608; x_wconf 68' lang='lat' dir='ltr'><strong>ﬁguli</strong></span> 
     </span>
    </p>
   </div>
   <div class='ocr_carea' id='block_1_5' title="bbox 197 611 1780 686">
    <p class='ocr_par' dir='ltr' id='par_1_5' title="bbox 197 611 1780 686">
     <span class='ocr_line' id='line_1_5' title="bbox 197 611 1780 686; baseline 0.013 -26"><span class='ocrx_word' id='word_1_25' title='bbox 197 611 363 661; x_wconf 80' lang='lat' dir='ltr'><strong>seinel</strong></span> <span class='ocrx_word' id='word_1_26' title='bbox 414 611 602 666; x_wconf 88' lang='lat' dir='ltr'><strong>dicer&#39;e</strong></span> <span class='ocrx_word' id='word_1_27' title='bbox 649 629 916 686; x_wconf 66' lang='lat' dir='ltr'><strong>cmpei&#39;as,</strong></span> <span class='ocrx_word' id='word_1_28' title='bbox 953 631 1007 674; x_wconf 86' lang='lat' dir='ltr'><strong>et</strong></span> <span class='ocrx_word' id='word_1_29' title='bbox 1045 623 1111 676; x_wconf 87' lang='lat' dir='ltr'><strong>de</strong></span> <span class='ocrx_word' id='word_1_30' title='bbox 1149 639 1205 678; x_wconf 86' lang='lat' dir='ltr'><strong>re</strong></span> <span class='ocrx_word' id='word_1_31' title='bbox 1251 634 1402 680; x_wconf 83' lang='lat' dir='ltr'><strong>tanta</strong></span> <span class='ocrx_word' id='word_1_32' title='bbox 1455 630 1523 682; x_wconf 91' lang='lat' dir='ltr'><strong>ab</strong></span> <span class='ocrx_word' id='word_1_33' title='bbox 1553 630 1780 682; x_wconf 76' lang='lat' dir='ltr'><strong>exordio</strong></span> 
     </span>
    </p>
   </div>
   <div class='ocr_carea' id='block_1_6' title="bbox 194 701 1780 791">
    <p class='ocr_par' dir='ltr' id='par_1_6' title="bbox 194 701 1780 791">
     <span class='ocr_line' id='line_1_6' title="bbox 194 701 1780 791; baseline 0.015 -39"><span class='ocrx_word' id='word_1_34' title='bbox 194 701 536 758; x_wconf 73' lang='lat' dir='ltr'><strong>conditionis</strong></span> <span class='ocrx_word' id='word_1_35' title='bbox 582 706 836 764; x_wconf 70' lang='lat' dir='ltr'><strong>humana:</strong></span> <span class='ocrx_word' id='word_1_36' title='bbox 886 727 1125 782; x_wconf 68' lang='lat' dir='ltr'><strong>repetere</strong></span> <span class='ocrx_word' id='word_1_37' title='bbox 1161 733 1175 772; x_wconf 86' lang='lat'><strong>:</strong></span> <span class='ocrx_word' id='word_1_38' title='bbox 1217 734 1353 784; x_wconf 90' lang='lat' dir='ltr'><strong>cur,</strong></span> <span class='ocrx_word' id='word_1_39' title='bbox 1407 721 1780 791; x_wconf 77' lang='lat' dir='ltr'><strong>disputatian</strong></span> 
     </span>
    </p>
   </div>
   <div class='ocr_carea' id='block_1_7' title="bbox 194 796 1780 880">
    <p class='ocr_par' dir='ltr' id='par_1_7' title="bbox 194 796 1780 880">
     <span class='ocr_line' id='line_1_7' title="bbox 194 796 1780 880; baseline 0.015 -35"><span class='ocrx_word' id='word_1_40' title='bbox 194 796 494 862; x_wconf 79' lang='lat' dir='ltr'><strong>pendente,</strong></span> <span class='ocrx_word' id='word_1_41' title='bbox 535 801 604 854; x_wconf 87' lang='lat' dir='ltr'><strong>ad</strong></span> <span class='ocrx_word' id='word_1_42' title='bbox 646 805 871 871; x_wconf 77' lang='lat' dir='ltr'><strong>angi-los</strong></span> <span class='ocrx_word' id='word_1_43' title='bbox 913 817 966 861; x_wconf 89' lang='lat' dir='ltr'><strong>et</strong></span> <span class='ocrx_word' id='word_1_44' title='bbox 995 809 1062 862; x_wconf 83' lang='lat' dir='ltr'><strong>ad</strong></span> <span class='ocrx_word' id='word_1_45' title='bbox 1094 810 1559 880; x_wconf 79' lang='lat' dir='ltr'><strong>dispensationem</strong></span> <span class='ocrx_word' id='word_1_46' title='bbox 1599 817 1780 870; x_wconf 86' lang='lat' dir='ltr'><strong>Domi-</strong></span> 
     </span>
    </p>
   </div>
   <div class='ocr_carea' id='block_1_8' title="bbox 191 893 1775 979">
    <p class='ocr_par' dir='ltr' id='par_1_8' title="bbox 191 893 1775 979">
     <span class='ocr_line' id='line_1_8' title="bbox 191 893 1775 979; baseline 0.016 -38"><span class='ocrx_word' id='word_1_47' title='bbox 191 893 302 945; x_wconf 82' lang='lat' dir='ltr'><strong>nici</strong></span> <span class='ocrx_word' id='word_1_48' title='bbox 344 898 604 964; x_wconf 86' lang='lat' dir='ltr'><strong>corporis</strong></span> <span class='ocrx_word' id='word_1_49' title='bbox 652 909 871 974; x_wconf 86' lang='lat' dir='ltr'><strong>repente</strong></span> <span class='ocrx_word' id='word_1_50' title='bbox 919 906 1308 962; x_wconf 88' lang='lat' dir='ltr'><strong>transcendis:</strong></span> <span class='ocrx_word' id='word_1_51' title='bbox 1351 922 1405 962; x_wconf 90' lang='lat' dir='ltr'><strong>et</strong></span> <span class='ocrx_word' id='word_1_52' title='bbox 1439 918 1547 963; x_wconf 83' lang='lat' dir='ltr'><strong>tam</strong></span> <span class='ocrx_word' id='word_1_53' title='bbox 1582 913 1775 979; x_wconf 78' lang='lat' dir='ltr'><strong>grandi</strong></span> 
     </span>
    </p>
   </div>
   <div class='ocr_carea' id='block_1_9' title="bbox 191 985 1778 1064">
    <p class='ocr_par' dir='ltr' id='par_1_9' title="bbox 191 985 1778 1064">
     <span class='ocr_line' id='line_1_9' title="bbox 191 985 1778 1064; baseline 0.016 -29"><span class='ocrx_word' id='word_1_54' title='bbox 191 985 244 1036; x_wconf 92' lang='lat' dir='ltr'><strong>in</strong></span> <span class='ocrx_word' id='word_1_55' title='bbox 280 986 466 1040; x_wconf 82' lang='lat' dir='ltr'><strong>medio</strong></span> <span class='ocrx_word' id='word_1_56' title='bbox 531 992 902 1057; x_wconf 72' lang='lat' dir='ltr'><strong>praetermissa</strong></span> <span class='ocrx_word' id='word_1_57' title='bbox 928 997 1160 1064; x_wconf 82' lang='lat' dir='ltr'><strong>salebra,</strong></span> <span class='ocrx_word' id='word_1_58' title='bbox 1204 999 1400 1057; x_wconf 87' lang='lat' dir='ltr'><strong>dubios</strong></span> <span class='ocrx_word' id='word_1_59' title='bbox 1435 1017 1536 1058; x_wconf 90' lang='lat' dir='ltr'><strong>nos</strong></span> <span class='ocrx_word' id='word_1_60' title='bbox 1570 1005 1623 1056; x_wconf 92' lang='lat' dir='ltr'><strong>in</strong></span> <span class='ocrx_word' id='word_1_61' title='bbox 1667 1005 1778 1060; x_wconf 88' lang='lat' dir='ltr'><strong>luto</strong></span> 
     </span>
    </p>
   </div>
   <div class='ocr_carea' id='block_1_10' title="bbox 189 1080 1772 1168">
    <p class='ocr_par' dir='ltr' id='par_1_10' title="bbox 189 1080 1772 1168">
     <span class='ocr_line' id='line_1_10' title="bbox 189 1080 1772 1168; baseline 0.013 -35"><span class='ocrx_word' id='word_1_62' title='bbox 189 1080 400 1136; x_wconf 65' lang='lat' dir='ltr'><strong>barere</strong></span> <span class='ocrx_word' id='word_1_63' title='bbox 452 1086 703 1152; x_wconf 80' lang='lat' dir='ltr'><strong>pateris?</strong></span> <span class='ocrx_word' id='word_1_64' title='bbox 748 1087 804 1142; x_wconf 91' lang='lat' dir='ltr'><strong>Si</strong></span> <span class='ocrx_word' id='word_1_65' title='bbox 844 1091 1137 1148; x_wconf 79' lang='lat' dir='ltr'><strong>iiisuﬂlatio</strong></span> <span class='ocrx_word' id='word_1_66' title='bbox 1186 1096 1278 1151; x_wconf 88' lang='lat' dir='ltr'><strong>Dei</strong></span> <span class='ocrx_word' id='word_1_67' title='bbox 1310 1098 1475 1168; x_wconf 90' lang='lat' dir='ltr'><strong>(quod</strong></span> <span class='ocrx_word' id='word_1_68' title='bbox 1519 1116 1623 1153; x_wconf 91' lang='lat' dir='ltr'><strong>non</strong></span> <span class='ocrx_word' id='word_1_69' title='bbox 1670 1101 1772 1166; x_wconf 88' lang='lat' dir='ltr'><strong>vis,</strong></span> 
     </span>
    </p>
   </div>
   <div class='ocr_carea' id='block_1_11' title="bbox 186 1175 1771 1258">
    <p class='ocr_par' dir='ltr' id='par_1_11' title="bbox 186 1175 1771 1258">
     <span class='ocr_line' id='line_1_11' title="bbox 186 1175 1771 1258; baseline 0.016 -36"><span class='ocrx_word' id='word_1_70' title='bbox 186 1181 238 1223; x_wconf 88' lang='lat' dir='ltr'><strong>et</strong></span> <span class='ocrx_word' id='word_1_71' title='bbox 270 1175 421 1240; x_wconf 84' lang='lat' dir='ltr'><strong>quod</strong></span> <span class='ocrx_word' id='word_1_72' title='bbox 449 1190 596 1232; x_wconf 88' lang='lat' dir='ltr'><strong>nunc</strong></span> <span class='ocrx_word' id='word_1_73' title='bbox 630 1180 892 1251; x_wconf 77' lang='lat' dir='ltr'><strong>relinquis</strong></span> <span class='ocrx_word' id='word_1_74' title='bbox 922 1187 1262 1258; x_wconf 86' lang='lat' dir='ltr'><strong>ambiguum)</strong></span> <span class='ocrx_word' id='word_1_75' title='bbox 1299 1190 1550 1246; x_wconf 80' lang='lat' dir='ltr'><strong>humana:</strong></span> <span class='ocrx_word' id='word_1_76' title='bbox 1577 1194 1771 1247; x_wconf 75' lang='lat' dir='ltr'><strong>animre</strong></span> 
     </span>
    </p>
   </div>
   <div class='ocr_carea' id='block_1_12' title="bbox 187 1266 1775 1345">
    <p class='ocr_par' dir='ltr' id='par_1_12' title="bbox 187 1266 1775 1345">
     <span class='ocr_line' id='line_1_12' title="bbox 187 1266 1775 1345; baseline 0.018 -31"><span class='ocrx_word' id='word_1_77' title='bbox 187 1266 438 1320; x_wconf 84' lang='lat' dir='ltr'><strong>conditio</strong></span> <span class='ocrx_word' id='word_1_78' title='bbox 470 1279 556 1324; x_wconf 82' lang='lat' dir='ltr'><strong>est</strong></span> <span class='ocrx_word' id='word_1_79' title='bbox 593 1289 605 1324; x_wconf 95' lang='lat'>:</span> <span class='ocrx_word' id='word_1_80' title='bbox 639 1271 770 1335; x_wconf 83' lang='lat' dir='ltr'><strong>Eva,</strong></span> <span class='ocrx_word' id='word_1_81' title='bbox 803 1274 854 1327; x_wconf 90' lang='lat' dir='ltr'><strong>iu</strong></span> <span class='ocrx_word' id='word_1_82' title='bbox 887 1277 1045 1345; x_wconf 84' lang='lat' dir='ltr'><strong>cujus</strong></span> <span class='ocrx_word' id='word_1_83' title='bbox 1082 1279 1272 1334; x_wconf 82' lang='lat' dir='ltr'><strong>faciem</strong></span> <span class='ocrx_word' id='word_1_84' title='bbox 1323 1298 1434 1337; x_wconf 91' lang='lat' dir='ltr'><strong>non</strong></span> <span class='ocrx_word' id='word_1_85' title='bbox 1480 1285 1775 1342; x_wconf 82' lang='lat' dir='ltr'><strong>insulllarit</strong></span> 
     </span>
    </p>
   </div>
   <div class='ocr_carea' id='block_1_13' title="bbox 187 1358 1773 1450">
    <p class='ocr_par' dir='ltr' id='par_1_13' title="bbox 187 1358 1773 1450">
     <span class='ocr_line' id='line_1_13' title="bbox 187 1358 1773 1450; baseline 0.017 -41"><span class='ocrx_word' id='word_1_86' title='bbox 187 1358 354 1420; x_wconf 86' lang='lat' dir='ltr'><strong>Deus,</strong></span> <span class='ocrx_word' id='word_1_87' title='bbox 406 1363 556 1416; x_wconf 89' lang='lat' dir='ltr'><strong>unde</strong></span> <span class='ocrx_word' id='word_1_88' title='bbox 599 1366 834 1420; x_wconf 86' lang='lat' dir='ltr'><strong>animam</strong></span> <span class='ocrx_word' id='word_1_89' title='bbox 885 1367 1117 1426; x_wconf 70' lang='lat' dir='ltr'><strong>habuit?</strong></span> <span class='ocrx_word' id='word_1_90' title='bbox 1165 1373 1344 1430; x_wconf 86' lang='lat' dir='ltr'><strong>Taceo</strong></span> <span class='ocrx_word' id='word_1_91' title='bbox 1379 1382 1442 1432; x_wconf 87' lang='lat' dir='ltr'><strong>de</strong></span> <span class='ocrx_word' id='word_1_92' title='bbox 1479 1378 1609 1440; x_wconf 70' lang='lat' dir='ltr'><strong>Era.</strong></span> <span class='ocrx_word' id='word_1_93' title='bbox 1651 1397 1773 1450; x_wconf 65' lang='lat' dir='ltr'><strong>quae</strong></span> 
     </span>
    </p>
   </div>
   <div class='ocr_carea' id='block_1_14' title="bbox 187 1451 1774 1531">
    <p class='ocr_par' dir='ltr' id='par_1_14' title="bbox 187 1451 1774 1531">
     <span class='ocr_line' id='line_1_14' title="bbox 187 1451 1774 1531; baseline 0.016 -32"><span class='ocrx_word' id='word_1_94' title='bbox 187 1451 238 1500; x_wconf 92' lang='lat' dir='ltr'><strong>in</strong></span> <span class='ocrx_word' id='word_1_95' title='bbox 273 1461 404 1521; x_wconf 76' lang='lat' dir='ltr'><strong>typo</strong></span> <span class='ocrx_word' id='word_1_96' title='bbox 440 1453 699 1510; x_wconf 64' lang='lat' dir='ltr'><strong>Ecclesia</strong></span> <span class='ocrx_word' id='word_1_97' title='bbox 720 1458 784 1512; x_wconf 88' lang='lat' dir='ltr'><strong>de</strong></span> <span class='ocrx_word' id='word_1_98' title='bbox 811 1472 964 1515; x_wconf 89' lang='lat' dir='ltr'><strong>costa</strong></span> <span class='ocrx_word' id='word_1_99' title='bbox 995 1463 1091 1517; x_wconf 86' lang='lat' dir='ltr'><strong>viri</strong></span> <span class='ocrx_word' id='word_1_100' title='bbox 1123 1467 1408 1531; x_wconf 65' lang='lat' dir='ltr'><strong>aedificata,</strong></span> <span class='ocrx_word' id='word_1_101' title='bbox 1474 1487 1577 1525; x_wconf 93' lang='lat' dir='ltr'><strong>non</strong></span> <span class='ocrx_word' id='word_1_102' title='bbox 1613 1475 1774 1525; x_wconf 83' lang='lat' dir='ltr'><strong>debet</strong></span> 
     </span>
    </p>
   </div>
   <div class='ocr_carea' id='block_1_15' title="bbox 183 1547 1770 1619">
    <p class='ocr_par' dir='ltr' id='par_1_15' title="bbox 183 1547 1770 1619">
     <span class='ocr_line' id='line_1_15' title="bbox 183 1547 1770 1619; baseline 0.014 -27"><span class='ocrx_word' id='word_1_103' title='bbox 183 1549 310 1607; x_wconf 85' lang='lat' dir='ltr'><strong>post</strong></span> <span class='ocrx_word' id='word_1_104' title='bbox 365 1552 522 1598; x_wconf 84' lang='lat' dir='ltr'><strong>tanta</strong></span> <span class='ocrx_word' id='word_1_105' title='bbox 561 1547 761 1601; x_wconf 67' lang='lat' dir='ltr'><strong>saecula</strong></span> <span class='ocrx_word' id='word_1_106' title='bbox 801 1561 1058 1619; x_wconf 86' lang='lat' dir='ltr'><strong>nepotum</strong></span> <span class='ocrx_word' id='word_1_107' title='bbox 1111 1555 1418 1610; x_wconf 76' lang='lat' dir='ltr'><strong>calumnias</strong></span> <span class='ocrx_word' id='word_1_108' title='bbox 1473 1562 1770 1614; x_wconf 86' lang='lat' dir='ltr'><strong>sustinere.</strong></span> 
     </span>
    </p>
   </div>
   <div class='ocr_carea' id='block_1_16' title="bbox 183 1627 1771 1715">
    <p class='ocr_par' dir='ltr' id='par_1_16' title="bbox 183 1627 1771 1715">
     <span class='ocr_line' id='line_1_16' title="bbox 183 1627 1771 1715; baseline 0.014 -33"><span class='ocrx_word' id='word_1_109' title='bbox 183 1627 314 1682; x_wconf 82' lang='lat' dir='ltr'><strong>Cain</strong></span> <span class='ocrx_word' id='word_1_110' title='bbox 359 1644 413 1686; x_wconf 90' lang='lat' dir='ltr'><strong>et</strong></span> <span class='ocrx_word' id='word_1_111' title='bbox 453 1635 612 1700; x_wconf 76' lang='lat' dir='ltr'><strong>Abel,</strong></span> <span class='ocrx_word' id='word_1_112' title='bbox 667 1638 825 1706; x_wconf 89' lang='lat' dir='ltr'><strong>primi</strong></span> <span class='ocrx_word' id='word_1_113' title='bbox 873 1655 940 1694; x_wconf 81' lang='lat' dir='ltr'><strong>ex</strong></span> <span class='ocrx_word' id='word_1_114' title='bbox 997 1644 1185 1710; x_wconf 89' lang='lat' dir='ltr'><strong>primis</strong></span> <span class='ocrx_word' id='word_1_115' title='bbox 1226 1645 1576 1715; x_wconf 83' lang='lat' dir='ltr'><strong>hominibus,</strong></span> <span class='ocrx_word' id='word_1_116' title='bbox 1627 1651 1771 1705; x_wconf 86' lang='lat' dir='ltr'><strong>unde</strong></span> 
     </span>
    </p>
   </div>
   <div class='ocr_carea' id='block_1_17' title="bbox 185 1718 1766 1806">
    <p class='ocr_par' dir='ltr' id='par_1_17' title="bbox 185 1718 1766 1806">
     <span class='ocr_line' id='line_1_17' title="bbox 185 1718 1766 1806; baseline 0.016 -36"><span class='ocrx_word' id='word_1_117' title='bbox 185 1718 431 1775; x_wconf 75' lang='lat' dir='ltr'><strong>habuere</strong></span> <span class='ocrx_word' id='word_1_118' title='bbox 455 1725 714 1778; x_wconf 77' lang='lat' dir='ltr'><strong>animas?</strong></span> <span class='ocrx_word' id='word_1_119' title='bbox 743 1725 918 1782; x_wconf 89' lang='lat' dir='ltr'><strong>Omne</strong></span> <span class='ocrx_word' id='word_1_120' title='bbox 947 1729 1203 1800; x_wconf 88' lang='lat' dir='ltr'><strong>deinceps</strong></span> <span class='ocrx_word' id='word_1_121' title='bbox 1237 1735 1532 1790; x_wconf 88' lang='lat' dir='ltr'><strong>humanum</strong></span> <span class='ocrx_word' id='word_1_122' title='bbox 1575 1755 1766 1806; x_wconf 81' lang='lat' dir='ltr'><strong>genus,</strong></span> 
     </span>
    </p>
   </div>
   <div class='ocr_carea' id='block_1_18' title="bbox 181 1813 1763 1887">
    <p class='ocr_par' dir='ltr' id='par_1_18' title="bbox 181 1813 1763 1887">
     <span class='ocr_line' id='line_1_18' title="bbox 181 1813 1763 1887; baseline 0.016 -26"><span class='ocrx_word' id='word_1_123' title='bbox 181 1813 390 1879; x_wconf 77' lang='lat' dir='ltr'><strong>quibus</strong></span> <span class='ocrx_word' id='word_1_124' title='bbox 444 1816 750 1872; x_wconf 88' lang='lat' dir='ltr'><strong>animarum</strong></span> <span class='ocrx_word' id='word_1_125' title='bbox 811 1832 1068 1877; x_wconf 79' lang='lat' dir='ltr'><strong>censetur</strong></span> <span class='ocrx_word' id='word_1_126' title='bbox 1119 1828 1399 1881; x_wconf 70' lang='lat' dir='ltr'><strong>exordiis?</strong></span> <span class='ocrx_word' id='word_1_127' title='bbox 1456 1829 1646 1884; x_wconf 89' lang='lat' dir='ltr'><strong>Utrum</strong></span> <span class='ocrx_word' id='word_1_128' title='bbox 1699 1849 1763 1887; x_wconf 78' lang='lat' dir='ltr'><strong>ex</strong></span> 
     </span>
    </p>
   </div>
   <div class='ocr_carea' id='block_1_19' title="bbox 1887 627 3476 704">
    <p class='ocr_par' dir='ltr' id='par_1_19' title="bbox 1887 627 3476 704">
     <span class='ocr_line' id='line_1_19' title="bbox 1887 627 3476 704; baseline 0.006 -26"><span class='ocrx_word' id='word_1_129' title='bbox 1887 627 2107 696; x_wconf 87' lang='lat' dir='ltr'><strong>tui,qui</strong></span> <span class='ocrx_word' id='word_1_130' title='bbox 2162 638 2212 679; x_wconf 91' lang='lat' dir='ltr'><strong>te</strong></span> <span class='ocrx_word' id='word_1_131' title='bbox 2265 631 2572 695; x_wconf 82' lang='lat' dir='ltr'><strong>plasniavit,</strong></span> <span class='ocrx_word' id='word_1_132' title='bbox 2616 641 2670 684; x_wconf 84' lang='lat' dir='ltr'><strong>et</strong></span> <span class='ocrx_word' id='word_1_133' title='bbox 2703 631 2829 685; x_wconf 79' lang='lat' dir='ltr'><strong>fecit</strong></span> <span class='ocrx_word' id='word_1_134' title='bbox 2880 644 2935 684; x_wconf 92' lang='lat' dir='ltr'><strong>ut</strong></span> <span class='ocrx_word' id='word_1_135' title='bbox 2978 637 3176 688; x_wconf 83' lang='lat' dir='ltr'><strong>voluit.</strong></span> <span class='ocrx_word' id='word_1_136' title='bbox 3227 636 3344 704; x_wconf 85' lang='lat' dir='ltr'><strong>Ipse</strong></span> <span class='ocrx_word' id='word_1_137' title='bbox 3391 647 3476 690; x_wconf 72' lang='lat' dir='ltr'><strong>cst</strong></span> 
     </span>
    </p>
   </div>
   <div class='ocr_carea' id='block_1_20' title="bbox 1887 719 3470 799">
    <p class='ocr_par' dir='ltr' id='par_1_20' title="bbox 1887 719 3470 799">
     <span class='ocr_line' id='line_1_20' title="bbox 1887 719 3470 799; baseline 0.007 -29"><span class='ocrx_word' id='word_1_138' title='bbox 1887 719 1978 771; x_wconf 68' lang='lat' dir='ltr'><strong>Dei</strong></span> <span class='ocrx_word' id='word_1_139' title='bbox 2037 720 2211 773; x_wconf 88' lang='lat' dir='ltr'><strong>virtus</strong></span> <span class='ocrx_word' id='word_1_140' title='bbox 2279 729 2333 772; x_wconf 89' lang='lat' dir='ltr'><strong>et</strong></span> <span class='ocrx_word' id='word_1_141' title='bbox 2383 719 2478 773; x_wconf 85' lang='lat' dir='ltr'><strong>Dei</strong></span> <span class='ocrx_word' id='word_1_142' title='bbox 2543 725 2806 791; x_wconf 79' lang='lat' dir='ltr'><strong>sapientia</strong></span> <span class='ocrx_word' id='word_1_143' title='bbox 2870 727 2958 794; x_wconf 89' lang='lat' dir='ltr'><strong>qui</strong></span> <span class='ocrx_word' id='word_1_144' title='bbox 3027 726 3153 795; x_wconf 79' lang='grc' dir='ltr'><strong>[ΑΙ.</strong></span> <span class='ocrx_word' id='word_1_145' title='bbox 3195 727 3349 799; x_wconf 71' lang='lat' dir='ltr'><strong>quae]</strong></span> <span class='ocrx_word' id='word_1_146' title='bbox 3419 731 3470 782; x_wconf 91' lang='lat' dir='ltr'><strong>in</strong></span> 
     </span>
    </p>
   </div>
   <div class='ocr_carea' id='block_1_21' title="bbox 1885 810 3474 887">
    <p class='ocr_par' dir='ltr' id='par_1_21' title="bbox 1885 810 3474 887">
     <span class='ocr_line' id='line_1_21' title="bbox 1885 810 3474 887; baseline 0.009 -26"><span class='ocrx_word' id='word_1_147' title='bbox 1885 821 2038 862; x_wconf 84' lang='lat' dir='ltr'><strong>utero</strong></span> <span class='ocrx_word' id='word_1_148' title='bbox 2077 810 2314 880; x_wconf 83' lang='lat' dir='ltr'><strong>Virginis</strong></span> <span class='ocrx_word' id='word_1_149' title='bbox 2355 812 2644 867; x_wconf 78' lang='lat' dir='ltr'><strong>:edil‘icavit</strong></span> <span class='ocrx_word' id='word_1_150' title='bbox 2686 816 2786 870; x_wconf 83' lang='lat' dir='ltr'><strong>sibi</strong></span> <span class='ocrx_word' id='word_1_151' title='bbox 2818 817 3066 872; x_wconf 82' lang='lat' dir='ltr'><strong>domum.</strong></span> <span class='ocrx_word' id='word_1_152' title='bbox 3101 819 3290 887; x_wconf 85' lang='lat' dir='ltr'><strong>Jepliie</strong></span> <span class='ocrx_word' id='word_1_153' title='bbox 3336 823 3474 875; x_wconf 64' lang='lat' dir='ltr'><strong>inter</strong></span> 
     </span>
    </p>
   </div>
   <div class='ocr_carea' id='block_1_22' title="bbox 1882 901 3467 982">
    <p class='ocr_par' dir='ltr' id='par_1_22' title="bbox 1882 901 3467 982">
     <span class='ocr_line' id='line_1_22' title="bbox 1882 901 3467 982; baseline 0.008 -29"><span class='ocrx_word' id='word_1_154' title='bbox 1882 901 2026 955; x_wconf 84' lang='lat' dir='ltr'><strong>\iros</strong></span> <span class='ocrx_word' id='word_1_155' title='bbox 2045 913 2266 958; x_wconf 84' lang='lat' dir='ltr'><strong>sanctos</strong></span> <span class='ocrx_word' id='word_1_156' title='bbox 2291 906 2536 972; x_wconf 81' lang='lat' dir='ltr'><strong>Apostoli</strong></span> <span class='ocrx_word' id='word_1_157' title='bbox 2561 921 2689 959; x_wconf 81' lang='lat' dir='ltr'><strong>voce</strong></span> <span class='ocrx_word' id='word_1_158' title='bbox 2713 920 3030 963; x_wconf 71' lang='lat' dir='ltr'><strong>numeratus</strong></span> <span class='ocrx_word' id='word_1_159' title='bbox 3051 910 3235 982; x_wconf 78' lang='lat' dir='ltr'><strong>(Hebr.</strong></span> <span class='ocrx_word' id='word_1_160' title='bbox 3256 928 3329 971; x_wconf 76' lang='lat' dir='ltr'><strong>XI.</strong></span> <span class='ocrx_word' id='word_1_161' title='bbox 3356 913 3467 975; x_wconf 77' lang='lat'><strong>3‘2),</strong></span> 
     </span>
    </p>
   </div>
   <div class='ocr_carea' id='block_1_23' title="bbox 1881 996 3468 1070">
    <p class='ocr_par' dir='ltr' id='par_1_23' title="bbox 1881 996 3468 1070">
     <span class='ocr_line' id='line_1_23' title="bbox 1881 996 3468 1070; baseline 0.008 -23"><span class='ocrx_word' id='word_1_162' title='bbox 1881 996 2186 1050; x_wconf 85' lang='lat' dir='ltr'><strong>meretricis</strong></span> <span class='ocrx_word' id='word_1_163' title='bbox 2228 1007 2308 1053; x_wconf 89' lang='lat' dir='ltr'><strong>est</strong></span> <span class='ocrx_word' id='word_1_164' title='bbox 2330 998 2493 1054; x_wconf 78' lang='lat' dir='ltr'><strong>ﬁlius.</strong></span> <span class='ocrx_word' id='word_1_165' title='bbox 2522 999 2623 1053; x_wconf 82' lang='lat' dir='ltr'><strong>Sed</strong></span> <span class='ocrx_word' id='word_1_166' title='bbox 2655 1000 2778 1052; x_wconf 88' lang='lat' dir='ltr'><strong>audi</strong></span> <span class='ocrx_word' id='word_1_167' title='bbox 2804 1002 2842 1062; x_wconf 81' lang='lat'><strong>&#39;,</strong></span> <span class='ocrx_word' id='word_1_168' title='bbox 2872 1017 2934 1056; x_wconf 77' lang='lat' dir='ltr'><strong>ex</strong></span> <span class='ocrx_word' id='word_1_169' title='bbox 2961 1002 3200 1058; x_wconf 66' lang='lat' dir='ltr'><strong>vaecca</strong></span> <span class='ocrx_word' id='word_1_170' title='bbox 3219 1015 3272 1059; x_wconf 86' lang='lat' dir='ltr'><strong>et</strong></span> <span class='ocrx_word' id='word_1_171' title='bbox 3302 1004 3468 1070; x_wconf 82' lang='lat' dir='ltr'><strong>Isaac,</strong></span> 
     </span>
    </p>
   </div>
   <div class='ocr_carea' id='block_1_24' title="bbox 1886 1085 3469 1164">
    <p class='ocr_par' dir='ltr' id='par_1_24' title="bbox 1886 1085 3469 1164">
     <span class='ocr_line' id='line_1_24' title="bbox 1886 1085 3469 1164; baseline 0.006 -27"><span class='ocrx_word' id='word_1_172' title='bbox 1886 1085 2026 1138; x_wconf 77' lang='lat' dir='ltr'><strong>Esau</strong></span> <span class='ocrx_word' id='word_1_173' title='bbox 2061 1087 2298 1154; x_wconf 88' lang='lat' dir='ltr'><strong>genitus,</strong></span> <span class='ocrx_word' id='word_1_174' title='bbox 2334 1089 2605 1156; x_wconf 84' lang='lat' dir='ltr'><strong>hispidus,</strong></span> <span class='ocrx_word' id='word_1_175' title='bbox 2643 1100 2750 1141; x_wconf 86' lang='lat' dir='ltr'><strong>tam</strong></span> <span class='ocrx_word' id='word_1_176' title='bbox 2801 1102 2978 1144; x_wconf 87' lang='lat' dir='ltr'><strong>mente</strong></span> <span class='ocrx_word' id='word_1_177' title='bbox 3010 1109 3174 1162; x_wconf 88' lang='lat' dir='ltr'><strong>quain</strong></span> <span class='ocrx_word' id='word_1_178' title='bbox 3211 1110 3469 1164; x_wconf 80' lang='lat' dir='ltr'><strong>corpore,</strong></span> 
     </span>
    </p>
   </div>
   <div class='ocr_carea' id='block_1_25' title="bbox 1879 1177 3467 1257">
    <p class='ocr_par' dir='ltr' id='par_1_25' title="bbox 1879 1177 3467 1257">
     <span class='ocr_line' id='line_1_25' title="bbox 1879 1177 3467 1257; baseline 0.005 -25"><span class='ocrx_word' id='word_1_179' title='bbox 1879 1178 2037 1246; x_wconf 81' lang='lat' dir='ltr'><strong>quasi</strong></span> <span class='ocrx_word' id='word_1_180' title='bbox 2092 1177 2292 1232; x_wconf 86' lang='lat' dir='ltr'><strong>bonum</strong></span> <span class='ocrx_word' id='word_1_181' title='bbox 2347 1183 2583 1236; x_wconf 78' lang='lat' dir='ltr'><strong>triticum</strong></span> <span class='ocrx_word' id='word_1_182' title='bbox 2619 1186 2668 1236; x_wconf 91' lang='lat' dir='ltr'><strong>in</strong></span> <span class='ocrx_word' id='word_1_183' title='bbox 2717 1184 2903 1236; x_wconf 83' lang='lat' dir='ltr'><strong>luliiiin</strong></span> <span class='ocrx_word' id='word_1_184' title='bbox 2953 1201 3265 1257; x_wconf 71' lang='lat' dir='ltr'><strong>avenasque</strong></span> <span class='ocrx_word' id='word_1_185' title='bbox 3301 1190 3467 1255; x_wconf 72' lang='lat' dir='ltr'><strong>dege-</strong></span> 
     </span>
    </p>
   </div>
   <div class='ocr_carea' id='block_1_26' title="bbox 1879 1271 3469 1337">
    <p class='ocr_par' dir='ltr' id='par_1_26' title="bbox 1879 1271 3469 1337">
     <span class='ocr_line' id='line_1_26' title="bbox 1879 1271 3469 1337; baseline 0.008 -16"><span class='ocrx_word' id='word_1_186' title='bbox 1879 1277 2038 1321; x_wconf 89' lang='lat' dir='ltr'><strong>nerat</strong></span> <span class='ocrx_word' id='word_1_187' title='bbox 2081 1285 2092 1321; x_wconf 94' lang='lat'>:</span> <span class='ocrx_word' id='word_1_188' title='bbox 2133 1271 2258 1337; x_wconf 84' lang='lat' dir='ltr'><strong>quia</strong></span> <span class='ocrx_word' id='word_1_189' title='bbox 2314 1286 2418 1323; x_wconf 89' lang='lat' dir='ltr'><strong>non</strong></span> <span class='ocrx_word' id='word_1_190' title='bbox 2474 1273 2524 1322; x_wconf 91' lang='lat' dir='ltr'><strong>in</strong></span> <span class='ocrx_word' id='word_1_191' title='bbox 2579 1275 2877 1328; x_wconf 73' lang='lat' dir='ltr'><strong>seminibus</strong></span> <span class='ocrx_word' id='word_1_192' title='bbox 2904 1314 2918 1336; x_wconf 89' lang='lat'><strong>,</strong></span> <span class='ocrx_word' id='word_1_193' title='bbox 2956 1277 3048 1330; x_wconf 89' lang='lat' dir='ltr'><strong>sed</strong></span> <span class='ocrx_word' id='word_1_194' title='bbox 3089 1279 3138 1330; x_wconf 93' lang='lat' dir='ltr'><strong>in</strong></span> <span class='ocrx_word' id='word_1_195' title='bbox 3189 1281 3469 1334; x_wconf 67' lang='lat' dir='ltr'><strong>voluntate</strong></span> 
     </span>
    </p>
   </div>
   <div class='ocr_carea' id='block_1_27' title="bbox 1878 1361 3462 1436">
    <p class='ocr_par' dir='ltr' id='par_1_27' title="bbox 1878 1361 3462 1436">
     <span class='ocr_line' id='line_1_27' title="bbox 1878 1361 3462 1436; baseline 0.009 -24"><span class='ocrx_word' id='word_1_196' title='bbox 1878 1361 2180 1422; x_wconf 85' lang='lat' dir='ltr'><strong>nascentis,</strong></span> <span class='ocrx_word' id='word_1_197' title='bbox 2226 1377 2388 1417; x_wconf 87' lang='lat' dir='ltr'><strong>causa</strong></span> <span class='ocrx_word' id='word_1_198' title='bbox 2426 1373 2510 1418; x_wconf 90' lang='lat' dir='ltr'><strong>est</strong></span> <span class='ocrx_word' id='word_1_199' title='bbox 2557 1368 2810 1419; x_wconf 81' lang='lat' dir='ltr'><strong>vitiorum</strong></span> <span class='ocrx_word' id='word_1_200' title='bbox 2852 1379 3016 1436; x_wconf 77' lang='lat' dir='ltr'><strong>atque</strong></span> <span class='ocrx_word' id='word_1_201' title='bbox 3075 1370 3356 1426; x_wconf 80' lang='lat' dir='ltr'><strong>virtutum.</strong></span> <span class='ocrx_word' id='word_1_202' title='bbox 3406 1375 3462 1426; x_wconf 78' lang='lat' dir='ltr'><strong>Si</strong></span> 
     </span>
    </p>
   </div>
   <div class='ocr_carea' id='block_1_28' title="bbox 1878 1453 3462 1531">
    <p class='ocr_par' dir='ltr' id='par_1_28' title="bbox 1878 1453 3462 1531">
     <span class='ocr_line' id='line_1_28' title="bbox 1878 1453 3462 1531; baseline 0.007 -26"><span class='ocrx_word' id='word_1_203' title='bbox 1878 1453 2083 1507; x_wconf 70' lang='lat' dir='ltr'><strong>olIciis-a</strong></span> <span class='ocrx_word' id='word_1_204' title='bbox 2133 1465 2213 1508; x_wconf 89' lang='lat' dir='ltr'><strong>est</strong></span> <span class='ocrx_word' id='word_1_205' title='bbox 2263 1457 2412 1510; x_wconf 90' lang='lat' dir='ltr'><strong>nasci</strong></span> <span class='ocrx_word' id='word_1_206' title='bbox 2467 1461 2788 1525; x_wconf 85' lang='lat' dir='ltr'><strong>corporibus</strong></span> <span class='ocrx_word' id='word_1_207' title='bbox 2843 1461 3137 1524; x_wconf 83' lang='lat' dir='ltr'><strong>humanis,</strong></span> <span class='ocrx_word' id='word_1_208' title='bbox 3186 1467 3462 1531; x_wconf 83' lang='lat' dir='ltr'><strong>quomodo</strong></span> 
     </span>
    </p>
   </div>
   <div class='ocr_carea' id='block_1_29' title="bbox 1879 1543 3461 1619">
    <p class='ocr_par' dir='ltr' id='par_1_29' title="bbox 1879 1543 3461 1619">
     <span class='ocr_line' id='line_1_29' title="bbox 1879 1543 3461 1619; baseline 0.008 -23"><span class='ocrx_word' id='word_1_209' title='bbox 1879 1543 2029 1599; x_wconf 87' lang='lat' dir='ltr'><strong>Isaac</strong></span> <span class='ocrx_word' id='word_1_210' title='bbox 2075 1545 2230 1613; x_wconf 85' lang='lat' dir='ltr'><strong>(Gen.</strong></span> <span class='ocrx_word' id='word_1_211' title='bbox 2267 1550 2446 1616; x_wconf 76' lang='lat' dir='ltr'><strong>xviii),</strong></span> <span class='ocrx_word' id='word_1_212' title='bbox 2509 1549 2740 1603; x_wconf 81' lang='lat' dir='ltr'><strong>Samson</strong></span> <span class='ocrx_word' id='word_1_213' title='bbox 2773 1550 2974 1614; x_wconf 76' lang='lat' dir='ltr'><strong>(Judic‘.</strong></span> <span class='ocrx_word' id='word_1_214' title='bbox 3029 1555 3169 1619; x_wconf 80' lang='lat' dir='ltr'><strong>xiii),</strong></span> <span class='ocrx_word' id='word_1_215' title='bbox 3217 1554 3461 1608; x_wconf 83' lang='lat' dir='ltr'><strong>Joannes</strong></span> 
     </span>
    </p>
   </div>
   <div class='ocr_carea' id='block_1_30' title="bbox 1877 1626 3460 1710">
    <p class='ocr_par' dir='ltr' id='par_1_30' title="bbox 1877 1626 3460 1710">
     <span class='ocr_line' id='line_1_30' title="bbox 1877 1626 3460 1710; baseline 0.008 -22"><span class='ocrx_word' id='word_1_216' title='bbox 1877 1637 2117 1706; x_wconf 89' lang='lat' dir='ltr'><strong>Baptista</strong></span> <span class='ocrx_word' id='word_1_217' title='bbox 2154 1640 2303 1706; x_wconf 87' lang='lat' dir='ltr'><strong>(Luc.</strong></span> <span class='ocrx_word' id='word_1_218' title='bbox 2339 1640 2402 1708; x_wconf 89' lang='lat' dir='ltr'><strong>i),</strong></span> <span class='ocrx_word' id='word_1_219' title='bbox 2437 1626 2500 1695; x_wconf 71' lang='lat' dir='ltr'><strong>ile</strong></span> <span class='ocrx_word' id='word_1_220' title='bbox 2533 1644 2963 1710; x_wconf 82' lang='lat' dir='ltr'><strong>reprouiiSsiOne</strong></span> <span class='ocrx_word' id='word_1_221' title='bbox 2994 1648 3339 1700; x_wconf 80' lang='lat' dir='ltr'><strong>nascuntur?</strong></span> <span class='ocrx_word' id='word_1_222' title='bbox 3374 1651 3460 1700; x_wconf 90' lang='lat' dir='ltr'><strong>lu-</strong></span> 
     </span>
    </p>
   </div>
   <div class='ocr_carea' id='block_1_31' title="bbox 1876 1731 3461 1809">
    <p class='ocr_par' dir='ltr' id='par_1_31' title="bbox 1876 1731 3461 1809">
     <span class='ocr_line' id='line_1_31' title="bbox 1876 1731 3461 1809; baseline 0.006 -25"><span class='ocrx_word' id='word_1_223' title='bbox 1876 1731 2078 1800; x_wconf 87' lang='lat' dir='ltr'><strong>telligis</strong></span> <span class='ocrx_word' id='word_1_224' title='bbox 2113 1733 2242 1799; x_wconf 83' lang='lat' dir='ltr'><strong>quid</strong></span> <span class='ocrx_word' id='word_1_225' title='bbox 2279 1737 2350 1785; x_wconf 89' lang='lat' dir='ltr'><strong>sit</strong></span> <span class='ocrx_word' id='word_1_226' title='bbox 2375 1733 2531 1786; x_wconf 78' lang='lat' dir='ltr'><strong>[idem</strong></span> <span class='ocrx_word' id='word_1_227' title='bbox 2561 1750 2716 1788; x_wconf 86' lang='lat' dir='ltr'><strong>suam</strong></span> <span class='ocrx_word' id='word_1_228' title='bbox 2745 1739 3008 1790; x_wconf 83' lang='lat' dir='ltr'><strong>audacter</strong></span> <span class='ocrx_word' id='word_1_229' title='bbox 3033 1753 3096 1791; x_wconf 90' lang='lat' dir='ltr'><strong>ac</strong></span> <span class='ocrx_word' id='word_1_230' title='bbox 3129 1739 3298 1794; x_wconf 79' lang='lat' dir='ltr'><strong>libere</strong></span> <span class='ocrx_word' id='word_1_231' title='bbox 3330 1756 3461 1809; x_wconf 69' lang='lat' dir='ltr'><strong>pro.</strong></span> 
     </span>
    </p>
   </div>
   <div class='ocr_carea' id='block_1_32' title="bbox 1877 1823 3452 1897">
    <p class='ocr_par' dir='ltr' id='par_1_32' title="bbox 1877 1823 3452 1897">
     <span class='ocr_line' id='line_1_32' title="bbox 1877 1823 3452 1897; baseline 0.003 -21"><span class='ocrx_word' id='word_1_232' title='bbox 1877 1823 2054 1877; x_wconf 88' lang='lat' dir='ltr'><strong>literi?</strong></span> <span class='ocrx_word' id='word_1_233' title='bbox 2109 1824 2254 1877; x_wconf 87' lang='lat' dir='ltr'><strong>Pone</strong></span> <span class='ocrx_word' id='word_1_234' title='bbox 2310 1839 2498 1878; x_wconf 87' lang='lat' dir='ltr'><strong>errare</strong></span> <span class='ocrx_word' id='word_1_235' title='bbox 2535 1839 2642 1888; x_wconf 91' lang='lat' dir='ltr'><strong>me,</strong></span> <span class='ocrx_word' id='word_1_236' title='bbox 2686 1840 2869 1894; x_wconf 88' lang='lat' dir='ltr'><strong>aperte</strong></span> <span class='ocrx_word' id='word_1_237' title='bbox 2904 1829 3026 1881; x_wconf 83' lang='lat' dir='ltr'><strong>dico</strong></span> <span class='ocrx_word' id='word_1_238' title='bbox 3071 1830 3214 1897; x_wconf 91' lang='lat' dir='ltr'><strong>quod</strong></span> <span class='ocrx_word' id='word_1_239' title='bbox 3258 1835 3452 1888; x_wconf 80' lang='lat' dir='ltr'><strong>sentin,</strong></span> 
     </span>
    </p>
   </div>
   <div class='ocr_carea' id='block_1_33' title="bbox 182 1907 3454 1990">
    <p class='ocr_par' dir='ltr' id='par_1_33' title="bbox 182 1907 3454 1990">
     <span class='ocr_line' id='line_1_33' title="bbox 182 1907 3454 1990; baseline 0.006 -35"><span class='ocrx_word' id='word_1_240' title='bbox 182 1907 438 1971; x_wconf 80' lang='lat' dir='ltr'><strong>traduce,</strong></span> <span class='ocrx_word' id='word_1_241' title='bbox 478 1911 636 1980; x_wconf 78' lang='lat' dir='ltr'><strong>juxta</strong></span> <span class='ocrx_word' id='word_1_242' title='bbox 687 1914 843 1967; x_wconf 89' lang='lat' dir='ltr'><strong>bruta</strong></span> <span class='ocrx_word' id='word_1_243' title='bbox 881 1916 1140 1972; x_wconf 85' lang='lat' dir='ltr'><strong>animalia</strong></span> <span class='ocrx_word' id='word_1_244' title='bbox 1179 1937 1191 1970; x_wconf 93' lang='lat'>:</span> <span class='ocrx_word' id='word_1_245' title='bbox 1229 1929 1286 1973; x_wconf 93' lang='lat' dir='ltr'><strong>ut</strong></span> <span class='ocrx_word' id='word_1_246' title='bbox 1328 1925 1608 1990; x_wconf 87' lang='lat' dir='ltr'><strong>quomodo</strong></span> <span class='ocrx_word' id='word_1_247' title='bbox 1647 1941 1768 1978; x_wconf 77' lang='lat' dir='ltr'><strong>cor-</strong></span> <span class='ocrx_word' id='word_1_248' title='bbox 1805 1915 1844 1971; x_wconf 79' lang='grc' dir='ltr'><strong>Β</strong></span> <span class='ocrx_word' id='word_1_249' title='bbox 1876 1917 1940 1970; x_wconf 84' lang='grc' dir='ltr'>Ει</span> <span class='ocrx_word' id='word_1_250' title='bbox 1975 1927 2028 1969; x_wconf 90' lang='lat' dir='ltr'><strong>tu</strong></span> <span class='ocrx_word' id='word_1_251' title='bbox 2069 1917 2235 1986; x_wconf 86' lang='lat' dir='ltr'><strong>igitur</strong></span> <span class='ocrx_word' id='word_1_252' title='bbox 2269 1929 2362 1971; x_wconf 89' lang='lat' dir='ltr'><strong>aut</strong></span> <span class='ocrx_word' id='word_1_253' title='bbox 2407 1918 2574 1972; x_wconf 90' lang='lat' dir='ltr'><strong>libere</strong></span> <span class='ocrx_word' id='word_1_254' title='bbox 2630 1929 2815 1973; x_wconf 89' lang='lat' dir='ltr'><strong>nostra</strong></span> <span class='ocrx_word' id='word_1_255' title='bbox 2866 1923 3140 1990; x_wconf 79' lang='lat' dir='ltr'><strong>promere,</strong></span> <span class='ocrx_word' id='word_1_256' title='bbox 3181 1932 3276 1976; x_wconf 91' lang='lat' dir='ltr'><strong>aut</strong></span> <span class='ocrx_word' id='word_1_257' title='bbox 3323 1940 3454 1977; x_wconf 79' lang='lat' dir='ltr'><strong>con.</strong></span> 
     </span>
    </p>
   </div>
   <div class='ocr_carea' id='block_1_34' title="bbox 181 2003 1765 2074">
    <p class='ocr_par' dir='ltr' id='par_1_34' title="bbox 181 2003 1765 2074">
     <span class='ocr_line' id='line_1_34' title="bbox 181 2003 1765 2074; baseline 0.016 -29"><span class='ocrx_word' id='word_1_258' title='bbox 181 2012 287 2063; x_wconf 79' lang='lat' dir='ltr'><strong>pns</strong></span> <span class='ocrx_word' id='word_1_259' title='bbox 315 2015 380 2052; x_wconf 78' lang='lat' dir='ltr'><strong>ex</strong></span> <span class='ocrx_word' id='word_1_260' title='bbox 415 2016 670 2068; x_wconf 90' lang='lat' dir='ltr'><strong>corpore,</strong></span> <span class='ocrx_word' id='word_1_261' title='bbox 706 2003 786 2059; x_wconf 84' lang='lat' dir='ltr'><strong>sic</strong></span> <span class='ocrx_word' id='word_1_262' title='bbox 808 2007 991 2058; x_wconf 79' lang='lat' dir='ltr'><strong>anima</strong></span> <span class='ocrx_word' id='word_1_263' title='bbox 1022 2020 1316 2074; x_wconf 71' lang='lat' dir='ltr'><strong>generetur</strong></span> <span class='ocrx_word' id='word_1_264' title='bbox 1349 2029 1411 2066; x_wconf 80' lang='lat' dir='ltr'><strong>ex</strong></span> <span class='ocrx_word' id='word_1_265' title='bbox 1448 2017 1667 2069; x_wconf 84' lang='lat' dir='ltr'><strong>anima?</strong></span> <span class='ocrx_word' id='word_1_266' title='bbox 1698 2032 1765 2069; x_wconf 88' lang='lat' dir='ltr'><strong>an</strong></span> 
     </span>
    </p>
   </div>
   <div class='ocr_carea' id='block_1_35' title="bbox 183 2093 1770 2175">
    <p class='ocr_par' dir='ltr' id='par_1_35' title="bbox 183 2093 1770 2175">
     <span class='ocr_line' id='line_1_35' title="bbox 183 2093 1770 2175; baseline 0.014 -37"><span class='ocrx_word' id='word_1_267' title='bbox 183 2093 549 2146; x_wconf 71' lang='lat' dir='ltr'><strong>ratiimaliEI-‘s</strong></span> <span class='ocrx_word' id='word_1_268' title='bbox 590 2104 856 2151; x_wconf 64' lang='lat' dir='ltr'><strong>creatura!</strong></span> <span class='ocrx_word' id='word_1_269' title='bbox 903 2100 1179 2156; x_wconf 90' lang='lat' dir='ltr'><strong>desiderio</strong></span> <span class='ocrx_word' id='word_1_270' title='bbox 1233 2121 1522 2173; x_wconf 80' lang='lat' dir='ltr'><strong>corporum</strong></span> <span class='ocrx_word' id='word_1_271' title='bbox 1583 2109 1770 2175; x_wconf 87' lang='lat' dir='ltr'><strong>paula-</strong></span> 
     </span>
    </p>
   </div>
   <div class='ocr_carea' id='block_1_36' title="bbox 182 2182 1770 2258">
    <p class='ocr_par' dir='ltr' id='par_1_36' title="bbox 182 2182 1770 2258">
     <span class='ocr_line' id='line_1_36' title="bbox 182 2182 1770 2258; baseline 0.014 -27"><span class='ocrx_word' id='word_1_272' title='bbox 182 2182 278 2233; x_wconf 88' lang='lat' dir='ltr'><strong>tim</strong></span> <span class='ocrx_word' id='word_1_273' title='bbox 333 2184 401 2235; x_wconf 88' lang='lat' dir='ltr'><strong>ad</strong></span> <span class='ocrx_word' id='word_1_274' title='bbox 442 2195 646 2239; x_wconf 83' lang='lat' dir='ltr'><strong>terram</strong></span> <span class='ocrx_word' id='word_1_275' title='bbox 682 2188 915 2258; x_wconf 64' lang='lat' dir='ltr'><strong>delapsae</strong></span> <span class='ocrx_word' id='word_1_276' title='bbox 957 2192 997 2255; x_wconf 80' lang='grc'><strong>⁸.</strong></span> <span class='ocrx_word' id='word_1_277' title='bbox 1042 2196 1339 2251; x_wconf 79' lang='lat' dir='ltr'><strong>novissime</strong></span> <span class='ocrx_word' id='word_1_278' title='bbox 1371 2199 1534 2253; x_wconf 87' lang='lat' dir='ltr'><strong>etiam</strong></span> <span class='ocrx_word' id='word_1_279' title='bbox 1577 2203 1770 2253; x_wconf 82' lang='lat' dir='ltr'><strong>buma-</strong></span> 
     </span>
    </p>
   </div>
   <div class='ocr_carea' id='block_1_37' title="bbox 179 2274 1768 2360">
    <p class='ocr_par' dir='ltr' id='par_1_37' title="bbox 179 2274 1768 2360">
     <span class='ocr_line' id='line_1_37' title="bbox 179 2274 1768 2360; baseline 0.013 -36"><span class='ocrx_word' id='word_1_280' title='bbox 179 2289 269 2329; x_wconf 86' lang='lat' dir='ltr'><strong>nis</strong></span> <span class='ocrx_word' id='word_1_281' title='bbox 311 2274 540 2346; x_wconf 66' lang='lat' dir='ltr'><strong>illigatae</strong></span> <span class='ocrx_word' id='word_1_282' title='bbox 570 2281 896 2346; x_wconf 83' lang='lat' dir='ltr'><strong>corporibus</strong></span> <span class='ocrx_word' id='word_1_283' title='bbox 929 2284 1083 2338; x_wconf 81' lang='lat' dir='ltr'><strong>sint?</strong></span> <span class='ocrx_word' id='word_1_284' title='bbox 1115 2286 1195 2340; x_wconf 81' lang='lat' dir='ltr'><strong>An</strong></span> <span class='ocrx_word' id='word_1_285' title='bbox 1234 2297 1382 2343; x_wconf 87' lang='lat' dir='ltr'><strong>certe</strong></span> <span class='ocrx_word' id='word_1_286' title='bbox 1409 2292 1573 2360; x_wconf 83' lang='lat' dir='ltr'><strong>(quod</strong></span> <span class='ocrx_word' id='word_1_287' title='bbox 1599 2294 1768 2346; x_wconf 80' lang='lat' dir='ltr'><strong>eccle-</strong></span> 
     </span>
    </p>
   </div>
   <div class='ocr_carea' id='block_1_38' title="bbox 179 2367 1770 2453">
    <p class='ocr_par' dir='ltr' id='par_1_38' title="bbox 179 2367 1770 2453">
     <span class='ocr_line' id='line_1_38' title="bbox 179 2367 1770 2453; baseline 0.011 -32"><span class='ocrx_word' id='word_1_288' title='bbox 179 2367 468 2422; x_wconf 67' lang='lat' dir='ltr'><strong>siasticum</strong></span> <span class='ocrx_word' id='word_1_289' title='bbox 503 2381 588 2425; x_wconf 89' lang='lat' dir='ltr'><strong>est</strong></span> <span class='ocrx_word' id='word_1_290' title='bbox 633 2375 936 2429; x_wconf 89' lang='lat' dir='ltr'><strong>secundum</strong></span> <span class='ocrx_word' id='word_1_291' title='bbox 981 2378 1195 2447; x_wconf 89' lang='lat' dir='ltr'><strong>eloquia</strong></span> <span class='ocrx_word' id='word_1_292' title='bbox 1247 2382 1568 2453; x_wconf 83' lang='lat' dir='ltr'><strong>Salvatoris)</strong></span> <span class='ocrx_word' id='word_1_293' title='bbox 1608 2385 1770 2439; x_wconf 85' lang='lat' dir='ltr'><strong>Pater</strong></span> 
     </span>
    </p>
   </div>
   <div class='ocr_carea' id='block_1_39' title="bbox 178 2465 1767 2546">
    <p class='ocr_par' dir='ltr' id='par_1_39' title="bbox 178 2465 1767 2546">
     <span class='ocr_line' id='line_1_39' title="bbox 178 2465 1767 2546; baseline 0.013 -35"><span class='ocrx_word' id='word_1_294' title='bbox 178 2477 329 2514; x_wconf 72' lang='lat' dir='ltr'><strong>mas</strong></span> <span class='ocrx_word' id='word_1_295' title='bbox 362 2478 530 2529; x_wconf 76' lang='lat' dir='ltr'><strong>usque</strong></span> <span class='ocrx_word' id='word_1_296' title='bbox 558 2465 714 2517; x_wconf 84' lang='lat' dir='ltr'><strong>modo</strong></span> <span class='ocrx_word' id='word_1_297' title='bbox 738 2478 990 2536; x_wconf 79' lang='lat' dir='ltr'><strong>operatur</strong></span> <span class='ocrx_word' id='word_1_298' title='bbox 1016 2473 1056 2534; x_wconf 82' lang='grc'><em>³,</em></span> <span class='ocrx_word' id='word_1_299' title='bbox 1081 2483 1129 2526; x_wconf 88' lang='lat' dir='ltr'><strong>et</strong></span> <span class='ocrx_word' id='word_1_300' title='bbox 1161 2489 1250 2543; x_wconf 81' lang='lat' dir='ltr'><strong>ego</strong></span> <span class='ocrx_word' id='word_1_301' title='bbox 1287 2491 1474 2543; x_wconf 87' lang='lat' dir='ltr'><strong>operor</strong></span> <span class='ocrx_word' id='word_1_302' title='bbox 1507 2477 1686 2546; x_wconf 85' lang='lat' dir='ltr'><strong>(Joan.</strong></span> <span class='ocrx_word' id='word_1_303' title='bbox 1715 2497 1767 2546; x_wconf 85' lang='grc' dir='ltr'><strong>ν,</strong></span> 
     </span>
    </p>
   </div>
   <div class='ocr_carea' id='block_1_40' title="bbox 181 2555 1768 2633">
    <p class='ocr_par' dir='ltr' id='par_1_40' title="bbox 181 2555 1768 2633">
     <span class='ocr_line' id='line_1_40' title="bbox 181 2555 1768 2633; baseline 0.012 -27"><span class='ocrx_word' id='word_1_304' title='bbox 181 2555 309 2618; x_wconf 79' lang='lat' dir='ltr'><strong>l7);</strong></span> <span class='ocrx_word' id='word_1_305' title='bbox 351 2566 406 2606; x_wconf 87' lang='lat' dir='ltr'><strong>et</strong></span> <span class='ocrx_word' id='word_1_306' title='bbox 450 2555 594 2610; x_wconf 88' lang='lat' dir='ltr'><strong>illtid</strong></span> <span class='ocrx_word' id='word_1_307' title='bbox 627 2557 777 2613; x_wconf 58' lang='lat' dir='ltr'><strong>Isaias</strong></span> <span class='ocrx_word' id='word_1_308' title='bbox 809 2561 829 2592; x_wconf 88' lang='grc'><em>³</em></span> <span class='ocrx_word' id='word_1_309' title='bbox 859 2577 875 2615; x_wconf 89' lang='lat'><strong><em>:</em></strong></span> <span class='ocrx_word' id='word_1_310' title='bbox 905 2561 1010 2626; x_wconf 82' lang='lat' dir='ltr'><strong>Qui</strong></span> <span class='ocrx_word' id='word_1_311' title='bbox 1039 2564 1236 2632; x_wconf 81' lang='lat' dir='ltr'><strong>format</strong></span> <span class='ocrx_word' id='word_1_312' title='bbox 1269 2569 1514 2633; x_wconf 79' lang='lat' dir='ltr'><strong>spiritum</strong></span> <span class='ocrx_word' id='word_1_313' title='bbox 1543 2572 1768 2627; x_wconf 78' lang='lat' dir='ltr'><strong>hominis</strong></span> 
     </span>
    </p>
   </div>
   <div class='ocr_carea' id='block_1_41' title="bbox 178 2645 1768 2728">
    <p class='ocr_par' dir='ltr' id='par_1_41' title="bbox 178 2645 1768 2728">
     <span class='ocr_line' id='line_1_41' title="bbox 178 2645 1768 2728; baseline 0.013 -35"><span class='ocrx_word' id='word_1_314' title='bbox 178 2645 230 2693; x_wconf 77' lang='lat' dir='ltr'><strong>in</strong></span> <span class='ocrx_word' id='word_1_315' title='bbox 257 2646 412 2710; x_wconf 79' lang='lat' dir='ltr'><strong>ipso;</strong></span> <span class='ocrx_word' id='word_1_316' title='bbox 447 2656 504 2699; x_wconf 89' lang='lat' dir='ltr'><strong>et</strong></span> <span class='ocrx_word' id='word_1_317' title='bbox 534 2646 589 2700; x_wconf 88' lang='lat' dir='ltr'><strong>in</strong></span> <span class='ocrx_word' id='word_1_318' title='bbox 619 2650 848 2717; x_wconf 83' lang='lat' dir='ltr'><strong>psalmis</strong></span> <span class='ocrx_word' id='word_1_319' title='bbox 876 2669 889 2707; x_wconf 91' lang='lat'>:</span> <span class='ocrx_word' id='word_1_320' title='bbox 923 2653 1026 2717; x_wconf 84' lang='lat' dir='ltr'><strong>Qui</strong></span> <span class='ocrx_word' id='word_1_321' title='bbox 1049 2653 1198 2722; x_wconf 74' lang='lat' dir='ltr'><strong>ﬁngit</strong></span> <span class='ocrx_word' id='word_1_322' title='bbox 1227 2671 1317 2722; x_wconf 84' lang='lat' dir='ltr'><strong>per</strong></span> <span class='ocrx_word' id='word_1_323' title='bbox 1344 2659 1581 2728; x_wconf 80' lang='lat' dir='ltr'><strong>singulos</strong></span> <span class='ocrx_word' id='word_1_324' title='bbox 1607 2663 1768 2715; x_wconf 86' lang='lat' dir='ltr'><strong>corda</strong></span> 
     </span>
    </p>
   </div>
   <div class='ocr_carea' id='block_1_42' title="bbox 176 2739 1767 2816">
    <p class='ocr_par' dir='ltr' id='par_1_42' title="bbox 176 2739 1767 2816">
     <span class='ocr_line' id='line_1_42' title="bbox 176 2739 1767 2816; baseline 0.014 -28"><span class='ocrx_word' id='word_1_325' title='bbox 176 2753 358 2790; x_wconf 75' lang='lat' dir='ltr'><strong>eorum</strong></span> <span class='ocrx_word' id='word_1_326' title='bbox 403 2739 580 2808; x_wconf 79' lang='lat' dir='ltr'><strong>(Psal.</strong></span> <span class='ocrx_word' id='word_1_327' title='bbox 620 2758 783 2809; x_wconf 75' lang='lat' dir='ltr'><strong>xuii,</strong></span> <span class='ocrx_word' id='word_1_328' title='bbox 825 2745 936 2810; x_wconf 79' lang='lat' dir='ltr'><strong>l5),</strong></span> <span class='ocrx_word' id='word_1_329' title='bbox 987 2749 1229 2816; x_wconf 88' lang='lat' dir='ltr'><strong>quotidie</strong></span> <span class='ocrx_word' id='word_1_330' title='bbox 1278 2750 1415 2806; x_wconf 86' lang='lat' dir='ltr'><strong>Deus</strong></span> <span class='ocrx_word' id='word_1_331' title='bbox 1463 2755 1767 2810; x_wconf 76' lang='lat' dir='ltr'><strong>fabricatur</strong></span> 
     </span>
    </p>
   </div>
   <div class='ocr_carea' id='block_1_43' title="bbox 175 2829 1766 2902">
    <p class='ocr_par' dir='ltr' id='par_1_43' title="bbox 175 2829 1766 2902">
     <span class='ocr_line' id='line_1_43' title="bbox 175 2829 1766 2902; baseline 0.014 -22"><span class='ocrx_word' id='word_1_332' title='bbox 175 2829 395 2886; x_wconf 84' lang='lat' dir='ltr'><strong>animas</strong></span> <span class='ocrx_word' id='word_1_333' title='bbox 436 2848 453 2884; x_wconf 91' lang='lat'>:</span> <span class='ocrx_word' id='word_1_334' title='bbox 490 2834 649 2901; x_wconf 88' lang='lat' dir='ltr'><strong>cujus</strong></span> <span class='ocrx_word' id='word_1_335' title='bbox 692 2837 824 2891; x_wconf 83' lang='lat' dir='ltr'><strong>velle</strong></span> <span class='ocrx_word' id='word_1_336' title='bbox 867 2837 1056 2894; x_wconf 74' lang='lat' dir='ltr'><strong>li-cisse</strong></span> <span class='ocrx_word' id='word_1_337' title='bbox 1104 2851 1211 2900; x_wconf 80' lang='lat' dir='ltr'><strong>est.</strong></span> <span class='ocrx_word' id='word_1_338' title='bbox 1248 2853 1299 2895; x_wconf 88' lang='lat' dir='ltr'><strong>et</strong></span> <span class='ocrx_word' id='word_1_339' title='bbox 1343 2845 1596 2899; x_wconf 84' lang='lat' dir='ltr'><strong>conditur</strong></span> <span class='ocrx_word' id='word_1_340' title='bbox 1646 2863 1766 2902; x_wconf 87' lang='lat' dir='ltr'><strong>esse</strong></span> 
     </span>
    </p>
   </div>
   <div class='ocr_carea' id='block_1_44' title="bbox 179 2925 1762 3003">
    <p class='ocr_par' dir='ltr' id='par_1_44' title="bbox 179 2925 1762 3003">
     <span class='ocr_line' id='line_1_44' title="bbox 179 2925 1762 3003; baseline 0.013 -31"><span class='ocrx_word' id='word_1_341' title='bbox 179 2939 284 2975; x_wconf 88' lang='lat' dir='ltr'><strong>non</strong></span> <span class='ocrx_word' id='word_1_342' title='bbox 325 2925 562 2979; x_wconf 83' lang='lat' dir='ltr'><strong>cessat?</strong></span> <span class='ocrx_word' id='word_1_343' title='bbox 602 2925 727 2980; x_wconf 85' lang='lat' dir='ltr'><strong>Scio</strong></span> <span class='ocrx_word' id='word_1_344' title='bbox 757 2944 876 2997; x_wconf 78' lang='lat' dir='ltr'><strong>qua:</strong></span> <span class='ocrx_word' id='word_1_345' title='bbox 905 2939 1098 2985; x_wconf 88' lang='lat' dir='ltr'><strong>contra</strong></span> <span class='ocrx_word' id='word_1_346' title='bbox 1145 2935 1257 2988; x_wconf 71' lang='lat' dir='ltr'><strong>haec</strong></span> <span class='ocrx_word' id='word_1_347' title='bbox 1302 2936 1526 2993; x_wconf 85' lang='lat' dir='ltr'><strong>soleatis</strong></span> <span class='ocrx_word' id='word_1_348' title='bbox 1557 2938 1762 3003; x_wconf 90' lang='lat' dir='ltr'><strong>dicere,</strong></span> 
     </span>
    </p>
   </div>
   <div class='ocr_carea' id='block_1_45' title="bbox 177 3018 1762 3098">
    <p class='ocr_par' dir='ltr' id='par_1_45' title="bbox 177 3018 1762 3098">
     <span class='ocr_line' id='line_1_45' title="bbox 177 3018 1762 3098; baseline 0.011 -31"><span class='ocrx_word' id='word_1_349' title='bbox 177 3028 230 3070; x_wconf 85' lang='lat' dir='ltr'><strong>et</strong></span> <span class='ocrx_word' id='word_1_350' title='bbox 264 3018 544 3071; x_wconf 86' lang='lat' dir='ltr'><strong>adulteria</strong></span> <span class='ocrx_word' id='word_1_351' title='bbox 594 3020 751 3074; x_wconf 91' lang='lat' dir='ltr'><strong>nobis</strong></span> <span class='ocrx_word' id='word_1_352' title='bbox 782 3030 946 3090; x_wconf 87' lang='lat' dir='ltr'><strong>atque</strong></span> <span class='ocrx_word' id='word_1_353' title='bbox 993 3027 1198 3079; x_wconf 83' lang='lat' dir='ltr'><strong>incesta</strong></span> <span class='ocrx_word' id='word_1_354' title='bbox 1255 3043 1595 3096; x_wconf 82' lang='lat' dir='ltr'><strong>proponere;</strong></span> <span class='ocrx_word' id='word_1_355' title='bbox 1643 3049 1762 3098; x_wconf 71' lang='lat' dir='ltr'><strong>(IlliB</strong></span> 
     </span>
    </p>
   </div>
   <div class='ocr_carea' id='block_1_46' title="bbox 175 3107 1753 3190">
    <p class='ocr_par' dir='ltr' id='par_1_46' title="bbox 175 3107 1753 3190">
     <span class='ocr_line' id='line_1_46' title="bbox 175 3107 1753 3190; baseline 0.012 -31"><span class='ocrx_word' id='word_1_356' title='bbox 175 3107 393 3176; x_wconf 80' lang='lat' dir='ltr'><strong>longior</strong></span> <span class='ocrx_word' id='word_1_357' title='bbox 425 3126 607 3178; x_wconf 78' lang='lat' dir='ltr'><strong>pugna</strong></span> <span class='ocrx_word' id='word_1_358' title='bbox 639 3122 742 3174; x_wconf 85' lang='lat' dir='ltr'><strong>est,</strong></span> <span class='ocrx_word' id='word_1_359' title='bbox 778 3129 878 3168; x_wconf 91' lang='lat' dir='ltr'><strong>nec</strong></span> <span class='ocrx_word' id='word_1_360' title='bbox 912 3115 1072 3183; x_wconf 87' lang='lat' dir='ltr'><strong>hujus</strong></span> <span class='ocrx_word' id='word_1_361' title='bbox 1123 3121 1382 3186; x_wconf 77' lang='lat' dir='ltr'><strong>temporis</strong></span> <span class='ocrx_word' id='word_1_362' title='bbox 1419 3123 1624 3190; x_wconf 82' lang='lat' dir='ltr'><strong>patitur</strong></span> <span class='ocrx_word' id='word_1_363' title='bbox 1655 3139 1753 3177; x_wconf 88' lang='lat' dir='ltr'><strong>an-</strong></span> 
     </span>
    </p>
   </div>
   <div class='ocr_carea' id='block_1_47' title="bbox 173 3199 1761 3282">
    <p class='ocr_par' dir='ltr' id='par_1_47' title="bbox 173 3199 1761 3282">
     <span class='ocr_line' id='line_1_47' title="bbox 173 3199 1761 3282; baseline 0.012 -35"><span class='ocrx_word' id='word_1_364' title='bbox 173 3201 408 3265; x_wconf 75' lang='lat' dir='ltr'><strong>gustias.</strong></span> <span class='ocrx_word' id='word_1_365' title='bbox 466 3199 668 3255; x_wconf 72' lang='lat' dir='ltr'><strong>Eadem</strong></span> <span class='ocrx_word' id='word_1_366' title='bbox 719 3211 1093 3262; x_wconf 84' lang='lat' dir='ltr'><strong>controversia</strong></span> <span class='ocrx_word' id='word_1_367' title='bbox 1130 3219 1181 3263; x_wconf 91' lang='lat' dir='ltr'><strong>et</strong></span> <span class='ocrx_word' id='word_1_368' title='bbox 1224 3210 1275 3265; x_wconf 85' lang='lat' dir='ltr'><strong>in</strong></span> <span class='ocrx_word' id='word_1_369' title='bbox 1318 3226 1413 3266; x_wconf 88' lang='lat' dir='ltr'><strong>vos</strong></span> <span class='ocrx_word' id='word_1_370' title='bbox 1459 3215 1761 3282; x_wconf 78' lang='lat' dir='ltr'><strong>retorqueri</strong></span> 
     </span>
    </p>
   </div>
   <div class='ocr_carea' id='block_1_48' title="bbox 177 3295 1764 3372">
    <p class='ocr_par' dir='ltr' id='par_1_48' title="bbox 177 3295 1764 3372">
     <span class='ocr_line' id='line_1_48' title="bbox 177 3295 1764 3372; baseline 0.013 -31"><span class='ocrx_word' id='word_1_371' title='bbox 177 3302 357 3356; x_wconf 85' lang='lat' dir='ltr'><strong>potest</strong></span> <span class='ocrx_word' id='word_1_372' title='bbox 409 3308 424 3344; x_wconf 90' lang='lat'><strong>:</strong></span> <span class='ocrx_word' id='word_1_373' title='bbox 469 3303 527 3344; x_wconf 85' lang='lat' dir='ltr'><strong>et</strong></span> <span class='ocrx_word' id='word_1_374' title='bbox 580 3295 950 3365; x_wconf 74' lang='lat' dir='ltr'><strong>quodcunque</strong></span> <span class='ocrx_word' id='word_1_375' title='bbox 998 3301 1049 3351; x_wconf 93' lang='lat' dir='ltr'><strong>in</strong></span> <span class='ocrx_word' id='word_1_376' title='bbox 1099 3300 1445 3355; x_wconf 85' lang='lat' dir='ltr'><strong>Conditorem</strong></span> <span class='ocrx_word' id='word_1_377' title='bbox 1483 3308 1764 3372; x_wconf 67' lang='lat' dir='ltr'><strong>praesentis</strong></span> 
     </span>
    </p>
   </div>
   <div class='ocr_carea' id='block_1_49' title="bbox 178 3386 1765 3456">
    <p class='ocr_par' dir='ltr' id='par_1_49' title="bbox 178 3386 1765 3456">
     <span class='ocr_line' id='line_1_49' title="bbox 178 3386 1765 3456; baseline 0.012 -23"><span class='ocrx_word' id='word_1_378' title='bbox 178 3386 449 3453; x_wconf 84' lang='lat' dir='ltr'><strong>temporis</strong></span> <span class='ocrx_word' id='word_1_379' title='bbox 475 3386 692 3439; x_wconf 76' lang='lat' dir='ltr'><strong>videtur</strong></span> <span class='ocrx_word' id='word_1_380' title='bbox 720 3387 1002 3456; x_wconf 78' lang='lat' dir='ltr'><strong>indignum</strong></span> <span class='ocrx_word' id='word_1_381' title='bbox 1033 3390 1073 3456; x_wconf 67' lang='grc'><strong>⁸,</strong></span> <span class='ocrx_word' id='word_1_382' title='bbox 1108 3392 1211 3446; x_wconf 87' lang='lat' dir='ltr'><strong>hoc</strong></span> <span class='ocrx_word' id='word_1_383' title='bbox 1239 3396 1402 3447; x_wconf 83' lang='lat' dir='ltr'><strong>etiam</strong></span> <span class='ocrx_word' id='word_1_384' title='bbox 1433 3410 1499 3450; x_wconf 89' lang='lat' dir='ltr'><strong>eo</strong></span> <span class='ocrx_word' id='word_1_385' title='bbox 1527 3397 1765 3452; x_wconf 85' lang='lat' dir='ltr'><strong>donante</strong></span> 
     </span>
    </p>
   </div>
   <div class='ocr_carea' id='block_1_50' title="bbox 173 3479 1760 3557">
    <p class='ocr_par' dir='ltr' id='par_1_50' title="bbox 173 3479 1760 3557">
     <span class='ocr_line' id='line_1_50' title="bbox 173 3479 1760 3557; baseline 0.012 -31"><span class='ocrx_word' id='word_1_386' title='bbox 173 3490 278 3529; x_wconf 90' lang='lat' dir='ltr'><strong>non</strong></span> <span class='ocrx_word' id='word_1_387' title='bbox 312 3487 399 3530; x_wconf 89' lang='lat' dir='ltr'><strong>est</strong></span> <span class='ocrx_word' id='word_1_388' title='bbox 449 3479 773 3548; x_wconf 80' lang='lat' dir='ltr'><strong>indignum.</strong></span> <span class='ocrx_word' id='word_1_389' title='bbox 829 3481 989 3537; x_wconf 84' lang='lat' dir='ltr'><strong>Nasci</strong></span> <span class='ocrx_word' id='word_1_390' title='bbox 1043 3484 1111 3539; x_wconf 92' lang='lat' dir='ltr'><strong>de</strong></span> <span class='ocrx_word' id='word_1_391' title='bbox 1145 3485 1438 3550; x_wconf 84' lang='lat' dir='ltr'><strong>adulterio,</strong></span> <span class='ocrx_word' id='word_1_392' title='bbox 1494 3504 1599 3542; x_wconf 92' lang='lat' dir='ltr'><strong>non</strong></span> <span class='ocrx_word' id='word_1_393' title='bbox 1640 3490 1760 3557; x_wconf 87' lang='lat' dir='ltr'><strong>ejus</strong></span> 
     </span>
    </p>
   </div>
   <div class='ocr_carea' id='block_1_51' title="bbox 170 3570 1758 3651">
    <p class='ocr_par' dir='ltr' id='par_1_51' title="bbox 170 3570 1758 3651">
     <span class='ocr_line' id='line_1_51' title="bbox 170 3570 1758 3651; baseline 0.01 -29"><span class='ocrx_word' id='word_1_394' title='bbox 170 3570 332 3636; x_wconf 82' lang='lat' dir='ltr'><strong>culpa</strong></span> <span class='ocrx_word' id='word_1_395' title='bbox 363 3581 450 3625; x_wconf 89' lang='lat' dir='ltr'><strong>est</strong></span> <span class='ocrx_word' id='word_1_396' title='bbox 480 3572 574 3640; x_wconf 87' lang='lat' dir='ltr'><strong>qui</strong></span> <span class='ocrx_word' id='word_1_397' title='bbox 606 3575 876 3636; x_wconf 82' lang='lat' dir='ltr'><strong>nascitur,</strong></span> <span class='ocrx_word' id='word_1_398' title='bbox 919 3577 1010 3630; x_wconf 89' lang='lat' dir='ltr'><strong>sed</strong></span> <span class='ocrx_word' id='word_1_399' title='bbox 1043 3577 1190 3632; x_wconf 88' lang='lat' dir='ltr'><strong>illius</strong></span> <span class='ocrx_word' id='word_1_400' title='bbox 1215 3578 1381 3650; x_wconf 66' lang='grc'><strong>428</strong></span> <span class='ocrx_word' id='word_1_401' title='bbox 1403 3583 1492 3650; x_wconf 90' lang='lat' dir='ltr'><strong>qui</strong></span> <span class='ocrx_word' id='word_1_402' title='bbox 1519 3593 1758 3651; x_wconf 80' lang='lat' dir='ltr'><strong>generat.</strong></span> 
     </span>
    </p>
   </div>
   <div class='ocr_carea' id='block_1_52' title="bbox 171 3660 1756 3742">
    <p class='ocr_par' dir='ltr' id='par_1_52' title="bbox 171 3660 1756 3742">
     <span class='ocr_line' id='line_1_52' title="bbox 171 3660 1756 3742; baseline 0.01 -29"><span class='ocrx_word' id='word_1_403' title='bbox 171 3660 466 3727; x_wconf 85' lang='lat' dir='ltr'><strong>Quomodo</strong></span> <span class='ocrx_word' id='word_1_404' title='bbox 500 3664 554 3716; x_wconf 92' lang='lat' dir='ltr'><strong>in</strong></span> <span class='ocrx_word' id='word_1_405' title='bbox 581 3667 885 3721; x_wconf 82' lang='lat' dir='ltr'><strong>seminibus</strong></span> <span class='ocrx_word' id='word_1_406' title='bbox 915 3684 1019 3722; x_wconf 92' lang='lat' dir='ltr'><strong>non</strong></span> <span class='ocrx_word' id='word_1_407' title='bbox 1049 3683 1236 3738; x_wconf 83' lang='lat' dir='ltr'><strong>peccat</strong></span> <span class='ocrx_word' id='word_1_408' title='bbox 1263 3683 1404 3726; x_wconf 87' lang='lat' dir='ltr'><strong>terra</strong></span> <span class='ocrx_word' id='word_1_409' title='bbox 1431 3690 1551 3742; x_wconf 77' lang='lat' dir='ltr'><strong>quae</strong></span> <span class='ocrx_word' id='word_1_410' title='bbox 1589 3675 1756 3741; x_wconf 55' lang='lat' dir='ltr'><strong>(citet,</strong></span> 
     </span>
    </p>
   </div>
   <div class='ocr_carea' id='block_1_53' title="bbox 172 3757 1760 3830">
    <p class='ocr_par' dir='ltr' id='par_1_53' title="bbox 172 3757 1760 3830">
     <span class='ocr_line' id='line_1_53' title="bbox 172 3757 1760 3830; baseline 0.009 -26"><span class='ocrx_word' id='word_1_411' title='bbox 172 3771 280 3807; x_wconf 89' lang='lat' dir='ltr'><strong>non</strong></span> <span class='ocrx_word' id='word_1_412' title='bbox 330 3770 525 3808; x_wconf 87' lang='lat' dir='ltr'><strong>semen</strong></span> <span class='ocrx_word' id='word_1_413' title='bbox 559 3757 704 3825; x_wconf 88' lang='lat' dir='ltr'><strong>quod</strong></span> <span class='ocrx_word' id='word_1_414' title='bbox 749 3757 802 3811; x_wconf 94' lang='lat' dir='ltr'><strong>in</strong></span> <span class='ocrx_word' id='word_1_415' title='bbox 845 3759 1029 3814; x_wconf 79' lang='lat' dir='ltr'><strong>sulcos</strong></span> <span class='ocrx_word' id='word_1_416' title='bbox 1067 3760 1290 3830; x_wconf 89' lang='lat' dir='ltr'><strong>jacitiir,</strong></span> <span class='ocrx_word' id='word_1_417' title='bbox 1330 3778 1438 3816; x_wconf 89' lang='lat' dir='ltr'><strong>non</strong></span> <span class='ocrx_word' id='word_1_418' title='bbox 1479 3764 1672 3818; x_wconf 88' lang='lat' dir='ltr'><strong>humor</strong></span> <span class='ocrx_word' id='word_1_419' title='bbox 1707 3776 1760 3819; x_wconf 90' lang='lat' dir='ltr'><strong>et</strong></span> 
     </span>
    </p>
   </div>
   <div class='ocr_carea' id='block_1_54' title="bbox 170 3847 1760 3924">
    <p class='ocr_par' dir='ltr' id='par_1_54' title="bbox 170 3847 1760 3924">
     <span class='ocr_line' id='line_1_54' title="bbox 170 3847 1760 3924; baseline 0.011 -31"><span class='ocrx_word' id='word_1_420' title='bbox 170 3847 345 3909; x_wconf 74' lang='lat' dir='ltr'><strong>calor,</strong></span> <span class='ocrx_word' id='word_1_421' title='bbox 383 3847 589 3914; x_wconf 81' lang='lat' dir='ltr'><strong>quibus</strong></span> <span class='ocrx_word' id='word_1_422' title='bbox 620 3855 918 3916; x_wconf 88' lang='lat' dir='ltr'><strong>temperata</strong></span> <span class='ocrx_word' id='word_1_423' title='bbox 954 3849 1224 3906; x_wconf 84' lang='lat' dir='ltr'><strong>frumenta</strong></span> <span class='ocrx_word' id='word_1_424' title='bbox 1256 3855 1308 3906; x_wconf 89' lang='lat' dir='ltr'><strong>in</strong></span> <span class='ocrx_word' id='word_1_425' title='bbox 1369 3870 1586 3922; x_wconf 80' lang='lat' dir='ltr'><strong>germen</strong></span> <span class='ocrx_word' id='word_1_426' title='bbox 1643 3857 1760 3924; x_wconf 92' lang='lat' dir='ltr'><strong>pul-</strong></span> 
     </span>
    </p>
   </div>
   <div class='ocr_carea' id='block_1_55' title="bbox 171 3938 1760 4015">
    <p class='ocr_par' dir='ltr' id='par_1_55' title="bbox 171 3938 1760 4015">
     <span class='ocr_line' id='line_1_55' title="bbox 171 3938 1760 4015; baseline 0.008 -26"><span class='ocrx_word' id='word_1_427' title='bbox 171 3939 347 3990; x_wconf 88' lang='lat' dir='ltr'><strong>lulant</strong></span> <span class='ocrx_word' id='word_1_428' title='bbox 382 3938 505 4005; x_wconf 81' lang='lat' dir='ltr'><strong>(sed</strong></span> <span class='ocrx_word' id='word_1_429' title='bbox 553 3940 703 3993; x_wconf 83' lang='lat' dir='ltr'><strong>verbi</strong></span> <span class='ocrx_word' id='word_1_430' title='bbox 739 3941 934 4011; x_wconf 83' lang='lat' dir='ltr'><strong>gratia,</strong></span> <span class='ocrx_word' id='word_1_431' title='bbox 992 3942 1082 3996; x_wconf 88' lang='lat' dir='ltr'><strong>lur</strong></span> <span class='ocrx_word' id='word_1_432' title='bbox 1130 3951 1185 3999; x_wconf 88' lang='lat' dir='ltr'><strong>et</strong></span> <span class='ocrx_word' id='word_1_433' title='bbox 1236 3943 1380 3998; x_wconf 87' lang='lat' dir='ltr'><strong>latro</strong></span> <span class='ocrx_word' id='word_1_434' title='bbox 1424 3947 1515 4015; x_wconf 92' lang='lat' dir='ltr'><strong>qui</strong></span> <span class='ocrx_word' id='word_1_435' title='bbox 1571 3947 1760 4002; x_wconf 82' lang='lat' dir='ltr'><strong>l‘raude</strong></span> 
     </span>
    </p>
   </div>
   <div class='ocr_carea' id='block_1_56' title="bbox 169 4029 1760 4108">
    <p class='ocr_par' dir='ltr' id='par_1_56' title="bbox 169 4029 1760 4108">
     <span class='ocr_line' id='line_1_56' title="bbox 169 4029 1760 4108; baseline 0.008 -27"><span class='ocrx_word' id='word_1_436' title='bbox 169 4043 217 4082; x_wconf 80' lang='lat' dir='ltr'><strong>ei</strong></span> <span class='ocrx_word' id='word_1_437' title='bbox 251 4029 382 4100; x_wconf 78' lang='lat' dir='ltr'><strong>[AL</strong></span> <span class='ocrx_word' id='word_1_438' title='bbox 419 4031 656 4102; x_wconf 79' lang='lat' dir='ltr'><strong>exinde]</strong></span> <span class='ocrx_word' id='word_1_439' title='bbox 693 4035 742 4084; x_wconf 79' lang='lat' dir='ltr'><strong>vi</strong></span> <span class='ocrx_word' id='word_1_440' title='bbox 781 4033 946 4102; x_wconf 85' lang='lat' dir='ltr'><strong>eripit</strong></span> <span class='ocrx_word' id='word_1_441' title='bbox 987 4035 1264 4104; x_wconf 83' lang='lat' dir='ltr'><strong>semina),</strong></span> <span class='ocrx_word' id='word_1_442' title='bbox 1330 4037 1408 4090; x_wconf 91' lang='lat' dir='ltr'><strong>sic</strong></span> <span class='ocrx_word' id='word_1_443' title='bbox 1442 4037 1493 4091; x_wconf 93' lang='lat' dir='ltr'><strong>iu</strong></span> <span class='ocrx_word' id='word_1_444' title='bbox 1535 4054 1760 4108; x_wconf 67' lang='lat' dir='ltr'><strong>genera-</strong></span> 
     </span>
    </p>
   </div>
   <div class='ocr_carea' id='block_1_57' title="bbox 173 4121 1757 4198">
    <p class='ocr_par' dir='ltr' id='par_1_57' title="bbox 173 4121 1757 4198">
     <span class='ocr_line' id='line_1_57' title="bbox 173 4121 1757 4198; baseline 0.009 -26"><span class='ocrx_word' id='word_1_445' title='bbox 173 4124 321 4176; x_wconf 88' lang='lat' dir='ltr'><strong>tione</strong></span> <span class='ocrx_word' id='word_1_446' title='bbox 347 4123 635 4176; x_wconf 86' lang='lat' dir='ltr'><strong>hominum</strong></span> <span class='ocrx_word' id='word_1_447' title='bbox 659 4121 678 4194; x_wconf 79' lang='lat'><strong>[</strong></span> <span class='ocrx_word' id='word_1_448' title='bbox 699 4124 783 4176; x_wconf 75' lang='lat' dir='ltr'><strong>Al.</strong></span> <span class='ocrx_word' id='word_1_449' title='bbox 813 4140 984 4192; x_wconf 77' lang='lat' dir='ltr'><strong>genus</strong></span> <span class='ocrx_word' id='word_1_450' title='bbox 1008 4126 1346 4198; x_wconf 87' lang='lat' dir='ltr'><strong>humanum]</strong></span> <span class='ocrx_word' id='word_1_451' title='bbox 1371 4132 1561 4198; x_wconf 90' lang='lat' dir='ltr'><strong>recipit</strong></span> <span class='ocrx_word' id='word_1_452' title='bbox 1591 4141 1757 4198; x_wconf 88' lang='lat' dir='ltr'><strong>terra,</strong></span> 
     </span>
    </p>
   </div>
   <div class='ocr_carea' id='block_1_58' title="bbox 171 4213 1753 4292">
    <p class='ocr_par' dir='ltr' id='par_1_58' title="bbox 171 4213 1753 4292">
     <span class='ocr_line' id='line_1_58' title="bbox 171 4213 1753 4292; baseline 0.009 -27"><span class='ocrx_word' id='word_1_453' title='bbox 171 4213 358 4274; x_wconf 82' lang='lat' dir='ltr'><strong>idest,</strong></span> <span class='ocrx_word' id='word_1_454' title='bbox 387 4217 548 4268; x_wconf 74' lang='lat' dir='ltr'><strong>vulva</strong></span> <span class='ocrx_word' id='word_1_455' title='bbox 572 4217 718 4283; x_wconf 86' lang='lat' dir='ltr'><strong>quod</strong></span> <span class='ocrx_word' id='word_1_456' title='bbox 753 4232 913 4269; x_wconf 90' lang='lat' dir='ltr'><strong>suum</strong></span> <span class='ocrx_word' id='word_1_457' title='bbox 936 4229 1012 4271; x_wconf 75' lang='grc' dir='ltr'><strong>εει</strong></span> <span class='ocrx_word' id='word_1_458' title='bbox 1038 4234 1054 4284; x_wconf 89' lang='lat'><strong>;</strong></span> <span class='ocrx_word' id='word_1_459' title='bbox 1081 4228 1136 4272; x_wconf 90' lang='lat' dir='ltr'><strong>et</strong></span> <span class='ocrx_word' id='word_1_460' title='bbox 1166 4229 1450 4288; x_wconf 89' lang='lat' dir='ltr'><strong>receptum</strong></span> <span class='ocrx_word' id='word_1_461' title='bbox 1475 4225 1753 4292; x_wconf 61' lang='lat' dir='ltr'><strong>confovet,</strong></span> 
     </span>
    </p>
   </div>
   <div class='ocr_carea' id='block_1_59' title="bbox 169 4309 1754 4377">
    <p class='ocr_par' dir='ltr' id='par_1_59' title="bbox 169 4309 1754 4377">
     <span class='ocr_line' id='line_1_59' title="bbox 169 4309 1754 4377; baseline 0.007 -17"><span class='ocrx_word' id='word_1_462' title='bbox 169 4309 459 4362; x_wconf 71' lang='lat' dir='ltr'><strong>contorum</strong></span> <span class='ocrx_word' id='word_1_463' title='bbox 494 4318 774 4377; x_wconf 88' lang='lat' dir='ltr'><strong>corporat,</strong></span> <span class='ocrx_word' id='word_1_464' title='bbox 805 4321 1150 4377; x_wconf 85' lang='lat' dir='ltr'><strong>corporatuin</strong></span> <span class='ocrx_word' id='word_1_465' title='bbox 1190 4313 1242 4365; x_wconf 91' lang='lat' dir='ltr'><strong>in</strong></span> <span class='ocrx_word' id='word_1_466' title='bbox 1278 4316 1518 4366; x_wconf 83' lang='lat' dir='ltr'><strong>membra</strong></span> <span class='ocrx_word' id='word_1_467' title='bbox 1549 4316 1754 4370; x_wconf 80' lang='lat' dir='ltr'><strong>distin-</strong></span> 
     </span>
    </p>
   </div>
   <div class='ocr_carea' id='block_1_60' title="bbox 168 4397 1756 4473">
    <p class='ocr_par' dir='ltr' id='par_1_60' title="bbox 168 4397 1756 4473">
     <span class='ocr_line' id='line_1_60' title="bbox 168 4397 1756 4473; baseline 0.008 -22"><span class='ocrx_word' id='word_1_468' title='bbox 168 4400 308 4464; x_wconf 78' lang='lat' dir='ltr'><strong>guit.</strong></span> <span class='ocrx_word' id='word_1_469' title='bbox 355 4397 428 4451; x_wconf 81' lang='lat' dir='ltr'><strong>Et</strong></span> <span class='ocrx_word' id='word_1_470' title='bbox 471 4400 615 4455; x_wconf 87' lang='lat' dir='ltr'><strong>inter</strong></span> <span class='ocrx_word' id='word_1_471' title='bbox 651 4399 772 4455; x_wconf 87' lang='lat' dir='ltr'><strong>illas</strong></span> <span class='ocrx_word' id='word_1_472' title='bbox 807 4412 1047 4458; x_wconf 86' lang='lat' dir='ltr'><strong>secretas</strong></span> <span class='ocrx_word' id='word_1_473' title='bbox 1078 4404 1284 4459; x_wconf 80' lang='lat' dir='ltr'><strong>ventris</strong></span> <span class='ocrx_word' id='word_1_474' title='bbox 1326 4407 1631 4473; x_wconf 84' lang='lat' dir='ltr'><strong>angustias.</strong></span> <span class='ocrx_word' id='word_1_475' title='bbox 1662 4407 1756 4464; x_wconf 88' lang='lat' dir='ltr'><strong>Dei</strong></span> 
     </span>
    </p>
   </div>
   <div class='ocr_carea' id='block_1_61' title="bbox 167 4493 1754 4566">
    <p class='ocr_par' dir='ltr' id='par_1_61' title="bbox 167 4493 1754 4566">
     <span class='ocr_line' id='line_1_61' title="bbox 167 4493 1754 4566; baseline 0.006 -22"><span class='ocrx_word' id='word_1_476' title='bbox 167 4506 370 4545; x_wconf 84' lang='lat' dir='ltr'><strong>manus</strong></span> <span class='ocrx_word' id='word_1_477' title='bbox 413 4507 632 4561; x_wconf 86' lang='lat' dir='ltr'><strong>semper</strong></span> <span class='ocrx_word' id='word_1_478' title='bbox 665 4503 926 4562; x_wconf 83' lang='lat' dir='ltr'><strong>operatur</strong></span> <span class='ocrx_word' id='word_1_479' title='bbox 964 4512 980 4548; x_wconf 87' lang='lat'><strong><em>:</em></strong></span> <span class='ocrx_word' id='word_1_480' title='bbox 1018 4493 1272 4564; x_wconf 82' lang='lat' dir='ltr'><strong>idemque</strong></span> <span class='ocrx_word' id='word_1_481' title='bbox 1312 4503 1397 4550; x_wconf 86' lang='lat' dir='ltr'><strong>est</strong></span> <span class='ocrx_word' id='word_1_482' title='bbox 1426 4501 1673 4566; x_wconf 89' lang='lat' dir='ltr'><strong>corporis</strong></span> <span class='ocrx_word' id='word_1_483' title='bbox 1701 4509 1754 4553; x_wconf 92' lang='lat' dir='ltr'><strong>et</strong></span> 
     </span>
    </p>
   </div>
   <div class='ocr_carea' id='block_1_62' title="bbox 241 4581 1830 4675">
    <p class='ocr_par' dir='ltr' id='par_1_62' title="bbox 241 4581 1830 4675">
     <span class='ocr_line' id='line_1_62' title="bbox 241 4581 1830 4675; baseline 0.004 -19"><span class='ocrx_word' id='word_1_484' title='bbox 241 4608 256 4635; x_wconf 90' lang='lat'><strong><em>‘</em></strong></span> <span class='ocrx_word' id='word_1_485' title='bbox 293 4604 427 4658; x_wconf 77' lang='lat' dir='ltr'><strong>Vid.</strong></span> <span class='ocrx_word' id='word_1_486' title='bbox 457 4605 501 4657; x_wconf 89' lang='lat' dir='ltr'><strong>si</strong></span> <span class='ocrx_word' id='word_1_487' title='bbox 541 4605 690 4660; x_wconf 87' lang='lat' dir='ltr'><strong>lubet</strong></span> <span class='ocrx_word' id='word_1_488' title='bbox 719 4606 877 4675; x_wconf 83' lang='lat' dir='ltr'><strong>epist.</strong></span> <span class='ocrx_word' id='word_1_489' title='bbox 916 4606 976 4661; x_wconf 88' lang='lat'><strong>8|</strong></span> <span class='ocrx_word' id='word_1_490' title='bbox 1015 4608 1068 4660; x_wconf 91' lang='lat' dir='ltr'><strong>in</strong></span> <span class='ocrx_word' id='word_1_491' title='bbox 1103 4615 1286 4675; x_wconf 72' lang='lat' dir='ltr'><strong>nostra</strong></span> <span class='ocrx_word' id='word_1_492' title='bbox 1323 4607 1645 4661; x_wconf 89' lang='lat' dir='ltr'><strong>recensione</strong></span> <span class='ocrx_word' id='word_1_493' title='bbox 1681 4611 1748 4662; x_wconf 89' lang='lat' dir='ltr'><strong>de</strong></span> <span class='ocrx_word' id='word_1_494' title='bbox 1779 4581 1830 4640; x_wconf 72' lang='grc' dir='ltr'>ο</span> 
     </span>
    </p>
   </div>
   <div class='ocr_carea' id='block_1_63' title="bbox 169 4674 1750 4747">
    <p class='ocr_par' dir='ltr' id='par_1_63' title="bbox 169 4674 1750 4747">
     <span class='ocr_line' id='line_1_63' title="bbox 169 4674 1750 4747; baseline 0.002 -19"><span class='ocrx_word' id='word_1_495' title='bbox 169 4674 894 4747; x_wconf 55' lang='grc' dir='ltr'>ειιὶηιειι-ιιιῐιοινιεὶιιεζὶιοι</span> <span class='ocrx_word' id='word_1_496' title='bbox 925 4679 1048 4731; x_wconf 89' lang='lat' dir='ltr'><strong>cod.</strong></span> <span class='ocrx_word' id='word_1_497' title='bbox 1077 4676 1134 4730; x_wconf 91' lang='lat' dir='ltr'><strong>S.</strong></span> <span class='ocrx_word' id='word_1_498' title='bbox 1166 4674 1358 4730; x_wconf 89' lang='lat' dir='ltr'><strong>Crucis</strong></span> <span class='ocrx_word' id='word_1_499' title='bbox 1390 4677 1656 4747; x_wconf 81' lang='lat' dir='ltr'><strong>paulatim</strong></span> <span class='ocrx_word' id='word_1_500' title='bbox 1683 4680 1750 4731; x_wconf 81' lang='lat' dir='ltr'><strong>ad</strong></span> 
     </span>
    </p>
   </div>
   <div class='ocr_carea' id='block_1_64' title="bbox 170 4744 804 4814">
    <p class='ocr_par' dir='ltr' id='par_1_64' title="bbox 170 4744 804 4814">
     <span class='ocr_line' id='line_1_64' title="bbox 170 4744 804 4814; baseline 0.003 -16"><span class='ocrx_word' id='word_1_501' title='bbox 170 4757 387 4798; x_wconf 83' lang='lat' dir='ltr'><strong>terrena</strong></span> <span class='ocrx_word' id='word_1_502' title='bbox 419 4744 672 4814; x_wconf 67' lang='lat' dir='ltr'><strong>delapsa,</strong></span> <span class='ocrx_word' id='word_1_503' title='bbox 698 4757 804 4800; x_wconf 87' lang='lat' dir='ltr'><strong>etc.</strong></span> 
     </span>
    </p>
   </div>
   <div class='ocr_carea' id='block_1_65' title="bbox 241 4815 1748 4885">
    <p class='ocr_par' dir='ltr' id='par_1_65' title="bbox 241 4815 1748 4885">
     <span class='ocr_line' id='line_1_65' title="bbox 241 4815 1748 4885; baseline 0.005 -21"><span class='ocrx_word' id='word_1_504' title='bbox 241 4819 261 4848; x_wconf 75' lang='lat'>&#39;</span> <span class='ocrx_word' id='word_1_505' title='bbox 316 4817 522 4866; x_wconf 74' lang='lat' dir='ltr'><strong>Deerat</strong></span> <span class='ocrx_word' id='word_1_506' title='bbox 566 4832 728 4878; x_wconf 82' lang='lat' dir='ltr'><strong>meus,</strong></span> <span class='ocrx_word' id='word_1_507' title='bbox 766 4816 906 4884; x_wconf 92' lang='lat' dir='ltr'><strong>quod</strong></span> <span class='ocrx_word' id='word_1_508' title='bbox 951 4818 1163 4885; x_wconf 85' lang='lat' dir='ltr'><strong>supplet</strong></span> <span class='ocrx_word' id='word_1_509' title='bbox 1213 4831 1315 4868; x_wconf 89' lang='lat' dir='ltr'><strong>ins.</strong></span> <span class='ocrx_word' id='word_1_510' title='bbox 1371 4815 1561 4872; x_wconf 67' lang='lat' dir='ltr'><strong>Grmco</strong></span> <span class='ocrx_word' id='word_1_511' title='bbox 1599 4829 1748 4872; x_wconf 74' lang='lat' dir='ltr'><strong>textu</strong></span> 
     </span>
    </p>
   </div>
   <div class='ocr_carea' id='block_1_66' title="bbox 166 4885 1751 4944">
    <p class='ocr_par' dir='ltr' id='par_1_66' title="bbox 166 4885 1751 4944">
     <span class='ocr_line' id='line_1_66' title="bbox 166 4885 1751 4944; baseline 0.004 -7"><span class='ocrx_word' id='word_1_512' title='bbox 166 4891 537 4939; x_wconf 84' lang='lat' dir='ltr'><strong>assentiente.</strong></span> <span class='ocrx_word' id='word_1_513' title='bbox 581 4885 682 4937; x_wconf 81' lang='lat' dir='ltr'><strong>Pro</strong></span> <span class='ocrx_word' id='word_1_514' title='bbox 718 4885 880 4939; x_wconf 74' lang='lat' dir='ltr'><strong>huic</strong></span> <span class='ocrx_word' id='word_1_515' title='bbox 918 4896 1097 4939; x_wconf 88' lang='lat' dir='ltr'><strong>autem</strong></span> <span class='ocrx_word' id='word_1_516' title='bbox 1159 4885 1433 4940; x_wconf 80' lang='lat' dir='ltr'><strong>Victorius</strong></span> <span class='ocrx_word' id='word_1_517' title='bbox 1471 4887 1751 4944; x_wconf 70' lang='lat' dir='ltr'><strong>lae/tario:</strong></span> 
     </span>
    </p>
   </div>
   <div class='ocr_carea' id='block_1_67' title="bbox 168 4955 1750 5027">
    <p class='ocr_par' dir='ltr' id='par_1_67' title="bbox 168 4955 1750 5027">
     <span class='ocr_line' id='line_1_67' title="bbox 168 4955 1750 5027; baseline 0.003 -20"><span class='ocrx_word' id='word_1_518' title='bbox 168 4958 325 5024; x_wconf 74' lang='lat' dir='ltr'><strong>legit,</strong></span> <span class='ocrx_word' id='word_1_519' title='bbox 365 4955 556 5027; x_wconf 77' lang='lat' dir='ltr'><strong>sicque</strong></span> <span class='ocrx_word' id='word_1_520' title='bbox 608 4958 974 5027; x_wconf 68' lang='lat' dir='ltr'><strong>reponendum</strong></span> <span class='ocrx_word' id='word_1_521' title='bbox 1008 4967 1192 5012; x_wconf 84' lang='lat' dir='ltr'><strong>monet</strong></span> <span class='ocrx_word' id='word_1_522' title='bbox 1227 4957 1577 5011; x_wconf 75' lang='lat' dir='ltr'><strong>Martiauteus</strong></span> <span class='ocrx_word' id='word_1_523' title='bbox 1610 4977 1750 5027; x_wconf 84' lang='lat' dir='ltr'><strong>quo-</strong></span> 
     </span>
    </p>
   </div>
   <div class='ocr_carea' id='block_1_68' title="bbox 165 5024 1748 5094">
    <p class='ocr_par' dir='ltr' id='par_1_68' title="bbox 165 5024 1748 5094">
     <span class='ocr_line' id='line_1_68' title="bbox 165 5024 1748 5094; baseline 0.006 -19"><span class='ocrx_word' id='word_1_524' title='bbox 165 5042 294 5093; x_wconf 89' lang='lat' dir='ltr'><strong>que,</strong></span> <span class='ocrx_word' id='word_1_525' title='bbox 347 5024 499 5092; x_wconf 87' lang='lat' dir='ltr'><strong>quod</strong></span> <span class='ocrx_word' id='word_1_526' title='bbox 537 5025 698 5091; x_wconf 83' lang='lat' dir='ltr'><strong>hujus</strong></span> <span class='ocrx_word' id='word_1_527' title='bbox 731 5028 1001 5093; x_wconf 77' lang='lat' dir='ltr'><strong>propheta:</strong></span> <span class='ocrx_word' id='word_1_528' title='bbox 1028 5030 1139 5081; x_wconf 87' lang='lat' dir='ltr'><strong>sint</strong></span> <span class='ocrx_word' id='word_1_529' title='bbox 1187 5027 1346 5082; x_wconf 88' lang='lat' dir='ltr'><strong>verba</strong></span> <span class='ocrx_word' id='word_1_530' title='bbox 1400 5043 1519 5094; x_wconf 90' lang='lat' dir='ltr'><strong>cap.</strong></span> <span class='ocrx_word' id='word_1_531' title='bbox 1563 5024 1656 5094; x_wconf 70' lang='lat' dir='ltr'><strong>xii,</strong></span> <span class='ocrx_word' id='word_1_532' title='bbox 1699 5030 1748 5087; x_wconf 87' lang='lat' dir='ltr'><strong>l.</strong></span> 
     </span>
    </p>
   </div>
   <div class='ocr_carea' id='block_1_69' title="bbox 170 5095 960 5164">
    <p class='ocr_par' dir='ltr' id='par_1_69' title="bbox 170 5095 960 5164">
     <span class='ocr_line' id='line_1_69' title="bbox 170 5095 960 5164; baseline 0.003 -17"><span class='ocrx_word' id='word_1_533' title='bbox 170 5099 235 5147; x_wconf 80' lang='lat' dir='ltr'><strong>At</strong></span> <span class='ocrx_word' id='word_1_534' title='bbox 267 5111 413 5147; x_wconf 87' lang='lat' dir='ltr'><strong>mss.</strong></span> <span class='ocrx_word' id='word_1_535' title='bbox 445 5109 554 5145; x_wconf 92' lang='lat' dir='ltr'><strong>non</strong></span> <span class='ocrx_word' id='word_1_536' title='bbox 579 5095 960 5164; x_wconf 75' lang='lat' dir='ltr'><strong>suifragantur.</strong></span> 
     </span>
    </p>
   </div>
   <div class='ocr_carea' id='block_1_70' title="bbox 237 5163 1750 5232">
    <p class='ocr_par' dir='ltr' id='par_1_70' title="bbox 237 5163 1750 5232">
     <span class='ocr_line' id='line_1_70' title="bbox 237 5163 1750 5232; baseline 0.005 -14"><span class='ocrx_word' id='word_1_537' title='bbox 237 5166 258 5196; x_wconf 83' lang='grc'>³</span> <span class='ocrx_word' id='word_1_538' title='bbox 297 5165 368 5218; x_wconf 74' lang='lat' dir='ltr'><strong>Et</strong></span> <span class='ocrx_word' id='word_1_539' title='bbox 406 5164 542 5216; x_wconf 81' lang='lat' dir='ltr'><strong>illud</strong></span> <span class='ocrx_word' id='word_1_540' title='bbox 569 5163 881 5219; x_wconf 56' lang='grc' dir='ltr'><strong>Ιεαὶιεξρτο</strong></span> <span class='ocrx_word' id='word_1_541' title='bbox 908 5165 1068 5219; x_wconf 77' lang='lat' dir='ltr'><strong>Isaia:</strong></span> <span class='ocrx_word' id='word_1_542' title='bbox 1107 5167 1392 5232; x_wconf 83' lang='lat' dir='ltr'><strong>legendum</strong></span> <span class='ocrx_word' id='word_1_543' title='bbox 1425 5168 1703 5223; x_wconf 80' lang='lat' dir='ltr'><strong>Zar/mria:</strong></span> <span class='ocrx_word' id='word_1_544' title='bbox 1732 5189 1750 5226; x_wconf 83' lang='lat'><strong>.&#39;</strong></span> 
     </span>
    </p>
   </div>
   <div class='ocr_carea' id='block_1_71' title="bbox 169 5235 1748 5306">
    <p class='ocr_par' dir='ltr' id='par_1_71' title="bbox 169 5235 1748 5306">
     <span class='ocr_line' id='line_1_71' title="bbox 169 5235 1748 5306; baseline 0.004 -19"><span class='ocrx_word' id='word_1_545' title='bbox 169 5237 284 5290; x_wconf 67' lang='lat' dir='ltr'><strong>lure</strong></span> <span class='ocrx_word' id='word_1_546' title='bbox 316 5236 468 5289; x_wconf 87' lang='lat' dir='ltr'><strong>enini</strong></span> <span class='ocrx_word' id='word_1_547' title='bbox 510 5237 672 5286; x_wconf 80' lang='lat' dir='ltr'><strong>verba</strong></span> <span class='ocrx_word' id='word_1_548' title='bbox 713 5237 852 5302; x_wconf 90' lang='lat' dir='ltr'><strong>apud</strong></span> <span class='ocrx_word' id='word_1_549' title='bbox 896 5235 1219 5306; x_wconf 79' lang='lat' dir='ltr'><strong>Zachariam</strong></span> <span class='ocrx_word' id='word_1_550' title='bbox 1268 5249 1440 5306; x_wconf 81' lang='lat' dir='ltr'><strong>posita</strong></span> <span class='ocrx_word' id='word_1_551' title='bbox 1493 5240 1748 5305; x_wconf 75' lang='lat' dir='ltr'><strong>leguntur</strong></span> 
     </span>
    </p>
   </div>
   <div class='ocr_carea' id='block_1_72' title="bbox 168 5305 1747 5379">
    <p class='ocr_par' dir='ltr' id='par_1_72' title="bbox 168 5305 1747 5379">
     <span class='ocr_line' id='line_1_72' title="bbox 168 5305 1747 5379; baseline 0.006 -23"><span class='ocrx_word' id='word_1_552' title='bbox 168 5321 291 5373; x_wconf 83' lang='lat' dir='ltr'><strong>eap.</strong></span> <span class='ocrx_word' id='word_1_553' title='bbox 330 5320 431 5364; x_wconf 75' lang='lat' dir='ltr'><strong>sit.</strong></span> <span class='ocrx_word' id='word_1_554' title='bbox 461 5306 508 5366; x_wconf 89' lang='lat' dir='ltr'><strong>l,</strong></span> <span class='ocrx_word' id='word_1_555' title='bbox 550 5309 672 5379; x_wconf 81' lang='lat' dir='ltr'><strong>licet</strong></span> <span class='ocrx_word' id='word_1_556' title='bbox 714 5307 854 5371; x_wconf 89' lang='lat' dir='ltr'><strong>apud</strong></span> <span class='ocrx_word' id='word_1_557' title='bbox 890 5305 1082 5358; x_wconf 86' lang='lat' dir='ltr'><strong>Isaiam</strong></span> <span class='ocrx_word' id='word_1_558' title='bbox 1125 5305 1286 5359; x_wconf 82' lang='lat' dir='ltr'><strong>multa</strong></span> <span class='ocrx_word' id='word_1_559' title='bbox 1335 5310 1588 5379; x_wconf 78' lang='lat' dir='ltr'><strong>dicantur</strong></span> <span class='ocrx_word' id='word_1_560' title='bbox 1623 5325 1747 5379; x_wconf 86' lang='lat' dir='ltr'><strong>cap.</strong></span> 
     </span>
    </p>
   </div>
   <div class='ocr_carea' id='block_1_73' title="bbox 169 5374 1751 5434">
    <p class='ocr_par' dir='ltr' id='par_1_73' title="bbox 169 5374 1751 5434">
     <span class='ocr_line' id='line_1_73' title="bbox 169 5374 1751 5434; baseline 0.005 -8"><span class='ocrx_word' id='word_1_561' title='bbox 169 5391 280 5428; x_wconf 69' lang='lat' dir='ltr'><strong>sui</strong></span> <span class='ocrx_word' id='word_1_562' title='bbox 322 5387 378 5427; x_wconf 84' lang='lat' dir='ltr'><strong>ei</strong></span> <span class='ocrx_word' id='word_1_563' title='bbox 418 5388 549 5434; x_wconf 78' lang='lat' dir='ltr'><strong>Lm.</strong></span> <span class='ocrx_word' id='word_1_564' title='bbox 605 5374 670 5428; x_wconf 88' lang='lat' dir='ltr'><strong>de</strong></span> <span class='ocrx_word' id='word_1_565' title='bbox 722 5379 997 5431; x_wconf 89' lang='lat' dir='ltr'><strong>creatione</strong></span> <span class='ocrx_word' id='word_1_566' title='bbox 1046 5379 1239 5432; x_wconf 77' lang='lat' dir='ltr'><strong>anima:</strong></span> <span class='ocrx_word' id='word_1_567' title='bbox 1295 5389 1347 5432; x_wconf 89' lang='lat' dir='ltr'><strong>et</strong></span> <span class='ocrx_word' id='word_1_568' title='bbox 1390 5374 1751 5434; x_wconf 82' lang='lat' dir='ltr'><strong>insumatione</strong></span> 
     </span>
    </p>
   </div>
   <div class='ocr_carea' id='block_1_74' title="bbox 408 5461 732 5498">
    <p class='ocr_par' dir='ltr' id='par_1_74' title="bbox 408 5461 732 5498">
     <span class='ocr_line' id='line_1_74' title="bbox 408 5461 732 5498; baseline 0.003 -1"><span class='ocrx_word' id='word_1_569' title='bbox 408 5484 419 5497; x_wconf 87' lang='lat'><strong>.</strong></span> <span class='ocrx_word' id='word_1_570' title='bbox 455 5461 732 5498; x_wconf 71' lang='lat' dir='ltr'><strong>MAITIAN.</strong></span> 
     </span>
    </p>
   </div>
   <div class='ocr_carea' id='block_1_75' title="bbox 167 5444 1752 5583">
    <p class='ocr_par' dir='ltr' id='par_1_75' title="bbox 167 5444 1752 5583">
     <span class='ocr_line' id='line_1_75' title="bbox 167 5444 732 5516; baseline 0 -18"><span class='ocrx_word' id='word_1_571' title='bbox 167 5446 419 5516; x_wconf 86' lang='lat' dir='ltr'><strong>spiiitus.</strong></span> <span class='ocrx_word' id='word_1_572' title='bbox 455 5444 732 5499; x_wconf 65' lang='grc' dir='ltr'>Μητιιιδι.</span> 
     </span>
     <span class='ocr_line' id='line_1_76' title="bbox 242 5514 1752 5583; baseline 0.004 -15"><span class='ocrx_word' id='word_1_573' title='bbox 242 5518 264 5546; x_wconf 76' lang='grc' dir='ltr'>δ</span> <span class='ocrx_word' id='word_1_574' title='bbox 304 5516 568 5583; x_wconf 80' lang='lat' dir='ltr'><strong>Legimus</strong></span> <span class='ocrx_word' id='word_1_575' title='bbox 618 5531 679 5570; x_wconf 77' lang='lat' dir='ltr'><strong>ex</strong></span> <span class='ocrx_word' id='word_1_576' title='bbox 713 5531 816 5569; x_wconf 90' lang='lat' dir='ltr'><strong>ms.</strong></span> <span class='ocrx_word' id='word_1_577' title='bbox 865 5514 922 5569; x_wconf 91' lang='lat' dir='ltr'><strong>S.</strong></span> <span class='ocrx_word' id='word_1_578' title='bbox 955 5517 1172 5583; x_wconf 78' lang='lat' dir='ltr'><strong>Crucis,</strong></span> <span class='ocrx_word' id='word_1_579' title='bbox 1223 5533 1341 5572; x_wconf 92' lang='lat' dir='ltr'><strong>cuni</strong></span> <span class='ocrx_word' id='word_1_580' title='bbox 1392 5529 1552 5572; x_wconf 87' lang='lat' dir='ltr'><strong>antea</strong></span> <span class='ocrx_word' id='word_1_581' title='bbox 1608 5531 1752 5574; x_wconf 86' lang='lat' dir='ltr'><strong>esset</strong></span> 
     </span>
    </p>
   </div>
   <div class='ocr_carea' id='block_1_76' title="bbox 169 5583 1745 5658">
    <p class='ocr_par' dir='ltr' id='par_1_76' title="bbox 169 5583 1745 5658">
     <span class='ocr_line' id='line_1_77' title="bbox 169 5583 1745 5658; baseline 0.004 -21"><span class='ocrx_word' id='word_1_582' title='bbox 169 5600 456 5638; x_wconf 83' lang='lat' dir='ltr'><strong>contrario</strong></span> <span class='ocrx_word' id='word_1_583' title='bbox 490 5601 679 5650; x_wconf 84' lang='lat' dir='ltr'><strong>sensu,</strong></span> <span class='ocrx_word' id='word_1_584' title='bbox 712 5585 778 5658; x_wconf 87' lang='lat' dir='ltr'><strong>In</strong></span> <span class='ocrx_word' id='word_1_585' title='bbox 809 5583 1139 5640; x_wconf 82' lang='lat' dir='ltr'><strong>Conditorem</strong></span> <span class='ocrx_word' id='word_1_586' title='bbox 1176 5592 1446 5654; x_wconf 80' lang='lat' dir='ltr'><strong>prwsentis</strong></span> <span class='ocrx_word' id='word_1_587' title='bbox 1492 5596 1745 5658; x_wconf 81' lang='lat' dir='ltr'><strong>temporis</strong></span> 
     </span>
    </p>
   </div>
   <div class='ocr_carea' id='block_1_77' title="bbox 168 5657 1749 5725">
    <p class='ocr_par' dir='ltr' id='par_1_77' title="bbox 168 5657 1749 5725">
     <span class='ocr_line' id='line_1_78' title="bbox 168 5657 1749 5725; baseline 0.004 -19"><span class='ocrx_word' id='word_1_588' title='bbox 168 5659 381 5708; x_wconf 78' lang='lat' dir='ltr'><strong>ridetur</strong></span> <span class='ocrx_word' id='word_1_589' title='bbox 415 5657 687 5725; x_wconf 78' lang='lat' dir='ltr'><strong>indignum</strong></span> <span class='ocrx_word' id='word_1_590' title='bbox 709 5696 722 5720; x_wconf 92' lang='lat'><strong>,</strong></span> <span class='ocrx_word' id='word_1_591' title='bbox 756 5657 851 5710; x_wconf 78' lang='lat' dir='ltr'><strong>hoc</strong></span> <span class='ocrx_word' id='word_1_592' title='bbox 880 5657 1039 5709; x_wconf 82' lang='lat' dir='ltr'><strong>etiam</strong></span> <span class='ocrx_word' id='word_1_593' title='bbox 1066 5674 1124 5710; x_wconf 90' lang='lat' dir='ltr'><strong>eo</strong></span> <span class='ocrx_word' id='word_1_594' title='bbox 1157 5661 1387 5711; x_wconf 85' lang='lat' dir='ltr'><strong>donante</strong></span> <span class='ocrx_word' id='word_1_595' title='bbox 1415 5676 1518 5711; x_wconf 82' lang='lat' dir='ltr'><strong>nim</strong></span> <span class='ocrx_word' id='word_1_596' title='bbox 1556 5657 1634 5714; x_wconf 78' lang='lat' dir='ltr'><strong>est</strong></span> <span class='ocrx_word' id='word_1_597' title='bbox 1669 5664 1749 5713; x_wconf 83' lang='lat' dir='ltr'><strong>in-</strong></span> 
     </span>
    </p>
   </div>
   <div class='ocr_carea' id='block_1_78' title="bbox 168 5738 1744 5854">
    <p class='ocr_par' dir='ltr' id='par_1_78' title="bbox 168 5738 1744 5854">
     <span class='ocr_line' id='line_1_79' title="bbox 168 5738 1744 5854; baseline 0.006 -12"><span class='ocrx_word' id='word_1_598' title='bbox 168 5738 474 5850; x_wconf 51' lang='grc' dir='ltr'><strong>Μῗηξῒτῖιδ</strong></span> <span class='ocrx_word' id='word_1_599' title='bbox 500 5793 605 5849; x_wconf 83' lang='lat' dir='ltr'><strong>Sed</strong></span> <span class='ocrx_word' id='word_1_600' title='bbox 636 5797 761 5849; x_wconf 84' lang='lat' dir='ltr'><strong>audi</strong></span> <span class='ocrx_word' id='word_1_601' title='bbox 793 5797 846 5850; x_wconf 93' lang='lat' dir='ltr'><strong>in</strong></span> <span class='ocrx_word' id='word_1_602' title='bbox 883 5813 984 5853; x_wconf 92' lang='lat' dir='ltr'><strong>ms.</strong></span> <span class='ocrx_word' id='word_1_603' title='bbox 1020 5797 1074 5851; x_wconf 89' lang='lat' dir='ltr'><strong>S.</strong></span> <span class='ocrx_word' id='word_1_604' title='bbox 1110 5795 1306 5852; x_wconf 83' lang='lat' dir='ltr'><strong>Crucis</strong></span> <span class='ocrx_word' id='word_1_605' title='bbox 1335 5797 1744 5854; x_wconf 86' lang='lat' dir='ltr'><strong>desiderantur.</strong></span> 
     </span>
    </p>
   </div>
   <div class='ocr_carea' id='block_1_79' title="bbox 171 5867 1566 5936">
    <p class='ocr_par' dir='ltr' id='par_1_79' title="bbox 171 5867 1566 5936">
     <span class='ocr_line' id='line_1_80' title="bbox 171 5867 1566 5936; baseline 0.001 -15"><span class='ocrx_word' id='word_1_606' title='bbox 171 5868 315 5922; x_wconf 81' lang='lat' dir='ltr'><strong>lnl’ra</strong></span> <span class='ocrx_word' id='word_1_607' title='bbox 359 5867 558 5920; x_wconf 65' lang='lat' dir='ltr'><strong>leviora</strong></span> <span class='ocrx_word' id='word_1_608' title='bbox 585 5867 834 5936; x_wconf 68' lang='lat' dir='ltr'><strong>qua-dam</strong></span> <span class='ocrx_word' id='word_1_609' title='bbox 866 5884 928 5922; x_wconf 69' lang='lat' dir='ltr'><strong>ex</strong></span> <span class='ocrx_word' id='word_1_610' title='bbox 965 5872 1150 5922; x_wconf 79' lang='lat' dir='ltr'><strong>eodem</strong></span> <span class='ocrx_word' id='word_1_611' title='bbox 1183 5869 1566 5923; x_wconf 80' lang='lat' dir='ltr'><strong>emendantur.</strong></span> 
     </span>
    </p>
   </div>
   <div class='ocr_carea' id='block_1_80' title="bbox 1875 2008 3455 2078">
    <p class='ocr_par' dir='ltr' id='par_1_80' title="bbox 1875 2008 3455 2078">
     <span class='ocr_line' id='line_1_81' title="bbox 1875 2008 3455 2078; baseline 0.004 -16"><span class='ocrx_word' id='word_1_612' title='bbox 1875 2016 2084 2062; x_wconf 84' lang='lat' dir='ltr'><strong>stanter</strong></span> <span class='ocrx_word' id='word_1_613' title='bbox 2110 2018 2199 2061; x_wconf 89' lang='lat' dir='ltr'><strong>tua</strong></span> <span class='ocrx_word' id='word_1_614' title='bbox 2236 2009 2476 2078; x_wconf 85' lang='lat' dir='ltr'><strong>loquere.</strong></span> <span class='ocrx_word' id='word_1_615' title='bbox 2516 2008 2631 2062; x_wconf 88' lang='lat' dir='ltr'><strong>Noli</strong></span> <span class='ocrx_word' id='word_1_616' title='bbox 2666 2020 2906 2064; x_wconf 83' lang='lat' dir='ltr'><strong>statuere</strong></span> <span class='ocrx_word' id='word_1_617' title='bbox 2940 2013 2958 2042; x_wconf 81' lang='lat'><strong><em>°</em></strong></span> <span class='ocrx_word' id='word_1_618' title='bbox 2995 2023 3045 2066; x_wconf 91' lang='lat' dir='ltr'><strong>te</strong></span> <span class='ocrx_word' id='word_1_619' title='bbox 3075 2014 3128 2066; x_wconf 94' lang='lat' dir='ltr'><strong>in</strong></span> <span class='ocrx_word' id='word_1_620' title='bbox 3166 2015 3284 2069; x_wconf 91' lang='lat' dir='ltr'><strong>acie</strong></span> <span class='ocrx_word' id='word_1_621' title='bbox 3317 2032 3455 2076; x_wconf 80' lang='lat' dir='ltr'><strong>mea.</strong></span> 
     </span>
    </p>
   </div>
   <div class='ocr_carea' id='block_1_81' title="bbox 1873 2100 3453 2170">
    <p class='ocr_par' dir='ltr' id='par_1_81' title="bbox 1873 2100 3453 2170">
     <span class='ocr_line' id='line_1_82' title="bbox 1873 2100 3453 2170; baseline 0.008 -20"><span class='ocrx_word' id='word_1_622' title='bbox 1873 2109 1926 2150; x_wconf 87' lang='lat' dir='ltr'><strong>ut</strong></span> <span class='ocrx_word' id='word_1_623' title='bbox 1963 2100 2270 2154; x_wconf 81' lang='lat' dir='ltr'><strong>rusticitate</strong></span> <span class='ocrx_word' id='word_1_624' title='bbox 2309 2100 2564 2154; x_wconf 86' lang='lat' dir='ltr'><strong>simulata</strong></span> <span class='ocrx_word' id='word_1_625' title='bbox 2615 2105 2664 2154; x_wconf 91' lang='lat' dir='ltr'><strong>in</strong></span> <span class='ocrx_word' id='word_1_626' title='bbox 2700 2113 2814 2156; x_wconf 90' lang='lat' dir='ltr'><strong>tuto</strong></span> <span class='ocrx_word' id='word_1_627' title='bbox 2846 2105 3074 2170; x_wconf 85' lang='lat' dir='ltr'><strong>habeas,</strong></span> <span class='ocrx_word' id='word_1_628' title='bbox 3106 2123 3229 2160; x_wconf 90' lang='lat' dir='ltr'><strong>cum</strong></span> <span class='ocrx_word' id='word_1_629' title='bbox 3265 2111 3453 2162; x_wconf 87' lang='lat' dir='ltr'><strong>volue-</strong></span> 
     </span>
    </p>
   </div>
   <div class='ocr_carea' id='block_1_82' title="bbox 1873 2189 3457 2260">
    <p class='ocr_par' dir='ltr' id='par_1_82' title="bbox 1873 2189 3457 2260">
     <span class='ocr_line' id='line_1_83' title="bbox 1873 2189 3457 2260; baseline 0.008 -19"><span class='ocrx_word' id='word_1_630' title='bbox 1873 2189 1970 2252; x_wconf 90' lang='lat' dir='ltr'><strong>ris,</strong></span> <span class='ocrx_word' id='word_1_631' title='bbox 2018 2193 2281 2259; x_wconf 78' lang='lat' dir='ltr'><strong>pugnanti</strong></span> <span class='ocrx_word' id='word_1_632' title='bbox 2319 2200 2466 2260; x_wconf 82' lang='lat' dir='ltr'><strong>terga</strong></span> <span class='ocrx_word' id='word_1_633' title='bbox 2514 2192 2834 2247; x_wconf 84' lang='lat' dir='ltr'><strong>conludere.</strong></span> <span class='ocrx_word' id='word_1_634' title='bbox 2878 2194 2990 2248; x_wconf 85' lang='lat' dir='ltr'><strong>Non</strong></span> <span class='ocrx_word' id='word_1_635' title='bbox 3024 2206 3105 2250; x_wconf 77' lang='lat' dir='ltr'><strong>est</strong></span> <span class='ocrx_word' id='word_1_636' title='bbox 3137 2199 3293 2252; x_wconf 84' lang='lat' dir='ltr'><strong>istius</strong></span> <span class='ocrx_word' id='word_1_637' title='bbox 3321 2209 3457 2252; x_wconf 82' lang='lat' dir='ltr'><strong>lt&#39;ltl-</strong></span> 
     </span>
    </p>
   </div>
   <div class='ocr_carea' id='block_1_83' title="bbox 1872 2282 3450 2353">
    <p class='ocr_par' dir='ltr' id='par_1_83' title="bbox 1872 2282 3450 2353">
     <span class='ocr_line' id='line_1_84' title="bbox 1872 2282 3450 2353; baseline 0.008 -18"><span class='ocrx_word' id='word_1_638' title='bbox 1872 2283 2022 2349; x_wconf 86' lang='lat' dir='ltr'><strong>poris</strong></span> <span class='ocrx_word' id='word_1_639' title='bbox 2061 2291 2251 2336; x_wconf 89' lang='lat' dir='ltr'><strong>contra</strong></span> <span class='ocrx_word' id='word_1_640' title='bbox 2291 2282 2541 2352; x_wconf 81' lang='lat' dir='ltr'><strong>Origenis</strong></span> <span class='ocrx_word' id='word_1_641' title='bbox 2573 2287 2825 2353; x_wconf 78' lang='lat' dir='ltr'><strong>dogmata</strong></span> <span class='ocrx_word' id='word_1_642' title='bbox 2861 2291 3208 2345; x_wconf 83' lang='lat' dir='ltr'><strong>conscribere</strong></span> <span class='ocrx_word' id='word_1_643' title='bbox 3243 2308 3256 2348; x_wconf 88' lang='lat'><strong>:</strong></span> <span class='ocrx_word' id='word_1_644' title='bbox 3291 2293 3450 2347; x_wconf 87' lang='lat' dir='ltr'><strong>a!teri</strong></span> 
     </span>
    </p>
   </div>
   <div class='ocr_carea' id='block_1_84' title="bbox 1871 2373 3449 2449">
    <p class='ocr_par' dir='ltr' id='par_1_84' title="bbox 1871 2373 3449 2449">
     <span class='ocr_line' id='line_1_85' title="bbox 1871 2373 3449 2449; baseline 0.01 -25"><span class='ocrx_word' id='word_1_645' title='bbox 1871 2373 2039 2435; x_wconf 87' lang='lat' dir='ltr'><strong>istud,</strong></span> <span class='ocrx_word' id='word_1_646' title='bbox 2069 2375 2112 2428; x_wconf 89' lang='lat' dir='ltr'><strong>si</strong></span> <span class='ocrx_word' id='word_1_647' title='bbox 2142 2373 2394 2429; x_wconf 87' lang='lat' dir='ltr'><strong>Christus</strong></span> <span class='ocrx_word' id='word_1_648' title='bbox 2421 2377 2582 2430; x_wconf 83' lang='lat' dir='ltr'><strong>vitain</strong></span> <span class='ocrx_word' id='word_1_649' title='bbox 2611 2378 2842 2441; x_wconf 86' lang='lat' dir='ltr'><strong>dederit.</strong></span> <span class='ocrx_word' id='word_1_650' title='bbox 2874 2384 3024 2449; x_wconf 88' lang='lat' dir='ltr'><strong>operi</strong></span> <span class='ocrx_word' id='word_1_651' title='bbox 3053 2384 3449 2439; x_wconf 79' lang='lat' dir='ltr'><strong>dedicabiinus.</strong></span> 
     </span>
    </p>
   </div>
   <div class='ocr_carea' id='block_1_85' title="bbox 1871 2464 3447 2545">
    <p class='ocr_par' dir='ltr' id='par_1_85' title="bbox 1871 2464 3447 2545">
     <span class='ocr_line' id='line_1_86' title="bbox 1871 2464 3447 2545; baseline 0.008 -27"><span class='ocrx_word' id='word_1_652' title='bbox 1871 2464 2030 2521; x_wconf 87' lang='lat' dir='ltr'><strong>Nunc</strong></span> <span class='ocrx_word' id='word_1_653' title='bbox 2079 2470 2361 2535; x_wconf 75' lang='lat' dir='ltr'><strong>qiizeritur,</strong></span> <span class='ocrx_word' id='word_1_654' title='bbox 2413 2483 2479 2522; x_wconf 88' lang='lat' dir='ltr'><strong>aii</strong></span> <span class='ocrx_word' id='word_1_655' title='bbox 2525 2471 2616 2536; x_wconf 90' lang='lat' dir='ltr'><strong>qui</strong></span> <span class='ocrx_word' id='word_1_656' title='bbox 2674 2473 2957 2540; x_wconf 77' lang='lat' dir='ltr'><strong>arguitur.</strong></span> <span class='ocrx_word' id='word_1_657' title='bbox 3000 2476 3064 2526; x_wconf 89' lang='lat' dir='ltr'><strong>ad</strong></span> <span class='ocrx_word' id='word_1_658' title='bbox 3113 2473 3447 2545; x_wconf 82' lang='lat' dir='ltr'><strong>interrogata</strong></span> 
     </span>
    </p>
   </div>
   <div class='ocr_carea' id='block_1_86' title="bbox 1872 2563 3450 2637">
    <p class='ocr_par' dir='ltr' id='par_1_86' title="bbox 1872 2563 3450 2637">
     <span class='ocr_line' id='line_1_87' title="bbox 1872 2563 3450 2637; baseline 0.005 -21"><span class='ocrx_word' id='word_1_659' title='bbox 1872 2563 2237 2629; x_wconf 73' lang='lat' dir='ltr'><strong>reapouderit,</strong></span> <span class='ocrx_word' id='word_1_660' title='bbox 2272 2574 2324 2614; x_wconf 87' lang='lat' dir='ltr'><strong>et</strong></span> <span class='ocrx_word' id='word_1_661' title='bbox 2350 2563 2574 2630; x_wconf 81' lang='lat' dir='ltr'><strong>simplex</strong></span> <span class='ocrx_word' id='word_1_662' title='bbox 2604 2566 2676 2617; x_wconf 83' lang='lat' dir='ltr'><strong>s&#39;t</strong></span> <span class='ocrx_word' id='word_1_663' title='bbox 2698 2576 2746 2617; x_wconf 79' lang='lat' dir='ltr'><strong>ct</strong></span> <span class='ocrx_word' id='word_1_664' title='bbox 2779 2575 2963 2633; x_wconf 85' lang='lat' dir='ltr'><strong>aperta</strong></span> <span class='ocrx_word' id='word_1_665' title='bbox 2993 2571 3111 2632; x_wconf 78' lang='lat' dir='ltr'><strong>ejus</strong></span> <span class='ocrx_word' id='word_1_666' title='bbox 3144 2573 3450 2637; x_wconf 88' lang='lat' dir='ltr'><strong>responsio.</strong></span> 
     </span>
    </p>
   </div>
   <div class='ocr_carea' id='block_1_87' title="bbox 1942 2651 3450 2724">
    <p class='ocr_par' dir='ltr' id='par_1_87' title="bbox 1942 2651 3450 2724">
     <span class='ocr_line' id='line_1_88' title="bbox 1942 2651 3450 2724; baseline 0.006 -19"><span class='ocrx_word' id='word_1_667' title='bbox 1942 2652 2036 2706; x_wconf 71' lang='lat'><strong>23.</strong></span> <span class='ocrx_word' id='word_1_668' title='bbox 2069 2651 2202 2706; x_wconf 87' lang='lat' dir='ltr'><strong>Cum</strong></span> <span class='ocrx_word' id='word_1_669' title='bbox 2238 2655 2427 2706; x_wconf 84' lang='lat' dir='ltr'><strong>timore</strong></span> <span class='ocrx_word' id='word_1_670' title='bbox 2461 2654 2551 2707; x_wconf 86' lang='lat' dir='ltr'><strong>Dei</strong></span> <span class='ocrx_word' id='word_1_671' title='bbox 2581 2655 2813 2724; x_wconf 83' lang='lat' dir='ltr'><strong>loquitur</strong></span> <span class='ocrx_word' id='word_1_672' title='bbox 2836 2668 2883 2710; x_wconf 86' lang='lat' dir='ltr'><strong>et</strong></span> <span class='ocrx_word' id='word_1_673' title='bbox 2919 2658 3025 2710; x_wconf 85' lang='lat' dir='ltr'><strong>vult</strong></span> <span class='ocrx_word' id='word_1_674' title='bbox 3055 2659 3252 2712; x_wconf 83' lang='lat' dir='ltr'><strong>audiri.</strong></span> <span class='ocrx_word' id='word_1_675' title='bbox 3276 2659 3450 2715; x_wconf 83' lang='lat' dir='ltr'><strong>Joan-</strong></span> 
     </span>
    </p>
   </div>
   <div class='ocr_carea' id='block_1_88' title="bbox 1882 2745 3446 2810">
    <p class='ocr_par' dir='ltr' id='par_1_88' title="bbox 1882 2745 3446 2810">
     <span class='ocr_line' id='line_1_89' title="bbox 1882 2745 3446 2810; baseline 0.006 -13"><span class='ocrx_word' id='word_1_676' title='bbox 1882 2746 1968 2798; x_wconf 81' lang='lat' dir='ltr'><strong>nis</strong></span> <span class='ocrx_word' id='word_1_677' title='bbox 2010 2745 2290 2810; x_wconf 68' lang='lat' dir='ltr'><strong>conlusio.</strong></span> <span class='ocrx_word' id='word_1_678' title='bbox 2331 2745 2739 2800; x_wconf 87' lang='lat' dir='ltr'><strong>-&#39;l‘ranseamiis</strong></span> <span class='ocrx_word' id='word_1_679' title='bbox 2771 2749 2896 2802; x_wconf 89' lang='lat' dir='ltr'><strong>hinc</strong></span> <span class='ocrx_word' id='word_1_680' title='bbox 2926 2751 2990 2801; x_wconf 90' lang='lat' dir='ltr'><strong>ad</strong></span> <span class='ocrx_word' id='word_1_681' title='bbox 3025 2749 3446 2806; x_wconf 75' lang='lat' dir='ltr'><strong>famosissimum</strong></span> 
     </span>
    </p>
   </div>
   <div class='ocr_carea' id='block_1_89' title="bbox 1871 2836 3436 2910">
    <p class='ocr_par' dir='ltr' id='par_1_89' title="bbox 1871 2836 3436 2910">
     <span class='ocr_line' id='line_1_90' title="bbox 1871 2836 3436 2910; baseline 0.008 -24"><span class='ocrx_word' id='word_1_682' title='bbox 1871 2836 1936 2888; x_wconf 89' lang='lat' dir='ltr'><strong>de</strong></span> <span class='ocrx_word' id='word_1_683' title='bbox 1961 2837 2356 2890; x_wconf 82' lang='lat' dir='ltr'><strong>resurrectione</strong></span> <span class='ocrx_word' id='word_1_684' title='bbox 2391 2839 2576 2890; x_wconf 83' lang='lat' dir='ltr'><strong>carnis</strong></span> <span class='ocrx_word' id='word_1_685' title='bbox 2609 2851 2663 2893; x_wconf 92' lang='lat' dir='ltr'><strong>et</strong></span> <span class='ocrx_word' id='word_1_686' title='bbox 2690 2841 2935 2908; x_wconf 90' lang='lat' dir='ltr'><strong>corporis</strong></span> <span class='ocrx_word' id='word_1_687' title='bbox 2965 2843 3346 2910; x_wconf 64' lang='lat' dir='ltr'><strong>quiestionem,</strong></span> <span class='ocrx_word' id='word_1_688' title='bbox 3382 2847 3436 2898; x_wconf 91' lang='lat' dir='ltr'><strong>in</strong></span> 
     </span>
    </p>
   </div>
   <div class='ocr_carea' id='block_1_90' title="bbox 1871 2928 3440 2997">
    <p class='ocr_par' dir='ltr' id='par_1_90' title="bbox 1871 2928 3440 2997">
     <span class='ocr_line' id='line_1_91' title="bbox 1871 2928 3440 2997; baseline 0.007 -18"><span class='ocrx_word' id='word_1_689' title='bbox 1871 2942 1976 2993; x_wconf 85' lang='lat' dir='ltr'><strong>qua</strong></span> <span class='ocrx_word' id='word_1_690' title='bbox 2033 2935 2083 2979; x_wconf 92' lang='lat' dir='ltr'><strong>te</strong></span> <span class='ocrx_word' id='word_1_691' title='bbox 2135 2942 2374 2989; x_wconf 90' lang='lat' dir='ltr'><strong>rursum,</strong></span> <span class='ocrx_word' id='word_1_692' title='bbox 2424 2928 2612 2991; x_wconf 83' lang='lat' dir='ltr'><strong>lector.</strong></span> <span class='ocrx_word' id='word_1_693' title='bbox 2651 2932 2996 2985; x_wconf 88' lang='lat' dir='ltr'><strong>admonitum</strong></span> <span class='ocrx_word' id='word_1_694' title='bbox 3049 2937 3192 2997; x_wconf 89' lang='lat' dir='ltr'><strong>volo,</strong></span> <span class='ocrx_word' id='word_1_695' title='bbox 3225 2947 3281 2988; x_wconf 95' lang='lat' dir='ltr'><strong>iit</strong></span> <span class='ocrx_word' id='word_1_696' title='bbox 3315 2953 3440 2990; x_wconf 90' lang='lat' dir='ltr'><strong>cum</strong></span> 
     </span>
    </p>
   </div>
   <div class='ocr_carea' id='block_1_91' title="bbox 1870 3018 3451 3090">
    <p class='ocr_par' dir='ltr' id='par_1_91' title="bbox 1870 3018 3451 3090">
     <span class='ocr_line' id='line_1_92' title="bbox 1870 3018 3451 3090; baseline 0.005 -19"><span class='ocrx_word' id='word_1_697' title='bbox 1870 3018 2063 3071; x_wconf 87' lang='lat' dir='ltr'><strong>timore</strong></span> <span class='ocrx_word' id='word_1_698' title='bbox 2086 3028 2136 3070; x_wconf 89' lang='lat' dir='ltr'><strong>et</strong></span> <span class='ocrx_word' id='word_1_699' title='bbox 2177 3019 2389 3086; x_wconf 87' lang='lat' dir='ltr'><strong>judicio</strong></span> <span class='ocrx_word' id='word_1_700' title='bbox 2429 3019 2520 3073; x_wconf 91' lang='lat' dir='ltr'><strong>Dei</strong></span> <span class='ocrx_word' id='word_1_701' title='bbox 2558 3036 2643 3074; x_wconf 85' lang='lat' dir='ltr'><strong>me</strong></span> <span class='ocrx_word' id='word_1_702' title='bbox 2685 3023 2828 3076; x_wconf 82' lang='lat' dir='ltr'><strong>scias</strong></span> <span class='ocrx_word' id='word_1_703' title='bbox 2859 3025 3023 3090; x_wconf 84' lang='lat' dir='ltr'><strong>loqui,</strong></span> <span class='ocrx_word' id='word_1_704' title='bbox 3061 3036 3113 3078; x_wconf 89' lang='lat' dir='ltr'><strong>et</strong></span> <span class='ocrx_word' id='word_1_705' title='bbox 3161 3036 3210 3082; x_wconf 90' lang='lat' dir='ltr'><strong>te</strong></span> <span class='ocrx_word' id='word_1_706' title='bbox 3259 3030 3451 3082; x_wconf 75' lang='lat' dir='ltr'><strong>audire</strong></span> 
     </span>
    </p>
   </div>
   <div class='ocr_carea' id='block_1_92' title="bbox 1868 3111 3446 3183">
    <p class='ocr_par' dir='ltr' id='par_1_92' title="bbox 1868 3111 3446 3183">
     <span class='ocr_line' id='line_1_93' title="bbox 1868 3111 3446 3183; baseline 0.007 -19"><span class='ocrx_word' id='word_1_707' title='bbox 1868 3111 2083 3164; x_wconf 87' lang='lat' dir='ltr'><strong>debere.</strong></span> <span class='ocrx_word' id='word_1_708' title='bbox 2143 3111 2332 3177; x_wconf 76' lang='lat' dir='ltr'><strong>Neque</strong></span> <span class='ocrx_word' id='word_1_709' title='bbox 2389 3113 2531 3164; x_wconf 88' lang='lat' dir='ltr'><strong>enim</strong></span> <span class='ocrx_word' id='word_1_710' title='bbox 2573 3123 2733 3165; x_wconf 67' lang='lat' dir='ltr'><strong>tanta!</strong></span> <span class='ocrx_word' id='word_1_711' title='bbox 2768 3117 3010 3169; x_wconf 76' lang='lat' dir='ltr'><strong>stultitiie</strong></span> <span class='ocrx_word' id='word_1_712' title='bbox 3048 3135 3190 3183; x_wconf 88' lang='lat' dir='ltr'><strong>sum,</strong></span> <span class='ocrx_word' id='word_1_713' title='bbox 3223 3124 3352 3173; x_wconf 90' lang='lat' dir='ltr'><strong>utsi</strong></span> <span class='ocrx_word' id='word_1_714' title='bbox 3395 3126 3446 3175; x_wconf 92' lang='lat' dir='ltr'><strong>in</strong></span> 
     </span>
    </p>
   </div>
   <div class='ocr_carea' id='block_1_93' title="bbox 1867 3203 3438 3276">
    <p class='ocr_par' dir='ltr' id='par_1_93' title="bbox 1867 3203 3438 3276">
     <span class='ocr_line' id='line_1_94' title="bbox 1867 3203 3438 3276; baseline 0.005 -18"><span class='ocrx_word' id='word_1_715' title='bbox 1867 3204 2214 3272; x_wconf 73' lang='lat' dir='ltr'><strong>expositione</strong></span> <span class='ocrx_word' id='word_1_716' title='bbox 2248 3203 2396 3257; x_wconf 90' lang='lat' dir='ltr'><strong>illius</strong></span> <span class='ocrx_word' id='word_1_717' title='bbox 2431 3205 2563 3256; x_wconf 85' lang='lat' dir='ltr'><strong>lides</strong></span> <span class='ocrx_word' id='word_1_718' title='bbox 2598 3221 2746 3259; x_wconf 90' lang='lat' dir='ltr'><strong>mera</strong></span> <span class='ocrx_word' id='word_1_719' title='bbox 2781 3219 2902 3271; x_wconf 88' lang='lat' dir='ltr'><strong>est;</strong></span> <span class='ocrx_word' id='word_1_720' title='bbox 2935 3221 2988 3261; x_wconf 91' lang='lat' dir='ltr'><strong>et</strong></span> <span class='ocrx_word' id='word_1_721' title='bbox 3023 3211 3259 3276; x_wconf 71' lang='lat' dir='ltr'><strong>perﬁdiae</strong></span> <span class='ocrx_word' id='word_1_722' title='bbox 3291 3214 3438 3266; x_wconf 83' lang='lat' dir='ltr'><strong>nulla</strong></span> 
     </span>
    </p>
   </div>
   <div class='ocr_carea' id='block_1_94' title="bbox 1866 3293 3451 3372">
    <p class='ocr_par' dir='ltr' id='par_1_94' title="bbox 1866 3293 3451 3372">
     <span class='ocr_line' id='line_1_95' title="bbox 1866 3293 3451 3372; baseline 0.006 -26"><span class='ocrx_word' id='word_1_723' title='bbox 1866 3293 2125 3361; x_wconf 86' lang='lat' dir='ltr'><strong>suspicio,</strong></span> <span class='ocrx_word' id='word_1_724' title='bbox 2169 3309 2410 3360; x_wconf 54' lang='lat' dir='ltr'><strong>quaeram</strong></span> <span class='ocrx_word' id='word_1_725' title='bbox 2444 3298 2740 3349; x_wconf 86' lang='lat' dir='ltr'><strong>accusandi</strong></span> <span class='ocrx_word' id='word_1_726' title='bbox 2774 3301 3122 3352; x_wconf 74' lang='grc' dir='ltr'><strong>οςοηεὶοιιεηι</strong></span> <span class='ocrx_word' id='word_1_727' title='bbox 3163 3317 3174 3351; x_wconf 91' lang='lat'>:</span> <span class='ocrx_word' id='word_1_728' title='bbox 3214 3301 3451 3372; x_wconf 70' lang='grc' dir='ltr'><strong>οι429</strong></span> 
     </span>
    </p>
   </div>
   <div class='ocr_carea' id='block_1_95' title="bbox 1867 3383 3444 3456">
    <p class='ocr_par' dir='ltr' id='par_1_95' title="bbox 1867 3383 3444 3456">
     <span class='ocr_line' id='line_1_96' title="bbox 1867 3383 3444 3456; baseline 0.008 -22"><span class='ocrx_word' id='word_1_729' title='bbox 1867 3386 1992 3437; x_wconf 86' lang='lat' dir='ltr'><strong>dum</strong></span> <span class='ocrx_word' id='word_1_730' title='bbox 2021 3383 2144 3438; x_wconf 90' lang='lat' dir='ltr'><strong>volo</strong></span> <span class='ocrx_word' id='word_1_731' title='bbox 2174 3385 2342 3436; x_wconf 88' lang='lat' dir='ltr'><strong>alium</strong></span> <span class='ocrx_word' id='word_1_732' title='bbox 2382 3395 2572 3440; x_wconf 88' lang='lat' dir='ltr'><strong>notare</strong></span> <span class='ocrx_word' id='word_1_733' title='bbox 2605 3388 2797 3456; x_wconf 70' lang='lat' dir='ltr'><strong>culpm,</strong></span> <span class='ocrx_word' id='word_1_734' title='bbox 2825 3390 2936 3455; x_wconf 82' lang='lat' dir='ltr'><strong>ipse</strong></span> <span class='ocrx_word' id='word_1_735' title='bbox 2963 3402 3114 3442; x_wconf 75' lang='lat' dir='ltr'><strong>noti-r</strong></span> <span class='ocrx_word' id='word_1_736' title='bbox 3134 3393 3444 3447; x_wconf 83' lang='lat' dir='ltr'><strong>calumnia-.</strong></span> 
     </span>
    </p>
   </div>
   <div class='ocr_carea' id='block_1_96' title="bbox 1866 3474 3446 3550">
    <p class='ocr_par' dir='ltr' id='par_1_96' title="bbox 1866 3474 3446 3550">
     <span class='ocr_line' id='line_1_97' title="bbox 1866 3474 3446 3550; baseline 0.007 -24"><span class='ocrx_word' id='word_1_737' title='bbox 1866 3474 2005 3545; x_wconf 82' lang='lat' dir='ltr'><strong>Lege</strong></span> <span class='ocrx_word' id='word_1_738' title='bbox 2033 3491 2164 3542; x_wconf 76' lang='lat' dir='ltr'><strong>ergo</strong></span> <span class='ocrx_word' id='word_1_739' title='bbox 2188 3477 2253 3530; x_wconf 92' lang='lat' dir='ltr'><strong>de</strong></span> <span class='ocrx_word' id='word_1_740' title='bbox 2277 3478 2679 3531; x_wconf 89' lang='lat' dir='ltr'><strong>resurrectione</strong></span> <span class='ocrx_word' id='word_1_741' title='bbox 2701 3479 2883 3533; x_wconf 84' lang='lat' dir='ltr'><strong>carnis</strong></span> <span class='ocrx_word' id='word_1_742' title='bbox 2903 3497 3022 3548; x_wconf 81' lang='lat' dir='ltr'><strong>qua:</strong></span> <span class='ocrx_word' id='word_1_743' title='bbox 3045 3482 3256 3536; x_wconf 86' lang='lat' dir='ltr'><strong>subdita</strong></span> <span class='ocrx_word' id='word_1_744' title='bbox 3285 3496 3406 3538; x_wconf 85' lang='lat' dir='ltr'><strong>sunt</strong></span> <span class='ocrx_word' id='word_1_745' title='bbox 3430 3503 3446 3550; x_wconf 88' lang='lat'><strong>;</strong></span> 
     </span>
    </p>
   </div>
   <div class='ocr_carea' id='block_1_97' title="bbox 1863 3569 3444 3642">
    <p class='ocr_par' dir='ltr' id='par_1_97' title="bbox 1863 3569 3444 3642">
     <span class='ocr_line' id='line_1_98' title="bbox 1863 3569 3444 3642; baseline 0.005 -20"><span class='ocrx_word' id='word_1_746' title='bbox 1863 3578 1915 3622; x_wconf 86' lang='lat' dir='ltr'><strong>et</strong></span> <span class='ocrx_word' id='word_1_747' title='bbox 1944 3583 2068 3621; x_wconf 91' lang='lat' dir='ltr'><strong>cum</strong></span> <span class='ocrx_word' id='word_1_748' title='bbox 2101 3569 2318 3638; x_wconf 75' lang='lat' dir='ltr'><strong>legeris,</strong></span> <span class='ocrx_word' id='word_1_749' title='bbox 2355 3581 2408 3622; x_wconf 89' lang='lat' dir='ltr'><strong>et</strong></span> <span class='ocrx_word' id='word_1_750' title='bbox 2445 3571 2752 3638; x_wconf 81' lang='lat' dir='ltr'><strong>placuerint</strong></span> <span class='ocrx_word' id='word_1_751' title='bbox 2780 3571 2798 3600; x_wconf 82' lang='grc'><strong>⁷</strong></span> <span class='ocrx_word' id='word_1_752' title='bbox 2833 3573 2968 3637; x_wconf 62' lang='lat' dir='ltr'><strong>(scio</strong></span> <span class='ocrx_word' id='word_1_753' title='bbox 3007 3575 3148 3627; x_wconf 91' lang='lat' dir='ltr'><strong>enim</strong></span> <span class='ocrx_word' id='word_1_754' title='bbox 3182 3575 3444 3642; x_wconf 87' lang='lat' dir='ltr'><strong>placitina</strong></span> 
     </span>
    </p>
   </div>
   <div class='ocr_carea' id='block_1_98' title="bbox 1865 3661 3442 3736">
    <p class='ocr_par' dir='ltr' id='par_1_98' title="bbox 1865 3661 3442 3736">
     <span class='ocr_line' id='line_1_99' title="bbox 1865 3661 3442 3736; baseline 0.003 -25"><span class='ocrx_word' id='word_1_755' title='bbox 1865 3661 2290 3729; x_wconf 82' lang='lat' dir='ltr'><strong>ignorantibus).</strong></span> <span class='ocrx_word' id='word_1_756' title='bbox 2329 3663 2602 3729; x_wconf 85' lang='lat' dir='ltr'><strong>suspende</strong></span> <span class='ocrx_word' id='word_1_757' title='bbox 2653 3663 2961 3730; x_wconf 82' lang='lat' dir='ltr'><strong>judicium.</strong></span> <span class='ocrx_word' id='word_1_758' title='bbox 3003 3677 3260 3734; x_wconf 81' lang='lat' dir='ltr'><strong>exspecta</strong></span> <span class='ocrx_word' id='word_1_759' title='bbox 3310 3684 3442 3736; x_wconf 79' lang='lat' dir='ltr'><strong>pan-</strong></span> 
     </span>
    </p>
   </div>
   <div class='ocr_carea' id='block_1_99' title="bbox 1863 3752 3446 3822">
    <p class='ocr_par' dir='ltr' id='par_1_99' title="bbox 1863 3752 3446 3822">
     <span class='ocr_line' id='line_1_100' title="bbox 1863 3752 3446 3822; baseline 0.004 -17"><span class='ocrx_word' id='word_1_760' title='bbox 1863 3752 2050 3820; x_wconf 88' lang='lat' dir='ltr'><strong>lisper,</strong></span> <span class='ocrx_word' id='word_1_761' title='bbox 2079 3765 2250 3821; x_wconf 87' lang='lat' dir='ltr'><strong>usque</strong></span> <span class='ocrx_word' id='word_1_762' title='bbox 2276 3753 2342 3805; x_wconf 86' lang='lat' dir='ltr'><strong>ad</strong></span> <span class='ocrx_word' id='word_1_763' title='bbox 2381 3757 2542 3806; x_wconf 87' lang='lat' dir='ltr'><strong>linem</strong></span> <span class='ocrx_word' id='word_1_764' title='bbox 2595 3756 2976 3822; x_wconf 77' lang='lat' dir='ltr'><strong>responsionis</strong></span> <span class='ocrx_word' id='word_1_765' title='bbox 3007 3767 3208 3810; x_wconf 71' lang='lat' dir='ltr'><strong>nostris</strong></span> <span class='ocrx_word' id='word_1_766' title='bbox 3251 3761 3446 3814; x_wconf 84' lang='lat' dir='ltr'><strong>coliibe</strong></span> 
     </span>
    </p>
   </div>
   <div class='ocr_carea' id='block_1_100' title="bbox 1862 3847 3440 3915">
    <p class='ocr_par' dir='ltr' id='par_1_100' title="bbox 1862 3847 3440 3915">
     <span class='ocr_line' id='line_1_101' title="bbox 1862 3847 3440 3915; baseline 0.004 -15"><span class='ocrx_word' id='word_1_767' title='bbox 1862 3847 2186 3900; x_wconf 86' lang='lat' dir='ltr'><strong>sententiam</strong></span> <span class='ocrx_word' id='word_1_768' title='bbox 2224 3861 2240 3899; x_wconf 90' lang='lat'><strong><em>:</em></strong></span> <span class='ocrx_word' id='word_1_769' title='bbox 2283 3855 2337 3900; x_wconf 92' lang='lat' dir='ltr'><strong>et</strong></span> <span class='ocrx_word' id='word_1_770' title='bbox 2373 3847 2420 3900; x_wconf 93' lang='lat' dir='ltr'><strong>si</strong></span> <span class='ocrx_word' id='word_1_771' title='bbox 2455 3850 2547 3899; x_wconf 88' lang='lat' dir='ltr'><strong>tibi</strong></span> <span class='ocrx_word' id='word_1_772' title='bbox 2579 3858 2763 3914; x_wconf 64' lang='lat' dir='ltr'><strong>postea</strong></span> <span class='ocrx_word' id='word_1_773' title='bbox 2808 3850 3108 3915; x_wconf 64' lang='lat' dir='ltr'><strong>placuerint</strong></span> <span class='ocrx_word' id='word_1_774' title='bbox 3132 3889 3147 3912; x_wconf 85' lang='lat'><strong>,</strong></span> <span class='ocrx_word' id='word_1_775' title='bbox 3185 3861 3311 3905; x_wconf 92' lang='lat' dir='ltr'><strong>tunc</strong></span> <span class='ocrx_word' id='word_1_776' title='bbox 3341 3869 3440 3906; x_wconf 82' lang='lat' dir='ltr'><strong>nos</strong></span> 
     </span>
    </p>
   </div>
   <div class='ocr_carea' id='block_1_101' title="bbox 1861 3937 3439 4011">
    <p class='ocr_par' dir='ltr' id='par_1_101' title="bbox 1861 3937 3439 4011">
     <span class='ocr_line' id='line_1_102' title="bbox 1861 3937 3439 4011; baseline 0.003 -18"><span class='ocrx_word' id='word_1_777' title='bbox 1861 3937 2146 3993; x_wconf 78' lang='lat' dir='ltr'><strong>calumnia:</strong></span> <span class='ocrx_word' id='word_1_778' title='bbox 2179 3939 2496 3993; x_wconf 85' lang='lat' dir='ltr'><strong>denotabis.</strong></span> <span class='ocrx_word' id='word_1_779' title='bbox 2537 3957 2556 3989; x_wconf 71' lang='grc' dir='ltr'><strong>ι</strong></span> <span class='ocrx_word' id='word_1_780' title='bbox 2599 3939 2911 3992; x_wconf 88' lang='lat' dir='ltr'><strong>Passionem</strong></span> <span class='ocrx_word' id='word_1_781' title='bbox 2958 3956 3176 4009; x_wconf 83' lang='lat' dir='ltr'><strong>quoque</strong></span> <span class='ocrx_word' id='word_1_782' title='bbox 3222 3943 3339 4011; x_wconf 84' lang='lat' dir='ltr'><strong>ejus</strong></span> <span class='ocrx_word' id='word_1_783' title='bbox 3388 3947 3439 3998; x_wconf 91' lang='lat' dir='ltr'><strong>in</strong></span> 
     </span>
    </p>
   </div>
   <div class='ocr_carea' id='block_1_102' title="bbox 1860 4033 3440 4100">
    <p class='ocr_par' dir='ltr' id='par_1_102' title="bbox 1860 4033 3440 4100">
     <span class='ocr_line' id='line_1_103' title="bbox 1860 4033 3440 4100; baseline 0.003 -16"><span class='ocrx_word' id='word_1_784' title='bbox 1860 4043 2023 4084; x_wconf 89' lang='lat' dir='ltr'><strong>cruce</strong></span> <span class='ocrx_word' id='word_1_785' title='bbox 2051 4037 2106 4084; x_wconf 87' lang='lat' dir='ltr'><strong>et</strong></span> <span class='ocrx_word' id='word_1_786' title='bbox 2138 4040 2370 4083; x_wconf 88' lang='lat' dir='ltr'><strong>mortem</strong></span> <span class='ocrx_word' id='word_1_787' title='bbox 2402 4045 2465 4083; x_wconf 87' lang='lat' dir='ltr'><strong>ac</strong></span> <span class='ocrx_word' id='word_1_788' title='bbox 2494 4033 2856 4098; x_wconf 86' lang='lat' dir='ltr'><strong>sepulturam,</strong></span> <span class='ocrx_word' id='word_1_789' title='bbox 2891 4049 3014 4100; x_wconf 71' lang='lat' dir='ltr'><strong>quae</strong></span> <span class='ocrx_word' id='word_1_790' title='bbox 3046 4035 3298 4088; x_wconf 83' lang='lat' dir='ltr'><strong>universa</strong></span> <span class='ocrx_word' id='word_1_791' title='bbox 3323 4052 3440 4090; x_wconf 85' lang='lat' dir='ltr'><strong>ser-</strong></span> 
     </span>
    </p>
   </div>
   <div class='ocr_carea' id='block_1_103' title="bbox 1862 4121 3440 4195">
    <p class='ocr_par' dir='ltr' id='par_1_103' title="bbox 1862 4121 3440 4195">
     <span class='ocr_line' id='line_1_104' title="bbox 1862 4121 3440 4195; baseline 0.007 -23"><span class='ocrx_word' id='word_1_792' title='bbox 1862 4121 2028 4184; x_wconf 84' lang='lat' dir='ltr'><strong>vavit,</strong></span> <span class='ocrx_word' id='word_1_793' title='bbox 2063 4135 2128 4174; x_wconf 83' lang='lat' dir='ltr'><strong>ac</strong></span> <span class='ocrx_word' id='word_1_794' title='bbox 2161 4123 2622 4174; x_wconf 85' lang='lat' dir='ltr'><strong>resurrectionem</strong></span> <span class='ocrx_word' id='word_1_795' title='bbox 2663 4124 2911 4187; x_wconf 82' lang='lat' dir='ltr'><strong>veritate,</strong></span> <span class='ocrx_word' id='word_1_796' title='bbox 2952 4134 3004 4176; x_wconf 92' lang='lat' dir='ltr'><strong>et</strong></span> <span class='ocrx_word' id='word_1_797' title='bbox 3039 4141 3145 4179; x_wconf 91' lang='lat' dir='ltr'><strong>non</strong></span> <span class='ocrx_word' id='word_1_798' title='bbox 3199 4129 3440 4195; x_wconf 86' lang='lat' dir='ltr'><strong>piitative</strong></span> 
     </span>
    </p>
   </div>
   <div class='ocr_carea' id='block_1_104' title="bbox 1859 4214 3436 4288">
    <p class='ocr_par' dir='ltr' id='par_1_104' title="bbox 1859 4214 3436 4288">
     <span class='ocr_line' id='line_1_105' title="bbox 1859 4214 3436 4288; baseline 0.003 -17"><span class='ocrx_word' id='word_1_799' title='bbox 1859 4215 2183 4271; x_wconf 75' lang='lat' dir='ltr'><strong>conﬁtemur</strong></span> <span class='ocrx_word' id='word_1_800' title='bbox 2225 4232 2240 4270; x_wconf 89' lang='lat'><strong>:</strong></span> <span class='ocrx_word' id='word_1_801' title='bbox 2283 4215 2375 4283; x_wconf 91' lang='lat' dir='ltr'><strong>qui</strong></span> <span class='ocrx_word' id='word_1_802' title='bbox 2406 4214 2636 4280; x_wconf 77' lang='lat' dir='ltr'><strong>(Co/oss.</strong></span> <span class='ocrx_word' id='word_1_803' title='bbox 2675 4232 2712 4280; x_wconf 91' lang='lat' dir='ltr'><strong>i,</strong></span> <span class='ocrx_word' id='word_1_804' title='bbox 2749 4215 2839 4283; x_wconf 87' lang='grc'><strong>18)</strong></span> <span class='ocrx_word' id='word_1_805' title='bbox 2871 4226 2923 4270; x_wconf 89' lang='lat' dir='ltr'><strong>et</strong></span> <span class='ocrx_word' id='word_1_806' title='bbox 2949 4219 3346 4288; x_wconf 75' lang='lat' dir='ltr'><strong>primogenitus</strong></span> <span class='ocrx_word' id='word_1_807' title='bbox 3370 4240 3436 4276; x_wconf 80' lang='lat' dir='ltr'><strong>ex</strong></span> 
     </span>
    </p>
   </div>
   <div class='ocr_carea' id='block_1_105' title="bbox 1859 4306 3436 4378">
    <p class='ocr_par' dir='ltr' id='par_1_105' title="bbox 1859 4306 3436 4378">
     <span class='ocr_line' id='line_1_106' title="bbox 1859 4306 3436 4378; baseline 0.004 -17"><span class='ocrx_word' id='word_1_808' title='bbox 1859 4306 2112 4370; x_wconf 86' lang='lat' dir='ltr'><strong>mortuis,</strong></span> <span class='ocrx_word' id='word_1_809' title='bbox 2167 4307 2434 4375; x_wconf 86' lang='lat' dir='ltr'><strong>primitias</strong></span> <span class='ocrx_word' id='word_1_810' title='bbox 2485 4323 2679 4362; x_wconf 73' lang='lat' dir='ltr'><strong>massa:</strong></span> <span class='ocrx_word' id='word_1_811' title='bbox 2730 4325 3023 4378; x_wconf 84' lang='lat' dir='ltr'><strong>corporum</strong></span> <span class='ocrx_word' id='word_1_812' title='bbox 3073 4324 3388 4366; x_wconf 86' lang='lat' dir='ltr'><strong>nostrorum</strong></span> <span class='ocrx_word' id='word_1_813' title='bbox 3419 4353 3436 4376; x_wconf 84' lang='lat'><strong><em>.</em></strong></span> 
     </span>
    </p>
   </div>
   <div class='ocr_carea' id='block_1_106' title="bbox 1855 4398 3439 4469">
    <p class='ocr_par' dir='ltr' id='par_1_106' title="bbox 1855 4398 3439 4469">
     <span class='ocr_line' id='line_1_107' title="bbox 1855 4398 3439 4469; baseline 0.005 -21"><span class='ocrx_word' id='word_1_814' title='bbox 1855 4414 1989 4469; x_wconf 82' lang='lat' dir='ltr'><strong>quas</strong></span> <span class='ocrx_word' id='word_1_815' title='bbox 2025 4398 2077 4452; x_wconf 87' lang='lat' dir='ltr'><strong>in</strong></span> <span class='ocrx_word' id='word_1_816' title='bbox 2113 4399 2363 4466; x_wconf 90' lang='lat' dir='ltr'><strong>sepulcro</strong></span> <span class='ocrx_word' id='word_1_817' title='bbox 2393 4400 2600 4466; x_wconf 90' lang='lat' dir='ltr'><strong>positas</strong></span> <span class='ocrx_word' id='word_1_818' title='bbox 2625 4400 2932 4460; x_wconf 85' lang='lat' dir='ltr'><strong>suscitavit.</strong></span> <span class='ocrx_word' id='word_1_819' title='bbox 2960 4404 3196 4468; x_wconf 66' lang='lat' dir='ltr'><strong>pelve-xit</strong></span> <span class='ocrx_word' id='word_1_820' title='bbox 3231 4405 3296 4455; x_wconf 86' lang='lat' dir='ltr'><strong>ad</strong></span> <span class='ocrx_word' id='word_1_821' title='bbox 3328 4420 3439 4456; x_wconf 73' lang='lat' dir='ltr'><strong>em-</strong></span> 
     </span>
    </p>
   </div>
   <div class='ocr_carea' id='block_1_107' title="bbox 1856 4491 3437 4559">
    <p class='ocr_par' dir='ltr' id='par_1_107' title="bbox 1856 4491 3437 4559">
     <span class='ocr_line' id='line_1_108' title="bbox 1856 4491 3437 4559; baseline 0.003 -14"><span class='ocrx_word' id='word_1_822' title='bbox 1856 4492 1986 4550; x_wconf 88' lang='lat' dir='ltr'><strong>luin.</strong></span> <span class='ocrx_word' id='word_1_823' title='bbox 2041 4505 2191 4559; x_wconf 90' lang='lat' dir='ltr'><strong>spem</strong></span> <span class='ocrx_word' id='word_1_824' title='bbox 2244 4491 2402 4544; x_wconf 88' lang='lat' dir='ltr'><strong>nobis</strong></span> <span class='ocrx_word' id='word_1_825' title='bbox 2447 4491 2866 4546; x_wconf 84' lang='lat' dir='ltr'><strong>resurrectionis</strong></span> <span class='ocrx_word' id='word_1_826' title='bbox 2922 4493 2972 4544; x_wconf 94' lang='lat' dir='ltr'><strong>in</strong></span> <span class='ocrx_word' id='word_1_827' title='bbox 3032 4495 3437 4551; x_wconf 88' lang='lat' dir='ltr'><strong>resurrectione</strong></span> 
     </span>
    </p>
   </div>
   <div class='ocr_carea' id='block_1_108' title="bbox 1931 4601 3057 4666">
    <p class='ocr_par' dir='ltr' id='par_1_108' title="bbox 1931 4601 3057 4666">
     <span class='ocr_line' id='line_1_109' title="bbox 1931 4601 3057 4666; baseline 0 -9"><span class='ocrx_word' id='word_1_828' title='bbox 1931 4605 1952 4636; x_wconf 82' lang='grc'><strong>⁸</strong></span> <span class='ocrx_word' id='word_1_829' title='bbox 1987 4604 2120 4657; x_wconf 86' lang='lat' dir='ltr'><strong>Cod.</strong></span> <span class='ocrx_word' id='word_1_830' title='bbox 2149 4601 2203 4656; x_wconf 90' lang='lat' dir='ltr'><strong>S.</strong></span> <span class='ocrx_word' id='word_1_831' title='bbox 2231 4602 2442 4664; x_wconf 88' lang='lat' dir='ltr'><strong>Crucis,</strong></span> <span class='ocrx_word' id='word_1_832' title='bbox 2489 4601 2631 4656; x_wconf 85' lang='lat' dir='ltr'><strong>Nolo</strong></span> <span class='ocrx_word' id='word_1_833' title='bbox 2664 4613 2919 4666; x_wconf 82' lang='lat' dir='ltr'><strong>statuere,</strong></span> <span class='ocrx_word' id='word_1_834' title='bbox 2952 4611 3057 4657; x_wconf 78' lang='lat' dir='ltr'><strong>etc.</strong></span> 
     </span>
    </p>
   </div>
   <div class='ocr_carea' id='block_1_109' title="bbox 1934 4673 3428 4743">
    <p class='ocr_par' dir='ltr' id='par_1_109' title="bbox 1934 4673 3428 4743">
     <span class='ocr_line' id='line_1_110' title="bbox 1934 4673 3428 4743; baseline 0.001 -15"><span class='ocrx_word' id='word_1_835' title='bbox 1934 4676 1952 4705; x_wconf 81' lang='lat'><strong>&#39;</strong></span> <span class='ocrx_word' id='word_1_836' title='bbox 1988 4675 2275 4728; x_wconf 88' lang='lat' dir='ltr'><strong>Periodum</strong></span> <span class='ocrx_word' id='word_1_837' title='bbox 2304 4674 2469 4743; x_wconf 89' lang='lat' dir='ltr'><strong>_banc</strong></span> <span class='ocrx_word' id='word_1_838' title='bbox 2506 4687 2628 4725; x_wconf 90' lang='lat' dir='ltr'><strong>cum</strong></span> <span class='ocrx_word' id='word_1_839' title='bbox 2664 4673 2860 4738; x_wconf 82' lang='lat' dir='ltr'><strong>triplici</strong></span> <span class='ocrx_word' id='word_1_840' title='bbox 2917 4673 3206 4741; x_wconf 82' lang='lat' dir='ltr'><strong>negaiiOne</strong></span> <span class='ocrx_word' id='word_1_841' title='bbox 3241 4676 3428 4743; x_wconf 81' lang='lat' dir='ltr'><strong>legunt</strong></span> 
     </span>
    </p>
   </div>
   <div class='ocr_carea' id='block_1_110' title="bbox 1862 4741 3430 4810">
    <p class='ocr_par' dir='ltr' id='par_1_110' title="bbox 1862 4741 3430 4810">
     <span class='ocr_line' id='line_1_111' title="bbox 1862 4741 3430 4810; baseline 0.002 -17"><span class='ocrx_word' id='word_1_842' title='bbox 1862 4746 2142 4810; x_wconf 82' lang='lat' dir='ltr'><strong>hucusque</strong></span> <span class='ocrx_word' id='word_1_843' title='bbox 2187 4741 2312 4795; x_wconf 90' lang='lat' dir='ltr'><strong>editi</strong></span> <span class='ocrx_word' id='word_1_844' title='bbox 2351 4752 2470 4808; x_wconf 86' lang='lat' dir='ltr'><strong>post</strong></span> <span class='ocrx_word' id='word_1_845' title='bbox 2508 4744 2792 4794; x_wconf 70' lang='lat' dir='ltr'><strong>lirasmuin</strong></span> <span class='ocrx_word' id='word_1_846' title='bbox 2820 4781 2833 4801; x_wconf 88' lang='lat'><strong>.</strong></span> <span class='ocrx_word' id='word_1_847' title='bbox 2869 4754 2918 4796; x_wconf 88' lang='lat' dir='ltr'><strong>et</strong></span> <span class='ocrx_word' id='word_1_848' title='bbox 2952 4759 3052 4794; x_wconf 87' lang='lat' dir='ltr'><strong>non</strong></span> <span class='ocrx_word' id='word_1_849' title='bbox 3084 4741 3382 4810; x_wconf 79' lang='lat' dir='ltr'><strong>placuerint</strong></span> <span class='ocrx_word' id='word_1_850' title='bbox 3417 4787 3430 4806; x_wconf 88' lang='lat'><strong>,</strong></span> 
     </span>
    </p>
   </div>
   <div class='ocr_carea' id='block_1_111' title="bbox 1860 4811 3432 4880">
    <p class='ocr_par' dir='ltr' id='par_1_111' title="bbox 1860 4811 3432 4880">
     <span class='ocr_line' id='line_1_112' title="bbox 1860 4811 3432 4880; baseline 0 -11"><span class='ocrx_word' id='word_1_851' title='bbox 1860 4818 1969 4869; x_wconf 82' lang='lat' dir='ltr'><strong>scio</strong></span> <span class='ocrx_word' id='word_1_852' title='bbox 1996 4815 2133 4866; x_wconf 87' lang='lat' dir='ltr'><strong>enim</strong></span> <span class='ocrx_word' id='word_1_853' title='bbox 2164 4811 2302 4863; x_wconf 85' lang='lat' dir='ltr'><strong>haud</strong></span> <span class='ocrx_word' id='word_1_854' title='bbox 2329 4813 2618 4875; x_wconf 87' lang='lat' dir='ltr'><strong>placitura,</strong></span> <span class='ocrx_word' id='word_1_855' title='bbox 2656 4820 2708 4864; x_wconf 91' lang='lat' dir='ltr'><strong>et</strong></span> <span class='ocrx_word' id='word_1_856' title='bbox 2744 4828 2888 4872; x_wconf 82' lang='lat' dir='ltr'><strong>mox.</strong></span> <span class='ocrx_word' id='word_1_857' title='bbox 2915 4815 2961 4866; x_wconf 79' lang='lat' dir='ltr'><strong>si</strong></span> <span class='ocrx_word' id='word_1_858' title='bbox 2991 4815 3084 4865; x_wconf 87' lang='lat' dir='ltr'><strong>tibi</strong></span> <span class='ocrx_word' id='word_1_859' title='bbox 3107 4830 3286 4880; x_wconf 74' lang='lat' dir='ltr'><strong>postea</strong></span> <span class='ocrx_word' id='word_1_860' title='bbox 3329 4835 3432 4870; x_wconf 84' lang='lat' dir='ltr'><strong>non</strong></span> 
     </span>
    </p>
   </div>
   <div class='ocr_carea' id='block_1_112' title="bbox 1861 4882 3435 4955">
    <p class='ocr_par' dir='ltr' id='par_1_112' title="bbox 1861 4882 3435 4955">
     <span class='ocr_line' id='line_1_113' title="bbox 1861 4882 3435 4955; baseline 0.001 -17"><span class='ocrx_word' id='word_1_861' title='bbox 1861 4886 2177 4955; x_wconf 79' lang='lat' dir='ltr'><strong>placuerint.</strong></span> <span class='ocrx_word' id='word_1_862' title='bbox 2205 4882 2278 4934; x_wconf 80' lang='lat' dir='ltr'><strong>Ex</strong></span> <span class='ocrx_word' id='word_1_863' title='bbox 2301 4891 2421 4955; x_wconf 81' lang='lat' dir='ltr'><strong>toto</strong></span> <span class='ocrx_word' id='word_1_864' title='bbox 2458 4895 2635 4934; x_wconf 86' lang='lat' dir='ltr'><strong>autem</strong></span> <span class='ocrx_word' id='word_1_865' title='bbox 2667 4894 2926 4936; x_wconf 78' lang='lat' dir='ltr'><strong>contextu</strong></span> <span class='ocrx_word' id='word_1_866' title='bbox 2957 4900 3016 4934; x_wconf 87' lang='lat' dir='ltr'><strong>ac</strong></span> <span class='ocrx_word' id='word_1_867' title='bbox 3054 4886 3195 4955; x_wconf 73' lang='lat' dir='ltr'><strong>serie</strong></span> <span class='ocrx_word' id='word_1_868' title='bbox 3229 4888 3435 4940; x_wconf 82' lang='lat' dir='ltr'><strong>oratio-</strong></span> 
     </span>
    </p>
   </div>
   <div class='ocr_carea' id='block_1_113' title="bbox 1864 4953 3432 5022">
    <p class='ocr_par' dir='ltr' id='par_1_113' title="bbox 1864 4953 3432 5022">
     <span class='ocr_line' id='line_1_114' title="bbox 1864 4953 3432 5022; baseline 0.001 -13"><span class='ocrx_word' id='word_1_869' title='bbox 1864 4953 1947 5009; x_wconf 81' lang='lat' dir='ltr'><strong>nis</strong></span> <span class='ocrx_word' id='word_1_870' title='bbox 1979 4967 2030 5008; x_wconf 86' lang='lat' dir='ltr'><strong>et</strong></span> <span class='ocrx_word' id='word_1_871' title='bbox 2062 4953 2343 5022; x_wconf 86' lang='lat' dir='ltr'><strong>scriptoris</strong></span> <span class='ocrx_word' id='word_1_872' title='bbox 2374 4962 2552 5006; x_wconf 73' lang='lat' dir='ltr'><strong>mente</strong></span> <span class='ocrx_word' id='word_1_873' title='bbox 2603 4955 2789 5018; x_wconf 87' lang='lat' dir='ltr'><strong>liquet,</strong></span> <span class='ocrx_word' id='word_1_874' title='bbox 2829 4954 3110 5006; x_wconf 89' lang='lat' dir='ltr'><strong>contrario</strong></span> <span class='ocrx_word' id='word_1_875' title='bbox 3143 4955 3432 5022; x_wconf 75' lang='lat' dir='ltr'><strong>legendum</strong></span> 
     </span>
    </p>
   </div>
   <div class='ocr_carea' id='block_1_114' title="bbox 1861 5023 3428 5092">
    <p class='ocr_par' dir='ltr' id='par_1_114' title="bbox 1861 5023 3428 5092">
     <span class='ocr_line' id='line_1_115' title="bbox 1861 5023 3428 5092; baseline -0.018 -11"><span class='ocrx_word' id='word_1_876' title='bbox 1861 5042 1981 5080; x_wconf 76' lang='lat' dir='ltr'><strong>esse</strong></span> <span class='ocrx_word' id='word_1_877' title='bbox 2013 5039 2219 5086; x_wconf 83' lang='lat' dir='ltr'><strong>sensu,</strong></span> <span class='ocrx_word' id='word_1_878' title='bbox 2271 5024 2581 5092; x_wconf 71' lang='lat' dir='ltr'><strong>ll&#39;lilatllquc</strong></span> <span class='ocrx_word' id='word_1_879' title='bbox 2627 5024 2771 5074; x_wconf 75' lang='lat' dir='ltr'><strong>illa...</strong></span> <span class='ocrx_word' id='word_1_880' title='bbox 2819 5023 3057 5091; x_wconf 59' lang='lat' dir='ltr'><strong>negandi</strong></span> <span class='ocrx_word' id='word_1_881' title='bbox 3100 5027 3428 5092; x_wconf 52' lang='lat' dir='ltr'><strong>paniculum</strong></span> 
     </span>
    </p>
   </div>
   <div class='ocr_carea' id='block_1_115' title="bbox 1862 5090 3433 5163">
    <p class='ocr_par' dir='ltr' id='par_1_115' title="bbox 1862 5090 3433 5163">
     <span class='ocr_line' id='line_1_116' title="bbox 1862 5090 3433 5163; baseline 0.003 -17"><span class='ocrx_word' id='word_1_882' title='bbox 1862 5096 2299 5163; x_wconf 66' lang='lat' dir='ltr'><strong>expin‘igendam.</strong></span> <span class='ocrx_word' id='word_1_883' title='bbox 2343 5090 2528 5158; x_wconf 76' lang='lat' dir='ltr'><strong>Neque</strong></span> <span class='ocrx_word' id='word_1_884' title='bbox 2568 5093 2746 5163; x_wconf 66' lang='lat' dir='ltr'><strong>cnim,</strong></span> <span class='ocrx_word' id='word_1_885' title='bbox 2776 5090 2921 5156; x_wconf 81' lang='lat' dir='ltr'><strong>quod</strong></span> <span class='ocrx_word' id='word_1_886' title='bbox 2961 5090 3433 5149; x_wconf 57' lang='lat' dir='ltr'><strong>szitisrscitaiiter</strong></span> 
     </span>
    </p>
   </div>
   <div class='ocr_carea' id='block_1_116' title="bbox 1863 5160 3432 5231">
    <p class='ocr_par' dir='ltr' id='par_1_116' title="bbox 1863 5160 3432 5231">
     <span class='ocr_line' id='line_1_117' title="bbox 1863 5160 3432 5231; baseline -0.001 -13"><span class='ocrx_word' id='word_1_887' title='bbox 1863 5160 2209 5218; x_wconf 63' lang='lat' dir='ltr'><strong>Martianaeiis</strong></span> <span class='ocrx_word' id='word_1_888' title='bbox 2255 5163 2476 5229; x_wconf 85' lang='lat' dir='ltr'><strong>scripsit</strong></span> <span class='ocrx_word' id='word_1_889' title='bbox 2507 5202 2518 5220; x_wconf 87' lang='lat'><strong>,</strong></span> <span class='ocrx_word' id='word_1_890' title='bbox 2563 5160 2718 5213; x_wconf 63' lang='lat' dir='ltr'><strong>Fides</strong></span> <span class='ocrx_word' id='word_1_891' title='bbox 2752 5164 3007 5215; x_wconf 75' lang='lat' dir='ltr'><strong>Erelesia:</strong></span> <span class='ocrx_word' id='word_1_892' title='bbox 3039 5172 3117 5214; x_wconf 85' lang='lat' dir='ltr'><strong>cst</strong></span> <span class='ocrx_word' id='word_1_893' title='bbox 3151 5181 3271 5231; x_wconf 68' lang='lat' dir='ltr'><strong>quae</strong></span> <span class='ocrx_word' id='word_1_894' title='bbox 3306 5168 3432 5217; x_wconf 85' lang='lat' dir='ltr'><strong>sub-</strong></span> 
     </span>
    </p>
   </div>
   <div class='ocr_carea' id='block_1_117' title="bbox 1863 5233 3427 5298">
    <p class='ocr_par' dir='ltr' id='par_1_117' title="bbox 1863 5233 3427 5298">
     <span class='ocr_line' id='line_1_118' title="bbox 1863 5233 3427 5298; baseline 0.002 -16"><span class='ocrx_word' id='word_1_895' title='bbox 1863 5239 2096 5287; x_wconf 59' lang='lat' dir='ltr'><strong>nectitur</strong></span> <span class='ocrx_word' id='word_1_896' title='bbox 2131 5243 2294 5298; x_wconf 83' lang='lat' dir='ltr'><strong>atque</strong></span> <span class='ocrx_word' id='word_1_897' title='bbox 2369 5233 2712 5295; x_wconf 71' lang='lat' dir='ltr'><strong>eventilatur,</strong></span> <span class='ocrx_word' id='word_1_898' title='bbox 2765 5236 2857 5285; x_wconf 80' lang='lat' dir='ltr'><strong>sed</strong></span> <span class='ocrx_word' id='word_1_899' title='bbox 2903 5234 3165 5294; x_wconf 74' lang='lat' dir='ltr'><strong>Joannis,</strong></span> <span class='ocrx_word' id='word_1_900' title='bbox 3217 5237 3427 5287; x_wconf 79' lang='lat' dir='ltr'><strong>subdoli</strong></span> 
     </span>
    </p>
   </div>
   <div class='ocr_carea' id='block_1_118' title="bbox 1863 5304 3428 5372">
    <p class='ocr_par' dir='ltr' id='par_1_118' title="bbox 1863 5304 3428 5372">
     <span class='ocr_line' id='line_1_119' title="bbox 1863 5304 3428 5372; baseline 0 -15"><span class='ocrx_word' id='word_1_901' title='bbox 1863 5307 2120 5362; x_wconf 68' lang='lat' dir='ltr'><strong>haeretici.</strong></span> <span class='ocrx_word' id='word_1_902' title='bbox 2167 5319 2288 5372; x_wconf 72' lang='lat' dir='ltr'><strong>quae</strong></span> <span class='ocrx_word' id='word_1_903' title='bbox 2343 5304 2636 5354; x_wconf 84' lang='lat' dir='ltr'><strong>artiliciose</strong></span> <span class='ocrx_word' id='word_1_904' title='bbox 2688 5304 2822 5354; x_wconf 76' lang='lat' dir='ltr'><strong>adeo</strong></span> <span class='ocrx_word' id='word_1_905' title='bbox 2881 5306 3102 5365; x_wconf 84' lang='lat' dir='ltr'><strong>texitur,</strong></span> <span class='ocrx_word' id='word_1_906' title='bbox 3153 5311 3208 5354; x_wconf 95' lang='lat' dir='ltr'><strong>ut</strong></span> <span class='ocrx_word' id='word_1_907' title='bbox 3254 5307 3428 5368; x_wconf 80' lang='lat' dir='ltr'><strong>prima</strong></span> 
     </span>
    </p>
   </div>
   <div class='ocr_carea' id='block_1_119' title="bbox 1863 5372 3429 5441">
    <p class='ocr_par' dir='ltr' id='par_1_119' title="bbox 1863 5372 3429 5441">
     <span class='ocr_line' id='line_1_120' title="bbox 1863 5372 3429 5441; baseline 0.001 -16"><span class='ocrx_word' id='word_1_908' title='bbox 1863 5377 2038 5427; x_wconf 77' lang='lat' dir='ltr'><strong>fronte</strong></span> <span class='ocrx_word' id='word_1_909' title='bbox 2082 5377 2308 5441; x_wconf 80' lang='lat' dir='ltr'><strong>placeat.</strong></span> <span class='ocrx_word' id='word_1_910' title='bbox 2365 5376 2598 5423; x_wconf 76' lang='lat' dir='ltr'><strong>maxime</strong></span> <span class='ocrx_word' id='word_1_911' title='bbox 2647 5372 3046 5439; x_wconf 76' lang='lat' dir='ltr'><strong>ignorantibus,</strong></span> <span class='ocrx_word' id='word_1_912' title='bbox 3102 5382 3155 5426; x_wconf 86' lang='lat' dir='ltr'><strong>et</strong></span> <span class='ocrx_word' id='word_1_913' title='bbox 3194 5377 3283 5440; x_wconf 86' lang='lat' dir='ltr'><strong>qui</strong></span> <span class='ocrx_word' id='word_1_914' title='bbox 3323 5377 3429 5426; x_wconf 83' lang='lat' dir='ltr'><strong>doli</strong></span> 
     </span>
    </p>
   </div>
   <div class='ocr_carea' id='block_1_120' title="bbox 1862 5441 3432 5512">
    <p class='ocr_par' dir='ltr' id='par_1_120' title="bbox 1862 5441 3432 5512">
     <span class='ocr_line' id='line_1_121' title="bbox 1862 5441 3432 5512; baseline -0.004 -14"><span class='ocrx_word' id='word_1_915' title='bbox 1862 5447 1991 5498; x_wconf 90' lang='lat' dir='ltr'><strong>nihil</strong></span> <span class='ocrx_word' id='word_1_916' title='bbox 2026 5445 2391 5512; x_wconf 75' lang='lat' dir='ltr'><strong>suspicentur.</strong></span> <span class='ocrx_word' id='word_1_917' title='bbox 2443 5441 2536 5493; x_wconf 87' lang='lat' dir='ltr'><strong>sed</strong></span> <span class='ocrx_word' id='word_1_918' title='bbox 2592 5455 2711 5512; x_wconf 51' lang='lat' dir='ltr'><strong>post</strong></span> <span class='ocrx_word' id='word_1_919' title='bbox 2761 5443 3073 5511; x_wconf 80' lang='lat' dir='ltr'><strong>Hieronymi</strong></span> <span class='ocrx_word' id='word_1_920' title='bbox 3118 5444 3432 5510; x_wconf 75' lang='lat' dir='ltr'><strong>responsio~</strong></span> 
     </span>
    </p>
   </div>
   <div class='ocr_carea' id='block_1_121' title="bbox 1862 5511 3438 5582">
    <p class='ocr_par' dir='ltr' id='par_1_121' title="bbox 1862 5511 3438 5582">
     <span class='ocr_line' id='line_1_122' title="bbox 1862 5511 3438 5582; baseline -0.002 -14"><span class='ocrx_word' id='word_1_921' title='bbox 1862 5533 2006 5577; x_wconf 82' lang='lat' dir='ltr'><strong>nem,</strong></span> <span class='ocrx_word' id='word_1_922' title='bbox 2042 5518 2083 5567; x_wconf 87' lang='lat' dir='ltr'><strong>si</strong></span> <span class='ocrx_word' id='word_1_923' title='bbox 2115 5511 2397 5582; x_wconf 80' lang='lat' dir='ltr'><strong>placui-rit,</strong></span> <span class='ocrx_word' id='word_1_924' title='bbox 2431 5516 2541 5578; x_wconf 78' lang='lat' dir='ltr'><strong>ipse</strong></span> <span class='ocrx_word' id='word_1_925' title='bbox 2580 5511 2705 5563; x_wconf 67' lang='lat' dir='ltr'><strong>vi-lit</strong></span> <span class='ocrx_word' id='word_1_926' title='bbox 2729 5516 3018 5564; x_wconf 65' lang='lat' dir='ltr'><strong>calumniae</strong></span> <span class='ocrx_word' id='word_1_927' title='bbox 3051 5515 3319 5565; x_wconf 74' lang='lat' dir='ltr'><strong>denotari.</strong></span> <span class='ocrx_word' id='word_1_928' title='bbox 3359 5513 3438 5572; x_wconf 72' lang='lat' dir='ltr'><strong>Ita</strong></span> 
     </span>
    </p>
   </div>
   <div class='ocr_carea' id='block_1_122' title="bbox 1860 5582 3433 5654">
    <p class='ocr_par' dir='ltr' id='par_1_122' title="bbox 1860 5582 3433 5654">
     <span class='ocr_line' id='line_1_123' title="bbox 1860 5582 3433 5654; baseline -0.001 -19"><span class='ocrx_word' id='word_1_929' title='bbox 1860 5597 2118 5654; x_wconf 67' lang='lat' dir='ltr'><strong>prietciea</strong></span> <span class='ocrx_word' id='word_1_930' title='bbox 2164 5585 2311 5654; x_wconf 65' lang='lat' dir='ltr'><strong>legit,</strong></span> <span class='ocrx_word' id='word_1_931' title='bbox 2363 5583 2819 5654; x_wconf 70' lang='lat' dir='ltr'><strong>qiieiziailniudiiui</strong></span> <span class='ocrx_word' id='word_1_932' title='bbox 2858 5594 2906 5634; x_wconf 76' lang='lat' dir='ltr'><strong>et</strong></span> <span class='ocrx_word' id='word_1_933' title='bbox 2941 5582 3224 5634; x_wconf 71' lang='lat' dir='ltr'><strong>enirndavi</strong></span> <span class='ocrx_word' id='word_1_934' title='bbox 3251 5623 3264 5646; x_wconf 95' lang='lat'><strong>,</strong></span> <span class='ocrx_word' id='word_1_935' title='bbox 3299 5602 3433 5649; x_wconf 60' lang='lat' dir='ltr'><strong>pinu</strong></span> 
     </span>
    </p>
   </div>
   <div class='ocr_carea' id='block_1_123' title="bbox 1860 5651 3432 5718">
    <p class='ocr_par' dir='ltr' id='par_1_123' title="bbox 1860 5651 3432 5718">
     <span class='ocr_line' id='line_1_124' title="bbox 1860 5651 3432 5718; baseline -0.004 -9"><span class='ocrx_word' id='word_1_936' title='bbox 1860 5651 2229 5709; x_wconf 75' lang='lat' dir='ltr'><strong>stantissimns</strong></span> <span class='ocrx_word' id='word_1_937' title='bbox 2262 5651 2320 5704; x_wconf 85' lang='lat' dir='ltr'><strong>S.</strong></span> <span class='ocrx_word' id='word_1_938' title='bbox 2354 5653 2547 5703; x_wconf 69' lang='lat' dir='ltr'><strong>Crucis</strong></span> <span class='ocrx_word' id='word_1_939' title='bbox 2580 5671 2707 5708; x_wconf 62' lang='lat' dir='ltr'><strong>Itis”</strong></span> <span class='ocrx_word' id='word_1_940' title='bbox 2736 5654 2962 5718; x_wconf 67' lang='lat' dir='ltr'><strong>dun-que</strong></span> <span class='ocrx_word' id='word_1_941' title='bbox 2998 5664 3204 5706; x_wconf 74' lang='lat' dir='ltr'><strong>\etcres</strong></span> <span class='ocrx_word' id='word_1_942' title='bbox 3238 5657 3432 5705; x_wconf 77' lang='lat' dir='ltr'><strong>editio-</strong></span> 
     </span>
    </p>
   </div>
   <div class='ocr_carea' id='block_1_124' title="bbox 1861 5722 3430 5792">
    <p class='ocr_par' dir='ltr' id='par_1_124' title="bbox 1861 5722 3430 5792">
     <span class='ocr_line' id='line_1_125' title="bbox 1861 5722 3430 5792; baseline -0.003 -14"><span class='ocrx_word' id='word_1_943' title='bbox 1861 5743 1975 5787; x_wconf 75' lang='lat' dir='ltr'><strong>nes,</strong></span> <span class='ocrx_word' id='word_1_944' title='bbox 2007 5727 2173 5778; x_wconf 78' lang='lat' dir='ltr'><strong>alti-ra</strong></span> <span class='ocrx_word' id='word_1_945' title='bbox 2214 5723 2457 5775; x_wconf 78' lang='lat' dir='ltr'><strong>Venriiis</strong></span> <span class='ocrx_word' id='word_1_946' title='bbox 2489 5722 2645 5792; x_wconf 63' lang='grc'>1496,</span> <span class='ocrx_word' id='word_1_947' title='bbox 2676 5724 2840 5773; x_wconf 80' lang='lat' dir='ltr'><strong>altera</strong></span> <span class='ocrx_word' id='word_1_948' title='bbox 2875 5740 2962 5773; x_wconf 86' lang='lat' dir='ltr'><strong>an.</strong></span> <span class='ocrx_word' id='word_1_949' title='bbox 2997 5725 3304 5792; x_wconf 75' lang='lat' dir='ltr'><strong>insequenti</strong></span> <span class='ocrx_word' id='word_1_950' title='bbox 3342 5723 3430 5776; x_wconf 81' lang='lat' dir='ltr'><strong>Ni-</strong></span> 
     </span>
    </p>
   </div>
   <div class='ocr_carea' id='block_1_125' title="bbox 1858 5791 3430 5861">
    <p class='ocr_par' dir='ltr' id='par_1_125' title="bbox 1858 5791 3430 5861">
     <span class='ocr_line' id='line_1_126' title="bbox 1858 5791 3430 5861; baseline -0.001 -13"><span class='ocrx_word' id='word_1_951' title='bbox 1858 5797 1992 5848; x_wconf 77' lang='lat' dir='ltr'><strong>rolai</strong></span> <span class='ocrx_word' id='word_1_952' title='bbox 2060 5793 2241 5846; x_wconf 72' lang='lat' dir='ltr'><strong>Kcslet</strong></span> <span class='ocrx_word' id='word_1_953' title='bbox 2303 5794 2436 5844; x_wconf 66' lang='lat' dir='ltr'><strong>iiiis</strong></span> <span class='ocrx_word' id='word_1_954' title='bbox 2488 5791 2837 5856; x_wconf 68' lang='lat' dir='ltr'><strong>Basileensis,</strong></span> <span class='ocrx_word' id='word_1_955' title='bbox 2890 5811 3010 5861; x_wconf 68' lang='lat' dir='ltr'><strong>quae</strong></span> <span class='ocrx_word' id='word_1_956' title='bbox 3063 5791 3430 5860; x_wconf 81' lang='lat' dir='ltr'><strong>i-tsiiperioii</strong></span> 
     </span>
    </p>
   </div>
   <div class='ocr_carea' id='block_1_126' title="bbox 1862 5863 3332 5928">
    <p class='ocr_par' dir='ltr' id='par_1_126' title="bbox 1862 5863 3332 5928">
     <span class='ocr_line' id='line_1_127' title="bbox 1862 5863 3332 5928; baseline -0.002 -9"><span class='ocrx_word' id='word_1_957' title='bbox 1862 5883 2020 5919; x_wconf 73' lang='lat' dir='ltr'><strong>\‘t&#39;l&#39;s‘tt</strong></span> <span class='ocrx_word' id='word_1_958' title='bbox 2069 5867 2288 5928; x_wconf 85' lang='lat' dir='ltr'><strong>habent,</strong></span> <span class='ocrx_word' id='word_1_959' title='bbox 2319 5863 2380 5914; x_wconf 80' lang='lat' dir='ltr'><strong>de</strong></span> <span class='ocrx_word' id='word_1_960' title='bbox 2409 5864 2790 5916; x_wconf 74' lang='lat' dir='ltr'><strong>resurrectione</strong></span> <span class='ocrx_word' id='word_1_961' title='bbox 2827 5863 3112 5916; x_wconf 68' lang='lat' dir='ltr'><strong>Dominira&#39;</strong></span> <span class='ocrx_word' id='word_1_962' title='bbox 3139 5865 3332 5916; x_wconf 72' lang='lat' dir='ltr'><strong>(antis.</strong></span> 
     </span>
    </p>
   </div>
  </div>
