  <div class='ocr_page' id='page_1' title='image "/cluster/home/n/w/nwhite01/storage/ocr_20150623/23/hvd.32044012674545/207.png"; bbox 0 0 4202 6470; ppageno 0'>
   <div class='ocr_carea' id='block_1_1' title="bbox 743 413 845 478">
    <p class='ocr_par' dir='ltr' id='par_1_1' title="bbox 743 413 845 478">
     <span class='ocr_line' id='line_1_1' title="bbox 743 413 845 478; baseline -0.01 -1"><span class='ocrx_word' id='word_1_1' title='bbox 743 413 845 478; x_wconf 83' lang='lat'><strong>391</strong></span> 
     </span>
    </p>
   </div>
   <div class='ocr_carea' id='block_1_2' title="bbox 1960 392 2854 459">
    <p class='ocr_par' dir='ltr' id='par_1_2' title="bbox 1960 392 2854 459">
     <span class='ocr_line' id='line_1_2' title="bbox 1960 392 2854 459; baseline 0.006 -7"><span class='ocrx_word' id='word_1_2' title='bbox 1960 394 2018 452; x_wconf 90' lang='lat' dir='ltr'><strong>S.</strong></span> <span class='ocrx_word' id='word_1_3' title='bbox 2061 392 2379 456; x_wconf 85' lang='lat' dir='ltr'><strong>EUSEBII</strong></span> <span class='ocrx_word' id='word_1_4' title='bbox 2412 393 2854 459; x_wconf 75' lang='lat' dir='ltr'><strong>HIERONYMI</strong></span> 
     </span>
    </p>
   </div>
   <div class='ocr_carea' id='block_1_3' title="bbox 3924 401 4024 465">
    <p class='ocr_par' dir='ltr' id='par_1_3' title="bbox 3924 401 4024 465">
     <span class='ocr_line' id='line_1_3' title="bbox 3924 401 4024 465; baseline 0.02 -2"><span class='ocrx_word' id='word_1_5' title='bbox 3924 401 4024 465; x_wconf 73' lang='lat'><strong>392</strong></span> 
     </span>
    </p>
   </div>
   <div class='ocr_carea' id='block_1_4' title="bbox 742 515 4032 596">
    <p class='ocr_par' dir='ltr' id='par_1_4' title="bbox 742 515 4032 596">
     <span class='ocr_line' id='line_1_4' title="bbox 742 515 4032 596; baseline -0.001 -18"><span class='ocrx_word' id='word_1_6' title='bbox 742 522 948 596; x_wconf 80' lang='lat' dir='ltr'><strong>proprii</strong></span> <span class='ocrx_word' id='word_1_7' title='bbox 977 521 1224 592; x_wconf 90' lang='lat' dir='ltr'><strong>corporis</strong></span> <span class='ocrx_word' id='word_1_8' title='bbox 1265 517 1515 574; x_wconf 92' lang='lat' dir='ltr'><strong>tribuens</strong></span> <span class='ocrx_word' id='word_1_9' title='bbox 1552 534 1565 570; x_wconf 92' lang='lat'>:</span> <span class='ocrx_word' id='word_1_10' title='bbox 1608 515 1752 569; x_wconf 88' lang='lat' dir='ltr'><strong>unde</strong></span> <span class='ocrx_word' id='word_1_11' title='bbox 1783 522 1834 568; x_wconf 87' lang='lat' dir='ltr'><strong>et</strong></span> <span class='ocrx_word' id='word_1_12' title='bbox 1870 528 2063 568; x_wconf 72' lang='lat' dir='ltr'><strong>omnes</strong></span> <span class='ocrx_word' id='word_1_13' title='bbox 2099 515 2176 568; x_wconf 85' lang='lat' dir='ltr'><strong>sic</strong></span> <span class='ocrx_word' id='word_1_14' title='bbox 2207 528 2328 581; x_wconf 89' lang='lat' dir='ltr'><strong>spe-</strong></span> <span class='ocrx_word' id='word_1_15' title='bbox 2355 521 2404 577; x_wconf 77' lang='grc' dir='ltr'>Α</span> <span class='ocrx_word' id='word_1_16' title='bbox 2432 515 2553 572; x_wconf 89' lang='lat' dir='ltr'><strong>dias</strong></span> <span class='ocrx_word' id='word_1_17' title='bbox 2585 517 2923 586; x_wconf 76' lang='lat' dir='ltr'><strong>suspicatur.</strong></span> <span class='ocrx_word' id='word_1_18' title='bbox 2962 517 3146 572; x_wconf 79' lang='lat' dir='ltr'><strong>Credit</strong></span> <span class='ocrx_word' id='word_1_19' title='bbox 3174 534 3296 573; x_wconf 78' lang='lat' dir='ltr'><strong>esse</strong></span> <span class='ocrx_word' id='word_1_20' title='bbox 3333 521 3478 591; x_wconf 91' lang='lat' dir='ltr'><strong>quod</strong></span> <span class='ocrx_word' id='word_1_21' title='bbox 3512 519 3735 575; x_wconf 87' lang='lat' dir='ltr'><strong>dicitur.</strong></span> <span class='ocrx_word' id='word_1_22' title='bbox 3774 519 4032 576; x_wconf 81' lang='lat' dir='ltr'><strong>Sanctio-</strong></span> 
     </span>
    </p>
   </div>
   <div class='ocr_carea' id='block_1_5' title="bbox 747 608 2334 684">
    <p class='ocr_par' dir='ltr' id='par_1_5' title="bbox 747 608 2334 684">
     <span class='ocr_line' id='line_1_5' title="bbox 747 608 2334 684; baseline -0.007 -13"><span class='ocrx_word' id='word_1_23' title='bbox 747 631 939 670; x_wconf 87' lang='lat' dir='ltr'><strong>ramus</strong></span> <span class='ocrx_word' id='word_1_24' title='bbox 973 629 1266 684; x_wconf 73' lang='lat' dir='ltr'><strong>resurgere</strong></span> <span class='ocrx_word' id='word_1_25' title='bbox 1312 628 1374 668; x_wconf 88' lang='lat' dir='ltr'><strong>ex</strong></span> <span class='ocrx_word' id='word_1_26' title='bbox 1410 609 1660 671; x_wconf 89' lang='lat' dir='ltr'><strong>mortuis,</strong></span> <span class='ocrx_word' id='word_1_27' title='bbox 1695 608 1839 664; x_wconf 81' lang='lat' dir='ltr'><strong>sicut</strong></span> <span class='ocrx_word' id='word_1_28' title='bbox 1875 609 1963 662; x_wconf 89' lang='lat' dir='ltr'><strong>ille</strong></span> <span class='ocrx_word' id='word_1_29' title='bbox 2014 608 2334 662; x_wconf 68' lang='lat' dir='ltr'><strong>resurrexit.</strong></span> 
     </span>
    </p>
   </div>
   <div class='ocr_carea' id='block_1_6' title="bbox 741 702 2326 779">
    <p class='ocr_par' dir='ltr' id='par_1_6' title="bbox 741 702 2326 779">
     <span class='ocr_line' id='line_1_6' title="bbox 741 702 2326 779; baseline -0.009 -14"><span class='ocrx_word' id='word_1_30' title='bbox 741 710 864 765; x_wconf 82' lang='lat' dir='ltr'><strong>Non</strong></span> <span class='ocrx_word' id='word_1_31' title='bbox 896 710 948 764; x_wconf 89' lang='lat' dir='ltr'><strong>in</strong></span> <span class='ocrx_word' id='word_1_32' title='bbox 979 708 1105 764; x_wconf 88' lang='lat' dir='ltr'><strong>aliis</strong></span> <span class='ocrx_word' id='word_1_33' title='bbox 1125 708 1449 779; x_wconf 81' lang='lat' dir='ltr'><strong>quibusdam</strong></span> <span class='ocrx_word' id='word_1_34' title='bbox 1486 704 1791 773; x_wconf 78' lang='lat' dir='ltr'><strong>peregrinis</strong></span> <span class='ocrx_word' id='word_1_35' title='bbox 1814 711 1866 756; x_wconf 91' lang='lat' dir='ltr'><strong>et</strong></span> <span class='ocrx_word' id='word_1_36' title='bbox 1895 705 1946 756; x_wconf 93' lang='lat' dir='ltr'><strong>in</strong></span> <span class='ocrx_word' id='word_1_37' title='bbox 1981 702 2170 757; x_wconf 90' lang='lat' dir='ltr'><strong>alienis</strong></span> <span class='ocrx_word' id='word_1_38' title='bbox 2203 717 2326 754; x_wconf 83' lang='lat' dir='ltr'><strong>cor-</strong></span> 
     </span>
    </p>
   </div>
   <div class='ocr_carea' id='block_1_7' title="bbox 745 795 2335 875">
    <p class='ocr_par' dir='ltr' id='par_1_7' title="bbox 745 795 2335 875">
     <span class='ocr_line' id='line_1_7' title="bbox 745 795 2335 875; baseline -0.007 -17"><span class='ocrx_word' id='word_1_39' title='bbox 745 804 994 875; x_wconf 85' lang='lat' dir='ltr'><strong>poribus,</strong></span> <span class='ocrx_word' id='word_1_40' title='bbox 1032 818 1153 874; x_wconf 69' lang='lat' dir='ltr'><strong>qua:</strong></span> <span class='ocrx_word' id='word_1_41' title='bbox 1196 811 1556 856; x_wconf 84' lang='lat' dir='ltr'><strong>assumuntur</strong></span> <span class='ocrx_word' id='word_1_42' title='bbox 1591 798 1646 852; x_wconf 93' lang='lat' dir='ltr'><strong>in</strong></span> <span class='ocrx_word' id='word_1_43' title='bbox 1675 797 2057 868; x_wconf 75' lang='lat' dir='ltr'><strong>phantasmate</strong></span> <span class='ocrx_word' id='word_1_44' title='bbox 2093 811 2105 846; x_wconf 90' lang='lat'><strong>:</strong></span> <span class='ocrx_word' id='word_1_45' title='bbox 2137 795 2229 848; x_wconf 89' lang='lat' dir='ltr'><strong>sed</strong></span> <span class='ocrx_word' id='word_1_46' title='bbox 2261 795 2335 848; x_wconf 63' lang='grc' dir='ltr'><strong>εἰς</strong></span> 
     </span>
    </p>
   </div>
   <div class='ocr_carea' id='block_1_8' title="bbox 746 887 2333 964">
    <p class='ocr_par' dir='ltr' id='par_1_8' title="bbox 746 887 2333 964">
     <span class='ocr_line' id='line_1_8' title="bbox 746 887 2333 964; baseline -0.008 -14"><span class='ocrx_word' id='word_1_47' title='bbox 746 904 843 952; x_wconf 92' lang='lat' dir='ltr'><strong>cut</strong></span> <span class='ocrx_word' id='word_1_48' title='bbox 881 894 1005 964; x_wconf 87' lang='lat' dir='ltr'><strong>ipse</strong></span> <span class='ocrx_word' id='word_1_49' title='bbox 1039 895 1092 948; x_wconf 90' lang='lat' dir='ltr'><strong>in</strong></span> <span class='ocrx_word' id='word_1_50' title='bbox 1129 893 1221 947; x_wconf 89' lang='lat' dir='ltr'><strong>illo</strong></span> <span class='ocrx_word' id='word_1_51' title='bbox 1253 906 1502 961; x_wconf 90' lang='lat' dir='ltr'><strong>corpore,</strong></span> <span class='ocrx_word' id='word_1_52' title='bbox 1535 889 1678 960; x_wconf 87' lang='lat' dir='ltr'><strong>quod</strong></span> <span class='ocrx_word' id='word_1_53' title='bbox 1713 887 1854 957; x_wconf 88' lang='lat' dir='ltr'><strong>apud</strong></span> <span class='ocrx_word' id='word_1_54' title='bbox 1898 901 1999 941; x_wconf 83' lang='lat' dir='ltr'><strong>nos</strong></span> <span class='ocrx_word' id='word_1_55' title='bbox 2045 887 2097 940; x_wconf 92' lang='lat' dir='ltr'><strong>in</strong></span> <span class='ocrx_word' id='word_1_56' title='bbox 2144 895 2333 939; x_wconf 87' lang='lat' dir='ltr'><strong>sancto</strong></span> 
     </span>
    </p>
   </div>
   <div class='ocr_carea' id='block_1_9' title="bbox 749 980 2336 1061">
    <p class='ocr_par' dir='ltr' id='par_1_9' title="bbox 749 980 2336 1061">
     <span class='ocr_line' id='line_1_9' title="bbox 749 980 2336 1061; baseline -0.007 -16"><span class='ocrx_word' id='word_1_57' title='bbox 749 990 1012 1061; x_wconf 89' lang='lat' dir='ltr'><strong>sepulcro</strong></span> <span class='ocrx_word' id='word_1_58' title='bbox 1041 987 1318 1042; x_wconf 86' lang='lat' dir='ltr'><strong>conditum</strong></span> <span class='ocrx_word' id='word_1_59' title='bbox 1352 983 1658 1039; x_wconf 73' lang='lat' dir='ltr'><strong>resurrexit</strong></span> <span class='ocrx_word' id='word_1_60' title='bbox 1703 1000 1716 1036; x_wconf 89' lang='lat'><strong>:</strong></span> <span class='ocrx_word' id='word_1_61' title='bbox 1762 982 1834 1034; x_wconf 86' lang='lat' dir='ltr'><strong>ita</strong></span> <span class='ocrx_word' id='word_1_62' title='bbox 1865 989 1919 1035; x_wconf 89' lang='lat' dir='ltr'><strong>et</strong></span> <span class='ocrx_word' id='word_1_63' title='bbox 1962 996 2062 1036; x_wconf 89' lang='lat' dir='ltr'><strong>nos</strong></span> <span class='ocrx_word' id='word_1_64' title='bbox 2106 981 2159 1033; x_wconf 91' lang='lat' dir='ltr'><strong>in</strong></span> <span class='ocrx_word' id='word_1_65' title='bbox 2202 980 2336 1049; x_wconf 82' lang='lat' dir='ltr'><strong>ipsis</strong></span> 
     </span>
    </p>
   </div>
   <div class='ocr_carea' id='block_1_10' title="bbox 756 1078 2336 1158">
    <p class='ocr_par' dir='ltr' id='par_1_10' title="bbox 756 1078 2336 1158">
     <span class='ocr_line' id='line_1_10' title="bbox 756 1078 2336 1158; baseline -0.008 -15"><span class='ocrx_word' id='word_1_66' title='bbox 756 1087 1102 1158; x_wconf 81' lang='lat' dir='ltr'><strong>corporibus,</strong></span> <span class='ocrx_word' id='word_1_67' title='bbox 1139 1084 1340 1153; x_wconf 89' lang='lat' dir='ltr'><strong>quibus</strong></span> <span class='ocrx_word' id='word_1_68' title='bbox 1369 1099 1516 1137; x_wconf 89' lang='lat' dir='ltr'><strong>nunc</strong></span> <span class='ocrx_word' id='word_1_69' title='bbox 1548 1080 1976 1142; x_wconf 75' lang='lat' dir='ltr'><strong>circumdamur.</strong></span> <span class='ocrx_word' id='word_1_70' title='bbox 2023 1086 2078 1134; x_wconf 91' lang='lat' dir='ltr'><strong>et</strong></span> <span class='ocrx_word' id='word_1_71' title='bbox 2118 1080 2168 1134; x_wconf 91' lang='lat' dir='ltr'><strong>in</strong></span> <span class='ocrx_word' id='word_1_72' title='bbox 2202 1078 2336 1147; x_wconf 82' lang='lat' dir='ltr'><strong>qui-</strong></span> 
     </span>
    </p>
   </div>
   <div class='ocr_carea' id='block_1_11' title="bbox 752 1174 2328 1249">
    <p class='ocr_par' dir='ltr' id='par_1_11' title="bbox 752 1174 2328 1249">
     <span class='ocr_line' id='line_1_11' title="bbox 752 1174 2328 1249; baseline -0.008 -14"><span class='ocrx_word' id='word_1_73' title='bbox 752 1182 855 1236; x_wconf 87' lang='lat' dir='ltr'><strong>bus</strong></span> <span class='ocrx_word' id='word_1_74' title='bbox 886 1194 1032 1234; x_wconf 91' lang='lat' dir='ltr'><strong>nunc</strong></span> <span class='ocrx_word' id='word_1_75' title='bbox 1059 1179 1379 1249; x_wconf 89' lang='lat' dir='ltr'><strong>sepelimur,</strong></span> <span class='ocrx_word' id='word_1_76' title='bbox 1414 1176 1599 1229; x_wconf 81' lang='lat' dir='ltr'><strong>ca-lem</strong></span> <span class='ocrx_word' id='word_1_77' title='bbox 1638 1174 1848 1227; x_wconf 88' lang='lat' dir='ltr'><strong>ratione</strong></span> <span class='ocrx_word' id='word_1_78' title='bbox 1878 1182 1932 1227; x_wconf 91' lang='lat' dir='ltr'><strong>et</strong></span> <span class='ocrx_word' id='word_1_79' title='bbox 1963 1174 2174 1226; x_wconf 81' lang='lat' dir='ltr'><strong>visione</strong></span> <span class='ocrx_word' id='word_1_80' title='bbox 2207 1187 2328 1233; x_wconf 84' lang='lat' dir='ltr'><strong>spc-</strong></span> 
     </span>
    </p>
   </div>
   <div class='ocr_carea' id='block_1_12' title="bbox 753 1264 2329 1343">
    <p class='ocr_par' dir='ltr' id='par_1_12' title="bbox 753 1264 2329 1343">
     <span class='ocr_line' id='line_1_12' title="bbox 753 1264 2329 1343; baseline -0.007 -15"><span class='ocrx_word' id='word_1_81' title='bbox 753 1289 942 1328; x_wconf 90' lang='lat' dir='ltr'><strong>ramtts</strong></span> <span class='ocrx_word' id='word_1_82' title='bbox 972 1287 1259 1343; x_wconf 89' lang='lat' dir='ltr'><strong>resurgere</strong></span> <span class='ocrx_word' id='word_1_83' title='bbox 1301 1271 1339 1323; x_wconf 82' lang='grc'><strong><em>³.</em></strong></span> <span class='ocrx_word' id='word_1_84' title='bbox 1403 1269 1534 1334; x_wconf 64' lang='lat' dir='ltr'><strong>Quae</strong></span> <span class='ocrx_word' id='word_1_85' title='bbox 1573 1267 1717 1320; x_wconf 70' lang='lat' dir='ltr'><strong>enim</strong></span> <span class='ocrx_word' id='word_1_86' title='bbox 1792 1270 1946 1336; x_wconf 74' lang='lat' dir='ltr'><strong>juxta</strong></span> <span class='ocrx_word' id='word_1_87' title='bbox 2009 1264 2329 1333; x_wconf 81' lang='lat' dir='ltr'><strong>Apostolutn</strong></span> 
     </span>
    </p>
   </div>
   <div class='ocr_carea' id='block_1_13' title="bbox 754 1359 2338 1431">
    <p class='ocr_par' dir='ltr' id='par_1_13' title="bbox 754 1359 2338 1431">
     <span class='ocr_line' id='line_1_13' title="bbox 754 1359 2338 1431; baseline -0.007 -9"><span class='ocrx_word' id='word_1_88' title='bbox 754 1367 1104 1422; x_wconf 81' lang='lat' dir='ltr'><strong>seminantur</strong></span> <span class='ocrx_word' id='word_1_89' title='bbox 1153 1365 1206 1418; x_wconf 91' lang='lat' dir='ltr'><strong>in</strong></span> <span class='ocrx_word' id='word_1_90' title='bbox 1267 1361 1644 1431; x_wconf 80' lang='lat' dir='ltr'><strong>corruptione,</strong></span> <span class='ocrx_word' id='word_1_91' title='bbox 1699 1368 1925 1428; x_wconf 78' lang='lat' dir='ltr'><strong>surgent</strong></span> <span class='ocrx_word' id='word_1_92' title='bbox 1973 1359 2026 1412; x_wconf 93' lang='lat' dir='ltr'><strong>in</strong></span> <span class='ocrx_word' id='word_1_93' title='bbox 2076 1359 2338 1411; x_wconf 79' lang='lat' dir='ltr'><strong>incorru-</strong></span> 
     </span>
    </p>
   </div>
   <div class='ocr_carea' id='block_1_14' title="bbox 754 1449 2333 1526">
    <p class='ocr_par' dir='ltr' id='par_1_14' title="bbox 754 1449 2333 1526">
     <span class='ocr_line' id='line_1_14' title="bbox 754 1449 2333 1526; baseline -0.006 -17"><span class='ocrx_word' id='word_1_94' title='bbox 754 1458 942 1526; x_wconf 91' lang='lat' dir='ltr'><strong>ptione</strong></span> <span class='ocrx_word' id='word_1_95' title='bbox 981 1473 997 1524; x_wconf 87' lang='lat'><strong>;</strong></span> <span class='ocrx_word' id='word_1_96' title='bbox 1034 1470 1155 1526; x_wconf 73' lang='lat' dir='ltr'><strong>qua:</strong></span> <span class='ocrx_word' id='word_1_97' title='bbox 1185 1457 1527 1508; x_wconf 81' lang='lat' dir='ltr'><strong>seminantur</strong></span> <span class='ocrx_word' id='word_1_98' title='bbox 1554 1453 1606 1503; x_wconf 88' lang='lat' dir='ltr'><strong>in</strong></span> <span class='ocrx_word' id='word_1_99' title='bbox 1635 1450 1990 1518; x_wconf 84' lang='lat' dir='ltr'><strong>ignobilitate,</strong></span> <span class='ocrx_word' id='word_1_100' title='bbox 2025 1459 2250 1514; x_wconf 77' lang='lat' dir='ltr'><strong>surgent</strong></span> <span class='ocrx_word' id='word_1_101' title='bbox 2281 1449 2333 1500; x_wconf 91' lang='lat' dir='ltr'><strong>in</strong></span> 
     </span>
    </p>
   </div>
   <div class='ocr_carea' id='block_1_15' title="bbox 753 1542 2336 1620">
    <p class='ocr_par' dir='ltr' id='par_1_15' title="bbox 753 1542 2336 1620">
     <span class='ocr_line' id='line_1_15' title="bbox 753 1542 2336 1620; baseline -0.004 -18"><span class='ocrx_word' id='word_1_102' title='bbox 753 1549 949 1620; x_wconf 89' lang='lat' dir='ltr'><strong>gloria.</strong></span> <span class='ocrx_word' id='word_1_103' title='bbox 985 1567 1002 1600; x_wconf 75' lang='grc' dir='ltr'>ι</span> <span class='ocrx_word' id='word_1_104' title='bbox 1044 1546 1358 1602; x_wconf 85' lang='lat' dir='ltr'><strong>Seminatur</strong></span> <span class='ocrx_word' id='word_1_105' title='bbox 1383 1559 1584 1614; x_wconf 84' lang='lat' dir='ltr'><strong>corpus</strong></span> <span class='ocrx_word' id='word_1_106' title='bbox 1605 1542 1868 1606; x_wconf 78' lang='lat' dir='ltr'><strong>animale,</strong></span> <span class='ocrx_word' id='word_1_107' title='bbox 1905 1549 2092 1610; x_wconf 83' lang='lat' dir='ltr'><strong>surget</strong></span> <span class='ocrx_word' id='word_1_108' title='bbox 2131 1556 2336 1611; x_wconf 89' lang='lat' dir='ltr'><strong>corpus</strong></span> 
     </span>
    </p>
   </div>
   <div class='ocr_carea' id='block_1_16' title="bbox 757 1632 2340 1709">
    <p class='ocr_par' dir='ltr' id='par_1_16' title="bbox 757 1632 2340 1709">
     <span class='ocr_line' id='line_1_16' title="bbox 757 1632 2340 1709; baseline -0.004 -14"><span class='ocrx_word' id='word_1_109' title='bbox 757 1638 1046 1709; x_wconf 88' lang='lat' dir='ltr'><strong>spirituale</strong></span> <span class='ocrx_word' id='word_1_110' title='bbox 1077 1637 1129 1707; x_wconf 85' lang='grc' dir='ltr'><strong>(Ι</strong></span> <span class='ocrx_word' id='word_1_111' title='bbox 1160 1637 1290 1693; x_wconf 89' lang='lat' dir='ltr'><strong>Cor.</strong></span> <span class='ocrx_word' id='word_1_112' title='bbox 1335 1653 1423 1701; x_wconf 81' lang='lat' dir='ltr'><strong>xv,</strong></span> <span class='ocrx_word' id='word_1_113' title='bbox 1465 1637 1590 1702; x_wconf 59' lang='lat' dir='ltr'><strong>Si);</strong></span> <span class='ocrx_word' id='word_1_114' title='bbox 1633 1634 1700 1687; x_wconf 86' lang='lat' dir='ltr'><strong>tle</strong></span> <span class='ocrx_word' id='word_1_115' title='bbox 1751 1632 1954 1702; x_wconf 79' lang='lat' dir='ltr'><strong>quibus</strong></span> <span class='ocrx_word' id='word_1_116' title='bbox 1992 1643 2047 1688; x_wconf 90' lang='lat' dir='ltr'><strong>et</strong></span> <span class='ocrx_word' id='word_1_117' title='bbox 2081 1632 2340 1689; x_wconf 81' lang='lat' dir='ltr'><strong>Salvator</strong></span> 
     </span>
    </p>
   </div>
   <div class='ocr_carea' id='block_1_17' title="bbox 755 1723 2341 1793">
    <p class='ocr_par' dir='ltr' id='par_1_17' title="bbox 755 1723 2341 1793">
     <span class='ocr_line' id='line_1_17' title="bbox 755 1723 2341 1793; baseline -0.003 -9"><span class='ocrx_word' id='word_1_118' title='bbox 755 1730 962 1785; x_wconf 88' lang='lat' dir='ltr'><strong>docens</strong></span> <span class='ocrx_word' id='word_1_119' title='bbox 997 1729 1215 1786; x_wconf 89' lang='lat' dir='ltr'><strong>locutus</strong></span> <span class='ocrx_word' id='word_1_120' title='bbox 1237 1737 1361 1782; x_wconf 87' lang='lat' dir='ltr'><strong>est:</strong></span> <span class='ocrx_word' id='word_1_121' title='bbox 1402 1724 1546 1791; x_wconf 71' lang='lat' dir='ltr'><strong>«Qui</strong></span> <span class='ocrx_word' id='word_1_122' title='bbox 1582 1723 2113 1793; x_wconf 83' lang='lat' dir='ltr'><strong>euimdigniiuerint</strong></span> <span class='ocrx_word' id='word_1_123' title='bbox 2142 1725 2341 1779; x_wconf 85' lang='lat' dir='ltr'><strong>saeculo</strong></span> 
     </span>
    </p>
   </div>
   <div class='ocr_carea' id='block_1_18' title="bbox 757 1816 2338 1890">
    <p class='ocr_par' dir='ltr' id='par_1_18' title="bbox 757 1816 2338 1890">
     <span class='ocr_line' id='line_1_18' title="bbox 757 1816 2338 1890; baseline -0.006 -12"><span class='ocrx_word' id='word_1_124' title='bbox 757 1824 874 1890; x_wconf 88' lang='lat' dir='ltr'><strong>illo,</strong></span> <span class='ocrx_word' id='word_1_125' title='bbox 916 1831 972 1879; x_wconf 88' lang='lat' dir='ltr'><strong>et</strong></span> <span class='ocrx_word' id='word_1_126' title='bbox 1010 1819 1408 1877; x_wconf 87' lang='lat' dir='ltr'><strong>resurrectione</strong></span> <span class='ocrx_word' id='word_1_127' title='bbox 1448 1833 1519 1873; x_wconf 89' lang='lat' dir='ltr'><strong>ex</strong></span> <span class='ocrx_word' id='word_1_128' title='bbox 1571 1816 1843 1878; x_wconf 89' lang='lat' dir='ltr'><strong>mortuis,</strong></span> <span class='ocrx_word' id='word_1_129' title='bbox 1909 1832 2084 1886; x_wconf 89' lang='lat' dir='ltr'><strong>neque</strong></span> <span class='ocrx_word' id='word_1_130' title='bbox 2130 1818 2338 1872; x_wconf 87' lang='lat' dir='ltr'><strong>nubent</strong></span> 
     </span>
    </p>
   </div>
   <div class='ocr_carea' id='block_1_19' title="bbox 2440 609 4032 682">
    <p class='ocr_par' dir='ltr' id='par_1_19' title="bbox 2440 609 4032 682">
     <span class='ocr_line' id='line_1_19' title="bbox 2440 609 4032 682; baseline 0.004 -20"><span class='ocrx_word' id='word_1_131' title='bbox 2440 626 2524 662; x_wconf 79' lang='lat' dir='ltr'><strong>res</strong></span> <span class='ocrx_word' id='word_1_132' title='bbox 2567 609 2713 663; x_wconf 86' lang='lat' dir='ltr'><strong>enim</strong></span> <span class='ocrx_word' id='word_1_133' title='bbox 2755 618 2888 664; x_wconf 85' lang='lat' dir='ltr'><strong>sunt</strong></span> <span class='ocrx_word' id='word_1_134' title='bbox 2930 626 3094 665; x_wconf 85' lang='lat' dir='ltr'><strong>aures</strong></span> <span class='ocrx_word' id='word_1_135' title='bbox 3123 612 3333 682; x_wconf 82' lang='lat' dir='ltr'><strong>pepuli,</strong></span> <span class='ocrx_word' id='word_1_136' title='bbox 3368 629 3532 682; x_wconf 84' lang='lat' dir='ltr'><strong>quam</strong></span> <span class='ocrx_word' id='word_1_137' title='bbox 3566 614 3877 671; x_wconf 79' lang='lat' dir='ltr'><strong>sacerdotis</strong></span> <span class='ocrx_word' id='word_1_138' title='bbox 3909 615 4032 668; x_wconf 86' lang='lat' dir='ltr'><strong>aui-</strong></span> 
     </span>
    </p>
   </div>
   <div class='ocr_carea' id='block_1_20' title="bbox 2441 716 2586 756">
    <p class='ocr_par' dir='ltr' id='par_1_20' title="bbox 2441 716 2586 756">
     <span class='ocr_line' id='line_1_20' title="bbox 2441 716 2586 756; baseline 0.014 -2"><span class='ocrx_word' id='word_1_139' title='bbox 2441 716 2586 756; x_wconf 72' lang='lat' dir='ltr'><strong>&quot;IIIS.</strong></span> 
     </span>
    </p>
   </div>
   <div class='ocr_carea' id='block_1_21' title="bbox 2507 792 4031 867">
    <p class='ocr_par' dir='ltr' id='par_1_21' title="bbox 2507 792 4031 867">
     <span class='ocr_line' id='line_1_21' title="bbox 2507 792 4031 867; baseline 0.001 -17"><span class='ocrx_word' id='word_1_140' title='bbox 2507 796 2595 851; x_wconf 75' lang='grc'><strong>25.</strong></span> <span class='ocrx_word' id='word_1_141' title='bbox 2629 792 2832 852; x_wconf 89' lang='lat' dir='ltr'><strong>lterum</strong></span> <span class='ocrx_word' id='word_1_142' title='bbox 2877 806 3042 867; x_wconf 92' lang='lat' dir='ltr'><strong>atque</strong></span> <span class='ocrx_word' id='word_1_143' title='bbox 3086 797 3284 852; x_wconf 88' lang='lat' dir='ltr'><strong>iterum</strong></span> <span class='ocrx_word' id='word_1_144' title='bbox 3319 805 3399 860; x_wconf 89' lang='lat' dir='ltr'><strong>te,</strong></span> <span class='ocrx_word' id='word_1_145' title='bbox 3451 796 3643 862; x_wconf 86' lang='lat' dir='ltr'><strong>lector,</strong></span> <span class='ocrx_word' id='word_1_146' title='bbox 3678 813 4031 859; x_wconf 67' lang='lat' dir='ltr'><strong>commoneo.</strong></span> 
     </span>
    </p>
   </div>
   <div class='ocr_carea' id='block_1_22' title="bbox 2437 891 4034 964">
    <p class='ocr_par' dir='ltr' id='par_1_22' title="bbox 2437 891 4034 964">
     <span class='ocr_line' id='line_1_22' title="bbox 2437 891 4034 964; baseline 0.001 -19"><span class='ocrx_word' id='word_1_147' title='bbox 2437 899 2495 945; x_wconf 89' lang='lat' dir='ltr'><strong>ut</strong></span> <span class='ocrx_word' id='word_1_148' title='bbox 2550 894 2865 960; x_wconf 77' lang='lat' dir='ltr'><strong>patientiam</strong></span> <span class='ocrx_word' id='word_1_149' title='bbox 2915 900 3122 957; x_wconf 77' lang='lat' dir='ltr'><strong>teneas,</strong></span> <span class='ocrx_word' id='word_1_150' title='bbox 3171 902 3226 946; x_wconf 91' lang='lat' dir='ltr'><strong>et</strong></span> <span class='ocrx_word' id='word_1_151' title='bbox 3273 891 3454 945; x_wconf 86' lang='lat' dir='ltr'><strong>discas</strong></span> <span class='ocrx_word' id='word_1_152' title='bbox 3481 891 3627 962; x_wconf 89' lang='lat' dir='ltr'><strong>quod</strong></span> <span class='ocrx_word' id='word_1_153' title='bbox 3667 908 3770 963; x_wconf 90' lang='lat' dir='ltr'><strong>ego</strong></span> <span class='ocrx_word' id='word_1_154' title='bbox 3808 909 4034 964; x_wconf 88' lang='lat' dir='ltr'><strong>quoque</strong></span> 
     </span>
    </p>
   </div>
   <div class='ocr_carea' id='block_1_23' title="bbox 2439 983 4031 1057">
    <p class='ocr_par' dir='ltr' id='par_1_23' title="bbox 2439 983 4031 1057">
     <span class='ocr_line' id='line_1_23' title="bbox 2439 983 4031 1057; baseline 0.001 -19"><span class='ocrx_word' id='word_1_155' title='bbox 2439 1000 2537 1055; x_wconf 90' lang='lat' dir='ltr'><strong>per</strong></span> <span class='ocrx_word' id='word_1_156' title='bbox 2569 985 2890 1054; x_wconf 80' lang='lat' dir='ltr'><strong>patientiam</strong></span> <span class='ocrx_word' id='word_1_157' title='bbox 2920 985 2941 1016; x_wconf 85' lang='grc'><strong>⁸</strong></span> <span class='ocrx_word' id='word_1_158' title='bbox 2965 983 3170 1051; x_wconf 87' lang='lat' dir='ltr'><strong>didici;</strong></span> <span class='ocrx_word' id='word_1_159' title='bbox 3207 995 3259 1040; x_wconf 87' lang='lat' dir='ltr'><strong>et</strong></span> <span class='ocrx_word' id='word_1_160' title='bbox 3285 995 3465 1039; x_wconf 90' lang='lat' dir='ltr'><strong>tamen</strong></span> <span class='ocrx_word' id='word_1_161' title='bbox 3496 999 3790 1057; x_wconf 76' lang='lat' dir='ltr'><strong>antequam</strong></span> <span class='ocrx_word' id='word_1_162' title='bbox 3820 991 4031 1041; x_wconf 84' lang='lat' dir='ltr'><strong>vu&#39;tuut</strong></span> 
     </span>
    </p>
   </div>
   <div class='ocr_carea' id='block_1_24' title="bbox 2440 1076 4030 1151">
    <p class='ocr_par' dir='ltr' id='par_1_24' title="bbox 2440 1076 4030 1151">
     <span class='ocr_line' id='line_1_24' title="bbox 2440 1076 4030 1151; baseline 0.003 -19"><span class='ocrx_word' id='word_1_163' title='bbox 2440 1077 2698 1132; x_wconf 82' lang='lat' dir='ltr'><strong>draconis</strong></span> <span class='ocrx_word' id='word_1_164' title='bbox 2728 1076 2998 1139; x_wconf 84' lang='lat' dir='ltr'><strong>evolvam,</strong></span> <span class='ocrx_word' id='word_1_165' title='bbox 3041 1086 3096 1132; x_wconf 92' lang='lat' dir='ltr'><strong>et</strong></span> <span class='ocrx_word' id='word_1_166' title='bbox 3144 1078 3340 1149; x_wconf 82' lang='lat' dir='ltr'><strong>dogma</strong></span> <span class='ocrx_word' id='word_1_167' title='bbox 3374 1080 3633 1151; x_wconf 85' lang='lat' dir='ltr'><strong>Origenis</strong></span> <span class='ocrx_word' id='word_1_168' title='bbox 3663 1081 3729 1137; x_wconf 90' lang='lat' dir='ltr'><strong>de</strong></span> <span class='ocrx_word' id='word_1_169' title='bbox 3762 1097 3987 1136; x_wconf 77' lang='lat' dir='ltr'><strong>rcsurre</strong></span> <span class='ocrx_word' id='word_1_170' title='bbox 4011 1111 4030 1122; x_wconf 86' lang='lat'><strong>-</strong></span> 
     </span>
    </p>
   </div>
   <div class='ocr_carea' id='block_1_25' title="bbox 2442 1170 4030 1244">
    <p class='ocr_par' dir='ltr' id='par_1_25' title="bbox 2442 1170 4030 1244">
     <span class='ocr_line' id='line_1_25' title="bbox 2442 1170 4030 1244; baseline 0.004 -21"><span class='ocrx_word' id='word_1_171' title='bbox 2442 1170 2622 1223; x_wconf 81' lang='lat' dir='ltr'><strong>ctione</strong></span> <span class='ocrx_word' id='word_1_172' title='bbox 2656 1171 2898 1226; x_wconf 81' lang='lat' dir='ltr'><strong>breviter</strong></span> <span class='ocrx_word' id='word_1_173' title='bbox 2945 1186 3220 1241; x_wconf 75' lang='lat' dir='ltr'><strong>exponam</strong></span> <span class='ocrx_word' id='word_1_174' title='bbox 3276 1174 3408 1243; x_wconf 90' lang='lat' dir='ltr'><strong>(non</strong></span> <span class='ocrx_word' id='word_1_175' title='bbox 3464 1176 3610 1228; x_wconf 90' lang='lat' dir='ltr'><strong>enim</strong></span> <span class='ocrx_word' id='word_1_176' title='bbox 3661 1176 3870 1244; x_wconf 89' lang='lat' dir='ltr'><strong>poteris</strong></span> <span class='ocrx_word' id='word_1_177' title='bbox 3917 1177 4030 1229; x_wconf 74' lang='lat' dir='ltr'><strong>vim</strong></span> 
     </span>
    </p>
   </div>
   <div class='ocr_carea' id='block_1_26' title="bbox 2439 1261 4021 1334">
    <p class='ocr_par' dir='ltr' id='par_1_26' title="bbox 2439 1261 4021 1334">
     <span class='ocr_line' id='line_1_26' title="bbox 2439 1261 4021 1334; baseline 0.001 -20"><span class='ocrx_word' id='word_1_178' title='bbox 2439 1261 2580 1314; x_wconf 88' lang='lat' dir='ltr'><strong>scire</strong></span> <span class='ocrx_word' id='word_1_179' title='bbox 2613 1262 2865 1326; x_wconf 88' lang='lat' dir='ltr'><strong>antidoti,</strong></span> <span class='ocrx_word' id='word_1_180' title='bbox 2909 1262 3014 1317; x_wconf 83' lang='lat' dir='ltr'><strong>nisi</strong></span> <span class='ocrx_word' id='word_1_181' title='bbox 3046 1278 3257 1316; x_wconf 85' lang='lat' dir='ltr'><strong>venena</strong></span> <span class='ocrx_word' id='word_1_182' title='bbox 3291 1267 3685 1334; x_wconf 86' lang='lat' dir='ltr'><strong>perspexeris).</strong></span> <span class='ocrx_word' id='word_1_183' title='bbox 3717 1266 3850 1320; x_wconf 89' lang='lat' dir='ltr'><strong>illud</strong></span> <span class='ocrx_word' id='word_1_184' title='bbox 3889 1268 4021 1320; x_wconf 76' lang='lat' dir='ltr'><strong>dili-</strong></span> 
     </span>
    </p>
   </div>
   <div class='ocr_carea' id='block_1_27' title="bbox 2439 1350 4038 1426">
    <p class='ocr_par' dir='ltr' id='par_1_27' title="bbox 2439 1350 4038 1426">
     <span class='ocr_line' id='line_1_27' title="bbox 2439 1350 4038 1426; baseline 0.006 -25"><span class='ocrx_word' id='word_1_185' title='bbox 2439 1362 2628 1416; x_wconf 84' lang='lat' dir='ltr'><strong>genter</strong></span> <span class='ocrx_word' id='word_1_186' title='bbox 2659 1350 2888 1404; x_wconf 84' lang='lat' dir='ltr'><strong>observa</strong></span> <span class='ocrx_word' id='word_1_187' title='bbox 2911 1361 2966 1405; x_wconf 90' lang='lat' dir='ltr'><strong>et</strong></span> <span class='ocrx_word' id='word_1_188' title='bbox 2987 1363 3147 1408; x_wconf 84' lang='lat' dir='ltr'><strong>caute</strong></span> <span class='ocrx_word' id='word_1_189' title='bbox 3171 1355 3418 1423; x_wconf 77' lang='lat' dir='ltr'><strong>relegens</strong></span> <span class='ocrx_word' id='word_1_190' title='bbox 3452 1371 3680 1410; x_wconf 72' lang='lat' dir='ltr'><strong>numera</strong></span> <span class='ocrx_word' id='word_1_191' title='bbox 3711 1374 3724 1410; x_wconf 94' lang='lat'>:</span> <span class='ocrx_word' id='word_1_192' title='bbox 3761 1358 3904 1426; x_wconf 88' lang='lat' dir='ltr'><strong>quod</strong></span> <span class='ocrx_word' id='word_1_193' title='bbox 3941 1373 4038 1411; x_wconf 85' lang='lat' dir='ltr'><strong>no-</strong></span> 
     </span>
    </p>
   </div>
   <div class='ocr_carea' id='block_1_28' title="bbox 2442 1442 4035 1516">
    <p class='ocr_par' dir='ltr' id='par_1_28' title="bbox 2442 1442 4035 1516">
     <span class='ocr_line' id='line_1_28' title="bbox 2442 1442 4035 1516; baseline 0.006 -23"><span class='ocrx_word' id='word_1_194' title='bbox 2442 1442 2563 1496; x_wconf 85' lang='lat' dir='ltr'><strong>vies</strong></span> <span class='ocrx_word' id='word_1_195' title='bbox 2600 1444 3058 1498; x_wconf 85' lang='lat' dir='ltr'><strong>resurrectionem</strong></span> <span class='ocrx_word' id='word_1_196' title='bbox 3110 1449 3402 1502; x_wconf 87' lang='lat' dir='ltr'><strong>nominans</strong></span> <span class='ocrx_word' id='word_1_197' title='bbox 3436 1450 3710 1516; x_wconf 88' lang='lat' dir='ltr'><strong>corporis,</strong></span> <span class='ocrx_word' id='word_1_198' title='bbox 3745 1465 3813 1502; x_wconf 87' lang='lat' dir='ltr'><strong>ne</strong></span> <span class='ocrx_word' id='word_1_199' title='bbox 3861 1453 4035 1503; x_wconf 80' lang='lat' dir='ltr'><strong>semel</strong></span> 
     </span>
    </p>
   </div>
   <div class='ocr_carea' id='block_1_29' title="bbox 2441 1532 4029 1609">
    <p class='ocr_par' dir='ltr' id='par_1_29' title="bbox 2441 1532 4029 1609">
     <span class='ocr_line' id='line_1_29' title="bbox 2441 1532 4029 1609; baseline 0.009 -27"><span class='ocrx_word' id='word_1_200' title='bbox 2441 1532 2658 1601; x_wconf 82' lang='lat' dir='ltr'><strong>quidem</strong></span> <span class='ocrx_word' id='word_1_201' title='bbox 2711 1534 2896 1588; x_wconf 87' lang='lat' dir='ltr'><strong>carnis</strong></span> <span class='ocrx_word' id='word_1_202' title='bbox 2945 1535 3178 1590; x_wconf 83' lang='lat' dir='ltr'><strong>inseruit</strong></span> <span class='ocrx_word' id='word_1_203' title='bbox 3228 1555 3244 1596; x_wconf 84' lang='lat'><strong>;</strong></span> <span class='ocrx_word' id='word_1_204' title='bbox 3292 1548 3728 1609; x_wconf 89' lang='lat' dir='ltr'><strong>suspectumque</strong></span> <span class='ocrx_word' id='word_1_205' title='bbox 3778 1542 3875 1595; x_wconf 87' lang='lat' dir='ltr'><strong>tibi</strong></span> <span class='ocrx_word' id='word_1_206' title='bbox 3933 1543 4029 1606; x_wconf 90' lang='lat' dir='ltr'><strong>sit,</strong></span> 
     </span>
    </p>
   </div>
   <div class='ocr_carea' id='block_1_30' title="bbox 2439 1625 4028 1705">
    <p class='ocr_par' dir='ltr' id='par_1_30' title="bbox 2439 1625 4028 1705">
     <span class='ocr_line' id='line_1_30' title="bbox 2439 1625 4028 1705; baseline 0.011 -28"><span class='ocrx_word' id='word_1_207' title='bbox 2439 1625 2586 1693; x_wconf 89' lang='lat' dir='ltr'><strong>quod</strong></span> <span class='ocrx_word' id='word_1_208' title='bbox 2613 1628 2678 1681; x_wconf 91' lang='lat' dir='ltr'><strong>de</strong></span> <span class='ocrx_word' id='word_1_209' title='bbox 2710 1625 2980 1684; x_wconf 86' lang='lat' dir='ltr'><strong>industria</strong></span> <span class='ocrx_word' id='word_1_210' title='bbox 3015 1633 3389 1700; x_wconf 67' lang='lat' dir='ltr'><strong>praetermisit.</strong></span> <span class='ocrx_word' id='word_1_211' title='bbox 3423 1633 3564 1689; x_wconf 89' lang='lat' dir='ltr'><strong>Dicit</strong></span> <span class='ocrx_word' id='word_1_212' title='bbox 3596 1650 3726 1704; x_wconf 88' lang='lat' dir='ltr'><strong>ergo</strong></span> <span class='ocrx_word' id='word_1_213' title='bbox 3758 1633 4028 1705; x_wconf 73' lang='lat' dir='ltr'><strong>Origenes</strong></span> 
     </span>
    </p>
   </div>
   <div class='ocr_carea' id='block_1_31' title="bbox 2439 1715 4026 1787">
    <p class='ocr_par' dir='ltr' id='par_1_31' title="bbox 2439 1715 4026 1787">
     <span class='ocr_line' id='line_1_31' title="bbox 2439 1715 4026 1787; baseline 0.006 -18"><span class='ocrx_word' id='word_1_214' title='bbox 2439 1715 2598 1787; x_wconf 63' lang='grc'><strong>43],</strong></span> <span class='ocrx_word' id='word_1_215' title='bbox 2631 1717 2684 1770; x_wconf 93' lang='lat' dir='ltr'><strong>in</strong></span> <span class='ocrx_word' id='word_1_216' title='bbox 2718 1718 2965 1786; x_wconf 79' lang='lat' dir='ltr'><strong>pluribus</strong></span> <span class='ocrx_word' id='word_1_217' title='bbox 3004 1721 3160 1783; x_wconf 87' lang='lat' dir='ltr'><strong>locis.</strong></span> <span class='ocrx_word' id='word_1_218' title='bbox 3192 1731 3248 1777; x_wconf 86' lang='lat' dir='ltr'><strong>et</strong></span> <span class='ocrx_word' id='word_1_219' title='bbox 3279 1728 3515 1779; x_wconf 78' lang='lat' dir='ltr'><strong>maxime</strong></span> <span class='ocrx_word' id='word_1_220' title='bbox 3546 1725 3599 1779; x_wconf 90' lang='lat' dir='ltr'><strong>in</strong></span> <span class='ocrx_word' id='word_1_221' title='bbox 3638 1726 3778 1780; x_wconf 90' lang='lat' dir='ltr'><strong>libro</strong></span> <span class='ocrx_word' id='word_1_222' title='bbox 3821 1728 3889 1780; x_wconf 85' lang='lat' dir='ltr'><strong>de</strong></span> <span class='ocrx_word' id='word_1_223' title='bbox 3929 1725 4026 1779; x_wconf 78' lang='lat' dir='ltr'><strong>Re-</strong></span> 
     </span>
    </p>
   </div>
   <div class='ocr_carea' id='block_1_32' title="bbox 2440 1810 4038 1888">
    <p class='ocr_par' dir='ltr' id='par_1_32' title="bbox 2440 1810 4038 1888">
     <span class='ocr_line' id='line_1_32' title="bbox 2440 1810 4038 1888; baseline 0.014 -29"><span class='ocrx_word' id='word_1_224' title='bbox 2440 1810 2765 1864; x_wconf 82' lang='lat' dir='ltr'><strong>surrectione</strong></span> <span class='ocrx_word' id='word_1_225' title='bbox 2796 1822 3017 1880; x_wconf 87' lang='lat' dir='ltr'><strong>quarto,</strong></span> <span class='ocrx_word' id='word_1_226' title='bbox 3046 1824 3099 1868; x_wconf 85' lang='lat' dir='ltr'><strong>et</strong></span> <span class='ocrx_word' id='word_1_227' title='bbox 3127 1814 3183 1869; x_wconf 92' lang='lat' dir='ltr'><strong>in</strong></span> <span class='ocrx_word' id='word_1_228' title='bbox 3217 1814 3570 1886; x_wconf 76' lang='lat' dir='ltr'><strong>Expositione</strong></span> <span class='ocrx_word' id='word_1_229' title='bbox 3602 1818 3762 1887; x_wconf 90' lang='lat' dir='ltr'><strong>primi</strong></span> <span class='ocrx_word' id='word_1_230' title='bbox 3815 1819 4038 1888; x_wconf 63' lang='lat' dir='ltr'><strong>psalmi.</strong></span> 
     </span>
    </p>
   </div>
   <div class='ocr_carea' id='block_1_33' title="bbox 755 1884 4033 1986">
    <p class='ocr_par' dir='ltr' id='par_1_33' title="bbox 755 1884 4033 1986">
     <span class='ocr_line' id='line_1_33' title="bbox 755 1884 4033 1986; baseline -0.003 -16"><span class='ocrx_word' id='word_1_231' title='bbox 755 1932 934 1986; x_wconf 88' lang='lat' dir='ltr'><strong>neque</strong></span> <span class='ocrx_word' id='word_1_232' title='bbox 961 1916 1287 1980; x_wconf 88' lang='lat' dir='ltr'><strong>nubentur;</strong></span> <span class='ocrx_word' id='word_1_233' title='bbox 1320 1912 1671 1981; x_wconf 76' lang='lat' dir='ltr'><strong>nequeenim</strong></span> <span class='ocrx_word' id='word_1_234' title='bbox 1704 1909 1844 1963; x_wconf 91' lang='lat' dir='ltr'><strong>ultra</strong></span> <span class='ocrx_word' id='word_1_235' title='bbox 1881 1910 2016 1962; x_wconf 92' lang='lat' dir='ltr'><strong>mori</strong></span> <span class='ocrx_word' id='word_1_236' title='bbox 2056 1919 2344 1978; x_wconf 83' lang='lat' dir='ltr'><strong>poterunt,</strong></span> <span class='ocrx_word' id='word_1_237' title='bbox 2377 1884 2424 1943; x_wconf 73' lang='grc' dir='ltr'>Β</span> <span class='ocrx_word' id='word_1_238' title='bbox 2453 1910 2507 1955; x_wconf 87' lang='lat' dir='ltr'><strong>et</strong></span> <span class='ocrx_word' id='word_1_239' title='bbox 2538 1901 2590 1953; x_wconf 90' lang='lat' dir='ltr'><strong>in</strong></span> <span class='ocrx_word' id='word_1_240' title='bbox 2622 1899 2999 1968; x_wconf 81' lang='lat' dir='ltr'><strong>Stromatibus,</strong></span> <span class='ocrx_word' id='word_1_241' title='bbox 3027 1905 3298 1973; x_wconf 89' lang='lat' dir='ltr'><strong>duplicem</strong></span> <span class='ocrx_word' id='word_1_242' title='bbox 3327 1923 3575 1963; x_wconf 90' lang='lat' dir='ltr'><strong>errorem</strong></span> <span class='ocrx_word' id='word_1_243' title='bbox 3609 1913 3817 1964; x_wconf 71' lang='lat' dir='ltr'><strong>versari</strong></span> <span class='ocrx_word' id='word_1_244' title='bbox 3845 1912 3900 1964; x_wconf 90' lang='lat' dir='ltr'><strong>in</strong></span> <span class='ocrx_word' id='word_1_245' title='bbox 3936 1912 4033 1964; x_wconf 75' lang='grc' dir='ltr'><strong>Ερ-</strong></span> 
     </span>
    </p>
   </div>
   <div class='ocr_carea' id='block_1_34' title="bbox 759 2002 2343 2074">
    <p class='ocr_par' dir='ltr' id='par_1_34' title="bbox 759 2002 2343 2074">
     <span class='ocr_line' id='line_1_34' title="bbox 759 2002 2343 2074; baseline -0.004 -11"><span class='ocrx_word' id='word_1_246' title='bbox 759 2007 855 2063; x_wconf 85' lang='lat' dir='ltr'><strong>sed</strong></span> <span class='ocrx_word' id='word_1_247' title='bbox 883 2016 1045 2064; x_wconf 89' lang='lat' dir='ltr'><strong>erunt</strong></span> <span class='ocrx_word' id='word_1_248' title='bbox 1081 2007 1224 2061; x_wconf 87' lang='lat' dir='ltr'><strong>sicut</strong></span> <span class='ocrx_word' id='word_1_249' title='bbox 1255 2005 1429 2074; x_wconf 89' lang='lat' dir='ltr'><strong>angeli</strong></span> <span class='ocrx_word' id='word_1_250' title='bbox 1487 2003 1603 2069; x_wconf 90' lang='lat' dir='ltr'><strong>Dei,</strong></span> <span class='ocrx_word' id='word_1_251' title='bbox 1630 2017 1752 2056; x_wconf 91' lang='lat' dir='ltr'><strong>cum</strong></span> <span class='ocrx_word' id='word_1_252' title='bbox 1783 2002 1892 2055; x_wconf 91' lang='lat' dir='ltr'><strong>sint</strong></span> <span class='ocrx_word' id='word_1_253' title='bbox 1920 2003 1939 2033; x_wconf 80' lang='grc'>¹</span> <span class='ocrx_word' id='word_1_254' title='bbox 1973 2002 2065 2057; x_wconf 82' lang='lat' dir='ltr'><strong>ﬁlii</strong></span> <span class='ocrx_word' id='word_1_255' title='bbox 2102 2018 2343 2057; x_wconf 85' lang='lat' dir='ltr'><strong>resurre-</strong></span> 
     </span>
    </p>
   </div>
   <div class='ocr_carea' id='block_1_35' title="bbox 759 2096 1607 2163">
    <p class='ocr_par' dir='ltr' id='par_1_35' title="bbox 759 2096 1607 2163">
     <span class='ocr_line' id='line_1_35' title="bbox 759 2096 1607 2163; baseline -0.012 -7"><span class='ocrx_word' id='word_1_256' title='bbox 759 2101 961 2156; x_wconf 89' lang='lat' dir='ltr'><strong>ctionis</strong></span> <span class='ocrx_word' id='word_1_257' title='bbox 999 2098 1152 2153; x_wconf 75' lang='lat' dir='ltr'><strong>(Luc.</strong></span> <span class='ocrx_word' id='word_1_258' title='bbox 1190 2113 1282 2159; x_wconf 73' lang='lat' dir='ltr'><strong>xx,</strong></span> <span class='ocrx_word' id='word_1_259' title='bbox 1309 2097 1400 2163; x_wconf 74' lang='lat'><strong>55,</strong></span> <span class='ocrx_word' id='word_1_260' title='bbox 1427 2096 1540 2160; x_wconf 80' lang='lat'><strong>&#39;56}.</strong></span> <span class='ocrx_word' id='word_1_261' title='bbox 1590 2113 1607 2146; x_wconf 77' lang='grc' dir='ltr'><strong><em>ι</em></strong></span> 
     </span>
    </p>
   </div>
   <div class='ocr_carea' id='block_1_36' title="bbox 839 2189 2334 2258">
    <p class='ocr_par' dir='ltr' id='par_1_36' title="bbox 839 2189 2334 2258">
     <span class='ocr_line' id='line_1_36' title="bbox 839 2189 2334 2258; baseline -0.003 -9"><span class='ocrx_word' id='word_1_262' title='bbox 839 2195 932 2249; x_wconf 68' lang='grc'><strong>24.</strong></span> <span class='ocrx_word' id='word_1_263' title='bbox 968 2193 1209 2248; x_wconf 79' lang='lat' dir='ltr'><strong>Rursum</strong></span> <span class='ocrx_word' id='word_1_264' title='bbox 1257 2192 1311 2245; x_wconf 92' lang='lat' dir='ltr'><strong>in</strong></span> <span class='ocrx_word' id='word_1_265' title='bbox 1349 2192 1455 2245; x_wconf 89' lang='lat' dir='ltr'><strong>alia</strong></span> <span class='ocrx_word' id='word_1_266' title='bbox 1491 2199 1638 2258; x_wconf 85' lang='lat' dir='ltr'><strong>parte</strong></span> <span class='ocrx_word' id='word_1_267' title='bbox 1679 2189 1958 2254; x_wconf 59' lang='lat' dir='ltr'><strong>Epistolas.</strong></span> <span class='ocrx_word' id='word_1_268' title='bbox 2000 2190 2101 2244; x_wconf 89' lang='lat' dir='ltr'><strong>hoc</strong></span> <span class='ocrx_word' id='word_1_269' title='bbox 2143 2198 2246 2254; x_wconf 88' lang='lat' dir='ltr'><strong>est,</strong></span> <span class='ocrx_word' id='word_1_270' title='bbox 2281 2191 2334 2245; x_wconf 92' lang='lat' dir='ltr'><strong>in</strong></span> 
     </span>
    </p>
   </div>
   <div class='ocr_carea' id='block_1_37' title="bbox 758 2282 2348 2345">
    <p class='ocr_par' dir='ltr' id='par_1_37' title="bbox 758 2282 2348 2345">
     <span class='ocr_line' id='line_1_37' title="bbox 758 2282 2348 2345; baseline -0.003 -4"><span class='ocrx_word' id='word_1_271' title='bbox 758 2287 864 2342; x_wconf 83' lang='lat' dir='ltr'><strong>line</strong></span> <span class='ocrx_word' id='word_1_272' title='bbox 908 2299 1134 2342; x_wconf 86' lang='lat' dir='ltr'><strong>suorum</strong></span> <span class='ocrx_word' id='word_1_273' title='bbox 1185 2293 1542 2345; x_wconf 84' lang='lat' dir='ltr'><strong>tractatuum,</strong></span> <span class='ocrx_word' id='word_1_274' title='bbox 1603 2291 1661 2336; x_wconf 95' lang='lat' dir='ltr'><strong>ut</strong></span> <span class='ocrx_word' id='word_1_275' title='bbox 1697 2282 1924 2336; x_wconf 83' lang='lat' dir='ltr'><strong>auribus</strong></span> <span class='ocrx_word' id='word_1_276' title='bbox 1963 2282 2215 2337; x_wconf 87' lang='lat' dir='ltr'><strong>illuderet</strong></span> <span class='ocrx_word' id='word_1_277' title='bbox 2253 2300 2348 2337; x_wconf 80' lang='lat' dir='ltr'><strong>ne-</strong></span> 
     </span>
    </p>
   </div>
   <div class='ocr_carea' id='block_1_38' title="bbox 761 2373 2343 2442">
    <p class='ocr_par' dir='ltr' id='par_1_38' title="bbox 761 2373 2343 2442">
     <span class='ocr_line' id='line_1_38' title="bbox 761 2373 2343 2442; baseline -0.002 -11"><span class='ocrx_word' id='word_1_278' title='bbox 761 2377 1073 2442; x_wconf 88' lang='lat' dir='ltr'><strong>scientium,</strong></span> <span class='ocrx_word' id='word_1_279' title='bbox 1094 2375 1379 2441; x_wconf 84' lang='lat' dir='ltr'><strong>strepitum</strong></span> <span class='ocrx_word' id='word_1_280' title='bbox 1423 2373 1840 2427; x_wconf 80' lang='lat' dir='ltr'><strong>resurrectionis</strong></span> <span class='ocrx_word' id='word_1_281' title='bbox 1870 2387 1931 2426; x_wconf 91' lang='lat' dir='ltr'><strong>ac</strong></span> <span class='ocrx_word' id='word_1_282' title='bbox 1954 2379 2203 2442; x_wconf 86' lang='lat' dir='ltr'><strong>pompam</strong></span> <span class='ocrx_word' id='word_1_283' title='bbox 2239 2375 2343 2428; x_wconf 89' lang='lat' dir='ltr'><strong>hac</strong></span> 
     </span>
    </p>
   </div>
   <div class='ocr_carea' id='block_1_39' title="bbox 760 2463 2344 2536">
    <p class='ocr_par' dir='ltr' id='par_1_39' title="bbox 760 2463 2344 2536">
     <span class='ocr_line' id='line_1_39' title="bbox 760 2463 2344 2536; baseline 0.001 -18"><span class='ocrx_word' id='word_1_284' title='bbox 760 2468 1052 2522; x_wconf 76' lang='lat' dir='ltr'><strong>verborum</strong></span> <span class='ocrx_word' id='word_1_285' title='bbox 1104 2463 1462 2536; x_wconf 83' lang='lat' dir='ltr'><strong>ambiguitate</strong></span> <span class='ocrx_word' id='word_1_286' title='bbox 1515 2464 1780 2516; x_wconf 91' lang='lat' dir='ltr'><strong>libravit:</strong></span> <span class='ocrx_word' id='word_1_287' title='bbox 1817 2482 1834 2514; x_wconf 75' lang='grc' dir='ltr'>ι</span> <span class='ocrx_word' id='word_1_288' title='bbox 1889 2463 2004 2518; x_wconf 86' lang='lat' dir='ltr'><strong>Sed</strong></span> <span class='ocrx_word' id='word_1_289' title='bbox 2059 2481 2234 2533; x_wconf 89' lang='lat' dir='ltr'><strong>neque</strong></span> <span class='ocrx_word' id='word_1_290' title='bbox 2279 2467 2344 2520; x_wconf 84' lang='lat' dir='ltr'><strong>de</strong></span> 
     </span>
    </p>
   </div>
   <div class='ocr_carea' id='block_1_40' title="bbox 761 2553 2342 2626">
    <p class='ocr_par' dir='ltr' id='par_1_40' title="bbox 761 2553 2342 2626">
     <span class='ocr_line' id='line_1_40' title="bbox 761 2553 2342 2626; baseline -0.001 -13"><span class='ocrx_word' id='word_1_291' title='bbox 761 2558 1008 2615; x_wconf 86' lang='lat' dir='ltr'><strong>secundo</strong></span> <span class='ocrx_word' id='word_1_292' title='bbox 1036 2556 1277 2626; x_wconf 89' lang='lat' dir='ltr'><strong>glorioso</strong></span> <span class='ocrx_word' id='word_1_293' title='bbox 1315 2556 1549 2610; x_wconf 84' lang='lat' dir='ltr'><strong>adventu</strong></span> <span class='ocrx_word' id='word_1_294' title='bbox 1589 2553 1801 2609; x_wconf 88' lang='lat' dir='ltr'><strong>Domini</strong></span> <span class='ocrx_word' id='word_1_295' title='bbox 1829 2557 2002 2610; x_wconf 83' lang='lat' dir='ltr'><strong>nostri</strong></span> <span class='ocrx_word' id='word_1_296' title='bbox 2028 2555 2157 2612; x_wconf 83' lang='lat' dir='ltr'><strong>Jesu</strong></span> <span class='ocrx_word' id='word_1_297' title='bbox 2183 2557 2342 2611; x_wconf 58' lang='lat' dir='ltr'><strong>Chrio</strong></span> 
     </span>
    </p>
   </div>
   <div class='ocr_carea' id='block_1_41' title="bbox 762 2646 2345 2716">
    <p class='ocr_par' dir='ltr' id='par_1_41' title="bbox 762 2646 2345 2716">
     <span class='ocr_line' id='line_1_41' title="bbox 762 2646 2345 2716; baseline -0.004 -10"><span class='ocrx_word' id='word_1_298' title='bbox 762 2655 832 2706; x_wconf 89' lang='lat' dir='ltr'><strong>sti</strong></span> <span class='ocrx_word' id='word_1_299' title='bbox 864 2648 1293 2712; x_wconf 85' lang='lat' dir='ltr'><strong>intermisimus,</strong></span> <span class='ocrx_word' id='word_1_300' title='bbox 1321 2646 1409 2715; x_wconf 87' lang='lat' dir='ltr'><strong>qui</strong></span> <span class='ocrx_word' id='word_1_301' title='bbox 1438 2657 1696 2700; x_wconf 84' lang='lat' dir='ltr'><strong>venturus</strong></span> <span class='ocrx_word' id='word_1_302' title='bbox 1726 2655 1808 2700; x_wconf 88' lang='lat' dir='ltr'><strong>est</strong></span> <span class='ocrx_word' id='word_1_303' title='bbox 1839 2646 1890 2699; x_wconf 87' lang='lat' dir='ltr'><strong>itt</strong></span> <span class='ocrx_word' id='word_1_304' title='bbox 1916 2647 2088 2716; x_wconf 89' lang='lat' dir='ltr'><strong>gloria</strong></span> <span class='ocrx_word' id='word_1_305' title='bbox 2121 2663 2218 2702; x_wconf 86' lang='lat' dir='ltr'><strong>sua</strong></span> <span class='ocrx_word' id='word_1_306' title='bbox 2257 2649 2345 2715; x_wconf 84' lang='lat' dir='ltr'><strong>ju-</strong></span> 
     </span>
    </p>
   </div>
   <div class='ocr_carea' id='block_1_42' title="bbox 761 2720 2346 2805">
    <p class='ocr_par' dir='ltr' id='par_1_42' title="bbox 761 2720 2346 2805">
     <span class='ocr_line' id='line_1_42' title="bbox 761 2720 2346 2805; baseline 0 -17"><span class='ocrx_word' id='word_1_307' title='bbox 761 2737 946 2790; x_wconf 87' lang='lat' dir='ltr'><strong>dicare</strong></span> <span class='ocrx_word' id='word_1_308' title='bbox 977 2734 1134 2790; x_wconf 85' lang='lat' dir='ltr'><strong>vivos</strong></span> <span class='ocrx_word' id='word_1_309' title='bbox 1170 2741 1219 2786; x_wconf 83' lang='lat' dir='ltr'><strong>et</strong></span> <span class='ocrx_word' id='word_1_310' title='bbox 1260 2720 1506 2788; x_wconf 87' lang='lat' dir='ltr'><strong>mortuos</strong></span> <span class='ocrx_word' id='word_1_311' title='bbox 1549 2750 1566 2801; x_wconf 84' lang='lat'><strong>;</strong></span> <span class='ocrx_word' id='word_1_312' title='bbox 1596 2734 1712 2805; x_wconf 89' lang='lat' dir='ltr'><strong>ipse</strong></span> <span class='ocrx_word' id='word_1_313' title='bbox 1740 2737 1883 2788; x_wconf 91' lang='lat' dir='ltr'><strong>enim</strong></span> <span class='ocrx_word' id='word_1_314' title='bbox 1917 2736 2203 2789; x_wconf 85' lang='lat' dir='ltr'><strong>sttscttabit</strong></span> <span class='ocrx_word' id='word_1_315' title='bbox 2231 2752 2346 2789; x_wconf 84' lang='lat' dir='ltr'><strong>out-</strong></span> 
     </span>
    </p>
   </div>
   <div class='ocr_carea' id='block_1_43' title="bbox 762 2825 2346 2897">
    <p class='ocr_par' dir='ltr' id='par_1_43' title="bbox 762 2825 2346 2897">
     <span class='ocr_line' id='line_1_43' title="bbox 762 2825 2346 2897; baseline -0.001 -17"><span class='ocrx_word' id='word_1_316' title='bbox 762 2842 860 2882; x_wconf 88' lang='lat' dir='ltr'><strong>nes</strong></span> <span class='ocrx_word' id='word_1_317' title='bbox 889 2835 1157 2889; x_wconf 90' lang='lat' dir='ltr'><strong>mortuos,</strong></span> <span class='ocrx_word' id='word_1_318' title='bbox 1189 2835 1242 2879; x_wconf 88' lang='lat' dir='ltr'><strong>et</strong></span> <span class='ocrx_word' id='word_1_319' title='bbox 1269 2834 1394 2880; x_wconf 89' lang='lat' dir='ltr'><strong>ante</strong></span> <span class='ocrx_word' id='word_1_320' title='bbox 1426 2842 1586 2879; x_wconf 90' lang='lat' dir='ltr'><strong>suum</strong></span> <span class='ocrx_word' id='word_1_321' title='bbox 1636 2826 1870 2879; x_wconf 86' lang='lat' dir='ltr'><strong>tribunal</strong></span> <span class='ocrx_word' id='word_1_322' title='bbox 1896 2825 2060 2897; x_wconf 61' lang='lat'><strong>530</strong></span> <span class='ocrx_word' id='word_1_323' title='bbox 2098 2841 2217 2882; x_wconf 84' lang='lat' dir='ltr'><strong>esse</strong></span> <span class='ocrx_word' id='word_1_324' title='bbox 2265 2827 2346 2880; x_wconf 80' lang='lat' dir='ltr'><strong>la-</strong></span> 
     </span>
    </p>
   </div>
   <div class='ocr_carea' id='block_1_44' title="bbox 769 2917 2348 2988">
    <p class='ocr_par' dir='ltr' id='par_1_44' title="bbox 769 2917 2348 2988">
     <span class='ocr_line' id='line_1_44' title="bbox 769 2917 2348 2988; baseline 0.001 -18"><span class='ocrx_word' id='word_1_325' title='bbox 769 2918 880 2971; x_wconf 85' lang='lat' dir='ltr'><strong>ciet</strong></span> <span class='ocrx_word' id='word_1_326' title='bbox 912 2933 927 2983; x_wconf 92' lang='lat'><strong>;</strong></span> <span class='ocrx_word' id='word_1_327' title='bbox 962 2927 1013 2971; x_wconf 87' lang='lat' dir='ltr'><strong>et</strong></span> <span class='ocrx_word' id='word_1_328' title='bbox 1063 2917 1359 2984; x_wconf 80' lang='lat' dir='ltr'><strong>unicuique</strong></span> <span class='ocrx_word' id='word_1_329' title='bbox 1392 2918 1579 2970; x_wconf 86' lang='lat' dir='ltr'><strong>reddet</strong></span> <span class='ocrx_word' id='word_1_330' title='bbox 1609 2921 1911 2973; x_wconf 87' lang='lat' dir='ltr'><strong>secundum</strong></span> <span class='ocrx_word' id='word_1_331' title='bbox 1936 2926 2080 2988; x_wconf 88' lang='lat' dir='ltr'><strong>quod</strong></span> <span class='ocrx_word' id='word_1_332' title='bbox 2118 2924 2227 2987; x_wconf 82' lang='lat' dir='ltr'><strong>egit</strong></span> <span class='ocrx_word' id='word_1_333' title='bbox 2253 2935 2284 2988; x_wconf 90' lang='lat' dir='ltr'><strong>p</strong></span> <span class='ocrx_word' id='word_1_334' title='bbox 2307 2937 2348 2972; x_wconf 42' lang='lat' dir='ltr'><strong>ir</strong></span> 
     </span>
    </p>
   </div>
   <div class='ocr_carea' id='block_1_45' title="bbox 765 3009 2343 3082">
    <p class='ocr_par' dir='ltr' id='par_1_45' title="bbox 765 3009 2343 3082">
     <span class='ocr_line' id='line_1_45' title="bbox 765 3009 2343 3082; baseline -0.001 -15"><span class='ocrx_word' id='word_1_335' title='bbox 765 3026 988 3082; x_wconf 89' lang='lat' dir='ltr'><strong>corpus,</strong></span> <span class='ocrx_word' id='word_1_336' title='bbox 1029 3009 1145 3065; x_wconf 75' lang='lat' dir='ltr'><strong>sive</strong></span> <span class='ocrx_word' id='word_1_337' title='bbox 1178 3009 1383 3064; x_wconf 89' lang='lat' dir='ltr'><strong>bonum</strong></span> <span class='ocrx_word' id='word_1_338' title='bbox 1431 3010 1548 3065; x_wconf 89' lang='lat' dir='ltr'><strong>sive</strong></span> <span class='ocrx_word' id='word_1_339' title='bbox 1594 3010 1838 3078; x_wconf 82' lang='lat' dir='ltr'><strong>malum;</strong></span> <span class='ocrx_word' id='word_1_340' title='bbox 1873 3013 2082 3066; x_wconf 85' lang='lat' dir='ltr'><strong>scilicet</strong></span> <span class='ocrx_word' id='word_1_341' title='bbox 2116 3024 2210 3065; x_wconf 91' lang='lat' dir='ltr'><strong>aut</strong></span> <span class='ocrx_word' id='word_1_342' title='bbox 2246 3028 2343 3066; x_wconf 88' lang='lat' dir='ltr'><strong>c0-</strong></span> 
     </span>
    </p>
   </div>
   <div class='ocr_carea' id='block_1_46' title="bbox 772 3102 2347 3172">
    <p class='ocr_par' dir='ltr' id='par_1_46' title="bbox 772 3102 2347 3172">
     <span class='ocr_line' id='line_1_46' title="bbox 772 3102 2347 3172; baseline -0.001 -16"><span class='ocrx_word' id='word_1_343' title='bbox 772 3105 1051 3158; x_wconf 89' lang='lat' dir='ltr'><strong>ronandus</strong></span> <span class='ocrx_word' id='word_1_344' title='bbox 1082 3103 1133 3156; x_wconf 92' lang='lat' dir='ltr'><strong>in</strong></span> <span class='ocrx_word' id='word_1_345' title='bbox 1165 3116 1412 3171; x_wconf 86' lang='lat' dir='ltr'><strong>corpore,</strong></span> <span class='ocrx_word' id='word_1_346' title='bbox 1448 3102 1594 3171; x_wconf 85' lang='lat' dir='ltr'><strong>quod</strong></span> <span class='ocrx_word' id='word_1_347' title='bbox 1625 3111 1775 3156; x_wconf 86' lang='lat' dir='ltr'><strong>caste</strong></span> <span class='ocrx_word' id='word_1_348' title='bbox 1808 3103 1916 3169; x_wconf 85' lang='lat' dir='ltr'><strong>egit</strong></span> <span class='ocrx_word' id='word_1_349' title='bbox 1948 3114 2000 3156; x_wconf 90' lang='lat' dir='ltr'><strong>et</strong></span> <span class='ocrx_word' id='word_1_350' title='bbox 2028 3103 2173 3172; x_wconf 84' lang='lat' dir='ltr'><strong>juste</strong></span> <span class='ocrx_word' id='word_1_351' title='bbox 2203 3121 2218 3166; x_wconf 91' lang='lat'><strong>;</strong></span> <span class='ocrx_word' id='word_1_352' title='bbox 2253 3113 2347 3158; x_wconf 89' lang='lat' dir='ltr'><strong>aut</strong></span> 
     </span>
    </p>
   </div>
   <div class='ocr_carea' id='block_1_47' title="bbox 768 3194 2348 3266">
    <p class='ocr_par' dir='ltr' id='par_1_47' title="bbox 768 3194 2348 3266">
     <span class='ocr_line' id='line_1_47' title="bbox 768 3194 2348 3266; baseline 0 -16"><span class='ocrx_word' id='word_1_353' title='bbox 768 3195 1238 3257; x_wconf 84' lang='lat' dir='ltr'><strong>condemnandus,</strong></span> <span class='ocrx_word' id='word_1_354' title='bbox 1271 3194 1412 3262; x_wconf 84' lang='lat' dir='ltr'><strong>quod</strong></span> <span class='ocrx_word' id='word_1_355' title='bbox 1449 3195 1825 3263; x_wconf 86' lang='lat' dir='ltr'><strong>voluptatibus</strong></span> <span class='ocrx_word' id='word_1_356' title='bbox 1855 3195 2059 3264; x_wconf 89' lang='lat' dir='ltr'><strong>pariter</strong></span> <span class='ocrx_word' id='word_1_357' title='bbox 2086 3196 2348 3266; x_wconf 81' lang='lat' dir='ltr'><strong>iniquita-</strong></span> 
     </span>
    </p>
   </div>
   <div class='ocr_carea' id='block_1_48' title="bbox 2447 1994 4038 2073">
    <p class='ocr_par' dir='ltr' id='par_1_48' title="bbox 2447 1994 4038 2073">
     <span class='ocr_line' id='line_1_48' title="bbox 2447 1994 4038 2073; baseline 0.006 -25"><span class='ocrx_word' id='word_1_358' title='bbox 2447 1994 2610 2050; x_wconf 90' lang='lat' dir='ltr'><strong>clesia</strong></span> <span class='ocrx_word' id='word_1_359' title='bbox 2630 2012 2645 2062; x_wconf 92' lang='lat'>;</span> <span class='ocrx_word' id='word_1_360' title='bbox 2679 2006 2989 2052; x_wconf 90' lang='lat' dir='ltr'><strong>nostrorunt</strong></span> <span class='ocrx_word' id='word_1_361' title='bbox 3060 2007 3114 2052; x_wconf 94' lang='lat' dir='ltr'><strong>et</strong></span> <span class='ocrx_word' id='word_1_362' title='bbox 3147 1999 3533 2054; x_wconf 66' lang='lat' dir='ltr'><strong>haereticorum</strong></span> <span class='ocrx_word' id='word_1_363' title='bbox 3568 2019 3583 2054; x_wconf 90' lang='lat'>:</span> <span class='ocrx_word' id='word_1_364' title='bbox 3621 2021 3640 2052; x_wconf 69' lang='grc' dir='ltr'>ί</span> <span class='ocrx_word' id='word_1_365' title='bbox 3683 2003 3798 2057; x_wconf 80' lang='lat' dir='ltr'><strong>Nos</strong></span> <span class='ocrx_word' id='word_1_366' title='bbox 3821 2004 4038 2073; x_wconf 83' lang='lat' dir='ltr'><strong>simpli-</strong></span> 
     </span>
    </p>
   </div>
   <div class='ocr_carea' id='block_1_49' title="bbox 2444 2090 4036 2162">
    <p class='ocr_par' dir='ltr' id='par_1_49' title="bbox 2444 2090 4036 2162">
     <span class='ocr_line' id='line_1_49' title="bbox 2444 2090 4036 2162; baseline 0.005 -20"><span class='ocrx_word' id='word_1_367' title='bbox 2444 2104 2536 2143; x_wconf 79' lang='lat' dir='ltr'><strong>res</strong></span> <span class='ocrx_word' id='word_1_368' title='bbox 2583 2100 2638 2143; x_wconf 90' lang='lat' dir='ltr'><strong>et</strong></span> <span class='ocrx_word' id='word_1_369' title='bbox 2692 2090 3038 2159; x_wconf 81' lang='lat' dir='ltr'><strong>philosarcas</strong></span> <span class='ocrx_word' id='word_1_370' title='bbox 3081 2092 3101 2122; x_wconf 82' lang='lat'><strong>‘</strong></span> <span class='ocrx_word' id='word_1_371' title='bbox 3134 2092 3342 2154; x_wconf 84' lang='lat' dir='ltr'><strong>dicere,</strong></span> <span class='ocrx_word' id='word_1_372' title='bbox 3379 2096 3524 2162; x_wconf 91' lang='lat' dir='ltr'><strong>quod</strong></span> <span class='ocrx_word' id='word_1_373' title='bbox 3574 2096 3763 2150; x_wconf 78' lang='lat' dir='ltr'><strong>eadem</strong></span> <span class='ocrx_word' id='word_1_374' title='bbox 3794 2113 3946 2158; x_wconf 71' lang='lat' dir='ltr'><strong>ossa,</strong></span> <span class='ocrx_word' id='word_1_375' title='bbox 3983 2106 4036 2150; x_wconf 81' lang='lat' dir='ltr'><strong>et</strong></span> 
     </span>
    </p>
   </div>
   <div class='ocr_carea' id='block_1_50' title="bbox 2446 2183 4031 2254">
    <p class='ocr_par' dir='ltr' id='par_1_50' title="bbox 2446 2183 4031 2254">
     <span class='ocr_line' id='line_1_50' title="bbox 2446 2183 4031 2254; baseline 0.004 -17"><span class='ocrx_word' id='word_1_376' title='bbox 2446 2183 2696 2252; x_wconf 87' lang='lat' dir='ltr'><strong>sanguis,</strong></span> <span class='ocrx_word' id='word_1_377' title='bbox 2721 2191 2775 2237; x_wconf 87' lang='lat' dir='ltr'><strong>et</strong></span> <span class='ocrx_word' id='word_1_378' title='bbox 2801 2198 2954 2244; x_wconf 89' lang='lat' dir='ltr'><strong>caro,</strong></span> <span class='ocrx_word' id='word_1_379' title='bbox 2989 2185 3039 2236; x_wconf 95' lang='lat' dir='ltr'><strong>id</strong></span> <span class='ocrx_word' id='word_1_380' title='bbox 3073 2194 3180 2248; x_wconf 84' lang='lat' dir='ltr'><strong>est,</strong></span> <span class='ocrx_word' id='word_1_381' title='bbox 3218 2185 3402 2240; x_wconf 84' lang='lat' dir='ltr'><strong>vultus</strong></span> <span class='ocrx_word' id='word_1_382' title='bbox 3433 2195 3485 2239; x_wconf 86' lang='lat' dir='ltr'><strong>et</strong></span> <span class='ocrx_word' id='word_1_383' title='bbox 3516 2189 3790 2254; x_wconf 84' lang='lat' dir='ltr'><strong>membra,</strong></span> <span class='ocrx_word' id='word_1_384' title='bbox 3827 2191 4031 2244; x_wconf 78' lang='lat' dir='ltr'><strong>totius-</strong></span> 
     </span>
    </p>
   </div>
   <div class='ocr_carea' id='block_1_51' title="bbox 2446 2275 4032 2348">
    <p class='ocr_par' dir='ltr' id='par_1_51' title="bbox 2446 2275 4032 2348">
     <span class='ocr_line' id='line_1_51' title="bbox 2446 2275 4032 2348; baseline 0.004 -18"><span class='ocrx_word' id='word_1_385' title='bbox 2446 2293 2554 2344; x_wconf 87' lang='lat' dir='ltr'><strong>que</strong></span> <span class='ocrx_word' id='word_1_386' title='bbox 2585 2291 2848 2348; x_wconf 87' lang='lat' dir='ltr'><strong>compago</strong></span> <span class='ocrx_word' id='word_1_387' title='bbox 2875 2275 3131 2346; x_wconf 87' lang='lat' dir='ltr'><strong>corporis</strong></span> <span class='ocrx_word' id='word_1_388' title='bbox 3162 2286 3416 2347; x_wconf 78' lang='lat' dir='ltr'><strong>resurgat</strong></span> <span class='ocrx_word' id='word_1_389' title='bbox 3449 2280 3501 2333; x_wconf 92' lang='lat' dir='ltr'><strong>in</strong></span> <span class='ocrx_word' id='word_1_390' title='bbox 3551 2282 3849 2338; x_wconf 87' lang='lat' dir='ltr'><strong>novissima</strong></span> <span class='ocrx_word' id='word_1_391' title='bbox 3884 2285 3979 2338; x_wconf 90' lang='lat' dir='ltr'><strong>die</strong></span> <span class='ocrx_word' id='word_1_392' title='bbox 4020 2304 4032 2337; x_wconf 90' lang='lat'><strong>:</strong></span> 
     </span>
    </p>
   </div>
   <div class='ocr_carea' id='block_1_52' title="bbox 2446 2369 4035 2441">
    <p class='ocr_par' dir='ltr' id='par_1_52' title="bbox 2446 2369 4035 2441">
     <span class='ocr_line' id='line_1_52' title="bbox 2446 2369 4035 2441; baseline 0.004 -18"><span class='ocrx_word' id='word_1_393' title='bbox 2446 2369 2658 2423; x_wconf 82' lang='lat' dir='ltr'><strong>scilicet</strong></span> <span class='ocrx_word' id='word_1_394' title='bbox 2682 2379 2738 2422; x_wconf 93' lang='lat' dir='ltr'><strong>ut</strong></span> <span class='ocrx_word' id='word_1_395' title='bbox 2763 2369 2993 2437; x_wconf 78' lang='lat' dir='ltr'><strong>pedibus</strong></span> <span class='ocrx_word' id='word_1_396' title='bbox 3028 2369 3408 2438; x_wconf 85' lang='lat' dir='ltr'><strong>ambulemus,</strong></span> <span class='ocrx_word' id='word_1_397' title='bbox 3433 2387 3724 2441; x_wconf 84' lang='lat' dir='ltr'><strong>nperemur</strong></span> <span class='ocrx_word' id='word_1_398' title='bbox 3753 2377 4035 2438; x_wconf 71' lang='lat' dir='ltr'><strong>manibus.</strong></span> 
     </span>
    </p>
   </div>
   <div class='ocr_carea' id='block_1_53' title="bbox 2448 2463 4038 2530">
    <p class='ocr_par' dir='ltr' id='par_1_53' title="bbox 2448 2463 4038 2530">
     <span class='ocr_line' id='line_1_53' title="bbox 2448 2463 4038 2530; baseline 0.003 -18"><span class='ocrx_word' id='word_1_399' title='bbox 2448 2463 2732 2516; x_wconf 86' lang='lat' dir='ltr'><strong>videamus</strong></span> <span class='ocrx_word' id='word_1_400' title='bbox 2783 2463 2983 2525; x_wconf 89' lang='lat' dir='ltr'><strong>oculis,</strong></span> <span class='ocrx_word' id='word_1_401' title='bbox 3030 2463 3261 2519; x_wconf 85' lang='lat' dir='ltr'><strong>auribus</strong></span> <span class='ocrx_word' id='word_1_402' title='bbox 3308 2465 3622 2530; x_wconf 82' lang='lat' dir='ltr'><strong>audiamus,</strong></span> <span class='ocrx_word' id='word_1_403' title='bbox 3669 2468 4038 2521; x_wconf 62' lang='lat' dir='ltr'><strong>circumfers-</strong></span> 
     </span>
    </p>
   </div>
   <div class='ocr_carea' id='block_1_54' title="bbox 2451 2553 4042 2620">
    <p class='ocr_par' dir='ltr' id='par_1_54' title="bbox 2451 2553 4042 2620">
     <span class='ocr_line' id='line_1_54' title="bbox 2451 2553 4042 2620; baseline 0.005 -18"><span class='ocrx_word' id='word_1_404' title='bbox 2451 2567 2681 2620; x_wconf 90' lang='lat' dir='ltr'><strong>musque</strong></span> <span class='ocrx_word' id='word_1_405' title='bbox 2716 2559 2956 2604; x_wconf 82' lang='lat' dir='ltr'><strong>ventrem</strong></span> <span class='ocrx_word' id='word_1_406' title='bbox 2991 2553 3385 2618; x_wconf 77' lang='lat' dir='ltr'><strong>insatiabilem,</strong></span> <span class='ocrx_word' id='word_1_407' title='bbox 3413 2565 3466 2609; x_wconf 93' lang='lat' dir='ltr'><strong>et</strong></span> <span class='ocrx_word' id='word_1_408' title='bbox 3494 2558 3844 2611; x_wconf 86' lang='lat' dir='ltr'><strong>stomachum</strong></span> <span class='ocrx_word' id='word_1_409' title='bbox 3885 2560 4042 2611; x_wconf 88' lang='lat' dir='ltr'><strong>cibos</strong></span> 
     </span>
    </p>
   </div>
   <div class='ocr_carea' id='block_1_55' title="bbox 2446 2643 4033 2719">
    <p class='ocr_par' dir='ltr' id='par_1_55' title="bbox 2446 2643 4033 2719">
     <span class='ocr_line' id='line_1_55' title="bbox 2446 2643 4033 2719; baseline 0.006 -25"><span class='ocrx_word' id='word_1_410' title='bbox 2446 2652 2904 2709; x_wconf 87' lang='lat' dir='ltr'><strong>concoquentem.</strong></span> <span class='ocrx_word' id='word_1_411' title='bbox 2961 2643 3320 2712; x_wconf 75' lang='lat' dir='ltr'><strong>Consequens</strong></span> <span class='ocrx_word' id='word_1_412' title='bbox 3373 2658 3552 2703; x_wconf 89' lang='lat' dir='ltr'><strong>autem</strong></span> <span class='ocrx_word' id='word_1_413' title='bbox 3588 2664 3731 2712; x_wconf 86' lang='lat' dir='ltr'><strong>esse,</strong></span> <span class='ocrx_word' id='word_1_414' title='bbox 3779 2650 3876 2719; x_wconf 89' lang='lat' dir='ltr'><strong>qui</strong></span> <span class='ocrx_word' id='word_1_415' title='bbox 3929 2652 4033 2704; x_wconf 89' lang='lat' dir='ltr'><strong>ista</strong></span> 
     </span>
    </p>
   </div>
   <div class='ocr_carea' id='block_1_56' title="bbox 2448 2735 4033 2808">
    <p class='ocr_par' dir='ltr' id='par_1_56' title="bbox 2448 2735 4033 2808">
     <span class='ocr_line' id='line_1_56' title="bbox 2448 2735 4033 2808; baseline 0.007 -22"><span class='ocrx_word' id='word_1_416' title='bbox 2448 2735 2758 2800; x_wconf 82' lang='lat' dir='ltr'><strong>credamus,</strong></span> <span class='ocrx_word' id='word_1_417' title='bbox 2798 2736 2980 2793; x_wconf 88' lang='lat' dir='ltr'><strong>dicere</strong></span> <span class='ocrx_word' id='word_1_418' title='bbox 3009 2753 3112 2792; x_wconf 91' lang='lat' dir='ltr'><strong>nos</strong></span> <span class='ocrx_word' id='word_1_419' title='bbox 3156 2740 3300 2808; x_wconf 87' lang='lat' dir='ltr'><strong>quod</strong></span> <span class='ocrx_word' id='word_1_420' title='bbox 3333 2749 3386 2794; x_wconf 92' lang='lat' dir='ltr'><strong>ct</strong></span> <span class='ocrx_word' id='word_1_421' title='bbox 3417 2743 3817 2797; x_wconf 77' lang='lat' dir='ltr'><strong>comedendum</strong></span> <span class='ocrx_word' id='word_1_422' title='bbox 3869 2745 4033 2798; x_wconf 81' lang='lat' dir='ltr'><strong>nobis</strong></span> 
     </span>
    </p>
   </div>
   <div class='ocr_carea' id='block_1_57' title="bbox 2448 2827 4044 2902">
    <p class='ocr_par' dir='ltr' id='par_1_57' title="bbox 2448 2827 4044 2902">
     <span class='ocr_line' id='line_1_57' title="bbox 2448 2827 4044 2902; baseline 0.009 -24"><span class='ocrx_word' id='word_1_423' title='bbox 2448 2827 2539 2890; x_wconf 86' lang='lat' dir='ltr'><strong>sit,</strong></span> <span class='ocrx_word' id='word_1_424' title='bbox 2573 2835 2624 2879; x_wconf 82' lang='lat' dir='ltr'><strong>et</strong></span> <span class='ocrx_word' id='word_1_425' title='bbox 2659 2828 2949 2882; x_wconf 88' lang='lat' dir='ltr'><strong>bibendum</strong></span> <span class='ocrx_word' id='word_1_426' title='bbox 2970 2871 2987 2893; x_wconf 88' lang='lat'><strong>,</strong></span> <span class='ocrx_word' id='word_1_427' title='bbox 3018 2832 3310 2901; x_wconf 76' lang='lat' dir='ltr'><strong>digerenda</strong></span> <span class='ocrx_word' id='word_1_428' title='bbox 3346 2846 3590 2890; x_wconf 88' lang='lat' dir='ltr'><strong>stercora</strong></span> <span class='ocrx_word' id='word_1_429' title='bbox 3617 2878 3632 2902; x_wconf 93' lang='lat'><strong>,</strong></span> <span class='ocrx_word' id='word_1_430' title='bbox 3667 2837 4044 2893; x_wconf 78' lang='lat' dir='ltr'><strong>eﬂ&#39;undendus</strong></span> 
     </span>
    </p>
   </div>
   <div class='ocr_carea' id='block_1_58' title="bbox 2451 2917 4046 2997">
    <p class='ocr_par' dir='ltr' id='par_1_58' title="bbox 2451 2917 4046 2997">
     <span class='ocr_line' id='line_1_58' title="bbox 2451 2917 4046 2997; baseline 0.009 -28"><span class='ocrx_word' id='word_1_431' title='bbox 2451 2917 2671 2977; x_wconf 88' lang='lat' dir='ltr'><strong>humor.</strong></span> <span class='ocrx_word' id='word_1_432' title='bbox 2722 2919 2988 2975; x_wconf 67' lang='lat' dir='ltr'><strong>ducenda:</strong></span> <span class='ocrx_word' id='word_1_433' title='bbox 3041 2937 3261 2988; x_wconf 84' lang='lat' dir='ltr'><strong>uxores.</strong></span> <span class='ocrx_word' id='word_1_434' title='bbox 3311 2927 3468 2980; x_wconf 90' lang='lat' dir='ltr'><strong>liberi</strong></span> <span class='ocrx_word' id='word_1_435' title='bbox 3515 2930 3864 2997; x_wconf 85' lang='lat' dir='ltr'><strong>procreandi.</strong></span> <span class='ocrx_word' id='word_1_436' title='bbox 3925 2931 4046 2996; x_wconf 80' lang='lat' dir='ltr'><strong>Quo</strong></span> 
     </span>
    </p>
   </div>
   <div class='ocr_carea' id='block_1_59' title="bbox 2450 3010 4043 3089">
    <p class='ocr_par' dir='ltr' id='par_1_59' title="bbox 2450 3010 4043 3089">
     <span class='ocr_line' id='line_1_59' title="bbox 2450 3010 4043 3089; baseline 0.009 -30"><span class='ocrx_word' id='word_1_437' title='bbox 2450 3010 2596 3062; x_wconf 86' lang='lat' dir='ltr'><strong>enim</strong></span> <span class='ocrx_word' id='word_1_438' title='bbox 2639 3011 2882 3065; x_wconf 72' lang='lat' dir='ltr'><strong>membra</strong></span> <span class='ocrx_word' id='word_1_439' title='bbox 2915 3014 3194 3082; x_wconf 85' lang='lat' dir='ltr'><strong>genitalia,</strong></span> <span class='ocrx_word' id='word_1_440' title='bbox 3229 3016 3275 3071; x_wconf 88' lang='lat' dir='ltr'><strong>si</strong></span> <span class='ocrx_word' id='word_1_441' title='bbox 3311 3019 3510 3084; x_wconf 67' lang='lat' dir='ltr'><strong>nuptiae</strong></span> <span class='ocrx_word' id='word_1_442' title='bbox 3543 3035 3649 3073; x_wconf 92' lang='lat' dir='ltr'><strong>non</strong></span> <span class='ocrx_word' id='word_1_443' title='bbox 3674 3024 3864 3075; x_wconf 81' lang='lat' dir='ltr'><strong>erunt?</strong></span> <span class='ocrx_word' id='word_1_444' title='bbox 3920 3023 4043 3089; x_wconf 85' lang='lat' dir='ltr'><strong>Quo</strong></span> 
     </span>
    </p>
   </div>
   <div class='ocr_carea' id='block_1_60' title="bbox 2450 3100 4041 3176">
    <p class='ocr_par' dir='ltr' id='par_1_60' title="bbox 2450 3100 4041 3176">
     <span class='ocr_line' id='line_1_60' title="bbox 2450 3100 4041 3176; baseline 0.006 -23"><span class='ocrx_word' id='word_1_445' title='bbox 2450 3100 2665 3162; x_wconf 83' lang='lat' dir='ltr'><strong>dentes.</strong></span> <span class='ocrx_word' id='word_1_446' title='bbox 2712 3103 2757 3156; x_wconf 91' lang='lat' dir='ltr'><strong>si</strong></span> <span class='ocrx_word' id='word_1_447' title='bbox 2806 3102 2909 3156; x_wconf 90' lang='lat' dir='ltr'><strong>cibi</strong></span> <span class='ocrx_word' id='word_1_448' title='bbox 2948 3119 3058 3157; x_wconf 90' lang='lat' dir='ltr'><strong>non</strong></span> <span class='ocrx_word' id='word_1_449' title='bbox 3100 3105 3338 3160; x_wconf 90' lang='lat' dir='ltr'><strong>molendi</strong></span> <span class='ocrx_word' id='word_1_450' title='bbox 3389 3111 3556 3163; x_wconf 88' lang='lat' dir='ltr'><strong>sunt?</strong></span> <span class='ocrx_word' id='word_1_451' title='bbox 3594 3110 3712 3176; x_wconf 86' lang='lat' dir='ltr'><strong>Quo</strong></span> <span class='ocrx_word' id='word_1_452' title='bbox 3743 3124 3939 3166; x_wconf 81' lang='lat' dir='ltr'><strong>venter</strong></span> <span class='ocrx_word' id='word_1_453' title='bbox 3987 3125 4041 3163; x_wconf 72' lang='grc' dir='ltr'><strong>ιιι</strong></span> 
     </span>
    </p>
   </div>
   <div class='ocr_carea' id='block_1_61' title="bbox 2451 3194 4034 3264">
    <p class='ocr_par' dir='ltr' id='par_1_61' title="bbox 2451 3194 4034 3264">
     <span class='ocr_line' id='line_1_61' title="bbox 2451 3194 4034 3264; baseline 0.004 -15"><span class='ocrx_word' id='word_1_454' title='bbox 2451 3196 2589 3258; x_wconf 86' lang='lat' dir='ltr'><strong>cibi,</strong></span> <span class='ocrx_word' id='word_1_455' title='bbox 2621 3194 2664 3247; x_wconf 89' lang='lat' dir='ltr'><strong>si</strong></span> <span class='ocrx_word' id='word_1_456' title='bbox 2695 3194 2851 3262; x_wconf 83' lang='lat' dir='ltr'><strong>juxta</strong></span> <span class='ocrx_word' id='word_1_457' title='bbox 2881 3196 3196 3264; x_wconf 84' lang='lat' dir='ltr'><strong>Apostolunt</strong></span> <span class='ocrx_word' id='word_1_458' title='bbox 3233 3208 3286 3252; x_wconf 86' lang='lat' dir='ltr'><strong>et</strong></span> <span class='ocrx_word' id='word_1_459' title='bbox 3317 3199 3407 3254; x_wconf 88' lang='lat' dir='ltr'><strong>hic</strong></span> <span class='ocrx_word' id='word_1_460' title='bbox 3437 3210 3489 3254; x_wconf 93' lang='lat' dir='ltr'><strong>et</strong></span> <span class='ocrx_word' id='word_1_461' title='bbox 3523 3202 3596 3255; x_wconf 93' lang='lat' dir='ltr'><strong>illi</strong></span> <span class='ocrx_word' id='word_1_462' title='bbox 3632 3203 4034 3256; x_wconf 78' lang='lat' dir='ltr'><strong>destruentur?</strong></span> 
     </span>
    </p>
   </div>
   <div class='ocr_carea' id='block_1_62' title="bbox 769 3277 4042 3366">
    <p class='ocr_par' dir='ltr' id='par_1_62' title="bbox 769 3277 4042 3366">
     <span class='ocr_line' id='line_1_62' title="bbox 769 3277 4042 3366; baseline 0.002 -26"><span class='ocrx_word' id='word_1_463' title='bbox 769 3285 1023 3354; x_wconf 84' lang='lat' dir='ltr'><strong>libusque</strong></span> <span class='ocrx_word' id='word_1_464' title='bbox 1053 3284 1330 3340; x_wconf 52' lang='lat' dir='ltr'><strong>servivit»</strong></span> <span class='ocrx_word' id='word_1_465' title='bbox 1362 3283 1473 3339; x_wconf 86' lang='lat' dir='ltr'><strong>lloe</strong></span> <span class='ocrx_word' id='word_1_466' title='bbox 1497 3285 1643 3354; x_wconf 85' lang='lat' dir='ltr'><strong>quod</strong></span> <span class='ocrx_word' id='word_1_467' title='bbox 1671 3289 1723 3340; x_wconf 92' lang='lat' dir='ltr'><strong>in</strong></span> <span class='ocrx_word' id='word_1_468' title='bbox 1753 3286 2045 3357; x_wconf 80' lang='lat' dir='ltr'><strong>Evangelio</strong></span> <span class='ocrx_word' id='word_1_469' title='bbox 2069 3287 2300 3356; x_wconf 87' lang='lat' dir='ltr'><strong>legimus</strong></span> <span class='ocrx_word' id='word_1_470' title='bbox 2329 3305 2343 3342; x_wconf 88' lang='lat'>:</span> <span class='ocrx_word' id='word_1_471' title='bbox 2377 3277 2419 3334; x_wconf 83' lang='lat' dir='ltr'>C</span> <span class='ocrx_word' id='word_1_472' title='bbox 2455 3291 2573 3357; x_wconf 84' lang='lat' dir='ltr'><strong>ipso</strong></span> <span class='ocrx_word' id='word_1_473' title='bbox 2615 3287 2816 3342; x_wconf 90' lang='lat' dir='ltr'><strong>iterum</strong></span> <span class='ocrx_word' id='word_1_474' title='bbox 2843 3288 3115 3343; x_wconf 89' lang='lat' dir='ltr'><strong>clamante</strong></span> <span class='ocrx_word' id='word_1_475' title='bbox 3148 3308 3164 3347; x_wconf 83' lang='lat'><strong>:</strong></span> <span class='ocrx_word' id='word_1_476' title='bbox 3207 3310 3226 3342; x_wconf 75' lang='grc' dir='ltr'>ι</span> <span class='ocrx_word' id='word_1_477' title='bbox 3260 3291 3402 3347; x_wconf 92' lang='lat' dir='ltr'><strong>Caro</strong></span> <span class='ocrx_word' id='word_1_478' title='bbox 3449 3302 3504 3348; x_wconf 92' lang='lat' dir='ltr'><strong>et</strong></span> <span class='ocrx_word' id='word_1_479' title='bbox 3551 3296 3776 3362; x_wconf 80' lang='lat' dir='ltr'><strong>sanguis</strong></span> <span class='ocrx_word' id='word_1_480' title='bbox 3809 3312 4042 3366; x_wconf 80' lang='lat' dir='ltr'><strong>regnum</strong></span> 
     </span>
    </p>
   </div>
   <div class='ocr_carea' id='block_1_63' title="bbox 769 3376 2346 3448">
    <p class='ocr_par' dir='ltr' id='par_1_63' title="bbox 769 3376 2346 3448">
     <span class='ocr_line' id='line_1_63' title="bbox 769 3376 2346 3448; baseline 0.001 -15"><span class='ocrx_word' id='word_1_481' title='bbox 769 3379 828 3433; x_wconf 79' lang='lat' dir='ltr'><strong>in</strong></span> <span class='ocrx_word' id='word_1_482' title='bbox 871 3376 1345 3433; x_wconf 87' lang='lat' dir='ltr'><strong>consummatione</strong></span> <span class='ocrx_word' id='word_1_483' title='bbox 1393 3379 1626 3438; x_wconf 86' lang='lat' dir='ltr'><strong>mundi.</strong></span> <span class='ocrx_word' id='word_1_484' title='bbox 1673 3381 1720 3432; x_wconf 87' lang='lat' dir='ltr'><strong>si</strong></span> <span class='ocrx_word' id='word_1_485' title='bbox 1756 3381 1870 3446; x_wconf 83' lang='lat' dir='ltr'><strong>fieri</strong></span> <span class='ocrx_word' id='word_1_486' title='bbox 1923 3389 2091 3448; x_wconf 74' lang='lat' dir='ltr'><strong>potest</strong></span> <span class='ocrx_word' id='word_1_487' title='bbox 2124 3379 2346 3448; x_wconf 74' lang='lat' dir='ltr'><strong>(Matth.</strong></span> 
     </span>
    </p>
   </div>
   <div class='ocr_carea' id='block_1_64' title="bbox 772 3469 2354 3543">
    <p class='ocr_par' dir='ltr' id='par_1_64' title="bbox 772 3469 2354 3543">
     <span class='ocr_line' id='line_1_64' title="bbox 772 3469 2354 3543; baseline -0.001 -17"><span class='ocrx_word' id='word_1_488' title='bbox 772 3487 923 3536; x_wconf 71' lang='lat' dir='ltr'><strong>xxiv,</strong></span> <span class='ocrx_word' id='word_1_489' title='bbox 971 3469 1086 3538; x_wconf 64' lang='grc' dir='ltr'><strong>ει),</strong></span> <span class='ocrx_word' id='word_1_490' title='bbox 1128 3469 1314 3524; x_wconf 87' lang='lat' dir='ltr'><strong>seduci</strong></span> <span class='ocrx_word' id='word_1_491' title='bbox 1368 3471 1529 3524; x_wconf 82' lang='lat' dir='ltr'><strong>etiam</strong></span> <span class='ocrx_word' id='word_1_492' title='bbox 1579 3472 1806 3535; x_wconf 85' lang='lat' dir='ltr'><strong>electos,</strong></span> <span class='ocrx_word' id='word_1_493' title='bbox 1852 3472 1903 3525; x_wconf 94' lang='lat' dir='ltr'><strong>in</strong></span> <span class='ocrx_word' id='word_1_494' title='bbox 1966 3473 2066 3526; x_wconf 93' lang='lat' dir='ltr'><strong>hoc</strong></span> <span class='ocrx_word' id='word_1_495' title='bbox 2113 3474 2354 3543; x_wconf 84' lang='lat' dir='ltr'><strong>capitulo</strong></span> 
     </span>
    </p>
   </div>
   <div class='ocr_carea' id='block_1_65' title="bbox 771 3563 2355 3635">
    <p class='ocr_par' dir='ltr' id='par_1_65' title="bbox 771 3563 2355 3635">
     <span class='ocr_line' id='line_1_65' title="bbox 771 3563 2355 3635; baseline -0.001 -14"><span class='ocrx_word' id='word_1_496' title='bbox 771 3570 1193 3634; x_wconf 90' lang='lat' dir='ltr'><strong>comprobamus</strong></span> <span class='ocrx_word' id='word_1_497' title='bbox 1228 3563 1268 3616; x_wconf 88' lang='grc'><strong>³.</strong></span> <span class='ocrx_word' id='word_1_498' title='bbox 1311 3563 1473 3617; x_wconf 87' lang='lat' dir='ltr'><strong>Audit</strong></span> <span class='ocrx_word' id='word_1_499' title='bbox 1525 3566 1717 3635; x_wconf 87' lang='lat' dir='ltr'><strong>vulgus</strong></span> <span class='ocrx_word' id='word_1_500' title='bbox 1773 3566 2050 3620; x_wconf 71' lang='lat' dir='ltr'><strong>indortum</strong></span> <span class='ocrx_word' id='word_1_501' title='bbox 2111 3577 2355 3620; x_wconf 87' lang='lat' dir='ltr'><strong>mortuus</strong></span> 
     </span>
    </p>
   </div>
   <div class='ocr_carea' id='block_1_66' title="bbox 771 3654 2353 3726">
    <p class='ocr_par' dir='ltr' id='par_1_66' title="bbox 771 3654 2353 3726">
     <span class='ocr_line' id='line_1_66' title="bbox 771 3654 2353 3726; baseline 0 -17"><span class='ocrx_word' id='word_1_502' title='bbox 771 3655 1094 3726; x_wconf 86' lang='lat' dir='ltr'><strong>et&#39;scpultos</strong></span> <span class='ocrx_word' id='word_1_503' title='bbox 1123 3671 1138 3708; x_wconf 90' lang='lat'><strong>:</strong></span> <span class='ocrx_word' id='word_1_504' title='bbox 1169 3654 1321 3709; x_wconf 87' lang='lat' dir='ltr'><strong>audit</strong></span> <span class='ocrx_word' id='word_1_505' title='bbox 1345 3656 1808 3710; x_wconf 86' lang='lat' dir='ltr'><strong>resurrectionem</strong></span> <span class='ocrx_word' id='word_1_506' title='bbox 1844 3665 2185 3710; x_wconf 88' lang='lat' dir='ltr'><strong>mortuorum</strong></span> <span class='ocrx_word' id='word_1_507' title='bbox 2210 3695 2225 3718; x_wconf 95' lang='lat'><strong>,</strong></span> <span class='ocrx_word' id='word_1_508' title='bbox 2260 3673 2353 3709; x_wconf 79' lang='lat' dir='ltr'><strong>ve-</strong></span> 
     </span>
    </p>
   </div>
   <div class='ocr_carea' id='block_1_67' title="bbox 778 3747 2350 3818">
    <p class='ocr_par' dir='ltr' id='par_1_67' title="bbox 778 3747 2350 3818">
     <span class='ocr_line' id='line_1_67' title="bbox 778 3747 2350 3818; baseline 0.001 -18"><span class='ocrx_word' id='word_1_509' title='bbox 778 3747 938 3802; x_wconf 86' lang='lat' dir='ltr'><strong>ritate</strong></span> <span class='ocrx_word' id='word_1_510' title='bbox 969 3757 1159 3803; x_wconf 91' lang='lat' dir='ltr'><strong>etnon</strong></span> <span class='ocrx_word' id='word_1_511' title='bbox 1195 3749 1439 3818; x_wconf 82' lang='lat' dir='ltr'><strong>putative</strong></span> <span class='ocrx_word' id='word_1_512' title='bbox 1471 3764 1486 3801; x_wconf 90' lang='lat'>:</span> <span class='ocrx_word' id='word_1_513' title='bbox 1524 3748 1677 3803; x_wconf 90' lang='lat' dir='ltr'><strong>audit</strong></span> <span class='ocrx_word' id='word_1_514' title='bbox 1712 3749 1980 3817; x_wconf 80' lang='lat' dir='ltr'><strong>primitias</strong></span> <span class='ocrx_word' id='word_1_515' title='bbox 2025 3763 2221 3804; x_wconf 86' lang='lat' dir='ltr'><strong>massae</strong></span> <span class='ocrx_word' id='word_1_516' title='bbox 2250 3764 2350 3802; x_wconf 81' lang='lat' dir='ltr'><strong>no-</strong></span> 
     </span>
    </p>
   </div>
   <div class='ocr_carea' id='block_1_68' title="bbox 776 3838 2348 3910">
    <p class='ocr_par' dir='ltr' id='par_1_68' title="bbox 776 3838 2348 3910">
     <span class='ocr_line' id='line_1_68' title="bbox 776 3838 2348 3910; baseline 0 -16"><span class='ocrx_word' id='word_1_517' title='bbox 776 3849 1014 3896; x_wconf 83' lang='lat' dir='ltr'><strong>strorum</strong></span> <span class='ocrx_word' id='word_1_518' title='bbox 1048 3854 1369 3910; x_wconf 91' lang='lat' dir='ltr'><strong>corporum,</strong></span> <span class='ocrx_word' id='word_1_519' title='bbox 1406 3840 1459 3893; x_wconf 93' lang='lat' dir='ltr'><strong>in</strong></span> <span class='ocrx_word' id='word_1_520' title='bbox 1500 3838 1715 3892; x_wconf 84' lang='lat' dir='ltr'><strong>Domini</strong></span> <span class='ocrx_word' id='word_1_521' title='bbox 1749 3855 1979 3910; x_wconf 78' lang='lat' dir='ltr'><strong>Corpore</strong></span> <span class='ocrx_word' id='word_1_522' title='bbox 2009 3842 2076 3894; x_wconf 86' lang='lat' dir='ltr'><strong>ad</strong></span> <span class='ocrx_word' id='word_1_523' title='bbox 2106 3841 2348 3895; x_wconf 68' lang='lat' dir='ltr'><strong>caelestia</strong></span> 
     </span>
    </p>
   </div>
   <div class='ocr_carea' id='block_1_69' title="bbox 781 3934 2363 4003">
    <p class='ocr_par' dir='ltr' id='par_1_69' title="bbox 781 3934 2363 4003">
     <span class='ocr_line' id='line_1_69' title="bbox 781 3934 2363 4003; baseline 0.001 -16"><span class='ocrx_word' id='word_1_524' title='bbox 781 3935 1132 4001; x_wconf 85' lang='lat' dir='ltr'><strong>pervenisse:</strong></span> <span class='ocrx_word' id='word_1_525' title='bbox 1169 3934 1322 3988; x_wconf 88' lang='lat' dir='ltr'><strong>audit</strong></span> <span class='ocrx_word' id='word_1_526' title='bbox 1371 3942 1806 3994; x_wconf 84' lang='lat' dir='ltr'><strong>resurrecturus,</strong></span> <span class='ocrx_word' id='word_1_527' title='bbox 1848 3935 2036 3988; x_wconf 91' lang='lat' dir='ltr'><strong>nonin</strong></span> <span class='ocrx_word' id='word_1_528' title='bbox 2065 3934 2363 4003; x_wconf 87' lang='lat' dir='ltr'><strong>peregrinis</strong></span> 
     </span>
    </p>
   </div>
   <div class='ocr_carea' id='block_1_70' title="bbox 779 4024 2356 4096">
    <p class='ocr_par' dir='ltr' id='par_1_70' title="bbox 779 4024 2356 4096">
     <span class='ocr_line' id='line_1_70' title="bbox 779 4024 2356 4096; baseline 0.001 -17"><span class='ocrx_word' id='word_1_529' title='bbox 779 4024 1084 4092; x_wconf 87' lang='lat' dir='ltr'><strong>alienisque</strong></span> <span class='ocrx_word' id='word_1_530' title='bbox 1109 4025 1450 4090; x_wconf 88' lang='lat' dir='ltr'><strong>corporibus,</strong></span> <span class='ocrx_word' id='word_1_531' title='bbox 1481 4040 1601 4094; x_wconf 65' lang='lat' dir='ltr'><strong>qua:</strong></span> <span class='ocrx_word' id='word_1_532' title='bbox 1625 4037 1983 4079; x_wconf 85' lang='lat' dir='ltr'><strong>assumuntur</strong></span> <span class='ocrx_word' id='word_1_533' title='bbox 2011 4027 2062 4078; x_wconf 92' lang='lat' dir='ltr'><strong>in</strong></span> <span class='ocrx_word' id='word_1_534' title='bbox 2093 4025 2356 4096; x_wconf 81' lang='lat' dir='ltr'><strong>phantas-</strong></span> 
     </span>
    </p>
   </div>
   <div class='ocr_carea' id='block_1_71' title="bbox 782 4115 2347 4189">
    <p class='ocr_par' dir='ltr' id='par_1_71' title="bbox 782 4115 2347 4189">
     <span class='ocr_line' id='line_1_71' title="bbox 782 4115 2347 4189; baseline 0.001 -19"><span class='ocrx_word' id='word_1_535' title='bbox 782 4128 946 4183; x_wconf 83' lang='lat' dir='ltr'><strong>tsate,</strong></span> <span class='ocrx_word' id='word_1_536' title='bbox 983 4116 1077 4170; x_wconf 86' lang='lat' dir='ltr'><strong>sed</strong></span> <span class='ocrx_word' id='word_1_537' title='bbox 1111 4117 1249 4171; x_wconf 87' lang='lat' dir='ltr'><strong>sicut</strong></span> <span class='ocrx_word' id='word_1_538' title='bbox 1283 4117 1522 4171; x_wconf 82' lang='lat' dir='ltr'><strong>surrexit</strong></span> <span class='ocrx_word' id='word_1_539' title='bbox 1545 4115 1805 4171; x_wconf 89' lang='lat' dir='ltr'><strong>Dominus</strong></span> <span class='ocrx_word' id='word_1_540' title='bbox 1843 4119 1893 4170; x_wconf 90' lang='lat' dir='ltr'><strong>itt</strong></span> <span class='ocrx_word' id='word_1_541' title='bbox 1933 4133 2180 4186; x_wconf 80' lang='lat' dir='ltr'><strong>corpore,</strong></span> <span class='ocrx_word' id='word_1_542' title='bbox 2202 4120 2347 4189; x_wconf 83' lang='lat' dir='ltr'><strong>quod</strong></span> 
     </span>
    </p>
   </div>
   <div class='ocr_carea' id='block_1_72' title="bbox 781 4208 2356 4279">
    <p class='ocr_par' dir='ltr' id='par_1_72' title="bbox 781 4208 2356 4279">
     <span class='ocr_line' id='line_1_72' title="bbox 781 4208 2356 4279; baseline 0.001 -16"><span class='ocrx_word' id='word_1_543' title='bbox 781 4210 920 4278; x_wconf 87' lang='lat' dir='ltr'><strong>apud</strong></span> <span class='ocrx_word' id='word_1_544' title='bbox 961 4224 1062 4264; x_wconf 89' lang='lat' dir='ltr'><strong>nos</strong></span> <span class='ocrx_word' id='word_1_545' title='bbox 1091 4208 1144 4262; x_wconf 91' lang='lat' dir='ltr'><strong>in</strong></span> <span class='ocrx_word' id='word_1_546' title='bbox 1177 4219 1373 4264; x_wconf 89' lang='lat' dir='ltr'><strong>sancto</strong></span> <span class='ocrx_word' id='word_1_547' title='bbox 1416 4211 1668 4279; x_wconf 81' lang='lat' dir='ltr'><strong>sepulcro</strong></span> <span class='ocrx_word' id='word_1_548' title='bbox 1714 4212 1991 4265; x_wconf 85' lang='lat' dir='ltr'><strong>conditum</strong></span> <span class='ocrx_word' id='word_1_549' title='bbox 2021 4211 2196 4278; x_wconf 88' lang='lat' dir='ltr'><strong>jacuit</strong></span> <span class='ocrx_word' id='word_1_550' title='bbox 2231 4227 2245 4266; x_wconf 88' lang='lat'>:</span> <span class='ocrx_word' id='word_1_551' title='bbox 2282 4212 2356 4265; x_wconf 88' lang='lat' dir='ltr'><strong>ita</strong></span> 
     </span>
    </p>
   </div>
   <div class='ocr_carea' id='block_1_73' title="bbox 780 4300 2359 4371">
    <p class='ocr_par' dir='ltr' id='par_1_73' title="bbox 780 4300 2359 4371">
     <span class='ocr_line' id='line_1_73' title="bbox 780 4300 2359 4371; baseline 0 -15"><span class='ocrx_word' id='word_1_552' title='bbox 780 4313 834 4356; x_wconf 91' lang='lat' dir='ltr'><strong>et</strong></span> <span class='ocrx_word' id='word_1_553' title='bbox 869 4315 968 4355; x_wconf 88' lang='lat' dir='ltr'><strong>nos</strong></span> <span class='ocrx_word' id='word_1_554' title='bbox 1000 4302 1053 4356; x_wconf 88' lang='lat' dir='ltr'><strong>itt</strong></span> <span class='ocrx_word' id='word_1_555' title='bbox 1098 4300 1231 4370; x_wconf 84' lang='lat' dir='ltr'><strong>ipsis</strong></span> <span class='ocrx_word' id='word_1_556' title='bbox 1255 4303 1600 4371; x_wconf 88' lang='lat' dir='ltr'><strong>corporibus,</strong></span> <span class='ocrx_word' id='word_1_557' title='bbox 1633 4303 1832 4371; x_wconf 85' lang='lat' dir='ltr'><strong>quibus</strong></span> <span class='ocrx_word' id='word_1_558' title='bbox 1871 4318 2017 4356; x_wconf 92' lang='lat' dir='ltr'><strong>nunc</strong></span> <span class='ocrx_word' id='word_1_559' title='bbox 2051 4303 2359 4357; x_wconf 83' lang='lat' dir='ltr'><strong>circumda-</strong></span> 
     </span>
    </p>
   </div>
   <div class='ocr_carea' id='block_1_74' title="bbox 787 4392 2356 4462">
    <p class='ocr_par' dir='ltr' id='par_1_74' title="bbox 787 4392 2356 4462">
     <span class='ocr_line' id='line_1_74' title="bbox 787 4392 2356 4462; baseline 0.001 -16"><span class='ocrx_word' id='word_1_560' title='bbox 787 4409 908 4446; x_wconf 89' lang='lat' dir='ltr'><strong>mttr</strong></span> <span class='ocrx_word' id='word_1_561' title='bbox 934 4405 989 4447; x_wconf 90' lang='lat' dir='ltr'><strong>et</strong></span> <span class='ocrx_word' id='word_1_562' title='bbox 1025 4392 1341 4462; x_wconf 73' lang='lat' dir='ltr'><strong>srpelimur,</strong></span> <span class='ocrx_word' id='word_1_563' title='bbox 1381 4394 1434 4447; x_wconf 89' lang='lat' dir='ltr'><strong>itt</strong></span> <span class='ocrx_word' id='word_1_564' title='bbox 1481 4394 1781 4462; x_wconf 82' lang='lat' dir='ltr'><strong>diejudicii</strong></span> <span class='ocrx_word' id='word_1_565' title='bbox 1825 4404 2252 4449; x_wconf 72' lang='lat' dir='ltr'><strong>resurrecturus.</strong></span> <span class='ocrx_word' id='word_1_566' title='bbox 2287 4394 2356 4448; x_wconf 87' lang='lat' dir='ltr'><strong>Et</strong></span> 
     </span>
    </p>
   </div>
   <div class='ocr_carea' id='block_1_75' title="bbox 782 4485 2358 4556">
    <p class='ocr_par' dir='ltr' id='par_1_75' title="bbox 782 4485 2358 4556">
     <span class='ocr_line' id='line_1_75' title="bbox 782 4485 2358 4556; baseline -0.002 -15"><span class='ocrx_word' id='word_1_567' title='bbox 782 4504 850 4542; x_wconf 83' lang='lat' dir='ltr'><strong>ne</strong></span> <span class='ocrx_word' id='word_1_568' title='bbox 887 4487 989 4541; x_wconf 88' lang='lat' dir='ltr'><strong>hoc</strong></span> <span class='ocrx_word' id='word_1_569' title='bbox 1021 4501 1213 4556; x_wconf 83' lang='lat' dir='ltr'><strong>parum</strong></span> <span class='ocrx_word' id='word_1_570' title='bbox 1250 4486 1376 4554; x_wconf 90' lang='lat' dir='ltr'><strong>quis</strong></span> <span class='ocrx_word' id='word_1_571' title='bbox 1403 4485 1779 4550; x_wconf 82' lang='lat' dir='ltr'><strong>existimaret,</strong></span> <span class='ocrx_word' id='word_1_572' title='bbox 1814 4489 1963 4541; x_wconf 88' lang='lat' dir='ltr'><strong>addit</strong></span> <span class='ocrx_word' id='word_1_573' title='bbox 2013 4488 2065 4540; x_wconf 90' lang='lat' dir='ltr'><strong>in</strong></span> <span class='ocrx_word' id='word_1_574' title='bbox 2112 4499 2358 4541; x_wconf 83' lang='lat' dir='ltr'><strong>extremo</strong></span> 
     </span>
    </p>
   </div>
   <div class='ocr_carea' id='block_1_76' title="bbox 783 4576 2359 4649">
    <p class='ocr_par' dir='ltr' id='par_1_76' title="bbox 783 4576 2359 4649">
     <span class='ocr_line' id='line_1_76' title="bbox 783 4576 2359 4649; baseline -0.001 -17"><span class='ocrx_word' id='word_1_575' title='bbox 783 4580 1069 4649; x_wconf 81' lang='lat' dir='ltr'><strong>capitulo:</strong></span> <span class='ocrx_word' id='word_1_576' title='bbox 1111 4597 1128 4631; x_wconf 77' lang='grc' dir='ltr'>ι</span> <span class='ocrx_word' id='word_1_577' title='bbox 1190 4576 1254 4632; x_wconf 81' lang='lat' dir='ltr'><strong>Et</strong></span> <span class='ocrx_word' id='word_1_578' title='bbox 1289 4579 1593 4649; x_wconf 89' lang='lat' dir='ltr'><strong>unicuique</strong></span> <span class='ocrx_word' id='word_1_579' title='bbox 1638 4580 1831 4635; x_wconf 88' lang='lat' dir='ltr'><strong>reddet</strong></span> <span class='ocrx_word' id='word_1_580' title='bbox 1878 4579 2178 4634; x_wconf 82' lang='lat' dir='ltr'><strong>secundum</strong></span> <span class='ocrx_word' id='word_1_581' title='bbox 2215 4581 2359 4649; x_wconf 89' lang='lat' dir='ltr'><strong>quod</strong></span> 
     </span>
    </p>
   </div>
   <div class='ocr_carea' id='block_1_77' title="bbox 784 4671 2363 4740">
    <p class='ocr_par' dir='ltr' id='par_1_77' title="bbox 784 4671 2363 4740">
     <span class='ocr_line' id='line_1_77' title="bbox 784 4671 2363 4740; baseline 0 -16"><span class='ocrx_word' id='word_1_582' title='bbox 784 4673 895 4737; x_wconf 76' lang='lat' dir='ltr'><strong>egit</strong></span> <span class='ocrx_word' id='word_1_583' title='bbox 931 4687 1025 4739; x_wconf 91' lang='lat' dir='ltr'><strong>per</strong></span> <span class='ocrx_word' id='word_1_584' title='bbox 1059 4687 1259 4740; x_wconf 90' lang='lat' dir='ltr'><strong>corpus</strong></span> <span class='ocrx_word' id='word_1_585' title='bbox 1290 4673 1335 4732; x_wconf 75' lang='grc'><strong>⁸.</strong></span> <span class='ocrx_word' id='word_1_586' title='bbox 1371 4671 1486 4727; x_wconf 91' lang='lat' dir='ltr'><strong>sive</strong></span> <span class='ocrx_word' id='word_1_587' title='bbox 1520 4673 1745 4736; x_wconf 85' lang='lat' dir='ltr'><strong>bonum,</strong></span> <span class='ocrx_word' id='word_1_588' title='bbox 1779 4673 1894 4727; x_wconf 82' lang='lat' dir='ltr'><strong>sive</strong></span> <span class='ocrx_word' id='word_1_589' title='bbox 1921 4673 2122 4726; x_wconf 87' lang='lat' dir='ltr'><strong>malum</strong></span> <span class='ocrx_word' id='word_1_590' title='bbox 2160 4689 2172 4726; x_wconf 90' lang='lat'>:</span> <span class='ocrx_word' id='word_1_591' title='bbox 2211 4673 2363 4726; x_wconf 84' lang='lat' dir='ltr'><strong>scili-</strong></span> 
     </span>
    </p>
   </div>
   <div class='ocr_carea' id='block_1_78' title="bbox 786 4763 2362 4835">
    <p class='ocr_par' dir='ltr' id='par_1_78' title="bbox 786 4763 2362 4835">
     <span class='ocr_line' id='line_1_78' title="bbox 786 4763 2362 4835; baseline 0.001 -16"><span class='ocrx_word' id='word_1_592' title='bbox 786 4774 876 4819; x_wconf 90' lang='lat' dir='ltr'><strong>cet</strong></span> <span class='ocrx_word' id='word_1_593' title='bbox 909 4774 1002 4817; x_wconf 89' lang='lat' dir='ltr'><strong>aut</strong></span> <span class='ocrx_word' id='word_1_594' title='bbox 1041 4763 1391 4818; x_wconf 88' lang='lat' dir='ltr'><strong>coronandus</strong></span> <span class='ocrx_word' id='word_1_595' title='bbox 1435 4763 1488 4816; x_wconf 90' lang='lat' dir='ltr'><strong>in</strong></span> <span class='ocrx_word' id='word_1_596' title='bbox 1527 4779 1758 4833; x_wconf 88' lang='lat' dir='ltr'><strong>corpore</strong></span> <span class='ocrx_word' id='word_1_597' title='bbox 1787 4767 1933 4835; x_wconf 88' lang='lat' dir='ltr'><strong>quod</strong></span> <span class='ocrx_word' id='word_1_598' title='bbox 1968 4775 2117 4820; x_wconf 80' lang='lat' dir='ltr'><strong>caste.</strong></span> <span class='ocrx_word' id='word_1_599' title='bbox 2150 4770 2260 4834; x_wconf 83' lang='lat' dir='ltr'><strong>egit</strong></span> <span class='ocrx_word' id='word_1_600' title='bbox 2309 4776 2362 4821; x_wconf 86' lang='lat' dir='ltr'><strong>et</strong></span> 
     </span>
    </p>
   </div>
   <div class='ocr_carea' id='block_1_79' title="bbox 783 4855 2362 4926">
    <p class='ocr_par' dir='ltr' id='par_1_79' title="bbox 783 4855 2362 4926">
     <span class='ocr_line' id='line_1_79' title="bbox 783 4855 2362 4926; baseline -0.001 -16"><span class='ocrx_word' id='word_1_601' title='bbox 783 4857 930 4926; x_wconf 73' lang='lat' dir='ltr'><strong>iuste</strong></span> <span class='ocrx_word' id='word_1_602' title='bbox 962 4865 1102 4912; x_wconf 85' lang='lat' dir='ltr'><strong>:aut</strong></span> <span class='ocrx_word' id='word_1_603' title='bbox 1148 4855 1619 4919; x_wconf 87' lang='lat' dir='ltr'><strong>condemnandus,</strong></span> <span class='ocrx_word' id='word_1_604' title='bbox 1666 4861 1809 4926; x_wconf 75' lang='lat' dir='ltr'><strong>quod</strong></span> <span class='ocrx_word' id='word_1_605' title='bbox 1847 4856 2216 4926; x_wconf 85' lang='lat' dir='ltr'><strong>voluptatibus</strong></span> <span class='ocrx_word' id='word_1_606' title='bbox 2261 4855 2362 4908; x_wconf 84' lang='lat' dir='ltr'><strong>ini-</strong></span> 
     </span>
    </p>
   </div>
   <div class='ocr_carea' id='block_1_80' title="bbox 787 4945 2357 5016">
    <p class='ocr_par' dir='ltr' id='par_1_80' title="bbox 787 4945 2357 5016">
     <span class='ocr_line' id='line_1_80' title="bbox 787 4945 2357 5016; baseline -0.001 -16"><span class='ocrx_word' id='word_1_607' title='bbox 787 4946 1201 5016; x_wconf 85' lang='lat' dir='ltr'><strong>quitatibusque</strong></span> <span class='ocrx_word' id='word_1_608' title='bbox 1246 4945 1492 5001; x_wconf 86' lang='lat' dir='ltr'><strong>servivit.</strong></span> <span class='ocrx_word' id='word_1_609' title='bbox 1536 4965 1554 4997; x_wconf 74' lang='grc' dir='ltr'><strong><em>ι</em></strong></span> <span class='ocrx_word' id='word_1_610' title='bbox 1593 4945 1715 5002; x_wconf 79' lang='lat' dir='ltr'><strong>Hth</strong></span> <span class='ocrx_word' id='word_1_611' title='bbox 1767 4948 2024 5012; x_wconf 86' lang='lat' dir='ltr'><strong>audiens,</strong></span> <span class='ocrx_word' id='word_1_612' title='bbox 2079 4947 2357 5000; x_wconf 88' lang='lat' dir='ltr'><strong>indoctum</strong></span> 
     </span>
    </p>
   </div>
   <div class='ocr_carea' id='block_1_81' title="bbox 789 5037 2362 5107">
    <p class='ocr_par' dir='ltr' id='par_1_81' title="bbox 789 5037 2362 5107">
     <span class='ocr_line' id='line_1_81' title="bbox 789 5037 2362 5107; baseline 0.001 -16"><span class='ocrx_word' id='word_1_613' title='bbox 789 5038 1008 5107; x_wconf 85' lang='lat' dir='ltr'><strong>vulgus,</strong></span> <span class='ocrx_word' id='word_1_614' title='bbox 1057 5037 1114 5091; x_wconf 88' lang='lat' dir='ltr'><strong>in</strong></span> <span class='ocrx_word' id='word_1_615' title='bbox 1147 5045 1302 5091; x_wconf 86' lang='lat' dir='ltr'><strong>tanto</strong></span> <span class='ocrx_word' id='word_1_616' title='bbox 1332 5046 1697 5100; x_wconf 85' lang='lat' dir='ltr'><strong>mortuorum.</strong></span> <span class='ocrx_word' id='word_1_617' title='bbox 1741 5039 1936 5106; x_wconf 80' lang='lat' dir='ltr'><strong>sepulti</strong></span> <span class='ocrx_word' id='word_1_618' title='bbox 1965 5038 2236 5107; x_wconf 87' lang='lat' dir='ltr'><strong>corporis,</strong></span> <span class='ocrx_word' id='word_1_619' title='bbox 2281 5055 2362 5092; x_wconf 88' lang='lat' dir='ltr'><strong>rc-</strong></span> 
     </span>
    </p>
   </div>
   <div class='ocr_carea' id='block_1_82' title="bbox 786 5129 2358 5197">
    <p class='ocr_par' dir='ltr' id='par_1_82' title="bbox 786 5129 2358 5197">
     <span class='ocr_line' id='line_1_82' title="bbox 786 5129 2358 5197; baseline -0.004 -13"><span class='ocrx_word' id='word_1_620' title='bbox 786 5130 1147 5184; x_wconf 89' lang='lat' dir='ltr'><strong>surrectionis</strong></span> <span class='ocrx_word' id='word_1_621' title='bbox 1180 5130 1384 5192; x_wconf 90' lang='lat' dir='ltr'><strong>sonitu,</strong></span> <span class='ocrx_word' id='word_1_622' title='bbox 1422 5129 1625 5182; x_wconf 90' lang='lat' dir='ltr'><strong>nullam</strong></span> <span class='ocrx_word' id='word_1_623' title='bbox 1658 5131 1980 5197; x_wconf 84' lang='lat' dir='ltr'><strong>stropham,</strong></span> <span class='ocrx_word' id='word_1_624' title='bbox 2019 5129 2195 5182; x_wconf 92' lang='lat' dir='ltr'><strong>nullas</strong></span> <span class='ocrx_word' id='word_1_625' title='bbox 2223 5129 2358 5181; x_wconf 83' lang='lat' dir='ltr'><strong>insi-</strong></span> 
     </span>
    </p>
   </div>
   <div class='ocr_carea' id='block_1_83' title="bbox 856 5261 2352 5334">
    <p class='ocr_par' dir='ltr' id='par_1_83' title="bbox 856 5261 2352 5334">
     <span class='ocr_line' id='line_1_83' title="bbox 856 5261 2352 5334; baseline 0 -16"><span class='ocrx_word' id='word_1_626' title='bbox 856 5265 872 5295; x_wconf 83' lang='grc'>¹</span> <span class='ocrx_word' id='word_1_627' title='bbox 913 5262 970 5318; x_wconf 89' lang='lat' dir='ltr'><strong>S.</strong></span> <span class='ocrx_word' id='word_1_628' title='bbox 1007 5264 1200 5318; x_wconf 91' lang='lat' dir='ltr'><strong>Crucis</strong></span> <span class='ocrx_word' id='word_1_629' title='bbox 1234 5278 1337 5319; x_wconf 90' lang='lat' dir='ltr'><strong>ms.</strong></span> <span class='ocrx_word' id='word_1_630' title='bbox 1366 5304 1382 5329; x_wconf 92' lang='lat'><strong>,</strong></span> <span class='ocrx_word' id='word_1_631' title='bbox 1419 5261 1620 5317; x_wconf 82' lang='lat' dir='ltr'><strong>Eadem</strong></span> <span class='ocrx_word' id='word_1_632' title='bbox 1655 5265 1860 5317; x_wconf 78' lang='lat' dir='ltr'><strong>ratione</strong></span> <span class='ocrx_word' id='word_1_633' title='bbox 1889 5275 1937 5317; x_wconf 88' lang='lat' dir='ltr'><strong>et</strong></span> <span class='ocrx_word' id='word_1_634' title='bbox 1963 5265 2207 5334; x_wconf 80' lang='lat' dir='ltr'><strong>jussione</strong></span> <span class='ocrx_word' id='word_1_635' title='bbox 2239 5281 2352 5333; x_wconf 82' lang='lat' dir='ltr'><strong>spe-</strong></span> 
     </span>
    </p>
   </div>
   <div class='ocr_carea' id='block_1_84' title="bbox 782 5346 1124 5398">
    <p class='ocr_par' dir='ltr' id='par_1_84' title="bbox 782 5346 1124 5398">
     <span class='ocr_line' id='line_1_84' title="bbox 782 5346 1124 5398; baseline 0.009 -13"><span class='ocrx_word' id='word_1_636' title='bbox 782 5351 986 5398; x_wconf 83' lang='lat' dir='ltr'><strong>ramus,</strong></span> <span class='ocrx_word' id='word_1_637' title='bbox 1018 5346 1124 5388; x_wconf 89' lang='lat' dir='ltr'><strong>etc.</strong></span> 
     </span>
    </p>
   </div>
   <div class='ocr_carea' id='block_1_85' title="bbox 858 5402 2352 5471">
    <p class='ocr_par' dir='ltr' id='par_1_85' title="bbox 858 5402 2352 5471">
     <span class='ocr_line' id='line_1_85' title="bbox 858 5402 2352 5471; baseline 0.001 -15"><span class='ocrx_word' id='word_1_638' title='bbox 858 5409 878 5437; x_wconf 90' lang='grc'><strong>¹¹</strong></span> <span class='ocrx_word' id='word_1_639' title='bbox 912 5405 1054 5458; x_wconf 88' lang='lat' dir='ltr'><strong>Idem</strong></span> <span class='ocrx_word' id='word_1_640' title='bbox 1104 5420 1207 5460; x_wconf 89' lang='lat' dir='ltr'><strong>ms.</strong></span> <span class='ocrx_word' id='word_1_641' title='bbox 1259 5405 1393 5457; x_wconf 83' lang='lat' dir='ltr'><strong>sicut</strong></span> <span class='ocrx_word' id='word_1_642' title='bbox 1445 5402 1622 5471; x_wconf 80' lang='lat' dir='ltr'><strong>angeli</strong></span> <span class='ocrx_word' id='word_1_643' title='bbox 1655 5407 1707 5457; x_wconf 84' lang='lat' dir='ltr'><strong>in</strong></span> <span class='ocrx_word' id='word_1_644' title='bbox 1747 5406 1898 5468; x_wconf 74' lang='lat' dir='ltr'><strong>cwlo,</strong></span> <span class='ocrx_word' id='word_1_645' title='bbox 1933 5422 2051 5459; x_wconf 81' lang='lat' dir='ltr'><strong>cum</strong></span> <span class='ocrx_word' id='word_1_646' title='bbox 2085 5407 2212 5469; x_wconf 83' lang='lat' dir='ltr'><strong>sint,</strong></span> <span class='ocrx_word' id='word_1_647' title='bbox 2245 5415 2352 5459; x_wconf 83' lang='lat' dir='ltr'><strong>etc.</strong></span> 
     </span>
    </p>
   </div>
   <div class='ocr_carea' id='block_1_86' title="bbox 783 5472 2358 5546">
    <p class='ocr_par' dir='ltr' id='par_1_86' title="bbox 783 5472 2358 5546">
     <span class='ocr_line' id='line_1_86' title="bbox 783 5472 2358 5546; baseline 0.002 -20"><span class='ocrx_word' id='word_1_648' title='bbox 783 5473 1050 5546; x_wconf 86' lang='lat' dir='ltr'><strong>Integrius</strong></span> <span class='ocrx_word' id='word_1_649' title='bbox 1105 5475 1366 5546; x_wconf 10' lang='lat' dir='ltr'><strong>etrjuxta</strong></span> <span class='ocrx_word' id='word_1_650' title='bbox 1426 5472 1670 5546; x_wconf 67' lang='lat' dir='ltr'><strong>Graecum</strong></span> <span class='ocrx_word' id='word_1_651' title='bbox 1746 5476 2009 5546; x_wconf 86' lang='lat' dir='ltr'><strong>Vulgatus</strong></span> <span class='ocrx_word' id='word_1_652' title='bbox 2084 5475 2358 5541; x_wconf 79' lang='lat' dir='ltr'><strong>interpres</strong></span> 
     </span>
    </p>
   </div>
   <div class='ocr_carea' id='block_1_87' title="bbox 780 5543 2354 5615">
    <p class='ocr_par' dir='ltr' id='par_1_87' title="bbox 780 5543 2354 5615">
     <span class='ocr_line' id='line_1_87' title="bbox 780 5543 2354 5615; baseline 0 -18"><span class='ocrx_word' id='word_1_653' title='bbox 780 5545 1007 5612; x_wconf 74' lang='lat' dir='ltr'><strong>wquales</strong></span> <span class='ocrx_word' id='word_1_654' title='bbox 1043 5545 1239 5615; x_wconf 80' lang='lat' dir='ltr'><strong>angelis</strong></span> <span class='ocrx_word' id='word_1_655' title='bbox 1287 5553 1433 5610; x_wconf 81' lang='lat' dir='ltr'><strong>sunt,</strong></span> <span class='ocrx_word' id='word_1_656' title='bbox 1490 5551 1540 5596; x_wconf 86' lang='lat' dir='ltr'><strong>et</strong></span> <span class='ocrx_word' id='word_1_657' title='bbox 1572 5543 1671 5611; x_wconf 75' lang='lat' dir='ltr'><strong>ﬁlii</strong></span> <span class='ocrx_word' id='word_1_658' title='bbox 1711 5557 1831 5602; x_wconf 82' lang='lat' dir='ltr'><strong>sunt</strong></span> <span class='ocrx_word' id='word_1_659' title='bbox 1855 5543 1989 5607; x_wconf 44' lang='lat' dir='ltr'><strong>&#39;Dei,</strong></span> <span class='ocrx_word' id='word_1_660' title='bbox 2038 5561 2155 5597; x_wconf 85' lang='lat' dir='ltr'><strong>cum</strong></span> <span class='ocrx_word' id='word_1_661' title='bbox 2206 5547 2310 5597; x_wconf 86' lang='lat' dir='ltr'><strong>sint</strong></span> <span class='ocrx_word' id='word_1_662' title='bbox 2338 5583 2354 5607; x_wconf 88' lang='lat'><strong>,</strong></span> 
     </span>
    </p>
   </div>
   <div class='ocr_carea' id='block_1_88' title="bbox 779 5625 885 5670">
    <p class='ocr_par' dir='ltr' id='par_1_88' title="bbox 779 5625 885 5670">
     <span class='ocr_line' id='line_1_88' title="bbox 779 5625 885 5670; baseline -0.009 -2"><span class='ocrx_word' id='word_1_663' title='bbox 779 5625 885 5670; x_wconf 83' lang='lat' dir='ltr'><strong>etc.</strong></span> 
     </span>
    </p>
   </div>
   <div class='ocr_carea' id='block_1_89' title="bbox 855 5682 2356 5753">
    <p class='ocr_par' dir='ltr' id='par_1_89' title="bbox 855 5682 2356 5753">
     <span class='ocr_line' id='line_1_89' title="bbox 855 5682 2356 5753; baseline 0 -17"><span class='ocrx_word' id='word_1_664' title='bbox 855 5685 874 5715; x_wconf 86' lang='grc'><strong><em>³</em></strong></span> <span class='ocrx_word' id='word_1_665' title='bbox 911 5682 1078 5738; x_wconf 85' lang='lat' dir='ltr'><strong>Vetus</strong></span> <span class='ocrx_word' id='word_1_666' title='bbox 1107 5685 1236 5737; x_wconf 89' lang='lat' dir='ltr'><strong>edit.</strong></span> <span class='ocrx_word' id='word_1_667' title='bbox 1274 5684 1334 5737; x_wconf 77' lang='lat' dir='ltr'><strong>In</strong></span> <span class='ocrx_word' id='word_1_668' title='bbox 1370 5692 1464 5742; x_wconf 83' lang='lat' dir='ltr'><strong>hoc</strong></span> <span class='ocrx_word' id='word_1_669' title='bbox 1486 5687 1719 5753; x_wconf 85' lang='lat' dir='ltr'><strong>capitulo</strong></span> <span class='ocrx_word' id='word_1_670' title='bbox 1752 5698 2021 5750; x_wconf 78' lang='lat' dir='ltr'><strong>operatur.</strong></span> <span class='ocrx_word' id='word_1_671' title='bbox 2051 5701 2168 5737; x_wconf 86' lang='lat' dir='ltr'><strong>cum</strong></span> <span class='ocrx_word' id='word_1_672' title='bbox 2199 5685 2356 5738; x_wconf 83' lang='lat' dir='ltr'><strong>turba</strong></span> 
     </span>
    </p>
   </div>
   <div class='ocr_carea' id='block_1_90' title="bbox 780 5754 2356 5828">
    <p class='ocr_par' dir='ltr' id='par_1_90' title="bbox 780 5754 2356 5828">
     <span class='ocr_line' id='line_1_90' title="bbox 780 5754 2356 5828; baseline 0 -21"><span class='ocrx_word' id='word_1_673' title='bbox 780 5754 1047 5828; x_wconf 68' lang='lat' dir='ltr'><strong>imperita,</strong></span> <span class='ocrx_word' id='word_1_674' title='bbox 1106 5765 1197 5806; x_wconf 83' lang='lat' dir='ltr'><strong>aut</strong></span> <span class='ocrx_word' id='word_1_675' title='bbox 1254 5759 1458 5828; x_wconf 83' lang='lat' dir='ltr'><strong>vulgus.</strong></span> <span class='ocrx_word' id='word_1_676' title='bbox 1496 5772 1626 5824; x_wconf 82' lang='lat' dir='ltr'><strong>ctc.;</strong></span> <span class='ocrx_word' id='word_1_677' title='bbox 1677 5774 1730 5812; x_wconf 88' lang='lat' dir='ltr'><strong>et</strong></span> <span class='ocrx_word' id='word_1_678' title='bbox 1771 5774 1913 5814; x_wconf 80' lang='lat' dir='ltr'><strong>mox.</strong></span> <span class='ocrx_word' id='word_1_679' title='bbox 1952 5754 2074 5808; x_wconf 85' lang='lat' dir='ltr'><strong>Non</strong></span> <span class='ocrx_word' id='word_1_680' title='bbox 2124 5757 2356 5823; x_wconf 82' lang='lat' dir='ltr'><strong>putatire</strong></span> 
     </span>
    </p>
   </div>
   <div class='ocr_carea' id='block_1_91' title="bbox 781 5826 2352 5894">
    <p class='ocr_par' dir='ltr' id='par_1_91' title="bbox 781 5826 2352 5894">
     <span class='ocr_line' id='line_1_91' title="bbox 781 5826 2352 5894; baseline 0.002 -18"><span class='ocrx_word' id='word_1_681' title='bbox 781 5826 1043 5890; x_wconf 79' lang='lat' dir='ltr'><strong>conﬁteri,</strong></span> <span class='ocrx_word' id='word_1_682' title='bbox 1072 5841 1134 5876; x_wconf 86' lang='lat' dir='ltr'><strong>ac</strong></span> <span class='ocrx_word' id='word_1_683' title='bbox 1190 5826 1454 5892; x_wconf 68' lang='lat' dir='ltr'><strong>primitias</strong></span> <span class='ocrx_word' id='word_1_684' title='bbox 1492 5846 1680 5881; x_wconf 80' lang='lat' dir='ltr'><strong>massa:</strong></span> <span class='ocrx_word' id='word_1_685' title='bbox 1721 5838 2021 5881; x_wconf 80' lang='lat' dir='ltr'><strong>nostrorum</strong></span> <span class='ocrx_word' id='word_1_686' title='bbox 2052 5842 2352 5894; x_wconf 84' lang='lat' dir='ltr'><strong>corporum,</strong></span> 
     </span>
    </p>
   </div>
   <div class='ocr_carea' id='block_1_92' title="bbox 781 5895 1450 5966">
    <p class='ocr_par' dir='ltr' id='par_1_92' title="bbox 781 5895 1450 5966">
     <span class='ocr_line' id='line_1_92' title="bbox 781 5895 1450 5966; baseline 0.01 -19"><span class='ocrx_word' id='word_1_687' title='bbox 781 5908 826 5947; x_wconf 76' lang='lat' dir='ltr'><strong>st</strong></span> <span class='ocrx_word' id='word_1_688' title='bbox 871 5895 1032 5951; x_wconf 81' lang='lat' dir='ltr'><strong>Deum</strong></span> <span class='ocrx_word' id='word_1_689' title='bbox 1071 5914 1305 5966; x_wconf 68' lang='lat' dir='ltr'><strong>carpere,</strong></span> <span class='ocrx_word' id='word_1_690' title='bbox 1347 5914 1450 5954; x_wconf 86' lang='lat' dir='ltr'><strong>etc.</strong></span> 
     </span>
    </p>
   </div>
   <div class='ocr_carea' id='block_1_93' title="bbox 2466 3381 4050 3459">
    <p class='ocr_par' dir='ltr' id='par_1_93' title="bbox 2466 3381 4050 3459">
     <span class='ocr_line' id='line_1_93' title="bbox 2466 3381 4050 3459; baseline 0.004 -25"><span class='ocrx_word' id='word_1_691' title='bbox 2466 3381 2557 3434; x_wconf 91' lang='lat' dir='ltr'><strong>Dei</strong></span> <span class='ocrx_word' id='word_1_692' title='bbox 2588 3398 2695 3434; x_wconf 91' lang='lat' dir='ltr'><strong>non</strong></span> <span class='ocrx_word' id='word_1_693' title='bbox 2731 3381 3086 3447; x_wconf 76' lang='lat' dir='ltr'><strong>possidebunt</strong></span> <span class='ocrx_word' id='word_1_694' title='bbox 3111 3424 3124 3442; x_wconf 86' lang='lat'><strong>,</strong></span> <span class='ocrx_word' id='word_1_695' title='bbox 3164 3399 3343 3453; x_wconf 89' lang='lat' dir='ltr'><strong>neque</strong></span> <span class='ocrx_word' id='word_1_696' title='bbox 3370 3388 3645 3454; x_wconf 80' lang='lat' dir='ltr'><strong>corruptio</strong></span> <span class='ocrx_word' id='word_1_697' title='bbox 3674 3388 4050 3459; x_wconf 65' lang='lat' dir='ltr'><strong>incorruptiao</strong></span> 
     </span>
    </p>
   </div>
   <div class='ocr_carea' id='block_1_94' title="bbox 2467 3474 4054 3543">
    <p class='ocr_par' dir='ltr' id='par_1_94' title="bbox 2467 3474 4054 3543">
     <span class='ocr_line' id='line_1_94' title="bbox 2467 3474 4054 3543; baseline 0.006 -16"><span class='ocrx_word' id='word_1_698' title='bbox 2467 3491 2586 3528; x_wconf 89' lang='lat' dir='ltr'><strong>nem</strong></span> <span class='ocrx_word' id='word_1_699' title='bbox 2619 3475 2665 3543; x_wconf 93' lang='grc'><strong>(1</strong></span> <span class='ocrx_word' id='word_1_700' title='bbox 2706 3474 2830 3530; x_wconf 74' lang='grc' dir='ltr'><strong>εον.</strong></span> <span class='ocrx_word' id='word_1_701' title='bbox 2871 3492 2960 3538; x_wconf 76' lang='lat' dir='ltr'><strong>xv,</strong></span> <span class='ocrx_word' id='word_1_702' title='bbox 2994 3475 3104 3540; x_wconf 83' lang='lat'><strong>50).</strong></span> <span class='ocrx_word' id='word_1_703' title='bbox 3149 3495 3167 3526; x_wconf 72' lang='grc' dir='ltr'><strong><em>ι</em></strong></span> <span class='ocrx_word' id='word_1_704' title='bbox 3202 3476 3323 3531; x_wconf 63' lang='lat' dir='ltr'><strong>llaec</strong></span> <span class='ocrx_word' id='word_1_705' title='bbox 3373 3493 3476 3533; x_wconf 93' lang='lat' dir='ltr'><strong>nos</strong></span> <span class='ocrx_word' id='word_1_706' title='bbox 3513 3480 3840 3535; x_wconf 87' lang='lat' dir='ltr'><strong>innocentes</strong></span> <span class='ocrx_word' id='word_1_707' title='bbox 3871 3494 3928 3535; x_wconf 92' lang='lat' dir='ltr'><strong>et</strong></span> <span class='ocrx_word' id='word_1_708' title='bbox 3966 3499 4054 3536; x_wconf 82' lang='lat' dir='ltr'><strong>ru-</strong></span> 
     </span>
    </p>
   </div>
   <div class='ocr_carea' id='block_1_95' title="bbox 2466 3564 4049 3635">
    <p class='ocr_par' dir='ltr' id='par_1_95' title="bbox 2466 3564 4049 3635">
     <span class='ocr_line' id='line_1_95' title="bbox 2466 3564 4049 3635; baseline 0.001 -17"><span class='ocrx_word' id='word_1_709' title='bbox 2466 3566 2636 3618; x_wconf 78' lang='lat' dir='ltr'><strong>sticos</strong></span> <span class='ocrx_word' id='word_1_710' title='bbox 2668 3565 2869 3619; x_wconf 90' lang='lat' dir='ltr'><strong>asserit</strong></span> <span class='ocrx_word' id='word_1_711' title='bbox 2898 3564 3106 3618; x_wconf 88' lang='lat' dir='ltr'><strong>dicere.</strong></span> <span class='ocrx_word' id='word_1_712' title='bbox 3149 3585 3164 3616; x_wconf 79' lang='grc' dir='ltr'>ι</span> <span class='ocrx_word' id='word_1_713' title='bbox 3204 3565 3499 3621; x_wconf 61' lang='lat' dir='ltr'><strong>lla&#39;reticos</strong></span> <span class='ocrx_word' id='word_1_714' title='bbox 3537 3582 3686 3630; x_wconf 89' lang='lat' dir='ltr'><strong>vero,</strong></span> <span class='ocrx_word' id='word_1_715' title='bbox 3720 3567 3773 3620; x_wconf 92' lang='lat' dir='ltr'><strong>in</strong></span> <span class='ocrx_word' id='word_1_716' title='bbox 3810 3583 4049 3635; x_wconf 85' lang='lat' dir='ltr'><strong>quorum</strong></span> 
     </span>
    </p>
   </div>
   <div class='ocr_carea' id='block_1_96' title="bbox 2467 3656 4051 3726">
    <p class='ocr_par' dir='ltr' id='par_1_96' title="bbox 2467 3656 4051 3726">
     <span class='ocr_line' id='line_1_96' title="bbox 2467 3656 4051 3726; baseline 0.003 -17"><span class='ocrx_word' id='word_1_717' title='bbox 2467 3666 2617 3724; x_wconf 89' lang='lat' dir='ltr'><strong>parte</strong></span> <span class='ocrx_word' id='word_1_718' title='bbox 2646 3665 2773 3711; x_wconf 90' lang='lat' dir='ltr'><strong>sunt</strong></span> <span class='ocrx_word' id='word_1_719' title='bbox 2805 3657 3047 3713; x_wconf 83' lang='lat' dir='ltr'><strong>Marcion</strong></span> <span class='ocrx_word' id='word_1_720' title='bbox 3078 3699 3092 3720; x_wconf 93' lang='lat'><strong>,</strong></span> <span class='ocrx_word' id='word_1_721' title='bbox 3123 3658 3363 3726; x_wconf 82' lang='lat' dir='ltr'><strong>Apelles,</strong></span> <span class='ocrx_word' id='word_1_722' title='bbox 3401 3656 3743 3722; x_wconf 77' lang='lat' dir='ltr'><strong>Valentinus,</strong></span> <span class='ocrx_word' id='word_1_723' title='bbox 3781 3657 3976 3714; x_wconf 70' lang='lat' dir='ltr'><strong>Manes</strong></span> <span class='ocrx_word' id='word_1_724' title='bbox 4010 3660 4051 3719; x_wconf 89' lang='grc'><strong>⁷.</strong></span> 
     </span>
    </p>
   </div>
   <div class='ocr_carea' id='block_1_97' title="bbox 2469 3749 4053 3820">
    <p class='ocr_par' dir='ltr' id='par_1_97' title="bbox 2469 3749 4053 3820">
     <span class='ocr_line' id='line_1_97' title="bbox 2469 3749 4053 3820; baseline 0.004 -20"><span class='ocrx_word' id='word_1_725' title='bbox 2469 3764 2666 3802; x_wconf 87' lang='lat' dir='ltr'><strong>nomen</strong></span> <span class='ocrx_word' id='word_1_726' title='bbox 2701 3749 2932 3803; x_wconf 87' lang='lat' dir='ltr'><strong>insani-.e</strong></span> <span class='ocrx_word' id='word_1_727' title='bbox 2988 3751 3205 3818; x_wconf 74' lang='lat' dir='ltr'><strong>penitus</strong></span> <span class='ocrx_word' id='word_1_728' title='bbox 3230 3762 3287 3805; x_wconf 91' lang='lat' dir='ltr'><strong>et</strong></span> <span class='ocrx_word' id='word_1_729' title='bbox 3310 3752 3492 3806; x_wconf 84' lang='lat' dir='ltr'><strong>carnis</strong></span> <span class='ocrx_word' id='word_1_730' title='bbox 3518 3761 3573 3806; x_wconf 94' lang='lat' dir='ltr'><strong>et</strong></span> <span class='ocrx_word' id='word_1_731' title='bbox 3599 3753 3847 3820; x_wconf 91' lang='lat' dir='ltr'><strong>corporis</strong></span> <span class='ocrx_word' id='word_1_732' title='bbox 3876 3770 4053 3806; x_wconf 75' lang='lat' dir='ltr'><strong>resur-</strong></span> 
     </span>
    </p>
   </div>
   <div class='ocr_carea' id='block_1_98' title="bbox 2470 3841 4052 3911">
    <p class='ocr_par' dir='ltr' id='par_1_98' title="bbox 2470 3841 4052 3911">
     <span class='ocr_line' id='line_1_98' title="bbox 2470 3841 4052 3911; baseline -0.001 -18"><span class='ocrx_word' id='word_1_733' title='bbox 2470 3841 2769 3896; x_wconf 89' lang='lat' dir='ltr'><strong>rectionem</strong></span> <span class='ocrx_word' id='word_1_734' title='bbox 2815 3857 3016 3911; x_wconf 89' lang='lat' dir='ltr'><strong>negare</strong></span> <span class='ocrx_word' id='word_1_735' title='bbox 3064 3859 3078 3894; x_wconf 85' lang='lat'><strong>:</strong></span> <span class='ocrx_word' id='word_1_736' title='bbox 3125 3855 3180 3897; x_wconf 92' lang='lat' dir='ltr'><strong>et</strong></span> <span class='ocrx_word' id='word_1_737' title='bbox 3233 3844 3463 3897; x_wconf 86' lang='lat' dir='ltr'><strong>salutem</strong></span> <span class='ocrx_word' id='word_1_738' title='bbox 3524 3852 3737 3897; x_wconf 90' lang='lat' dir='ltr'><strong>tantum</strong></span> <span class='ocrx_word' id='word_1_739' title='bbox 3805 3846 4052 3898; x_wconf 72' lang='lat' dir='ltr'><strong>lribuem</strong></span> 
     </span>
    </p>
   </div>
   <div class='ocr_carea' id='block_1_99' title="bbox 2467 3932 4052 4004">
    <p class='ocr_par' dir='ltr' id='par_1_99' title="bbox 2467 3932 4052 4004">
     <span class='ocr_line' id='line_1_99' title="bbox 2467 3932 4052 4004; baseline 0.002 -20"><span class='ocrx_word' id='word_1_740' title='bbox 2467 3932 2687 3998; x_wconf 73' lang='lat' dir='ltr'><strong>animae,</strong></span> <span class='ocrx_word' id='word_1_741' title='bbox 2717 3933 3033 4002; x_wconf 84' lang='lat' dir='ltr'><strong>frustraque</strong></span> <span class='ocrx_word' id='word_1_742' title='bbox 3067 3950 3165 3988; x_wconf 89' lang='lat' dir='ltr'><strong>nos</strong></span> <span class='ocrx_word' id='word_1_743' title='bbox 3193 3934 3376 3989; x_wconf 89' lang='lat' dir='ltr'><strong>dicere</strong></span> <span class='ocrx_word' id='word_1_744' title='bbox 3403 3936 3468 3987; x_wconf 87' lang='lat' dir='ltr'><strong>ad</strong></span> <span class='ocrx_word' id='word_1_745' title='bbox 3493 3935 3804 4004; x_wconf 82' lang='lat' dir='ltr'><strong>exemplum</strong></span> <span class='ocrx_word' id='word_1_746' title='bbox 3838 3935 4052 3989; x_wconf 89' lang='lat' dir='ltr'><strong>Domini</strong></span> 
     </span>
    </p>
   </div>
   <div class='ocr_carea' id='block_1_100' title="bbox 2468 4027 4052 4097">
    <p class='ocr_par' dir='ltr' id='par_1_100' title="bbox 2468 4027 4052 4097">
     <span class='ocr_line' id='line_1_100' title="bbox 2468 4027 4052 4097; baseline 0.001 -21"><span class='ocrx_word' id='word_1_747' title='bbox 2468 4032 2899 4090; x_wconf 86' lang='lat' dir='ltr'><strong>resurrecturos,</strong></span> <span class='ocrx_word' id='word_1_748' title='bbox 2929 4040 3052 4080; x_wconf 87' lang='lat' dir='ltr'><strong>cum</strong></span> <span class='ocrx_word' id='word_1_749' title='bbox 3092 4027 3208 4095; x_wconf 89' lang='lat' dir='ltr'><strong>ipse</strong></span> <span class='ocrx_word' id='word_1_750' title='bbox 3238 4041 3455 4095; x_wconf 87' lang='lat' dir='ltr'><strong>quoque</strong></span> <span class='ocrx_word' id='word_1_751' title='bbox 3491 4027 3838 4081; x_wconf 85' lang='lat' dir='ltr'><strong>Dominusin</strong></span> <span class='ocrx_word' id='word_1_752' title='bbox 3877 4031 4052 4097; x_wconf 82' lang='lat' dir='ltr'><strong>pilan-</strong></span> 
     </span>
    </p>
   </div>
   <div class='ocr_carea' id='block_1_101' title="bbox 2469 4117 4053 4175">
    <p class='ocr_par' dir='ltr' id='par_1_101' title="bbox 2469 4117 4053 4175">
     <span class='ocr_line' id='line_1_101' title="bbox 2469 4117 4053 4175; baseline 0 -5"><span class='ocrx_word' id='word_1_753' title='bbox 2469 4124 2701 4171; x_wconf 85' lang='lat' dir='ltr'><strong>tasmate</strong></span> <span class='ocrx_word' id='word_1_754' title='bbox 2745 4117 3116 4172; x_wconf 71' lang='lat' dir='ltr'><strong>“resurrexerit</strong></span> <span class='ocrx_word' id='word_1_755' title='bbox 3170 4133 3186 4175; x_wconf 87' lang='lat'><strong>:</strong></span> <span class='ocrx_word' id='word_1_756' title='bbox 3230 4127 3283 4172; x_wconf 88' lang='lat' dir='ltr'><strong>et</strong></span> <span class='ocrx_word' id='word_1_757' title='bbox 3340 4135 3445 4173; x_wconf 90' lang='lat' dir='ltr'><strong>non</strong></span> <span class='ocrx_word' id='word_1_758' title='bbox 3486 4121 3661 4175; x_wconf 80' lang='lat' dir='ltr'><strong>solum</strong></span> <span class='ocrx_word' id='word_1_759' title='bbox 3717 4124 4053 4174; x_wconf 62' lang='lat' dir='ltr'><strong>resurrort‘n</strong></span> 
     </span>
    </p>
   </div>
   <div class='ocr_carea' id='block_1_102' title="bbox 2466 4206 4054 4280">
    <p class='ocr_par' dir='ltr' id='par_1_102' title="bbox 2466 4206 4054 4280">
     <span class='ocr_line' id='line_1_102' title="bbox 2466 4206 4054 4280; baseline 0.003 -21"><span class='ocrx_word' id='word_1_760' title='bbox 2466 4207 2606 4273; x_wconf 78' lang='lat' dir='ltr'><strong>ejus.</strong></span> <span class='ocrx_word' id='word_1_761' title='bbox 2627 4206 2718 4260; x_wconf 88' lang='lat' dir='ltr'><strong>sed</strong></span> <span class='ocrx_word' id='word_1_762' title='bbox 2751 4220 2801 4261; x_wconf 88' lang='lat' dir='ltr'><strong>et</strong></span> <span class='ocrx_word' id='word_1_763' title='bbox 2827 4213 2943 4276; x_wconf 75' lang='lat' dir='ltr'><strong>ipsa</strong></span> <span class='ocrx_word' id='word_1_764' title='bbox 2971 4208 3226 4263; x_wconf 81' lang='lat' dir='ltr'><strong>nativitas</strong></span> <span class='ocrx_word' id='word_1_765' title='bbox 3250 4210 3328 4279; x_wconf 87' lang='grc' dir='ltr'><strong>τῷ</strong></span> <span class='ocrx_word' id='word_1_766' title='bbox 3352 4211 3556 4276; x_wconf 81' lang='grc' dir='ltr'><strong>δοκεῖν,</strong></span> <span class='ocrx_word' id='word_1_767' title='bbox 3585 4211 3775 4280; x_wconf 85' lang='lat' dir='ltr'><strong>idest,</strong></span> <span class='ocrx_word' id='word_1_768' title='bbox 3806 4214 4054 4280; x_wconf 78' lang='lat' dir='ltr'><strong>putalit&#39;e</strong></span> 
     </span>
    </p>
   </div>
   <div class='ocr_carea' id='block_1_103' title="bbox 2471 4299 4054 4370">
    <p class='ocr_par' dir='ltr' id='par_1_103' title="bbox 2471 4299 4054 4370">
     <span class='ocr_line' id='line_1_103' title="bbox 2471 4299 4054 4370; baseline 0.001 -21"><span class='ocrx_word' id='word_1_769' title='bbox 2471 4300 2583 4351; x_wconf 86' lang='lat' dir='ltr'><strong>visa</strong></span> <span class='ocrx_word' id='word_1_770' title='bbox 2617 4299 2789 4367; x_wconf 86' lang='lat' dir='ltr'><strong>magis</strong></span> <span class='ocrx_word' id='word_1_771' title='bbox 2819 4300 2925 4363; x_wconf 84' lang='lat' dir='ltr'><strong>sit,</strong></span> <span class='ocrx_word' id='word_1_772' title='bbox 2962 4315 3126 4369; x_wconf 87' lang='lat' dir='ltr'><strong>quam</strong></span> <span class='ocrx_word' id='word_1_773' title='bbox 3173 4299 3359 4356; x_wconf 77' lang='lat' dir='ltr'><strong>fuerit.</strong></span> <span class='ocrx_word' id='word_1_774' title='bbox 3391 4301 3505 4356; x_wconf 90' lang='lat' dir='ltr'><strong>Sibi</strong></span> <span class='ocrx_word' id='word_1_775' title='bbox 3541 4312 3722 4355; x_wconf 86' lang='lat' dir='ltr'><strong>autem</strong></span> <span class='ocrx_word' id='word_1_776' title='bbox 3761 4313 4054 4370; x_wconf 73' lang='lat' dir='ltr'><strong>utramque.</strong></span> 
     </span>
    </p>
   </div>
   <div class='ocr_carea' id='block_1_104' title="bbox 2473 4391 4055 4462">
    <p class='ocr_par' dir='ltr' id='par_1_104' title="bbox 2473 4391 4055 4462">
     <span class='ocr_line' id='line_1_104' title="bbox 2473 4391 4055 4462; baseline 0.002 -18"><span class='ocrx_word' id='word_1_777' title='bbox 2473 4391 2762 4460; x_wconf 88' lang='lat' dir='ltr'><strong>displicere</strong></span> <span class='ocrx_word' id='word_1_778' title='bbox 2797 4394 3149 4457; x_wconf 87' lang='lat' dir='ltr'><strong>sententiam,</strong></span> <span class='ocrx_word' id='word_1_779' title='bbox 3186 4393 3374 4462; x_wconf 87' lang='lat' dir='ltr'><strong>lugere</strong></span> <span class='ocrx_word' id='word_1_780' title='bbox 3406 4409 3464 4448; x_wconf 80' lang='lat' dir='ltr'><strong>se</strong></span> <span class='ocrx_word' id='word_1_781' title='bbox 3496 4403 3551 4447; x_wconf 89' lang='lat' dir='ltr'><strong>ct</strong></span> <span class='ocrx_word' id='word_1_782' title='bbox 3581 4405 3899 4448; x_wconf 88' lang='lat' dir='ltr'><strong>nostrorum</strong></span> <span class='ocrx_word' id='word_1_783' title='bbox 3936 4411 4055 4448; x_wconf 54' lang='lat' dir='ltr'><strong>car-</strong></span> 
     </span>
    </p>
   </div>
   <div class='ocr_carea' id='block_1_105' title="bbox 2468 4483 4052 4555">
    <p class='ocr_par' dir='ltr' id='par_1_105' title="bbox 2468 4483 4052 4555">
     <span class='ocr_line' id='line_1_105' title="bbox 2468 4483 4052 4555; baseline 0.002 -17"><span class='ocrx_word' id='word_1_784' title='bbox 2468 4499 2586 4544; x_wconf 86' lang='lat' dir='ltr'><strong>nes.</strong></span> <span class='ocrx_word' id='word_1_785' title='bbox 2630 4495 2683 4539; x_wconf 90' lang='lat' dir='ltr'><strong>et</strong></span> <span class='ocrx_word' id='word_1_786' title='bbox 2731 4483 3111 4538; x_wconf 73' lang='lat' dir='ltr'><strong>bmreticorutn</strong></span> <span class='ocrx_word' id='word_1_787' title='bbox 3151 4487 3532 4554; x_wconf 84' lang='lat' dir='ltr'><strong>phantasmata</strong></span> <span class='ocrx_word' id='word_1_788' title='bbox 3581 4503 3595 4538; x_wconf 91' lang='lat'><strong>:</strong></span> <span class='ocrx_word' id='word_1_789' title='bbox 3649 4486 3777 4555; x_wconf 84' lang='lat' dir='ltr'><strong>quia</strong></span> <span class='ocrx_word' id='word_1_790' title='bbox 3811 4497 4052 4555; x_wconf 80' lang='lat' dir='ltr'><strong>utraque</strong></span> 
     </span>
    </p>
   </div>
   <div class='ocr_carea' id='block_1_106' title="bbox 2471 4579 4048 4647">
    <p class='ocr_par' dir='ltr' id='par_1_106' title="bbox 2471 4579 4048 4647">
     <span class='ocr_line' id='line_1_106' title="bbox 2471 4579 4048 4647; baseline 0.003 -17"><span class='ocrx_word' id='word_1_791' title='bbox 2471 4594 2596 4647; x_wconf 82' lang='lat' dir='ltr'><strong>pars</strong></span> <span class='ocrx_word' id='word_1_792' title='bbox 2627 4579 2677 4630; x_wconf 88' lang='lat' dir='ltr'><strong>in</strong></span> <span class='ocrx_word' id='word_1_793' title='bbox 2712 4579 3050 4632; x_wconf 89' lang='lat' dir='ltr'><strong>contrarium</strong></span> <span class='ocrx_word' id='word_1_794' title='bbox 3080 4580 3243 4633; x_wconf 87' lang='lat' dir='ltr'><strong>nitnia</strong></span> <span class='ocrx_word' id='word_1_795' title='bbox 3270 4580 3362 4643; x_wconf 89' lang='lat' dir='ltr'><strong>sit;</strong></span> <span class='ocrx_word' id='word_1_796' title='bbox 3390 4581 3513 4635; x_wconf 85' lang='lat' dir='ltr'><strong>aliis</strong></span> <span class='ocrx_word' id='word_1_797' title='bbox 3545 4579 3707 4633; x_wconf 89' lang='lat' dir='ltr'><strong>iidem</strong></span> <span class='ocrx_word' id='word_1_798' title='bbox 3739 4580 4048 4634; x_wconf 78' lang='lat' dir='ltr'><strong>volentibus</strong></span> 
     </span>
    </p>
   </div>
   <div class='ocr_carea' id='block_1_107' title="bbox 2469 4670 4050 4741">
    <p class='ocr_par' dir='ltr' id='par_1_107' title="bbox 2469 4670 4050 4741">
     <span class='ocr_line' id='line_1_107' title="bbox 2469 4670 4050 4741; baseline 0.003 -21"><span class='ocrx_word' id='word_1_799' title='bbox 2469 4684 2528 4721; x_wconf 86' lang='lat' dir='ltr'><strong>se</strong></span> <span class='ocrx_word' id='word_1_800' title='bbox 2552 4685 2671 4722; x_wconf 81' lang='lat' dir='ltr'><strong>esse</strong></span> <span class='ocrx_word' id='word_1_801' title='bbox 2702 4673 2847 4738; x_wconf 91' lang='lat' dir='ltr'><strong>quod</strong></span> <span class='ocrx_word' id='word_1_802' title='bbox 2881 4671 3081 4723; x_wconf 77' lang='lat' dir='ltr'><strong>fuerint</strong></span> <span class='ocrx_word' id='word_1_803' title='bbox 3120 4670 3238 4741; x_wconf 75' lang='grc' dir='ltr'><strong>[ΑΙ.</strong></span> <span class='ocrx_word' id='word_1_804' title='bbox 3271 4685 3378 4724; x_wconf 91' lang='lat' dir='ltr'><strong>non</strong></span> <span class='ocrx_word' id='word_1_805' title='bbox 3409 4670 3614 4740; x_wconf 79' lang='lat' dir='ltr'><strong>erunt];</strong></span> <span class='ocrx_word' id='word_1_806' title='bbox 3646 4670 3768 4723; x_wconf 92' lang='lat' dir='ltr'><strong>aliis</strong></span> <span class='ocrx_word' id='word_1_807' title='bbox 3803 4686 4050 4725; x_wconf 84' lang='lat' dir='ltr'><strong>resurre-</strong></span> 
     </span>
    </p>
   </div>
   <div class='ocr_carea' id='block_1_108' title="bbox 2465 4760 4052 4832">
    <p class='ocr_par' dir='ltr' id='par_1_108' title="bbox 2465 4760 4052 4832">
     <span class='ocr_line' id='line_1_108' title="bbox 2465 4760 4052 4832; baseline -0.002 -17"><span class='ocrx_word' id='word_1_808' title='bbox 2465 4762 2700 4815; x_wconf 84' lang='lat' dir='ltr'><strong>ctionem</strong></span> <span class='ocrx_word' id='word_1_809' title='bbox 2731 4777 3018 4831; x_wconf 87' lang='lat' dir='ltr'><strong>corporqu</strong></span> <span class='ocrx_word' id='word_1_810' title='bbox 3049 4764 3274 4815; x_wconf 80' lang='lat' dir='ltr'><strong>omnino</strong></span> <span class='ocrx_word' id='word_1_811' title='bbox 3316 4763 3738 4832; x_wconf 84' lang='lat' dir='ltr'><strong>denegantibus.</strong></span> <span class='ocrx_word' id='word_1_812' title='bbox 3772 4760 4052 4828; x_wconf 78' lang='lat' dir='ltr'><strong>Quatmr,</strong></span> 
     </span>
    </p>
   </div>
   <div class='ocr_carea' id='block_1_109' title="bbox 2467 4853 4054 4923">
    <p class='ocr_par' dir='ltr' id='par_1_109' title="bbox 2467 4853 4054 4923">
     <span class='ocr_line' id='line_1_109' title="bbox 2467 4853 4054 4923; baseline 0.001 -18"><span class='ocrx_word' id='word_1_813' title='bbox 2467 4854 2642 4921; x_wconf 87' lang='lat' dir='ltr'><strong>inquit</strong></span> <span class='ocrx_word' id='word_1_814' title='bbox 2665 4897 2679 4920; x_wconf 90' lang='lat'><strong>,</strong></span> <span class='ocrx_word' id='word_1_815' title='bbox 2713 4853 2980 4907; x_wconf 88' lang='lat' dir='ltr'><strong>elementa</strong></span> <span class='ocrx_word' id='word_1_816' title='bbox 3017 4863 3164 4917; x_wconf 92' lang='lat' dir='ltr'><strong>sunt,</strong></span> <span class='ocrx_word' id='word_1_817' title='bbox 3196 4855 3542 4923; x_wconf 87' lang='lat' dir='ltr'><strong>philosophis</strong></span> <span class='ocrx_word' id='word_1_818' title='bbox 3577 4869 3798 4923; x_wconf 86' lang='lat' dir='ltr'><strong>quoque</strong></span> <span class='ocrx_word' id='word_1_819' title='bbox 3843 4865 3969 4907; x_wconf 84' lang='lat' dir='ltr'><strong>uota</strong></span> <span class='ocrx_word' id='word_1_820' title='bbox 4005 4868 4054 4907; x_wconf 77' lang='lat' dir='ltr'><strong>et</strong></span> 
     </span>
    </p>
   </div>
   <div class='ocr_carea' id='block_1_110' title="bbox 2467 4944 4052 5013">
    <p class='ocr_par' dir='ltr' id='par_1_110' title="bbox 2467 4944 4052 5013">
     <span class='ocr_line' id='line_1_110' title="bbox 2467 4944 4052 5013; baseline 0 -17"><span class='ocrx_word' id='word_1_821' title='bbox 2467 4945 2712 5006; x_wconf 88' lang='lat' dir='ltr'><strong>medicis,</strong></span> <span class='ocrx_word' id='word_1_822' title='bbox 2747 4946 2816 4998; x_wconf 86' lang='lat' dir='ltr'><strong>de</strong></span> <span class='ocrx_word' id='word_1_823' title='bbox 2851 4946 3056 5013; x_wconf 89' lang='lat' dir='ltr'><strong>quibus</strong></span> <span class='ocrx_word' id='word_1_824' title='bbox 3099 4959 3293 4998; x_wconf 89' lang='lat' dir='ltr'><strong>omnes</strong></span> <span class='ocrx_word' id='word_1_825' title='bbox 3329 4958 3417 4997; x_wconf 89' lang='lat' dir='ltr'><strong>res</strong></span> <span class='ocrx_word' id='word_1_826' title='bbox 3443 4952 3498 4997; x_wconf 89' lang='lat' dir='ltr'><strong>et</strong></span> <span class='ocrx_word' id='word_1_827' title='bbox 3542 4959 3772 5013; x_wconf 89' lang='lat' dir='ltr'><strong>corpora</strong></span> <span class='ocrx_word' id='word_1_828' title='bbox 3809 4944 4052 4998; x_wconf 80' lang='lat' dir='ltr'><strong>humana</strong></span> 
     </span>
    </p>
   </div>
   <div class='ocr_carea' id='block_1_111' title="bbox 2467 5034 4050 5105">
    <p class='ocr_par' dir='ltr' id='par_1_111' title="bbox 2467 5034 4050 5105">
     <span class='ocr_line' id='line_1_111' title="bbox 2467 5034 4050 5105; baseline 0.001 -18"><span class='ocrx_word' id='word_1_829' title='bbox 2467 5045 2747 5102; x_wconf 88' lang='lat' dir='ltr'><strong>compacta</strong></span> <span class='ocrx_word' id='word_1_830' title='bbox 2785 5048 2936 5099; x_wconf 89' lang='lat' dir='ltr'><strong>sunt,</strong></span> <span class='ocrx_word' id='word_1_831' title='bbox 2971 5046 3115 5090; x_wconf 85' lang='lat' dir='ltr'><strong>terra</strong></span> <span class='ocrx_word' id='word_1_832' title='bbox 3142 5075 3156 5101; x_wconf 90' lang='lat'><strong>,</strong></span> <span class='ocrx_word' id='word_1_833' title='bbox 3189 5050 3352 5105; x_wconf 88' lang='lat' dir='ltr'><strong>aqua,</strong></span> <span class='ocrx_word' id='word_1_834' title='bbox 3379 5050 3497 5102; x_wconf 91' lang='lat' dir='ltr'><strong>aer,</strong></span> <span class='ocrx_word' id='word_1_835' title='bbox 3529 5043 3582 5089; x_wconf 92' lang='lat' dir='ltr'><strong>et</strong></span> <span class='ocrx_word' id='word_1_836' title='bbox 3615 5035 3782 5103; x_wconf 89' lang='lat' dir='ltr'><strong>ignis.</strong></span> <span class='ocrx_word' id='word_1_837' title='bbox 3813 5034 4050 5090; x_wconf 86' lang='lat' dir='ltr'><strong>Terram</strong></span> 
     </span>
    </p>
   </div>
   <div class='ocr_carea' id='block_1_112' title="bbox 2469 5125 4052 5196">
    <p class='ocr_par' dir='ltr' id='par_1_112' title="bbox 2469 5125 4052 5196">
     <span class='ocr_line' id='line_1_112' title="bbox 2469 5125 4052 5196; baseline 0.001 -18"><span class='ocrx_word' id='word_1_838' title='bbox 2469 5126 2518 5178; x_wconf 87' lang='lat' dir='ltr'><strong>itt</strong></span> <span class='ocrx_word' id='word_1_839' title='bbox 2556 5125 2839 5189; x_wconf 87' lang='lat' dir='ltr'><strong>carnibus,</strong></span> <span class='ocrx_word' id='word_1_840' title='bbox 2881 5141 3061 5182; x_wconf 88' lang='lat' dir='ltr'><strong>aerem</strong></span> <span class='ocrx_word' id='word_1_841' title='bbox 3109 5129 3163 5181; x_wconf 92' lang='lat' dir='ltr'><strong>in</strong></span> <span class='ocrx_word' id='word_1_842' title='bbox 3213 5126 3422 5190; x_wconf 88' lang='lat' dir='ltr'><strong>halitu,</strong></span> <span class='ocrx_word' id='word_1_843' title='bbox 3465 5140 3662 5196; x_wconf 89' lang='lat' dir='ltr'><strong>aquam</strong></span> <span class='ocrx_word' id='word_1_844' title='bbox 3701 5127 3754 5180; x_wconf 91' lang='lat' dir='ltr'><strong>in</strong></span> <span class='ocrx_word' id='word_1_845' title='bbox 3791 5127 4052 5188; x_wconf 71' lang='lat' dir='ltr'><strong>humore,</strong></span> 
     </span>
    </p>
   </div>
   <div class='ocr_carea' id='block_1_113' title="bbox 2539 5265 3282 5331">
    <p class='ocr_par' dir='ltr' id='par_1_113' title="bbox 2539 5265 3282 5331">
     <span class='ocr_line' id='line_1_113' title="bbox 2539 5265 3282 5331; baseline -0.003 -13"><span class='ocrx_word' id='word_1_846' title='bbox 2539 5265 2560 5295; x_wconf 72' lang='grc'><strong>⁸</strong></span> <span class='ocrx_word' id='word_1_847' title='bbox 2597 5269 2937 5328; x_wconf 74' lang='lat' dir='ltr'><strong>Antea&#39;erat,</strong></span> <span class='ocrx_word' id='word_1_848' title='bbox 2966 5267 3020 5318; x_wconf 82' lang='lat' dir='ltr'><strong>in</strong></span> <span class='ocrx_word' id='word_1_849' title='bbox 3050 5281 3282 5331; x_wconf 82' lang='lat' dir='ltr'><strong>corpore.</strong></span> 
     </span>
    </p>
   </div>
   <div class='ocr_carea' id='block_1_114' title="bbox 2537 5333 4050 5405">
    <p class='ocr_par' dir='ltr' id='par_1_114' title="bbox 2537 5333 4050 5405">
     <span class='ocr_line' id='line_1_114' title="bbox 2537 5333 4050 5405; baseline -0.002 -16"><span class='ocrx_word' id='word_1_850' title='bbox 2537 5336 2558 5365; x_wconf 87' lang='lat'><strong>&#39;</strong></span> <span class='ocrx_word' id='word_1_851' title='bbox 2594 5336 2727 5390; x_wconf 90' lang='lat' dir='ltr'><strong>Cod.</strong></span> <span class='ocrx_word' id='word_1_852' title='bbox 2778 5335 2836 5389; x_wconf 89' lang='lat' dir='ltr'><strong>S.</strong></span> <span class='ocrx_word' id='word_1_853' title='bbox 2869 5336 3084 5398; x_wconf 86' lang='lat' dir='ltr'><strong>Crucis,</strong></span> <span class='ocrx_word' id='word_1_854' title='bbox 3127 5337 3224 5388; x_wconf 84' lang='lat' dir='ltr'><strong>l&#39;er</strong></span> <span class='ocrx_word' id='word_1_855' title='bbox 3259 5337 3478 5388; x_wconf 63' lang='lat' dir='ltr'><strong>multum</strong></span> <span class='ocrx_word' id='word_1_856' title='bbox 3509 5334 3845 5405; x_wconf 80' lang='lat' dir='ltr'><strong>patientiam.</strong></span> <span class='ocrx_word' id='word_1_857' title='bbox 3875 5333 4050 5387; x_wconf 70' lang='lat' dir='ltr'><strong>Paulo</strong></span> 
     </span>
    </p>
   </div>
   <div class='ocr_carea' id='block_1_115' title="bbox 2471 5406 3721 5475">
    <p class='ocr_par' dir='ltr' id='par_1_115' title="bbox 2471 5406 3721 5475">
     <span class='ocr_line' id='line_1_115' title="bbox 2471 5406 3721 5475; baseline 0 -18"><span class='ocrx_word' id='word_1_858' title='bbox 2471 5415 2587 5475; x_wconf 73' lang='lat' dir='ltr'><strong>post</strong></span> <span class='ocrx_word' id='word_1_859' title='bbox 2623 5416 2762 5472; x_wconf 85' lang='lat' dir='ltr'><strong>erat,</strong></span> <span class='ocrx_word' id='word_1_860' title='bbox 2796 5406 2870 5459; x_wconf 85' lang='lat' dir='ltr'><strong>De</strong></span> <span class='ocrx_word' id='word_1_861' title='bbox 2909 5408 3305 5460; x_wconf 81' lang='lat' dir='ltr'><strong>resurrectionis</strong></span> <span class='ocrx_word' id='word_1_862' title='bbox 3338 5406 3579 5462; x_wconf 71' lang='lat' dir='ltr'><strong>breviter.</strong></span> <span class='ocrx_word' id='word_1_863' title='bbox 3613 5414 3721 5459; x_wconf 90' lang='lat' dir='ltr'><strong>etc.</strong></span> 
     </span>
    </p>
   </div>
   <div class='ocr_carea' id='block_1_116' title="bbox 2537 5477 4044 5547">
    <p class='ocr_par' dir='ltr' id='par_1_116' title="bbox 2537 5477 4044 5547">
     <span class='ocr_line' id='line_1_116' title="bbox 2537 5477 4044 5547; baseline 0.001 -18"><span class='ocrx_word' id='word_1_864' title='bbox 2537 5477 2557 5508; x_wconf 83' lang='lat'><strong>&#39;</strong></span> <span class='ocrx_word' id='word_1_865' title='bbox 2593 5477 2736 5529; x_wconf 87' lang='lat' dir='ltr'><strong>Idem</strong></span> <span class='ocrx_word' id='word_1_866' title='bbox 2768 5521 2782 5542; x_wconf 93' lang='lat'><strong>,</strong></span> <span class='ocrx_word' id='word_1_867' title='bbox 2831 5477 3204 5547; x_wconf 69' lang='lat' dir='ltr'><strong>Philosarras,</strong></span> <span class='ocrx_word' id='word_1_868' title='bbox 3249 5479 3301 5528; x_wconf 82' lang='lat' dir='ltr'><strong>id</strong></span> <span class='ocrx_word' id='word_1_869' title='bbox 3335 5488 3414 5530; x_wconf 84' lang='lat' dir='ltr'><strong>est</strong></span> <span class='ocrx_word' id='word_1_870' title='bbox 3449 5486 3714 5530; x_wconf 81' lang='lat' dir='ltr'><strong>amatores</strong></span> <span class='ocrx_word' id='word_1_871' title='bbox 3757 5479 4044 5540; x_wconf 76' lang='lat' dir='ltr'><strong>carnium,</strong></span> 
     </span>
    </p>
   </div>
   <div class='ocr_carea' id='block_1_117' title="bbox 2464 5546 3217 5616">
    <p class='ocr_par' dir='ltr' id='par_1_117' title="bbox 2464 5546 3217 5616">
     <span class='ocr_line' id='line_1_117' title="bbox 2464 5546 3217 5616; baseline 0.003 -17"><span class='ocrx_word' id='word_1_872' title='bbox 2464 5546 2674 5600; x_wconf 82' lang='lat' dir='ltr'><strong>scilicet</strong></span> <span class='ocrx_word' id='word_1_873' title='bbox 2717 5563 2744 5600; x_wconf 87' lang='lat' dir='ltr'><strong>a</strong></span> <span class='ocrx_word' id='word_1_874' title='bbox 2780 5550 2933 5614; x_wconf 76' lang='grc' dir='ltr'>φίλος</span> <span class='ocrx_word' id='word_1_875' title='bbox 2969 5561 3023 5602; x_wconf 93' lang='lat' dir='ltr'><strong>et</strong></span> <span class='ocrx_word' id='word_1_876' title='bbox 3056 5546 3217 5616; x_wconf 73' lang='grc' dir='ltr'><strong>σάρξ.</strong></span> 
     </span>
    </p>
   </div>
   <div class='ocr_carea' id='block_1_118' title="bbox 2537 5617 4044 5689">
    <p class='ocr_par' dir='ltr' id='par_1_118' title="bbox 2537 5617 4044 5689">
     <span class='ocr_line' id='line_1_118' title="bbox 2537 5617 4044 5689; baseline 0.001 -20"><span class='ocrx_word' id='word_1_877' title='bbox 2537 5619 2553 5649; x_wconf 89' lang='grc'><strong>⁷</strong></span> <span class='ocrx_word' id='word_1_878' title='bbox 2590 5618 2864 5689; x_wconf 71' lang='lat' dir='ltr'><strong>Persicum</strong></span> <span class='ocrx_word' id='word_1_879' title='bbox 2902 5635 3098 5671; x_wconf 81' lang='lat' dir='ltr'><strong>nomen</strong></span> <span class='ocrx_word' id='word_1_880' title='bbox 3140 5629 3222 5672; x_wconf 87' lang='lat' dir='ltr'><strong>est</strong></span> <span class='ocrx_word' id='word_1_881' title='bbox 3265 5617 3471 5684; x_wconf 77' lang='lat' dir='ltr'><strong>Manes,</strong></span> <span class='ocrx_word' id='word_1_882' title='bbox 3514 5617 3662 5689; x_wconf 88' lang='lat' dir='ltr'><strong>quod</strong></span> <span class='ocrx_word' id='word_1_883' title='bbox 3701 5634 3914 5673; x_wconf 76' lang='lat' dir='ltr'><strong>servant</strong></span> <span class='ocrx_word' id='word_1_884' title='bbox 3953 5636 4044 5671; x_wconf 89' lang='lat' dir='ltr'><strong>nu-</strong></span> 
     </span>
    </p>
   </div>
   <div class='ocr_carea' id='block_1_119' title="bbox 2467 5688 4046 5757">
    <p class='ocr_par' dir='ltr' id='par_1_119' title="bbox 2467 5688 4046 5757">
     <span class='ocr_line' id='line_1_119' title="bbox 2467 5688 4046 5757; baseline 0.004 -18"><span class='ocrx_word' id='word_1_885' title='bbox 2467 5698 2543 5739; x_wconf 85' lang='lat' dir='ltr'><strong>tat</strong></span> <span class='ocrx_word' id='word_1_886' title='bbox 2583 5704 2594 5740; x_wconf 88' lang='lat'><strong>:</strong></span> <span class='ocrx_word' id='word_1_887' title='bbox 2629 5699 2682 5740; x_wconf 92' lang='lat' dir='ltr'><strong>at</strong></span> <span class='ocrx_word' id='word_1_888' title='bbox 2719 5688 3081 5757; x_wconf 83' lang='lat' dir='ltr'><strong>Hieronymus</strong></span> <span class='ocrx_word' id='word_1_889' title='bbox 3128 5690 3192 5740; x_wconf 92' lang='lat' dir='ltr'><strong>ad</strong></span> <span class='ocrx_word' id='word_1_890' title='bbox 3247 5689 3500 5744; x_wconf 62' lang='lat' dir='ltr'><strong>Gracum</strong></span> <span class='ocrx_word' id='word_1_891' title='bbox 3533 5688 3732 5757; x_wconf 30' lang='grc' dir='ltr'><strong>ίμανία</strong></span> <span class='ocrx_word' id='word_1_892' title='bbox 3770 5689 4046 5753; x_wconf 86' lang='lat' dir='ltr'><strong>respicit.</strong></span> 
     </span>
    </p>
   </div>
   <div class='ocr_carea' id='block_1_120' title="bbox 2467 5759 4049 5828">
    <p class='ocr_par' dir='ltr' id='par_1_120' title="bbox 2467 5759 4049 5828">
     <span class='ocr_line' id='line_1_120' title="bbox 2467 5759 4049 5828; baseline 0 -18"><span class='ocrx_word' id='word_1_893' title='bbox 2467 5759 2608 5826; x_wconf 86' lang='lat' dir='ltr'><strong>quod</strong></span> <span class='ocrx_word' id='word_1_894' title='bbox 2652 5760 2820 5827; x_wconf 76' lang='lat' dir='ltr'><strong>furor,</strong></span> <span class='ocrx_word' id='word_1_895' title='bbox 2863 5761 3071 5814; x_wconf 82' lang='lat' dir='ltr'><strong>insania</strong></span> <span class='ocrx_word' id='word_1_896' title='bbox 3121 5760 3538 5828; x_wconf 84' lang='lat' dir='ltr'><strong>interpretatur,</strong></span> <span class='ocrx_word' id='word_1_897' title='bbox 3571 5761 3690 5815; x_wconf 78' lang='lat' dir='ltr'><strong>sive</strong></span> <span class='ocrx_word' id='word_1_898' title='bbox 3742 5759 3942 5828; x_wconf 79' lang='grc' dir='ltr'><strong>μανὸς,</strong></span> <span class='ocrx_word' id='word_1_899' title='bbox 3975 5763 4049 5810; x_wconf 62' lang='lat' dir='ltr'><strong>inc</strong></span> 
     </span>
    </p>
   </div>
   <div class='ocr_carea' id='block_1_121' title="bbox 2468 5846 2653 5884">
    <p class='ocr_par' dir='ltr' id='par_1_121' title="bbox 2468 5846 2653 5884">
     <span class='ocr_line' id='line_1_121' title="bbox 2468 5846 2653 5884; baseline 0.022 -4"><span class='ocrx_word' id='word_1_900' title='bbox 2468 5846 2653 5884; x_wconf 72' lang='grc' dir='ltr'><strong>εηηιιδ.</strong></span> 
     </span>
    </p>
   </div>
  </div>
