4202 6490
797 430 903 493 395

1950 425 2009 487 S.
2044 422 2369 485 EUSElllI
2417 422 2855 484 IIIERONYMI

3946 430 4045 493 395

799 562 920 604 sum
958 561 1202 607 carnem,
1235 559 1357 599 ossa
1386 583 1400 607 ,
1441 541 1758 608 sanguinem
1789 583 1802 606 ,
1839 542 2080 594 membra
2107 585 2120 608 ,
2157 551 2214 594 ιιι
2252 557 2368 594 crc-
2401 540 2441 597 Α
2475 538 2798 609 simpliciter
2833 557 2951 595 sum
2992 543 3229 598 locutus.
3266 545 3443 610 Quare
3483 562 3586 600 non
3618 561 3838 601 carnem
3872 549 4048 616 ponus

799 640 1082 695 scentihns
1140 638 1348 708 capillis
1401 645 1619 689 tonsore
1670 651 1852 706 egeas,
1912 651 2082 689 nasus
2142 636 2365 698 pituitas

799 736 1050 802 digerat,
1103 732 1437 784 incrementa
1477 727 1739 797 ttnguium
1786 728 2078 780 rrsecztnda
2118 727 2266 789 sint,
2307 737 2363 779 ut

801 842 898 888 per
930 823 1221 879 inferiores
1253 833 1434 890 partes
1469 822 1549 875 vel
1585 831 1846 883 stercora,
1881 820 1963 872 vel
1998 819 2246 874 libidines
2283 821 2365 874 ef-

801 917 1012 973 ﬂuant?
1047 914 1101 970 Si
1131 913 1296 968 aﬂers
1331 914 1469 967 istas
1503 914 1727 980 ineptias
1761 912 2117 974 rusticortnn,
2149 925 2204 967 et
2248 929 2368 967 car-

803 1011 910 1075 nis,
945 1009 1000 1063 in
1033 1022 1136 1076 qna
1172 1006 1280 1060 Deo
1311 1006 1522 1073 placere
1561 1020 1664 1057 non
1713 1018 2028 1071 possumus.
2073 1003 2231 1072 quasi
2261 1004 2368 1056 ini-

807 1103 960 1156 mica
1007 1099 1385 1158 Oblivisceris.
1436 1104 1488 1151 ct
1524 1097 1940 1150 resurrectionis
1975 1106 2314 1150 mortuorum
2349 1112 2362 1148 :

809 1193 1155 1251 «Sentinatur
1172 1192 1225 1246 in
1246 1188 1612 1259 corruptione,
1637 1200 1822 1259 Surget
1849 1190 1902 1243 in
1926 1189 2359 1258 incorruptione.

803 1287 1118 1341 Srminatur
1158 1285 1209 1339 in
1242 1281 1568 1337 contumelia
1594 1324 1610 1348 ,
1641 1294 1826 1351 surget
1857 1280 1906 1334 in
1941 1281 2130 1347 gloria.
2181 1279 2365 1334 Senti-

804 1388 964 1434 natur
1003 1378 1059 1433 in
1098 1374 1434 1439 infirmitate,
1473 1384 1658 1444 surget
1692 1376 1742 1427 itt
1785 1375 2003 1426 virtute.
2049 1372 2368 1427 Seminatnr

787 1486 1002 1541 vrorpus
1033 1468 1286 1534 animale,
1339 1476 1526 1536 surget
1573 1481 1774 1533 corpus
1825 1465 2112 1534 spirituale
2156 1463 2207 1534 (1
2235 1465 2364 1521 Cor.

803 1565 1118 1634 sv,~£‘2-“).
1134 1582 1151 1615 ι
1186 1561 1337 1618 Nunc
1357 1563 1530 1618 oculis
1549 1562 1814 1622 videmus,
1838 1559 2062 1615 auribus
2089 1561 2363 1626 audimus,

803 1659 1052 1714 manibus
1080 1657 1314 1727 agimus.
1351 1654 1579 1726 pedibus
1616 1653 1982 1708 ambulamus.
2026 1653 2085 1706 In
2141 1653 2232 1706 illo
2263 1666 2365 1705 au-

803 1763 907 1806 tem
941 1764 1175 1821 corpore
1215 1745 1484 1818 spirituali
1527 1747 1625 1799 toti
1658 1745 1965 1798 videbimus
1989 1785 2001 1806 ,
2037 1745 2134 1797 toti
2171 1742 2368 1797 audie-

803 1859 941 1908 mus,
974 1843 1069 1898 ιοιί
1105 1839 1471 1912 operahitnur,
1501 1839 1596 1892 toti
1625 1837 2026 1892 ambulabimus
2058 1851 2073 1893 :
2108 1845 2158 1889 et
2184 1846 2369 1892 trans-

800 1936 1053 2007 lignrabit
1082 1933 1343 1988 Dominus
1375 1947 1579 2002 corpus
1617 1931 1945 1984 humilitatis
1979 1938 2202 1994 nostra,
2232 1945 2365 1983 cou-

801 2030 975 2083 formo
1007 2029 1249 2097 corporis
1281 2041 1393 2080 stne
1426 2026 1632 2094 glorias.
1680 2024 1909 2089 Quando
1961 2022 2116 2087 dixit,
2149 2023 2366 2090 transﬁ-

801 2119 1011 2191 gurabit
1057 2118 1072 2151 ¹
1103 2117 1358 2186 (Philipp.
1394 2131 1474 2179 ιιι.
1512 2115 1626 2182 21).
1671 2111 1835 2186 434
1861 2112 1910 2166 id
1947 2126 2030 2168 est
2089 2130 2367 2182 μετασχη-

806 2216 1049 2285 ματίσει,
1068 2212 1459 2272 mitrarum,
1489 2208 1684 2277 quibus
1715 2222 1860 2258 nunc
1888 2206 2109 2267 utimur,
2144 2204 2369 2257 diversi-

804 2323 886 2365 tas
913 2309 1242 2377 denegatur.
1275 2302 1432 2356 Aliud
1468 2299 1625 2354 nobis
1663 2297 1946 2368 spirituale
1986 2306 2038 2350 ct
2070 2296 2366 2349 a'thcreum

792 2400 1138 2473 promittitur
1175 2416 1190 2453 :
1231 2395 1374 2465 quod
1416 2409 1517 2448 nec
1549 2393 1714 2444 tactui
1759 2390 2030 2458 subjaret,
2065 2404 2161 2443 nec
2195 2389 2371 2441 oculis

801 2493 1066 2557 cernitur.
1103 2505 1211 2545 nec
1258 2486 1505 2559 pondere
1546 2495 1920 2554 praegravatur
1958 2500 1971 2536 :
2008 2490 2062 2534 rt
2099 2497 2194 2550 pro
2226 2482 2371 2534 ιηω-

803 2602 944 2653 rum,
975 2586 1028 2639 in
1055 2582 1259 2655 quibus
1307 2579 1556 2633 futurum
1593 2584 1714 2641 est,
1750 2574 2013 2627 varietate
2045 2571 2366 2625 mutabitur.

805 2677 1020 2749 Alioqui
1076 2675 1129 2732 si
1181 2671 1382 2730 eaedem
1422 2684 1614 2724 carnes
1660 2675 1854 2730 erunt,
1893 2674 1948 2719 et
1987 2679 2213 2735 corpora
2251 2679 2371 2734 quae

803 2769 1047 2833 fuerunt,
1071 2781 1301 2821 rursum
1335 2777 1513 2816 mares
1538 2769 1590 2815 et
1623 2759 1855 2820 feminae.
1890 2772 2109 2811 rursum
2146 2758 2367 2824 nuptiar;

789 2864 938 2920 'viris
973 2864 1246 2917 hit-autum
1277 2854 1662 2926 supercilium,
1697 2853 1864 2907 barba
1896 2851 2144 2922 prolixa;
2174 2851 2368 2903 mulie-

791 2956 962 3013 ribus
991 2956 1157 3010 iteres
1209 2954 1228 2983 '
1256 2964 1428 3018 genae,
1456 2957 1508 3002 et
1539 2955 1770 3016 angusta
1799 2955 2016 3015 pectora
2033 2960 2053 3008 ο,
2096 2943 2160 2996 ad
2194 2942 2375 2995 conci-

789 3046 1034 3122 epiendos
1065 3057 1118 3102 et
1148 3042 1436 3115 pariendos
1495 3039 1641 3094 fctus
1675 3047 1860 3091 venter
1898 3048 1952 3090 rt
1995 3037 2200 3090 femora
2240 3037 2373 3088 dila-

791 3139 967 3195 tanda
1004 3145 1151 3192 sunt.
1204 3133 1515 3201 Resurgeut
1544 3130 1706 3184 etiam
1759 3126 2007 3182 inlantuli
2035 3169 2048 3188 ,
2090 3135 2371 3194 resurgrnt

2390 1895 2445 1950 ’Β

2473 630 2744 692 nominas,
2779 641 2834 683 ιιι
2866 646 3065 700 corpus
3101 635 3395 704 signiticet,
3429 645 3480 690 ct
3509 637 3883 692 indiﬂerenter
3904 654 4048 689 nunc

2472 738 2711 782 carnem.
2753 740 2898 778 nttnc
2929 743 3148 798 corpus,
3191 739 3248 783 υι
3274 744 3474 796 corpus
3522 730 3575 783 in
3605 744 3791 796 carne,
3821 741 3876 784 et
3916 745 4046 782 CII’O

2474 813 2523 864 in
2555 828 2776 882 corpore
2802 816 3212 872 demonstretur
3239 817 3260 870 ?
3291 817 3422 884 Sed,
3461 817 3593 872 mihi
3618 819 3799 883 crede,
3835 834 3946 872 non
3969 826 4050 870 cst

2472 907 2702 974 simplex
2744 908 3021 962 silentium
3058 921 3238 964 tuum.
3270 911 3434 983 ‘35
3475 913 3596 966 Alia
3643 913 3788 965 enim
3832 912 4046 969 carnis.

2473 997 2576 1051 alia
2612 1002 2854 1068 corporis
2886 1004 3133 1059 definitio
3156 1014 3240 1058 est
3280 1023 3293 1060 :
3322 1005 3503 1062 omnis
3540 1022 3672 1061 caro
3707 1016 3793 1060 est
3817 1020 4045 1074 corpm.

2470 1111 2580 1148 non
2622 1112 2785 1152 omne
2812 1111 3012 1165 corpus
3040 1107 3124 1153 est
3162 1114 3309 1154 caro.
3353 1099 3497 1153 Caro
3525 1109 3610 1154 est
3641 1098 3888 1168 proprie,
3923 1114 4049 1167 qua:

2471 1189 2760 1258 sanguine,
2799 1191 2973 1256 venis,
3012 1191 3254 1255 ossibus,
3289 1192 3580 1260 uenisque
3622 1191 4043 1261 constringitur.

2466 1283 2682 1351 Corpus
2707 1295 3022 1351 quanquam
3055 1293 3108 1336 et
3136 1297 3265 1336 caro
3284 1282 3524 1346 dicatur,
3552 1282 3826 1336 interdum
3853 1291 4042 1335 tamen

2468 1375 2766 1428 srthereum
2822 1375 2906 1426 vel
2941 1389 3160 1429 aereum
3195 1375 3530 1441 nominatur,
3566 1377 3705 1446 quod
3756 1358 3942 1428 tactui'
3967 1376 4050 1424 vi-

2469 1469 2662 1535 snique
2699 1483 2803 1520 non
2837 1467 3084 1536 siibjacet
3109 1507 3125 1532 ,
3157 1477 3210 1523 et
3243 1470 3566 1540 plerumque
3601 1468 3816 1522 visibile
3845 1477 3934 1521 est
3962 1479 4047 1518 at-

2471 1574 2577 1629 que
2639 1559 2921 1626 tangibile.
2959 1562 3147 1615 l'art'es
3177 1573 3259 1615 est
3297 1577 3533 1631 corpus,
3569 1561 3663 1614 sed
3700 1575 3808 1612 non
3854 1573 3996 1610 caro
4030 1573 4042 1608 :

2472 1654 2608 1721 lupis
2663 1669 2863 1723 corpus
2917 1663 3032 1714 est.
3088 1655 3180 1708 sed
3238 1669 3344 1706 non
3400 1668 3530 1707 caro
3581 1654 3784 1706 dicitur
3817 1652 3860 1705 ⁵.
3888 1648 4047 1703 Unde

2471 1747 2769 1816 Apostolus
2817 1761 3046 1816 cOrpora
3089 1747 3332 1801 coelestia
3382 1748 3641 1816 appellat,
3696 1756 3751 1800 et
3807 1761 4044 1814 corpora

2473 1837 2770 1890 terrestria.
2809 1837 3045 1891 (Sceleste
3067 1854 3267 1907 corpus
3310 1838 3464 1901 solis.
3505 1839 3666 1902 lunt,
3707 1838 4039 1890 stellarum:

2477 1940 2757 1992 terrestre,
2811 1930 2972 1998 ignis,
3005 1929 3169 1992 aeris,
3197 1945 3372 1998 aqum,
3406 1943 3580 1993 terrae,
3603 1939 3656 1983 et
3681 1931 4044 1998 reliquorum,

2471 2033 2589 2084 quae
2619 2017 2827 2082 absque
2863 2013 3042 2071 anima
3079 2020 3163 2073 his
3196 2031 3494 2075 censentur
3530 2022 3841 2075 elementis.
3879 2018 4044 2073 Vides

2471 2124 2569 2160 nos
2606 2108 2907 2176 intelligere
2947 2112 3279 2166 subtilitates
3314 2124 3544 2179 vestras,
3587 2125 3642 2168 et
3664 2129 3894 2176 arcano,
3928 2127 4049 2181 qute

2472 2200 2525 2253 in
2572 2202 2838 2258 cubiculis
2887 2214 2942 2256 ct
2992 2205 3134 2258 inter
3167 2206 3437 2274 perfectos
3466 2208 3787 2276 loquimini,
3817 2218 3871 2260 et
3923 2223 4043 2273 qnze

2472 2292 2704 2361 populus
2736 2292 2868 2346 foris
2897 2304 3074 2356 stans,
3120 2311 3220 2350 nec
3257 2309 3495 2351 meretur
3527 2299 3740 2359 audire,
3784 2297 4040 2366 proferre

2473 2384 2526 2436 in
2561 2385 2840 2439 medium?
2870 2384 2984 2439 Hoc
3015 2398 3097 2440 est
3123 2388 3251 2440 illud
3289 2389 3430 2455 quod
3469 2390 3690 2447 reducta
3725 2391 3792 2444 ad
3825 2392 4050 2443 auricu-

2472 2475 2579 2528 lant
2613 2489 2799 2539 manu,
2833 2485 2884 2529 et
2907 2478 3373 2547 concrepantibus
3413 2479 3617 2547 digitis,
3647 2479 3890 2534 ridentes
3916 2479 4048 2532 dici-

2476 2571 2544 2621 tis
2579 2584 2593 2621 :
2628 2587 2647 2619 ι
2680 2567 2872 2624 Omnis
2901 2569 3074 2638 gloria
3124 2571 3248 2625 lilia:
3307 2571 3450 2641 regis
3510 2571 3839 2626 intrinsecus
3873 2571 4046 2640 (Paul.

2479 2675 2629 2726 suv,
2677 2660 2824 2730 14).»
2874 2661 2963 2724 Et,
3005 2680 3023 2713 ι
3059 2663 3358 2716 introduvit
3393 2681 3476 2718 me
3514 2679 3603 2719 res
3643 2666 3696 2717 in
3729 2663 4046 2719 cubiculum

2476 2767 2639 2805 suum
2684 2752 2866 2821 (Cant.
2903 2770 2939 2818 ι,
2989 2753 3066 2823 5).
3115 2773 3132 2805 ›
3177 2756 3322 2810 [‘atct
3358 2773 3525 2824 quare
3555 2760 3820 2824 Corporis,
3853 2769 3909 2810 et
3941 2773 4048 2810 non

2475 2845 2654 2898 carnis
2699 2847 3160 2900 resurrectionem
3195 2849 3399 2901 dixeris
3444 2865 3458 2902 ε
3500 2849 3707 2903 scilicet
3734 2859 3790 2902 ut
3825 2866 3927 2903 nos
3963 2866 4050 2901 ru-

2477 2935 2573 2991 des
2605 2951 2825 2991 carnem
2862 2946 2910 2991 te
2947 2938 3128 2993 dicere
3164 2951 3481 3008 putaremus
3514 2943 3563 2994 in
3615 2957 3870 3010 corpore.
3907 2952 3963 2997 et
3997 2945 4046 2996 hi

2476 3029 2568 3096 qui
2607 3029 2834 3098 perfecti
2883 3038 3032 3093 sunt,
3066 3032 3432 3101 intelligerent
3476 3048 3694 3086 caunem
3721 3033 3777 3086 in
3816 3050 4047 3104 corpore

2479 3124 2754 3193 denegari.
2795 3123 3038 3191 Denique
3085 3125 3376 3192 Apostolus
3429 3127 3481 3179 itt
3534 3126 3775 3194 Epistula
3834 3146 3935 3182 sua
3979 3131 4046 3182 ad

787 3241 860 3288 ~et
906 3246 1064 3286 senes
1097 3244 1111 3282 :
1143 3227 1222 3282 illi
1269 3224 1541 3280 nulriendi
1567 3263 1581 3286 ,
1641 3222 1693 3274 hi
1742 3221 1952 3274 baculis
2005 3219 2364 3274 sttstcntamli.
2401 3228 2442 3284 ο
2476 3214 2846 3275 Colossenses.
2885 3217 3068 3269 volens
3096 3231 3297 3284 corpus
3320 3217 3522 3272 Clll‘laii
3554 3235 3839 3281 carneum,
3862 3231 3919 3273 et
3945 3237 4047 3274 non

806 3321 919 3378 Nec
947 3336 1065 3385 vos,
1090 3335 1122 3373 ο
1150 3316 1449 3386 simplices.
1481 3312 1815 3367 resurrectio
1847 3311 2059 3365 Domini
2116 3310 2366 3374 decipiat,

804 3413 948 3484 quod
987 3413 1128 3466 latus
1151 3419 1206 3463 et
1242 3422 1434 3461 manus
1465 3404 1875 3461 monstraverit.
1908 3401 1959 3454 in
1996 3401 2173 3454 littore
2204 3410 2371 3454 stete-

807 3509 900 3575 rit,
931 3508 985 3562 in
1018 3505 1212 3560 itinere
1253 3517 1377 3556 cum
1413 3498 1652 3566 Cleopha
1682 3493 2063 3557 ambulaverit,
2098 3507 2148 3545 et
2179 3508 2370 3547 carnes

805 3613 860 3657 et
886 3615 1012 3656 ossa
1067 3598 1266 3650 habere
1291 3609 1358 3648 se
1387 3592 1604 3646 dixerit.
1637 3588 1770 3642 illud
1807 3602 2004 3654 corpus
2045 3587 2163 3638 aliis
2207 3585 2370 3653 pollet

808 3689 1139 3761 privilegiis,
1166 3684 1312 3755 quod
1343 3685 1407 3738 de
1429 3682 1534 3735 viri
1567 3680 1775 3734 semine
1797 3687 1850 3732 et
1888 3678 2071 3731 carnis
2097 3677 2370 3742 voluptate

807 3799 915 3839 non
941 3791 1123 3837 natum
1146 3786 1250 3834 est.
1281 3774 1538 3830 Comedit
1572 3781 1697 3841 post
1720 3770 2176 3825 resurrectionem
2213 3784 2366 3820 suum

805 3885 860 3932 et
895 3873 1052 3938 bibit,
1085 3881 1141 3925 et
1175 3867 1404 3923 vestitus
1444 3862 1720 3934 apparuit,
1768 3861 2095 3930 tangendum
2132 3874 2188 3912 se
2226 3875 2361 3927 pra}.

805 3966 948 4033 ltuit,
976 3973 1035 4018 ιιι
1061 3953 1725 4025 dubitantibusapostolis
1779 3953 1936 4006 fidem
1959 3950 2161 4005 laceret
2192 3966 2371 4003 resur-

807 4055 1103 4114 rectionis.
1137 4051 1241 4106 Sed
1274 4059 1454 4104 tamen
1492 4061 1600 4100 non
1633 4045 1935 4099 dissimulat
1958 4053 2202 4096 naturam
2229 4043 2369 4095 aerei

809 4147 1055 4219 corporis
1126 4153 1177 4198 et
1237 4139 1558 4210 spiritualis.
1611 4135 1824 4191 Clausis
1878 4134 2020 4188 enim
2074 4131 2373 4202 ingreditur

811 4243 990 4304 ostiis.
1010 4238 1138 4294 etin
1165 4235 1429 4291 fractione
1448 4232 1604 4305 panis
1621 4247 1682 4283 ex
1700 4229 1876 4284 oculis
1905 4227 2199 4282 evanescit.
2233 4223 2372 4293 Ergo

812 4345 864 4388 ct
892 4332 1051 4388 nobis
1085 4338 1206 4400 post
1240 4335 1698 4381 resurrectionem
1733 4321 2027 4375 bibendum
2058 4318 2161 4372 erit
2197 4327 2252 4372 et
2273 4333 2367 4370 co-

814 4421 1165 4485 medendum,
1200 4427 1256 4474 ct
1297 4424 1422 4487 post
1465 4416 1645 4470 cibum
1696 4421 1936 4468 stercora
1971 4409 2280 4482 egerenda?
2311 4408 2375 4461 Et

815 4520 903 4571 ubi
939 4514 1043 4569 erit
1077 4514 1161 4566 illa
1203 4509 1537 4581 promissio:
1577 4504 1834 4573 «Oportet
1860 4503 1880 4535 ³
1902 4501 2128 4558 mortale
2158 4500 2260 4555 hoc
2296 4501 2376 4554 inv

814 4610 982 4664 duere
1034 4601 1494 4660 immortalitatem
1548 4596 1600 4668 (1
1634 4596 1760 4651 Cor.
1794 4611 1884 4660 ar,
1916 4594 2046 4663 55)?
2081 4611 2098 4644 ι

883 4695 972 4750 27.
1007 4691 1142 4748 Caro
1165 4699 1212 4745 et
1238 4704 1425 4757 corpus
1451 4686 1725 4756 diﬂ‘erunt.
1755 4684 1968 4740 Astutia
1993 4681 2376 4737 hareticoruns.

814 4820 884 4831 —
910 4788 1036 4844 Hac
1069 4796 1155 4842 est
1211 4785 1392 4839 omnis
1449 4797 1614 4838 causa
1664 4796 1765 4836 cur
1796 4781 1848 4834 in
1879 4779 2216 4850 expositione
2259 4779 2378 4835 lidei

816 4894 942 4946 tum,
992 4879 1058 4934 ad
1105 4875 1456 4947 decipiendas
1511 4889 1674 4927 aures
1727 4872 2088 4941 ignorantium
2121 4908 2138 4935 ,
2193 4873 2379 4927 novies

816 4987 1036 5044 corpus,
1062 4978 1118 5024 et
1144 4984 1210 5023 ne
1240 4968 1407 5022 semel
1428 4966 1642 5036 quidem
1666 4979 1884 5018 carnem
1911 4964 2165 5019 nominas
2202 4978 2217 5015 :
2252 4966 2376 5020 dum

819 5064 1066 5120 homines
1099 5067 1295 5132 putant
1331 5069 1383 5114 te
1413 5073 1608 5113 carnes
1640 5057 1691 5110 in
1725 5056 2045 5125 corporibus
2093 5057 2334 5111 conﬁteri
2361 5096 2374 5121 ,

819 5165 874 5210 et
907 5154 1044 5207 idem
1081 5167 1298 5206 carnem
1335 5165 1456 5205 esse
1506 5148 1649 5219 quod
1690 5163 1908 5217 corpus.
1965 5145 2020 5205 Si
2069 5147 2208 5201 idem
2263 5158 2374 5211 est,

821 5262 928 5302 non
971 5244 1242 5299 diversum
1297 5241 1569 5310 significat
1608 5237 1651 5294 ⁵.
1696 5239 1822 5294 Scio
1867 5238 2010 5293 enint
2044 5247 2095 5292 te
2127 5237 2227 5292 hoc
2259 5253 2379 5291 csse

821 5342 1093 5395 dicturum
1123 5353 1137 5390 :
1171 5335 1361 5389 l’utavi
1388 5335 1534 5387 idem
1562 5347 1763 5400 corpus
1793 5346 1915 5386 esse
1937 5328 2080 5399 quod
2114 5345 2332 5384 carnem
2360 5345 2374 5383 :

894 5453 910 5486 ⁵
940 5451 1081 5505 Idcm
1114 5465 1217 5502 nts.
1253 5446 1667 5516 transﬁguravit,
1698 5445 1748 5500 id
1793 5455 1874 5500 est
1910 5443 2376 5516 μετεσχημᾴτισξ.

895 5525 915 5555 ²
960 5523 1130 5573 Antea
1179 5513 1500 5572 eratleoes’:
1537 5517 1700 5583 paulo
1742 5525 1880 5584 post,
1913 5513 2041 5568 cod.
2087 5513 2144 5568 S.
2172 5513 2378 5584 iCrn‘cis

831 5611 850 5642 ι
889 5591 968 5645 11ιί
1005 5588 1277 5641 nutriendi
1305 5596 1480 5649 erunt,
1542 5582 1599 5659 hi
1632 5582 1838 5639 baculis
1865 5583 2228 5659 sustentandi.
2264 5582 2377 5636 Nec

820 5677 939 5724 vos,
967 5675 999 5714 ο
1034 5660 1309 5726 simplices
1340 5659 1552 5726 animae,
1587 5655 1945 5726 resurrectio,
1984 5672 2002 5704 ›
2035 5663 2141 5726 etc.

892 5721 993 5783 "In
1018 5721 1203 5781 eode-tn
1238 5741 1361 5791 tns.,
1393 5723 1606 5792 Oportet
1640 5724 1995 5792 corruptivum
2027 5723 2245 5778 induere
2285 5721 2373 5775 itt-

821 5799 1227 5863 corrnptionem,
1260 5805 1307 5852 et
1334 5795 1551 5850 mortale
1589 5795 1706 5856 hoc,
1741 5803 1849 5846 etc.

894 5868 917 5902 ⁵
949 5871 1073 5932 Ms,
1103 5865 1168 5918 Et
1200 5883 1299 5920 non
1328 5867 1589 5920 diversum
1621 5863 1913 5935 signiﬁcas.

2404 4581 2454 4640 D

2481 3307 2780 3376 spirituale,
2815 3321 3056 3370 acrcutn,
3089 3317 3271 3372 tenue,
3296 3310 3692 3372 demonstrare.
3731 3313 4048 3382 signiﬁcan-

2482 3413 2562 3454 ter
2590 3403 2800 3454 locutus
2839 3410 2940 3462 est,
3000 3401 3189 3454 dicens
3222 3415 3234 3450 :
3279 3416 3295 3448 ι
3344 3400 3408 3452 Ει
3447 3417 3541 3453 vos
3568 3418 3686 3454 Cllltl
3724 3404 3921 3456 essetis
3952 3405 4047 3456 al.-

2478 3495 2697 3563 quando
2730 3493 2950 3547 alienati
2980 3509 3007 3546 a
3033 3493 3270 3556 Christo,
3301 3504 3356 3546 et
3387 3494 3590 3547 inimici
3623 3510 3818 3549 sensus
3847 3497 3971 3566 ejus
3999 3498 4045 3550 in

2478 3589 2735 3655 operibus
2766 3588 2942 3649 malis,
2975 3588 3343 3643 reconciliavit
3374 3588 3426 3641 in
3458 3604 3688 3658 corpore
3723 3592 3913 3644 Carnis
3935 3608 4044 3645 suae

2481 3695 2574 3748 pcr
2626 3689 2851 3733 mortem
2896 3679 3124 3746 (Colon.
3159 3697 3197 3745 t,
3231 3681 3320 3742 ει.
3369 3680 3482 3751 92).
3534 3701 3550 3729 ι
3604 3681 3963 3752 Rursumque
3999 3685 4046 3737 in

2478 3772 2667 3825 eadem
2699 3771 2934 3841 Epistola
2977 3787 2989 3822 :
3034 3770 3119 3824 «in
3157 3787 3266 3842 quo
3297 3773 3609 3827 circumcisi
3641 3774 3778 3828 estis
3809 3776 4050 3829 circum-

2477 3864 2688 3918 cisione
2738 3880 2841 3916 non
2895 3879 3056 3916 manu
3098 3865 3238 3920 facta
3285 3865 3338 3918 in
3377 3865 3774 3934 exspoliatione
3802 3869 4050 3937 corporis

2479 3958 2657 4011 carnis
2681 3955 2906 4026 (Coloss.
2939 3973 2995 4018 tt,
3025 3957 3165 4025 11).»
3201 3958 3255 4010 Si
3286 3972 3480 4024 corpus
3509 3973 3730 4012 carnem
3760 3959 3942 4012 solum
3977 3961 4050 4013 si-

2479 4047 2715 4117 gniﬁcat,
2748 4059 2800 4101 et
2839 4065 2944 4102 non
2973 4059 3055 4101 est
3107 4063 3302 4102 nomen
3353 4051 3688 4118 ambiguum,
3726 4065 3830 4104 nec
3870 4054 3936 4104 ad
3971 4054 4050 4104 di-

2482 4154 2667 4191 versas
2724 4139 3104 4207 intelligentias
3151 4139 3292 4192 trahi
3339 4150 3558 4209 potest:
3599 4142 3734 4195 satis
3771 4144 4046 4211 superflue

2481 4245 2805 4296 corporeum
2837 4240 2890 4282 et
2923 4244 3178 4283 carncum
3211 4231 3364 4295 dicit,
3406 4232 3563 4302 quasi
3593 4248 3719 4286 caro
3747 4250 3857 4288 non
3895 4235 4047 4289 intel-

2483 4322 2677 4391 ligatur
2717 4322 2771 4376 in
2809 4337 3038 4390 corpore
3070 4323 3112 4375 ‘.

2551 4413 2643 4467 28.
2675 4411 2977 4482 Symbolum
3015 4415 3138 4482 ﬁdei
3167 4415 3231 4468 ab
3264 4418 3513 4482 apostolis
3558 4420 3835 4472 traditum.
3884 4446 3952 4458 -—
3994 4420 4045 4472 lu

2488 4507 2742 4578 Symbolo
2774 4506 2891 4560 fidei
2925 4518 2977 4561 et
3021 4507 3134 4577 spei
3177 4517 3412 4572 nostrae,
3469 4511 3612 4578 quod
3666 4512 3736 4564 ab
3784 4515 4048 4581 apostolis

2483 4600 2763 4660 traditum.
2794 4615 2896 4652 non
2928 4601 3185 4654 scribitur
3216 4601 3267 4654 in
3299 4603 3484 4655 charta
3512 4610 3566 4656 et
3593 4610 3926 4667 atramento;
3953 4607 4043 4660 sed

2483 4691 2534 4743 in
2592 4691 2786 4744 tabulis
2842 4691 3026 4752 cordis
3079 4692 3412 4756 carnalibus,
3466 4705 3590 4764 post
3640 4695 4044 4750 confessionem

2482 4781 2765 4836 Trinitatis
2813 4792 2866 4836 ct
2898 4784 3156 4837 unitatem
3208 4783 3502 4848 Ecclesiae,
3537 4801 3702 4841 omne
3748 4785 4045 4843 Christiani

2485 4873 2756 4941 dogmatis
2801 4885 3231 4939 sacramentum,
3262 4879 3443 4931 carnis
3475 4882 3880 4934 resurrectione
3913 4898 4048 4935 con-

2482 4965 2717 5018 cluditur
2745 4967 2785 5018 ⁷.
2829 4965 2896 5018 Ει
2941 4976 2994 5019 ιιι
3054 4967 3106 5021 in
3140 4977 3348 5022 tantum
3383 4970 3436 5024 in
3463 4972 3725 5040 corporis,
3757 4983 3809 5026 et
3848 4974 4046 5026 iterum

2479 5056 2643 5127 E36
2684 5058 2950 5126 corporis.
2983 5068 3036 5112 et
3069 5063 3235 5115 tertio
3264 5065 3538 5130 corporis,
3573 5071 3626 5117 et
3654 5080 3826 5134 usque
3863 5067 4050 5120 novies

2482 5151 2750 5216 corporis,
2780 5152 2863 5204 vel
2903 5166 3156 5206 sermone
3184 5154 3269 5207 vel
3301 5169 3528 5209 numero
3577 5157 3914 5220 immoraris,
3951 5174 4049 5211 nec

2483 5243 2652 5297 semel
2677 5244 2928 5297 nominas
2959 5259 3215 5311 carnem;
3246 5247 3392 5315 quod
3426 5247 3498 5302 illi
3522 5263 3735 5316 semper
3763 5251 4050 5303 nominant

2483 5349 2722 5397 carnem,
2754 5349 2952 5405 corpus
2981 5351 3112 5391 vero
3152 5348 3350 5393 tacent.
3385 5339 3488 5393 Sed
3521 5351 3574 5394 ct
3606 5340 3734 5393 illud
3772 5344 3919 5406 quod
3955 5358 4045 5393 ar.

2563 5449 2583 5479 ⁸
2613 5447 2844 5502 Deerant
2867 5449 3079 5516 istbtec,
3117 5450 3278 5520 Lapis
3312 5469 3499 5517 corpus
3528 5466 3625 5515 est.
3666 5455 3758 5508 sed
3785 5472 3890 5508 non
3924 5472 4050 5510 caro

2483 5521 2702 5593 dicitur,
2734 5535 2872 5593 qu:e_
2889 5535 2955 5593 es
2983 5522 3277 5590 archetypo
3305 5524 3364 5576 S.
3393 5523 3583 5579 Crucis
3619 5528 3971 5593 supplentur.

2561 5588 2581 5618 ⁸
2610 5588 2665 5662 in
2697 5603 2802 5641 ms.
2835 5587 2980 5642 Satis
3006 5587 3268 5661 superflue
3299 5596 3506 5660 corpori
3522 5587 3703 5662 jutusit
3726 5587 3783 5647 ‘et
3810 5611 4050 5661 carnem,

2481 5659 2788 5732 quasicaro
2821 5677 2920 5732 non
2953 5659 3338 5732 intelligeretur
3369 5659 3424 5716 in
3453 5659 3691 5732 carpare.

2553 5730 2572 5759 '
2617 5727 2839 5782 Scilicet
2871 5731 2934 5783 de
2957 5727 3157 5786 acterna
3193 5735 3299 5787 vita
3336 5727 3601 5789 articulus
3637 5739 3688 5788 in
3717 5737 3813 5788 illo
3837 5738 3906 5791 de
3930 5754 4051 5790 car-

2481 5799 2567 5852 nis
2600 5800 3001 5880 resurrectione
3028 5805 3296 5858 contineri
3324 5807 3666 5862 credebatur.
3697 5804 3830 5861 Vide
3863 5808 4046 5862 Ruﬁni

2480 5878 2900 5936 eapostttonem.
