  <div class='ocr_page' id='page_1' title='image "/cluster/home/n/w/nwhite01/storage/ocr_20150623/23/hvd.32044012674545/210.png"; bbox 0 0 4202 6466; ppageno 0'>
   <div class='ocr_carea' id='block_1_1' title="bbox 192 412 293 474">
    <p class='ocr_par' dir='ltr' id='par_1_1' title="bbox 192 412 293 474">
     <span class='ocr_line' id='line_1_1' title="bbox 192 412 293 474; baseline -0.02 0"><span class='ocrx_word' id='word_1_1' title='bbox 192 412 293 474; x_wconf 65' lang='grc'><strong>3⁵³7</strong></span> 
     </span>
    </p>
   </div>
   <div class='ocr_carea' id='block_1_2' title="bbox 1258 416 2404 480">
    <p class='ocr_par' dir='ltr' id='par_1_2' title="bbox 1258 416 2404 480">
     <span class='ocr_line' id='line_1_2' title="bbox 1258 416 2404 480; baseline -0.003 -1"><span class='ocrx_word' id='word_1_2' title='bbox 1258 416 1559 480; x_wconf 56' lang='lat' dir='ltr'><strong>CONTRA</strong></span> <span class='ocrx_word' id='word_1_3' title='bbox 1604 418 1961 478; x_wconf 67' lang='lat' dir='ltr'><strong>JOANNEM</strong></span> <span class='ocrx_word' id='word_1_4' title='bbox 1995 418 2404 479; x_wconf 78' lang='lat' dir='ltr'><strong>IIlEllOSOl..</strong></span> 
     </span>
    </p>
   </div>
   <div class='ocr_carea' id='block_1_3' title="bbox 3369 418 3478 482">
    <p class='ocr_par' dir='ltr' id='par_1_3' title="bbox 3369 418 3478 482">
     <span class='ocr_line' id='line_1_3' title="bbox 3369 418 3478 482; baseline 0.009 -1"><span class='ocrx_word' id='word_1_5' title='bbox 3369 418 3478 482; x_wconf 78' lang='lat'><strong>398</strong></span> 
     </span>
    </p>
   </div>
   <div class='ocr_carea' id='block_1_4' title="bbox 187 523 3475 601">
    <p class='ocr_par' dir='ltr' id='par_1_4' title="bbox 187 523 3475 601">
     <span class='ocr_line' id='line_1_4' title="bbox 187 523 3475 601; baseline 0.002 -20"><span class='ocrx_word' id='word_1_6' title='bbox 187 537 316 591; x_wconf 70' lang='grc' dir='ltr'><strong>ευιο</strong></span> <span class='ocrx_word' id='word_1_7' title='bbox 354 523 667 589; x_wconf 72' lang='lat' dir='ltr'><strong>Sltbnectis,</strong></span> <span class='ocrx_word' id='word_1_8' title='bbox 697 532 750 578; x_wconf 87' lang='lat' dir='ltr'><strong>ct</strong></span> <span class='ocrx_word' id='word_1_9' title='bbox 786 525 1085 597; x_wconf 76' lang='lat' dir='ltr'><strong>prudenter</strong></span> <span class='ocrx_word' id='word_1_10' title='bbox 1110 544 1421 599; x_wconf 70' lang='lat' dir='ltr'><strong>prmcavens</strong></span> <span class='ocrx_word' id='word_1_11' title='bbox 1446 531 1789 594; x_wconf 72' lang='lat' dir='ltr'><strong>dissimulas,</strong></span> <span class='ocrx_word' id='word_1_12' title='bbox 1824 542 1867 594; x_wconf 70' lang='grc' dir='ltr'><strong>Α</strong></span> <span class='ocrx_word' id='word_1_13' title='bbox 1902 534 2173 587; x_wconf 87' lang='lat' dir='ltr'><strong>firmitatis</strong></span> <span class='ocrx_word' id='word_1_14' title='bbox 2204 542 2363 601; x_wconf 79' lang='lat' dir='ltr'><strong>atque</strong></span> <span class='ocrx_word' id='word_1_15' title='bbox 2394 530 2608 583; x_wconf 71' lang='lat' dir='ltr'><strong>virtutis</strong></span> <span class='ocrx_word' id='word_1_16' title='bbox 2648 532 2984 586; x_wconf 75' lang='lat' dir='ltr'><strong>beatitudine</strong></span> <span class='ocrx_word' id='word_1_17' title='bbox 3023 534 3341 595; x_wconf 73' lang='lat' dir='ltr'><strong>indoamurt</strong></span> <span class='ocrx_word' id='word_1_18' title='bbox 3376 552 3475 588; x_wconf 77' lang='lat' dir='ltr'><strong>vo-</strong></span> 
     </span>
    </p>
   </div>
   <div class='ocr_carea' id='block_1_5' title="bbox 186 615 1784 689">
    <p class='ocr_par' dir='ltr' id='par_1_5' title="bbox 186 615 1784 689">
     <span class='ocr_line' id='line_1_5' title="bbox 186 615 1784 689; baseline 0.007 -23"><span class='ocrx_word' id='word_1_19' title='bbox 186 615 334 669; x_wconf 82' lang='lat' dir='ltr'><strong>srito</strong></span> <span class='ocrx_word' id='word_1_20' title='bbox 370 632 476 671; x_wconf 87' lang='lat' dir='ltr'><strong>nos</strong></span> <span class='ocrx_word' id='word_1_21' title='bbox 512 618 842 689; x_wconf 71' lang='lat' dir='ltr'><strong>intelligere.</strong></span> <span class='ocrx_word' id='word_1_22' title='bbox 888 619 983 677; x_wconf 82' lang='lat' dir='ltr'><strong>llis</strong></span> <span class='ocrx_word' id='word_1_23' title='bbox 1015 623 1162 678; x_wconf 86' lang='lat' dir='ltr'><strong>enim</strong></span> <span class='ocrx_word' id='word_1_24' title='bbox 1214 624 1545 680; x_wconf 73' lang='lat' dir='ltr'><strong>testimoniis</strong></span> <span class='ocrx_word' id='word_1_25' title='bbox 1580 625 1784 678; x_wconf 86' lang='lat' dir='ltr'><strong>verita-</strong></span> 
     </span>
    </p>
   </div>
   <div class='ocr_carea' id='block_1_6' title="bbox 186 711 1779 788">
    <p class='ocr_par' dir='ltr' id='par_1_6' title="bbox 186 711 1779 788">
     <span class='ocr_line' id='line_1_6' title="bbox 186 711 1779 788; baseline 0.006 -27"><span class='ocrx_word' id='word_1_26' title='bbox 186 719 300 764; x_wconf 77' lang='lat' dir='ltr'><strong>tem</strong></span> <span class='ocrx_word' id='word_1_27' title='bbox 331 711 770 767; x_wconf 79' lang='lat' dir='ltr'><strong>resurrectionis</strong></span> <span class='ocrx_word' id='word_1_28' title='bbox 795 715 1015 783; x_wconf 86' lang='lat' dir='ltr'><strong>probas,</strong></span> <span class='ocrx_word' id='word_1_29' title='bbox 1041 716 1243 785; x_wconf 93' lang='lat' dir='ltr'><strong>quibus</strong></span> <span class='ocrx_word' id='word_1_30' title='bbox 1285 716 1549 786; x_wconf 69' lang='lat' dir='ltr'><strong>Origenes</strong></span> <span class='ocrx_word' id='word_1_31' title='bbox 1582 727 1779 788; x_wconf 79' lang='lat' dir='ltr'><strong>negat,</strong></span> 
     </span>
    </p>
   </div>
   <div class='ocr_carea' id='block_1_7' title="bbox 187 804 1784 873">
    <p class='ocr_par' dir='ltr' id='par_1_7' title="bbox 187 804 1784 873">
     <span class='ocr_line' id='line_1_7' title="bbox 187 804 1784 873; baseline 0.007 -18"><span class='ocrx_word' id='word_1_32' title='bbox 187 812 241 855; x_wconf 84' lang='lat' dir='ltr'><strong>et</strong></span> <span class='ocrx_word' id='word_1_33' title='bbox 273 804 345 857; x_wconf 88' lang='lat' dir='ltr'><strong>de</strong></span> <span class='ocrx_word' id='word_1_34' title='bbox 377 805 571 859; x_wconf 86' lang='lat' dir='ltr'><strong>dubiis</strong></span> <span class='ocrx_word' id='word_1_35' title='bbox 608 807 822 861; x_wconf 85' lang='lat' dir='ltr'><strong>incerta</strong></span> <span class='ocrx_word' id='word_1_36' title='bbox 883 809 1241 873; x_wconf 84' lang='lat' dir='ltr'><strong>confirmans,</strong></span> <span class='ocrx_word' id='word_1_37' title='bbox 1294 823 1497 865; x_wconf 84' lang='lat' dir='ltr'><strong>certam</strong></span> <span class='ocrx_word' id='word_1_38' title='bbox 1530 812 1649 864; x_wconf 80' lang='lat' dir='ltr'><strong>fidei</strong></span> <span class='ocrx_word' id='word_1_39' title='bbox 1684 813 1784 866; x_wconf 89' lang='lat' dir='ltr'><strong>do-</strong></span> 
     </span>
    </p>
   </div>
   <div class='ocr_carea' id='block_1_8' title="bbox 190 901 1781 971">
    <p class='ocr_par' dir='ltr' id='par_1_8' title="bbox 190 901 1781 971">
     <span class='ocr_line' id='line_1_8' title="bbox 190 901 1781 971; baseline 0.006 -23"><span class='ocrx_word' id='word_1_40' title='bbox 190 914 365 961; x_wconf 84' lang='lat' dir='ltr'><strong>mum,</strong></span> <span class='ocrx_word' id='word_1_41' title='bbox 418 901 607 954; x_wconf 83' lang='lat' dir='ltr'><strong>subita</strong></span> <span class='ocrx_word' id='word_1_42' title='bbox 655 912 980 971; x_wconf 84' lang='lat' dir='ltr'><strong>tempestate</strong></span> <span class='ocrx_word' id='word_1_43' title='bbox 1029 904 1325 959; x_wconf 88' lang='lat' dir='ltr'><strong>subvertis.</strong></span> <span class='ocrx_word' id='word_1_44' title='bbox 1358 921 1376 955; x_wconf 88' lang='grc' dir='ltr'><strong>ι</strong></span> <span class='ocrx_word' id='word_1_45' title='bbox 1422 904 1781 967; x_wconf 87' lang='lat' dir='ltr'><strong>Seminator,</strong></span> 
     </span>
    </p>
   </div>
   <div class='ocr_carea' id='block_1_9' title="bbox 189 994 1779 1068">
    <p class='ocr_par' dir='ltr' id='par_1_9' title="bbox 189 994 1779 1068">
     <span class='ocr_line' id='line_1_9' title="bbox 189 994 1779 1068; baseline 0.005 -23"><span class='ocrx_word' id='word_1_46' title='bbox 189 994 395 1064; x_wconf 85' lang='lat' dir='ltr'><strong>inquit.</strong></span> <span class='ocrx_word' id='word_1_47' title='bbox 426 1013 635 1064; x_wconf 71' lang='lat' dir='ltr'><strong>corpus</strong></span> <span class='ocrx_word' id='word_1_48' title='bbox 673 998 909 1051; x_wconf 80' lang='lat' dir='ltr'><strong>animale</strong></span> <span class='ocrx_word' id='word_1_49' title='bbox 937 1016 953 1052; x_wconf 91' lang='lat'><strong>:</strong></span> <span class='ocrx_word' id='word_1_50' title='bbox 982 1010 1170 1066; x_wconf 76' lang='lat' dir='ltr'><strong>surget</strong></span> <span class='ocrx_word' id='word_1_51' title='bbox 1215 1014 1415 1068; x_wconf 90' lang='lat' dir='ltr'><strong>corpus</strong></span> <span class='ocrx_word' id='word_1_52' title='bbox 1470 998 1779 1067; x_wconf 79' lang='lat' dir='ltr'><strong>Spirituale.</strong></span> 
     </span>
    </p>
   </div>
   <div class='ocr_carea' id='block_1_10' title="bbox 189 1089 1786 1163">
    <p class='ocr_par' dir='ltr' id='par_1_10' title="bbox 189 1089 1786 1163">
     <span class='ocr_line' id='line_1_10' title="bbox 189 1089 1786 1163; baseline 0.004 -21"><span class='ocrx_word' id='word_1_53' title='bbox 189 1089 379 1159; x_wconf 68' lang='lat' dir='ltr'><strong>Neque</strong></span> <span class='ocrx_word' id='word_1_54' title='bbox 424 1092 578 1144; x_wconf 83' lang='lat' dir='ltr'><strong>enim</strong></span> <span class='ocrx_word' id='word_1_55' title='bbox 632 1093 857 1155; x_wconf 87' lang='lat' dir='ltr'><strong>nubent,</strong></span> <span class='ocrx_word' id='word_1_56' title='bbox 909 1109 1083 1163; x_wconf 73' lang='lat' dir='ltr'><strong>neque</strong></span> <span class='ocrx_word' id='word_1_57' title='bbox 1134 1094 1440 1157; x_wconf 84' lang='lat' dir='ltr'><strong>uubeutur;</strong></span> <span class='ocrx_word' id='word_1_58' title='bbox 1479 1093 1573 1148; x_wconf 89' lang='lat' dir='ltr'><strong>sed</strong></span> <span class='ocrx_word' id='word_1_59' title='bbox 1623 1102 1786 1148; x_wconf 89' lang='lat' dir='ltr'><strong>erunt</strong></span> 
     </span>
    </p>
   </div>
   <div class='ocr_carea' id='block_1_11' title="bbox 187 1184 1784 1259">
    <p class='ocr_par' dir='ltr' id='par_1_11' title="bbox 187 1184 1784 1259">
     <span class='ocr_line' id='line_1_11' title="bbox 187 1184 1784 1259; baseline 0.001 -20"><span class='ocrx_word' id='word_1_60' title='bbox 187 1184 335 1239; x_wconf 85' lang='lat' dir='ltr'><strong>sicut</strong></span> <span class='ocrx_word' id='word_1_61' title='bbox 387 1187 578 1254; x_wconf 78' lang='lat' dir='ltr'><strong>angeli</strong></span> <span class='ocrx_word' id='word_1_62' title='bbox 636 1188 689 1238; x_wconf 92' lang='lat' dir='ltr'><strong>io</strong></span> <span class='ocrx_word' id='word_1_63' title='bbox 749 1186 903 1241; x_wconf 67' lang='lat' dir='ltr'><strong>caelis</strong></span> <span class='ocrx_word' id='word_1_64' title='bbox 935 1186 988 1259; x_wconf 89' lang='lat' dir='ltr'><strong>(I</strong></span> <span class='ocrx_word' id='word_1_65' title='bbox 1022 1187 1142 1243; x_wconf 89' lang='lat' dir='ltr'><strong>Cor.</strong></span> <span class='ocrx_word' id='word_1_66' title='bbox 1180 1204 1265 1251; x_wconf 78' lang='lat' dir='ltr'><strong>xv,</strong></span> <span class='ocrx_word' id='word_1_67' title='bbox 1293 1188 1386 1255; x_wconf 67' lang='lat' dir='ltr'><strong>tt;</strong></span> <span class='ocrx_word' id='word_1_68' title='bbox 1421 1186 1612 1242; x_wconf 70' lang='lat' dir='ltr'><strong>Matth.</strong></span> <span class='ocrx_word' id='word_1_69' title='bbox 1648 1202 1784 1252; x_wconf 70' lang='lat' dir='ltr'><strong>xui,</strong></span> 
     </span>
    </p>
   </div>
   <div class='ocr_carea' id='block_1_12' title="bbox 185 1275 1787 1349">
    <p class='ocr_par' dir='ltr' id='par_1_12' title="bbox 185 1275 1787 1349">
     <span class='ocr_line' id='line_1_12' title="bbox 185 1275 1787 1349; baseline 0.002 -20"><span class='ocrx_word' id='word_1_70' title='bbox 185 1277 281 1345; x_wconf 76' lang='lat'><strong>50;</strong></span> <span class='ocrx_word' id='word_1_71' title='bbox 333 1275 475 1331; x_wconf 77' lang='lat' dir='ltr'><strong>an.</strong></span> <span class='ocrx_word' id='word_1_72' title='bbox 509 1278 773 1348; x_wconf 64' lang='lat'><strong>31,55)»</strong></span> <span class='ocrx_word' id='word_1_73' title='bbox 808 1279 938 1345; x_wconf 85' lang='lat' dir='ltr'><strong>Quae</strong></span> <span class='ocrx_word' id='word_1_74' title='bbox 969 1281 1072 1333; x_wconf 90' lang='lat' dir='ltr'><strong>alia</strong></span> <span class='ocrx_word' id='word_1_75' title='bbox 1102 1281 1345 1349; x_wconf 45' lang='lat' dir='ltr'><strong>exenipla</strong></span> <span class='ocrx_word' id='word_1_76' title='bbox 1374 1296 1707 1341; x_wconf 77' lang='lat' dir='ltr'><strong>assumeres,</strong></span> <span class='ocrx_word' id='word_1_77' title='bbox 1742 1280 1787 1332; x_wconf 88' lang='lat' dir='ltr'><strong>si</strong></span> 
     </span>
    </p>
   </div>
   <div class='ocr_carea' id='block_1_13' title="bbox 192 1372 1791 1440">
    <p class='ocr_par' dir='ltr' id='par_1_13' title="bbox 192 1372 1791 1440">
     <span class='ocr_line' id='line_1_13' title="bbox 192 1372 1791 1440; baseline 0 -17"><span class='ocrx_word' id='word_1_78' title='bbox 192 1374 670 1426; x_wconf 80' lang='lat' dir='ltr'><strong>resurrectionem</strong></span> <span class='ocrx_word' id='word_1_79' title='bbox 713 1372 975 1440; x_wconf 72' lang='lat' dir='ltr'><strong>negares?</strong></span> <span class='ocrx_word' id='word_1_80' title='bbox 1027 1373 1119 1427; x_wconf 80' lang='lat' dir='ltr'><strong>Vis</strong></span> <span class='ocrx_word' id='word_1_81' title='bbox 1152 1375 1612 1427; x_wconf 74' lang='lat' dir='ltr'><strong>resurrectionem</strong></span> <span class='ocrx_word' id='word_1_82' title='bbox 1670 1388 1791 1426; x_wconf 61' lang='lat' dir='ltr'><strong>caro</strong></span> 
     </span>
    </p>
   </div>
   <div class='ocr_carea' id='block_1_14' title="bbox 195 1464 1786 1535">
    <p class='ocr_par' dir='ltr' id='par_1_14' title="bbox 195 1464 1786 1535">
     <span class='ocr_line' id='line_1_14' title="bbox 195 1464 1786 1535; baseline 0.003 -21"><span class='ocrx_word' id='word_1_83' title='bbox 195 1464 304 1522; x_wconf 88' lang='lat' dir='ltr'><strong>nis.</strong></span> <span class='ocrx_word' id='word_1_84' title='bbox 331 1464 571 1517; x_wconf 74' lang='lat' dir='ltr'><strong>veritate</strong></span> <span class='ocrx_word' id='word_1_85' title='bbox 601 1473 655 1517; x_wconf 88' lang='lat' dir='ltr'><strong>et</strong></span> <span class='ocrx_word' id='word_1_86' title='bbox 689 1480 795 1517; x_wconf 89' lang='lat' dir='ltr'><strong>nou</strong></span> <span class='ocrx_word' id='word_1_87' title='bbox 834 1468 1094 1533; x_wconf 89' lang='lat' dir='ltr'><strong>putative,</strong></span> <span class='ocrx_word' id='word_1_88' title='bbox 1123 1475 1177 1520; x_wconf 90' lang='lat' dir='ltr'><strong>ut</strong></span> <span class='ocrx_word' id='word_1_89' title='bbox 1220 1465 1484 1535; x_wconf 80' lang='lat' dir='ltr'><strong>loqueris,</strong></span> <span class='ocrx_word' id='word_1_90' title='bbox 1513 1464 1786 1519; x_wconf 85' lang='lat' dir='ltr'><strong>confiteri.</strong></span> 
     </span>
    </p>
   </div>
   <div class='ocr_carea' id='block_1_15' title="bbox 194 1556 1786 1627">
    <p class='ocr_par' dir='ltr' id='par_1_15' title="bbox 194 1556 1786 1627">
     <span class='ocr_line' id='line_1_15' title="bbox 194 1556 1786 1627; baseline -0.001 -17"><span class='ocrx_word' id='word_1_91' title='bbox 194 1556 323 1612; x_wconf 82' lang='lat' dir='ltr'><strong>Post</strong></span> <span class='ocrx_word' id='word_1_92' title='bbox 351 1559 472 1623; x_wconf 85' lang='lat' dir='ltr'><strong>illa,</strong></span> <span class='ocrx_word' id='word_1_93' title='bbox 506 1560 711 1626; x_wconf 78' lang='lat' dir='ltr'><strong>quibus</strong></span> <span class='ocrx_word' id='word_1_94' title='bbox 737 1558 1107 1627; x_wconf 68' lang='lat' dir='ltr'><strong>ignorantium</strong></span> <span class='ocrx_word' id='word_1_95' title='bbox 1142 1558 1423 1612; x_wconf 83' lang='lat' dir='ltr'><strong>blanditus</strong></span> <span class='ocrx_word' id='word_1_96' title='bbox 1447 1575 1507 1612; x_wconf 89' lang='lat' dir='ltr'><strong>es</strong></span> <span class='ocrx_word' id='word_1_97' title='bbox 1533 1558 1786 1627; x_wconf 75' lang='lat' dir='ltr'><strong>auribus,</strong></span> 
     </span>
    </p>
   </div>
   <div class='ocr_carea' id='block_1_16' title="bbox 187 1650 1790 1720">
    <p class='ocr_par' dir='ltr' id='par_1_16' title="bbox 187 1650 1790 1720">
     <span class='ocr_line' id='line_1_16' title="bbox 187 1650 1790 1720; baseline -0.001 -16"><span class='ocrx_word' id='word_1_98' title='bbox 187 1652 337 1719; x_wconf 82' lang='lat' dir='ltr'><strong>quod</strong></span> <span class='ocrx_word' id='word_1_99' title='bbox 377 1654 433 1704; x_wconf 92' lang='lat' dir='ltr'><strong>in</strong></span> <span class='ocrx_word' id='word_1_100' title='bbox 468 1653 605 1720; x_wconf 83' lang='lat' dir='ltr'><strong>ipsis</strong></span> <span class='ocrx_word' id='word_1_101' title='bbox 638 1653 991 1719; x_wconf 80' lang='lat' dir='ltr'><strong>corporibus,</strong></span> <span class='ocrx_word' id='word_1_102' title='bbox 1027 1651 1079 1703; x_wconf 91' lang='lat' dir='ltr'><strong>in</strong></span> <span class='ocrx_word' id='word_1_103' title='bbox 1108 1652 1309 1719; x_wconf 85' lang='lat' dir='ltr'><strong>quibus</strong></span> <span class='ocrx_word' id='word_1_104' title='bbox 1363 1650 1564 1702; x_wconf 83' lang='lat' dir='ltr'><strong>mortui</strong></span> <span class='ocrx_word' id='word_1_105' title='bbox 1599 1665 1790 1703; x_wconf 70' lang='lat' dir='ltr'><strong>sumus</strong></span> 
     </span>
    </p>
   </div>
   <div class='ocr_carea' id='block_1_17' title="bbox 190 1743 1780 1813">
    <p class='ocr_par' dir='ltr' id='par_1_17' title="bbox 190 1743 1780 1813">
     <span class='ocr_line' id='line_1_17' title="bbox 190 1743 1780 1813; baseline 0 -16"><span class='ocrx_word' id='word_1_106' title='bbox 190 1756 241 1797; x_wconf 80' lang='lat' dir='ltr'><strong>et</strong></span> <span class='ocrx_word' id='word_1_107' title='bbox 273 1747 510 1813; x_wconf 76' lang='lat' dir='ltr'><strong>s-pulti,</strong></span> <span class='ocrx_word' id='word_1_108' title='bbox 538 1760 915 1813; x_wconf 72' lang='lat' dir='ltr'><strong>resurgamus,</strong></span> <span class='ocrx_word' id='word_1_109' title='bbox 942 1745 1043 1797; x_wconf 90' lang='lat' dir='ltr'><strong>hoc</strong></span> <span class='ocrx_word' id='word_1_110' title='bbox 1071 1744 1251 1813; x_wconf 78' lang='lat' dir='ltr'><strong>potius</strong></span> <span class='ocrx_word' id='word_1_111' title='bbox 1280 1743 1536 1813; x_wconf 63' lang='lat' dir='ltr'><strong>adjooge,</strong></span> <span class='ocrx_word' id='word_1_112' title='bbox 1562 1754 1615 1797; x_wconf 86' lang='lat' dir='ltr'><strong>et</strong></span> <span class='ocrx_word' id='word_1_113' title='bbox 1642 1744 1780 1797; x_wconf 87' lang='lat' dir='ltr'><strong>dic&#39;:</strong></span> 
     </span>
    </p>
   </div>
   <div class='ocr_carea' id='block_1_18' title="bbox 187 1836 1791 1901">
    <p class='ocr_par' dir='ltr' id='par_1_18' title="bbox 187 1836 1791 1901">
     <span class='ocr_line' id='line_1_18' title="bbox 187 1836 1791 1901; baseline 0.001 -14"><span class='ocrx_word' id='word_1_114' title='bbox 187 1838 496 1901; x_wconf 82' lang='lat' dir='ltr'><strong>Quomodo</strong></span> <span class='ocrx_word' id='word_1_115' title='bbox 555 1837 823 1889; x_wconf 85' lang='lat' dir='ltr'><strong>Dominus</strong></span> <span class='ocrx_word' id='word_1_116' title='bbox 877 1844 1000 1901; x_wconf 76' lang='lat' dir='ltr'><strong>post</strong></span> <span class='ocrx_word' id='word_1_117' title='bbox 1048 1836 1508 1890; x_wconf 69' lang='lat' dir='ltr'><strong>resurrectionem</strong></span> <span class='ocrx_word' id='word_1_118' title='bbox 1584 1837 1791 1890; x_wconf 76' lang='lat' dir='ltr'><strong>fixuras</strong></span> 
     </span>
    </p>
   </div>
   <div class='ocr_carea' id='block_1_19' title="bbox 1890 624 3472 696">
    <p class='ocr_par' dir='ltr' id='par_1_19' title="bbox 1890 624 3472 696">
     <span class='ocr_line' id='line_1_19' title="bbox 1890 624 3472 696; baseline 0 -19"><span class='ocrx_word' id='word_1_119' title='bbox 1890 624 2061 681; x_wconf 90' lang='lat' dir='ltr'><strong>lentes</strong></span> <span class='ocrx_word' id='word_1_120' title='bbox 2087 641 2194 680; x_wconf 86' lang='lat' dir='ltr'><strong>non</strong></span> <span class='ocrx_word' id='word_1_121' title='bbox 2219 625 2439 695; x_wconf 70' lang='lat' dir='ltr'><strong>spsliat‘i</strong></span> <span class='ocrx_word' id='word_1_122' title='bbox 2464 638 2648 686; x_wconf 88' lang='lat' dir='ltr'><strong>carne,</strong></span> <span class='ocrx_word' id='word_1_123' title='bbox 2675 624 2765 678; x_wconf 89' lang='lat' dir='ltr'><strong>sed</strong></span> <span class='ocrx_word' id='word_1_124' title='bbox 2796 626 3154 695; x_wconf 82' lang='lat' dir='ltr'><strong>supervostiri</strong></span> <span class='ocrx_word' id='word_1_125' title='bbox 3186 626 3240 679; x_wconf 85' lang='lat' dir='ltr'><strong>io</strong></span> <span class='ocrx_word' id='word_1_126' title='bbox 3269 626 3472 696; x_wconf 78' lang='lat' dir='ltr'><strong>gloria,</strong></span> 
     </span>
    </p>
   </div>
   <div class='ocr_carea' id='block_1_20' title="bbox 1886 717 3477 791">
    <p class='ocr_par' dir='ltr' id='par_1_20' title="bbox 1886 717 3477 791">
     <span class='ocr_line' id='line_1_20' title="bbox 1886 717 3477 791; baseline 0.001 -19"><span class='ocrx_word' id='word_1_127' title='bbox 1886 727 1937 772; x_wconf 92' lang='lat' dir='ltr'><strong>et</strong></span> <span class='ocrx_word' id='word_1_128' title='bbox 1964 720 2300 773; x_wconf 85' lang='lat' dir='ltr'><strong>domicilium</strong></span> <span class='ocrx_word' id='word_1_129' title='bbox 2344 729 2613 781; x_wconf 87' lang='lat' dir='ltr'><strong>nostrum,</strong></span> <span class='ocrx_word' id='word_1_130' title='bbox 2647 717 2790 787; x_wconf 82' lang='lat' dir='ltr'><strong>quod</strong></span> <span class='ocrx_word' id='word_1_131' title='bbox 2824 721 2890 771; x_wconf 88' lang='lat' dir='ltr'><strong>de</strong></span> <span class='ocrx_word' id='word_1_132' title='bbox 2926 721 3062 773; x_wconf 65' lang='lat'><strong>(&quot;(1310</strong></span> <span class='ocrx_word' id='word_1_133' title='bbox 3086 728 3187 784; x_wconf 83' lang='lat' dir='ltr'><strong>est,</strong></span> <span class='ocrx_word' id='word_1_134' title='bbox 3225 722 3477 791; x_wconf 82' lang='lat' dir='ltr'><strong>superio-</strong></span> 
     </span>
    </p>
   </div>
   <div class='ocr_carea' id='block_1_21' title="bbox 1886 811 3476 876">
    <p class='ocr_par' dir='ltr' id='par_1_21' title="bbox 1886 811 3476 876">
     <span class='ocr_line' id='line_1_21' title="bbox 1886 811 3476 876; baseline 0 -10"><span class='ocrx_word' id='word_1_135' title='bbox 1886 811 1977 866; x_wconf 86' lang='lat' dir='ltr'><strong>dui</strong></span> <span class='ocrx_word' id='word_1_136' title='bbox 2009 812 2408 876; x_wconf 64' lang='lat' dir='ltr'><strong>desiderantes,</strong></span> <span class='ocrx_word' id='word_1_137' title='bbox 2433 821 2487 863; x_wconf 86' lang='grc' dir='ltr'><strong>ιιι</strong></span> <span class='ocrx_word' id='word_1_138' title='bbox 2521 812 2814 867; x_wconf 78' lang='lat' dir='ltr'><strong>devoretur</strong></span> <span class='ocrx_word' id='word_1_139' title='bbox 2844 813 3071 864; x_wconf 76' lang='lat' dir='ltr'><strong>mei-tale</strong></span> <span class='ocrx_word' id='word_1_140' title='bbox 3106 828 3132 864; x_wconf 87' lang='lat' dir='ltr'><strong>a</strong></span> <span class='ocrx_word' id='word_1_141' title='bbox 3159 813 3289 866; x_wconf 84' lang='lat' dir='ltr'><strong>vita.</strong></span> <span class='ocrx_word' id='word_1_142' title='bbox 3318 813 3476 867; x_wconf 72' lang='lat' dir='ltr'><strong>Certe</strong></span> 
     </span>
    </p>
   </div>
   <div class='ocr_carea' id='block_1_22' title="bbox 1888 906 3473 977">
    <p class='ocr_par' dir='ltr' id='par_1_22' title="bbox 1888 906 3473 977">
     <span class='ocr_line' id='line_1_22' title="bbox 1888 906 3473 977; baseline 0.001 -15"><span class='ocrx_word' id='word_1_143' title='bbox 1888 920 2047 962; x_wconf 86' lang='lat' dir='ltr'><strong>nemo</strong></span> <span class='ocrx_word' id='word_1_144' title='bbox 2078 908 2507 976; x_wconf 85' lang='lat' dir='ltr'><strong>superimluitur,</strong></span> <span class='ocrx_word' id='word_1_145' title='bbox 2544 908 2646 962; x_wconf 89' lang='lat' dir='ltr'><strong>nisi</strong></span> <span class='ocrx_word' id='word_1_146' title='bbox 2675 907 2765 977; x_wconf 92' lang='lat' dir='ltr'><strong>qui</strong></span> <span class='ocrx_word' id='word_1_147' title='bbox 2813 916 2938 960; x_wconf 85' lang='lat' dir='ltr'><strong>ante</strong></span> <span class='ocrx_word' id='word_1_148' title='bbox 2973 906 3203 960; x_wconf 87' lang='lat' dir='ltr'><strong>vestitus</strong></span> <span class='ocrx_word' id='word_1_149' title='bbox 3238 918 3340 962; x_wconf 88' lang='lat' dir='ltr'><strong>est.</strong></span> <span class='ocrx_word' id='word_1_150' title='bbox 3381 907 3473 963; x_wconf 84' lang='lat' dir='ltr'><strong>So:</strong></span> 
     </span>
    </p>
   </div>
   <div class='ocr_carea' id='block_1_23' title="bbox 1888 1001 3471 1071">
    <p class='ocr_par' dir='ltr' id='par_1_23' title="bbox 1888 1001 3471 1071">
     <span class='ocr_line' id='line_1_23' title="bbox 1888 1001 3471 1071; baseline -0.001 -14"><span class='ocrx_word' id='word_1_151' title='bbox 1888 1013 1942 1057; x_wconf 85' lang='lat' dir='ltr'><strong>et</strong></span> <span class='ocrx_word' id='word_1_152' title='bbox 1973 1002 2235 1056; x_wconf 75' lang='lat' dir='ltr'><strong>Dominus</strong></span> <span class='ocrx_word' id='word_1_153' title='bbox 2279 1012 2459 1057; x_wconf 69' lang='lat' dir='ltr'><strong>noster</strong></span> <span class='ocrx_word' id='word_1_154' title='bbox 2493 1005 2542 1056; x_wconf 92' lang='lat' dir='ltr'><strong>in</strong></span> <span class='ocrx_word' id='word_1_155' title='bbox 2582 1012 2765 1057; x_wconf 83' lang='lat' dir='ltr'><strong>monte</strong></span> <span class='ocrx_word' id='word_1_156' title='bbox 2818 1001 3253 1071; x_wconf 78' lang='lat' dir='ltr'><strong>transfiguratus</strong></span> <span class='ocrx_word' id='word_1_157' title='bbox 3284 1013 3371 1057; x_wconf 87' lang='lat' dir='ltr'><strong>est</strong></span> <span class='ocrx_word' id='word_1_158' title='bbox 3418 1003 3471 1056; x_wconf 76' lang='lat' dir='ltr'><strong>in</strong></span> 
     </span>
    </p>
   </div>
   <div class='ocr_carea' id='block_1_24' title="bbox 1888 1095 3466 1169">
    <p class='ocr_par' dir='ltr' id='par_1_24' title="bbox 1888 1095 3466 1169">
     <span class='ocr_line' id='line_1_24' title="bbox 1888 1095 3466 1169; baseline 0 -18"><span class='ocrx_word' id='word_1_159' title='bbox 1888 1097 2055 1167; x_wconf 79' lang='lat' dir='ltr'><strong>gloria</strong></span> <span class='ocrx_word' id='word_1_160' title='bbox 2093 1095 2306 1168; x_wconf 72' lang='lat' dir='ltr'><strong>(Matth.</strong></span> <span class='ocrx_word' id='word_1_161' title='bbox 2342 1112 2476 1159; x_wconf 82' lang='lat' dir='ltr'><strong>xvn,</strong></span> <span class='ocrx_word' id='word_1_162' title='bbox 2512 1106 2559 1150; x_wconf 84' lang='lat' dir='ltr'><strong>et</strong></span> <span class='ocrx_word' id='word_1_163' title='bbox 2594 1096 2770 1151; x_wconf 70' lang='lat' dir='ltr'><strong>Marc.</strong></span> <span class='ocrx_word' id='word_1_164' title='bbox 2806 1099 2906 1169; x_wconf 84' lang='grc' dir='ltr'>ιιι),</span> <span class='ocrx_word' id='word_1_165' title='bbox 2946 1113 3054 1152; x_wconf 90' lang='lat' dir='ltr'><strong>non</strong></span> <span class='ocrx_word' id='word_1_166' title='bbox 3084 1107 3142 1153; x_wconf 91' lang='lat' dir='ltr'><strong>ut</strong></span> <span class='ocrx_word' id='word_1_167' title='bbox 3180 1113 3373 1153; x_wconf 90' lang='lat' dir='ltr'><strong>manus</strong></span> <span class='ocrx_word' id='word_1_168' title='bbox 3402 1116 3466 1152; x_wconf 83' lang='lat' dir='ltr'><strong>ae</strong></span> 
     </span>
    </p>
   </div>
   <div class='ocr_carea' id='block_1_25' title="bbox 1891 1191 3477 1262">
    <p class='ocr_par' dir='ltr' id='par_1_25' title="bbox 1891 1191 3477 1262">
     <span class='ocr_line' id='line_1_25' title="bbox 1891 1191 3477 1262; baseline -0.001 -15"><span class='ocrx_word' id='word_1_169' title='bbox 1891 1194 2052 1262; x_wconf 87' lang='lat' dir='ltr'><strong>pedes</strong></span> <span class='ocrx_word' id='word_1_170' title='bbox 2103 1202 2410 1261; x_wconf 69' lang='lat' dir='ltr'><strong>etuleraquc</strong></span> <span class='ocrx_word' id='word_1_171' title='bbox 2462 1191 2708 1246; x_wconf 85' lang='lat' dir='ltr'><strong>membra</strong></span> <span class='ocrx_word' id='word_1_172' title='bbox 2772 1192 3052 1262; x_wconf 78' lang='lat' dir='ltr'><strong>perderet,</strong></span> <span class='ocrx_word' id='word_1_173' title='bbox 3108 1200 3162 1248; x_wconf 90' lang='lat' dir='ltr'><strong>et</strong></span> <span class='ocrx_word' id='word_1_174' title='bbox 3208 1191 3391 1248; x_wconf 82' lang='lat' dir='ltr'><strong>subito</strong></span> <span class='ocrx_word' id='word_1_175' title='bbox 3423 1194 3477 1245; x_wconf 92' lang='lat' dir='ltr'><strong>io</strong></span> 
     </span>
    </p>
   </div>
   <div class='ocr_carea' id='block_1_26' title="bbox 1893 1285 3475 1357">
    <p class='ocr_par' dir='ltr' id='par_1_26' title="bbox 1893 1285 3475 1357">
     <span class='ocr_line' id='line_1_26' title="bbox 1893 1285 3475 1357; baseline 0 -17"><span class='ocrx_word' id='word_1_176' title='bbox 1893 1287 2233 1341; x_wconf 85' lang='lat' dir='ltr'><strong>rotunditate</strong></span> <span class='ocrx_word' id='word_1_177' title='bbox 2271 1288 2353 1341; x_wconf 91' lang='lat' dir='ltr'><strong>vel</strong></span> <span class='ocrx_word' id='word_1_178' title='bbox 2395 1285 2553 1351; x_wconf 81' lang='lat' dir='ltr'><strong>Solis,</strong></span> <span class='ocrx_word' id='word_1_179' title='bbox 2605 1286 2688 1339; x_wconf 84' lang='lat' dir='ltr'><strong>vel</strong></span> <span class='ocrx_word' id='word_1_180' title='bbox 2717 1287 2945 1357; x_wconf 65' lang='lat' dir='ltr'><strong>sphreraa</strong></span> <span class='ocrx_word' id='word_1_181' title='bbox 2983 1287 3294 1343; x_wconf 80' lang='lat' dir='ltr'><strong>volveretur</strong></span> <span class='ocrx_word' id='word_1_182' title='bbox 3326 1302 3341 1340; x_wconf 93' lang='lat'><strong>:</strong></span> <span class='ocrx_word' id='word_1_183' title='bbox 3379 1286 3475 1341; x_wconf 82' lang='lat' dir='ltr'><strong>sed</strong></span> 
     </span>
    </p>
   </div>
   <div class='ocr_carea' id='block_1_27' title="bbox 1892 1378 3477 1448">
    <p class='ocr_par' dir='ltr' id='par_1_27' title="bbox 1892 1378 3477 1448">
     <span class='ocr_line' id='line_1_27' title="bbox 1892 1378 3477 1448; baseline 0.003 -17"><span class='ocrx_word' id='word_1_184' title='bbox 1892 1379 2078 1432; x_wconf 78' lang='lat' dir='ltr'><strong>eadem</strong></span> <span class='ocrx_word' id='word_1_185' title='bbox 2115 1379 2362 1433; x_wconf 85' lang='lat' dir='ltr'><strong>membra</strong></span> <span class='ocrx_word' id='word_1_186' title='bbox 2412 1380 2547 1434; x_wconf 88' lang='lat' dir='ltr'><strong>solis</strong></span> <span class='ocrx_word' id='word_1_187' title='bbox 2599 1378 2806 1447; x_wconf 73' lang='lat' dir='ltr'><strong>fulgore</strong></span> <span class='ocrx_word' id='word_1_188' title='bbox 2844 1379 3149 1444; x_wconf 79' lang='lat' dir='ltr'><strong>rutilantia,</strong></span> <span class='ocrx_word' id='word_1_189' title='bbox 3200 1383 3477 1448; x_wconf 81' lang='lat' dir='ltr'><strong>apostolo-</strong></span> 
     </span>
    </p>
   </div>
   <div class='ocr_carea' id='block_1_28' title="bbox 1896 1472 3475 1541">
    <p class='ocr_par' dir='ltr' id='par_1_28' title="bbox 1896 1472 3475 1541">
     <span class='ocr_line' id='line_1_28' title="bbox 1896 1472 3475 1541; baseline 0.003 -17"><span class='ocrx_word' id='word_1_190' title='bbox 1896 1487 2015 1525; x_wconf 89' lang='lat' dir='ltr'><strong>rum</strong></span> <span class='ocrx_word' id='word_1_191' title='bbox 2064 1473 2254 1526; x_wconf 86' lang='lat' dir='ltr'><strong>ocolos</strong></span> <span class='ocrx_word' id='word_1_192' title='bbox 2300 1472 2747 1541; x_wconf 76' lang='lat' dir='ltr'><strong>praestringerent</strong></span> <span class='ocrx_word' id='word_1_193' title='bbox 2800 1489 2811 1523; x_wconf 86' lang='lat'><strong>:</strong></span> <span class='ocrx_word' id='word_1_194' title='bbox 2855 1472 2999 1526; x_wconf 85' lang='lat' dir='ltr'><strong>unde</strong></span> <span class='ocrx_word' id='word_1_195' title='bbox 3046 1483 3102 1527; x_wconf 91' lang='lat' dir='ltr'><strong>et</strong></span> <span class='ocrx_word' id='word_1_196' title='bbox 3146 1473 3475 1528; x_wconf 85' lang='lat' dir='ltr'><strong>vestimenta</strong></span> 
     </span>
    </p>
   </div>
   <div class='ocr_carea' id='block_1_29' title="bbox 1894 1566 3472 1632">
    <p class='ocr_par' dir='ltr' id='par_1_29' title="bbox 1894 1566 3472 1632">
     <span class='ocr_line' id='line_1_29' title="bbox 1894 1566 3472 1632; baseline 0 -15"><span class='ocrx_word' id='word_1_197' title='bbox 1894 1566 2012 1632; x_wconf 89' lang='lat' dir='ltr'><strong>ejus</strong></span> <span class='ocrx_word' id='word_1_198' title='bbox 2062 1574 2269 1618; x_wconf 86' lang='lat' dir='ltr'><strong>mutata</strong></span> <span class='ocrx_word' id='word_1_199' title='bbox 2303 1574 2429 1620; x_wconf 78' lang='lat' dir='ltr'><strong>smit</strong></span> <span class='ocrx_word' id='word_1_200' title='bbox 2466 1566 2517 1619; x_wconf 91' lang='lat' dir='ltr'><strong>io</strong></span> <span class='ocrx_word' id='word_1_201' title='bbox 2555 1568 2871 1632; x_wconf 87' lang='lat' dir='ltr'><strong>candorem,</strong></span> <span class='ocrx_word' id='word_1_202' title='bbox 2908 1581 3013 1619; x_wconf 87' lang='lat' dir='ltr'><strong>non</strong></span> <span class='ocrx_word' id='word_1_203' title='bbox 3054 1566 3107 1620; x_wconf 88' lang='lat' dir='ltr'><strong>in</strong></span> <span class='ocrx_word' id='word_1_204' title='bbox 3135 1581 3315 1620; x_wconf 88' lang='lat' dir='ltr'><strong>aerem</strong></span> <span class='ocrx_word' id='word_1_205' title='bbox 3347 1580 3362 1631; x_wconf 92' lang='lat'>;</span> <span class='ocrx_word' id='word_1_206' title='bbox 3404 1581 3472 1618; x_wconf 90' lang='lat' dir='ltr'><strong>ne</strong></span> 
     </span>
    </p>
   </div>
   <div class='ocr_carea' id='block_1_30' title="bbox 1898 1657 3475 1729">
    <p class='ocr_par' dir='ltr' id='par_1_30' title="bbox 1898 1657 3475 1729">
     <span class='ocr_line' id='line_1_30' title="bbox 1898 1657 3475 1729; baseline 0.001 -19"><span class='ocrx_word' id='word_1_207' title='bbox 1898 1657 2035 1710; x_wconf 84' lang='lat' dir='ltr'><strong>forte</strong></span> <span class='ocrx_word' id='word_1_208' title='bbox 2081 1667 2133 1711; x_wconf 92' lang='lat' dir='ltr'><strong>et</strong></span> <span class='ocrx_word' id='word_1_209' title='bbox 2171 1668 2353 1713; x_wconf 78' lang='lat' dir='ltr'><strong>vestes</strong></span> <span class='ocrx_word' id='word_1_210' title='bbox 2399 1658 2521 1726; x_wconf 89' lang='lat' dir='ltr'><strong>ejus</strong></span> <span class='ocrx_word' id='word_1_211' title='bbox 2554 1675 2766 1715; x_wconf 75' lang='lat' dir='ltr'><strong>asseras</strong></span> <span class='ocrx_word' id='word_1_212' title='bbox 2801 1659 3118 1729; x_wconf 81' lang='lat' dir='ltr'><strong>Spiritualcs</strong></span> <span class='ocrx_word' id='word_1_213' title='bbox 3150 1677 3164 1713; x_wconf 88' lang='lat'><strong>:</strong></span> <span class='ocrx_word' id='word_1_214' title='bbox 3203 1658 3265 1712; x_wconf 85' lang='lat' dir='ltr'><strong>Et</strong></span> <span class='ocrx_word' id='word_1_215' title='bbox 3308 1661 3475 1729; x_wconf 78' lang='lat' dir='ltr'><strong>facies</strong></span> 
     </span>
    </p>
   </div>
   <div class='ocr_carea' id='block_1_31' title="bbox 1894 1749 3473 1821">
    <p class='ocr_par' dir='ltr' id='par_1_31' title="bbox 1894 1749 3473 1821">
     <span class='ocr_line' id='line_1_31' title="bbox 1894 1749 3473 1821; baseline 0 -19"><span class='ocrx_word' id='word_1_216' title='bbox 1894 1752 2028 1818; x_wconf 80' lang='lat' dir='ltr'><strong>ejus,</strong></span> <span class='ocrx_word' id='word_1_217' title='bbox 2067 1752 2266 1820; x_wconf 83' lang='lat' dir='ltr'><strong>inquit,</strong></span> <span class='ocrx_word' id='word_1_218' title='bbox 2303 1752 2535 1821; x_wconf 79' lang='lat' dir='ltr'><strong>fulgebat</strong></span> <span class='ocrx_word' id='word_1_219' title='bbox 2568 1754 2705 1806; x_wconf 77' lang='lat' dir='ltr'><strong>sicut</strong></span> <span class='ocrx_word' id='word_1_220' title='bbox 2738 1754 2817 1806; x_wconf 83' lang='lat' dir='ltr'><strong>sol</strong></span> <span class='ocrx_word' id='word_1_221' title='bbox 2840 1752 3062 1821; x_wconf 81' lang='lat' dir='ltr'><strong>(.lIattIt.</strong></span> <span class='ocrx_word' id='word_1_222' title='bbox 3088 1768 3221 1818; x_wconf 77' lang='lat' dir='ltr'><strong>xvu,</strong></span> <span class='ocrx_word' id='word_1_223' title='bbox 3257 1752 3339 1821; x_wconf 70' lang='lat'><strong>2).</strong></span> <span class='ocrx_word' id='word_1_224' title='bbox 3371 1749 3473 1805; x_wconf 81' lang='lat' dir='ltr'><strong>Ubi</strong></span> 
     </span>
    </p>
   </div>
   <div class='ocr_carea' id='block_1_32' title="bbox 1899 1844 3468 1912">
    <p class='ocr_par' dir='ltr' id='par_1_32' title="bbox 1899 1844 3468 1912">
     <span class='ocr_line' id='line_1_32' title="bbox 1899 1844 3468 1912; baseline -0.003 -13"><span class='ocrx_word' id='word_1_225' title='bbox 1899 1857 2076 1899; x_wconf 86' lang='lat' dir='ltr'><strong>autem</strong></span> <span class='ocrx_word' id='word_1_226' title='bbox 2136 1846 2301 1900; x_wconf 82' lang='lat' dir='ltr'><strong>facies</strong></span> <span class='ocrx_word' id='word_1_227' title='bbox 2352 1846 2689 1907; x_wconf 85' lang='lat' dir='ltr'><strong>nominatur,</strong></span> <span class='ocrx_word' id='word_1_228' title='bbox 2731 1845 2942 1899; x_wconf 77' lang='lat' dir='ltr'><strong>:estimo</strong></span> <span class='ocrx_word' id='word_1_229' title='bbox 2977 1844 3121 1912; x_wconf 89' lang='lat' dir='ltr'><strong>quod</strong></span> <span class='ocrx_word' id='word_1_230' title='bbox 3158 1851 3213 1897; x_wconf 90' lang='lat' dir='ltr'><strong>et</strong></span> <span class='ocrx_word' id='word_1_231' title='bbox 3267 1851 3468 1898; x_wconf 66' lang='lat' dir='ltr'><strong>caetera</strong></span> 
     </span>
    </p>
   </div>
   <div class='ocr_carea' id='block_1_33' title="bbox 194 1927 1787 2003">
    <p class='ocr_par' dir='ltr' id='par_1_33' title="bbox 194 1927 1787 1991">
     <span class='ocr_line' id='line_1_33' title="bbox 194 1927 1787 1991; baseline -0.003 -7"><span class='ocrx_word' id='word_1_232' title='bbox 194 1932 491 1984; x_wconf 83' lang='lat' dir='ltr'><strong>clavorum</strong></span> <span class='ocrx_word' id='word_1_233' title='bbox 523 1931 768 1983; x_wconf 72' lang='lat' dir='ltr'><strong>ostendit</strong></span> <span class='ocrx_word' id='word_1_234' title='bbox 794 1931 846 1981; x_wconf 91' lang='lat' dir='ltr'><strong>in</strong></span> <span class='ocrx_word' id='word_1_235' title='bbox 874 1927 1145 1991; x_wconf 89' lang='lat' dir='ltr'><strong>manibus,</strong></span> <span class='ocrx_word' id='word_1_236' title='bbox 1174 1930 1373 1982; x_wconf 77' lang='lat' dir='ltr'><strong>vulnus</strong></span> <span class='ocrx_word' id='word_1_237' title='bbox 1407 1929 1606 1980; x_wconf 74' lang='lat' dir='ltr'><strong>lancea:</strong></span> <span class='ocrx_word' id='word_1_238' title='bbox 1634 1944 1787 1980; x_wconf 91' lang='lat' dir='ltr'><strong>moo-</strong></span> 
     </span>
    </p>
   </div>
   <div class='ocr_carea' id='block_1_34' title="bbox 1893 1927 3473 2003">
    <p class='ocr_par' dir='ltr' id='par_1_34' title="bbox 1897 1935 3473 2003">
     <span class='ocr_line' id='line_1_34' title="bbox 1897 1935 3473 2003; baseline -0.003 -13"><span class='ocrx_word' id='word_1_239' title='bbox 1897 1943 2135 1991; x_wconf 74' lang='lat' dir='ltr'><strong>memlira</strong></span> <span class='ocrx_word' id='word_1_240' title='bbox 2173 1948 2463 2003; x_wconf 79' lang='lat' dir='ltr'><strong>conspecta</strong></span> <span class='ocrx_word' id='word_1_241' title='bbox 2497 1938 2628 1991; x_wconf 89' lang='lat' dir='ltr'><strong>sint.</strong></span> <span class='ocrx_word' id='word_1_242' title='bbox 2681 1935 2866 1991; x_wconf 84' lang='lat' dir='ltr'><strong>Euoch</strong></span> <span class='ocrx_word' id='word_1_243' title='bbox 2922 1936 3224 1991; x_wconf 77' lang='lat' dir='ltr'><strong>translatus</strong></span> <span class='ocrx_word' id='word_1_244' title='bbox 3277 1950 3362 1989; x_wconf 74' lang='grc' dir='ltr'><strong>εει</strong></span> <span class='ocrx_word' id='word_1_245' title='bbox 3419 1936 3473 1987; x_wconf 89' lang='lat' dir='ltr'><strong>in</strong></span> 
     </span>
    </p>
   </div>
   <div class='ocr_carea' id='block_1_35' title="bbox 195 2020 1788 2090">
    <p class='ocr_par' dir='ltr' id='par_1_35' title="bbox 195 2020 1788 2090">
     <span class='ocr_line' id='line_1_35' title="bbox 195 2020 1788 2090; baseline -0.003 -12"><span class='ocrx_word' id='word_1_246' title='bbox 195 2032 402 2078; x_wconf 77' lang='lat' dir='ltr'><strong>strartt</strong></span> <span class='ocrx_word' id='word_1_247' title='bbox 454 2026 510 2077; x_wconf 88' lang='lat' dir='ltr'><strong>io</strong></span> <span class='ocrx_word' id='word_1_248' title='bbox 567 2027 761 2088; x_wconf 79' lang='lat' dir='ltr'><strong>latere,</strong></span> <span class='ocrx_word' id='word_1_249' title='bbox 794 2036 847 2076; x_wconf 85' lang='lat' dir='ltr'><strong>et</strong></span> <span class='ocrx_word' id='word_1_250' title='bbox 890 2022 1268 2077; x_wconf 71' lang='lat' dir='ltr'><strong>dubitantibus</strong></span> <span class='ocrx_word' id='word_1_251' title='bbox 1318 2021 1601 2090; x_wconf 84' lang='lat' dir='ltr'><strong>apostolis,</strong></span> <span class='ocrx_word' id='word_1_252' title='bbox 1642 2020 1788 2087; x_wconf 79' lang='lat' dir='ltr'><strong>quod</strong></span> 
     </span>
    </p>
   </div>
   <div class='ocr_carea' id='block_1_36' title="bbox 196 2113 1789 2188">
    <p class='ocr_par' dir='ltr' id='par_1_36' title="bbox 196 2113 1789 2188">
     <span class='ocr_line' id='line_1_36' title="bbox 196 2113 1789 2188; baseline 0.001 -20"><span class='ocrx_word' id='word_1_253' title='bbox 196 2127 462 2187; x_wconf 78' lang='lat' dir='ltr'><strong>putarent</strong></span> <span class='ocrx_word' id='word_1_254' title='bbox 503 2119 827 2188; x_wconf 78' lang='lat' dir='ltr'><strong>phantasma</strong></span> <span class='ocrx_word' id='word_1_255' title='bbox 860 2134 917 2173; x_wconf 82' lang='lat' dir='ltr'><strong>se</strong></span> <span class='ocrx_word' id='word_1_256' title='bbox 947 2118 1151 2178; x_wconf 87' lang='lat' dir='ltr'><strong>videre,</strong></span> <span class='ocrx_word' id='word_1_257' title='bbox 1193 2116 1495 2185; x_wconf 78' lang='lat' dir='ltr'><strong>respondit,</strong></span> <span class='ocrx_word' id='word_1_258' title='bbox 1536 2113 1789 2183; x_wconf 65' lang='lat' dir='ltr'><strong>«Palpate</strong></span> 
     </span>
    </p>
   </div>
   <div class='ocr_carea' id='block_1_37' title="bbox 196 2212 1788 2279">
    <p class='ocr_par' dir='ltr' id='par_1_37' title="bbox 196 2212 1788 2279">
     <span class='ocr_line' id='line_1_37' title="bbox 196 2212 1788 2279; baseline 0.001 -18"><span class='ocrx_word' id='word_1_259' title='bbox 196 2227 280 2263; x_wconf 78' lang='lat' dir='ltr'><strong>me</strong></span> <span class='ocrx_word' id='word_1_260' title='bbox 310 2224 366 2263; x_wconf 89' lang='lat' dir='ltr'><strong>et</strong></span> <span class='ocrx_word' id='word_1_261' title='bbox 399 2212 613 2269; x_wconf 77' lang='lat' dir='ltr'><strong>videte.</strong></span> <span class='ocrx_word' id='word_1_262' title='bbox 653 2213 914 2279; x_wconf 72' lang='lat' dir='ltr'><strong>quoniam</strong></span> <span class='ocrx_word' id='word_1_263' title='bbox 954 2212 1182 2279; x_wconf 87' lang='lat' dir='ltr'><strong>spiritus</strong></span> <span class='ocrx_word' id='word_1_264' title='bbox 1208 2226 1405 2264; x_wconf 71' lang='lat' dir='ltr'><strong>eurncs</strong></span> <span class='ocrx_word' id='word_1_265' title='bbox 1435 2220 1488 2263; x_wconf 90' lang='lat' dir='ltr'><strong>et</strong></span> <span class='ocrx_word' id='word_1_266' title='bbox 1519 2224 1641 2263; x_wconf 88' lang='lat' dir='ltr'><strong>ossa</strong></span> <span class='ocrx_word' id='word_1_267' title='bbox 1684 2226 1788 2262; x_wconf 91' lang='lat' dir='ltr'><strong>nou</strong></span> 
     </span>
    </p>
   </div>
   <div class='ocr_carea' id='block_1_38' title="bbox 194 2302 1788 2371">
    <p class='ocr_par' dir='ltr' id='par_1_38' title="bbox 194 2302 1788 2371">
     <span class='ocr_line' id='line_1_38' title="bbox 194 2302 1788 2371; baseline -0.001 -14"><span class='ocrx_word' id='word_1_268' title='bbox 194 2305 384 2365; x_wconf 79' lang='lat' dir='ltr'><strong>habet,</strong></span> <span class='ocrx_word' id='word_1_269' title='bbox 418 2306 569 2359; x_wconf 87' lang='lat' dir='ltr'><strong>sicut</strong></span> <span class='ocrx_word' id='word_1_270' title='bbox 598 2322 682 2357; x_wconf 86' lang='lat' dir='ltr'><strong>tue</strong></span> <span class='ocrx_word' id='word_1_271' title='bbox 716 2305 917 2358; x_wconf 75' lang='lat' dir='ltr'><strong>videtis</strong></span> <span class='ocrx_word' id='word_1_272' title='bbox 948 2305 1147 2358; x_wconf 84' lang='lat' dir='ltr'><strong>habere</strong></span> <span class='ocrx_word' id='word_1_273' title='bbox 1182 2303 1332 2370; x_wconf 86' lang='lat' dir='ltr'><strong>(Luc.</strong></span> <span class='ocrx_word' id='word_1_274' title='bbox 1356 2318 1499 2367; x_wconf 63' lang='grc' dir='ltr'>χχιιι,</span> <span class='ocrx_word' id='word_1_275' title='bbox 1526 2302 1637 2371; x_wconf 77' lang='grc'><strong>59),</strong></span> <span class='ocrx_word' id='word_1_276' title='bbox 1683 2321 1700 2353; x_wconf 76' lang='grc' dir='ltr'><strong>ι</strong></span> <span class='ocrx_word' id='word_1_277' title='bbox 1738 2312 1788 2356; x_wconf 84' lang='lat' dir='ltr'><strong>ct</strong></span> 
     </span>
    </p>
   </div>
   <div class='ocr_carea' id='block_1_39' title="bbox 197 2396 1791 2465">
    <p class='ocr_par' dir='ltr' id='par_1_39' title="bbox 197 2396 1791 2465">
     <span class='ocr_line' id='line_1_39' title="bbox 197 2396 1791 2465; baseline 0.002 -20"><span class='ocrx_word' id='word_1_278' title='bbox 197 2399 422 2465; x_wconf 78' lang='lat' dir='ltr'><strong>proprie</strong></span> <span class='ocrx_word' id='word_1_279' title='bbox 456 2398 526 2450; x_wconf 75' lang='lat' dir='ltr'><strong>ad</strong></span> <span class='ocrx_word' id='word_1_280' title='bbox 564 2397 832 2452; x_wconf 80' lang='lat' dir='ltr'><strong>Thomam</strong></span> <span class='ocrx_word' id='word_1_281' title='bbox 863 2413 878 2452; x_wconf 86' lang='lat'><strong>:</strong></span> <span class='ocrx_word' id='word_1_282' title='bbox 907 2415 927 2449; x_wconf 87' lang='grc'><strong>‹</strong></span> <span class='ocrx_word' id='word_1_283' title='bbox 977 2396 1117 2451; x_wconf 81' lang='lat' dir='ltr'><strong>lufer</strong></span> <span class='ocrx_word' id='word_1_284' title='bbox 1142 2397 1375 2465; x_wconf 77' lang='lat' dir='ltr'><strong>digitum</strong></span> <span class='ocrx_word' id='word_1_285' title='bbox 1406 2408 1555 2448; x_wconf 89' lang='lat' dir='ltr'><strong>tuum</strong></span> <span class='ocrx_word' id='word_1_286' title='bbox 1594 2396 1649 2448; x_wconf 84' lang='lat' dir='ltr'><strong>iu</strong></span> <span class='ocrx_word' id='word_1_287' title='bbox 1680 2412 1791 2448; x_wconf 78' lang='lat' dir='ltr'><strong>uia-</strong></span> 
     </span>
    </p>
   </div>
   <div class='ocr_carea' id='block_1_40' title="bbox 198 2488 1789 2552">
    <p class='ocr_par' dir='ltr' id='par_1_40' title="bbox 198 2488 1789 2552">
     <span class='ocr_line' id='line_1_40' title="bbox 198 2488 1789 2552; baseline -0.002 -10"><span class='ocrx_word' id='word_1_288' title='bbox 198 2509 301 2546; x_wconf 91' lang='lat' dir='ltr'><strong>nus</strong></span> <span class='ocrx_word' id='word_1_289' title='bbox 334 2507 522 2552; x_wconf 83' lang='lat' dir='ltr'><strong>meas,</strong></span> <span class='ocrx_word' id='word_1_290' title='bbox 560 2501 615 2543; x_wconf 88' lang='lat' dir='ltr'><strong>et</strong></span> <span class='ocrx_word' id='word_1_291' title='bbox 646 2506 865 2544; x_wconf 89' lang='lat' dir='ltr'><strong>manum</strong></span> <span class='ocrx_word' id='word_1_292' title='bbox 898 2501 1044 2543; x_wconf 89' lang='lat' dir='ltr'><strong>tuam</strong></span> <span class='ocrx_word' id='word_1_293' title='bbox 1078 2489 1130 2543; x_wconf 92' lang='lat' dir='ltr'><strong>iu</strong></span> <span class='ocrx_word' id='word_1_294' title='bbox 1178 2490 1323 2542; x_wconf 83' lang='lat' dir='ltr'><strong>latus</strong></span> <span class='ocrx_word' id='word_1_295' title='bbox 1356 2503 1558 2550; x_wconf 86' lang='lat' dir='ltr'><strong>meum,</strong></span> <span class='ocrx_word' id='word_1_296' title='bbox 1598 2495 1650 2539; x_wconf 85' lang='lat' dir='ltr'><strong>et</strong></span> <span class='ocrx_word' id='word_1_297' title='bbox 1680 2488 1789 2540; x_wconf 88' lang='lat' dir='ltr'><strong>uoI-i</strong></span> 
     </span>
    </p>
   </div>
   <div class='ocr_carea' id='block_1_41' title="bbox 194 2581 1792 2652">
    <p class='ocr_par' dir='ltr' id='par_1_41' title="bbox 194 2581 1792 2652">
     <span class='ocr_line' id='line_1_41' title="bbox 194 2581 1792 2652; baseline -0.004 -14"><span class='ocrx_word' id='word_1_298' title='bbox 194 2601 321 2640; x_wconf 82' lang='lat' dir='ltr'><strong>esse</strong></span> <span class='ocrx_word' id='word_1_299' title='bbox 359 2585 709 2645; x_wconf 73' lang='lat' dir='ltr'><strong>incredulus.</strong></span> <span class='ocrx_word' id='word_1_300' title='bbox 742 2583 837 2637; x_wconf 77' lang='lat' dir='ltr'><strong>sed</strong></span> <span class='ocrx_word' id='word_1_301' title='bbox 874 2583 1042 2637; x_wconf 86' lang='lat' dir='ltr'><strong>fidelis</strong></span> <span class='ocrx_word' id='word_1_302' title='bbox 1076 2581 1257 2652; x_wconf 80' lang='grc' dir='ltr'><strong>(Ιοαη.</strong></span> <span class='ocrx_word' id='word_1_303' title='bbox 1284 2597 1376 2645; x_wconf 74' lang='lat' dir='ltr'><strong>xx,</strong></span> <span class='ocrx_word' id='word_1_304' title='bbox 1409 2581 1536 2647; x_wconf 69' lang='lat'><strong>27);</strong></span> <span class='ocrx_word' id='word_1_305' title='bbox 1584 2599 1604 2632; x_wconf 73' lang='grc' dir='ltr'><strong>ο</strong></span> <span class='ocrx_word' id='word_1_306' title='bbox 1639 2582 1713 2632; x_wconf 77' lang='lat' dir='ltr'><strong>sic</strong></span> <span class='ocrx_word' id='word_1_307' title='bbox 1739 2588 1792 2631; x_wconf 80' lang='lat' dir='ltr'><strong>et</strong></span> 
     </span>
    </p>
   </div>
   <div class='ocr_carea' id='block_1_42' title="bbox 202 2674 1789 2743">
    <p class='ocr_par' dir='ltr' id='par_1_42' title="bbox 202 2674 1789 2743">
     <span class='ocr_line' id='line_1_42' title="bbox 202 2674 1789 2743; baseline -0.003 -12"><span class='ocrx_word' id='word_1_308' title='bbox 202 2694 301 2731; x_wconf 89' lang='lat' dir='ltr'><strong>nos</strong></span> <span class='ocrx_word' id='word_1_309' title='bbox 340 2685 470 2743; x_wconf 83' lang='lat' dir='ltr'><strong>post</strong></span> <span class='ocrx_word' id='word_1_310' title='bbox 518 2676 983 2729; x_wconf 71' lang='lat' dir='ltr'><strong>resurrectionem</strong></span> <span class='ocrx_word' id='word_1_311' title='bbox 1025 2674 1223 2729; x_wconf 88' lang='lat' dir='ltr'><strong>eadem</strong></span> <span class='ocrx_word' id='word_1_312' title='bbox 1259 2675 1581 2727; x_wconf 81' lang='lat' dir='ltr'><strong>habebimus</strong></span> <span class='ocrx_word' id='word_1_313' title='bbox 1621 2689 1789 2726; x_wconf 83' lang='lat' dir='ltr'><strong>mem-</strong></span> 
     </span>
    </p>
   </div>
   <div class='ocr_carea' id='block_1_43' title="bbox 197 2766 1791 2839">
    <p class='ocr_par' dir='ltr' id='par_1_43' title="bbox 197 2766 1791 2839">
     <span class='ocr_line' id='line_1_43' title="bbox 197 2766 1791 2839; baseline -0.004 -15"><span class='ocrx_word' id='word_1_314' title='bbox 197 2771 320 2835; x_wconf 87' lang='lat' dir='ltr'><strong>bra,</strong></span> <span class='ocrx_word' id='word_1_315' title='bbox 352 2770 563 2839; x_wconf 82' lang='lat' dir='ltr'><strong>quibus</strong></span> <span class='ocrx_word' id='word_1_316' title='bbox 595 2783 740 2821; x_wconf 86' lang='lat' dir='ltr'><strong>nunc</strong></span> <span class='ocrx_word' id='word_1_317' title='bbox 768 2770 997 2831; x_wconf 86' lang='lat' dir='ltr'><strong>utimur,</strong></span> <span class='ocrx_word' id='word_1_318' title='bbox 1025 2770 1241 2821; x_wconf 76' lang='lat' dir='ltr'><strong>easdem</strong></span> <span class='ocrx_word' id='word_1_319' title='bbox 1268 2782 1461 2819; x_wconf 79' lang='lat' dir='ltr'><strong>carnes</strong></span> <span class='ocrx_word' id='word_1_320' title='bbox 1489 2775 1541 2818; x_wconf 86' lang='lat' dir='ltr'><strong>ct</strong></span> <span class='ocrx_word' id='word_1_321' title='bbox 1573 2766 1791 2835; x_wconf 61' lang='lat' dir='ltr'><strong>sangui-</strong></span> 
     </span>
    </p>
   </div>
   <div class='ocr_carea' id='block_1_44' title="bbox 200 2857 1790 2927">
    <p class='ocr_par' dir='ltr' id='par_1_44' title="bbox 200 2857 1790 2927">
     <span class='ocr_line' id='line_1_44' title="bbox 200 2857 1790 2927; baseline -0.002 -14"><span class='ocrx_word' id='word_1_322' title='bbox 200 2877 326 2915; x_wconf 87' lang='lat' dir='ltr'><strong>nem</strong></span> <span class='ocrx_word' id='word_1_323' title='bbox 372 2871 429 2914; x_wconf 82' lang='lat' dir='ltr'><strong>et</strong></span> <span class='ocrx_word' id='word_1_324' title='bbox 463 2875 589 2914; x_wconf 81' lang='lat' dir='ltr'><strong>ossa</strong></span> <span class='ocrx_word' id='word_1_325' title='bbox 630 2874 643 2911; x_wconf 91' lang='lat'><strong>:</strong></span> <span class='ocrx_word' id='word_1_326' title='bbox 676 2874 912 2927; x_wconf 78' lang='lat' dir='ltr'><strong>quorum</strong></span> <span class='ocrx_word' id='word_1_327' title='bbox 957 2859 1011 2912; x_wconf 92' lang='lat' dir='ltr'><strong>in</strong></span> <span class='ocrx_word' id='word_1_328' title='bbox 1050 2857 1353 2927; x_wconf 88' lang='lat' dir='ltr'><strong>Scripturis</strong></span> <span class='ocrx_word' id='word_1_329' title='bbox 1377 2859 1579 2912; x_wconf 89' lang='lat' dir='ltr'><strong>sanctis</strong></span> <span class='ocrx_word' id='word_1_330' title='bbox 1603 2872 1790 2924; x_wconf 78' lang='lat' dir='ltr'><strong>Opera,</strong></span> 
     </span>
    </p>
   </div>
   <div class='ocr_carea' id='block_1_45' title="bbox 199 2948 1789 3019">
    <p class='ocr_par' dir='ltr' id='par_1_45' title="bbox 199 2948 1789 3019">
     <span class='ocr_line' id='line_1_45' title="bbox 199 2948 1789 3019; baseline -0.001 -15"><span class='ocrx_word' id='word_1_331' title='bbox 199 2968 308 3007; x_wconf 87' lang='lat' dir='ltr'><strong>non</strong></span> <span class='ocrx_word' id='word_1_332' title='bbox 338 2964 539 3006; x_wconf 87' lang='lat' dir='ltr'><strong>natura</strong></span> <span class='ocrx_word' id='word_1_333' title='bbox 574 2949 1188 3019; x_wconf 87' lang='lat' dir='ltr'><strong>damnantur.Deniqoe</strong></span> <span class='ocrx_word' id='word_1_334' title='bbox 1218 2948 1270 3004; x_wconf 88' lang='lat' dir='ltr'><strong>in</strong></span> <span class='ocrx_word' id='word_1_335' title='bbox 1296 2951 1495 3004; x_wconf 77' lang='lat' dir='ltr'><strong>Genesi</strong></span> <span class='ocrx_word' id='word_1_336' title='bbox 1525 2952 1789 3017; x_wconf 78' lang='lat' dir='ltr'><strong>scriptum</strong></span> 
     </span>
    </p>
   </div>
   <div class='ocr_carea' id='block_1_46' title="bbox 202 3042 1793 3113">
    <p class='ocr_par' dir='ltr' id='par_1_46' title="bbox 202 3042 1793 3113">
     <span class='ocr_line' id='line_1_46' title="bbox 202 3042 1793 3113; baseline -0.001 -18"><span class='ocrx_word' id='word_1_337' title='bbox 202 3055 287 3098; x_wconf 78' lang='lat' dir='ltr'><strong>est</strong></span> <span class='ocrx_word' id='word_1_338' title='bbox 318 3060 336 3098; x_wconf 87' lang='lat'><strong>:</strong></span> <span class='ocrx_word' id='word_1_339' title='bbox 381 3045 533 3099; x_wconf 71' lang='lat' dir='ltr'><strong>«Non</strong></span> <span class='ocrx_word' id='word_1_340' title='bbox 568 3044 911 3113; x_wconf 80' lang='lat' dir='ltr'><strong>permanebit</strong></span> <span class='ocrx_word' id='word_1_341' title='bbox 943 3042 1184 3111; x_wconf 87' lang='lat' dir='ltr'><strong>Spiritus</strong></span> <span class='ocrx_word' id='word_1_342' title='bbox 1213 3058 1368 3095; x_wconf 87' lang='lat' dir='ltr'><strong>meus</strong></span> <span class='ocrx_word' id='word_1_343' title='bbox 1391 3043 1442 3093; x_wconf 95' lang='lat' dir='ltr'><strong>in</strong></span> <span class='ocrx_word' id='word_1_344' title='bbox 1477 3042 1793 3095; x_wconf 83' lang='lat' dir='ltr'><strong>hominibus</strong></span> 
     </span>
    </p>
   </div>
   <div class='ocr_carea' id='block_1_47' title="bbox 200 3130 1791 3203">
    <p class='ocr_par' dir='ltr' id='par_1_47' title="bbox 200 3130 1791 3203">
     <span class='ocr_line' id='line_1_47' title="bbox 200 3130 1791 3203; baseline -0.008 -13"><span class='ocrx_word' id='word_1_345' title='bbox 200 3138 355 3201; x_wconf 75' lang='lat' dir='ltr'><strong>istis,</strong></span> <span class='ocrx_word' id='word_1_346' title='bbox 386 3134 517 3203; x_wconf 88' lang='lat' dir='ltr'><strong>quia</strong></span> <span class='ocrx_word' id='word_1_347' title='bbox 558 3149 688 3189; x_wconf 87' lang='lat' dir='ltr'><strong>caro</strong></span> <span class='ocrx_word' id='word_1_348' title='bbox 729 3144 854 3187; x_wconf 80' lang='lat' dir='ltr'><strong>sunt</strong></span> <span class='ocrx_word' id='word_1_349' title='bbox 883 3131 1036 3202; x_wconf 82' lang='lat' dir='ltr'><strong>(Gen.</strong></span> <span class='ocrx_word' id='word_1_350' title='bbox 1062 3148 1136 3196; x_wconf 77' lang='lat' dir='ltr'><strong>vr,</strong></span> <span class='ocrx_word' id='word_1_351' title='bbox 1168 3134 1279 3201; x_wconf 57' lang='lat'><strong>3)..</strong></span> <span class='ocrx_word' id='word_1_352' title='bbox 1324 3131 1387 3183; x_wconf 86' lang='lat' dir='ltr'><strong>Et</strong></span> <span class='ocrx_word' id='word_1_353' title='bbox 1422 3130 1622 3183; x_wconf 78' lang='lat' dir='ltr'><strong>Paulus</strong></span> <span class='ocrx_word' id='word_1_354' title='bbox 1664 3146 1791 3199; x_wconf 84' lang='lat' dir='ltr'><strong>apu-</strong></span> 
     </span>
    </p>
   </div>
   <div class='ocr_carea' id='block_1_48' title="bbox 1894 2030 3476 2099">
    <p class='ocr_par' dir='ltr' id='par_1_48' title="bbox 1894 2030 3476 2099">
     <span class='ocr_line' id='line_1_48' title="bbox 1894 2030 3476 2099; baseline -0.003 -14"><span class='ocrx_word' id='word_1_355' title='bbox 1894 2048 2060 2085; x_wconf 79' lang='lat' dir='ltr'><strong>Carne</strong></span> <span class='ocrx_word' id='word_1_356' title='bbox 2094 2030 2249 2097; x_wconf 80' lang='lat' dir='ltr'><strong>(Ceu.</strong></span> <span class='ocrx_word' id='word_1_357' title='bbox 2275 2047 2328 2094; x_wconf 86' lang='lat' dir='ltr'><strong>v,</strong></span> <span class='ocrx_word' id='word_1_358' title='bbox 2352 2030 2467 2099; x_wconf 68' lang='lat' dir='ltr'><strong>2i).</strong></span> <span class='ocrx_word' id='word_1_359' title='bbox 2498 2030 2642 2085; x_wconf 80' lang='lat' dir='ltr'><strong>Elias</strong></span> <span class='ocrx_word' id='word_1_360' title='bbox 2672 2045 2910 2084; x_wconf 87' lang='lat' dir='ltr'><strong>caroeus</strong></span> <span class='ocrx_word' id='word_1_361' title='bbox 2949 2039 3140 2098; x_wconf 79' lang='lat' dir='ltr'><strong>raptus</strong></span> <span class='ocrx_word' id='word_1_362' title='bbox 3169 2037 3252 2083; x_wconf 74' lang='lat' dir='ltr'><strong>est</strong></span> <span class='ocrx_word' id='word_1_363' title='bbox 3278 2030 3331 2082; x_wconf 89' lang='lat' dir='ltr'><strong>in</strong></span> <span class='ocrx_word' id='word_1_364' title='bbox 3367 2044 3476 2082; x_wconf 76' lang='lat' dir='ltr'><strong>cm-</strong></span> 
     </span>
    </p>
   </div>
   <div class='ocr_carea' id='block_1_49' title="bbox 1898 2121 3474 2195">
    <p class='ocr_par' dir='ltr' id='par_1_49' title="bbox 1898 2121 3474 2195">
     <span class='ocr_line' id='line_1_49' title="bbox 1898 2121 3474 2195; baseline -0.003 -19"><span class='ocrx_word' id='word_1_365' title='bbox 1898 2126 2004 2177; x_wconf 89' lang='lat' dir='ltr'><strong>lom</strong></span> <span class='ocrx_word' id='word_1_366' title='bbox 2043 2124 2090 2195; x_wconf 77' lang='grc' dir='ltr'>(ι</span> <span class='ocrx_word' id='word_1_367' title='bbox 2114 2121 2146 2172; x_wconf 80' lang='grc' dir='ltr'><em>ν</em></span> <span class='ocrx_word' id='word_1_368' title='bbox 2182 2122 2306 2191; x_wconf 82' lang='lat' dir='ltr'><strong>Reg.</strong></span> <span class='ocrx_word' id='word_1_369' title='bbox 2347 2139 2404 2185; x_wconf 83' lang='grc' dir='ltr'>ιι,</span> <span class='ocrx_word' id='word_1_370' title='bbox 2440 2123 2527 2192; x_wconf 80' lang='grc' dir='ltr'><strong>Η)</strong></span> <span class='ocrx_word' id='word_1_371' title='bbox 2576 2137 2590 2174; x_wconf 90' lang='lat'>:</span> <span class='ocrx_word' id='word_1_372' title='bbox 2626 2123 2855 2175; x_wconf 74' lang='lat' dir='ltr'><strong>necdum</strong></span> <span class='ocrx_word' id='word_1_373' title='bbox 2890 2122 3113 2185; x_wconf 90' lang='lat' dir='ltr'><strong>mortui,</strong></span> <span class='ocrx_word' id='word_1_374' title='bbox 3150 2132 3206 2176; x_wconf 89' lang='lat' dir='ltr'><strong>et</strong></span> <span class='ocrx_word' id='word_1_375' title='bbox 3234 2123 3474 2190; x_wconf 78' lang='lat' dir='ltr'><strong>paradisi</strong></span> 
     </span>
    </p>
   </div>
   <div class='ocr_carea' id='block_1_50' title="bbox 1887 2212 3475 2289">
    <p class='ocr_par' dir='ltr' id='par_1_50' title="bbox 1887 2212 3475 2289">
     <span class='ocr_line' id='line_1_50' title="bbox 1887 2212 3475 2289; baseline -0.004 -16"><span class='ocrx_word' id='word_1_376' title='bbox 1887 2221 2000 2288; x_wconf 72' lang='lat' dir='ltr'><strong>jam</strong></span> <span class='ocrx_word' id='word_1_377' title='bbox 2038 2220 2236 2279; x_wconf 86' lang='lat' dir='ltr'><strong>coloni.</strong></span> <span class='ocrx_word' id='word_1_378' title='bbox 2282 2219 2481 2289; x_wconf 82' lang='lat' dir='ltr'><strong>habent</strong></span> <span class='ocrx_word' id='word_1_379' title='bbox 2510 2219 2755 2272; x_wconf 86' lang='lat' dir='ltr'><strong>membra</strong></span> <span class='ocrx_word' id='word_1_380' title='bbox 2780 2231 2903 2269; x_wconf 86' lang='lat' dir='ltr'><strong>cum</strong></span> <span class='ocrx_word' id='word_1_381' title='bbox 2937 2215 3139 2283; x_wconf 87' lang='lat' dir='ltr'><strong>quibus</strong></span> <span class='ocrx_word' id='word_1_382' title='bbox 3172 2212 3310 2281; x_wconf 86' lang='lat' dir='ltr'><strong>rapti</strong></span> <span class='ocrx_word' id='word_1_383' title='bbox 3347 2224 3475 2267; x_wconf 81' lang='lat' dir='ltr'><strong>sunt</strong></span> 
     </span>
    </p>
   </div>
   <div class='ocr_carea' id='block_1_51' title="bbox 1895 2306 3471 2383">
    <p class='ocr_par' dir='ltr' id='par_1_51' title="bbox 1895 2306 3471 2383">
     <span class='ocr_line' id='line_1_51' title="bbox 1895 2306 3471 2383; baseline -0.006 -15"><span class='ocrx_word' id='word_1_384' title='bbox 1895 2327 2058 2383; x_wconf 85' lang='lat' dir='ltr'><strong>atque</strong></span> <span class='ocrx_word' id='word_1_385' title='bbox 2107 2313 2381 2366; x_wconf 77' lang='lat' dir='ltr'><strong>translati.</strong></span> <span class='ocrx_word' id='word_1_386' title='bbox 2420 2311 2575 2376; x_wconf 90' lang='lat' dir='ltr'><strong>Quod</strong></span> <span class='ocrx_word' id='word_1_387' title='bbox 2628 2324 2729 2363; x_wconf 89' lang='lat' dir='ltr'><strong>nos</strong></span> <span class='ocrx_word' id='word_1_388' title='bbox 2781 2307 3064 2362; x_wconf 86' lang='lat' dir='ltr'><strong>imitamur</strong></span> <span class='ocrx_word' id='word_1_389' title='bbox 3105 2306 3339 2375; x_wconf 86' lang='lat' dir='ltr'><strong>jejunio,</strong></span> <span class='ocrx_word' id='word_1_390' title='bbox 3395 2307 3471 2358; x_wconf 83' lang='lat' dir='ltr'><strong>illi</strong></span> 
     </span>
    </p>
   </div>
   <div class='ocr_carea' id='block_1_52' title="bbox 1896 2401 3476 2476">
    <p class='ocr_par' dir='ltr' id='par_1_52' title="bbox 1896 2401 3476 2476">
     <span class='ocr_line' id='line_1_52' title="bbox 1896 2401 3476 2476; baseline -0.008 -14"><span class='ocrx_word' id='word_1_391' title='bbox 1896 2408 2179 2476; x_wconf 78' lang='lat' dir='ltr'><strong>possident</strong></span> <span class='ocrx_word' id='word_1_392' title='bbox 2222 2405 2309 2457; x_wconf 82' lang='lat' dir='ltr'><strong>Dei</strong></span> <span class='ocrx_word' id='word_1_393' title='bbox 2347 2404 2651 2457; x_wconf 84' lang='lat' dir='ltr'><strong>consortio.</strong></span> <span class='ocrx_word' id='word_1_394' title='bbox 2703 2401 3017 2457; x_wconf 82' lang='lat' dir='ltr'><strong>Vescuntur</strong></span> <span class='ocrx_word' id='word_1_395' title='bbox 3061 2402 3273 2456; x_wconf 62' lang='lat' dir='ltr'><strong>caeli-sd</strong></span> <span class='ocrx_word' id='word_1_396' title='bbox 3313 2414 3476 2469; x_wconf 72' lang='lat' dir='ltr'><strong>pano,</strong></span> 
     </span>
    </p>
   </div>
   <div class='ocr_carea' id='block_1_53' title="bbox 1895 2492 3474 2557">
    <p class='ocr_par' dir='ltr' id='par_1_53' title="bbox 1895 2492 3474 2557">
     <span class='ocr_line' id='line_1_53' title="bbox 1895 2492 3474 2557; baseline -0.006 -4"><span class='ocrx_word' id='word_1_397' title='bbox 1895 2514 1950 2553; x_wconf 89' lang='lat' dir='ltr'><strong>et</strong></span> <span class='ocrx_word' id='word_1_398' title='bbox 1999 2508 2319 2555; x_wconf 81' lang='lat' dir='ltr'><strong>saturantur</strong></span> <span class='ocrx_word' id='word_1_399' title='bbox 2368 2496 2514 2549; x_wconf 90' lang='lat' dir='ltr'><strong>omni</strong></span> <span class='ocrx_word' id='word_1_400' title='bbox 2559 2498 2722 2549; x_wconf 87' lang='lat' dir='ltr'><strong>verbo</strong></span> <span class='ocrx_word' id='word_1_401' title='bbox 2758 2494 2847 2549; x_wconf 85' lang='lat' dir='ltr'><strong>Dei</strong></span> <span class='ocrx_word' id='word_1_402' title='bbox 2873 2535 2888 2557; x_wconf 94' lang='lat'><strong>,</strong></span> <span class='ocrx_word' id='word_1_403' title='bbox 2918 2495 3168 2549; x_wconf 86' lang='lat' dir='ltr'><strong>eumdem</strong></span> <span class='ocrx_word' id='word_1_404' title='bbox 3205 2492 3474 2547; x_wconf 77' lang='lat' dir='ltr'><strong>habentes</strong></span> 
     </span>
    </p>
   </div>
   <div class='ocr_carea' id='block_1_54' title="bbox 1897 2586 3473 2659">
    <p class='ocr_par' dir='ltr' id='par_1_54' title="bbox 1897 2586 3473 2659">
     <span class='ocr_line' id='line_1_54' title="bbox 1897 2586 3473 2659; baseline -0.006 -15"><span class='ocrx_word' id='word_1_405' title='bbox 1897 2593 2208 2647; x_wconf 76' lang='lat' dir='ltr'><strong>Dominum.</strong></span> <span class='ocrx_word' id='word_1_406' title='bbox 2241 2606 2401 2659; x_wconf 85' lang='lat' dir='ltr'><strong>quem</strong></span> <span class='ocrx_word' id='word_1_407' title='bbox 2432 2599 2484 2643; x_wconf 91' lang='lat' dir='ltr'><strong>et</strong></span> <span class='ocrx_word' id='word_1_408' title='bbox 2515 2589 2719 2642; x_wconf 89' lang='lat' dir='ltr'><strong>cibum.</strong></span> <span class='ocrx_word' id='word_1_409' title='bbox 2748 2588 2881 2641; x_wconf 80' lang='lat' dir='ltr'><strong>Audi</strong></span> <span class='ocrx_word' id='word_1_410' title='bbox 2914 2586 3250 2642; x_wconf 88' lang='lat' dir='ltr'><strong>Salvatorem</strong></span> <span class='ocrx_word' id='word_1_411' title='bbox 3279 2586 3473 2639; x_wconf 85' lang='lat' dir='ltr'><strong>dicen—</strong></span> 
     </span>
    </p>
   </div>
   <div class='ocr_carea' id='block_1_55' title="bbox 1896 2674 3475 2750">
    <p class='ocr_par' dir='ltr' id='par_1_55' title="bbox 1896 2674 3475 2750">
     <span class='ocr_line' id='line_1_55' title="bbox 1896 2674 3475 2750; baseline -0.006 -12"><span class='ocrx_word' id='word_1_412' title='bbox 1896 2695 2003 2738; x_wconf 77' lang='lat' dir='ltr'><strong>tem</strong></span> <span class='ocrx_word' id='word_1_413' title='bbox 2049 2702 2062 2739; x_wconf 90' lang='lat'>:</span> <span class='ocrx_word' id='word_1_414' title='bbox 2108 2700 2126 2734; x_wconf 80' lang='grc' dir='ltr'><strong>ι</strong></span> <span class='ocrx_word' id='word_1_415' title='bbox 2168 2682 2234 2736; x_wconf 86' lang='grc' dir='ltr'>Ει</span> <span class='ocrx_word' id='word_1_416' title='bbox 2266 2697 2396 2735; x_wconf 81' lang='lat' dir='ltr'><strong>caro</strong></span> <span class='ocrx_word' id='word_1_417' title='bbox 2451 2696 2568 2734; x_wconf 80' lang='lat' dir='ltr'><strong>mea</strong></span> <span class='ocrx_word' id='word_1_418' title='bbox 2622 2680 2919 2750; x_wconf 84' lang='lat' dir='ltr'><strong>requiescit</strong></span> <span class='ocrx_word' id='word_1_419' title='bbox 2958 2679 3010 2732; x_wconf 91' lang='lat' dir='ltr'><strong>iu</strong></span> <span class='ocrx_word' id='word_1_420' title='bbox 3050 2692 3147 2746; x_wconf 83' lang='lat' dir='ltr'><strong>spe</strong></span> <span class='ocrx_word' id='word_1_421' title='bbox 3179 2674 3351 2746; x_wconf 71' lang='lat' dir='ltr'><strong>(Prol.</strong></span> <span class='ocrx_word' id='word_1_422' title='bbox 3384 2690 3475 2736; x_wconf 79' lang='lat' dir='ltr'><strong>xv,</strong></span> 
     </span>
    </p>
   </div>
   <div class='ocr_carea' id='block_1_56' title="bbox 1895 2771 3474 2845">
    <p class='ocr_par' dir='ltr' id='par_1_56' title="bbox 1895 2771 3474 2845">
     <span class='ocr_line' id='line_1_56' title="bbox 1895 2771 3474 2845; baseline -0.01 -11"><span class='ocrx_word' id='word_1_423' title='bbox 1895 2782 1970 2845; x_wconf 87' lang='lat'><strong>9).</strong></span> <span class='ocrx_word' id='word_1_424' title='bbox 2015 2798 2032 2830; x_wconf 77' lang='grc' dir='ltr'><strong>ι</strong></span> <span class='ocrx_word' id='word_1_425' title='bbox 2063 2780 2130 2832; x_wconf 74' lang='lat' dir='ltr'><strong>Et</strong></span> <span class='ocrx_word' id='word_1_426' title='bbox 2165 2780 2215 2830; x_wconf 93' lang='lat' dir='ltr'><strong>iu</strong></span> <span class='ocrx_word' id='word_1_427' title='bbox 2248 2777 2350 2831; x_wconf 70' lang='lat' dir='ltr'><strong>alio</strong></span> <span class='ocrx_word' id='word_1_428' title='bbox 2380 2776 2497 2830; x_wconf 88' lang='lat' dir='ltr'><strong>loco</strong></span> <span class='ocrx_word' id='word_1_429' title='bbox 2532 2789 2548 2827; x_wconf 90' lang='lat'><strong>:</strong></span> <span class='ocrx_word' id='word_1_430' title='bbox 2590 2793 2610 2825; x_wconf 84' lang='grc'><strong>‹</strong></span> <span class='ocrx_word' id='word_1_431' title='bbox 2644 2772 2785 2829; x_wconf 87' lang='lat' dir='ltr'><strong>Caro</strong></span> <span class='ocrx_word' id='word_1_432' title='bbox 2808 2771 2929 2843; x_wconf 88' lang='lat' dir='ltr'><strong>ejus</strong></span> <span class='ocrx_word' id='word_1_433' title='bbox 2972 2788 3081 2826; x_wconf 90' lang='lat' dir='ltr'><strong>non</strong></span> <span class='ocrx_word' id='word_1_434' title='bbox 3116 2771 3250 2824; x_wconf 86' lang='lat' dir='ltr'><strong>vidit</strong></span> <span class='ocrx_word' id='word_1_435' title='bbox 3279 2784 3474 2824; x_wconf 70' lang='lat' dir='ltr'><strong>cor-ru-</strong></span> 
     </span>
    </p>
   </div>
   <div class='ocr_carea' id='block_1_57' title="bbox 1897 2864 3475 2940">
    <p class='ocr_par' dir='ltr' id='par_1_57' title="bbox 1897 2864 3475 2940">
     <span class='ocr_line' id='line_1_57' title="bbox 1897 2864 3475 2940; baseline -0.005 -18"><span class='ocrx_word' id='word_1_436' title='bbox 1897 2873 2134 2940; x_wconf 84' lang='lat' dir='ltr'><strong>ptionem</strong></span> <span class='ocrx_word' id='word_1_437' title='bbox 2173 2870 2314 2932; x_wconf 69' lang='lat' dir='ltr'><strong>(Act.</strong></span> <span class='ocrx_word' id='word_1_438' title='bbox 2354 2884 2414 2932; x_wconf 83' lang='grc' dir='ltr'>ιι,</span> <span class='ocrx_word' id='word_1_439' title='bbox 2447 2868 2561 2931; x_wconf 76' lang='lat'><strong>3|).</strong></span> <span class='ocrx_word' id='word_1_440' title='bbox 2603 2887 2621 2917; x_wconf 73' lang='grc' dir='ltr'><strong>ι</strong></span> <span class='ocrx_word' id='word_1_441' title='bbox 2661 2866 2723 2920; x_wconf 87' lang='grc' dir='ltr'>Ει</span> <span class='ocrx_word' id='word_1_442' title='bbox 2755 2880 2972 2919; x_wconf 85' lang='lat' dir='ltr'><strong>rursum</strong></span> <span class='ocrx_word' id='word_1_443' title='bbox 3010 2881 3025 2918; x_wconf 88' lang='lat'>:</span> <span class='ocrx_word' id='word_1_444' title='bbox 3065 2882 3082 2915; x_wconf 83' lang='grc' dir='ltr'><strong>ι</strong></span> <span class='ocrx_word' id='word_1_445' title='bbox 3123 2864 3313 2917; x_wconf 83' lang='lat' dir='ltr'><strong>Omnis</strong></span> <span class='ocrx_word' id='word_1_446' title='bbox 3346 2876 3475 2914; x_wconf 79' lang='lat' dir='ltr'><strong>raro</strong></span> 
     </span>
    </p>
   </div>
   <div class='ocr_carea' id='block_1_58' title="bbox 1898 2956 3470 3028">
    <p class='ocr_par' dir='ltr' id='par_1_58' title="bbox 1898 2956 3470 3028">
     <span class='ocr_line' id='line_1_58' title="bbox 1898 2956 3470 3028; baseline -0.01 -11"><span class='ocrx_word' id='word_1_447' title='bbox 1898 2966 2098 3019; x_wconf 78' lang='lat' dir='ltr'><strong>videbit</strong></span> <span class='ocrx_word' id='word_1_448' title='bbox 2146 2964 2385 3016; x_wconf 77' lang='lat' dir='ltr'><strong>salutare</strong></span> <span class='ocrx_word' id='word_1_449' title='bbox 2434 2960 2524 3013; x_wconf 87' lang='lat' dir='ltr'><strong>Dei</strong></span> <span class='ocrx_word' id='word_1_450' title='bbox 2572 2957 2708 3028; x_wconf 81' lang='lat' dir='ltr'><strong>(Iso.</strong></span> <span class='ocrx_word' id='word_1_451' title='bbox 2749 2973 2835 3021; x_wconf 79' lang='lat' dir='ltr'><strong>XL,</strong></span> <span class='ocrx_word' id='word_1_452' title='bbox 2865 2957 2944 3024; x_wconf 82' lang='lat'><strong>5).</strong></span> <span class='ocrx_word' id='word_1_453' title='bbox 2986 2975 3004 3007; x_wconf 77' lang='grc' dir='ltr'><strong>ι</strong></span> <span class='ocrx_word' id='word_1_454' title='bbox 3042 2956 3109 3009; x_wconf 83' lang='lat' dir='ltr'><strong>Et</strong></span> <span class='ocrx_word' id='word_1_455' title='bbox 3155 2963 3212 3008; x_wconf 90' lang='lat' dir='ltr'><strong>tu</strong></span> <span class='ocrx_word' id='word_1_456' title='bbox 3248 2968 3470 3023; x_wconf 76' lang='lat' dir='ltr'><strong>semper</strong></span> 
     </span>
    </p>
   </div>
   <div class='ocr_carea' id='block_1_59' title="bbox 1896 3048 3474 3128">
    <p class='ocr_par' dir='ltr' id='par_1_59' title="bbox 1896 3048 3474 3128">
     <span class='ocr_line' id='line_1_59' title="bbox 1896 3048 3474 3128; baseline -0.008 -16"><span class='ocrx_word' id='word_1_457' title='bbox 1896 3075 2094 3128; x_wconf 84' lang='lat' dir='ltr'><strong>corpus</strong></span> <span class='ocrx_word' id='word_1_458' title='bbox 2128 3056 2472 3127; x_wconf 75' lang='lat' dir='ltr'><strong>ingemioas?</strong></span> <span class='ocrx_word' id='word_1_459' title='bbox 2506 3053 2694 3109; x_wconf 78' lang='lat' dir='ltr'><strong>Profer</strong></span> <span class='ocrx_word' id='word_1_460' title='bbox 2718 3051 2891 3121; x_wconf 77' lang='lat' dir='ltr'><strong>magis</strong></span> <span class='ocrx_word' id='word_1_461' title='bbox 2921 3048 3193 3114; x_wconf 80' lang='lat' dir='ltr'><strong>Ezechiel,</strong></span> <span class='ocrx_word' id='word_1_462' title='bbox 3228 3048 3319 3116; x_wconf 92' lang='lat' dir='ltr'><strong>qui</strong></span> <span class='ocrx_word' id='word_1_463' title='bbox 3344 3060 3474 3100; x_wconf 86' lang='lat' dir='ltr'><strong>ossa</strong></span> 
     </span>
    </p>
   </div>
   <div class='ocr_carea' id='block_1_60' title="bbox 1891 3140 3476 3222">
    <p class='ocr_par' dir='ltr' id='par_1_60' title="bbox 1891 3140 3476 3222">
     <span class='ocr_line' id='line_1_60' title="bbox 1891 3140 3476 3222; baseline -0.01 -14"><span class='ocrx_word' id='word_1_464' title='bbox 1891 3156 2126 3222; x_wconf 75' lang='lat' dir='ltr'><strong>jungeus</strong></span> <span class='ocrx_word' id='word_1_465' title='bbox 2154 3149 2375 3203; x_wconf 78' lang='lat' dir='ltr'><strong>ossibus</strong></span> <span class='ocrx_word' id='word_1_466' title='bbox 2406 3157 2459 3202; x_wconf 91' lang='lat' dir='ltr'><strong>et</strong></span> <span class='ocrx_word' id='word_1_467' title='bbox 2494 3148 2733 3201; x_wconf 85' lang='lat' dir='ltr'><strong>edocens</strong></span> <span class='ocrx_word' id='word_1_468' title='bbox 2760 3159 2820 3199; x_wconf 81' lang='lat' dir='ltr'><strong>ea</strong></span> <span class='ocrx_word' id='word_1_469' title='bbox 2854 3144 2921 3198; x_wconf 89' lang='lat' dir='ltr'><strong>de</strong></span> <span class='ocrx_word' id='word_1_470' title='bbox 2953 3141 3223 3211; x_wconf 83' lang='lat' dir='ltr'><strong>sepulcris</strong></span> <span class='ocrx_word' id='word_1_471' title='bbox 3254 3140 3393 3203; x_wconf 85' lang='lat' dir='ltr'><strong>suis,</strong></span> <span class='ocrx_word' id='word_1_472' title='bbox 3421 3149 3476 3194; x_wconf 91' lang='lat' dir='ltr'><strong>et</strong></span> 
     </span>
    </p>
   </div>
   <div class='ocr_carea' id='block_1_61' title="bbox 195 3224 3471 3330">
    <p class='ocr_par' dir='ltr' id='par_1_61' title="bbox 195 3224 3471 3330">
     <span class='ocr_line' id='line_1_61' title="bbox 195 3224 3471 3330; baseline -0.002 -46"><span class='ocrx_word' id='word_1_473' title='bbox 195 3233 383 3284; x_wconf 80' lang='lat' dir='ltr'><strong>stolus</strong></span> <span class='ocrx_word' id='word_1_474' title='bbox 419 3232 490 3284; x_wconf 89' lang='lat' dir='ltr'><strong>de</strong></span> <span class='ocrx_word' id='word_1_475' title='bbox 520 3244 685 3297; x_wconf 84' lang='lat' dir='ltr'><strong>prava</strong></span> <span class='ocrx_word' id='word_1_476' title='bbox 718 3230 964 3281; x_wconf 72' lang='lat' dir='ltr'><strong>doctrina</strong></span> <span class='ocrx_word' id='word_1_477' title='bbox 1008 3236 1062 3281; x_wconf 91' lang='lat' dir='ltr'><strong>et</strong></span> <span class='ocrx_word' id='word_1_478' title='bbox 1092 3228 1357 3294; x_wconf 78' lang='lat' dir='ltr'><strong>operibus</strong></span> <span class='ocrx_word' id='word_1_479' title='bbox 1414 3224 1728 3279; x_wconf 62' lang='grc' dir='ltr'>εΙιιιινυιΊιηι</span> <span class='ocrx_word' id='word_1_480' title='bbox 1771 3242 1784 3274; x_wconf 74' lang='grc' dir='ltr'><em>ε</em></span> <span class='ocrx_word' id='word_1_481' title='bbox 1819 3268 1865 3330; x_wconf 78' lang='lat' dir='ltr'><strong><em>C</em></strong></span> <span class='ocrx_word' id='word_1_482' title='bbox 1900 3262 2060 3314; x_wconf 60' lang='grc' dir='ltr'><strong>δηρρι-</strong></span> <span class='ocrx_word' id='word_1_483' title='bbox 2119 3243 2282 3311; x_wconf 52' lang='lat' dir='ltr'><strong>pem-3</strong></span> <span class='ocrx_word' id='word_1_484' title='bbox 2345 3251 2491 3295; x_wconf 61' lang='grc' dir='ltr'>δίει-θ</span> <span class='ocrx_word' id='word_1_485' title='bbox 2551 3238 2756 3293; x_wconf 69' lang='lat' dir='ltr'><strong>faciens</strong></span> <span class='ocrx_word' id='word_1_486' title='bbox 2784 3278 2801 3301; x_wconf 49' lang='grc' dir='ltr'><strong>ν</strong></span> <span class='ocrx_word' id='word_1_487' title='bbox 2856 3236 3116 3292; x_wconf 74' lang='lat' dir='ltr'><strong>carnibus</strong></span> <span class='ocrx_word' id='word_1_488' title='bbox 3172 3235 3471 3302; x_wconf 70' lang='lat' dir='ltr'><strong>nervisque</strong></span> 
     </span>
    </p>
   </div>
   <div class='ocr_carea' id='block_1_62' title="bbox 209 3319 1784 3391">
    <p class='ocr_par' dir='ltr' id='par_1_62' title="bbox 209 3319 1784 3391">
     <span class='ocr_line' id='line_1_62' title="bbox 209 3319 1784 3391; baseline -0.003 -16"><span class='ocrx_word' id='word_1_489' title='bbox 209 3324 361 3377; x_wconf 56' lang='lat' dir='ltr'><strong>«Non</strong></span> <span class='ocrx_word' id='word_1_490' title='bbox 397 3324 673 3391; x_wconf 80' lang='lat' dir='ltr'><strong>acquievi,</strong></span> <span class='ocrx_word' id='word_1_491' title='bbox 697 3326 794 3385; x_wconf 84' lang='lat' dir='ltr'><strong>ait,</strong></span> <span class='ocrx_word' id='word_1_492' title='bbox 823 3320 976 3375; x_wconf 83' lang='lat' dir='ltr'><strong>carni</strong></span> <span class='ocrx_word' id='word_1_493' title='bbox 999 3332 1051 3374; x_wconf 87' lang='lat' dir='ltr'><strong>et</strong></span> <span class='ocrx_word' id='word_1_494' title='bbox 1073 3320 1324 3385; x_wconf 79' lang='lat' dir='ltr'><strong>sanguini</strong></span> <span class='ocrx_word' id='word_1_495' title='bbox 1348 3319 1548 3387; x_wconf 83' lang='lat' dir='ltr'><strong>(Colat.</strong></span> <span class='ocrx_word' id='word_1_496' title='bbox 1577 3336 1612 3377; x_wconf 90' lang='grc' dir='ltr'>ι,</span> <span class='ocrx_word' id='word_1_497' title='bbox 1642 3321 1784 3387; x_wconf 66' lang='grc' dir='ltr'><strong>ιω.»</strong></span> 
     </span>
    </p>
   </div>
   <div class='ocr_carea' id='block_1_63' title="bbox 203 3414 1787 3485">
    <p class='ocr_par' dir='ltr' id='par_1_63' title="bbox 203 3414 1787 3485">
     <span class='ocr_line' id='line_1_63' title="bbox 203 3414 1787 3485; baseline -0.003 -14"><span class='ocrx_word' id='word_1_498' title='bbox 203 3418 265 3471; x_wconf 83' lang='lat' dir='ltr'><strong>Et</strong></span> <span class='ocrx_word' id='word_1_499' title='bbox 299 3418 371 3470; x_wconf 80' lang='lat' dir='ltr'><strong>ad</strong></span> <span class='ocrx_word' id='word_1_500' title='bbox 403 3427 668 3479; x_wconf 63' lang='lat' dir='ltr'><strong>sanctos,</strong></span> <span class='ocrx_word' id='word_1_501' title='bbox 706 3416 796 3485; x_wconf 88' lang='lat' dir='ltr'><strong>qui</strong></span> <span class='ocrx_word' id='word_1_502' title='bbox 851 3416 1049 3483; x_wconf 87' lang='lat' dir='ltr'><strong>utique</strong></span> <span class='ocrx_word' id='word_1_503' title='bbox 1098 3414 1151 3468; x_wconf 90' lang='lat' dir='ltr'><strong>in</strong></span> <span class='ocrx_word' id='word_1_504' title='bbox 1188 3429 1356 3468; x_wconf 86' lang='lat' dir='ltr'><strong>carne</strong></span> <span class='ocrx_word' id='word_1_505' title='bbox 1384 3425 1560 3477; x_wconf 81' lang='lat' dir='ltr'><strong>erant,</strong></span> <span class='ocrx_word' id='word_1_506' title='bbox 1604 3416 1670 3467; x_wconf 28' lang='lat' dir='ltr'><strong>dii</strong></span> <span class='ocrx_word' id='word_1_507' title='bbox 1696 3415 1732 3465; x_wconf 83' lang='lat' dir='ltr'><strong>it</strong></span> <span class='ocrx_word' id='word_1_508' title='bbox 1773 3435 1787 3467; x_wconf 87' lang='lat'><strong>:</strong></span> 
     </span>
    </p>
   </div>
   <div class='ocr_carea' id='block_1_64' title="bbox 206 3492 1790 3573">
    <p class='ocr_par' dir='ltr' id='par_1_64' title="bbox 206 3492 1790 3573">
     <span class='ocr_line' id='line_1_64' title="bbox 206 3492 1790 3573; baseline 0 -14"><span class='ocrx_word' id='word_1_509' title='bbox 206 3529 225 3559; x_wconf 81' lang='grc' dir='ltr'><strong>ι</strong></span> <span class='ocrx_word' id='word_1_510' title='bbox 265 3509 381 3563; x_wconf 72' lang='lat' dir='ltr'><strong>Vos</strong></span> <span class='ocrx_word' id='word_1_511' title='bbox 414 3519 602 3563; x_wconf 82' lang='lat' dir='ltr'><strong>autem</strong></span> <span class='ocrx_word' id='word_1_512' title='bbox 633 3510 685 3561; x_wconf 90' lang='lat' dir='ltr'><strong>in</strong></span> <span class='ocrx_word' id='word_1_513' title='bbox 722 3522 886 3561; x_wconf 89' lang='lat' dir='ltr'><strong>carne</strong></span> <span class='ocrx_word' id='word_1_514' title='bbox 918 3522 1025 3560; x_wconf 90' lang='lat' dir='ltr'><strong>non</strong></span> <span class='ocrx_word' id='word_1_515' title='bbox 1057 3507 1191 3560; x_wconf 83' lang='lat' dir='ltr'><strong>estis</strong></span> <span class='ocrx_word' id='word_1_516' title='bbox 1222 3521 1239 3573; x_wconf 83' lang='lat'><strong>;</strong></span> <span class='ocrx_word' id='word_1_517' title='bbox 1280 3492 1371 3559; x_wconf 79' lang='lat' dir='ltr'><strong>sed</strong></span> <span class='ocrx_word' id='word_1_518' title='bbox 1405 3505 1454 3558; x_wconf 93' lang='lat' dir='ltr'><strong>in</strong></span> <span class='ocrx_word' id='word_1_519' title='bbox 1479 3507 1672 3573; x_wconf 68' lang='lat' dir='ltr'><strong>spiritu</strong></span> <span class='ocrx_word' id='word_1_520' title='bbox 1709 3507 1790 3559; x_wconf 79' lang='lat' dir='ltr'><strong>:si</strong></span> 
     </span>
    </p>
   </div>
   <div class='ocr_carea' id='block_1_65' title="bbox 203 3597 1790 3668">
    <p class='ocr_par' dir='ltr' id='par_1_65' title="bbox 203 3597 1790 3668">
     <span class='ocr_line' id='line_1_65' title="bbox 203 3597 1790 3668; baseline -0.003 -15"><span class='ocrx_word' id='word_1_521' title='bbox 203 3611 391 3654; x_wconf 79' lang='lat' dir='ltr'><strong>tamen</strong></span> <span class='ocrx_word' id='word_1_522' title='bbox 426 3600 522 3654; x_wconf 80' lang='lat' dir='ltr'><strong>Dei</strong></span> <span class='ocrx_word' id='word_1_523' title='bbox 560 3601 785 3668; x_wconf 78' lang='lat' dir='ltr'><strong>spiritus</strong></span> <span class='ocrx_word' id='word_1_524' title='bbox 852 3599 1064 3652; x_wconf 81' lang='lat' dir='ltr'><strong>habitat</strong></span> <span class='ocrx_word' id='word_1_525' title='bbox 1108 3600 1161 3651; x_wconf 90' lang='lat' dir='ltr'><strong>iu</strong></span> <span class='ocrx_word' id='word_1_526' title='bbox 1214 3598 1368 3652; x_wconf 82' lang='lat' dir='ltr'><strong>vobis</strong></span> <span class='ocrx_word' id='word_1_527' title='bbox 1433 3597 1624 3667; x_wconf 79' lang='lat' dir='ltr'><strong>(Rom.</strong></span> <span class='ocrx_word' id='word_1_528' title='bbox 1661 3613 1790 3660; x_wconf 82' lang='lat' dir='ltr'><strong>vol,</strong></span> 
     </span>
    </p>
   </div>
   <div class='ocr_carea' id='block_1_66' title="bbox 202 3691 1792 3759">
    <p class='ocr_par' dir='ltr' id='par_1_66' title="bbox 202 3691 1792 3759">
     <span class='ocr_line' id='line_1_66' title="bbox 202 3691 1792 3759; baseline 0.001 -15"><span class='ocrx_word' id='word_1_529' title='bbox 202 3695 281 3754; x_wconf 85' lang='lat'><strong>9).</strong></span> <span class='ocrx_word' id='word_1_530' title='bbox 310 3715 327 3743; x_wconf 77' lang='grc' dir='ltr'><strong>ι</strong></span> <span class='ocrx_word' id='word_1_531' title='bbox 367 3693 587 3757; x_wconf 66' lang='lat' dir='ltr'><strong>Negatis</strong></span> <span class='ocrx_word' id='word_1_532' title='bbox 617 3692 765 3744; x_wconf 88' lang='lat' dir='ltr'><strong>enim</strong></span> <span class='ocrx_word' id='word_1_533' title='bbox 800 3707 892 3746; x_wconf 87' lang='lat' dir='ltr'><strong>eos</strong></span> <span class='ocrx_word' id='word_1_534' title='bbox 922 3691 975 3744; x_wconf 91' lang='lat' dir='ltr'><strong>in</strong></span> <span class='ocrx_word' id='word_1_535' title='bbox 994 3706 1178 3754; x_wconf 87' lang='lat' dir='ltr'><strong>carne,</strong></span> <span class='ocrx_word' id='word_1_536' title='bbox 1207 3706 1350 3759; x_wconf 90' lang='lat' dir='ltr'><strong>quos</strong></span> <span class='ocrx_word' id='word_1_537' title='bbox 1392 3692 1443 3745; x_wconf 92' lang='lat' dir='ltr'><strong>in</strong></span> <span class='ocrx_word' id='word_1_538' title='bbox 1477 3706 1638 3745; x_wconf 87' lang='lat' dir='ltr'><strong>carne</strong></span> <span class='ocrx_word' id='word_1_539' title='bbox 1669 3707 1792 3745; x_wconf 84' lang='lat' dir='ltr'><strong>esse</strong></span> 
     </span>
    </p>
   </div>
   <div class='ocr_carea' id='block_1_67' title="bbox 206 3782 1788 3852">
    <p class='ocr_par' dir='ltr' id='par_1_67' title="bbox 206 3782 1788 3852">
     <span class='ocr_line' id='line_1_67' title="bbox 206 3782 1788 3852; baseline 0.003 -19"><span class='ocrx_word' id='word_1_540' title='bbox 206 3784 541 3846; x_wconf 65' lang='lat' dir='ltr'><strong>CODSLIILII,</strong></span> <span class='ocrx_word' id='word_1_541' title='bbox 580 3798 687 3836; x_wconf 89' lang='lat' dir='ltr'><strong>non</strong></span> <span class='ocrx_word' id='word_1_542' title='bbox 720 3783 900 3837; x_wconf 84' lang='lat' dir='ltr'><strong>carnis</strong></span> <span class='ocrx_word' id='word_1_543' title='bbox 947 3782 1307 3837; x_wconf 86' lang='lat' dir='ltr'><strong>substantiam</strong></span> <span class='ocrx_word' id='word_1_544' title='bbox 1333 3823 1349 3848; x_wconf 97' lang='lat'><strong>,</strong></span> <span class='ocrx_word' id='word_1_545' title='bbox 1413 3783 1506 3838; x_wconf 87' lang='lat' dir='ltr'><strong>sed</strong></span> <span class='ocrx_word' id='word_1_546' title='bbox 1570 3793 1788 3852; x_wconf 82' lang='lat' dir='ltr'><strong>peccata</strong></span> 
     </span>
    </p>
   </div>
   <div class='ocr_carea' id='block_1_68' title="bbox 206 3879 533 3932">
    <p class='ocr_par' dir='ltr' id='par_1_68' title="bbox 206 3879 533 3932">
     <span class='ocr_line' id='line_1_68' title="bbox 206 3879 533 3932; baseline -0.009 0"><span class='ocrx_word' id='word_1_547' title='bbox 206 3879 533 3932; x_wconf 83' lang='lat' dir='ltr'><strong>damnabat.</strong></span> 
     </span>
    </p>
   </div>
   <div class='ocr_carea' id='block_1_69' title="bbox 276 3968 1786 4037">
    <p class='ocr_par' dir='ltr' id='par_1_69' title="bbox 276 3968 1786 4037">
     <span class='ocr_line' id='line_1_69' title="bbox 276 3968 1786 4037; baseline 0 -13"><span class='ocrx_word' id='word_1_548' title='bbox 276 3972 375 4024; x_wconf 70' lang='lat'><strong>29.</strong></span> <span class='ocrx_word' id='word_1_549' title='bbox 420 3971 560 4024; x_wconf 79' lang='lat' dir='ltr'><strong>Vera</strong></span> <span class='ocrx_word' id='word_1_550' title='bbox 589 3970 990 4024; x_wconf 80' lang='lat' dir='ltr'><strong>resurrectionis</strong></span> <span class='ocrx_word' id='word_1_551' title='bbox 1020 3968 1299 4037; x_wconf 78' lang='lat' dir='ltr'><strong>confessio.</strong></span> <span class='ocrx_word' id='word_1_552' title='bbox 1337 3968 1487 4023; x_wconf 77' lang='lat' dir='ltr'><strong>Elius</strong></span> <span class='ocrx_word' id='word_1_553' title='bbox 1509 3980 1556 4022; x_wconf 83' lang='lat' dir='ltr'><strong>et</strong></span> <span class='ocrx_word' id='word_1_554' title='bbox 1589 3969 1786 4024; x_wconf 79' lang='lat' dir='ltr'><strong>Enoclt.</strong></span> 
     </span>
    </p>
   </div>
   <div class='ocr_carea' id='block_1_70' title="bbox 202 4059 1792 4131">
    <p class='ocr_par' dir='ltr' id='par_1_70' title="bbox 202 4059 1792 4131">
     <span class='ocr_line' id='line_1_70' title="bbox 202 4059 1792 4131; baseline 0.001 -17"><span class='ocrx_word' id='word_1_555' title='bbox 202 4090 275 4104; x_wconf 86' lang='lat'><strong>--</strong></span> <span class='ocrx_word' id='word_1_556' title='bbox 319 4063 449 4115; x_wconf 43' lang='lat' dir='ltr'><strong>Haec</strong></span> <span class='ocrx_word' id='word_1_557' title='bbox 482 4071 567 4115; x_wconf 85' lang='lat' dir='ltr'><strong>cst</strong></span> <span class='ocrx_word' id='word_1_558' title='bbox 595 4077 719 4112; x_wconf 79' lang='lat' dir='ltr'><strong>vera</strong></span> <span class='ocrx_word' id='word_1_559' title='bbox 758 4061 1178 4113; x_wconf 80' lang='lat' dir='ltr'><strong>resurrectionis</strong></span> <span class='ocrx_word' id='word_1_560' title='bbox 1230 4059 1526 4123; x_wconf 78' lang='lat' dir='ltr'><strong>confessio,</strong></span> <span class='ocrx_word' id='word_1_561' title='bbox 1552 4078 1673 4131; x_wconf 64' lang='lat' dir='ltr'><strong>qua:</strong></span> <span class='ocrx_word' id='word_1_562' title='bbox 1710 4064 1792 4117; x_wconf 86' lang='lat' dir='ltr'><strong>sic</strong></span> 
     </span>
    </p>
   </div>
   <div class='ocr_carea' id='block_1_71' title="bbox 204 4154 1784 4223">
    <p class='ocr_par' dir='ltr' id='par_1_71' title="bbox 204 4154 1784 4223">
     <span class='ocr_line' id='line_1_71' title="bbox 204 4154 1784 4223; baseline 0.001 -16"><span class='ocrx_word' id='word_1_563' title='bbox 204 4158 440 4223; x_wconf 67' lang='lat' dir='ltr'><strong>gloriam</strong></span> <span class='ocrx_word' id='word_1_564' title='bbox 492 4155 643 4207; x_wconf 88' lang='lat' dir='ltr'><strong>carni</strong></span> <span class='ocrx_word' id='word_1_565' title='bbox 697 4155 907 4216; x_wconf 90' lang='lat' dir='ltr'><strong>tribuit,</strong></span> <span class='ocrx_word' id='word_1_566' title='bbox 959 4163 1016 4206; x_wconf 93' lang='lat' dir='ltr'><strong>ut</strong></span> <span class='ocrx_word' id='word_1_567' title='bbox 1066 4169 1174 4207; x_wconf 87' lang='lat' dir='ltr'><strong>non</strong></span> <span class='ocrx_word' id='word_1_568' title='bbox 1212 4154 1419 4207; x_wconf 85' lang='lat' dir='ltr'><strong>auferat</strong></span> <span class='ocrx_word' id='word_1_569' title='bbox 1472 4157 1784 4209; x_wconf 86' lang='lat' dir='ltr'><strong>veritatem.</strong></span> 
     </span>
    </p>
   </div>
   <div class='ocr_carea' id='block_1_72' title="bbox 205 4246 1792 4316">
    <p class='ocr_par' dir='ltr' id='par_1_72' title="bbox 205 4246 1792 4316">
     <span class='ocr_line' id='line_1_72' title="bbox 205 4246 1792 4316; baseline 0.001 -15"><span class='ocrx_word' id='word_1_570' title='bbox 205 4251 367 4316; x_wconf 78' lang='lat' dir='ltr'><strong>Quod</strong></span> <span class='ocrx_word' id='word_1_571' title='bbox 406 4262 536 4300; x_wconf 86' lang='lat' dir='ltr'><strong>vero</strong></span> <span class='ocrx_word' id='word_1_572' title='bbox 571 4247 710 4299; x_wconf 88' lang='lat' dir='ltr'><strong>dicit</strong></span> <span class='ocrx_word' id='word_1_573' title='bbox 751 4247 1068 4314; x_wconf 78' lang='lat' dir='ltr'><strong>Apostolus,</strong></span> <span class='ocrx_word' id='word_1_574' title='bbox 1106 4265 1126 4297; x_wconf 77' lang='grc' dir='ltr'><strong>ι</strong></span> <span class='ocrx_word' id='word_1_575' title='bbox 1165 4246 1529 4316; x_wconf 84' lang='lat' dir='ltr'><strong>Corruptibile</strong></span> <span class='ocrx_word' id='word_1_576' title='bbox 1584 4249 1687 4303; x_wconf 85' lang='lat' dir='ltr'><strong>hoc</strong></span> <span class='ocrx_word' id='word_1_577' title='bbox 1737 4258 1792 4303; x_wconf 89' lang='lat' dir='ltr'><strong>et</strong></span> 
     </span>
    </p>
   </div>
   <div class='ocr_carea' id='block_1_73' title="bbox 208 4337 1787 4411">
    <p class='ocr_par' dir='ltr' id='par_1_73' title="bbox 208 4337 1787 4411">
     <span class='ocr_line' id='line_1_73' title="bbox 208 4337 1787 4411; baseline 0.002 -18"><span class='ocrx_word' id='word_1_578' title='bbox 208 4340 446 4394; x_wconf 83' lang='lat' dir='ltr'><strong>mortale</strong></span> <span class='ocrx_word' id='word_1_579' title='bbox 474 4337 527 4407; x_wconf 89' lang='lat' dir='ltr'><strong>(I</strong></span> <span class='ocrx_word' id='word_1_580' title='bbox 559 4338 678 4392; x_wconf 89' lang='lat' dir='ltr'><strong>Cor.</strong></span> <span class='ocrx_word' id='word_1_581' title='bbox 710 4355 799 4400; x_wconf 82' lang='lat' dir='ltr'><strong>xv,</strong></span> <span class='ocrx_word' id='word_1_582' title='bbox 828 4338 971 4403; x_wconf 67' lang='lat'><strong>53),:</strong></span> <span class='ocrx_word' id='word_1_583' title='bbox 1013 4337 1176 4409; x_wconf 68' lang='grc'><strong>437</strong></span> <span class='ocrx_word' id='word_1_584' title='bbox 1208 4339 1311 4393; x_wconf 85' lang='lat' dir='ltr'><strong>hoc</strong></span> <span class='ocrx_word' id='word_1_585' title='bbox 1352 4340 1527 4409; x_wconf 87' lang='lat' dir='ltr'><strong>ipsum</strong></span> <span class='ocrx_word' id='word_1_586' title='bbox 1567 4357 1787 4411; x_wconf 86' lang='lat' dir='ltr'><strong>corpus,</strong></span> 
     </span>
    </p>
   </div>
   <div class='ocr_carea' id='block_1_74' title="bbox 210 4430 1786 4499">
    <p class='ocr_par' dir='ltr' id='par_1_74' title="bbox 210 4430 1786 4499">
     <span class='ocr_line' id='line_1_74' title="bbox 210 4430 1786 4499; baseline 0.003 -16"><span class='ocrx_word' id='word_1_587' title='bbox 210 4432 398 4493; x_wconf 88' lang='lat' dir='ltr'><strong>idest,</strong></span> <span class='ocrx_word' id='word_1_588' title='bbox 428 4446 675 4492; x_wconf 88' lang='lat' dir='ltr'><strong>carnem,</strong></span> <span class='ocrx_word' id='word_1_589' title='bbox 705 4446 825 4496; x_wconf 72' lang='lat' dir='ltr'><strong>quae</strong></span> <span class='ocrx_word' id='word_1_590' title='bbox 855 4440 983 4485; x_wconf 89' lang='lat' dir='ltr'><strong>tunc</strong></span> <span class='ocrx_word' id='word_1_591' title='bbox 1011 4430 1317 4496; x_wconf 84' lang='lat' dir='ltr'><strong>videbatur,</strong></span> <span class='ocrx_word' id='word_1_592' title='bbox 1344 4433 1603 4488; x_wconf 88' lang='lat' dir='ltr'><strong>ostendit.</strong></span> <span class='ocrx_word' id='word_1_593' title='bbox 1631 4435 1786 4499; x_wconf 86' lang='lat' dir='ltr'><strong>Quod</strong></span> 
     </span>
    </p>
   </div>
   <div class='ocr_carea' id='block_1_75' title="bbox 213 4521 1785 4591">
    <p class='ocr_par' dir='ltr' id='par_1_75' title="bbox 213 4521 1785 4591">
     <span class='ocr_line' id='line_1_75' title="bbox 213 4521 1785 4591; baseline 0.003 -18"><span class='ocrx_word' id='word_1_594' title='bbox 213 4537 404 4576; x_wconf 80' lang='lat' dir='ltr'><strong>autem</strong></span> <span class='ocrx_word' id='word_1_595' title='bbox 438 4521 678 4589; x_wconf 85' lang='lat' dir='ltr'><strong>copulat,</strong></span> <span class='ocrx_word' id='word_1_596' title='bbox 739 4538 758 4570; x_wconf 80' lang='grc' dir='ltr'><strong>ι</strong></span> <span class='ocrx_word' id='word_1_597' title='bbox 805 4522 1032 4575; x_wconf 90' lang='lat' dir='ltr'><strong>induere</strong></span> <span class='ocrx_word' id='word_1_598' title='bbox 1079 4524 1546 4591; x_wconf 83' lang='lat' dir='ltr'><strong>incorruptionem</strong></span> <span class='ocrx_word' id='word_1_599' title='bbox 1596 4535 1649 4578; x_wconf 88' lang='lat' dir='ltr'><strong>et</strong></span> <span class='ocrx_word' id='word_1_600' title='bbox 1682 4526 1785 4578; x_wconf 84' lang='lat' dir='ltr'><strong>im-</strong></span> 
     </span>
    </p>
   </div>
   <div class='ocr_carea' id='block_1_76' title="bbox 1896 3326 3469 3404">
    <p class='ocr_par' dir='ltr' id='par_1_76' title="bbox 1896 3326 3469 3404">
     <span class='ocr_line' id='line_1_76' title="bbox 1896 3326 3469 3404; baseline -0.008 -13"><span class='ocrx_word' id='word_1_601' title='bbox 1896 3337 2246 3404; x_wconf 69' lang='lat' dir='ltr'><strong>consrringit,</strong></span> <span class='ocrx_word' id='word_1_602' title='bbox 2280 3344 2334 3388; x_wconf 84' lang='lat' dir='ltr'><strong>et</strong></span> <span class='ocrx_word' id='word_1_603' title='bbox 2359 3344 2482 3389; x_wconf 89' lang='lat' dir='ltr'><strong>cuto</strong></span> <span class='ocrx_word' id='word_1_604' title='bbox 2499 3334 2735 3404; x_wconf 89' lang='lat' dir='ltr'><strong>desuper</strong></span> <span class='ocrx_word' id='word_1_605' title='bbox 2763 3332 2893 3401; x_wconf 73' lang='lat' dir='ltr'><strong>tegit</strong></span> <span class='ocrx_word' id='word_1_606' title='bbox 2920 3331 2940 3361; x_wconf 81' lang='lat'><strong>’</strong></span> <span class='ocrx_word' id='word_1_607' title='bbox 2963 3329 3176 3399; x_wconf 74' lang='lat' dir='ltr'><strong>(Eucti.</strong></span> <span class='ocrx_word' id='word_1_608' title='bbox 3214 3343 3420 3393; x_wconf 72' lang='lat' dir='ltr'><strong>xxxvn,</strong></span> <span class='ocrx_word' id='word_1_609' title='bbox 3443 3326 3469 3380; x_wconf 70' lang='grc' dir='ltr'>ί</span> 
     </span>
    </p>
   </div>
   <div class='ocr_carea' id='block_1_77' title="bbox 1896 3432 2085 3501">
    <p class='ocr_par' dir='ltr' id='par_1_77' title="bbox 1896 3432 2085 3501">
     <span class='ocr_line' id='line_1_77' title="bbox 1896 3432 2085 3501; baseline 0 -18"><span class='ocrx_word' id='word_1_610' title='bbox 1896 3432 2085 3501; x_wconf 75' lang='lat' dir='ltr'><strong>seqq.).</strong></span> 
     </span>
    </p>
   </div>
   <div class='ocr_carea' id='block_1_78' title="bbox 1966 3514 3476 3578">
    <p class='ocr_par' dir='ltr' id='par_1_78' title="bbox 1966 3514 3476 3578">
     <span class='ocr_line' id='line_1_78' title="bbox 1966 3514 3476 3578; baseline -0.009 1"><span class='ocrx_word' id='word_1_611' title='bbox 1966 3524 2057 3578; x_wconf 72' lang='grc' dir='ltr'><strong>ΞΟ.</strong></span> <span class='ocrx_word' id='word_1_612' title='bbox 2088 3522 2189 3576; x_wconf 78' lang='lat' dir='ltr'><strong>Job</strong></span> <span class='ocrx_word' id='word_1_613' title='bbox 2223 3522 2421 3575; x_wconf 86' lang='lat' dir='ltr'><strong>athleta</strong></span> <span class='ocrx_word' id='word_1_614' title='bbox 2444 3518 2694 3573; x_wconf 78' lang='lat' dir='ltr'><strong>Ecclesia:</strong></span> <span class='ocrx_word' id='word_1_615' title='bbox 2728 3530 2847 3572; x_wconf 85' lang='lat' dir='ltr'><strong>ante</strong></span> <span class='ocrx_word' id='word_1_616' title='bbox 2878 3518 3173 3575; x_wconf 80' lang='lat' dir='ltr'><strong>Christum.</strong></span> <span class='ocrx_word' id='word_1_617' title='bbox 3203 3514 3305 3569; x_wconf 82' lang='lat' dir='ltr'><strong>Job</strong></span> <span class='ocrx_word' id='word_1_618' title='bbox 3333 3516 3476 3568; x_wconf 71' lang='lat' dir='ltr'><strong>vitle-</strong></span> 
     </span>
    </p>
   </div>
   <div class='ocr_carea' id='block_1_79' title="bbox 1898 3607 3474 3685">
    <p class='ocr_par' dir='ltr' id='par_1_79' title="bbox 1898 3607 3474 3685">
     <span class='ocr_line' id='line_1_79' title="bbox 1898 3607 3474 3685; baseline -0.007 -15"><span class='ocrx_word' id='word_1_619' title='bbox 1898 3628 1982 3670; x_wconf 86' lang='lat' dir='ltr'><strong>tur</strong></span> <span class='ocrx_word' id='word_1_620' title='bbox 2010 3627 2196 3669; x_wconf 86' lang='lat' dir='ltr'><strong>contra</strong></span> <span class='ocrx_word' id='word_1_621' title='bbox 2232 3616 2468 3685; x_wconf 80' lang='lat' dir='ltr'><strong>futurum</strong></span> <span class='ocrx_word' id='word_1_622' title='bbox 2499 3610 2778 3681; x_wconf 82' lang='lat' dir='ltr'><strong>Origenem</strong></span> <span class='ocrx_word' id='word_1_623' title='bbox 2808 3610 3143 3665; x_wconf 82' lang='lat' dir='ltr'><strong>scribere.-—-</strong></span> <span class='ocrx_word' id='word_1_624' title='bbox 3163 3608 3340 3663; x_wconf 76' lang='lat' dir='ltr'><strong>Tonet</strong></span> <span class='ocrx_word' id='word_1_625' title='bbox 3371 3607 3474 3661; x_wconf 82' lang='lat' dir='ltr'><strong>Job</strong></span> 
     </span>
    </p>
   </div>
   <div class='ocr_carea' id='block_1_80' title="bbox 1899 3701 3471 3771">
    <p class='ocr_par' dir='ltr' id='par_1_80' title="bbox 1899 3701 3471 3771">
     <span class='ocr_line' id='line_1_80' title="bbox 1899 3701 3471 3771; baseline -0.006 -8"><span class='ocrx_word' id='word_1_626' title='bbox 1899 3720 2300 3763; x_wconf 81' lang='lat' dir='ltr'><strong>tormentorum</strong></span> <span class='ocrx_word' id='word_1_627' title='bbox 2328 3706 2524 3770; x_wconf 87' lang='lat' dir='ltr'><strong>victor,</strong></span> <span class='ocrx_word' id='word_1_628' title='bbox 2554 3714 2607 3758; x_wconf 89' lang='lat' dir='ltr'><strong>et</strong></span> <span class='ocrx_word' id='word_1_629' title='bbox 2630 3713 2771 3758; x_wconf 85' lang='lat' dir='ltr'><strong>testa</strong></span> <span class='ocrx_word' id='word_1_630' title='bbox 2802 3703 2999 3757; x_wconf 87' lang='lat' dir='ltr'><strong>radens</strong></span> <span class='ocrx_word' id='word_1_631' title='bbox 3029 3701 3258 3771; x_wconf 74' lang='lat' dir='ltr'><strong>putrida:</strong></span> <span class='ocrx_word' id='word_1_632' title='bbox 3284 3701 3471 3755; x_wconf 84' lang='lat' dir='ltr'><strong>carnis</strong></span> 
     </span>
    </p>
   </div>
   <div class='ocr_carea' id='block_1_81' title="bbox 1897 3796 3474 3866">
    <p class='ocr_par' dir='ltr' id='par_1_81' title="bbox 1897 3796 3474 3866">
     <span class='ocr_line' id='line_1_81' title="bbox 1897 3796 3474 3866; baseline -0.004 -11"><span class='ocrx_word' id='word_1_633' title='bbox 1897 3801 2107 3855; x_wconf 74' lang='lat' dir='ltr'><strong>Saniem</strong></span> <span class='ocrx_word' id='word_1_634' title='bbox 2136 3842 2151 3866; x_wconf 90' lang='lat'><strong>,</strong></span> <span class='ocrx_word' id='word_1_635' title='bbox 2188 3799 2442 3854; x_wconf 87' lang='lat' dir='ltr'><strong>miserias</strong></span> <span class='ocrx_word' id='word_1_636' title='bbox 2479 3812 2606 3851; x_wconf 87' lang='lat' dir='ltr'><strong>snas</strong></span> <span class='ocrx_word' id='word_1_637' title='bbox 2648 3796 3072 3850; x_wconf 82' lang='lat' dir='ltr'><strong>resurrectionis</strong></span> <span class='ocrx_word' id='word_1_638' title='bbox 3105 3810 3204 3864; x_wconf 88' lang='lat' dir='ltr'><strong>spe</strong></span> <span class='ocrx_word' id='word_1_639' title='bbox 3238 3804 3293 3849; x_wconf 92' lang='lat' dir='ltr'><strong>et</strong></span> <span class='ocrx_word' id='word_1_640' title='bbox 3328 3796 3474 3848; x_wconf 80' lang='lat' dir='ltr'><strong>veri-</strong></span> 
     </span>
    </p>
   </div>
   <div class='ocr_carea' id='block_1_82' title="bbox 1896 3888 3473 3959">
    <p class='ocr_par' dir='ltr' id='par_1_82' title="bbox 1896 3888 3473 3959">
     <span class='ocr_line' id='line_1_82' title="bbox 1896 3888 3473 3959; baseline -0.003 -12"><span class='ocrx_word' id='word_1_641' title='bbox 1896 3904 2005 3948; x_wconf 87' lang='lat' dir='ltr'><strong>tate</strong></span> <span class='ocrx_word' id='word_1_642' title='bbox 2031 3894 2237 3948; x_wconf 88' lang='lat' dir='ltr'><strong>soletur</strong></span> <span class='ocrx_word' id='word_1_643' title='bbox 2266 3907 2283 3945; x_wconf 88' lang='lat'><strong>:</strong></span> <span class='ocrx_word' id='word_1_644' title='bbox 2316 3890 2498 3959; x_wconf 45' lang='lat' dir='ltr'><strong>«.Quis</strong></span> <span class='ocrx_word' id='word_1_645' title='bbox 2528 3891 2659 3943; x_wconf 81' lang='lat' dir='ltr'><strong>milii</strong></span> <span class='ocrx_word' id='word_1_646' title='bbox 2688 3890 2799 3953; x_wconf 88' lang='lat' dir='ltr'><strong>det,</strong></span> <span class='ocrx_word' id='word_1_647' title='bbox 2834 3889 3032 3957; x_wconf 87' lang='lat' dir='ltr'><strong>inquit,</strong></span> <span class='ocrx_word' id='word_1_648' title='bbox 3071 3897 3131 3943; x_wconf 90' lang='lat' dir='ltr'><strong>ut</strong></span> <span class='ocrx_word' id='word_1_649' title='bbox 3157 3888 3473 3944; x_wconf 89' lang='lat' dir='ltr'><strong>scribantur</strong></span> 
     </span>
    </p>
   </div>
   <div class='ocr_carea' id='block_1_83' title="bbox 1895 3981 3471 4046">
    <p class='ocr_par' dir='ltr' id='par_1_83' title="bbox 1895 3981 3471 4046">
     <span class='ocr_line' id='line_1_83' title="bbox 1895 3981 3471 4046; baseline -0.001 -7"><span class='ocrx_word' id='word_1_650' title='bbox 1895 3999 2176 4039; x_wconf 87' lang='lat' dir='ltr'><strong>sermones</strong></span> <span class='ocrx_word' id='word_1_651' title='bbox 2203 3983 2347 4036; x_wconf 75' lang='lat' dir='ltr'><strong>mei?</strong></span> <span class='ocrx_word' id='word_1_652' title='bbox 2379 3981 2513 4046; x_wconf 86' lang='lat' dir='ltr'><strong>Quis</strong></span> <span class='ocrx_word' id='word_1_653' title='bbox 2541 3981 2668 4034; x_wconf 88' lang='lat' dir='ltr'><strong>mihi</strong></span> <span class='ocrx_word' id='word_1_654' title='bbox 2698 3982 2809 4044; x_wconf 85' lang='lat' dir='ltr'><strong>det,</strong></span> <span class='ocrx_word' id='word_1_655' title='bbox 2837 3990 2895 4033; x_wconf 92' lang='lat' dir='ltr'><strong>ut</strong></span> <span class='ocrx_word' id='word_1_656' title='bbox 2921 3989 3221 4037; x_wconf 76' lang='lat' dir='ltr'><strong>curentur</strong></span> <span class='ocrx_word' id='word_1_657' title='bbox 3245 3983 3298 4036; x_wconf 92' lang='lat' dir='ltr'><strong>in</strong></span> <span class='ocrx_word' id='word_1_658' title='bbox 3328 3984 3471 4038; x_wconf 91' lang='lat' dir='ltr'><strong>libro</strong></span> 
     </span>
    </p>
   </div>
   <div class='ocr_carea' id='block_1_84' title="bbox 1896 4074 3469 4146">
    <p class='ocr_par' dir='ltr' id='par_1_84' title="bbox 1896 4074 3469 4146">
     <span class='ocr_line' id='line_1_84' title="bbox 1896 4074 3469 4146; baseline -0.002 -15"><span class='ocrx_word' id='word_1_659' title='bbox 1896 4078 2038 4146; x_wconf 83' lang='lat' dir='ltr'><strong>stle</strong></span> <span class='ocrx_word' id='word_1_660' title='bbox 2070 4076 2269 4140; x_wconf 89' lang='lat' dir='ltr'><strong>ferreo,</strong></span> <span class='ocrx_word' id='word_1_661' title='bbox 2300 4084 2353 4129; x_wconf 92' lang='lat' dir='ltr'><strong>et</strong></span> <span class='ocrx_word' id='word_1_662' title='bbox 2382 4075 2588 4143; x_wconf 89' lang='lat' dir='ltr'><strong>plumbi</strong></span> <span class='ocrx_word' id='word_1_663' title='bbox 2620 4076 2845 4141; x_wconf 89' lang='lat' dir='ltr'><strong>lamina,</strong></span> <span class='ocrx_word' id='word_1_664' title='bbox 2874 4078 2956 4129; x_wconf 85' lang='lat' dir='ltr'><strong>vel</strong></span> <span class='ocrx_word' id='word_1_665' title='bbox 2989 4074 3130 4130; x_wconf 89' lang='lat' dir='ltr'><strong>celte</strong></span> <span class='ocrx_word' id='word_1_666' title='bbox 3160 4078 3181 4108; x_wconf 89' lang='grc'><em>³</em></span> <span class='ocrx_word' id='word_1_667' title='bbox 3210 4078 3469 4146; x_wconf 82' lang='lat' dir='ltr'><strong>sculpan-</strong></span> 
     </span>
    </p>
   </div>
   <div class='ocr_carea' id='block_1_85' title="bbox 1897 4166 3470 4238">
    <p class='ocr_par' dir='ltr' id='par_1_85' title="bbox 1897 4166 3470 4238">
     <span class='ocr_line' id='line_1_85' title="bbox 1897 4166 3470 4238; baseline 0.002 -16"><span class='ocrx_word' id='word_1_668' title='bbox 1897 4179 1995 4237; x_wconf 6' lang='lat' dir='ltr'><strong>tur,</strong></span> <span class='ocrx_word' id='word_1_669' title='bbox 2032 4170 2085 4223; x_wconf 91' lang='lat' dir='ltr'><strong>in</strong></span> <span class='ocrx_word' id='word_1_670' title='bbox 2135 4168 2326 4223; x_wconf 85' lang='lat' dir='ltr'><strong>silice?</strong></span> <span class='ocrx_word' id='word_1_671' title='bbox 2380 4167 2504 4221; x_wconf 92' lang='lat' dir='ltr'><strong>Scio</strong></span> <span class='ocrx_word' id='word_1_672' title='bbox 2549 4166 2693 4221; x_wconf 88' lang='lat' dir='ltr'><strong>enim</strong></span> <span class='ocrx_word' id='word_1_673' title='bbox 2740 4170 2884 4237; x_wconf 88' lang='lat' dir='ltr'><strong>quod</strong></span> <span class='ocrx_word' id='word_1_674' title='bbox 2933 4168 3265 4238; x_wconf 80' lang='lat' dir='ltr'><strong>Redemptor</strong></span> <span class='ocrx_word' id='word_1_675' title='bbox 3311 4185 3470 4225; x_wconf 81' lang='lat' dir='ltr'><strong>meus</strong></span> 
     </span>
    </p>
   </div>
   <div class='ocr_carea' id='block_1_86' title="bbox 1894 4263 3470 4333">
    <p class='ocr_par' dir='ltr' id='par_1_86' title="bbox 1894 4263 3470 4333">
     <span class='ocr_line' id='line_1_86' title="bbox 1894 4263 3470 4333; baseline 0.004 -19"><span class='ocrx_word' id='word_1_676' title='bbox 1894 4264 2023 4317; x_wconf 82' lang='lat' dir='ltr'><strong>vivit</strong></span> <span class='ocrx_word' id='word_1_677' title='bbox 2051 4302 2065 4324; x_wconf 90' lang='lat'><strong>,</strong></span> <span class='ocrx_word' id='word_1_678' title='bbox 2102 4273 2156 4317; x_wconf 92' lang='lat' dir='ltr'><strong>et</strong></span> <span class='ocrx_word' id='word_1_679' title='bbox 2180 4265 2234 4315; x_wconf 90' lang='lat' dir='ltr'><strong>in</strong></span> <span class='ocrx_word' id='word_1_680' title='bbox 2264 4264 2562 4317; x_wconf 85' lang='lat' dir='ltr'><strong>novissimo</strong></span> <span class='ocrx_word' id='word_1_681' title='bbox 2592 4263 2756 4333; x_wconf 63' lang='grc'><strong>438</strong></span> <span class='ocrx_word' id='word_1_682' title='bbox 2787 4264 2874 4317; x_wconf 88' lang='lat' dir='ltr'><strong>die</strong></span> <span class='ocrx_word' id='word_1_683' title='bbox 2914 4264 2980 4318; x_wconf 90' lang='lat' dir='ltr'><strong>de</strong></span> <span class='ocrx_word' id='word_1_684' title='bbox 3010 4272 3155 4319; x_wconf 90' lang='lat' dir='ltr'><strong>terra</strong></span> <span class='ocrx_word' id='word_1_685' title='bbox 3187 4278 3470 4322; x_wconf 80' lang='lat' dir='ltr'><strong>surrectu-</strong></span> 
     </span>
    </p>
   </div>
   <div class='ocr_carea' id='block_1_87' title="bbox 1895 4356 3468 4424">
    <p class='ocr_par' dir='ltr' id='par_1_87' title="bbox 1895 4356 3468 4424">
     <span class='ocr_line' id='line_1_87' title="bbox 1895 4356 3468 4424; baseline 0.004 -16"><span class='ocrx_word' id='word_1_686' title='bbox 1895 4370 1989 4409; x_wconf 92' lang='lat' dir='ltr'><strong>rus</strong></span> <span class='ocrx_word' id='word_1_687' title='bbox 2018 4370 2135 4408; x_wconf 91' lang='lat' dir='ltr'><strong>snm</strong></span> <span class='ocrx_word' id='word_1_688' title='bbox 2157 4393 2170 4417; x_wconf 91' lang='lat'><strong>,</strong></span> <span class='ocrx_word' id='word_1_689' title='bbox 2207 4362 2259 4408; x_wconf 87' lang='lat' dir='ltr'><strong>et</strong></span> <span class='ocrx_word' id='word_1_690' title='bbox 2288 4369 2505 4407; x_wconf 85' lang='lat' dir='ltr'><strong>rursum</strong></span> <span class='ocrx_word' id='word_1_691' title='bbox 2543 4356 2931 4409; x_wconf 84' lang='lat' dir='ltr'><strong>circuonlabor</strong></span> <span class='ocrx_word' id='word_1_692' title='bbox 2964 4356 3102 4423; x_wconf 86' lang='lat' dir='ltr'><strong>pelle</strong></span> <span class='ocrx_word' id='word_1_693' title='bbox 3132 4373 3250 4412; x_wconf 90' lang='lat' dir='ltr'><strong>mea</strong></span> <span class='ocrx_word' id='word_1_694' title='bbox 3276 4400 3290 4424; x_wconf 97' lang='lat'><strong>,</strong></span> <span class='ocrx_word' id='word_1_695' title='bbox 3328 4370 3381 4414; x_wconf 90' lang='lat' dir='ltr'><strong>et</strong></span> <span class='ocrx_word' id='word_1_696' title='bbox 3413 4362 3468 4413; x_wconf 90' lang='lat' dir='ltr'><strong>in</strong></span> 
     </span>
    </p>
   </div>
   <div class='ocr_carea' id='block_1_88' title="bbox 1894 4444 3469 4519">
    <p class='ocr_par' dir='ltr' id='par_1_88' title="bbox 1894 4444 3469 4519">
     <span class='ocr_line' id='line_1_88' title="bbox 1894 4444 3469 4519; baseline 0.001 -22"><span class='ocrx_word' id='word_1_697' title='bbox 1894 4460 2062 4498; x_wconf 87' lang='lat' dir='ltr'><strong>carne</strong></span> <span class='ocrx_word' id='word_1_698' title='bbox 2104 4459 2221 4497; x_wconf 80' lang='lat' dir='ltr'><strong>mea</strong></span> <span class='ocrx_word' id='word_1_699' title='bbox 2256 4444 2451 4499; x_wconf 89' lang='lat' dir='ltr'><strong>videbo</strong></span> <span class='ocrx_word' id='word_1_700' title='bbox 2489 4444 2657 4499; x_wconf 74' lang='lat' dir='ltr'><strong>Deum</strong></span> <span class='ocrx_word' id='word_1_701' title='bbox 2703 4465 2716 4499; x_wconf 87' lang='lat'><strong>:</strong></span> <span class='ocrx_word' id='word_1_702' title='bbox 2748 4462 2909 4515; x_wconf 78' lang='lat' dir='ltr'><strong>quem</strong></span> <span class='ocrx_word' id='word_1_703' title='bbox 2946 4446 3164 4502; x_wconf 86' lang='lat' dir='ltr'><strong>visurus</strong></span> <span class='ocrx_word' id='word_1_704' title='bbox 3205 4465 3325 4503; x_wconf 91' lang='lat' dir='ltr'><strong>sum</strong></span> <span class='ocrx_word' id='word_1_705' title='bbox 3368 4467 3469 4519; x_wconf 76' lang='lat' dir='ltr'><strong>ego</strong></span> 
     </span>
    </p>
   </div>
   <div class='ocr_carea' id='block_1_89' title="bbox 1897 4539 3469 4609">
    <p class='ocr_par' dir='ltr' id='par_1_89' title="bbox 1897 4539 3469 4609">
     <span class='ocr_line' id='line_1_89' title="bbox 1897 4539 3469 4609; baseline 0.008 -16"><span class='ocrx_word' id='word_1_706' title='bbox 1897 4539 2048 4609; x_wconf 88' lang='lat' dir='ltr'><strong>ipse,</strong></span> <span class='ocrx_word' id='word_1_707' title='bbox 2082 4550 2133 4593; x_wconf 90' lang='lat' dir='ltr'><strong>et</strong></span> <span class='ocrx_word' id='word_1_708' title='bbox 2165 4539 2309 4593; x_wconf 81' lang='lat' dir='ltr'><strong>oculi</strong></span> <span class='ocrx_word' id='word_1_709' title='bbox 2348 4540 2453 4594; x_wconf 88' lang='lat' dir='ltr'><strong>mei</strong></span> <span class='ocrx_word' id='word_1_710' title='bbox 2486 4544 2835 4609; x_wconf 88' lang='lat' dir='ltr'><strong>conspecturi</strong></span> <span class='ocrx_word' id='word_1_711' title='bbox 2866 4553 2995 4598; x_wconf 89' lang='lat' dir='ltr'><strong>sunt</strong></span> <span class='ocrx_word' id='word_1_712' title='bbox 3021 4584 3034 4608; x_wconf 97' lang='lat'><strong>,</strong></span> <span class='ocrx_word' id='word_1_713' title='bbox 3076 4555 3131 4599; x_wconf 87' lang='lat' dir='ltr'><strong>et</strong></span> <span class='ocrx_word' id='word_1_714' title='bbox 3162 4562 3270 4601; x_wconf 89' lang='lat' dir='ltr'><strong>non</strong></span> <span class='ocrx_word' id='word_1_715' title='bbox 3300 4548 3469 4606; x_wconf 83' lang='lat' dir='ltr'><strong>alios.</strong></span> 
     </span>
    </p>
   </div>
   <div class='ocr_carea' id='block_1_90' title="bbox 212 4601 3456 4705">
    <p class='ocr_par' dir='ltr' id='par_1_90' title="bbox 212 4601 3456 4705">
     <span class='ocr_line' id='line_1_90' title="bbox 212 4601 3456 4705; baseline 0.002 -42"><span class='ocrx_word' id='word_1_716' title='bbox 212 4614 667 4669; x_wconf 72' lang='lat' dir='ltr'><strong>mortalitatch</strong></span> <span class='ocrx_word' id='word_1_717' title='bbox 697 4612 825 4664; x_wconf 90' lang='lat' dir='ltr'><strong>i&#39;lud</strong></span> <span class='ocrx_word' id='word_1_718' title='bbox 853 4613 1255 4674; x_wconf 82' lang='lat' dir='ltr'><strong>indumentum,</strong></span> <span class='ocrx_word' id='word_1_719' title='bbox 1290 4615 1340 4667; x_wconf 94' lang='lat' dir='ltr'><strong>id</strong></span> <span class='ocrx_word' id='word_1_720' title='bbox 1373 4624 1456 4667; x_wconf 78' lang='lat' dir='ltr'><strong>est</strong></span> <span class='ocrx_word' id='word_1_721' title='bbox 1486 4616 1787 4670; x_wconf 62' lang='lat' dir='ltr'><strong>vestimen»</strong></span> <span class='ocrx_word' id='word_1_722' title='bbox 1822 4601 1866 4656; x_wconf 72' lang='grc' dir='ltr'><strong>θ</strong></span> <span class='ocrx_word' id='word_1_723' title='bbox 1898 4601 2154 4701; x_wconf 61' lang='grc' dir='ltr'><strong>σξαροείκ,</strong></span> <span class='ocrx_word' id='word_1_724' title='bbox 2186 4640 2266 4686; x_wconf 65' lang='grc' dir='ltr'><strong>εει</strong></span> <span class='ocrx_word' id='word_1_725' title='bbox 2292 4634 2407 4686; x_wconf 60' lang='grc' dir='ltr'><strong>ιηρο</strong></span> <span class='ocrx_word' id='word_1_726' title='bbox 2438 4649 2562 4701; x_wconf 67' lang='lat' dir='ltr'><strong>spes</strong></span> <span class='ocrx_word' id='word_1_727' title='bbox 2590 4601 2707 4687; x_wconf 58' lang='grc' dir='ltr'><strong>ηςοε,</strong></span> <span class='ocrx_word' id='word_1_728' title='bbox 2739 4635 2790 4687; x_wconf 70' lang='grc' dir='ltr'><strong>ει,</strong></span> <span class='ocrx_word' id='word_1_729' title='bbox 2825 4636 2947 4689; x_wconf 64' lang='lat' dir='ltr'><strong>sim,</strong></span> <span class='ocrx_word' id='word_1_730' title='bbox 3001 4601 3119 4689; x_wconf 56' lang='lat' dir='ltr'><strong>,jm,</strong></span> <span class='ocrx_word' id='word_1_731' title='bbox 3180 4601 3456 4705; x_wconf 46' lang='lat' dir='ltr'><strong>“0),an</strong></span> 
     </span>
    </p>
   </div>
   <div class='ocr_carea' id='block_1_91' title="bbox 211 4703 1788 4778">
    <p class='ocr_par' dir='ltr' id='par_1_91' title="bbox 211 4703 1788 4778">
     <span class='ocr_line' id='line_1_91' title="bbox 211 4703 1788 4778; baseline 0.006 -27"><span class='ocrx_word' id='word_1_732' title='bbox 211 4717 325 4754; x_wconf 81' lang='lat' dir='ltr'><strong>tum</strong></span> <span class='ocrx_word' id='word_1_733' title='bbox 358 4744 375 4765; x_wconf 90' lang='lat'><strong>,</strong></span> <span class='ocrx_word' id='word_1_734' title='bbox 414 4719 523 4754; x_wconf 91' lang='lat' dir='ltr'><strong>non</strong></span> <span class='ocrx_word' id='word_1_735' title='bbox 560 4703 689 4756; x_wconf 90' lang='lat' dir='ltr'><strong>dicit</strong></span> <span class='ocrx_word' id='word_1_736' title='bbox 723 4718 923 4772; x_wconf 81' lang='lat' dir='ltr'><strong>corpus</strong></span> <span class='ocrx_word' id='word_1_737' title='bbox 962 4703 1181 4759; x_wconf 87' lang='lat' dir='ltr'><strong>abolere</strong></span> <span class='ocrx_word' id='word_1_738' title='bbox 1209 4708 1352 4775; x_wconf 73' lang='lat' dir='ltr'><strong>quod</strong></span> <span class='ocrx_word' id='word_1_739' title='bbox 1388 4717 1545 4760; x_wconf 84' lang='lat' dir='ltr'><strong>ornat</strong></span> <span class='ocrx_word' id='word_1_740' title='bbox 1573 4710 1624 4761; x_wconf 87' lang='lat' dir='ltr'><strong>in</strong></span> <span class='ocrx_word' id='word_1_741' title='bbox 1670 4711 1788 4778; x_wconf 81' lang='lat' dir='ltr'><strong>glo-</strong></span> 
     </span>
    </p>
   </div>
   <div class='ocr_carea' id='block_1_92' title="bbox 212 4796 1792 4873">
    <p class='ocr_par' dir='ltr' id='par_1_92' title="bbox 212 4796 1792 4873">
     <span class='ocr_line' id='line_1_92' title="bbox 212 4796 1792 4873; baseline 0.007 -27"><span class='ocrx_word' id='word_1_742' title='bbox 212 4800 315 4861; x_wconf 75' lang='lat' dir='ltr'><strong>ria,</strong></span> <span class='ocrx_word' id='word_1_743' title='bbox 378 4800 474 4850; x_wconf 84' lang='lat' dir='ltr'><strong>sed</strong></span> <span class='ocrx_word' id='word_1_744' title='bbox 522 4796 665 4862; x_wconf 90' lang='lat' dir='ltr'><strong>quod</strong></span> <span class='ocrx_word' id='word_1_745' title='bbox 708 4807 835 4849; x_wconf 86' lang='lat' dir='ltr'><strong>ante</strong></span> <span class='ocrx_word' id='word_1_746' title='bbox 874 4798 1165 4865; x_wconf 81' lang='lat' dir='ltr'><strong>inglorium</strong></span> <span class='ocrx_word' id='word_1_747' title='bbox 1199 4801 1321 4858; x_wconf 84' lang='lat' dir='ltr'><strong>fuit.</strong></span> <span class='ocrx_word' id='word_1_748' title='bbox 1345 4800 1558 4855; x_wconf 68' lang='lat' dir='ltr'><strong>efﬁcere</strong></span> <span class='ocrx_word' id='word_1_749' title='bbox 1592 4803 1792 4873; x_wconf 76' lang='lat' dir='ltr'><strong>glorio-</strong></span> 
     </span>
    </p>
   </div>
   <div class='ocr_carea' id='block_1_93' title="bbox 207 4890 1788 4951">
    <p class='ocr_par' dir='ltr' id='par_1_93' title="bbox 207 4890 1788 4951">
     <span class='ocr_line' id='line_1_93' title="bbox 207 4890 1788 4951; baseline 0.004 -8"><span class='ocrx_word' id='word_1_750' title='bbox 207 4906 376 4950; x_wconf 85' lang='lat' dir='ltr'><strong>sum;</strong></span> <span class='ocrx_word' id='word_1_751' title='bbox 428 4899 483 4942; x_wconf 94' lang='lat' dir='ltr'><strong>nt</strong></span> <span class='ocrx_word' id='word_1_752' title='bbox 540 4890 887 4943; x_wconf 84' lang='lat' dir='ltr'><strong>mortalitatis</strong></span> <span class='ocrx_word' id='word_1_753' title='bbox 926 4900 980 4945; x_wconf 87' lang='lat' dir='ltr'><strong>et</strong></span> <span class='ocrx_word' id='word_1_754' title='bbox 1029 4892 1367 4946; x_wconf 74' lang='lat' dir='ltr'><strong>iulirmitatis</strong></span> <span class='ocrx_word' id='word_1_755' title='bbox 1402 4896 1595 4950; x_wconf 90' lang='lat' dir='ltr'><strong>viliore</strong></span> <span class='ocrx_word' id='word_1_756' title='bbox 1635 4906 1788 4951; x_wconf 82' lang='lat' dir='ltr'><strong>veste</strong></span> 
     </span>
    </p>
   </div>
   <div class='ocr_carea' id='block_1_94' title="bbox 208 4979 1788 5056">
    <p class='ocr_par' dir='ltr' id='par_1_94' title="bbox 208 4979 1788 5056">
     <span class='ocr_line' id='line_1_94' title="bbox 208 4979 1788 5056; baseline 0.006 -23"><span class='ocrx_word' id='word_1_757' title='bbox 208 4979 461 5049; x_wconf 77' lang='lat' dir='ltr'><strong>deposita</strong></span> <span class='ocrx_word' id='word_1_758' title='bbox 490 5019 507 5043; x_wconf 93' lang='lat'><strong>,</strong></span> <span class='ocrx_word' id='word_1_759' title='bbox 543 4981 969 5037; x_wconf 87' lang='lat' dir='ltr'><strong>immortalitatis</strong></span> <span class='ocrx_word' id='word_1_760' title='bbox 1008 5001 1167 5048; x_wconf 87' lang='lat' dir='ltr'><strong>auro.</strong></span> <span class='ocrx_word' id='word_1_761' title='bbox 1203 4996 1256 5040; x_wconf 89' lang='lat' dir='ltr'><strong>et</strong></span> <span class='ocrx_word' id='word_1_762' title='bbox 1286 5027 1299 5048; x_wconf 90' lang='lat'><strong>,</strong></span> <span class='ocrx_word' id='word_1_763' title='bbox 1352 4996 1409 5040; x_wconf 88' lang='lat' dir='ltr'><strong>ut</strong></span> <span class='ocrx_word' id='word_1_764' title='bbox 1446 4988 1518 5041; x_wconf 77' lang='lat' dir='ltr'><strong>ita</strong></span> <span class='ocrx_word' id='word_1_765' title='bbox 1559 4989 1741 5043; x_wconf 89' lang='lat' dir='ltr'><strong>dicam</strong></span> <span class='ocrx_word' id='word_1_766' title='bbox 1771 5031 1788 5056; x_wconf 91' lang='lat'><strong>,</strong></span> 
     </span>
    </p>
   </div>
   <div class='ocr_carea' id='block_1_95' title="bbox 286 5202 1782 5276">
    <p class='ocr_par' dir='ltr' id='par_1_95' title="bbox 286 5202 1782 5276">
     <span class='ocr_line' id='line_1_95' title="bbox 286 5202 1782 5276; baseline 0.011 -25"><span class='ocrx_word' id='word_1_767' title='bbox 286 5206 303 5234; x_wconf 79' lang='grc' dir='ltr'><strong>ι</strong></span> <span class='ocrx_word' id='word_1_768' title='bbox 344 5202 450 5276; x_wconf 80' lang='lat' dir='ltr'><strong>Sex</strong></span> <span class='ocrx_word' id='word_1_769' title='bbox 492 5216 749 5255; x_wconf 87' lang='lat' dir='ltr'><strong>versuum</strong></span> <span class='ocrx_word' id='word_1_770' title='bbox 801 5204 1051 5257; x_wconf 84' lang='lat' dir='ltr'><strong>lacunam</strong></span> <span class='ocrx_word' id='word_1_771' title='bbox 1098 5207 1183 5260; x_wconf 89' lang='lat' dir='ltr'><strong>hic</strong></span> <span class='ocrx_word' id='word_1_772' title='bbox 1241 5210 1582 5276; x_wconf 70' lang='lat' dir='ltr'><strong>explevimus</strong></span> <span class='ocrx_word' id='word_1_773' title='bbox 1635 5229 1665 5267; x_wconf 92' lang='lat' dir='ltr'><strong>e</strong></span> <span class='ocrx_word' id='word_1_774' title='bbox 1723 5212 1782 5269; x_wconf 91' lang='lat' dir='ltr'><strong>S.</strong></span> 
     </span>
    </p>
   </div>
   <div class='ocr_carea' id='block_1_96' title="bbox 213 5275 1783 5337">
    <p class='ocr_par' dir='ltr' id='par_1_96' title="bbox 213 5275 1783 5337">
     <span class='ocr_line' id='line_1_96' title="bbox 213 5275 1783 5337; baseline 0.007 -11"><span class='ocrx_word' id='word_1_775' title='bbox 213 5275 416 5332; x_wconf 78' lang='lat' dir='ltr'><strong>Crucis</strong></span> <span class='ocrx_word' id='word_1_776' title='bbox 448 5287 578 5334; x_wconf 68' lang='lat' dir='ltr'><strong>91s.,</strong></span> <span class='ocrx_word' id='word_1_777' title='bbox 613 5288 737 5325; x_wconf 92' lang='lat' dir='ltr'><strong>cum</strong></span> <span class='ocrx_word' id='word_1_778' title='bbox 785 5285 939 5327; x_wconf 88' lang='lat' dir='ltr'><strong>antea</strong></span> <span class='ocrx_word' id='word_1_779' title='bbox 985 5277 1113 5329; x_wconf 89' lang='lat' dir='ltr'><strong>editi</strong></span> <span class='ocrx_word' id='word_1_780' title='bbox 1159 5275 1349 5331; x_wconf 70' lang='lat' dir='ltr'><strong>tortiles</strong></span> <span class='ocrx_word' id='word_1_781' title='bbox 1404 5283 1582 5335; x_wconf 85' lang='lat' dir='ltr'><strong>hiulco</strong></span> <span class='ocrx_word' id='word_1_782' title='bbox 1619 5300 1783 5337; x_wconf 77' lang='lat' dir='ltr'><strong>sensu</strong></span> 
     </span>
    </p>
   </div>
   <div class='ocr_carea' id='block_1_97' title="bbox 216 5345 1780 5421">
    <p class='ocr_par' dir='ltr' id='par_1_97' title="bbox 216 5345 1780 5421">
     <span class='ocr_line' id='line_1_97' title="bbox 216 5345 1780 5421; baseline 0.002 -23"><span class='ocrx_word' id='word_1_783' title='bbox 216 5351 519 5420; x_wconf 73' lang='lat' dir='ltr'><strong>baberent,</strong></span> <span class='ocrx_word' id='word_1_784' title='bbox 550 5345 776 5421; x_wconf 75' lang='lat' dir='ltr'><strong>otljunye</strong></span> <span class='ocrx_word' id='word_1_785' title='bbox 805 5352 854 5396; x_wconf 85' lang='lat' dir='ltr'><strong>et</strong></span> <span class='ocrx_word' id='word_1_786' title='bbox 884 5346 989 5406; x_wconf 84' lang='lat' dir='ltr'><strong>dic,</strong></span> <span class='ocrx_word' id='word_1_787' title='bbox 1020 5346 1285 5410; x_wconf 75' lang='lat' dir='ltr'><strong>Quoniam</strong></span> <span class='ocrx_word' id='word_1_788' title='bbox 1306 5351 1540 5421; x_wconf 49' lang='lat' dir='ltr'><strong>spiritus</strong></span> <span class='ocrx_word' id='word_1_789' title='bbox 1571 5370 1780 5416; x_wconf 68' lang='lat' dir='ltr'><strong>carnes,</strong></span> 
     </span>
    </p>
   </div>
   <div class='ocr_carea' id='block_1_98' title="bbox 211 5417 1786 5485">
    <p class='ocr_par' dir='ltr' id='par_1_98' title="bbox 211 5417 1786 5485">
     <span class='ocr_line' id='line_1_98' title="bbox 211 5417 1786 5485; baseline 0.003 -15"><span class='ocrx_word' id='word_1_790' title='bbox 211 5428 345 5475; x_wconf 84' lang='lat' dir='ltr'><strong>etc..</strong></span> <span class='ocrx_word' id='word_1_791' title='bbox 382 5417 602 5466; x_wconf 80' lang='lat' dir='ltr'><strong>omissis</strong></span> <span class='ocrx_word' id='word_1_792' title='bbox 636 5428 754 5481; x_wconf 75' lang='lat' dir='ltr'><strong>quae</strong></span> <span class='ocrx_word' id='word_1_793' title='bbox 781 5430 923 5468; x_wconf 91' lang='lat' dir='ltr'><strong>nunc</strong></span> <span class='ocrx_word' id='word_1_794' title='bbox 963 5421 1195 5485; x_wconf 88' lang='lat' dir='ltr'><strong>primum</strong></span> <span class='ocrx_word' id='word_1_795' title='bbox 1227 5417 1543 5477; x_wconf 81' lang='lat' dir='ltr'><strong>suﬂ‘ecimus</strong></span> <span class='ocrx_word' id='word_1_796' title='bbox 1575 5425 1641 5476; x_wconf 90' lang='lat' dir='ltr'><strong>de</strong></span> <span class='ocrx_word' id='word_1_797' title='bbox 1682 5425 1786 5475; x_wconf 86' lang='lat' dir='ltr'><strong>Do-</strong></span> 
     </span>
    </p>
   </div>
   <div class='ocr_carea' id='block_1_99' title="bbox 217 5488 1781 5552">
    <p class='ocr_par' dir='ltr' id='par_1_99' title="bbox 217 5488 1781 5552">
     <span class='ocr_line' id='line_1_99' title="bbox 217 5488 1781 5552; baseline 0.006 -14"><span class='ocrx_word' id='word_1_798' title='bbox 217 5488 348 5539; x_wconf 86' lang='lat' dir='ltr'><strong>mini</strong></span> <span class='ocrx_word' id='word_1_799' title='bbox 388 5493 816 5549; x_wconf 80' lang='lat' dir='ltr'><strong>comparatmoe,</strong></span> <span class='ocrx_word' id='word_1_800' title='bbox 845 5500 1005 5552; x_wconf 86' lang='lat' dir='ltr'><strong>quam</strong></span> <span class='ocrx_word' id='word_1_801' title='bbox 1035 5490 1295 5542; x_wconf 85' lang='lat' dir='ltr'><strong>orationis</strong></span> <span class='ocrx_word' id='word_1_802' title='bbox 1327 5504 1614 5547; x_wconf 80' lang='lat' dir='ltr'><strong>contextus</strong></span> <span class='ocrx_word' id='word_1_803' title='bbox 1647 5496 1781 5547; x_wconf 86' lang='lat' dir='ltr'><strong>infe-</strong></span> 
     </span>
    </p>
   </div>
   <div class='ocr_carea' id='block_1_100' title="bbox 216 5555 1781 5631">
    <p class='ocr_par' dir='ltr' id='par_1_100' title="bbox 216 5555 1781 5631">
     <span class='ocr_line' id='line_1_100' title="bbox 216 5555 1781 5631; baseline 0.006 -24"><span class='ocrx_word' id='word_1_804' title='bbox 216 5560 349 5631; x_wconf 77' lang='lat' dir='ltr'><strong>rior,</strong></span> <span class='ocrx_word' id='word_1_805' title='bbox 383 5562 545 5630; x_wconf 84' lang='lat' dir='ltr'><strong>atque</strong></span> <span class='ocrx_word' id='word_1_806' title='bbox 570 5556 747 5631; x_wconf 78' lang='lat' dir='ltr'><strong>ipsum</strong></span> <span class='ocrx_word' id='word_1_807' title='bbox 774 5555 1146 5613; x_wconf 84' lang='lat' dir='ltr'><strong>similitudinis</strong></span> <span class='ocrx_word' id='word_1_808' title='bbox 1176 5560 1490 5631; x_wconf 85' lang='lat' dir='ltr'><strong>adverbium</strong></span> <span class='ocrx_word' id='word_1_809' title='bbox 1536 5569 1781 5631; x_wconf 87' lang='lat' dir='ltr'><strong>postula-</strong></span> 
     </span>
    </p>
   </div>
   <div class='ocr_carea' id='block_1_101' title="bbox 218 5625 1780 5695">
    <p class='ocr_par' dir='ltr' id='par_1_101' title="bbox 218 5625 1780 5695">
     <span class='ocr_line' id='line_1_101' title="bbox 218 5625 1780 5695; baseline 0.008 -18"><span class='ocrx_word' id='word_1_810' title='bbox 218 5626 329 5686; x_wconf 82' lang='lat' dir='ltr'><strong>bat,</strong></span> <span class='ocrx_word' id='word_1_811' title='bbox 371 5635 421 5675; x_wconf 88' lang='lat' dir='ltr'><strong>et</strong></span> <span class='ocrx_word' id='word_1_812' title='bbox 465 5626 586 5677; x_wconf 90' lang='lat' dir='ltr'><strong>sine</strong></span> <span class='ocrx_word' id='word_1_813' title='bbox 620 5625 817 5691; x_wconf 88' lang='lat' dir='ltr'><strong>quibus</strong></span> <span class='ocrx_word' id='word_1_814' title='bbox 848 5640 1073 5683; x_wconf 84' lang='lat' dir='ltr'><strong>mancus</strong></span> <span class='ocrx_word' id='word_1_815' title='bbox 1112 5638 1249 5695; x_wconf 86' lang='lat' dir='ltr'><strong>erat,</strong></span> <span class='ocrx_word' id='word_1_816' title='bbox 1287 5630 1397 5685; x_wconf 90' lang='lat' dir='ltr'><strong>imo</strong></span> <span class='ocrx_word' id='word_1_817' title='bbox 1455 5642 1508 5685; x_wconf 91' lang='lat' dir='ltr'><strong>et</strong></span> <span class='ocrx_word' id='word_1_818' title='bbox 1537 5625 1780 5690; x_wconf 80' lang='lat' dir='ltr'><strong>auctoris</strong></span> 
     </span>
    </p>
   </div>
   <div class='ocr_carea' id='block_1_102' title="bbox 218 5699 979 5749">
    <p class='ocr_par' dir='ltr' id='par_1_102' title="bbox 218 5699 979 5749">
     <span class='ocr_line' id='line_1_102' title="bbox 218 5699 979 5749; baseline 0.005 -4"><span class='ocrx_word' id='word_1_819' title='bbox 218 5699 384 5747; x_wconf 80' lang='lat' dir='ltr'><strong>tuenti</strong></span> <span class='ocrx_word' id='word_1_820' title='bbox 418 5704 729 5747; x_wconf 79' lang='lat' dir='ltr'><strong>contrarius</strong></span> <span class='ocrx_word' id='word_1_821' title='bbox 762 5709 979 5749; x_wconf 85' lang='lat' dir='ltr'><strong>sensus.</strong></span> 
     </span>
    </p>
   </div>
   <div class='ocr_carea' id='block_1_103' title="bbox 288 5765 1782 5834">
    <p class='ocr_par' dir='ltr' id='par_1_103' title="bbox 288 5765 1782 5834">
     <span class='ocr_line' id='line_1_103' title="bbox 288 5765 1782 5834; baseline 0.009 -22"><span class='ocrx_word' id='word_1_822' title='bbox 288 5768 308 5796; x_wconf 79' lang='grc'>³</span> <span class='ocrx_word' id='word_1_823' title='bbox 357 5765 420 5819; x_wconf 80' lang='grc' dir='ltr'>ει</span> <span class='ocrx_word' id='word_1_824' title='bbox 450 5776 569 5816; x_wconf 73' lang='lat' dir='ltr'><strong>cote</strong></span> <span class='ocrx_word' id='word_1_825' title='bbox 596 5765 819 5831; x_wconf 77' lang='lat' dir='ltr'><strong>desuper</strong></span> <span class='ocrx_word' id='word_1_826' title='bbox 854 5768 998 5834; x_wconf 81' lang='lat' dir='ltr'><strong>tegit.</strong></span> <span class='ocrx_word' id='word_1_827' title='bbox 1039 5769 1199 5825; x_wconf 81' lang='lat' dir='ltr'><strong>Nullo</strong></span> <span class='ocrx_word' id='word_1_828' title='bbox 1233 5786 1396 5825; x_wconf 84' lang='lat' dir='ltr'><strong>sensu</strong></span> <span class='ocrx_word' id='word_1_829' title='bbox 1436 5773 1486 5824; x_wconf 92' lang='lat' dir='ltr'><strong>iu</strong></span> <span class='ocrx_word' id='word_1_830' title='bbox 1520 5772 1684 5828; x_wconf 85' lang='lat' dir='ltr'><strong>editis</strong></span> <span class='ocrx_word' id='word_1_831' title='bbox 1715 5775 1782 5826; x_wconf 86' lang='lat' dir='ltr'><strong>li-</strong></span> 
     </span>
    </p>
   </div>
   <div class='ocr_carea' id='block_1_104' title="bbox 220 5834 1777 5910">
    <p class='ocr_par' dir='ltr' id='par_1_104' title="bbox 220 5834 1777 5910">
     <span class='ocr_line' id='line_1_104' title="bbox 220 5834 1777 5910; baseline 0.006 -25"><span class='ocrx_word' id='word_1_832' title='bbox 220 5834 332 5885; x_wconf 89' lang='lat' dir='ltr'><strong>bris</strong></span> <span class='ocrx_word' id='word_1_833' title='bbox 365 5837 595 5910; x_wconf 69' lang='lat' dir='ltr'><strong>legimus</strong></span> <span class='ocrx_word' id='word_1_834' title='bbox 620 5875 635 5899; x_wconf 85' lang='lat'><strong>,</strong></span> <span class='ocrx_word' id='word_1_835' title='bbox 669 5846 718 5886; x_wconf 85' lang='lat' dir='ltr'><strong>et</strong></span> <span class='ocrx_word' id='word_1_836' title='bbox 750 5839 966 5910; x_wconf 70' lang='lat' dir='ltr'><strong>desuper</strong></span> <span class='ocrx_word' id='word_1_837' title='bbox 995 5843 1117 5909; x_wconf 81' lang='lat' dir='ltr'><strong>tegit</strong></span> <span class='ocrx_word' id='word_1_838' title='bbox 1150 5856 1169 5894; x_wconf 83' lang='lat'><strong>.&#39;</strong></span> <span class='ocrx_word' id='word_1_839' title='bbox 1198 5842 1361 5894; x_wconf 83' lang='lat' dir='ltr'><strong>donec</strong></span> <span class='ocrx_word' id='word_1_840' title='bbox 1394 5839 1494 5893; x_wconf 78' lang='lat' dir='ltr'><strong>Job</strong></span> <span class='ocrx_word' id='word_1_841' title='bbox 1537 5854 1777 5896; x_wconf 86' lang='lat' dir='ltr'><strong>tormen-</strong></span> 
     </span>
    </p>
   </div>
   <div class='ocr_carea' id='block_1_105' title="bbox 221 5907 1779 5982">
    <p class='ocr_par' dir='ltr' id='par_1_105' title="bbox 221 5907 1779 5982">
     <span class='ocr_line' id='line_1_105' title="bbox 221 5907 1779 5982; baseline 0.01 -29"><span class='ocrx_word' id='word_1_842' title='bbox 221 5914 389 5956; x_wconf 77' lang='lat' dir='ltr'><strong>torum</strong></span> <span class='ocrx_word' id='word_1_843' title='bbox 420 5907 585 5956; x_wconf 68' lang='lat' dir='ltr'><strong>lictor</strong></span> <span class='ocrx_word' id='word_1_844' title='bbox 609 5943 624 5967; x_wconf 95' lang='lat'><strong>,</strong></span> <span class='ocrx_word' id='word_1_845' title='bbox 654 5914 760 5960; x_wconf 86' lang='lat' dir='ltr'><strong>etc.</strong></span> <span class='ocrx_word' id='word_1_846' title='bbox 794 5907 993 5963; x_wconf 79' lang='lat' dir='ltr'><strong>Deinde</strong></span> <span class='ocrx_word' id='word_1_847' title='bbox 1023 5907 1075 5965; x_wconf 79' lang='lat' dir='ltr'><strong>iii</strong></span> <span class='ocrx_word' id='word_1_848' title='bbox 1106 5922 1363 5966; x_wconf 78' lang='lat' dir='ltr'><strong>contextu</strong></span> <span class='ocrx_word' id='word_1_849' title='bbox 1392 5913 1512 5967; x_wconf 62' lang='grc' dir='ltr'><strong>δοὺί</strong></span> <span class='ocrx_word' id='word_1_850' title='bbox 1541 5952 1556 5979; x_wconf 86' lang='grc'><em>,</em></span> <span class='ocrx_word' id='word_1_851' title='bbox 1600 5915 1779 5982; x_wconf 63' lang='lat' dir='ltr'><strong>legen-</strong></span> 
     </span>
    </p>
   </div>
   <div class='ocr_carea' id='block_1_106' title="bbox 1894 4724 3471 4795">
    <p class='ocr_par' dir='ltr' id='par_1_106' title="bbox 1894 4724 3471 4795">
     <span class='ocr_line' id='line_1_106' title="bbox 1894 4724 3471 4795; baseline 0.009 -18"><span class='ocrx_word' id='word_1_852' title='bbox 1894 4724 1965 4779; x_wconf 68' lang='grc' dir='ltr'><strong>Ξῖ)</strong></span> <span class='ocrx_word' id='word_1_853' title='bbox 1988 4726 2175 4794; x_wconf 75' lang='lat' dir='ltr'><strong>seqq.)</strong></span> <span class='ocrx_word' id='word_1_854' title='bbox 2197 4743 2215 4775; x_wconf 73' lang='grc' dir='ltr'><strong>ι</strong></span> <span class='ocrx_word' id='word_1_855' title='bbox 2250 4724 2388 4790; x_wconf 84' lang='lat' dir='ltr'><strong>Quid</strong></span> <span class='ocrx_word' id='word_1_856' title='bbox 2428 4726 2527 4779; x_wconf 86' lang='lat' dir='ltr'><strong>hac</strong></span> <span class='ocrx_word' id='word_1_857' title='bbox 2550 4726 2835 4795; x_wconf 88' lang='lat' dir='ltr'><strong>prophetia</strong></span> <span class='ocrx_word' id='word_1_858' title='bbox 2866 4730 3250 4787; x_wconf 83' lang='lat' dir='ltr'><strong>manifestius?</strong></span> <span class='ocrx_word' id='word_1_859' title='bbox 3276 4734 3471 4791; x_wconf 86' lang='lat' dir='ltr'><strong>Nullus</strong></span> 
     </span>
    </p>
   </div>
   <div class='ocr_carea' id='block_1_107' title="bbox 1897 4819 3463 4887">
    <p class='ocr_par' dir='ltr' id='par_1_107' title="bbox 1897 4819 3463 4887">
     <span class='ocr_line' id='line_1_107' title="bbox 1897 4819 3463 4887; baseline 0.008 -19"><span class='ocrx_word' id='word_1_860' title='bbox 1897 4827 2003 4871; x_wconf 87' lang='lat' dir='ltr'><strong>tam</strong></span> <span class='ocrx_word' id='word_1_861' title='bbox 2028 4827 2213 4887; x_wconf 82' lang='lat' dir='ltr'><strong>aperte</strong></span> <span class='ocrx_word' id='word_1_862' title='bbox 2239 4826 2360 4886; x_wconf 87' lang='lat' dir='ltr'><strong>post</strong></span> <span class='ocrx_word' id='word_1_863' title='bbox 2383 4819 2688 4883; x_wconf 86' lang='lat' dir='ltr'><strong>Christum,</strong></span> <span class='ocrx_word' id='word_1_864' title='bbox 2717 4836 2876 4885; x_wconf 78' lang='lat' dir='ltr'><strong>quam</strong></span> <span class='ocrx_word' id='word_1_865' title='bbox 2907 4822 3008 4875; x_wconf 89' lang='lat' dir='ltr'><strong>iste</strong></span> <span class='ocrx_word' id='word_1_866' title='bbox 3036 4833 3163 4877; x_wconf 85' lang='lat' dir='ltr'><strong>ante</strong></span> <span class='ocrx_word' id='word_1_867' title='bbox 3181 4825 3463 4881; x_wconf 88' lang='lat' dir='ltr'><strong>Christum</strong></span> 
     </span>
    </p>
   </div>
   <div class='ocr_carea' id='block_1_108' title="bbox 1895 4908 3471 4989">
    <p class='ocr_par' dir='ltr' id='par_1_108' title="bbox 1895 4908 3471 4989">
     <span class='ocr_line' id='line_1_108' title="bbox 1895 4908 3471 4989; baseline 0.004 -28"><span class='ocrx_word' id='word_1_868' title='bbox 1895 4908 1961 4961; x_wconf 89' lang='lat' dir='ltr'><strong>de</strong></span> <span class='ocrx_word' id='word_1_869' title='bbox 1991 4910 2396 4964; x_wconf 88' lang='lat' dir='ltr'><strong>resurrectione</strong></span> <span class='ocrx_word' id='word_1_870' title='bbox 2424 4910 2683 4978; x_wconf 84' lang='lat' dir='ltr'><strong>loquitur.</strong></span> <span class='ocrx_word' id='word_1_871' title='bbox 2716 4910 2840 4963; x_wconf 72' lang='lat' dir='ltr'><strong>Volt</strong></span> <span class='ocrx_word' id='word_1_872' title='bbox 2870 4914 3032 4966; x_wconf 87' lang='lat' dir='ltr'><strong>verba</strong></span> <span class='ocrx_word' id='word_1_873' title='bbox 3064 4929 3159 4968; x_wconf 89' lang='lat' dir='ltr'><strong>sua</strong></span> <span class='ocrx_word' id='word_1_874' title='bbox 3194 4917 3246 4970; x_wconf 92' lang='lat' dir='ltr'><strong>in</strong></span> <span class='ocrx_word' id='word_1_875' title='bbox 3278 4933 3471 4989; x_wconf 74' lang='lat' dir='ltr'><strong>perpo-</strong></span> 
     </span>
    </p>
   </div>
   <div class='ocr_carea' id='block_1_109' title="bbox 1896 4997 3461 5075">
    <p class='ocr_par' dir='ltr' id='par_1_109' title="bbox 1896 4997 3461 5075">
     <span class='ocr_line' id='line_1_109' title="bbox 1896 4997 3461 5075; baseline 0.01 -28"><span class='ocrx_word' id='word_1_876' title='bbox 1896 5002 2047 5048; x_wconf 89' lang='lat' dir='ltr'><strong>toum</strong></span> <span class='ocrx_word' id='word_1_877' title='bbox 2081 4997 2279 5052; x_wconf 86' lang='lat' dir='ltr'><strong>durare</strong></span> <span class='ocrx_word' id='word_1_878' title='bbox 2307 5016 2319 5051; x_wconf 90' lang='lat'><strong>:</strong></span> <span class='ocrx_word' id='word_1_879' title='bbox 2356 5008 2410 5052; x_wconf 89' lang='lat' dir='ltr'><strong>et</strong></span> <span class='ocrx_word' id='word_1_880' title='bbox 2441 5008 2498 5052; x_wconf 92' lang='lat' dir='ltr'><strong>ut</strong></span> <span class='ocrx_word' id='word_1_881' title='bbox 2537 4998 2681 5051; x_wconf 87' lang='lat' dir='ltr'><strong>nulla</strong></span> <span class='ocrx_word' id='word_1_882' title='bbox 2716 5000 2923 5067; x_wconf 88' lang='lat' dir='ltr'><strong>possint</strong></span> <span class='ocrx_word' id='word_1_883' title='bbox 2956 5012 3229 5060; x_wconf 89' lang='lat' dir='ltr'><strong>vetustate</strong></span> <span class='ocrx_word' id='word_1_884' title='bbox 3256 5008 3423 5063; x_wconf 81' lang='lat' dir='ltr'><strong>deleri</strong></span> <span class='ocrx_word' id='word_1_885' title='bbox 3449 5051 3461 5075; x_wconf 85' lang='lat'><strong>,</strong></span> 
     </span>
    </p>
   </div>
   <div class='ocr_carea' id='block_1_110' title="bbox 1893 5220 3465 5308">
    <p class='ocr_par' dir='ltr' id='par_1_110' title="bbox 1893 5220 3465 5308">
     <span class='ocr_line' id='line_1_110' title="bbox 1893 5220 3465 5308; baseline 0.008 -38"><span class='ocrx_word' id='word_1_886' title='bbox 1893 5220 2019 5308; x_wconf 83' lang='lat' dir='ltr'><strong>dum</strong></span> <span class='ocrx_word' id='word_1_887' title='bbox 2053 5222 2413 5308; x_wconf 63' lang='lat' dir='ltr'><strong>putantdocti</strong></span> <span class='ocrx_word' id='word_1_888' title='bbox 2442 5225 2656 5308; x_wconf 68' lang='lat' dir='ltr'><strong>pariter</strong></span> <span class='ocrx_word' id='word_1_889' title='bbox 2687 5232 2737 5278; x_wconf 86' lang='lat' dir='ltr'><strong>et</strong></span> <span class='ocrx_word' id='word_1_890' title='bbox 2770 5225 2996 5303; x_wconf 77' lang='lat' dir='ltr'><strong>indocti,</strong></span> <span class='ocrx_word' id='word_1_891' title='bbox 3033 5228 3283 5308; x_wconf 51' lang='lat' dir='ltr'><strong>oetam</strong></span> <span class='ocrx_word' id='word_1_892' title='bbox 3323 5231 3465 5283; x_wconf 75' lang='lat' dir='ltr'><strong>scul-</strong></span> 
     </span>
    </p>
   </div>
   <div class='ocr_carea' id='block_1_111' title="bbox 1890 5292 3463 5368">
    <p class='ocr_par' dir='ltr' id='par_1_111' title="bbox 1890 5292 3463 5368">
     <span class='ocr_line' id='line_1_111' title="bbox 1890 5292 3463 5368; baseline 0.008 -27"><span class='ocrx_word' id='word_1_893' title='bbox 1890 5301 2087 5355; x_wconf 85' lang='lat' dir='ltr'><strong>pantur</strong></span> <span class='ocrx_word' id='word_1_894' title='bbox 2117 5292 2169 5368; x_wconf 78' lang='lat' dir='ltr'><strong>in</strong></span> <span class='ocrx_word' id='word_1_895' title='bbox 2216 5292 2384 5346; x_wconf 76' lang='lat' dir='ltr'><strong>silice.</strong></span> <span class='ocrx_word' id='word_1_896' title='bbox 2438 5292 2559 5368; x_wconf 55' lang='lat' dir='ltr'><strong>Sed</strong></span> <span class='ocrx_word' id='word_1_897' title='bbox 2587 5309 2692 5368; x_wconf 83' lang='lat' dir='ltr'><strong>non</strong></span> <span class='ocrx_word' id='word_1_898' title='bbox 2735 5295 3026 5349; x_wconf 80' lang='lat' dir='ltr'><strong>attendunt</strong></span> <span class='ocrx_word' id='word_1_899' title='bbox 3074 5299 3463 5368; x_wconf 75' lang='lat' dir='ltr'><strong>Hieronymum</strong></span> 
     </span>
    </p>
   </div>
   <div class='ocr_carea' id='block_1_112' title="bbox 1891 5363 3464 5453">
    <p class='ocr_par' dir='ltr' id='par_1_112' title="bbox 1891 5363 3464 5453">
     <span class='ocr_line' id='line_1_112' title="bbox 1891 5363 3464 5453; baseline 0.007 -41"><span class='ocrx_word' id='word_1_900' title='bbox 1891 5363 2225 5428; x_wconf 80' lang='lat' dir='ltr'><strong>expressisse</strong></span> <span class='ocrx_word' id='word_1_901' title='bbox 2272 5378 2461 5417; x_wconf 88' lang='lat' dir='ltr'><strong>vocem</strong></span> <span class='ocrx_word' id='word_1_902' title='bbox 2515 5363 2796 5420; x_wconf 79' lang='lat' dir='ltr'><strong>Hebraeam</strong></span> <span class='ocrx_word' id='word_1_903' title='bbox 2862 5375 3044 5453; x_wconf 62' lang='lat' dir='ltr'><strong>Turni</strong></span> <span class='ocrx_word' id='word_1_904' title='bbox 3104 5363 3464 5434; x_wconf 54' lang='lat' dir='ltr'><strong>icti/mtabo»,</strong></span> 
     </span>
    </p>
   </div>
   <div class='ocr_carea' id='block_1_113' title="bbox 1891 5450 3466 5519">
    <p class='ocr_par' dir='ltr' id='par_1_113' title="bbox 1891 5450 3466 5519">
     <span class='ocr_line' id='line_1_113' title="bbox 1891 5450 3466 5519; baseline 0.008 -17"><span class='ocrx_word' id='word_1_905' title='bbox 1891 5450 2021 5503; x_wconf 83' lang='lat' dir='ltr'><strong>cette</strong></span> <span class='ocrx_word' id='word_1_906' title='bbox 2054 5453 2404 5518; x_wconf 77' lang='lat' dir='ltr'><strong>sculpantur;</strong></span> <span class='ocrx_word' id='word_1_907' title='bbox 2442 5464 2495 5507; x_wconf 92' lang='lat' dir='ltr'><strong>ut</strong></span> <span class='ocrx_word' id='word_1_908' title='bbox 2533 5454 2798 5510; x_wconf 87' lang='lat' dir='ltr'><strong>indicaret</strong></span> <span class='ocrx_word' id='word_1_909' title='bbox 2864 5450 3287 5512; x_wconf 78' lang='lat' dir='ltr'><strong>instrumentum</strong></span> <span class='ocrx_word' id='word_1_910' title='bbox 3322 5462 3466 5519; x_wconf 85' lang='lat' dir='ltr'><strong>scul-</strong></span> 
     </span>
    </p>
   </div>
   <div class='ocr_carea' id='block_1_114' title="bbox 1892 5523 2395 5589">
    <p class='ocr_par' dir='ltr' id='par_1_114' title="bbox 1892 5523 2395 5589">
     <span class='ocr_line' id='line_1_114' title="bbox 1892 5523 2395 5589; baseline 0.008 -18"><span class='ocrx_word' id='word_1_911' title='bbox 1892 5532 2083 5589; x_wconf 63' lang='lat' dir='ltr'><strong>pturaa.</strong></span> <span class='ocrx_word' id='word_1_912' title='bbox 2127 5523 2395 5575; x_wconf 66' lang='lat' dir='ltr'><strong>Mantua.</strong></span> 
     </span>
    </p>
   </div>
   <div class='ocr_carea' id='block_1_115' title="bbox 1961 5591 3459 5671">
    <p class='ocr_par' dir='ltr' id='par_1_115' title="bbox 1961 5591 3459 5671">
     <span class='ocr_line' id='line_1_115' title="bbox 1961 5591 3459 5671; baseline 0.007 -25"><span class='ocrx_word' id='word_1_913' title='bbox 1961 5591 1981 5620; x_wconf 83' lang='grc'><em>³</em></span> <span class='ocrx_word' id='word_1_914' title='bbox 2012 5592 2149 5671; x_wconf 80' lang='lat' dir='ltr'><strong>Sunt</strong></span> <span class='ocrx_word' id='word_1_915' title='bbox 2178 5594 2354 5671; x_wconf 77' lang='lat' dir='ltr'><strong>critici</strong></span> <span class='ocrx_word' id='word_1_916' title='bbox 2390 5594 2526 5671; x_wconf 81' lang='lat' dir='ltr'><strong>haud</strong></span> <span class='ocrx_word' id='word_1_917' title='bbox 2563 5596 2737 5671; x_wconf 76' lang='lat' dir='ltr'><strong>exigui</strong></span> <span class='ocrx_word' id='word_1_918' title='bbox 2774 5599 3033 5664; x_wconf 87' lang='lat' dir='ltr'><strong>nominis,</strong></span> <span class='ocrx_word' id='word_1_919' title='bbox 3061 5601 3153 5670; x_wconf 91' lang='lat' dir='ltr'><strong>qui</strong></span> <span class='ocrx_word' id='word_1_920' title='bbox 3181 5612 3324 5657; x_wconf 81' lang='lat' dir='ltr'><strong>certe</strong></span> <span class='ocrx_word' id='word_1_921' title='bbox 3354 5604 3459 5671; x_wconf 69' lang='lat' dir='ltr'><strong>legi</strong></span> 
     </span>
    </p>
   </div>
   <div class='ocr_carea' id='block_1_116' title="bbox 1890 5662 3460 5743">
    <p class='ocr_par' dir='ltr' id='par_1_116' title="bbox 1890 5662 3460 5743">
     <span class='ocr_line' id='line_1_116' title="bbox 1890 5662 3460 5743; baseline 0.009 -31"><span class='ocrx_word' id='word_1_922' title='bbox 1890 5662 2438 5743; x_wconf 40' lang='lat' dir='ltr'><strong>contendito-tudeberi</strong></span> <span class='ocrx_word' id='word_1_923' title='bbox 2471 5681 2566 5734; x_wconf 84' lang='lat' dir='ltr'><strong>pro</strong></span> <span class='ocrx_word' id='word_1_924' title='bbox 2588 5736 2597 5743; x_wconf 82' lang='lat'><strong>_</strong></span> <span class='ocrx_word' id='word_1_925' title='bbox 2622 5662 2750 5720; x_wconf 67' lang='lat' dir='ltr'><strong>cclte</strong></span> <span class='ocrx_word' id='word_1_926' title='bbox 2781 5683 2799 5721; x_wconf 90' lang='lat'><em>:</em></span> <span class='ocrx_word' id='word_1_927' title='bbox 2840 5679 2892 5723; x_wconf 91' lang='lat' dir='ltr'><strong>et</strong></span> <span class='ocrx_word' id='word_1_928' title='bbox 2924 5662 3056 5743; x_wconf 80' lang='lat' dir='ltr'><strong>mss.</strong></span> <span class='ocrx_word' id='word_1_929' title='bbox 3080 5662 3304 5740; x_wconf 67' lang='lat' dir='ltr'><strong>quidem</strong></span> <span class='ocrx_word' id='word_1_930' title='bbox 3338 5662 3460 5743; x_wconf 64' lang='lat' dir='ltr'><strong>plli-</strong></span> 
     </span>
    </p>
   </div>
   <div class='ocr_carea' id='block_1_117' title="bbox 1888 5732 3463 5813">
    <p class='ocr_par' dir='ltr' id='par_1_117' title="bbox 1888 5732 3463 5813">
     <span class='ocr_line' id='line_1_117' title="bbox 1888 5732 3463 5813; baseline 0.01 -32"><span class='ocrx_word' id='word_1_931' title='bbox 1888 5732 2011 5813; x_wconf 42' lang='lat' dir='ltr'><strong>riImi</strong></span> <span class='ocrx_word' id='word_1_932' title='bbox 2042 5742 2167 5813; x_wconf 77' lang='lat' dir='ltr'><strong>sunt</strong></span> <span class='ocrx_word' id='word_1_933' title='bbox 2200 5733 2319 5813; x_wconf 81' lang='lat' dir='ltr'><strong>libri</strong></span> <span class='ocrx_word' id='word_1_934' title='bbox 2359 5732 2483 5813; x_wconf 70' lang='lat' dir='ltr'><strong>Job,</strong></span> <span class='ocrx_word' id='word_1_935' title='bbox 2512 5736 2599 5804; x_wconf 86' lang='lat' dir='ltr'><strong>qui</strong></span> <span class='ocrx_word' id='word_1_936' title='bbox 2640 5751 2775 5791; x_wconf 78' lang='lat' dir='ltr'><strong>certe</strong></span> <span class='ocrx_word' id='word_1_937' title='bbox 2812 5732 3130 5813; x_wconf 57' lang='lat' dir='ltr'><strong>praferunt&#39;,</strong></span> <span class='ocrx_word' id='word_1_938' title='bbox 3162 5759 3269 5813; x_wconf 83' lang='lat' dir='ltr'><strong>qua</strong></span> <span class='ocrx_word' id='word_1_939' title='bbox 3300 5732 3366 5813; x_wconf 64' lang='lat' dir='ltr'><strong>de</strong></span> <span class='ocrx_word' id='word_1_940' title='bbox 3402 5759 3463 5797; x_wconf 89' lang='lat' dir='ltr'><strong>re</strong></span> 
     </span>
    </p>
   </div>
   <div class='ocr_carea' id='block_1_118' title="bbox 1888 5802 3460 5877">
    <p class='ocr_par' dir='ltr' id='par_1_118' title="bbox 1888 5802 3460 5877">
     <span class='ocr_line' id='line_1_118' title="bbox 1888 5802 3460 5877; baseline 0.011 -27"><span class='ocrx_word' id='word_1_941' title='bbox 1888 5802 2040 5877; x_wconf 86' lang='lat' dir='ltr'><strong>plora</strong></span> <span class='ocrx_word' id='word_1_942' title='bbox 2081 5804 2304 5877; x_wconf 63' lang='lat' dir='ltr'><strong>dicenda</strong></span> <span class='ocrx_word' id='word_1_943' title='bbox 2350 5807 2506 5858; x_wconf 88' lang='lat' dir='ltr'><strong>nobis</strong></span> <span class='ocrx_word' id='word_1_944' title='bbox 2531 5802 2672 5860; x_wconf 74' lang='lat' dir='ltr'><strong>sunt</strong></span> <span class='ocrx_word' id='word_1_945' title='bbox 2722 5802 2865 5861; x_wconf 75' lang='lat' dir='ltr'><strong>tonio</strong></span> <span class='ocrx_word' id='word_1_946' title='bbox 2903 5810 3007 5877; x_wconf 75' lang='lat' dir='ltr'><strong>IX,</strong></span> <span class='ocrx_word' id='word_1_947' title='bbox 3044 5802 3127 5869; x_wconf 26' lang='lat' dir='ltr'><strong>adv</strong></span> <span class='ocrx_word' id='word_1_948' title='bbox 3154 5802 3299 5871; x_wconf 55' lang='lat' dir='ltr'><strong>h&#39;unc</strong></span> <span class='ocrx_word' id='word_1_949' title='bbox 3333 5811 3460 5869; x_wconf 82' lang='lat' dir='ltr'><strong>Jobi</strong></span> 
     </span>
    </p>
   </div>
   <div class='ocr_carea' id='block_1_119' title="bbox 1889 5872 2915 5945">
    <p class='ocr_par' dir='ltr' id='par_1_119' title="bbox 1889 5872 2915 5945">
     <span class='ocr_line' id='line_1_119' title="bbox 1889 5872 2915 5945; baseline 0.015 -25"><span class='ocrx_word' id='word_1_950' title='bbox 1889 5872 2063 5925; x_wconf 88' lang='lat' dir='ltr'><strong>locum</strong></span> <span class='ocrx_word' id='word_1_951' title='bbox 2099 5889 2160 5926; x_wconf 74' lang='grc' dir='ltr'><strong>ιιι</strong></span> <span class='ocrx_word' id='word_1_952' title='bbox 2196 5872 2610 5945; x_wconf 72' lang='lat' dir='ltr'><strong>llicronymiaoa</strong></span> <span class='ocrx_word' id='word_1_953' title='bbox 2642 5882 2915 5936; x_wconf 80' lang='lat' dir='ltr'><strong>versione.</strong></span> 
     </span>
    </p>
   </div>
  </div>
