4202 6466
705 416 814 482 399

1854 417 1914 480 S.
1954 415 2265 478 EUSEBII
2308 419 2751 481 HIERONYMI

3868 427 3980 490 ὅθί)

704 537 914 594 exorari
958 552 1017 590 ea
1053 537 1165 590 vult
1202 537 1252 590 in
1289 536 1494 608 plumbi
1533 535 1733 590 lamina
1764 577 1778 600 ,
1819 546 1869 588 et
1899 535 2073 606 sculpi
2113 537 2162 588 in
2199 535 2278 587 si-
2313 539 2355 594 Δ
2389 537 2647 606 nuptias,
2683 537 2776 608 qui
2807 536 2972 593 etiam
3007 545 3132 596 ante
3167 549 3394 596 mortem
3439 540 3496 596 in
3534 558 3663 597 sexu
3708 557 3812 598 suo
3852 543 3980 598 sine

707 635 825 687 tice.
882 631 1077 701 Sperat
1105 632 1601 688 resurrectionem.
1639 630 1747 683 imo
1786 628 1934 682 novit
1965 641 2017 684 et
2049 629 2183 683 vidit
2224 630 2237 658 ¹
2265 669 2278 692 ,

702 724 847 795 quod
875 725 1009 779 vivit
1055 725 1316 781 Christus
1365 727 1675 794 redemptor
1719 722 1840 790 ejus
1867 765 1880 783 .
1921 733 1973 776 et
2007 723 2058 776 in
2093 723 2280 775 novis-

703 821 844 873 simo
873 817 962 873 die
990 817 1057 873 de
1087 828 1230 874 terra
1277 829 1693 872 resurrecturus
1723 817 1819 872 sit.
1851 815 2091 871 Necdum
2131 832 2280 869 mor-

701 925 829 967 tuus
858 923 977 969 erat
1009 914 1313 979 Dominus,
1343 922 1398 969 et
1423 913 1623 968 athleta
1662 912 1924 969 Ecclesia;
1969 913 2280 982 redemplo-

703 1023 816 1062 rem
862 1023 1018 1063 suum
1066 1008 1282 1062 videbat
1336 1007 1406 1062 ab
1456 1007 1647 1064 inferis
1696 1018 2097 1079 resurgentem.
2146 1007 2279 1062 Illud

701 1116 830 1156 vero
859 1100 1005 1168 quod
1038 1098 1201 1154 infert
1233 1115 1248 1154 :
1287 1117 1304 1151 ι
1343 1097 1410 1156 Ει
1456 1115 1676 1156 rursum
1719 1101 2104 1156 circumdabor
2142 1098 2280 1168 pelle

705 1211 818 1252 mea
849 1233 864 1258 ,
901 1203 955 1250 et
985 1195 1037 1249 in
1069 1210 1235 1260 carne
1266 1210 1386 1251 mea
1417 1195 1613 1252 videbo
1654 1196 1851 1264 Deum,
1893 1216 1911 1250 ι
1975 1205 2106 1266 puto
2135 1196 2279 1266 quod

704 1303 810 1343 non
869 1287 1129 1358 loquatur
1174 1287 1335 1360 quasi
1364 1298 1578 1344 amator
1604 1289 1850 1344 carnium
1879 1331 1895 1356 ,
1927 1305 2064 1360 quas
2103 1290 2282 1360 putri-

700 1381 797 1436 das
847 1379 1188 1451 fetentesque
1237 1383 1533 1448 cernebat;
1591 1382 1685 1438 sed
1741 1399 1806 1438 ex
1852 1383 2049 1438 ﬁducia
2101 1401 2285 1439 resur-

701 1473 860 1538 gendi
894 1515 908 1537 ,
965 1472 1265 1528 contemnit
1307 1473 1601 1541 praesentia
1629 1512 1645 1534 .
1695 1472 1893 1528 solatio
1947 1473 2278 1527 futurorum.

701 1567 940 1622 Rursum
973 1567 1092 1621 ait:
1134 1584 1151 1616 ι
1189 1565 1592 1620 Circutndabor
1637 1569 1776 1637 pelle
1821 1583 1964 1620 mea.
2002 1587 2021 1620 ι
2056 1566 2158 1620 Ubi
2197 1569 2283 1622 bic

701 1675 904 1731 corpus
937 1659 1277 1715 mthereum?
1311 1662 1399 1715 ubi
1435 1677 1681 1726 aereum,
1717 1671 1771 1714 et
1800 1661 2016 1730 spiritui
2052 1671 2105 1715 et
2137 1675 2282 1714 aura:

700 1753 903 1808 simile?
928 1753 1091 1809 Certe
1123 1755 1218 1808 ubi
1253 1755 1408 1823 pellis
1435 1765 1486 1809 et
1515 1769 1670 1820 caro,
1697 1755 1789 1809 ubi
1816 1767 1942 1808 ossa
1970 1763 2022 1807 et
2052 1753 2204 1808 nervi
2236 1758 2278 1819 ',

700 1857 755 1900 et
781 1846 1010 1916 sanguis
1039 1857 1093 1902 et
1122 1862 1271 1902 venae
1294 1888 1310 1914 ,
1340 1847 1415 1902 ibi
1443 1847 1628 1902 carnis
1657 1857 1935 1903 structura
1959 1889 1973 1915 ,
1999 1847 2079 1903 ibi
2115 1863 2280 1902 sexus

703 1941 1030 2009 proprietas.
1089 1957 1108 1991 ι
1169 1940 1232 1994 Et
1281 1941 1335 1994 in
1385 1955 1596 2004 carne,
1647 1941 1867 2009 inquit.
1918 1956 2039 1996 mea
2084 1942 2282 1998 videbo

702 2031 895 2086 Deum.
930 2051 948 2084 ι
984 2032 1217 2099 Quando
1246 2034 1430 2090 omnis
1458 2049 1588 2090 caro
1620 2035 1828 2090 videbit
1870 2035 2113 2092 salutare
2142 2036 2234 2090 Dei
2264 2075 2281 2101 ,

701 2133 754 2179 et
777 2123 964 2181 Iesum
998 2127 1162 2181 Deum
1186 2166 1202 2191 ,
1243 2137 1376 2182 tunc
1409 2135 1465 2182 et
1495 2141 1598 2197 ego
1625 2127 1818 2182 videbo
1856 2127 2282 2200 Redemptorem

701 2225 755 2272 et
792 2216 1131 2271 Salvatorem
1157 2259 1173 2284 ,
1217 2227 1268 2272 et
1303 2215 1476 2272 Deum
1521 2231 1727 2272 meum.
1765 2216 1969 2274 Videbo
2003 2229 2185 2276 autem
2227 2221 2282 2275 in

704 2308 805 2363 ista
847 2323 1054 2375 carne,
1094 2324 1215 2380 qua
1257 2323 1344 2364 me
1379 2324 1533 2364 nunc
1571 2309 1804 2376 cruciat,
1839 2326 1960 2380 quae
1991 2327 2137 2366 nunc
2177 2327 2286 2380 prae

703 2402 894 2457 dolore
918 2403 1176 2459 distillat.
1203 2403 1413 2459 Idcirco
1447 2403 1613 2459 Deum
1647 2403 1699 2458 in
1729 2419 1894 2459 carne
1920 2406 2283 2474 conspiciam,

701 2495 829 2565 quia
881 2510 1072 2551 omnes
1127 2496 1476 2551 inﬁrmitates
1520 2511 1672 2552 meas
1727 2512 1827 2552 sua
1883 2498 2286 2553 resurrectione

703 2589 934 2643 sanavit.
975 2588 1170 2643 Nonne
1214 2588 1311 2642 tibi
1358 2589 1576 2643 videtur
1617 2588 1728 2658 jam
1781 2598 1910 2644 tunc
1944 2588 2048 2644 Job
2094 2600 2282 2645 contra

702 2681 990 2752 Origenem
1031 2680 1274 2736 scribere
1299 2723 1313 2747 ,
1350 2689 1405 2736 et
1433 2695 1534 2750 pro
1567 2681 1753 2737 carnis
1787 2683 2018 2737 veritate
2039 2723 2053 2748 ,
2090 2683 2144 2737 in
2178 2698 2283 2752 qua

703 2783 978 2830 tormenta
1027 2775 1324 2850 sustinuit,
1359 2774 1588 2829 alterum
1621 2782 1814 2830 contra
1863 2775 2144 2831 hmreticos
2193 2775 2285 2830 ba-

706 2871 837 2924 bere
898 2867 1220 2922 certamen?
1271 2867 1424 2921 Dolet
1468 2867 1649 2930 enim,
1690 2869 1736 2922 si
1771 2877 1918 2922 tanta
1961 2868 2031 2923 sit
2082 2868 2284 2923 frustra

705 2973 1020 3028 perpessus,
1046 2966 1101 3014 et
1127 2958 1229 3011 alia
1261 2955 1618 3027 spiritualiter
1649 2967 1990 3026 resurgente,
2022 2958 2123 3012 ista
2157 2975 2282 3013 car-

703 3051 904 3106 naliter
933 3052 1178 3106 cruciata
1214 3051 1306 3105 sit.
1343 3047 1496 3104 Unde
1530 3049 1767 3104 inculcat
1798 3060 1852 3104 et
1883 3059 2197 3119 exaggerat,
2227 3060 2283 3106 et

701 3143 887 3198 omnia
933 3143 1154 3198 lubricae
1197 3141 1563 3197 confessionis
1596 3157 1795 3196 arcana
1833 3143 2117 3198 manifesta
2153 3161 2282 3200 voce

2387 644 2552 683 sexus
2585 646 2747 700 opere
2775 632 3051 688 vixerunt.
3077 632 3308 701 Quando
3333 634 3535 688 dicitur
3562 652 3576 688 :
3607 653 3626 687 ι
3662 636 3718 690 In
3751 635 3844 690 illa
3882 636 3976 690 die

2388 735 2565 790 neque
2595 723 2822 788 nubent,
2857 738 3033 794 neque
3063 724 3337 780 nubentur
3368 725 3584 797 (Matth.
3621 743 3757 792 χιιι,
3788 728 3904 796 50),
3952 747 3969 777 ι

2385 813 2450 866 de
2486 814 2567 866 his
2598 814 2837 882 dicitur,
2874 817 2966 886 qui
3003 827 3236 886 possunt
3267 821 3472 875 nubere
3498 861 3514 885 ,
3550 829 3604 875 et
3639 828 3819 876 tamen
3863 841 3974 877 non

2387 907 2613 962 nubent.
2656 907 2825 964 Nemo
2869 911 3016 965 enim
3054 912 3186 968 dicit
3223 914 3291 969 de
3337 914 3548 985 angelis
3585 933 3597 969 :
3637 934 3655 967 ι
3705 913 3825 971 Non
3873 934 3978 972 nu-

2385 998 2544 1064 bent,
2581 1017 2758 1072 nequc
2789 1003 3084 1060 nubentur.
3131 1024 3151 1060 s
3187 1003 3302 1078 Ego
3335 1024 3615 1079 nunquam
3647 1011 3828 1065 audivi
3863 1015 3978 1083 spi-

2385 1094 2666 1149 ritualium
2699 1095 2976 1153 Virtutum
3014 1100 3068 1154 in
3102 1100 3244 1157 etelo
3274 1103 3498 1173 nuptias
3532 1105 3800 1160 celebrari
3837 1125 3850 1162 :
3878 1113 3975 1162 sed

2387 1190 2478 1243 ubi
2510 1204 2674 1246 sexus
2704 1203 2814 1256 est,
2847 1193 2922 1248 ibi
2956 1197 3039 1249 vir
3064 1203 3117 1250 et
3152 1195 3376 1252 femina.
3407 1195 3569 1253 Unde
3596 1209 3650 1254 ct
3682 1209 3738 1253 tu
3771 1202 3978 1254 invitus

2387 1283 2548 1350 licet,
2585 1293 2817 1357 cogente
2867 1290 3133 1354 veritate,
3181 1289 3471 1347 confessus
3503 1307 3597 1356 es,
3637 1302 3690 1348 et
3721 1293 3911 1348 dixisti
3965 1315 3973 1338 τ

2392 1403 2410 1436 ‹
2452 1386 2559 1438 Aut
2597 1385 2950 1440 coronandus
2995 1387 3048 1439 in
3093 1401 3368 1457 corpore,
3413 1389 3557 1458 quod
3594 1399 3741 1444 caste
3775 1390 3887 1460 egit
3925 1401 3978 1442 et

2381 1477 2548 1548 iuste,
2586 1487 2679 1531 ant
2708 1477 3164 1533 condemnandus
3234 1481 3286 1534 in
3334 1496 3584 1549 corpore.
3628 1483 3772 1550 quod
3824 1483 3982 1535 volu-

2380 1571 2628 1638 ptatibus
2697 1569 3089 1640 iuiquitatique
3136 1572 3380 1628 servivit.
3425 1590 3444 1623 ο
3497 1573 3648 1626 Tolle
3677 1589 3883 1643 corpus
3926 1588 3981 1629 et

2387 1678 2527 1729 pone
2560 1678 2818 1731 carnem,
2857 1675 2912 1718 et
2945 1665 3123 1718 virum
3164 1679 3227 1720 ac
3267 1663 3528 1720 feminam
3578 1681 3686 1720 non
3737 1668 3978 1736 negasti.

2385 1753 2521 1818 Quis
2550 1755 2700 1809 enim
2732 1758 2866 1811 vivit
2894 1773 3020 1810 cum
3060 1757 3233 1825 gloria
3279 1759 3556 1828 pudicitia?
3590 1759 3684 1828 qui
3731 1775 3840 1812 non
3879 1760 3978 1814 ha-

2387 1847 2481 1900 bet
2522 1846 2544 1877 ⁴
2587 1863 2774 1901 serum
2801 1888 2816 1914 ,
2860 1864 2958 1916 per
2991 1863 3152 1917 quem
3204 1850 3474 1904 committi
3518 1851 3697 1920 potuit
3734 1852 3974 1920 impudi-

2390 1939 2556 1993 cilia?
2595 1939 2730 2007 Quis
2763 1941 2907 1995 enim
2941 1955 3185 2010 unquam
3229 1941 3466 2011 lapidem
3504 1945 3812 2006 coronavit,
3847 1944 3975 2013 quia

2389 2033 2541 2101 virgo
2591 2034 3004 2102 permanserit?
3063 2033 3401 2101 Angelorum
3458 2035 3619 2089 nobis
3676 2035 3979 2089 similitudo

2389 2125 2750 2196 promittitur,
2775 2125 2829 2178 id
2856 2134 2941 2179 est
2997 2124 3277 2179 beatitudo
3305 2126 3396 2179 illa
3447 2126 3501 2180 in
3529 2143 3635 2196 qua
3663 2128 3784 2182 sine
3810 2143 3979 2182 carm

2387 2227 2440 2272 et
2471 2232 2602 2271 sexu
2638 2225 2767 2270 sunt
2799 2217 3006 2286 angeli,
3041 2217 3198 2271 nobis
3234 2218 3287 2271 in
3321 2233 3488 2272 carne
3522 2228 3576 2273 et
3611 2235 3746 2274 sexu
3782 2228 3978 2274 nostro

2362 2309 2705 2385 .donabitur.
2731 2309 2846 2364 Mea
2881 2311 3162 2364 rusticitas
3189 2309 3270 2365 sic
3298 2310 3495 2378 credit,
3525 2321 3576 2366 et
3611 2311 3691 2366 sic
3717 2312 3972 2382 intelligit

2387 2417 2578 2457 sexum
2625 2402 2872 2457 confiteri
2910 2403 3030 2457 sine
3071 2417 3302 2458 sexuum
3357 2405 3620 2470 operibus
3658 2422 3672 2459 :
3718 2407 3972 2460 homines

2391 2509 2698 2564 resurgere,
2731 2505 2782 2547 et
2818 2495 2899 2549 sic
2930 2510 3026 2550 eos
3057 2496 3267 2564 angelis
3299 2495 3596 2567 adaquari.
3633 2497 3740 2552 Nec
3777 2501 3968 2553 statim

2389 2586 2664 2656 superﬂua
2710 2589 2984 2642 videbitur
3019 2591 3394 2644 membrorum
3434 2591 3810 2655 resurrectio,
3851 2606 3973 2659 qua:

2389 2679 2631 2734 caritura
2672 2681 2785 2735 sint
2828 2680 3007 2735 oﬁicio
3043 2697 3179 2748 suo;
3219 2697 3344 2737 cum
3393 2683 3574 2738 adhuc
3622 2685 3677 2738 in
3725 2685 3828 2739 bac
3865 2686 3972 2740 vita

2386 2769 2592 2839 positi,
2645 2769 2890 2824 nitamur
2940 2787 3108 2842 opera
3158 2789 3264 2826 non
3311 2775 3536 2841 implere
3566 2775 3967 2829 membrorum.

2391 2859 2702 2914 Similitudo
2737 2871 2919 2914 autem
2970 2863 3037 2917 ad
3091 2863 3357 2934 angelos,
3410 2879 3515 2919 nou
3569 2864 3857 2919 hominum
3913 2867 3966 2918 in

2387 2953 2612 3021 angelos
2642 2953 2970 3021 demutatio,
3005 2957 3101 3012 sed
3137 2956 3420 3027 profectus
3452 2960 3883 3015 inuuortalitatis
3915 2971 3972 3016 et

2388 3046 2572 3116 gloriae
2602 3053 2706 3103 cst.

2459 3141 2547 3192 52.
2583 3141 2759 3193 Enoclt
2789 3153 2835 3195 et
2865 3141 3014 3195 Elia:
3038 3145 3249 3196 iterum.
3272 3173 3340 3184 —-
3359 3143 3700 3212 Argumenta
3726 3160 3856 3201 vero
3883 3147 3972 3201 iila

701 3235 1012 3300 concludit,
1043 3235 1235 3289 dicens
1265 3251 1279 3290 :
1322 3251 1340 3285 ι
1375 3233 1544 3300 Quem
1588 3236 1806 3288 visurus
1835 3251 1954 3288 sum
1989 3251 2089 3306 ego
2126 3237 2280 3306 ipse,
2312 3247 2354 3301 (ι
2392 3249 2711 3301 puerorum,
2753 3247 2806 3290 et
2837 3236 3124 3290 infantiqu
3150 3275 3166 3302 ,
3217 3246 3269 3292 et
3303 3252 3538 3303 senum,
3579 3247 3633 3293 et
3673 3239 3928 3294 ciborum
3955 3279 3975 3304 ,

697 3339 755 3384 et
784 3327 928 3384 ocnli
966 3327 1071 3381 mei
1103 3326 1448 3396 conspecturi
1481 3336 1629 3386 sunt,
1661 3335 1710 3380 et
1746 3343 1854 3381 non
1890 3330 2051 3382 alius.
2095 3347 2112 3380 ι
2153 3328 2200 3383 Is
2236 3331 2279 3384 si

699 3437 809 3478 non
851 3437 982 3477 sexu
1027 3434 1127 3474 suo
1162 3417 1182 3448 ³
1220 3429 1629 3474 resurrecturus
1669 3430 1784 3480 est.
1832 3421 1875 3473 si
1929 3437 2034 3474 non
2072 3421 2282 3476 eisdem

700 3513 961 3569 membris
1026 3527 1149 3582 quae
1181 3511 1404 3580 jacuere
1443 3511 1494 3564 in
1527 3523 1793 3572 stercore.
1831 3512 1874 3565 si
1914 3528 2021 3566 non
2060 3514 2281 3568 eosdem

700 3607 890 3680 oculos
917 3605 1131 3675 aperiat
1159 3603 1227 3657 ad
1261 3603 1553 3657 videndum
1589 3601 1780 3665 Deum,
1809 3603 2014 3671 quibus
2048 3612 2176 3658 tunc
2207 3604 2283 3656 vi-

699 3700 862 3753 debat
894 3695 1221 3752 vermiculos
1252 3695 1294 3758 ⁵,
1333 3694 1424 3749 ubi
1462 3694 1565 3749 erit
1596 3693 1762 3765 439
1788 3710 1917 3764 ergo
1947 3693 2086 3748 Job?
2116 3695 2286 3751 Tullis

698 3803 759 3846 ea
789 3787 842 3840 in
868 3786 1066 3856 quibus
1093 3784 1341 3840 substitit
1374 3783 1477 3838 Job
1501 3826 1517 3843 .
1549 3794 1604 3838 et
1631 3787 1801 3840 donas
1833 3786 1960 3839 inibi
1996 3787 2160 3840 inane
2193 3801 2286 3840 vo-

699 3877 954 3930 uabulum
985 3875 1326 3944 resurgentis
1355 3891 1368 3927 ε
1397 3876 1677 3943 quomodo
1708 3875 1751 3927 si
1783 3877 1960 3928 navim
1995 3884 2115 3944 post
2148 3890 2285 3928 naue

702 3967 940 4036 tragium
978 3965 1284 4020 restitutam
1317 3965 1476 4028 velis,
1515 3981 1577 4020 ac
1608 3981 1775 4036 neges
1811 3965 2023 4035 singula
2055 3967 2122 4021 de
2155 3967 2282 4036 qui-

700 4061 802 4114 bus
837 4057 992 4113 navis
1018 4057 1396 4111 construitur.

770 4152 860 4206 δι.
905 4149 1120 4206 Veritas
1146 4148 1560 4203 resurrectionis
1591 4148 1648 4201 in
1694 4163 1798 4217 quo
1829 4149 1921 4202 sit.
1972 4147 2282 4202 Similitudo

702 4245 1012 4315 angelorum
1050 4241 1198 4297 nobis
1235 4241 1500 4312 promissa
1537 4241 1592 4294 in
1623 4257 1724 4308 quo
1762 4241 1853 4295 sit.
1877 4269 1938 4280 —
1967 4238 2079 4310 Ego
2113 4241 2281 4295 libere

701 4335 902 4394 dicam.
933 4345 986 4389 et
1013 4347 1327 4404 quanquam
1364 4331 1665 4402 torqueatis
1697 4345 1815 4394 ora,
1850 4331 2078 4385 trabatis
2107 4331 2284 4401 capil-

703 4431 838 4494 lum,
868 4425 1214 4497 applaudatis
1245 4425 1381 4496 pede
1411 4427 1453 4494 ',
1492 4422 1809 4478 Iudaeorum
1848 4424 2056 4493 lapides
2087 4425 2278 4495 requi-

702 4522 869 4586 ratis,
908 4520 1065 4574 ﬁdem
1109 4517 1372 4574 Ecclesiae
1413 4518 1762 4587 apertissime
1793 4518 2117 4571 conﬁtebor.
2173 4517 2281 4574 Re-

700 4613 1061 4668 surrectionis
1091 4611 1293 4665 veritas
1322 4608 1440 4664 sine
1467 4623 1632 4662 carne
1660 4619 1714 4663 et
1741 4608 1978 4674 ossibus,
2007 4608 2127 4663 sine
2155 4626 2282 4664 san-
2313 4593 2356 4648 [δ

703 4707 866 4775 guine
896 4715 949 4760 et
983 4701 1264 4767 membris,
1301 4701 1529 4769 intelligi
1564 4717 1670 4754 non
1705 4710 1902 4770 potest.
1936 4699 2035 4754 Ubi
2070 4715 2199 4755 caro
2227 4710 2282 4756 et

701 4813 850 4863 ossa,
879 4807 934 4851 et
961 4794 1187 4865 sanguis
1213 4802 1266 4847 et
1299 4792 1539 4846 membra
1572 4803 1719 4858 sunt,
1753 4793 1822 4846 ibi
1853 4807 2077 4847 necesse
2106 4803 2191 4847 est
2223 4801 2282 4846 ut

703 4905 864 4944 sexus
897 4888 1184 4942 diversitas
1221 4885 1312 4940 sit.
1366 4881 1463 4955 Ubri
1513 4898 1680 4937 sexus
1713 4883 2004 4939 diversitas
2037 4897 2156 4948 est,
2208 4885 2280 4939 ibi

706 4983 940 5036 Joannes
973 4980 1234 5042 Ioannes,
1267 4979 1430 5032 Maria
1466 4976 1657 5031 Maria.
1698 4976 1817 5032 Noli
1852 4980 2044 5032 timere
2083 4994 2278 5034 eorum

781 5195 794 5223 ¹
833 5192 890 5244 In
930 5191 1116 5243 codice
1153 5191 1208 5242 S.
1241 5189 1458 5252 (Irueis,
1499 5187 1652 5240 Not-it
1687 5195 1734 5240 et
1765 5187 1903 5255 ﬁdus
1936 5199 2033 5254 est,
2067 5197 2120 5243 et
2157 5205 2278 5242 mox

709 5263 1020 5330 Redemptor
1053 5272 1196 5314 tuus.

776 5338 793 5364 ¹
836 5327 1104 5385 Ιη’θούειη
1133 5371 1146 5390 .
1177 5330 1254 5383 lbi
1291 5345 1407 5381 ossa
1445 5339 1491 5380 et
1527 5328 1716 5381 nervi:
1748 5327 1944 5382 deinde
1973 5328 2061 5380 ubi
2099 5329 2276 5382 carnis

707 5416 998 5457 struuura.
1042 5399 1211 5454 Paulo
1243 5410 1387 5469 post,
1428 5397 1631 5452 Videbit
1662 5402 1950 5452 salutarem
1971 5398 2084 5463 Dei,
2119 5398 2172 5450 id
2201 5411 2278 5452 est

705 5475 886 5529 Jesum
927 5472 1231 5525 Dominum.

778 5547 794 5577 ³
840 5543 938 5595 llis.
972 5542 1028 5596 Si
1061 5558 1158 5594 non
1192 5542 1243 5593 in
1276 5555 1403 5593 sexu
1435 5558 1551 5596 suo.

777 5617 798 5644 ⁸
839 5613 980 5669 Idem
1017 5611 1160 5664 Tunc
1188 5613 1391 5662 videbat
1422 5613 1753 5671 vermiculos.
1787 5622 1836 5665 et
1867 5613 2110 5665 radebat.

779 5687 797 5715 ⁸
837 5685 988 5750 Saepe
1017 5683 1140 5734 alibi
1177 5681 1540 5750 Hieronymus
1573 5683 1854 5753 applodere
1888 5683 2066 5753 pedem
2099 5680 2239 5753 dixit
2262 5721 2275 5743 .

708 5769 869 5824 atque
903 5753 989 5806 bic
1016 5754 1232 5820 quidem
1263 5753 1560 5819 applodatis
1597 5769 1695 5823 pro
1727 5752 2075 5823 applaudatis
2105 5752 2281 5805 liben-

710 5841 813 5880 tius
856 5825 1111 5892 legerem.

784 5907 800 5923 ι
836 5887 1012 5948 Codex
1060 5892 1116 5946 S.
1147 5887 1344 5949 Crucis
1367 5936 1381 5960 ,
1416 5892 1557 5960 Quid
1598 5893 1733 5948 enim
1774 5893 1908 5963 iuvit
1943 5908 2060 5948 eum
2103 5891 2276 5963 gloria

2293 5104 2372 5178 (ι)

2391 3327 2556 3398 440
2575 3338 2628 3381 et
2653 3339 2980 3393 stercorum,
3008 3329 3208 3398 quibus
3236 3330 3524 3385 adversum
3552 3331 3832 3386 Eeclesias
3856 3344 3975 3386 uie-

2392 3422 2469 3473 ris
2495 3460 2510 3482 ,
2547 3435 2654 3473 non
2686 3428 2814 3473 sunt
2843 3430 2984 3475 tua:
3021 3422 3086 3476 de
3126 3422 3408 3491 gentilium
3463 3422 3611 3477 fonte
3652 3436 3970 3479 manarunt.

2392 3510 2591 3566 Eadem
2621 3513 2765 3564 enim
2797 3523 3078 3581 opponunt
3114 3513 3272 3568 nobis
3298 3514 3524 3569 ethnici.
3561 3516 3664 3582 Qui
3698 3517 3976 3572 Christia-

2390 3617 2519 3654 num
2548 3617 2669 3656 esse
2703 3611 2752 3656 te
2782 3603 2939 3670 dicis,
2972 3603 3253 3674 gentilium
3288 3621 3442 3660 arma
3476 3607 3707 3676 depone.
3745 3607 3971 3663 Discant

2391 3693 2466 3748 illi
2525 3696 2698 3765 magis
2746 3711 2775 3749 a
2829 3707 2880 3752 te
2931 3699 3398 3754 resurrectionem
3453 3705 3635 3755 carnis
3679 3701 3975 3766 conﬁteri.

2390 3802 2553 3856 quam
2590 3797 2643 3840 tu
2682 3789 2749 3843 ab
2789 3789 2898 3845 illis
2933 3806 3159 3859 negare.
3197 3791 3306 3845 Aut
3341 3791 3388 3844 si
3427 3802 3484 3845 et
3523 3801 3579 3846 tu
3616 3790 3684 3846 de
3726 3792 3976 3846 hostium

2391 3895 2622 3935 numero
2652 3895 2732 3945 es,
2771 3881 3001 3936 ostende
3034 3888 3087 3935 te
3117 3880 3288 3936 libere
3316 3882 3713 3946 adversarium,
3751 3891 3812 3936 ut
3849 3884 3978 3938 eth-

2388 3973 2644 4026 nicorum
2683 3973 2955 4036 suscipias
3007 3973 3254 4028 vulnera.
3309 3974 3464 4029 Dono
3516 3975 3616 4028 tibi
3667 3977 3979 4030 nutriculas

2388 4074 2531 4131 tuas,
2571 4081 2640 4121 ne
2669 4066 2891 4136 vagiant
2923 4066 3209 4133 infantes;
3247 4067 3394 4123 dono
3433 4067 3746 4139 decrepitos
3783 4084 3970 4128 senes.

2390 4173 2458 4212 ne
2511 4157 2743 4213 hiberno
2796 4159 3000 4230 frigore
3050 4161 3471 4216 contrahantur.
3534 4161 3758 4216 Frustra
3800 4165 3969 4218 etiam

2390 4259 2640 4304 tonsores
2686 4253 2918 4306 artiﬁcia
2951 4253 3299 4319 didicerunt,
3335 4257 3571 4310 scientes
3606 4253 3971 4309 Israeliticum

2387 4345 2640 4413 populum
2669 4359 2762 4413 per
2783 4345 3145 4414 quadraginta
3168 4361 3366 4408 annos.
3394 4362 3492 4400 nec
3513 4349 3774 4416 unguium
3801 4345 3839 4410 τ,
3866 4362 3971 4401 nec

2389 4436 2713 4505 capillorum
2745 4437 3080 4492 incrementa
3106 4440 3349 4492 sensisse
3375 4454 3390 4491 :
3418 4447 3473 4492 et
3501 4439 3643 4508 quod
3673 4439 3756 4492 bis
3788 4439 3971 4506 majus

2387 4537 2489 4592 est,
2534 4543 2639 4582 non
2671 4539 2798 4584 sunt
2832 4531 3018 4584 attrita
3053 4530 3378 4584 vestimenta
3410 4545 3635 4592 eorum;
3671 4544 3770 4583 nec
3808 4530 3966 4582 inve-

2387 4631 2699 4677 teraverunt
2730 4623 3101 4679 calceamenta
3133 4639 3348 4678 eorum.
3386 4621 3572 4677 Euocb
3606 4632 3660 4677 et
3694 4623 3862 4687 Elias,
3905 4625 3972 4675 de

2389 4711 2591 4781 quibus
2637 4712 2842 4766 dudum
2887 4713 3166 4778 diximus,
3201 4723 3351 4768 tanto
3397 4695 3642 4781 tempore
3686 4711 3738 4765 iu
3773 4712 3966 4764 eadem

2387 4812 2708 4874 permanent
2747 4815 2904 4858 aetate
2934 4846 2949 4871 ,
2991 4820 3097 4875 qua
3128 4808 3265 4875 rapti
3303 4815 3450 4860 sunt.
3487 4804 3698 4859 Habent
3731 4805 3930 4859 dentes
3955 4845 3972 4871 ,

2387 4910 2654 4959 ventrem.
2692 4900 2976 4967 genitalia,
3013 4909 3067 4954 et
3122 4910 3297 4954 tamen
3338 4915 3443 4954 nec
3475 4899 3632 4958 cibis.
3673 4914 3773 4952 nec
3815 4914 3970 4952 uxo-

2387 4991 2541 5046 ribus
2571 4992 2813 5060 indigent
2843 4993 2882 5046 ⁸.
2921 4992 3062 5058 Quid
3097 4993 3396 5062 potentiam
3433 4991 3526 5045 Dei
3559 4991 3920 5047 calumniaris
3951 4992 3974 5047 ἲ

2385 5201 2676 5268 pudicitia.
2709 5201 2799 5270 qui
2829 5217 2930 5253 non
2961 5201 3168 5264 habuit,
3203 5210 3307 5256 etc.

2458 5272 2476 5301 ⁷
2513 5273 2586 5324 Ex
2622 5269 2973 5344 Hebraiorum
3019 5274 3277 5341 opinione
3303 5269 3536 5344 dixerit.
3563 5271 3764 5340 quibus
3797 5285 3969 5344 exag-

2384 5357 2576 5409 gerare
2604 5340 2853 5410 prodigia
2887 5339 3130 5397 solemne
3161 5350 3264 5394 est.
3307 5339 3526 5409 Ungues
3557 5339 3610 5396 et
3642 5356 3830 5395 comas
3871 5339 3972 5411 pei-

2383 5414 2746 5534 quadlragiuta
2799 5426 2978 5466 annos
3015 5428 3121 5468 non
3174 5424 3591 5467 succrescentes
3636 5413 3841 5482 passim
3891 5413 3970 5465 illi

2385 5495 2496 5534 [ira
2540 5490 2704 5534 tcant.

2384 5490 2704 5550 pradicant.

2455 5550 2476 5581 '
2509 5550 2643 5606 Cod.
2671 5551 2730 5605 S.
2756 5552 2952 5609 Crucis
2983 5569 3074 5607 nec
3102 5555 3351 5608 uxoribus
3377 5564 3622 5608 utuntur.
3655 5551 3770 5605 Hos
3805 5564 3970 5608 vetus

2383 5620 2516 5674 edit.
2551 5637 2649 5690 pro
2684 5622 2873 5678 Graeco
2901 5625 3068 5677 verbo
3109 5625 3423 5693 ὲντιριὼνη,
3466 5623 3706 5679 interiori
3753 5626 3960 5688 habet;

2385 5706 2490 5766 t_ns.
2523 5701 2732 5754 uoster,
2759 5693 3225 5766 quemadmodum
3255 5705 3308 5748 ct
3333 5711 3523 5766 supra,
3546 5693 3815 5766 uiterieris
3837 5693 3971 5762 legit

2392 5759 2563 5815 ferme
2593 5777 2718 5816 cum
2772 5763 3001 5818 Erasmo
3050 5772 3104 5816 et
3136 5759 3634 5823 VictorioIlletole
3660 5759 3966 5819 Martiau'zi

2384 5845 2504 5900 quae
2531 5835 2786 5903 sequitur
2817 5835 3251 5891 adnotationem.
