4202 6482
174 443 264 504 ιοι
1211 447 1515 509 CONTRA
1560 449 1917 511 JOANNEM
1953 450 2373 515 IIlE'RUSOL.

3354 450 3463 515 402

162 560 252 625 qui
281 568 468 627 potest
498 559 571 614 rle
604 560 844 616 medulla
878 560 967 615 illa
994 571 1049 615 et
1076 561 1141 617 de
1169 564 1467 618 seminario
1504 576 1682 620 vestro
1717 567 1753 629 ί,
1788 573 1830 625 Α
1861 562 2006 616 enim
2037 563 2129 633 qui
2157 579 2184 615 a
2215 564 2324 618 Deo
2348 571 2450 629 est,
2478 565 2746 621 medicina
2770 574 2855 621 est
2884 564 3106 620 ossibus
3136 562 3403 633 ipsorum.
3436 583 3449 612 ι

162 651 460 722 ἑντῑριὼνη
488 692 505 715 .
566 668 682 708 non
734 671 930 710 carnes
972 664 1177 710 tantum
1219 655 1282 710 de
1325 660 1583 713 carnibus
1610 699 1623 721 ,
1657 661 1757 714 sed

161 762 361 816 corpus
408 746 697 811 educere.
751 757 809 803 et
858 748 1007 803 aliud
1059 764 1125 804 es
1176 748 1286 804 alio
1338 750 1558 819 facere;
1611 752 1761 807 etde

162 853 299 902 aqua
333 841 377 904 ’,
411 838 467 894 id
497 849 590 896 est
648 841 718 896 de
753 841 965 897 vilitate
996 843 1271 907 carnium,
1314 843 1555 914 pretiosa
1583 854 1636 900 et
1670 860 1762 901 ae-

163 932 239 987 rei
285 933 546 1003 corporis
597 934 721 989 vina
754 934 776 966 ³
806 945 1020 991 mutare
1053 953 1066 990 :
1100 945 1281 1006 potest
1325 939 1514 1009 utique
1561 940 1758 997 eadem

165 1026 434 1091 potentia,
468 1040 584 1092 qua
615 1024 685 1081 de
716 1026 891 1083 nihilo
922 1037 1121 1084 cuncta
1160 1030 1467 1088 fabricatus
1497 1042 1601 1101 est,
1635 1035 1759 1090 red-

162 1118 292 1173 dere
313 1134 444 1186 qua:
470 1117 703 1175 fuerunt
736 1138 751 1176 :
781 1122 908 1192 quia
940 1123 1112 1177 multo
1141 1123 1325 1179 minus
1355 1134 1437 1179 est
1471 1125 1762 1184 restituere

166 1214 313 1283 quod
348 1210 546 1275 fuerit.
581 1230 746 1285 quam
780 1216 963 1271 facere
994 1217 1139 1286 quod
1176 1231 1282 1272 non
1314 1216 1438 1273 fuit.
1470 1218 1687 1276 Miraris
1719 1223 1763 1277 si

174 1308 239 1361 ile
270 1307 591 1363 infantibus
618 1317 671 1364 et
698 1308 928 1364 senibus
958 1307 1011 1363 in
1045 1310 1272 1379 perfecti
1304 1311 1404 1365 viri
1430 1320 1647 1367 aetatem
1684 1329 1765 1369 re-

172 1402 455 1455 surrectio
484 1402 605 1466 ﬁat,
634 1417 760 1458 cum
793 1402 862 1458 do
891 1402 1018 1456 limo
1051 1411 1210 1459 terra
1245 1403 1455 1475 absque
1489 1406 1614 1463 ullis
1638 1417 1767 1463 asta-

168 1506 282 1548 tum
323 1494 693 1550 incrementis
718 1535 735 1560 ,
778 1504 1199 1551 consummatus
1241 1498 1409 1551 homo
1448 1498 1624 1555 factus
1656 1501 1768 1556 sit?

163 1588 329 1642 Costa
362 1596 619 1641 mutatur
649 1588 702 1641 in
737 1586 1021 1654 feminam;
1063 1597 1118 1643 et
1158 1589 1323 1644 tertio
1355 1589 1610 1647 ltumante
1639 1609 1767 1649 con-

164 1680 393 1735 ditionis
427 1680 601 1735 modo
629 1719 645 1744 ,
684 1681 814 1737 vilia
847 1690 903 1736 et
931 1681 1185 1751 pudenda
1224 1692 1428 1740 nostrae
1461 1687 1768 1743 nativitatis

162 1776 436 1826 elementa
469 1781 759 1828 mutantur
788 1775 845 1827 in
876 1788 1073 1829 carnes
1109 1792 1123 1828 :
1164 1775 1405 1845 ligantur
1433 1779 1696 1833 membris
1725 1780 1765 1849 ⁵,

162 1864 491 1919 discurrunt
520 1865 576 1919 in
609 1880 803 1932 venas,
834 1864 888 1920 in
919 1880 1046 1921 ossa
1079 1870 1370 1924 durantur.
1399 1868 1497 1926 Vis
1527 1882 1580 1926 et
1607 1888 1771 1942 quar—

165 1968 281 2011 tum
316 1975 499 2029 genus
528 1961 783 2016 humanae
806 1961 1180 2029 generationis
1213 1963 1445 2018 audire?
1475 1984 1492 2015 ι
1526 1963 1765 2035 Spiritus

161 2068 398 2106 sanc=us
454 2056 813 2124 superveniet
876 2055 930 2109 in
986 2064 1081 2119 te.
1139 2068 1195 2111 et
1260 2057 1435 2112 virtus
1492 2057 1762 2115 Altissinti

162 2148 527 2201 (lbﬂlltbi‘ahil
577 2149 696 2203 tibi.
748 2150 1043 2220 Propterea
1094 2150 1241 2221 quod
1301 2162 1563 2207 nascetur
1602 2171 1667 2207 ex
1709 2162 1763 2209 te

160 2248 446 2307 sanetum,
482 2242 770 2298 vocabitur
796 2243 967 2299 Filius
1000 2242 1089 2299 Dei
1136 2243 1289 2315 (Luc.
1324 2261 1363 2309 ι,
1389 2244 1541 2317 55).»
1588 2247 1763 2302 Aliter

160 2335 361 2393 Adam.
398 2332 567 2388 aliter
611 2333 740 2400 Eva,
783 2335 943 2391 aliter
981 2337 1141 2404 Abel,
1186 2337 1349 2392 aliter
1396 2338 1562 2392 homo
1601 2337 1764 2394 Jesus

162 2422 448 2478 Christus.
506 2423 572 2477 Et
622 2424 679 2478 in
727 2428 990 2483 omnibus
1034 2429 1272 2486 diversis
1315 2429 1601 2495 exordiis,
1656 2446 1763 2485 una

165 2515 418 2570 hominis
454 2525 658 2572 natura
686 2533 796 2573 non
826 2519 1032 2577 diﬂ’ert.

236 2607 332 2662 33.
381 2607 719 2663 Testimonia
765 2629 885 2679 qua
921 2614 1154 2682 probant
1200 2633 1378 2671 verant
1420 2620 1764 2673 resurrectio-

168 2718 313 2754 tum.
360 2700 789 2757 Rcsurrrctionis
837 2705 1158 2760 vocabulum
1204 2709 1334 2779 quid
1384 2711 1669 2779 signiﬁcet.
1700 2744 1765 2757 —

170 2795 661 2851 Resurrectionem
718 2798 900 2853 carnis
971 2799 1329 2870 omniumque
1371 2801 1530 2875 “1
1591 2820 1761 2858 mem-

168 2887 402 2941 brorum
442 2890 491 2942 si
527 2890 688 2943 velint
723 2891 975 2959 probare,
1007 2901 1061 2945 et
1100 2893 1166 2947 ad
1198 2894 1411 2963 singula
1446 2896 1761 2951 testimonia

168 2980 606 3049 esplanaiiunes
647 2983 982 3053 adiungere,
1024 2985 1208 3041 multis
1248 2986 1402 3042 libris
1436 3003 1573 3055 opus
1607 2990 1710 3043 erit
1746 3007 1759 3045 ε

170 3073 265 3125 sed
316 3088 567 3141 praesens
615 3088 785 3128 causa
838 3076 941 3129 hoc
993 3090 1101 3129 non
1152 3075 1451 3131 desiderat.
1494 3079 1761 3147 PrOposui

168 3166 346 3231 enim,
371 3181 486 3219 non
510 3163 735 3234 Origeni
760 3167 814 3220 in
840 3167 1096 3223 omnibus
1118 3168 1470 3234 respondere,
1498 3172 1590 3226 sed
1615 3172 1763 3226 frau-

1867 657 2023 712 Tunc
2068 657 2387 727 implebitur
2418 660 2561 728 quod
2602 660 2867 715 Dominus
2906 659 3147 729 loquitur
3189 673 3284 727 per
3321 673 3449 727 pro-

1866 754 2087 823 phetam
2122 773 2135 808 :
2172 773 2189 807 α
2225 754 2470 824 Populus
2507 769 2683 816 incus.
2717 755 2858 809 intra
2895 755 2948 809 in
2980 738 3202 809 cellaria
3238 764 3327 807 tua
3355 752 3455 806 ali—

1863 848 2220 914 quantulum,
2254 846 2433 901 donec
2466 845 2545 899 ira
2578 860 2697 899 mea
2734 852 2971 900 transeat
3005 843 3142 915 (Isa.
3180 860 3323 902 xxvi.
3356 844 3451 904 9.0.

1865 952 1969 989 sec.
1994 935 2166 990 LXX.
2206 956 2223 988 ι
2271 935 2505 992 Cellaria
2554 936 2807 1006 sepulcra
2842 935 3174 1005 signiﬁcant,
3235 935 3302 989 de
3331 936 3461 1004 qui-

1871 1027 1975 1083 bus
2011 1029 2115 1084 hoc
2150 1030 2336 1099 utique
2380 1029 2699 1101 profertur,
2742 1029 2886 1100 quod
2926 1029 3207 1085 conditum
3248 1027 3441 1083 fuerat.

1866 1118 1933 1174 Et
1960 1120 2179 1175 exibunt
2206 1120 2274 1176 de
2305 1122 2569 1191 sepulcris
2598 1122 2735 1186 suis,
2776 1120 2943 1176 veluti
2998 1119 3211 1174 hinnuli
3243 1119 3308 1174 de
3338 1119 3453 1175 vitr-

1869 1214 2012 1270 culis
2053 1213 2246 1269 soluti.
2288 1212 2553 1271 Gaudehit
2585 1231 2679 1271 cor
2724 1232 2920 1272 eorum
2946 1253 2963 1281 ,
3000 1222 3055 1268 et
3095 1229 3223 1270 ossa
3259 1228 3452 1269 eorum

1870 1308 2019 1362 sicut
2051 1307 2130 1360 sol
2159 1308 2447 1376 orientur;
2479 1308 2657 1363 veniet
2688 1308 2871 1365 omnis
2906 1323 3039 1363 caro
3075 1306 3129 1362 in
3157 1316 3453 1377 conspectu

1870 1399 2114 1464 Domini,
2144 1409 2198 1456 ct
2231 1400 2514 1455 mandabit
2545 1402 2789 1472 piscibus
2819 1401 3011 1467 maris,
3042 1410 3097 1456 et
3128 1401 3457 1455 ernctabnnt
3492 1453 3494 1455 ,

1870 1507 1996 1547 Ossa
2024 1508 2146 1562 quae
2186 1496 2562 1558 comederunt,
2591 1501 2646 1548 et
2676 1492 2840 1548 faciet
2866 1508 3183 1564 compagem
3218 1493 3284 1547 ad
3318 1508 3459 1549 com.
3489 1532 3495 1547 .

1874 1604 2063 1659 pagem
2089 1633 2102 1653 ,
2136 1600 2192 1644 et
2225 1605 2286 1643 os
2321 1590 2387 1644 ad
2426 1606 2487 1645 os
2511 1607 2531 1658 ;
2558 1601 2613 1646 et
2647 1590 2738 1660 qui
2777 1590 2829 1643 in
2868 1598 3029 1643 terra:
3067 1589 3288 1659 pulvere
3324 1588 3459 1643 dor-
3518 1658 3523 1667 Α

1873 1681 2136 1747 inierunt,
2174 1692 2497 1752 resurgunt;
2535 1683 2625 1737 alii
2662 1686 2712 1737 in
2748 1686 2918 1738 vitam
2953 1692 3245 1745 aeternam,
3277 1681 3367 1735 alii
3403 1681 3457 1735 itt

1874 1775 2233 1843 Opprobrium
2263 1787 2315 1830 et
2340 1775 2721 1829 COllfu:l(tllCIll
2756 1785 3016 1831 aeternam
3045 1775 3211 1841 (Dan.
3248 1791 3344 1837 stt,
3376 1776 3457 1841 ‘2).

1881 1866 2037 1922 Tunc
2079 1868 2341 1923 videbunt
2386 1867 2520 1937 justi
2569 1869 2858 1938 impiorum
2901 1884 3090 1937 poenas
3125 1876 3292 1936 atque
3330 1881 3457 1920 cru-

1877 1959 2095 2015 ciatus:
2139 1962 2418 2030 qnoniam‘
2446 1961 2646 2015 vermis
2682 1974 2871 2014 eorum
2910 1976 3017 2013 non
3055 1960 3322 2014 morietur
3350 1998 3364 2024 ,
3407 1967 3463 2013 et

1876 2051 2020 2122 ignis
2039 2069 2227 2107 eorum
2255 2070 2360 2107 non
2391 2054 2793 2121 exstinguctur,
2814 2062 2866 2109 et
2887 2062 3051 2107 erunt
3074 2054 3127 2106 in
3153 2061 3452 2122 conspectu

1876 2145 2058 2199 omnis
2086 2147 2271 2201 carnis
2310 2144 2447 2215 (Ira.
2484 2162 2609 2199 va't
2635 2185 2649 2210 ,
2691 2145 2806 2216 24).
2843 2145 3123 2214 Quotquot
3157 2146 3327 2214 igitur
3365 2146 3450 2197 ha-

1876 2236 2068 2293 bemus
2104 2239 2242 2293 hanc
2279 2254 2430 2309 spem
2458 2279 2471 2302 ,
2506 2238 2653 2294 sicut
2686 2238 3038 2295 exhibuimus
3074 2222 3323 2294 meuibra
3361 2255 3461 2295 no-

1875 2338 1989 2384 stra
2020 2329 2344 2385 famulantia
2376 2329 2753 2393 lmmunditize,
2782 2339 2837 2384 et
2858 2329 3133 2400 iniquitati
3161 2330 3227 2385 ad
3260 2331 3464 2401 iniqui-

1880 2431 2067 2487 tatem,
2102 2422 2266 2495 442
2295 2424 2367 2476 ita
2396 2424 2751 2477 exliibeamus
2778 2439 2841 2477 ea
2877 2424 3197 2477 famulantia
3230 2423 3461 2493 justitiae

1874 2515 1940 2569 ad
1972 2515 2461 2570 sanctilicationem
2503 2532 2517 2573 :
2559 2525 2617 2570 ut
2649 2524 2999 2584 resurgentes
3027 2531 3090 2571 ex
3127 2516 3457 2583 tuurtuis,.in

1878 2608 2120 2662 novitate
2161 2608 2284 2661 vita:
2319 2607 2665 2663 ambulemus
2699 2606 2883 2672 (flant.
2923 2624 2973 2661 vt
3000 2647 3014 2672 ,
3051 2607 3128 2669 4).
3164 2607 3458 2674 Quomodo

1873 2714 1925 2755 et
1958 2705 2066 2755 vita
2102 2700 2315 2755 Domini
2349 2698 2479 2755 Iesu
2517 2699 2903 2754 manifestatur
2933 2700 2986 2754 in
3018 2712 3210 2755 nostro
3238 2702 3455 2754 mortali

1872 2809 2102 2863 corpore
2133 2809 2147 2845 :
2176 2801 2228 2846 et
2259 2792 2353 2862 qui
2385 2792 2680 2848 suscitavit
2710 2789 2899 2847 Jesutn
2931 2791 3209 2847 Christum
3242 2807 3271 2845 a
3305 2809 3452 2846 mor-

1875 2888 2007 2949 tuis,
2034 2884 2333 2938 viviﬁcahit
2368 2892 2424 2938 et
2457 2883 2712 2939 mortalia
2738 2898 2968 2953 corpora
2999 2892 3208 2948 nostra,
3234 2893 3459 2954 propter

1873 2976 2273 3032 inliabitantem
2320 2975 2575 3046 spiritum
2621 2975 2742 3044 ejus
2788 2975 2842 3029 in
2897 2975 3055 3029 nobis
3093 2974 3268 3046 (llam.
3322 2991 3454 3041 vni,

1874 3071 1983 3131 ll).
2021 3069 2238 3126 Justum
2268 3070 2416 3125 enim
2474 3076 2557 3124 est
2609 3079 2672 3123 ut
2703 3069 2793 3140 qui
2827 3085 3042 3139 semper
3076 3068 3455 3124 mortificatio-

1875 3179 1999 3216 nem
2032 3162 2237 3217 Christi
2270 3162 2325 3215 in
2361 3176 2593 3231 corpore
2625 3169 2812 3216 nostro
2842 3161 3306 3228 circumtulimus,
3340 3164 3451 3217 vita

168 3256 417 3310 dulentze
468 3256 873 3313 satisfactionis
919 3258 1132 3328 aperire
1184 3263 1463 3331 mysteria.
1508 3262 1759 3316 Auamon
1794 3292 1834 3346 η
1870 3254 2084 3325 quoque
2115 3251 2246 3308 Jesu
2291 3252 2673 3307 manifestatur
2703 3252 2757 3307 in
2801 3268 3033 3323 corpore
3080 3264 3268 3309 nostro
3308 3270 3455 3308 mor-

169 3347 298 3413 quia
336 3348 545 3415 longus
592 3347 669 3404 fui
706 3350 759 3403 in
794 3354 1099 3406 assertione
1134 3354 1406 3408 contraria
1431 3394 1445 3418 ,
1481 3364 1535 3408 et
1577 3371 1764 3406 vereor

169 3456 239 3491 ne
276 3439 411 3492 dum
448 3439 673 3495 frandes
704 3443 943 3511 pandere
973 3443 1189 3505 studeo,
1219 3445 1536 3499 scandalum
1574 3446 1763 3500 lectori

169 3530 504 3597 reliquerim
530 3572 545 3596 ,
583 3534 879 3586 acervatim
917 3518 1227 3589 testimonia
1259 3552 1455 3605 ponam
1482 3577 1497 3595 .
1530 3538 1764 3591 cursim-

167 3636 277 3686 ιιιιε
314 3622 689 3690 Ιιετσιΐίιιδςειω
715 3665 730 3688 ,
766 3634 824 3678 ut
859 3634 973 3681 toto
1006 3637 1195 3681 contra
1238 3638 1560 3681 venenatam
1600 3644 1762 3698 argu-

169 3713 580 3767 mentationem
639 3716 1055 3784 Scripturarum
1112 3719 1355 3789 pondere
1414 3719 1760 3775 tlimicemns.

166 3805 275 3870 Qui
299 3817 517 3860 vestem
546 3822 655 3860 non
682 3807 848 3863 habet
883 3810 1207 3879 nuptialem,
1237 3827 1338 3867 nec
1368 3814 1604 3868 servavit
1630 3814 1762 3868 illud

167 3898 503 3952 niandatnm
553 3915 622 3952 ει
656 3898 903 3955 Candida
947 3902 1061 3956 sint
1108 3903 1432 3959 vestimenta
1479 3916 1565 3960 tua
1617 3922 1762 3960 sem-

168 4006 266 4059 per
300 3990 516 4057 (Eccle.
551 4006 630 4058 Ix,
655 3991 732 4058 8),
765 4010 786 4045 ι
835 3994 1089 4051 manibus
1122 3996 1457 4066 pedibusque
1486 4000 1763 4052 constrin-

168 4085 321 4152 gilttr
344 4127 361 4147 ,
386 4072 479 4138 ἠε
528 4086 813 4138 recumbat
850 4086 902 4139 in
937 4086 1187 4140 convivio
1212 4127 1228 4153 ,
1278 4089 1463 4144 sedeat
1497 4092 1551 4143 in
1585 4092 1724 4145 solio
1747 4132 1761 4155 ,

166 4187 283 4232 stet
331 4176 403 4229 ad
441 4177 688 4231 dextram
728 4177 858 4240 Dei;
937 4178 1171 4232 mittitur
1198 4178 1253 4233 in
1285 4180 1588 4250 gehennam
1617 4223 1632 4247 ,
1672 4183 1763 4236 ubi

167 4269 335 4323 ﬂetus
357 4270 650 4323 oculorum
704 4279 758 4323 et
780 4270 985 4323 stridor
1009 4270 1259 4326 dentium
1280 4280 1365 4327 est
1385 4271 1602 4342 (Matth.
1625 4289 1762 4337 uti,

166 4362 286 4426 15).
331 4379 351 4411 ι
388 4360 587 4428 Capilli
622 4361 817 4431 capitis
846 4363 1017 4417 vestri
1082 4366 1357 4417 numerati
1417 4373 1548 4419 sunt
1606 4362 1760 4435 (Luc.

168 4470 283 4514 ιιι,
324 4455 407 4518 7).
457 4471 476 4502 ι
521 4450 578 4505 Si
619 4454 825 4522 capilli,
864 4464 995 4523 puto
1038 4454 1251 4510 facilius
1278 4455 1487 4510 dentes.
1537 4454 1761 4509 Frustra

165 4554 362 4600 autem
409 4547 728 4612 numerati,
777 4549 823 4601 si
872 4548 1170 4615 aliquando
1212 4550 1463 4618 perituri.
1508 4566 1526 4601 ι
1570 4547 1763 4603 Veniet

1870 3348 1994 3411 tali,
2031 3347 2080 3399 id
2109 3356 2192 3401 est
2247 3346 2301 3400 in
2365 3361 2532 3401 carne
2565 3346 2777 3400 mortali
2817 3348 3122 3402 secundum
3157 3360 3410 3408 naturam
3436 3386 3453 3414 ,

1868 3451 2073 3493 aterna
2112 3448 2294 3492 autem
2332 3437 2632 3492 secundum
2667 3438 2923 3508 gratiam.
2971 3437 3117 3494 Vidit
3142 3450 3195 3494 et
3223 3438 3455 3508 Stepha-

1866 3550 1971 3587 nus
2007 3543 2243 3586 stantem
2278 3530 2461 3587 Jesum
2502 3532 2567 3585 ad
2606 3532 2887 3587 dexteram
2929 3532 3108 3587 Patris
3147 3534 3285 3603 (Act.
3321 3535 3451 3601 vn),

1866 3634 1922 3679 et
1954 3640 2148 3678 manus
2180 3622 2347 3694 Moysi
2378 3632 2585 3677 ntutata
2614 3633 2701 3679 est
2749 3624 2801 3678 in
2835 3629 3130 3680 candorem
3174 3626 3314 3679 nivis
3336 3668 3358 3692 ,
3399 3634 3452 3678 et

1865 3714 2124 3782 deinceps
2172 3714 2344 3768 colori
2395 3715 2632 3783 pristino
2686 3717 2935 3770 restituta
2983 3716 3183 3786 (Exod.
3238 3717 3331 3787 tv).
3392 3714 3449 3770 ln

1870 3817 2102 3875 utraque
2147 3807 2466 3861 diversitate
2512 3824 2706 3862 manus
2744 3808 2871 3863 fuit.
2904 3809 3134 3879 Figulus
3180 3809 3269 3864 ille
3300 3808 3451 3865 Jere-

1868 3897 2009 3961 mite,
2039 3897 2200 3966 cujus
2233 3913 2326 3967 per
2357 3897 2618 3951 duritiam
2650 3899 2889 3967 lapidmn
2919 3914 3017 3955 vas
3043 3898 3186 3969 quod
3218 3898 3449 3967 fecerat,

1866 3991 2208 4045 confractum
2250 4002 2354 4058 est,
2391 3992 2459 4046 de
2489 3992 2681 4046 eadem
2719 4008 2900 4047 massa
2930 4005 2984 4048 et
3018 3993 3086 4047 de
3113 3993 3299 4047 eodem
3338 3993 3452 4049 luto

1866 4083 2255 4147 redintegravit
2298 4083 2445 4152 quod
2476 4084 2754 4138 ceciderat
2784 4083 3007 4156 (larem.
3037 4085 3193 4153 xvnt)
3226 4102 3242 4140 :
3272 4083 3368 4140 sed
3396 4098 3449 4140 et

1868 4176 2045 4246 ipsum
2077 4175 2477 4231 resurrectionis
2506 4176 2836 4231 vocabulum
2870 4176 3148 4247 signilirat
3173 4192 3278 4229 non
3304 4176 3450 4231 aliud

1870 4285 2024 4324 ruere
2047 4309 2062 4333 ,
2099 4270 2245 4323 aliud
2276 4269 2532 4325 suscitari
2570 4287 2583 4323 :
2613 4270 2842 4338 etquod
2880 4270 3180 4339 adjicitur,
3213 4282 3449 4325 mortuo-

1867 4376 2006 4425 rum,
2039 4376 2260 4415 carnem
2295 4362 2574 4431 propriam
2610 4362 2956 4417 demonstrat
2991 4381 3004 4418 :
3038 4364 3185 4432 quod
3215 4364 3361 4418 enim
3392 4366 3447 4418 in

1868 4454 2084 4509 homine
2118 4456 2367 4518 moritur,
2401 4455 2504 4508 hoc
2532 4464 2587 4509 et
2620 4454 2955 4511 vivificatur.
2999 4455 3330 4514 Vulneratus
3361 4460 3450 4514 ille

1867 4546 2081 4601 itineris
2114 4546 2337 4602 Jcriclto
2369 4558 2514 4603 totus
2551 4548 2789 4602 refertur
2825 4549 2890 4601 ad
2923 4550 3227 4615 stabulum,
3264 4562 3320 4605 et
3350 4550 3447 4606 tle-

172 4641 313 4693 bora
337 4680 355 4701 ,
393 4638 446 4690 in
479 4653 586 4705 qua
616 4654 803 4691 omnes
834 4639 925 4707 qni
959 4639 1011 4692 in
1047 4641 1417 4694 monumentis
1456 4648 1623 4705 sunt,
1663 4656 1761 4693 au-
1802 4651 1842 4705 ι)
1872 4640 2126 4694 lictorum
2163 4641 2333 4710 plagae
2365 4640 2721 4693 immortalite
2752 4650 3016 4694 sanantur
3051 4640 3203 4709 (Luc.
3234 4642 3315 4707 ι).

167 4733 326 4784 dient
360 4745 558 4783 vocem
587 4726 708 4782 Filii
736 4730 851 4792 Dei,
881 4740 930 4781 et
957 4731 1252 4801 precedent
1278 4730 1462 4802 (Joan.
1497 4749 1549 4795 ν,
1579 4732 1698 4799 :25).
1733 4751 1751 4782 ο

168 4824 422 4876 Audierit
456 4821 684 4874 attribus
706 4862 723 4884 ,
761 4825 1059 4891 lll‘OCt‘deltl
1094 4824 1343 4893 pedibus.
1376 4823 1489 4879 lloc
1515 4835 1567 4879 et
1597 4825 1764 4878 Laza-

168 4928 272 4965 rus
306 4921 440 4964 ante
474 4912 590 4977 jam
634 4911 856 4967 fecerat.
891 4911 1198 4967 Procedent
1242 4922 1423 4968 antem
1466 4914 1531 4969 de
1567 4932 1762 4969 monti-

170 5004 429 5067 mrntis,
480 5004 534 5055 id
577 5013 699 5068 est,
736 5002 827 5073 qui
866 5004 1241 5059 monumentis
1276 5005 1407 5057 illati
1448 5005 1663 5060 fuerant
1703 5008 1723 5038 ⁵
1748 5050 1761 5070 ,

170 5099 408 5152 venient
430 5096 653 5161 mortui,
677 5105 731 5150 et
755 5104 1039 5167 resurgent
1065 5097 1131 5151 de
1149 5098 1416 5167 sepulcris
1437 5098 1576 5154 suis.
1608 5116 1626 5149 ι
1651 5098 1765 5154 Rus

252 5235 269 5265 ¹
317 5231 532 5302 Vestra,
565 5229 882 5300 ὲντεριώνη.
912 5228 1144 5302 codices
1174 5246 1312 5286 mss.
1341 5231 1529 5302 legunt
1561 5233 1649 5288 hic
1679 5250 1766 5288 ett-

171 5305 358 5357 terian
388 5343 404 5363 ,
442 5300 525 5354 vel
565 5302 822 5353 anteriore
844 5341 860 5365 ,
894 5301 980 5353 vel
1015 5302 1212 5356 entria.
1248 5300 1627 5358 Cluniacensis
1651 5345 1665 5369 ,
1704 5306 1768 5358 de

173 5372 477 5443 seminario
507 5382 680 5443 oestro
708 5381 757 5424 ιι
789 5371 1002 5424 ittteria.
1043 5370 1241 5443 vocem
1279 5372 1522 5429 Graecam
1549 5414 1564 5438 ,
1599 5390 1765 5443 quant

176 5461 291 5497 non
328 5441 706 5510 intelligebant
735 5481 749 5505 ,
785 5451 1068 5495 nmtarunt
1097 5441 1151 5495 in
1183 5441 1429 5497 Latinam
1459 5441 1767 5510 exscripto-

176 5528 274 5568 res
305 5512 551 5577 antiqui.
587 5509 720 5564 Vide
752 5523 939 5578 supra.
976 5526 1100 5578 qua:
1125 5512 1270 5567 dicta
1307 5524 1439 5568 sunt
1467 5515 1537 5570 de
1575 5509 1765 5570 eodem

174 5585 402 5638 sennna
414 5584 497 5634 rio
529 5580 799 5651 Origenis.
832 5578 1111 5651 Man-run.

257 5655 281 5683 ¹
317 5653 389 5705 lit
423 5652 488 5704 de
521 5649 659 5721 aqua
685 5689 701 5712 .
740 5662 844 5704 etc.
880 5649 1023 5704 Idem
1059 5651 1308 5706 Cluniae.
1352 5654 1523 5709 codex
1557 5655 1766 5709 variam

176 5723 391 5775 retinet
420 5723 736 5793 liujuunodl
767 5722 1056 5775 lectionem
1090 5741 1102 5774 :
1141 5740 1159 5773 ι
1194 5721 1259 5776 Ει
1285 5723 1352 5778 de
1382 5739 1545 5793 aqua,
1603 5725 1652 5777 id
1685 5733 1770 5778 est

179 5795 251 5845 de
281 5793 502 5846 vilitate
530 5791 800 5854 carnium,
829 5794 1064 5860 pretiosa
1094 5794 1329 5848 tethcrea
1360 5791 1486 5848 vina
1514 5803 1724 5847 mutare
1751 5811 1764 5847 :

179 5872 371 5954 potest
404 5865 593 5931 utique
624 5864 809 5919 eadem
836 5862 1125 5933 sapientia,
1152 5878 1255 5933 qua
1282 5864 1350 5921 de
1377 5864 1568 5933 nihilo,
1609 5886 1625 5916 ι
1659 5874 1763 5919 etc.

180 5947 469 5987 ΣιίΔῘτΙᾹΝ.

1940 4732 2029 4785 54.
2084 4730 2503 4784 Resnrrertionis
2553 4733 2747 4785 veritas
2801 4731 3025 4801 probata
3092 4734 3448 4803 quadraginta

1868 4825 2071 4879 diebus.
2109 4824 2286 4887 Quare
2313 4822 2552 4877 Christus
2578 4825 2800 4877 comedit
2825 4834 2940 4893 post
2985 4826 3442 4879 resurrectionem.

1873 4916 2156 4971 Marcionis
2192 4932 2340 4968 error
2390 4926 2440 4968 et
2472 4915 2814 4983 blasphemia.
2849 4915 3162 4985 Apollonius
3206 4916 3444 4987 Tyaneus

1871 5018 1993 5061 ante
2030 5007 2415 5061 Domitianum.
2439 5038 2508 5047 --
2528 5010 2722 5076 Aperta
2753 5018 2880 5062 sunt
2907 5018 2960 5062 ct
2981 5008 3230 5077 sepulcra
3263 5009 3315 5062 in
3342 5008 3445 5062 Do-

1870 5096 2001 5150 mini
2043 5097 2319 5166 passione,
2374 5097 2594 5167 quando
2627 5098 2709 5152 sol
2742 5098 2901 5169 fugit,
2935 5107 3079 5152 terra
3108 5098 3351 5165 tremuit,
3393 5109 3446 5153 et

1942 5231 1962 5262 ³
2002 5231 2102 5285 Ms.
2137 5233 2194 5287 S.
2231 5233 2422 5288 Crneis
2452 5232 2699 5287 Pretiosa
2733 5233 2946 5287 tet/terei
2975 5234 3119 5299 vina,
3157 5242 3289 5300 etc.;
3334 5251 3441 5289 non

1871 5301 2189 5371 displiceret
2220 5304 2454 5357 tet/ieris.

1943 5371 1965 5401 ’⁵
1993 5373 2137 5426 ldctn
2176 5391 2278 5427 ms.
2312 5372 2578 5443 Ligantur
2621 5374 2676 5427 in
2716 5375 2988 5436 membris,
3033 5376 3340 5429 discurrunt
3390 5375 3445 5427 in

1871 5444 2054 5507 venis;
2084 5454 2137 5496 et
2164 5459 2287 5495 mox
2322 5461 2481 5512 genus
2513 5445 2760 5497 humana:
2794 5448 3134 5499 conditionis.
3164 5444 3332 5499 Paulo
3361 5445 3443 5498 in-

1871 5512 1951 5565 fra
1985 5524 2032 5565 et
2066 5511 2405 5566 nihilominus
2437 5515 2656 5568 diversis
2687 5518 2935 5581 exordiis,
2975 5525 3079 5569 etc.

1946 5584 1966 5614 ⁸
2010 5584 2210 5636 lterum
2248 5585 2388 5637 idem
2422 5601 2523 5638 IIIS.
2557 5586 2661 5650 Qui
2698 5586 2752 5637 in
2785 5595 3121 5640 tnonumenla
3159 5586 3299 5639 illati
3326 5584 3439 5654 fue-

1874 5664 1994 5705 rant
2026 5654 2194 5705 vivent
2230 5655 2451 5719 mortui,
2477 5664 2581 5708 ctc.
2616 5656 2780 5706 l’anlo
2811 5666 2929 5723 post
2966 5672 3063 5723 pro
3092 5657 3355 5709 medicina
3384 5657 3438 5708 in

1874 5739 1977 5796 nis.
2005 5724 2237 5796 aliisque
2269 5726 2470 5794 passim
2498 5724 2834 5781 editionibus
2864 5736 2945 5782 est
2972 5726 3226 5796 medulla,
3257 5725 3352 5782 sed
3381 5726 3443 5781 in

1874 5792 2061 5848 Graeco
2088 5806 2170 5850 est
2201 5792 2360 5865 ἴαμα.
