4202 6482
720 392 827 454 403

1885 393 1944 454 S.
1979 388 2299 452 EUSEBII
2338 388 2748 455 HIERONYM

3894 383 3999 447 {Oi

714 507 882 562 multa
936 522 1165 577 corpora
1228 516 1541 563 sanctorum
1608 515 2009 564 snt'rexerunt.
2068 516 2119 558 et
2175 504 2287 557 visa
2322 504 2365 559 Δ
2398 497 2820 554 resurrectionis
2876 497 3161 552 veritatem
3224 496 3480 566 probaret
3531 498 3554 550 ?
3608 495 3780 550 Nemo
3846 497 3995 545 enim

713 600 910 656 suntin
936 609 1125 656 structa
1152 602 1367 656 civitate
1388 598 1607 671 (llattlt.
1629 614 1796 665 xsvu,
1825 597 1937 667 52).
1965 615 1982 649 ι
2004 597 2135 663 Quis
2156 606 2288 661 cst,t

714 696 894 762 inquit
928 696 1127 761 Isaias,
1162 716 1179 748 t
1236 695 1327 764 qui
1365 694 1617 749 ascendit
1658 710 1720 748 cx
1758 694 1926 747 Edom
1978 710 1989 745 :
2056 690 2295 761 fulgida‘

713 791 1043 847 vestimenta
1097 790 1217 861 ejus
1267 806 1328 845 ex
1374 788 1571 852 Bosor.
1624 791 1703 846 sic
1740 789 2013 842 formosus
2056 789 2109 842 in
2159 789 2299 843 stola

715 884 949 939 candida
990 884 1128 955 (lsa.
1170 901 1327 947 unt.
1380 886 1432 948 1.
1472 887 1635 954 juxta
1688 880 1882 954 LXX).
1921 902 1938 934 ι
1984 882 2154 936 Edom
2206 891 2316 936 aut'

715 991 953 1033 terrenus
990 980 1405 1047 interpretatur,
1446 988 1537 1033 aut
1569 989 1838 1035 cruentus.
1871 977 2061 1043 Bosor,
2091 988 2182 1031 aut
2204 994 2299 1031 ca-

718 1089 801 1137 ro,
834 1074 998 1127 autin
1032 1072 1396 1130 tribulatione.
1431 1075 1625 1129 Paucis
1672 1074 1854 1129 verbis
1893 1082 2064 1128 totout
2116 1088 2300 1127 resur-

718 1169 982 1224 rectionis
1024 1169 1341 1241 mysterium
1373 1167 1736 1231 demonstrat,
1770 1168 1821 1223 id
1873 1178 1951 1222 est
2017 1180 2069 1222 et
2100 1167 2298 1221 verita-

720 1270 828 1314 tem
860 1263 1045 1318 carnis
1084 1270 1137 1317 et
1176 1273 1524 1332 augmentum
1571 1263 1781 1333 gloriae.
1819 1262 1882 1317 Et
1913 1271 1996 1317 est
2052 1275 2247 1316 sensus
2282 1274 2298 1313 :

720 1353 859 1419 Quis
898 1363 983 1410 est
1031 1354 1133 1410 iste
1178 1354 1269 1423 qui
1307 1355 1556 1410 ascendit
1591 1354 1657 1409 de
1713 1365 1879 1414 terra.
1930 1352 2178 1408 ascendit
2230 1351 2300 1406 de

720 1448 988 1520 sanguine
1021 1448 1046 1502 ?
1083 1446 1250 1515 t‘ujus
1300 1450 1617 1504 vestimenta
1646 1448 1797 1516 juxta
1833 1447 2176 1516 prepbetiam
2210 1444 2302 1500 Ja-

721 1542 849 1609 cob,
905 1542 995 1610 qui
1042 1543 1281 1613 alligavit
1329 1543 1532 1611 pullum
1586 1558 1748 1596 suum
1796 1541 1860 1595 ad
1912 1541 2075 1594 vitem
2141 1539 2296 1609 (Ceu.

721 1651 871 1701 xux,
900 1635 1013 1705 Η),
1042 1647 1096 1692 et
1128 1637 1366 1691 torcular
1397 1634 1624 1691 calcavit
1652 1634 1824 1697 solus.
1845 1644 2023 1690 musto
2051 1634 2300 1687 rubentia

723 1738 850 1782 sunt
878 1728 945 1783 de
978 1728 1151 1784 Bosor
1182 1725 1319 1798 (Isa.
1348 1743 1500 1789 Lxut.
1537 1727 1615 1793 ι),
1655 1726 1705 1781 id
1740 1738 1843 1787 est,
1874 1726 1940 1779 de
1969 1738 2154 1785 carne.
2184 1724 2300 1778 sive

726 1820 1081 1878 tribulatione
1107 1823 1293 1875 mttndi
1324 1842 1336 1878 :
1364 1822 1481 1888 ipse
1504 1823 1649 1875 cnim
1674 1822 1801 1875 vicit
1834 1819 2094 1873 mundum
2119 1816 2300 1877 (Joan.

728 1912 863 1982 xvt).
889 1914 1129 1984 Ideoque
1156 1914 1321 1969 rubra
1342 1923 1393 1966 et
1420 1913 1621 1982 fulgida
1646 1918 1775 1964 sunt
1797 1910 2119 1965 vestimenta
2145 1908 2298 1976 ejus;

722 2007 851 2072 quia
882 2008 1170 2075 speciosus
1202 2014 1283 2061 est
1320 2006 1490 2058 forma
1521 2019 1628 2071 pra:
1658 2004 1783 2058 ﬁliis
1816 2001 2098 2056 hominum
2123 1999 2300 2071 (Psal.

726 2099 915 2157 thv):
961 2106 1013 2151 et
1047 2106 1267 2167 propter
1293 2096 1527 2165 gloriam
1565 2094 1956 2162 triumphantis
1998 2094 2050 2146 in
2100 2092 2296 2144 stolam

723 2190 1011 2244 candidam
1046 2197 1381 2243 commutata
1425 2198 1544 2241 sunt
1580 2204 1593 2251 ;
1627 2196 1681 2241 et
1735 2196 1861 2239 tunc
1894 2200 2018 2240 vere
2044 2183 2208 2255 £53
2235 2182 2303 2237 de

722 2283 929 2338 Christi
964 2300 1127 2337 carne
1168 2270 1498 2353 completum
1540 2288 1621 2334 est
1661 2299 1673 2335 :
1718 2300 1734 2331 ι
1766 2281 1897 2346 Qure
1928 2287 2009 2332 est
2054 2276 2156 2332 ista
2183 2291 2303 2347 quas

722 2379 970 2434 ascendit
999 2379 1273 2439 dealbata,
1336 2374 1575 2429 innitens
1607 2389 1770 2441 super
1803 2372 2115 2426 fratruelem
2144 2384 2301 2425 suum

723 2474 904 2534 (Cant.
949 2489 1064 2533 vut,
1108 2472 1215 2539 5).»
1257 2470 1322 2524 Et
1348 2469 1491 2539 quod
1520 2470 1574 2523 in
1597 2469 1781 2522 eodem
1820 2468 1958 2520 libro
1998 2466 2300 2520 scribitur:

728 2588 749 2617 θ
781 2566 1086 2622 Fratruelis
1129 2580 1280 2618 meus
1317 2562 1650 2617 rubicundus
1679 2569 1731 2615 et
1762 2557 2116 2628 candidus(v,
2140 2557 2253 2624 l0).
2281 2576 2298 2611 ι

728 2659 881 2713 lluuc
914 2659 1221 2720 imitantur,
1248 2654 1342 2724 qui
1384 2653 1705 2709 vestimenta
1743 2667 1840 2705 sua
1884 2667 1989 2705 non
2040 2649 2307 2719 coinqui—

730 2761 1002 2808 noverunt
1031 2767 1150 2806 cum
1186 2748 1510 2804 mulieribus
1545 2747 1725 2817 (Apoc.
1774 2761 1887 2811 xtv,
1930 2744 2025 2811 4);
2070 2744 2305 2807 virgines

726 2846 871 2899 enim
924 2850 1349 2915 permanserunt
1400 2840 1490 2909 qui
1544 2855 1603 2895 se
1656 2846 2038 2893 castram-runt
2084 2844 2307 2907 propter

733 2954 896 3008 regna
928 2937 1217 2992 eteiorum.
1248 2934 1438 3004 Itaque
1468 2934 1522 2987 in
1554 2931 1692 2986 albis
1726 2939 1886 2985 erunt
1937 2929 2203 2985 vestibus.
2230 2928 2308 2983 Eo

727 3045 975 3100 tempore.
1006 3028 1277 3085 sententia
1311 3027 1525 3083 Domini
1561 3041 1723 3095 opere
1758 3024 2000 3092 perlecta
2032 3029 2307 3077 monstra-

728 3128 915 3182 bitur:
955 3145 973 3179 ι
1002 3124 1176 3180 Omne
1205 3122 1350 3194 quod
1380 3121 1529 3177 dedit
1570 3120 1699 3174 mihi
1741 3120 1921 3185 l’ater,
1951 3133 2055 3171 non
2084 3116 2303 3185 perdam

2409 590 2547 646 falso
2581 606 2767 646 verum
2808 590 3025 661 probat.
3081 590 3245 661 Ergo,
3278 590 3512 657 inquies,
3536 601 3589 642 et
3625 604 3726 642 nos
3754 597 3879 655 post
3913 603 3998 643 re-

2406 683 2805 739 surrectionem
2843 682 3120 738 comesuri
3162 683 3393 736 sumus?
3429 681 3644 735 Nescio.
3694 680 3812 733 Non
3843 680 3992 732 enim

2408 776 2674 844 scriptum
2709 785 2789 830 est
2824 784 2919 829 :ct
2957 784 3140 830 tamen
3175 775 3221 830 si
3251 786 3551 845 quaeratur.
3585 789 3690 825 nou
3728 785 3862 841 puto
3902 788 3996 826 eo-

2408 884 2681 924 mcsuros.
2716 867 2841 936 Legi
2871 868 3044 931 enim,
3098 883 3203 922 non
3240 883 3360 922 esse
3390 883 3616 935 regnum
3664 865 3759 918 Dei
3805 865 3992 917 cibum

2405 970 2459 1016 ct
2485 972 2691 1030 potum,
2723 962 3110 1030 repmmittcns
3140 960 3300 1014 nobis
3325 976 3447 1029 qua!
3470 960 3665 1014 oculus
3691 944 3800 1011 non
3832 958 3990 1021 vidit,

2404 1070 2505 1110 nec
2540 1054 2690 1110 auris
2720 1054 2953 1121 audivit,
2987 1070 3087 1110 nec
3123 1054 3175 1108 in
3206 1068 3300 1108 eor
3331 1054 3574 1108 hominis
3607 1052 3992 1108 ascenderunt

2403 1147 2460 1219 (1
2483 1149 2607 1206 εον,
2636 1164 2697 1213 u,
2724 1148 2802 1216 9).
2830 1148 3238 1220 Moysesweut.
3268 1148 3342 1209 Ix:
3363 1148 3417 1211 9)
3442 1158 3494 1202 et
3524 1147 3669 1201 Elias
3709 1145 3834 1217 (111
3864 1144 3994 1215 Reg.

2432 1260 2547 1309 an,
2586 1242 2640 1313 8)
2692 1243 3054 1314 quadraginta
3102 1243 3293 1299 diebus
3318 1241 3702 1310 jejttnavernnt
3757 1257 3821 1295 ac
3896 1256 3999 1295 no.

2404 1340 2605 1395 ctibus.
2636 1336 2746 1392 Hoc
2770 1338 3049 1391 hominum
3081 1349 3275 1391 natura
3307 1352 3420 1392 non
3460 1336 3687 1405 patitur.
3715 1335 3809 1390 sed
3844 1336 3996 1404 quod

2407 1434 2615 1488 homini
2850 1430 3188 1501 inpossibile
3217 1441 3324 1492 est.
3362 1430 3472 1485 Deo
3499 1429 3842 1500 impossibile
3886 1444 3995 1481 non

2406 1534 2510 1581 est.
2547 1524 2701 1579 Sicut
2727 1524 2819 1594 qui
2869 1523 3050 1578 fusti-ra
3084 1523 3353 1593 praedicit,
3388 1540 3495 1577 non
3546 1523 3769 1577 interest
3810 1531 3995 1573 utrum

2408 1627 2528 1689 post
2582 1617 2768 1670 decem
2812 1632 3006 1681 annos,
3063 1625 3158 1671 aut
3212 1624 3333 1686 post
3376 1625 3594 1669 centum
3631 1613 3817 1669 futura
3865 1629 3995 1680 pro-

2410 1711 2647 1773 nuntiet,
2684 1712 2811 1778 quia
2851 1726 2957 1764 una
2992 1719 3075 1764 est
3103 1711 3330 1765 scientia
3371 1712 3686 1763 futurorum
3726 1727 3741 1763 :
3778 1710 3857 1762 sic
3902 1708 3993 1775 qui

2411 1804 2773 1874 quadraginta
2828 1802 3027 1857 diebus
3065 1810 3249 1872 potest
3275 1803 3527 1871 ieiunare.
3559 1810 3611 1856 ct
3642 1803 3747 1854 vivt
3771 1817 3850 1858 re.
3888 1802 3998 1855 imo

2412 1913 2519 1952 non
2553 1895 3021 1967 potestjejunare,
3057 1896 3153 1952 sed
3185 1896 3310 1949 vivit
3345 1897 3542 1950 virtute
3574 1896 3666 1951 Dei
3702 1913 3716 1962 ;
3750 1904 3804 1948 et
3836 1914 3863 1947 ει
3888 1907 4000 1949 ter-

2412 2009 2485 2046 no
2523 2002 2768 2060 tempore
2818 1992 3017 2060 poterit
3073 1990 3281 2060 absque
3332 2005 3459 2043 esca
3502 2004 3556 2046 et
3605 2002 3733 2058 pnttt
3790 1990 3994 2041 vivere.

2407 2083 2588 2151 Quare
2627 2081 2812 2136 favum
2835 2084 3071 2138 comedit
3098 2084 3403 2139 Dominus?
3434 2085 3494 2140 [ἰ
3536 2087 3997 2139 resurrectionem

2408 2176 2710 2245 probaret;
2742 2191 2850 2231 non
2890 2184 2947 2229 ttt
2985 2177 3096 2230 tuis
3137 2176 3390 2231 faucibus
3430 2178 3584 2231 mella
3631 2193 3762 2245 pern
3787 2177 3997 2231 ittc'ret.

2407 2267 2623 2323 Piscem
2665 2269 2717 2322 in
2756 2270 2950 2338 prunis
2981 2285 3169 2325 assum
3210 2270 3385 2338 petiit.
3423 2280 3482 2323 ιιι
3507 2270 3827 2323 dubitantes
3857 2284 3994 2322 con-

2408 2363 2646 2417 firmaret
2691 2363 2996 2431 apostolos.
3027 2364 3121 2431 qui
3159 2363 3223 2417 ad
3261 2363 3412 2417 illum
3442 2362 3709 2417 accedere
3746 2377 3858 2414 non
3896 2377 3995 2415 au-

2407 2457 2632 2519 dcbzut,
2677 2456 2821 2525 quod
2871 2466 3129 2525 putarent
3190 2470 3249 2510 se
3298 2457 3551 2525 spiritum
3608 2455 3815 2516 videre,
3886 2469 3997 2506 non

2408 2567 2607 2619 corpus
2635 2550 2819 2621 (Joan.
2840 2567 2954 2615 xxI,
2983 2550 3062 2617 9).
3088 2550 3517 2620 Archisynagogi
3544 2549 3649 2603 lilia
3674 2549 4000 2609 suscitatur.

2407 2654 2460 2699 et
2499 2644 2680 2698 cibum
2711 2645 2907 2712 accipit
2940 2641 3137 2713 (Μαι-ε.
3180 2641 3257 2712 v);
3301 2640 3545 2695 Lazarus
3592 2642 3999 2710 quatriduanus

2409 2748 2663 2793 mortuus
2694 2737 2954 2806 resurgit,
2984 2746 3038 2791 et
3063 2736 3340 2807 praudens
3364 2735 3641 2790 inducitur
3666 2732 3857 2803 (locu.
3884 2749 3937 2787 χι
3957 2734 3996 2801 ):

2410 2846 2515 2883 non
2565 2830 2692 2901 quia
2744 2830 2887 2899 apud
2940 2828 3145 2884 inferos
3184 2830 3485 2893 esuriebat,
3530 2830 3623 2885 sed
3671 2828 3801 2898 quia
3857 2826 4000 2881 ditii-

2409 2922 2586 2979 cultas
2613 2925 2797 2993 aperis
2843 2922 3328 2993 scrupulositatem
3348 2922 3469 2976 fidei
3494 2921 3829 2990 requirebat.
3848 2918 3999 2985 Quo-

2414 3016 2579 3071 modo
2608 3030 2763 3070 veras
2818 3031 3010 3069 manus
3059 3023 3112 3069 et
3147 3030 3338 3070 verum
3394 3015 3639 3070 ostendit
3681 3014 3852 3076 latus.
3925 3014 4002 3066 ita

2411 3124 2538 3165 vere
2575 3109 2811 3164 comedit
2836 3126 2959 3164 cum
2991 3109 3275 3175 discipulis
3315 3126 3329 3174 ;
3366 3123 3495 3163 vere
3527 3108 3831 3162 ambulavit
3873 3120 4001 3160 cum

726 3238 793 3276 ex
822 3236 889 3276 eo
920 3218 1241 3290 quidquam,
1272 3216 1367 3272 sed
1396 3214 1738 3270 τεευεεῑιειιω
1768 3212 1897 3266 illud
1920 3213 1969 3263 iu
2004 3210 2306 3264 novissimo
2331 3222 2378 3284 ρ
2411 3201 2650 3273 Cleopha
2688 3218 2703 3256 :
2747 3217 2873 3257 vere
2911 3202 3092 3270 lingua
3117 3201 3334 3257 locuttts
3359 3209 3439 3256 est
3473 3215 3599 3254 cum
3635 3198 3962 3253 hominibus
3989 3215 4002 3250 :

727 3316 816 3371 die
872 3312 1062 3385 (Joan.
1095 3328 1170 3379 vt,
1222 3311 1335 3378 39).
1383 3327 1403 3362 ι
1462 3307 1662 3363 Totum
1718 3304 1967 3360 videlicet
2009 3302 2309 3363 hominem,

729 3424 890 3475 quem
944 3416 1117 3463 totum
1153 3403 1427 3459 nascendo
1459 3409 1797 3470 susceperat.
1843 3396 2000 3452 Tunc
2030 3397 2149 3450 ovis
2189 3409 2312 3461 qua:

727 3501 988 3571 perierat,
1011 3508 1065 3554 et
1095 3498 1147 3554 iu
1180 3496 1539 3553 inferiortbus
1569 3493 1879 3554 oberrabat,
1903 3487 2151 3543 humeris
2183 3486 2305 3539 Sa!-

729 3597 1054 3653 vatoristuta
1079 3591 1385 3664 portabitur
1407 3605 1419 3641 :
1440 3597 1494 3642 et
1513 3601 1632 3657 qua:
1652 3584 1890 3654 peccatis
1913 3580 2167 3649 languida
2190 3579 2313 3644 tuit,

730 3688 1013 3746 clementia
1029 3684 1228 3755 iudicis
1250 3679 1647 3739 sustentabitur
1673 3674 1824 3749 (Luc.
1853 3672 1967 3739 xv).
1988 3669 2143 3725 Tunc
2162 3668 2317 3722 vide-

729 3786 867 3839 bunt
915 3781 1066 3837 illum
1120 3777 1214 3847 qui
1271 3777 1727 3842 compunxerunt,
1764 3769 1854 3839 qui
1906 3766 2314 3819 clamaverunt:

737 3896 758 3930 ι
791 3868 1351 3943 Cru«-lflge,crucifige
1374 3866 1533 3920 talem
1559 3858 1947 3933 (Joan.x1x.6).
1975 3877 1993 3910 ι
2020 3856 2291 3911 Tribuset

733 3970 909 4026 tribus
936 3964 1144 4021 caedent
1174 3969 1416 4031 pectora,
1450 3955 1552 4026 ipsi
1575 3962 1631 4009 et
1676 3951 1929 4007 mulieres
1977 3945 2319 4003 eorum.lllae

735 4063 1017 4124 mulieres,
1064 4056 1263 4128 quibus
1311 4050 1577 4105 Dominus
1602 4048 1815 4103 locutus
1839 4053 1921 4098 est
1948 4055 2164 4095 crucem
2193 4052 2319 4108 por-

734 4167 858 4210 tans
877 4165 926 4207 :t
954 4149 1102 4205 Filie
1127 4145 1456 4203 Jerusalem.
1512 4139 1684 4195 nolite
1732 4136 1865 4191 ﬂere
1906 4148 2069 4203 super
2095 4145 2201 4191 me.
2222 4127 2318 4183 sed

738 4262 902 4314 super
925 4258 1020 4299 vos
1034 4241 1174 4305 ﬂete,
1196 4247 1423 4305 etsuper
1442 4235 1579 4288 tilios
1591 4238 1801 4285 vestros
1823 4226 1975 4298 (Luc.
1990 4239 2142 4287 xxut.
2164 4222 2278 4291 ‘28).
2296 4239 2317 4274 ι

738 4338 893 4393 Tunc
929 4335 1249 4406 angelorum
1287 4327 1608 4383 vaticinium
1648 4320 2034 4389 complebitur,
2063 4315 2158 4384 qui
2204 4325 2323 4369 stu-

740 4430 1003 4503 pentibus
1043 4424 1308 4496 apostolis
1351 4424 1371 4454 ¹
1414 4428 1543 4476 sunt
1596 4416 1760 4471 locuti
1802 4432 1815 4469 :
1873 4431 1891 4466 t
1928 4410 2038 4465 Viri
2090 4409 2317 4473 Galilaei,

740 4500 866 4594 quid
908 4519 1067 4576 statis
1110 4523 1391 4584 stupentes
1442 4512 1498 4567 in
1540 4509 1739 4564 caelum
1766 4547 1782 4571 ,
1834 4505 1922 4558 hic
1966 4503 2126 4557 .lesus
2163 4500 2252 4569 qui
2291 4514 2321 4553 a

2416 3312 2547 3350 vero
2605 3296 2855 3349 accubitu
2911 3296 3184 3350 discubuit
3233 3296 3287 3350 in
3328 3309 3527 3359 omna;
3566 3293 3711 3348 veris
3746 3293 4007 3346 manibus

2417 3388 2557 3454 cepit
2591 3402 2809 3454 panem,
2866 3385 3164 3451 benedixit,
3226 3400 3291 3440 ac
3334 3384 3517 3455 fregit,
3572 3395 3628 3439 et
3683 3384 4006 3453 porrigebat

2419 3479 2549 3533 ill‘s.
2575 3478 2729 3544 Quod
2761 3489 2939 3533 autem
3005 3478 3074 3532 ab
3103 3477 3282 3533 oculis
3312 3486 3538 3547 repente
3558 3476 3802 3539 evanuit,
3830 3476 4007 3530 virtus

2419 3572 2511 3625 Dei
2550 3584 2655 3634 est,
2689 3589 2796 3626 non
2852 3575 3061 3626 umbrte
3093 3580 3146 3626 et
3187 3570 3608 3641 pbautasmatis.
3641 3570 3907 3638 Alioquin
3957 3580 4009 3623 et

2420 3675 2550 3719 ante
2580 3665 3059 3730 resurrectionem,
3091 3679 3215 3721 cum
3243 3663 3563 3720 eduxissent
3584 3678 3709 3719 eum
3736 3662 3807 3716 de
3829 3661 4007 3716 Nasa-

2421 3757 2563 3821 reth,
2600 3766 2655 3810 ut
2696 3758 3098 3826 praecipitarent
3126 3758 3193 3813 de
3214 3757 3505 3827 supercilio
3556 3755 3779 3819 montis,
3812 3763 4005 3809 trans-

2422 3849 2519 3904 ivit
2550 3862 2645 3918 per
2671 3848 2897 3911 medios,
2952 3848 3004 3901 id
3030 3857 3133 3913 est,
3162 3848 3378 3917 elapsus
3404 3855 3487 3902 est
3514 3848 3580 3901 de
3623 3846 3893 3901 manibus
3918 3860 4011 3900 co-

2423 3958 2569 3997 rum.
2606 3940 2868 4010 Nunquid
2920 3942 3070 4011 iuxta
3106 3940 3444 3996 Marcionem
3477 3940 3660 3995 dicere
3684 3954 4011 4008 possumus.

2424 4035 2571 4107 quod
2629 4034 2753 4089 ideo
2814 4034 3073 4089 nativitas
3122 4033 3247 4102 ejus
3282 4033 3334 4087 iu
3379 4032 3766 4102 phantasmate
3818 4029 4008 4092 fuerit,

2425 4129 2552 4199 quia
2583 4135 2771 4184 contra
2810 4135 3065 4182 naturam
3117 4127 3212 4196 qui
3258 4126 3569 4188 tenebatur,
3616 4124 3843 4193 elapsus
3881 4120 4013 4177 est!

2426 4219 2583 4287 Quod
2620 4221 2795 4291 magis
2823 4222 2968 4283 licet.
3007 4221 3113 4275 hoc
3143 4218 3377 4274 Domino
3423 4234 3532 4273 non
3568 4218 3737 4273 licet?
3786 4217 4015 4286 Apollo-

2426 4315 2554 4370 nius
2578 4313 2832 4385 Tyaneus
2857 4308 3120 4367 scribitur
3145 4328 3265 4365 cum
3292 4321 3417 4365 aute
3442 4309 3809 4363 Domitianum
3840 4319 4014 4363 staret

2427 4408 2480 4462 in
2518 4404 2870 4470 consistorio,
2905 4414 3129 4473 repente
3158 4419 3269 4458 non
3305 4402 3701 4473 comparuisse.
3758 4400 3881 4455 Noli
3917 4417 4012 4470 po-

2428 4500 2653 4555 tentiam
2697 4496 2906 4553 Dotuini
2939 4511 3221 4565 magorum
3276 4494 3566 4564 praestigiis
3599 4495 3919 4562 adaequare.
3956 4504 4016 4547 ut

743 4586 903 4669 vobis
952 4616 1270 4678 assumptus
1297 4614 1380 4659 est
1410 4603 1466 4656 in
1497 4600 1716 4662 coelum,
1770 4596 1849 4652 sic
1886 4593 2085 4658 veniet,
2135 4604 2325 4659 quem-
2359 4595 2402 4649 D
2427 4590 2683 4645 videatur
2709 4588 2879 4643 fuisse
2909 4588 3054 4658 quod
3089 4603 3197 4642 non
3231 4586 3351 4648 fuit.
3382 4595 3437 4642 et
3466 4592 3683 4655 putetur
3701 4587 4017 4642 comedisse

741 4702 1037 4759 admodum
1075 4697 1291 4754 vidistis
1321 4710 1447 4750 eum
1514 4700 1737 4745 euntem
1792 4690 1844 4742 in
1878 4687 2075 4739 coelum
2111 4681 2254 4751 (Act.
2282 4696 2320 4741 ι.

748 4795 893 4867 il)»
919 4793 1090 4861 Quale
1117 4801 1204 4848 est
1231 4797 1434 4851 autem,
1463 4783 1672 4839 ideirco
1691 4782 1875 4836 dicere
1894 4777 2178 4832 Dominttm
2205 4781 2325 4839 post

752 4865 1208 4944 resurrectionem
1234 4880 1594 4953 quadraginta
1618 4876 1810 4931 diebus
1831 4869 2138 4928 comedisse.
2160 4865 2182 4895 ³
2200 4880 2321 4919 cum

756 4982 1040 5053 apostolis,
1062 4994 1130 5035 ne
1152 4977 1476 5049 phantasma
1506 4978 1789 5041 putaretur
1822 4963 1985 5035 (Ibid.
2013 4962 2103 5027 5);
2140 4970 2189 5013 et
2221 4958 2325 5011 hoc

757 5078 934 5147 ipsum
960 5072 1107 5143 quod
1143 5067 1404 5135 comedit,
1440 5064 1494 5120 in
1527 5077 1692 5118 carne
1722 5068 1775 5112 et
1808 5059 1862 5111 iu
1894 5053 2153 5110 membris
2176 5053 2325 5106 visus

753 5176 861 5231 est,
892 5166 946 5220 in
988 5166 1369 5233 phantasmate
1406 5151 1788 5212 confirmare?
1836 5158 1941 5204 Aut
2001 5160 2184 5199 verum
2240 5150 2324 5197 est

754 5259 901 5331 quod
961 5255 1268 5319 videbatur,
1324 5260 1419 5305 aut
1454 5248 1676 5303 falsum.
1712 5244 1770 5307 Si
1823 5256 2009 5294 verum
2044 5246 2149 5299 est,
2196 5250 2327 5305 ergo

751 5368 880 5407 vere
928 5347 1189 5411 comedit,
1238 5354 1291 5399 et
1336 5356 1462 5397 vere
1498 5338 1739 5394 membra
1784 5334 1996 5388 habuit.
2041 5331 2095 5383 Si
2144 5340 2323 5383 autem

756 5444 973 5506 falsum,
1022 5436 1303 5509 quomodo
1354 5448 1442 5488 res
1500 5429 1663 5485 falsas
1714 5424 2001 5480 ostendere
2046 5420 2237 5483 voluit,
2270 5430 2328 5474 ut.

830 5625 846 5656 ¹
887 5622 986 5676 Hic
1012 5630 1175 5691 atque
1201 5617 1342 5673 infra
1376 5619 1692 5671 constanter
1715 5616 1880 5663 codex
1906 5607 1963 5661 S.
1986 5604 2177 5661 Crucis
2216 5606 2322 5673 [ul-

754 5695 1264 5818 ῑ’Δίαἐεηηηηιηηιιιςς
1302 5772 1367 5811 ac
1404 5754 1722 5824 supplentus
1752 5765 1818 5804 ex
1852 5764 1956 5803 ms.
2097 5745 2326 5824 Crucis;

760 5845 918 5889 antea
944 5835 1085 5888 enim
1110 5830 1389 5885 obtinebat
1409 5818 1729 5891 imperfecto
1753 5834 1941 5891 sensu,
1960 5818 2327 5891 στείχωμεηῄιὲ-

765 5886 1148 5968 interimam
1192 5912 1396 5957 euntem
1435 5886 1500 5950 ἔνι’
1538 5892 1722 5949 caelum
1756 5886 2020 5945 dixerunt.
2059 5886 2327 5943 Emenda-

2430 4683 2549 4736 sine
2602 4682 2881 4746 dentibus,
2940 4680 3252 4733 ambulasse
3297 4679 3417 4732 sine
3471 4676 3727 4747 pedibus,
3783 4675 4017 4744 fregisse

2430 4788 2626 4843 panem
2666 4772 2786 4826 sine
2816 4770 3088 4836 manibus,
3119 4768 3338 4823 locutus
3364 4783 3486 4823 esse
3507 4767 3625 4822 sine
3672 4766 3856 4838 lingua
3884 4766 3928 4833 ⁸,
3961 4775 4019 4822 ‘ct

2432 4870 2571 4922 latus
2593 4878 2931 4921 monstrasse
2952 4866 3071 4919 sine
3103 4862 3295 4918 costis.

2504 4959 2595 5015 55.
2638 4958 2705 5013 Et
2776 4957 3075 5025 quomodo.
3135 4954 3371 5027 inquies,
3434 4970 3541 5010 non
3604 4956 4019 5025 cognoscebant

2430 5070 2551 5109 eum
2607 5054 2659 5107 in
2718 5052 2933 5118 itinere,
2972 5051 3017 5106 si
3064 5050 3241 5117 ipsum
3298 5049 3533 5103 trahebat
3584 5064 3804 5117 corpus,
3863 5049 4014 5114 quod

2435 5158 2560 5199 ante
2595 5145 2826 5200 habuit?
2854 5143 2993 5197 Audi
3042 5142 3385 5212 Scripturatn
3436 5140 3705 5195 dicentem
3741 5157 3755 5193 :
3794 5157 3812 5190 ι
3851 5139 4016 5195 Oculi

2432 5253 2624 5291 eorum
2679 5237 3039 5303 tenebantur,
3110 5251 3177 5289 ne
3225 5250 3350 5289 cum
3415 5243 3776 5304 agnoscerent
3837 5232 4013 5301 (Luc.

2436 5343 2583 5387 xxiv.
2617 5326 2724 5393 16).
2751 5348 2769 5380 ι
2812 5328 2877 5381 Et
2906 5342 3124 5380 rursum
3161 5343 3175 5379 :
3214 5324 3432 5393 «Aperti
3466 5334 3592 5377 sunt
3624 5323 3770 5378 oculi
3793 5339 4013 5389 eorum,

2429 5428 2484 5473 et
2528 5428 2904 5487 cognoverunt
2949 5433 3072 5472 eum
3119 5414 3287 5487 (Ibid.
3318 5414 3434 5483 5|).
3470 5432 3490 5466 ι
3565 5411 3822 5483 Nunquid
3872 5413 4019 5469 alius

2432 5604 2602 5660 tionis
2644 5602 2847 5657 veritas
2872 5618 2935 5655 ex
2974 5615 3091 5669 Ipso
3126 5608 3389 5655 contextu
3424 5599 3615 5666 liquet.

2504 5673 2525 5702 ³
2563 5673 2803 5727 Verbum
2835 5666 3125 5725 comedisse
3155 5672 3209 5725 in
3243 5686 3347 5723 ms.
3392 5670 3758 5724 desideratur.
3805 5666 4022 5724 Deinde

2432 5744 2689 5804 habetur,
2721 5754 2811 5795 aut
2849 5759 3026 5796 verum
3053 5752 3127 5795 est
3159 5741 3298 5810 quod
3324 5739 3545 5802 dicitur,
3567 5751 3659 5792 aut
3692 5739 3918 5808 falsum,
3947 5754 4018 5795 ne

2433 5813 2750 5882 singillatim
2777 5827 2992 5867 errores
3027 5813 3445 5865 amanuensium
3480 5825 3800 5865 memorem.

2507 5885 2526 5915 "
2571 5884 2671 5938 Ms.
2709 5881 2832 5938 Sine
2860 5882 3039 5938 linaua
3068 5891 3119 5937 et
3154 5882 3345 5938 capite.
3376 5891 3423 5937 et
3453 5881 3620 5938 latus.
3652 5893 3759 5937 etc.

2571 5890 2671 5940 ills.
2709 5890 2832 5938 Sine
2860 5890 3039 5952 lingua
3068 5891 3119 5937 et
3154 5890 3345 5951 capite,
3376 5891 3423 5937 et
3453 5890 3620 5950 latus,
3652 5893 3759 5937 etc.
