4202 6468
207 388 311 447 405

209 597 275 648 do
299 597 526 662 agnitus
557 607 636 648 est
663 595 684 648 ?
713 595 872 650 Certe
905 611 1046 649 unus
1082 605 1247 661 atque
1287 595 1432 648 idem
1501 609 1642 649 crat.
1699 597 1802 650 Co-

208 705 476 759 gnoscere
526 704 684 757 ergo,
719 698 772 743 et
808 705 915 743 non
966 704 1314 757 cognoscere,
1345 693 1624 743 oculorum
1677 690 1799 750 fuit,

208 799 312 836 non
340 783 463 849 eius
491 782 589 850 qui
623 783 928 842 videbatur.
955 783 1074 837 licet
1105 794 1160 836 et
1190 784 1360 852 ipsius
1385 783 1564 838 fuerit.
1598 782 1800 837 Oculos

205 877 346 929 enim
385 879 613 930 tenebat
681 893 896 939 eorum,
935 893 1001 930 ne
1030 894 1088 932 se
1117 888 1499 948 agnoscerent.
1560 879 1801 946 Denique

203 980 260 1023 ut
317 972 465 1024 scias
522 985 770 1023 errorem
819 971 910 1038 qui
947 972 1262 1025 versabalur
1319 972 1371 1024 iu
1435 971 1636 1036 medio,
1683 989 1792 1025 non

204 1069 459 1131 corporis
503 1064 743 1122 Domini.
780 1067 873 1120 sel
916 1067 1198 1120 Oculorum
1251 1065 1416 1120 fuisse
1442 1067 1750 1121 clausorum
1785 1085 1796 1119 :

210 1178 226 1207 ι
261 1159 452 1226 Aperti
497 1170 630 1212 sunt
663 1161 808 1212 oculi
837 1177 1051 1221 eorum,
1086 1160 1282 1227 inqttit.
1335 1170 1390 1214 et
1423 1171 1802 1226 cognoverunt

204 1267 322 1301 mm
358 1250 556 1318 (Joan.
594 1253 744 1320 δή.»
789 1253 941 1307 Unde
974 1265 1024 1307 et
1062 1253 1228 1307 Maria
1265 1255 1579 1324 Magalalrne
1629 1271 1802 1324 quan-

204 1344 294 1394 cl'tu
332 1359 446 1396 nou
480 1347 816 1409 agnoscebat
850 1344 1062 1403 Iesum.
1093 1355 1145 1400 ct
1178 1346 1356 1399 vivqu
1393 1348 1673 1416 qua-nebat
1722 1351 1804 1401 itt-

207 1449 286 1487 ter
317 1448 608 1501 mortuos,
638 1439 988 1493 hortulanum
1021 1440 1260 1507 putabat.
1296 1443 1579 1510 Agnoscit,
1609 1454 1663 1496 ct
1701 1442 1803 1494 Do-

210 1535 423 1586 minum
473 1544 661 1588 vorat.
712 1534 844 1588 Post
896 1537 1356 1591 resurrectionem
1409 1536 1570 1592 Iesus
1621 1539 1802 1592 stabat

205 1627 256 1676 in
296 1626 511 1691 littore,
545 1627 801 1696 discipuli
835 1628 886 1680 in
915 1629 1032 1681 navi
1059 1638 1233 1682 erant.
1282 1629 1506 1683 thtetis
1531 1647 1636 1684 non
1670 1645 1801 1700 cog-

203 1722 572 1775 noscentibus
618 1737 771 1784 eum,
803 1722 933 1778 dicit
980 1722 1284 1792 discipulus
1319 1740 1481 1791 quem
1541 1726 1802 1793 diligebat

202 1812 385 1880 Iesus,
426 1813 615 1878 Petro,
654 1835 672 1866 ι
699 1814 964 1870 Dominus
992 1825 1076 1872 est
1102 1814 1290 1887 (Joan.
1328 1834 1438 1879 χιι,
1477 1820 1527 1885 7)
1574 1838 1591 1870 ι
1640 1819 1800 1872 Prior

1251 386 1545 447 CONTRA
1591 389 1724 448 ,1οΑ
1737 390 1947 451 ΝΝΕΜ
1998 393 2135 454 ΗῘΕ
2149 394 2414 456 ROSOL.

211 505 310 554 fuit
334 501 567 568 quando
619 499 782 573 M5
808 515 914 555 non
942 502 1366 570 agnoscebatur,
1391 512 1442 556 et
1472 502 1610 555 alius
1630 521 1805 572 quan-
1839 515 1878 571 Α

3381 396 3488 460 406

1983 512 2074 565 36.
2122 511 2459 566 .ilarrionittr
2490 514 2804 581 disputatio.
2840 547 2909 556 -——
2937 514 3046 568 Oro
3083 523 3135 572 ’θ
3167 515 3204 578 ⁸,
3238 517 3328 581 qui
3368 529 3486 567 lan-

1911 605 1978 658 lis
2028 618 2215 660 contra
2285 612 2745 663 resurrectionem
2810 614 2978 666 uteris
3035 614 3393 682 argumentis,
3433 621 3487 662 ιιι

1909 696 2228 765 simplieiter
2263 717 2476 756 mecum
2527 703 2772 772 loquaris
2807 707 2848 758 '.
2880 706 3070 760 Credis
3114 719 3240 760 vere
3295 705 3488 760 Donni-

1911 804 2038 841 num
2072 795 2461 858 resurrexisse,
2501 796 2554 848 in
2587 797 2776 849 eodem
2812 815 2921 866 quo
2949 786 3217 862 moi-tuus,
3250 815 3357 868 quo
3397 813 3486 850 se-

1912 881 2100 946 pultus
2133 893 2214 936 cst
2253 901 2502 955 corpore,
2535 904 2722 942 annon
2790 891 2972 944 credis
3005 891 3027 943 ?
3071 891 3124 943 Si
3159 892 3357 952 credis,
3388 906 3488 942 cur

1909 974 2011 1026 ista
2050 978 2309 1042 proponis
2367 997 2460 1047 per
2507 999 2626 1050 qtne
2665 986 3007 1037 resurrertio
3037 985 3335 1052 denegatur
3366 985 3388 1036 ?
3423 982 3480 1036 Si

1908 1083 2016 1120 non
2051 1071 2252 1134 credis,
2295 1073 2387 1140 qui
2423 1074 2492 1126 ita
2549 1078 2926 1142 imperitorum
2965 1080 3131 1131 luctas
3168 1077 3400 1134 animas.
3432 1086 3485 1130 et

1907 1175 2186 1217 rc~urrect
2213 1182 2370 1221 ouem
2410 1185 2566 1222 ιτςιςςυ
2595 1175 2810 1226 nomine
2844 1173 3118 1226 ventilas?
3146 1172 3268 1224 audi
3303 1173 3343 1224 ⁸.
3379 1169 3487 1226 Nu-

1909 1258 2099 1325 perde
2137 1259 2432 1317 Mart-iouis
2485 1266 2700 1331 quidam
2740 1268 2922 1320 schola
2972 1286 2985 1321 :
3026 1267 3132 1331 νει),
3178 1267 3377 1333 inquit,
3413 1265 3484 1329 ei,

1909 1350 2000 1414 qui
2041 1353 2092 1402 in
2136 1353 2240 1403 hac
2274 1371 2461 1420 carne,
2516 1358 2649 1410 etin
2705 1358 2790 1410 his
2826 1362 3044 1413 ossibus
3099 1357 3486 1413 resurrexcrit.

1907 1437 2160 1495 Gaudeus
2198 1445 2414 1499 animus
2451 1449 2631 1500 statim
2663 1449 2840 1502 intulit
2873 1469 2884 1502 :
2933 1470 2948 1500 t
2990 1450 3310 1519 Cousepulti
3341 1449 3486 1501 enim

1907 1547 2121 1595 Sumus,
2157 1547 2204 1585 et
2241 1541 2696 1595 consutreximtts
2727 1557 2847 1593 cum
2907 1543 3126 1596 Chtislo
3169 1560 3264 1612 per
3312 1541 3490 1610 bapti-

1903 1640 2081 1678 smum
2127 1627 2144 1656 ⁷
2176 1625 2351 1695 (Rom.
2388 1646 2459 1694 γι,
2503 1633 2552 1698 4)
2593 1653 2608 1684 ι
2657 1634 2886 1698 Aniutrc,
2922 1652 2988 1688 an
3028 1638 3209 1689 carnis
3239 1651 3486 1689 resurre-

1905 1718 2148 1771 ctionem
2180 1720 2374 1774 dicis?
2424 1721 2722 1791 Iit-spondi,
2767 1745 2872 1781 non
2922 1729 3092 1783 solius
3123 1729 3340 1791 animm,
3392 1728 3486 1782 sed

1905 1810 2112 1872 carnis,
2148 1827 2268 1876 qtuc
2301 1827 2424 1865 cum
2464 1815 2641 1866 anima
2692 1820 2999 1872 renascitur
3036 1820 3089 1872 in
3149 1819 3384 1872 lavat-ro.
3424 1819 3489 1872 Et

202 1908 350 1956 enim
404 1907 700 1975 virginitas
735 1907 1002 1976 virginale
1057 1922 1258 1976 corpus
1296 1910 1311 1938 ¹
1336 1910 1606 1978 agnoscit.
1651 1909 1794 1963 Idem
1833 1889 1870 1942 υ
1900 1902 2176 1972 quomodo
2209 1904 2429 1973 peribit,
2459 1921 2581 1974 quae
2609 1907 2660 1959 in
2693 1907 2909 1963 Clu-isto
2943 1922 3131 1965 renata
3170 1920 3256 1964 est
3292 1910 3313 1963 ?
3343 1912 3480 1975 Quia

205 2007 344 2056 eral,
381 2006 438 2047 et
489 2013 605 2049 non
643 1997 786 2050 idem
843 1998 1098 2053 omnibus
1148 1999 1453 2054 videbatur.
1493 2000 1800 2068 Statimque

203 2089 572 2158 subiungitur
603 2106 619 2143 :
656 2110 674 2141 ι
708 2089 772 2143 Et
801 2107 962 2144 nemo
1005 2093 1238 2147 audebat
1271 2094 1613 2162 interrogare
1645 2110 1798 2153 eum.

208 2183 286 2235 Tn
312 2185 445 2252 quis
469 2199 529 2237 es
561 2184 584 2236 ?
610 2184 848 2239 scientes
873 2185 1014 2254 quod
1043 2187 1304 2241 Dominus
1328 2195 1410 2240 est
1440 2188 1600 2252 (Ibid.
1634 2189 1739 2257 δὲ).
1774 2208 1792 2240 ›

208 2277 383 2332 Nemo
415 2278 683 2342 audebat,
730 2277 857 2346 quia
899 2277 1066 2331 Deum
1119 2281 1388 2333 sciebant.
1426 2278 1800 2333 VI‘S(‘CiJalllI|l‘

206 2385 332 2422 cum
376 2369 858 2438 prandente.quia
895 2371 1168 2425 hominem
1193 2379 1246 2425 et
1273 2387 1492 2426 carnem
1522 2372 1624 2424 vidi
1647 2372 1798 2435 bant,

206 2476 315 2516 non
339 2463 495 2532 quod
516 2464 660 2517 alter
681 2461 842 2531 Deus,
865 2465 1004 2517 alter
1025 2463 1189 2517 homo
1221 2473 1390 2528 esset,
1421 2463 1516 2518 sed
1546 2479 1687 2516 unus
1721 2471 1802 2516 at-

206 2570 240 2623 q
265 2571 312 2608 te
338 2557 486 2609 idem
507 2556 651 2610 Filiu
667 2578 682 2601 ε
701 2558 791 2610 Dei
812 2557 1244 2628 cognosceltatttr
1263 2567 1322 2611 ut
1345 2557 1526 2622 homo,
1549 2557 1802 2610 adoraba-

210 2662 299 2702 tur
335 2661 397 2702 ut
426 2647 595 2703 Deus.
617 2649 1003 2704 Scilicetnunc
1023 2650 1152 2704 mihi
1173 2649 1672 2719 philosophandum
1695 2657 1800 2712 est,

209 2742 459 2797 incertos
476 2757 606 2796 esse
627 2757 822 2796 sensus
853 2751 1090 2806 nostros,
1114 2751 1166 2795 et
1186 2741 1425 2796 maxime
1449 2742 1648 2796 visum.
1669 2741 1802 2794 Car-

209 2836 415 2891 neades
438 2835 641 2902 aliquis
664 2835 732 2889 ab
756 2834 950 2889 inieris
975 2836 1325 2900 excitandus,
1358 2844 1414 2888 ut
1443 2834 1684 2904 proferat
1714 2851 1799 2889 ve-

208 2943 328 2981 rum
350 2934 397 2981 '.
417 2928 654 2982 Remum
688 2929 738 2981 iu
767 2943 905 2996 aqua
935 2929 1166 2982 fractum
1193 2927 1387 2992 videri,
1422 2928 1664 2996 porticus
1685 2929 1802 2979 lon-

209 3023 332 3090 gius
359 3022 739 3090 anguSIiores.
770 3023 984 3074 roruntlt
1007 3037 1033 3076 s
1068 3022 1257 3091 procul
1286 3021 1515 3074 turrium
1553 3019 1803 3084 angulos,

207 3113 603 3170 columbarum
627 3113 766 3167 colla
798 3114 864 3165 ad
888 3114 1130 3181 singulas
1149 3114 1535 3168 convers’ones
1562 3113 1800 3166 eoiorcm

1904 1996 2169 2066 scriptum
2229 2005 2333 2064 est,
2378 1999 2452 2052 ait
2487 2018 2499 2054 :
2543 2018 2560 2050 ι
2598 2001 2734 2055 Caro
2767 2013 2819 2056 ct
2855 2004 3080 2073 sanguis
3121 2020 3348 2073 regnum
3389 2003 3485 2057 Dci

1906 2100 2014 2137 non
2060 2088 2422 2156 possidebunt
2461 2090 2509 2158 (Ι
2540 2090 2664 2146 Cor.
2702 2108 2789 2159 xv,
2819 2093 2932 2163 50).
2969 2111 2988 2145 ι
3037 2093 3294 2159 Attende,
3325 2095 3484 2148 obse-

1905 2193 1998 2230 cro
2032 2188 2102 2242 te,
2140 2181 2284 2250 quod
2317 2182 2545 2246 tltcitur,
2582 2202 2600 2235 ι
2637 2183 2776 2237 Caro
2808 2195 2856 2238 et
2891 2187 3117 2255 sanguis
3140 2202 3362 2255 regnum
3392 2187 3484 2239 Dei

1913 2287 2018 2322 non
2067 2272 2450 2338 possidebunt.
2495 2294 2511 2324 ι
2549 2274 2805 2342 Nunquid
2857 2293 2963 2330 non
3002 2279 3330 2348 reSttrgent?
3376 2280 3485 2332 Ab-

1904 2363 2014 2429 sit;
2082 2367 2174 2417 sed
2235 2382 2341 2418 non
2399 2368 2788 2435 pos~idebuut.
2863 2370 3043 2436 Quare
3079 2387 3182 2424 non
3243 2370 3490 2440 posside-

1907 2457 2082 2509 bmu?
2138 2457 2298 2523 Quia,
2345 2460 2615 2529 sequitur,
2683 2480 2699 2512 ι
2738 2478 2914 2533 neque
2975 2466 3254 2533 corruptio
3303 2463 3487 2517 incor-

1909 2550 2220 2618 ruptionem
2243 2552 2547 2618 possidebit
2584 2552 2804 2623 (lbid.).
2841 2574 2858 2607 ι
2941 2554 3154 2609 Taudiu
3218 2571 3346 2625 ergo
3403 2571 3489 2610 τεο

1905 2656 2068 2710 gnum
2123 2643 2210 2695 Dei
2236 2660 2341 2697 non
2381 2646 2759 2713 possidebunt,
2814 2650 3072 2716 quamdiu
3113 2665 3242 2703 caro
3275 2659 3486 2704 tantum

1907 2738 2247 2806 sanguisque
2318 2740 2748 2806 permanserint.
2827 2743 2961 2796 Cum
3034 2753 3214 2798 autem
3293 2759 3491 2798 corru-

1906 2829 2114 2895 ptivum
2179 2829 2416 2884 induerit
2466 2832 2959 2902 incorruptionem,
3023 2845 3079 2890 et
3127 2837 3358 2892 mortale
3407 2837 3492 2892 inc

1909 2920 2084 2973 duerit
2135 2922 2608 2978 immortalitatem
2633 2925 2649 2995 (
2678 2924 2818 2980 Ibid.
2850 2929 2964 2997 5-5),
3023 2939 3073 2983 ct
3095 2929 3268 2984 lutum
3304 2930 3491 2986 carnis

1912 3015 1965 3066 in
2021 3023 2213 3067 testam
2251 3013 2418 3069 fuerit
2465 3027 2773 3083 excoctum,
2809 3035 2930 3090 qua:
2966 3021 3114 3087 prius
3166 3022 3317 3089 gravi
3357 3037 3492 3090 pon-

1911 3106 2038 3159 dere
2069 3108 2423 3175 promebatur
2456 3109 2508 3162 in
2539 3120 2760 3172 terram,
2796 3111 3035 3180 acceptis
3085 3111 3314 3181 spiritus
3352 3127 3488 3182 pen-

208 3207 508 3260 mutantia,
545 3205 683 3259 cum
716 3206 906 3259 Rhode
936 3203 1157 3258 Ρειτηιιι
1210 3204 1508 3265 nuntiaret,
1566 3215 1619 3256 et
1663 3219 1790 3271 apo.
1833 3245 1873 3298 Ο
1912 3199 1996 3249 nis
2027 3208 2078 3250 et
2113 3200 2535 3264 immolationis,
2569 3217 2679 3255 non
2713 3203 3025 3257 abolitionis
3060 3203 3103 3266 ⁸.
3141 3219 3275 3257 nova
3313 3204 3490 3273 gloria

207 3302 370 3358 Stolis
404 3301 622 3353 diceret
654 3299 796 3369 (Act.
832 3315 907 3352 xtt
936 3298 975 3369 ),
1007 3299 1075 3352 ob
1109 3297 1333 3367 periculi
1367 3296 1798 3365 magnitudinem

207 3396 482 3458 evasisse,
530 3409 640 3446 non
694 3391 944 3458 credunt,
1022 3393 1346 3462 phantasma
1427 3392 1800 3461 suspiCanlnr.

206 3488 384 3542 l'orro
428 3486 579 3556 quod
616 3486 816 3540 clausis
871 3488 1148 3554 ingressus
1174 3495 1263 3538 est
1317 3484 1498 3546 ostiis,
1553 3483 1797 3551 ejus-dent

207 3583 437 3635 \irtutis
494 3580 621 3641 fuit.
655 3579 811 3647 cujus
842 3589 896 3632 et
929 3595 993 3632 ex
1031 3579 1206 3633 oculis
1258 3592 1604 3631 evanescere.
1661 3576 1800 3646 Lyn-

207 3692 346 3731 ceus
381 3677 465 3743 (ut
524 3674 723 3728 fabula:
771 3674 952 3726 ferunt
984 3674 1001 3740 )
1036 3672 1252 3726 videbat
1291 3682 1443 3725 trans
1477 3671 1739 3738 parietem
1780 3687 1795 3723 :

207 3768 486 3822 Dominus
527 3765 731 3820 clausis
762 3764 938 3826 ostiis,
987 3765 1091 3818 nisi
1126 3764 1445 3833 phantasma
1481 3759 1667 3824 fuerit,
1719 3761 1804 3813 itt-

211 3875 362 3915 trare
397 3874 511 3914 non
543 3858 745 3928 poterit
769 3856 792 3910 ἲ
817 3856 1028 3923 Aquilae.
1055 3867 1100 3907 ct
1141 3856 1392 3908 vultures
1427 3853 1796 3907 transmarina

205 3958 486 4011 cadavera
528 3951 798 4006 sentiunt.
853 3950 1102 4004 Salvator
1151 3949 1428 4015 apostolos
1481 3961 1630 4005 suos.
1692 3945 1795 3996 nisi

206 4045 430 4097 ostium
462 4039 768 4108 aperuerit,
827 4053 931 4090 non
964 4036 1168 4090 videbit
1198 4036 1220 4087 ?
1252 4036 1349 4089 Dic
1405 4036 1559 4096 mihi,
1595 4035 1799 4088 acutis-

209 4136 353 4187 sime
377 4133 716 4201 disputator,
742 4130 873 4198 quid
902 4139 983 4182 est
1004 4131 1201 4199 majus,
1229 4137 1436 4181 tantam
1497 4137 1654 4181 terra:
1683 4143 1799 4179 ma-

205 4226 561 4296 gnitudinem
613 4224 920 4292 appendere
955 4223 1165 4290 'super
1219 4221 1473 4282 nihilum,
1530 4229 1582 4273 et
1637 4233 1803 4286 super

204 4333 485 4386 aquarum
537 4317 746 4369 incerta
806 4314 1044 4378 librare;
1079 4330 1146 4366 an
1200 4315 1367 4367 Deum
1427 4313 1662 4364 transire
1706 4326 1800 4379 per

205 4410 460 4462 clausam
517 4418 751 4476 portam,
787 4416 840 4459 et
893 4415 1201 4459 creaturam
1238 4404 1433 4459 cedere
1492 4402 1743 4456 Creatori
1779 4402 1801 4452 ?

207 4501 373 4567 Quod
413 4500 598 4568 majus
649 4510 753 4561 est,
794 4498 993 4552 trilmis
1031 4515 1044 4562 ;
1080 4496 1246 4568 446
1274 4495 1419 4564 quod
1461 4495 1644 4547 minus
1689 4502 1794 4554 est,

1911 3291 2112 3344 volabit
2150 3293 2214 3345 ad
2251 3294 2449 3347 ccelum
2488 3311 2501 3349 :
2541 3303 2594 3348 et
2630 3305 2758 3350 tunc
2793 3294 3108 3365 implebitur
3158 3294 3291 3350 illud
3341 3297 3488 3366 quod

1908 3385 2174 3451 scriptum
2204 3397 2288 3440 est
2314 3402 2329 3441 :
2371 3405 2388 3436 ι
2425 3386 2691 3456 Absorpta
2722 3396 2806 3439 est
2836 3400 2985 3440 mors
3021 3403 3073 3440 tn
3104 3385 3355 3442 victoria.
3383 3386 3484 3443 Ubi

1906 3484 2009 3536 est,
2049 3492 2219 3540 mors,
2274 3477 2558 3530 contentio
2607 3485 2697 3529 tua
2728 3477 2751 3531 't
2782 3475 2871 3531 ubi
2911 3484 3016 3540 est,
3055 3492 3226 3542 mors,
3268 3476 3492 3533 aculeus

1911 3583 2034 3625 tuus
2072 3572 2226 3642 (Osee
2262 3591 2372 3637 χιιι,
2419 3573 2518 3630 Ιιι
2550 3572 2579 3625 Ι
2605 3573 2730 3629 Cor.
2768 3591 2856 3632 xv.
2889 3573 3013 3644 5'3)?
3043 3592 3063 3625 υ

1979 3667 2067 3720 37.
2095 3666 2323 3720 Joannis
2356 3666 2526 3734 Epist.
2559 3669 2628 3720 ad
2682 3668 2951 3734 Theophil.
3007 3667 3240 3721 thsaria
3295 3675 3485 3720 metro-

1909 3758 2046 3827 polis
2079 3757 2384 3813 Palo'stinw
2412 3775 2430 3813 :
2454 3762 2614 3814 totius
2652 3758 2882 3814 Orientis
2908 3759 3215 3813 Antiochia.
3240 3758 3486 3813 Isidorus

1909 3851 2196 3919 presbyter.
2230 3880 2297 3892 ——
2328 3850 2670 3920 Praepostero
2701 3852 2894 3906 ordine
2935 3851 3002 3906 de
3030 3851 3335 3905 animarum
3375 3858 3488 3903 sta-

1911 3950 1962 3989 tu
1998 3951 2048 3992 et
2080 3943 2265 3994 carnis
2299 3943 2706 3996 resurrectione
2736 3942 3118 4011 respondimus
3159 3957 3175 3995 :
3237 3939 3488 3996 omissis.

1908 4046 2015 4098 que
2051 4033 2334 4099 principiis
2363 4033 2646 4100 Epistolte,
2675 4043 2782 4087 tota
2827 4033 2984 4088 nobis
3013 4042 3202 4087 contra
3241 4032 3489 4103 egregios

1912 4131 2178 4176 tractatus
2210 4123 2329 4192 ejus
2367 4124 2467 4175 fuit
2503 4123 2820 4192 disputatio.
2857 4124 3148 4178 Maluimus
3205 4124 3349 4178 enim
3416 4125 3484 4179 de

1909 4210 2004 4265 Dei
2044 4212 2227 4273 rebus,
2262 4231 2424 4282 quam
2471 4217 2534 4269 de
2576 4216 2780 4271 nostris
2811 4214 3029 4284 injuriis
3081 4215 3308 4270 dicere:
3371 4233 3389 4266 ο
3427 4214 3482 4270 Si

1908 4305 2220 4371 peccaverit
2252 4306 2414 4361 homo
2464 4305 2515 4359 in
2550 4304 3146 4377 bontinem,rogabunt
3209 4320 3309 4375 pro
3353 4321 3420 4361 eo
3467 4310 3486 4341 '

1906 4396 1972 4450 ad
2009 4396 2325 4452 Dominum.
2365 4397 2421 4452 Si
2457 4409 2638 4451 autem
2669 4397 2721 4450 in
2774 4398 2943 4453 Deum
2978 4397 3305 4468 peccaverit,
3360 4399 3483 4467 quis

1903 4490 2082 4542 orabit
2129 4505 2228 4558 pro
2257 4505 2322 4542 eo
2371 4488 2424 4559 (1
2463 4489 2589 4559 Reg.
2631 4506 2691 4554 tt,
2748 4491 2906 4560 25)?»
2968 4489 3124 4544 Nunc
3194 4505 3225 4545 e
3270 4490 3486 4544 diverso

205 4593 600 4648 ralumniaris.
629 4593 824 4645 Petrus
855 4605 1018 4658 super
1054 4604 1224 4657 aquas
1269 4587 1517 4640 ambulat
1562 4584 1711 4655 gravi
1740 4592 1793 4637 et
1831 4597 1874 4651 ι)
1909 4583 2073 4654 M7
2112 4599 2276 4653 super
2310 4584 2494 4638 omnia
2531 4593 2750 4638 nostros
2790 4582 3131 4636 adversarios
3189 4581 3482 4636 immortali

205 4685 393 4740 solido
427 4698 660 4753 corpore
693 4682 904 4751 (Matth.
938 4695 1049 4742 xtv,
1079 4679 1149 4734 28
1183 4678 1224 4748 ).
1267 4677 1438 4732 Mollis
1492 4677 1636 4730 unda
1688 4690 1796 4729 non

204 4780 362 4833 cedit
393 4795 408 4835 :
445 4776 731 4844 paululum
768 4774 901 4828 ﬁdes
931 4773 1172 4837 dubitat,
1229 4781 1282 4826 et
1313 4768 1497 4824 statim
1540 4777 1798 4822 naturam

207 4885 370 4923 suam
423 4883 628 4937 corpus
663 4867 959 4934 intelligit;
1008 4876 1068 4920 ut
1098 4865 1364 4928 sciamus,
1415 4877 1582 4932 super
1619 4875 1797 4929 aquas

208 4979 323 5017 non
353 4975 559 5030 corpus
595 4959 925 5023 ambulasse,
958 4956 1053 5013 sed
1102 4956 1295 5010 (idem.

286 5173 298 5201 ¹
351 5168 451 5222 iis.
492 5168 547 5219 S.
583 5165 775 5219 Crucis
806 5164 1158 5230 convirginale
1184 5176 1393 5228 corpus,
1423 5168 1533 5214 etc.

283 5245 303 5272 ι
353 5239 421 5292 tit
452 5238 690 5306 proferat
725 5253 921 5290 rerum.
975 5227 1146 5286 Antea
1193 5227 1689 5306 lalsolegebatur;
1731 5227 1797 5282 Ut

205 5300 686 5379 proferat'rehmm
720 5311 961 5379 in__aqua
1010 5306 1264 5372 fractum,
1315 5300 1479 5354 videri
1530 5301 1792 5379 porticus.

207 5369 321 5437 ezc:
378 5381 652 5432 Maurus.
682 5409 746 5417 —
786 5369 981 5430 Vocem
1010 5369 1212 5428 rerum
1261 5383 1474 5426 veteres
1527 5369 1797 5424 editiones

211 5469 325 5506 non
366 5453 597 5502 habent.

284 5524 303 5553 ³
353 5522 593 5574 Verbum
625 5534 724 5586 app
746 5518 914 5570 videre
947 5517 998 5568 in
1042 5531 1144 5586 ms.
1173 5511 1543 5586 desideratur.

285 5595 306 5622 δ
348 5593 459 5642 (Iro
495 5602 564 5654 te,
590 5582 699 5642 etc.
732 5588 828 5641 Hic
863 5601 1081 5655 quoque
1113 5585 1245 5637 lalsa
1287 5591 1405 5640 erat
1439 5582 1604 5638 lectio
1638 5602 1651 5643 :
1689 5585 1796 5638 Oro

214 5665 411 5723 te,,qui
466 5673 674 5710 tantum
721 5669 905 5711 contra
954 5657 1391 5708 resurrectionem
1444 5656 1606 5707 sentis
1639 5671 1799 5722 argu—

213 5734 503 5793 mnttaria,
542 5745 611 5781 tm
650 5731 964 5796 simpliciter
994 5741 1192 5778 mecum
1226 5723 1477 5793 loqueris.
1518 5724 1792 5778 Murrum.

287 5807 309 5836 ⁸
351 5804 520 5855 Vetus
564 5802 697 5852 edit.
741 5800 844 5863 Qui
879 5805 1082 5850 tantum
1134 5805 1322 5847 contra
1362 5797 1790 5850 resurrectionem

215 5877 474 5939 statictts,
510 5881 848 5941 argumentor
874 5888 918 5934 ι,
952 5880 1006 5921 ut
1044 5866 1173 5920 nihil
1207 5882 1425 5931 mecum,
1466 5873 1573 5920 ctc.

1908 4677 2034 4730 odio
2062 4677 2492 4746 persequimur:
2547 4675 3053 4745 blasphemantibus
3109 4674 3306 4739 Deum,
3373 4676 3484 4731 cle-

1907 4779 2144 4822 mentem
2181 4768 2512 4838 porrigimus
2573 4783 2817 4822 manum.
2857 4766 3061 4822 Scribit
3102 4769 3167 4821 ad
3213 4765 3485 4836 Theophi-

1909 4861 2021 4915 lum
2060 4861 2379 4931 episcopum
2411 4861 2716 4930 apologiam
2743 4861 2804 4925 ‘°,
2835 4862 2992 4931 cujus
3019 4862 3164 4917 istud
3194 4861 3481 4915 exordium

1905 4964 1988 5009 est
2023 4971 2036 5008 :
2073 4953 2182 5010 «Tu
2210 4955 2429 5024 quidem
2460 4963 2522 5010 ut
2549 4956 2710 5010 homo
2742 4953 2861 5022 Dei,
2887 4962 2943 5010 et
2974 4954 3275 5023 apostolica
3321 4966 3485 5009 orna-

1975 5163 1995 5193 ⁶
2042 5163 2204 5214 Audi.
2239 5160 2442 5228 Nuper,
2475 5173 2580 5214 etc.
2619 5159 2674 5212 in
2714 5161 2815 5212 isto
2872 5159 3125 5211 similiter
3174 5159 3294 5213 loco
3347 5160 3484 5214 lalsa

1907 5233 2186 5287 retinetur
2244 5233 2408 5296 hujus
2446 5231 2587 5282 modi
2622 5229 2782 5283 lectio
2817 5245 2830 5283 :
2862 5228 2999 5281 Audi
3035 5244 3200 5297 nuper
3229 5231 3293 5283 de
3337 5230 3482 5284 Mar-

1903 5305 2071 5357 cionis
2106 5303 2283 5357 schola
2319 5317 2336 5354 :
2388 5299 2493 5352 Vir.
2544 5298 2810 5352 Maurum.

1977 5376 1996 5405 "
2044 5373 2144 5428 Ms.
2181 5370 2621 5423 Consurreximns
2655 5369 2865 5422 Christo
2899 5369 2952 5421 in
2985 5367 3319 5436 baptismate.

1975 5444 1996 5475 ⁸
2026 5444 2168 5496 Idem
2210 5439 2443 5502 Spiritus
2472 5442 2654 5507 pennis
2675 5440 2993 5502 immutatis,
3023 5455 3123 5491 non
3152 5439 3386 5492 abolitis.

1974 5516 1994 5544 ‘
2023 5514 2207 5567 Denuo
2237 5510 2378 5564 idem
2407 5525 2511 5563 ms.
2541 5508 2784 5564 Orabuttt
2809 5525 2901 5579 pro
2929 5525 3006 5563 eo.
3036 5507 3090 5562 Si
3116 5518 3316 5572 autem,
3348 5519 3478 5577 etc.,

1904 5589 2167 5640 renuente
2191 5580 2380 5634 Graeco
2406 5589 2582 5635 textu.

1974 5653 2020 5684 ¹⁰
2057 5652 2268 5703 Desinit
2296 5651 2382 5702 hic
2415 5651 2519 5704 loci
2548 5665 2650 5704 tus.
2682 5649 2739 5704 S.
2765 5650 2956 5703 Cruris
2982 5649 3080 5702 hac
3104 5648 3287 5704 addita
3330 5651 3480 5704 clau-

1901 5724 2046 5776 sula:
2093 5719 2327 5788 Explicit
2353 5721 2484 5773 [iber
2516 5718 2827 5788 Hieronymi
2854 5733 3039 5772 contra
3071 5722 3263 5787 dogma
3295 5720 3481 5787 Orige-

1901 5794 1981 5844 nis
2017 5793 2078 5844 tle
2104 5792 2509 5845 resurrectione.
2536 5791 2617 5852 Et,
2655 5790 2888 5855 Explicit
2911 5791 3042 5844 liber
3073 5790 3293 5844 Eusebii
3344 5789 3480 5844 llic-

1903 5863 2103 5931 ronymi
2134 5863 2195 5915 de
2225 5861 2603 5916 resurrectione
2665 5877 2858 5914 curnts.
