4202 6492
750 355 856 421 407

1928 364 1989 424 S.
2031 366 2343 430 EUSEBII
2387 369 2834 437 HIERONYMI

3894 385 4005 450 408

748 484 837 531 tus
875 473 1071 545 gratia.
1106 490 1294 549 curam
1343 476 1586 531 omnium
1637 479 2037 547 Ecclesiarum,
2083 485 2322 540 maxime
2352 486 2395 544 Α
2430 491 2717 566 ϐἐστατον]
2753 509 3051 562 possumus
3084 497 3284 554 dicere.
3323 499 3431 556 iste
3465 514 3546 560 est
3594 506 3756 558 homo
3812 508 4019 560 divina:

747 567 868 634 eius
891 568 1092 638 quaain
1156 568 1544 642 iiierosolyinis
1577 583 1681 636 est,
1737 576 2000 643 sustines,
2032 593 2156 631 cum
2207 580 2319 647 ipse

749 661 1004 727 plurimis
1038 663 1498 719 sollicitudinibus
1553 665 1810 723 Ecclesia:
1841 667 1958 730 Dei,
1989 685 2108 734 qure
2137 671 2238 724 sub
2271 682 2320 726 te

746 753 1243 824 est,'distringaris.
1281 773 1300 807 »
1364 753 1575 810 Laudat
1630 755 1844 826 faciem,
1896 761 1960 812 ad
2026 775 2318 830 personam

745 846 1054 917 principum
1086 848 1271 902 trahit.
1300 847 1382 904 Tu
1406 851 1495 921 qui
1526 851 1735 920 regulas
1791 853 1993 922 quat-ris
2057 856 2320 911 ecclesia-

747 941 936 1006 sticas,
969 949 1020 994 et
1048 939 1246 996 Nicaeni
1279 942 1296 974 ¹
1317 945 1536 999 concilii
1561 945 1864 1000 canonibns
1890 948 2080 1015 uteris,
2113 959 2163 1002 et
2188 950 2321 1004 alie-

745 1051 851 1091 nos
916 1035 1193 1099 clericos.
1260 1047 1313 1091 et
1371 1053 1493 1092 cum
1552 1039 1669 1093 suis
1751 1041 2027 1111 episeopis
2078 1057 2320 1098 commo-

747 1137 933 1183 iantes
964 1128 1061 1184 tibi
1096 1130 1283 1184 niteris
1336 1146 1626 1199 usurpare,
1693 1135 1966 1202 responde
2039 1134 2194 1199 mihi,
2255 1135 2319 1188 ad

742 1221 1177 1276 Alexandrinum
1201 1223 1520 1293 episcopum
1544 1225 1834 1282 Palatstina
1864 1226 1990 1297 quid
2049 1229 2276 1296 pertinet
2300 1227 2323 1280 ἲ

742 1310 808 1366 Ni
837 1311 1018 1382 fallor,
1057 1314 1158 1369 hoc
1186 1314 1256 1369 ibi
1286 1316 1624 1379 decernitur.
1664 1328 1723 1372 ut
1762 1317 2062 1373 Palzestinaz
2123 1332 2323 1375 metro-

747 1406 886 1473 polis
924 1405 1159 1461 Cmsaria
1195 1408 1283 1464 sit.
1321 1417 1374 1462 et
1404 1409 1573 1463 totius
1603 1409 1840 1465 Orientis
1872 1411 2181 1465 Antiochia.
2220 1417 2324 1468 Aut

747 1498 916 1570 igitur
945 1497 1012 1553 ad
1031 1497 1427 1559 Czrsariensetu
1456 1503 1764 1571 episcopum
1802 1506 2008 1559 referre
2031 1505 2322 1571 debueras.

747 1592 856 1656 cui,
900 1603 1083 1659 spreta
1147 1595 1534 1649 communione
1578 1603 1690 1662 tua,
1755 1597 2167 1652 communicare
2222 1615 2324 1654 nos

749 1699 1014 1750 ιιονρτειες
1047 1695 1141 1740 aut
1174 1687 1217 1742 si
1248 1686 1436 1750 procul
1466 1687 1830 1756 expetendum
1860 1687 2127 1757 judicium
2183 1701 2321 1753 erat,

749 1777 1096 1832 Antiochiam
1125 1777 1306 1846 potius
1345 1777 1546 1833 litterae
1574 1778 1900 1847 dirigendre.
1936 1778 2039 1833 Sed
2071 1780 2195 1834 novi
2223 1796 2322 1834 cur

751 1870 1068 1936 lla-sariam,
1093 1884 1194 1924 cur
1224 1869 1572 1924 Antiochiam
1635 1870 1873 1924 nolueris
1907 1872 2138 1925 mittere.
2181 1871 2327 1927 Scie-

752 1963 849 2014 bas
881 1960 1007 2028 quid
1042 1963 1278 2031 fugeres,
1310 1961 1439 2030 quid
1469 1961 1691 2015 vitares.
1748 1959 1984 2024 Maluisti
2041 1963 2326 2032 occupatis

751 2053 976 2106 auribus
1009 2053 1310 2110 molestiam
1345 2051 1542 2114 facere,
1565 2068 1730 2123 quam
1768 2054 2007 2108 debitum
2055 2065 2326 2122 metropo-

750 2144 920 2199 litano
958 2154 1048 2200 tuo
1075 2143 1333 2200 honorem
1366 2146 1616 2201 reddere.
1647 2145 1755 2201 Nec
1809 2147 1910 2201 hoc
1967 2147 2108 2209 dico,
2179 2147 2324 2214 quod

753 2247 952 2306 preter
973 2237 1264 2306 amicitias,
1298 2253 1422 2309 qua:
1452 2239 1822 2308 suspicionem
1851 2249 2134 2308 generant,
2169 2239 2326 2308 quid-

749 2345 913 2399 quam
943 2330 994 2384 in
1044 2329 1320 2401 legatione
1360 2329 1791 2400 reprehendam;
1842 2328 1936 2385 sed
2003 2329 2130 2400 quia
2183 2331 2326 2400 apud

752 2428 1151 2494 interrogantes
1172 2423 1346 2493 magis
1376 2431 1429 2477 et
1459 2431 1758 2493 presentes
1793 2431 1843 2477 te
1871 2437 2102 2493 purgare
2125 2422 2332 2478 debue-

749 2515 847 2569 iis.
881 2513 1106 2570 «Misisti
1139 2513 1616 2585 religiosissimum
1655 2515 1933 2570 hominem
2005 2515 2096 2570 Dei
2152 2515 2322 2570 Isido-

750 2622 871 2662 rnm
928 2608 1324 2678 presbyterum,
1379 2607 1556 2663 virum
1620 2615 1894 2678 potentem
1942 2620 2048 2663 tam
2096 2624 2160 2663 ex
2208 2609 2325 2678 ipsa

750 2701 1000 2758 incessus
1031 2709 1086 2756 et
1111 2701 1327 2756 habitus
1355 2701 1636 2772 dignitate,
1678 2717 1841 2770 quam
1875 2701 2071 2756 divina:
2123 2701 2324 2755 intelli-

747 2797 966 2866 gentia,
1000 2809 1194 2850 curare
1251 2793 1412 2848 etiam
1470 2809 1585 2860 eos,
1615 2795 1708 2863 qui
1746 2794 1929 2848 animo
1978 2792 2327 2848 vehementer

747 2895 1048 2958 aegrotant:
1085 2887 1130 2941 si
1172 2895 1356 2942 ttuuen
1401 2901 1626 2941 sensum
1655 2887 1738 2942 sui
1776 2885 2324 2956 languetishabeant.

751 2980 924 3036 Homo
960 2977 1052 3036 Dei
1121 2979 1284 3033 mittit
1341 2980 1613 3035 hominem
1672 2978 1820 3032 Dei.»
1891 2977 2038 3033 Nihil
2102 2980 2328 3035 interest

747 3075 891 3128 inter
932 3072 1310 3143 presbyterum
1344 3083 1397 3127 et
1435 3073 1783 3142 episcopum;
1845 3073 2035 3127 eadem
2092 3071 2327 3142 dignitas

2425 583 2835 654 intelligentim;
2876 598 2984 644 tam
3013 601 3226 659 potens,
3260 602 3314 648 et
3344 606 3491 649 tanta
3540 597 3787 651 incessus
3821 613 3886 651 ac
3915 599 4018 649 ha-

2430 675 2572 733 bitus
2603 679 2891 749 dignitate,
2952 694 3014 738 ut
3064 687 3221 756 quasi
3288 689 3592 758 spiritualis
3627 689 4014 758 ilipnorrates.

2425 775 2743 841 languorem
2774 781 3080 834 animarum
3107 792 3422 838 nostrarum
3479 801 3575 838 sua
3607 787 3842 852 potuerit
3872 800 4010 851 pra:-

2425 868 2610 921 sentia
2644 869 2913 940 mitigare.
2951 873 2995 928 si
3035 884 3218 929 tamen
3261 890 3360 930 nos
3394 877 3728 930 voluerimus
3748 893 3860 930 su:e
3894 889 4010 929 me-

2425 959 2620 1014 dicinre
2648 967 3020 1030 acquiescere.
3055 953 3222 1022 Citret
3244 984 3301 1022 se
3343 970 3436 1030 tali
3465 971 3848 1026 medicamine.
3915 970 4011 1036 qui

2425 1053 2590 1108 etiam
2637 1057 2774 1111 alios
2822 1073 3018 1115 curare
3067 1061 3378 1118 consuevit.
3443 1062 3609 1118 Nobis
3665 1063 3849 1117 divina
3917 1063 4012 1115 illa

2429 1146 2814 1216 intelligentia.
2855 1168 2954 1219 pro
3009 1153 3232 1211 Christo
3288 1157 3520 1211 stultitia
3587 1166 3694 1210 est.
3751 1156 4016 1210 Libenter

2430 1251 2614 1293 nostra
2655 1243 2958 1299 rusticitate
3009 1245 3348 1315 languemns,
3400 1265 3470 1303 ne
3525 1249 3757 1320 collyrio
3818 1257 4012 1304 vestro

2432 1331 2601 1400 impie
2623 1333 2807 1388 videre
2840 1335 3142 1393 discamus.
3191 1338 3352 1394 «Tum
3413 1356 3544 1394 vero
3601 1341 4012 1406 sanctimoniae,

2431 1438 2528 1491 pro
2560 1425 2765 1493 optima
2792 1427 3072 1482 voluntate
3108 1432 3267 1500 quasi
3319 1431 3384 1485 ad
3435 1431 3596 1485 finem
3661 1448 3834 1500 ttsqttc
3889 1449 4016 1498 per-

2428 1521 2590 1573 ducta
2622 1520 2713 1584 sit,
2747 1520 3109 1588 deprecamur
3164 1521 3452 1577 Dominum
3503 1525 3558 1579 in
3612 1526 3816 1579 Sattt'tis
3873 1525 4014 1579 loris

2430 1623 2589 1668 nocte
2624 1628 2688 1666 ac
2721 1613 2829 1677 die,
2863 1624 2922 1668 ιιι
2955 1615 3002 1670 ei
3040 1615 3230 1669 reddat
3258 1616 3554 1684 perfectam
3598 1618 3930 1691 mercedem.
3958 1630 4014 1671 et

2428 1719 2685 1760 coronam
2718 1708 2842 1759 vita:
2881 1708 3200 1776 largiatur.»
3236 1708 3407 1764 Recte
3443 1711 3647 1778 gratias
3675 1712 3833 1779 agis;
3900 1711 4010 1764 nisi

2428 1797 2571 1850 enin»
2627 1799 2870 1853 venisset
2922 1800 3183 1867 |~idorus,
3211 1811 3264 1856 tu
3333 1804 3385 1856 in
3437 1811 3545 1857 tota
3578 1802 3864 1858 Palnstina
3897 1815 4008 1857 tam

2429 1887 2638 1942 ﬁdelem
2663 1888 2904 1943 sodalem
2940 1906 3045 1942 non
3075 1890 3408 1947 invenisses.
3444 1890 3558 1945 Nisi
3587 1891 3677 1944 ille
3729 1891 3827 1944 tibi
3882 1907 4014 1958 pro.

2432 1976 2668 2032 missum
2707 1988 3049 2049 apportasset
3103 1980 3394 2042 auxilium,
3441 1981 3677 2036 liaereres
3740 1981 3792 2034 in
3848 1980 4009 2034 tmba

2435 2072 2793 2136 rusticorum,
2829 2088 2950 2140 qua!
2977 2073 3308 2139 sapientiam
3349 2081 3498 2126 tuam
3537 2074 3846 2142 intelligere
3895 2089 4009 2126 non

2429 2175 2634 2232 posset.
2676 2165 2796 2218 lla-e
2839 2166 2952 2233 ipsa
2987 2165 3260 2235 apologia,
3282 2167 3347 2220 de
3377 2181 3480 2235 qua
3512 2181 3658 2220 nunc
3683 2183 3868 2220 sermo
3897 2178 4011 2231 est,

2436 2254 2641 2309 Isidoro
2675 2267 2939 2324 praesente
2971 2267 3027 2310 et
3079 2256 3308 2311 multum
3349 2257 3746 2317 collaborante.
3801 2258 4012 2312 diu-tata

2429 2353 2532 2409 est,
2564 2355 2622 2399 ut
2654 2346 2792 2398 idem
2827 2354 2973 2400 esset
3001 2353 3057 2402 et
3087 2346 3327 2400 dictator
3355 2358 3404 2400 et
3435 2347 3650 2417 bajulus
3670 2348 4009 2401 litterarum.

2502 2438 2590 2492 '59.
2623 2437 2911 2492 Archelaus
2944 2454 3139 2493 comes.
3174 2436 3234 2494 S.
3267 2437 3554 2510 Epiphanii
3605 2439 3914 2507 prudentia.
3943 2465 4013 2478 —

2436 2545 2456 2579 ι
2488 2529 2624 2583 Cum
2663 2544 2792 2595 ergo
2823 2528 2925 2581 huc
2952 2527 2973 2560 '
3037 2528 3299 2592 venisset,
3335 2543 3391 2582 et
3425 2528 3750 2582 accessisset
3791 2532 3862 2582 ad
3907 2543 4013 2581 nos

2431 2620 2614 2675 tribus
2649 2620 2880 2682 vicibus,
2904 2618 3312 2676 etadmovisset
3343 2631 3453 2675 tam
3489 2621 3687 2675 divina:
3725 2622 4016 2690 sapientia

2431 2719 2558 2776 tum,
2596 2725 2760 2779 quam
2797 2712 3027 2778 propria:
3051 2709 3424 2779 intelligentia:
3454 2711 3711 2766 habentia
3776 2712 4012 2765 inedici-

2431 2814 2556 2854 nam
2589 2799 2776 2860 verba.
2805 2815 2904 2852 nec
2945 2798 3151 2867 profuit
3177 2799 3363 2865 alicui,
3392 2817 3494 2856 nec
3519 2801 3725 2870 profuit
3747 2802 3796 2855 ei
3854 2803 4012 2870 quis-

2429 2905 2646 2959 quam.»
2684 2890 2780 2943 Hic
2811 2891 2905 2961 qui
2947 2894 3014 2946 ad
3048 2902 3156 2946 tres
3174 2893 3323 2947 vices
3355 2893 3560 2947 dicitur
3584 2894 3651 2948 ad
3683 2909 3784 2948 nos
3816 2910 4010 2949 acces-

2429 2982 2593 3048 sisse,
2620 2991 2692 3037 ut,
2717 2981 2769 3034 in
2806 2983 3068 3037 veniendo
3114 2982 3402 3052 mysticum
3438 2997 3723 3037 numerum
3773 2998 4012 3038 conser-

2430 3082 2608 3134 varet,
2637 3074 2727 3138 qui
2757 3073 3305 3143 'i‘bcophiliepiscopi
3325 3073 3824 3146 mandaturum
3843 3077 4013 3131 nobis

747 3165 1019 3220 mittentis
1051 3175 1105 3219 et
1143 3165 1292 3219 missi
1325 3164 1469 3221 :hoc
1500 3164 1631 3219 satis
1680 3165 1930 3231 imperite
1967 3180 1980 3216 :
2034 3163 2088 3216 in
2143 3173 2394 3241 portu,c
2428 3165 2778 3235 loquebatur,
2842 3166 3051 3220 litteras
3076 3166 3140 3220 ad
3203 3181 3305 3220 nos
3357 3167 3428 3221 ab
3477 3183 3543 3222 eo
3585 3167 3782 3222 missas
3828 3169 4011 3223 noluit

747 3269 806 3312 ut
836 3256 1063 3321 dicitur,
1101 3254 1472 3325 naufragium.
1501 3254 1608 3310 Iste
1643 3255 1886 3311 lsidorus
1914 3257 2006 3325 qui
2035 3257 2088 3310 in
2124 3257 2321 3310 ccelum

744 3351 855 3406 tuis
883 3350 1136 3405 laudibus
1169 3351 1400 3414 tollitur,
1455 3349 1689 3418 idipsum
1741 3349 2035 3404 infamatur
2089 3349 2324 3403 Alexan-

747 3443 1072 3512 driaa.quod
1102 3452 1158 3496 tu
1196 3440 1619 3512 Hierosolyma;
1662 3457 1726 3494 ex
1777 3457 1884 3510 quo
1947 3457 2052 3496 non
2112 3441 2324 3506 legatus

748 3537 1038 3592 advenisse
1060 3535 1297 3599 videtur,
1342 3536 1436 3589 sed
1483 3536 1688 3590 socius.
1722 3535 1976 3604 Alioquin
2007 3536 2280 3590 etlitteraa
2304 3537 2324 3568 '

746 3641 907 3679 manu
947 3625 1066 3694 ejus
1101 3627 1338 3693 scriptae,
1365 3639 1483 3693 qua:
1515 3633 1642 3679 ante
1678 3633 1791 3679 tres
1846 3639 2062 3680 menses
2099 3626 2324 3694 legatio-

747 3722 835 3775 nis
855 3720 923 3775 ad
952 3735 1054 3775 nos
1074 3718 1296 3775 directae
1319 3729 1496 3780 erant,
1530 3725 1810 3788 portantes
1839 3732 2084 3773 errorem
2114 3718 2155 3782 ⁸,
2193 3717 2325 3772 Vio-

744 3813 929 3869 centio
961 3810 1283 3882 presbytero
1311 3809 1536 3864 redditae
1580 3819 1729 3874 sunt,
1767 3825 1885 3879 qua:
1940 3825 2116 3874 usque
2164 3811 2326 3864 hodie

743 3896 816 3960 ali
873 3917 939 3959 eo
991 3911 1268 3969 tenentur,
1305 3902 1505 3971 quibus
1557 3901 1880 3956 cohortatur
1920 3899 2089 3972 448
2120 3901 2315 3956 ducem

746 3997 1024 4056 exercitus
1064 3995 1173 4060 sui,
1206 4003 1265 4050 ut
1317 4009 1485 4064 super
1526 4003 1734 4064 petram
1781 3994 1923 4060 fidei,
1984 3995 2162 4048 stabili
2205 4008 2326 4060 per-

747 4093 908 4146 sistat
928 4089 1122 4159 gradu,
1155 4103 1255 4142 nec
1289 4088 1496 4143 nostris
1526 4087 1719 4139 nzeuiis
1751 4094 2023 4138 terreatur
2058 4086 2110 4139 δ.
2160 4084 2324 4139 Polli-

746 4192 899 4238 cotur
932 4196 994 4236 se
1019 4190 1314 4250 antequam
1346 4178 1638 4250 legationis
1687 4185 1834 4231 esset
1895 4174 1999 4228 ulla
2058 4175 2322 4243 suspitio,

749 4282 1038 4329 venturum
1067 4270 1529 4340 Hierosolymam,
1575 4279 1628 4325 et
1679 4270 1748 4322 ad
1803 4267 2100 4322 adventum
2161 4281 2320 4321 suum

748 4367 893 4421 illico
921 4365 1358 4418 adversariorum
1381 4377 1589 4418 cuneos
1623 4362 2002 4429 protercndos.
2061 4359 2130 4413 Et
2184 4359 2323 4412 inter

746 4465 946 4514 ca‘tera
977 4455 1064 4510 his
1089 4456 1251 4510 etiam
1281 4455 1462 4510 verbis
1499 4455 1669 4508 utitur
1706 4471 1720 4508 :
1783 4452 2105 4518 «Quomodo
2139 4451 2322 4532 fumus

2431 3259 2674 3312 reddere.
2704 3257 2957 3327 Cumque
2993 3260 3341 3314 diceremus:
3377 3259 3432 3313 Si
3487 3259 3694 3327 legatus
3721 3276 3804 3326 es,
3842 3263 4012 3317 redde

2429 3350 2714 3420 legationis
2762 3351 3026 3420 epistolas
3061 3365 3074 3402 ε
3133 3351 3180 3404 si
3215 3351 3475 3419 epistolas
3504 3367 3610 3406 non
3638 3353 3827 3416 habes,
3871 3369 4016 3423 quo-

2435 3446 2598 3500 modo
2639 3446 2876 3515 legatum
2912 3455 2964 3500 te
2993 3447 3285 3513 probabis?
3335 3445 3634 3516 Respondit
3692 3463 3754 3502 se
3801 3449 4013 3504 habere

2428 3536 2647 3606 quidem
2680 3537 2892 3592 litteras
2913 3538 2980 3592 ad
3017 3553 3114 3591 nos
3151 3554 3165 3592 :
3197 3537 3508 3607 adjuratum
3560 3547 3744 3593 tamen
3783 3540 3855 3594 ab
3885 3539 4014 3595 ilic—

2427 3629 2834 3700 rosolymorum
2861 3630 3144 3699 episcopo,
3173 3645 3239 3684 ne
3271 3631 3430 3683 nobis
3461 3645 3554 3684 eas
3588 3629 3868 3685 redderet.
3926 3632 4008 3686 En

2427 3721 2589 3790 legati
2614 3722 2950 3787 constantia,
3005 3722 3096 3790 qui
3133 3729 3191 3776 ut
3224 3736 3415 3792 pacem
3467 3720 3692 3786 faceret,
3729 3731 3786 3776 et
3826 3724 4018 3792 suspi-

2429 3814 2642 3868 cionem
2705 3813 2759 3865 in
2819 3815 3045 3866 alteram
3106 3822 3316 3882 partem
3397 3811 3598 3868 favoris
3666 3813 4014 3880 excluderet,

2427 3920 2644 3973 aequum
2681 3920 2740 3959 se
2790 3905 3038 3969 utrisque
3073 3905 3282 3958 tribuit.
3314 3905 3382 3960 Et
3403 3907 3530 3974 quia
3559 3906 3681 3960 sine
3703 3906 4012 3974 emplastro

2429 4006 2682 4057 venerat.
2716 4007 2769 4050 et
2802 3997 3140 4051 medicorum
3205 4007 3545 4050 armamenta
3585 4012 3691 4050 non
3744 3997 4008 4062 habebat,

2429 4089 2635 4143 idcirco
2666 4089 2790 4156 ejus
2819 4089 3093 4143 medicina
3126 4105 3233 4144 non
3275 4087 3502 4158 profuit.
3556 4088 3929 4160 Hieronymus
3956 4098 4012 4145 et

2431 4181 2484 4234 hi
2515 4195 2638 4234 cum
2698 4196 2763 4234 eo
2795 4189 2948 4241 sunt,
3003 4189 3088 4234 ret
3139 4189 3352 4235 secreto
3400 4191 3452 4234 et
3500 4197 3682 4235 coram
3729 4182 4013 4246 cronibus,

2430 4271 2882 4339 frequentissime
2943 4279 2996 4324 et
3059 4271 3161 4324 sub
3221 4272 3575 4340 jurisjurandi
3625 4272 4016 4328 testificatione

2428 4365 2563 4418 satis
2595 4365 2642 4417 ei
2682 4364 2955 4425 fecerunt,
2980 4363 3125 4432 quod
3152 4379 3432 4432 nunquam
3459 4363 3524 4416 de
3575 4362 3733 4417 nobis
3771 4361 3885 4432 [ΑΙ.
3917 4379 4014 4417 vo—

2428 4453 2537 4528 bis]
2571 4455 2983 4524 ambiguitatem
3019 4457 3261 4523 aliquam
3312 4456 3608 4510 habuerint
3639 4454 3788 4517 ﬁdei,
3822 4456 4017 4509 dicen-

747 4553 803 4606 in
826 4560 954 4605 aere
976 4547 1319 4611 dissolvitur,
1353 4555 1550 4600 etcera
1583 4549 1645 4599 ad
1669 4546 1924 4600 viciniam
1978 4545 2116 4613 ignis
2146 4529 2322 4612 liquc-
2357 4523 2400 4577 θ
2432 4559 2510 4603 tes
2547 4564 2596 4602 :-
2634 4548 2929 4614 Quomodo
3002 4564 3068 4602 eo
3127 4559 3370 4617 tempore
3427 4549 3644 4616 quando
3704 4549 4019 4603 communi-

748 4645 855 4699 scit
889 4661 902 4699 :
948 4644 1024 4698 ita
1057 4643 1478 4713 dissipabuntur
1508 4643 1600 4712 qui
1658 4657 1872 4710 semper
1924 4639 2321 4694 ecclesiastica:

748 4736 872 4791 fidei
899 4737 1241 4799 resistentes,
1264 4751 1408 4790 nunc
1441 4745 1538 4804 per
1575 4737 1825 4791 homines
1866 4733 2143 4802 simplices
2175 4748 2320 4786 eam-

748 4831 868 4886 dum
901 4827 1064 4883 fidem
1101 4828 1408 4898 inquietare
1432 4837 1720 4881 conantur.
1755 4845 1775 4886 ι

819 4920 909 4977 38.
938 4920 1090 4992 Rogo
1117 4932 1187 4986 te,
1222 4921 1417 4988 lector,
1460 4922 1551 4990 qui
1627 4922 1730 4975 hoc
1783 4918 1975 4974 scribit
2032 4926 2324 4986 antequam

754 5014 953 5079 veniat,
991 5013 1082 5084 qui
1125 5011 1220 5068 tibi
1255 5013 1507 5068 videtur?
1533 5011 1901 5077 adversarius,
1957 5026 2024 5064 an
2079 5011 2324 5081 legatus?

751 5105 859 5160 iste
883 5115 965 5160 est
999 5120 1162 5173 quem
1193 5119 1296 5159 nos
1330 5103 1637 5172 piissimum
1681 5104 1762 5156 vel
1824 5101 2322 5170 religiosissimum,

749 5208 826 5264 ct,
846 5207 906 5252 ιιι
930 5197 1152 5252 verbum
1175 5198 1549 5266 exprimamus
1566 5211 1595 5248 e
1619 5195 1803 5256 verbo,
1839 5192 2098 5246 deicotam
2120 5191 2324 5264 [Θεσσε-

826 5343 841 5370 ¹
879 5339 1118 5408 itespicit
1145 5337 1393 5394 Nieaenos
1418 5349 1656 5391 canones
1681 5334 1712 5387 6
1759 5344 1813 5389 et
1838 5335 1868 5388 7
1894 5334 2092 5408 quibus
2141 5335 2324 5389 Cresa-

751 5411 962 5464 rianon
993 5407 1098 5463 tam
1165 5411 1542 5471 constituitur,
1589 5421 1750 5472 quam
1796 5407 2094 5458 constituta
2168 5421 2320 5458 reco-

749 5480 1030 5550 gnoscitur
1056 5480 1358 5535 Palaestinae
1393 5477 1730 5544 metropolis,
1757 5477 1918 5544 eique
1969 5476 2156 5528 isthrec
2191 5492 2324 5543 pra:-

751 5554 997 5616 rogativa
1024 5556 1398 5605 confirmatur.

823 5624 842 5652 ¹
872 5619 1038 5672 Vetus
1062 5623 1194 5674 edit.
1228 5617 1477 5685 Alioquin
1509 5615 1855 5685 proferuntur
1885 5626 1933 5667 et
1963 5616 2177 5668 littera'.

821 5689 844 5762 ξ
875 5690 1296 5762 Rescribendtnu
1325 5690 1599 5752 videntur,
1642 5688 1903 5752 portantis
1937 5701 2165 5762 errore;
2228 5686 2320 5762 sed

752 5755 988 5816 fortasse
1025 5761 1203 5811 verius
1240 5769 1510 5826 portantes
1540 5767 1810 5819 terrorem,
1852 5767 1908 5810 ut
1937 5755 2240 5811 Wnstclius
2265 5756 2317 5809 in

759 5831 1014 5884 VindicIis
1038 5840 1211 5899 putat.

2429 4640 2699 4695 cabamus
2748 4641 2835 4703 ei,
2905 4655 3053 4694 nunc
3121 4640 3378 4694 similiter
3436 4640 3686 4692 eumdem
3751 4638 4015 4692 aﬂectum

2429 4735 2698 4790 habemus
2726 4734 2746 4764 ⁸
2783 4735 2849 4789 de
2882 4735 3094 4787 ratione
3121 4732 3294 4786 ﬁdei.»
3320 4729 3507 4785 Videte
3533 4731 3660 4801 quid
3694 4730 3862 4786 faciat
3883 4747 4018 4787 con-

2431 4829 2619 4883 cordia
2651 4828 2993 4897 dogmatum.
3032 4825 3300 4889 Isidorus,
3355 4833 3414 4878 ut
3471 4825 3585 4878 haec
3647 4824 4012 4895 signiﬁcaret,

2426 4926 2546 4990 ejus
2571 4921 2755 4974 socius
2783 4928 2924 4982 erat,
2958 4920 3121 4972 homo
3155 4915 3248 4971 Dei
3285 4925 3338 4970 et
3397 4917 3682 4986 presbyter
3750 4916 4011 4971 eamse-

2431 5029 2646 5074 στατος,
2679 5022 2734 5064 et
2759 5011 2842 5062 vir
2872 5021 3086 5078 potens,
3119 5020 3170 5064 et
3191 5024 3353 5064 sacro
3374 5024 3437 5063 ac
3471 5008 3773 5062 venerabili
3836 5009 4017 5063 inces-

2427 5121 2515 5167 su,
2540 5115 2591 5157 et
2623 5103 2821 5157 divina:
2846 5102 3238 5171 intelligentiae,
3273 5110 3326 5155 et
3355 5099 3712 5170 Hippocrates
3739 5099 4016 5154 Christia-

2428 5209 2623 5248 norum
2665 5201 2912 5248 vocatur.
2971 5193 3082 5263 Ego
3119 5190 3361 5246 misellus
3413 5192 3544 5243 dum
3608 5190 3662 5244 in
3709 5191 4016 5245 solitudine

2502 5336 2520 5366 ⁸
2556 5335 2779 5395 Eadem,
2816 5330 2926 5386 Nec
2953 5332 3144 5385 nostris
3171 5331 3329 5383 minis
3358 5339 3685 5384 terreantur.

2502 5408 2520 5437 ⁵
2546 5406 2603 5458 Ρ.
2631 5403 2926 5456 Wastelius
2953 5407 3237 5472 legendum
3257 5404 3626 5457 contenditad
3649 5417 3760 5466 eos,
3780 5402 4013 5456 minime

2431 5476 2858 5544 sullragantibus
2883 5488 3013 5524 mss.

2500 5547 2520 5576 ⁸
2554 5541 2692 5597 mem
2735 5541 3036 5596 Wastelius
3068 5542 3122 5596 in
3155 5542 3441 5596 vetustiori
3473 5543 3710 5611 quadam
3741 5543 3878 5597 edit.
3903 5543 4012 5611 legi

2431 5625 2684 5676 testatUr,
2710 5615 2858 5668 Tunc
2871 5613 3115 5666 similiter
3135 5613 3372 5667 eumdem
3388 5613 3636 5681 aﬂrctum
3660 5614 4012 5673 lmbebamus;

2429 5702 2592 5752 quam
2655 5684 2946 5735 lectionem
2983 5683 3126 5736 tueri
3171 5683 3376 5737 frustra
3421 5695 3672 5748 conatur,
3727 5699 3854 5734 cum
3913 5697 4010 5734 aut

2431 5759 2634 5812 nullus.
2689 5761 2783 5804 aut
2847 5766 2979 5823 sane
3043 5753 3402 5822 incongruus,
3461 5765 3514 5807 et
3573 5753 4011 5823 ilieronyunaoze

2437 5825 2606 5878 menti
2633 5822 2945 5877 contrarius
2971 5823 3039 5879 sit
3079 5837 3295 5879 sensus.
