4202 6474
197 406 302 468 £09

199 618 506 688 presbyteri
536 635 736 674 nomen
764 622 947 678 amisi.
986 621 1048 676 Et
1076 632 1252 677 tamen
1276 625 1376 682 istc
1399 627 1784 698 Hieronymus,

197 727 316 764 eum
348 727 602 776 pannosa
658 715 815 768 turba
878 725 928 769 et
983 718 1279 772 sordidatis
1335 722 1609 789 gregibus,
1656 722 1786 789 quid

197 801 410 856 isidoro
432 803 511 857 illi
544 804 810 862 fulmineo
839 807 952 880 [Αἵ.
977 808 1228 883 fulmine]
1253 827 1421 866 ausus
1443 822 1523 867 est
1559 829 1791 882 respon-

196 895 362 950 dere?
398 897 473 951 At
508 914 580 954 ne
611 899 750 956 forte
784 901 874 956 ille
903 919 1009 956 non
1049 903 1288 970 cederet,
1342 916 1396 959 et
1452 909 1790 973 opprimeret

197 1004 290 1041 eos
319 993 645 1059 prasentia,
678 1005 733 1047 et
761 995 902 1048 mole
939 998 1185 1066 corporis
1241 998 1323 1051 sui
1359 999 1398 1061 ',
1435 1014 1541 1050 non
1596 1000 1786 1065 s-~mel,

198 1098 304 1136 non
336 1084 532 1150 tertio,
559 1085 654 1142 sed
688 1087 1130 1157 frequentissime
1175 1089 1518 1158 iuraverunt,
1545 1108 1604 1145 se
1665 1109 1787 1146 eum

201 1176 266 1231 de
293 1194 408 1246 quo
436 1181 677 1249 quastio
695 1191 836 1246 erat,
857 1183 998 1238 scire
1016 1185 1407 1245 orthodoxum,
1435 1201 1532 1239 nec
1552 1203 1789 1254 unquam

199 1269 251 1324 in
287 1272 619 1340 suspicione
646 1274 908 1331 habuisse
930 1277 1223 1332 luereseos.
1261 1277 1304 1334 Ο
1332 1288 1580 1347 apertum
1619 1278 1793 1347 impu-

199 1364 452 1434 densque
489 1369 936 1423 utendacinmio
971 1370 1341 1425 testimonium
1403 1387 1498 1440 pro
1551 1387 1629 1437 se,
1697 1385 1794 1426 nec

199 1455 394 1510 Catoni
440 1461 753 1515 creditum!
789 1459 847 1515 In
882 1477 976 1516 ore
1015 1465 1158 1516 enim
1193 1465 1425 1516 duorum
1497 1465 1578 1518 vel
1627 1467 1790 1518 trium

203 1550 428 1603 testium
493 1562 606 1606 stat
655 1568 820 1608 omne
883 1555 1107 1609 verbum
1163 1556 1342 1624 (Deut.
1399 1574 1566 1615 urit.
1630 1557 1701 1622 6;
1747 1567 1794 1610 et

202 1639 407 1695 llattlt.
466 1659 626 1708 xvttt,
679 1645 772 1710 16;
805 1656 854 1701 et
890 1646 949 1700 II
986 1647 1109 1702 Cor.
1147 1664 1264 1716 xm,
1299 1651 1369 1718 l).
1405 1652 1614 1704 Alicuhi
1681 1650 1793 1722 [ΑΙ.

205 1735 533 1807 aliquandol
573 1752 639 1791 ne
693 1738 925 1813 dictum,
952 1750 1047 1794 aut
1100 1742 1197 1795 tibi
1236 1742 1437 1795 alicubi
1478 1744 1792 1796 mandatum

201 1836 308 1890 est,
361 1829 516 1898 quod
579 1831 697 1886 sine
744 1830 1117 1888 satisfactione
1184 1835 1304 1888 Ιίαυὶ
1359 1837 1793 1889 Cotntnuttionetlt

206 1931 357 1975 tuam
394 1923 759 1978 subiremus?
783 1923 1009 1990 Quando
1034 1943 1130 1994 per
1152 1928 1323 1979 tirum
1349 1928 1792 1991 disertissimum,
1829 1905 1868 1960 Β

203 2023 258 2068 et
317 2015 870 2072 Cltristianissimttm
955 2019 1284 2073 Atcltelautn
1357 2021 1631 2084 comitem,
1703 2022 1794 2089 qui

205 2115 502 2175 sequester
535 2108 688 2177 pacis
714 2119 856 2169 erat.
886 2109 1174 2163 condictus
1213 2109 1361 2164 locus
1417 2110 1636 2165 ftederis
1672 2114 1792 2174 fuit,

205 2216 391 2254 nonne
431 2199 620 2254 hocin
652 2201 843 2270 primis
871 2203 1201 2272 postulatum
1227 2215 1328 2269 est,
1360 2215 1417 2257 ιιι
1445 2204 1643 2258 futuras
1667 2221 1800 2258 con-

204 2295 408 2349 cordia
441 2296 585 2351 tldes
608 2295 817 2365 jaceret
838 2295 1228 2349 fundamenta?
1254 2297 1538 2350 Poliicitus
1568 2309 1651 2352 est
1675 2314 1798 2352 esse

204 2401 264 2440 se
286 2396 622 2442 venturum.
652 2385 897 2441 Instabat
935 2386 1465 2458 dieshﬁOl’aschze
1501 2388 1798 2454 :fiequcns

207 2477 619 2533 monachorum
649 2479 808 2532 turba
836 2487 1164 2532 ronvcnerat
1221 2477 1331 2549 [ΑΙ.
1369 2475 1612 2547 venerat]
1655 2492 1669 2530 :
1708 2493 1800 2528 cx-

204 2572 561 2640 spvctabaris
580 2571 632 2625 in
651 2570 772 2624 loco
795 2588 808 2622 :
830 2569 957 2638 quid
983 2569 1208 2625 faceres.
1232 2570 1536 2624 nesciebas.
1559 2569 1799 2637 Itepente

208 2664 487 2718 mandasti
508 2670 781 2732 aegrotare
803 2663 988 2718 nescio
1007 2678 1197 2730 quam:
1220 2663 1310 2716 illo
1328 2663 1415 2716 die
1435 2671 1487 2714 te
1508 2678 1614 2714 non
1639 2677 1799 2731 posse

206 2757 411 2811 venire.
448 2754 702 2809 Ludione
745 2769 812 2809 an
845 2755 1139 2822 episcopus
1173 2755 1287 2808 |t1rc
1339 2754 1619 2822 loquitur?
1654 2753 1799 2807 Pone

210 2867 397 2904 verum
434 2867 565 2905 esse
592 2851 736 2920 quod
771 2851 934 2912 dicis,
989 2861 1208 2918 prOptcr
1242 2849 1402 2902 unius
1465 2847 1801 2901 muliercula!

209 2944 470 3006 delicias,
493 2960 562 2995 ne
584 2954 635 2996 te
658 2945 888 2997 absente
911 2941 1090 2994 doleat
1111 2950 1299 3008 caput,
1327 2940 1599 2992 fastidium
1626 2939 1796 2992 snsti-

211 3047 354 3101 ωλι,
380 3035 680 3090 stomacho
698 3032 1078 3103 perfrigescat,
1103 3033 1358 3087 Ecclesia:
1385 3047 1606 3086 causam
1629 3030 1800 3099 negli-

209 3131 324 3199 εἱςῖ
349 3138 432 3183 tot.
473 3128 744 3191 virorum,
775 3137 828 3180 et
850 3127 1291 3181 Christianorum
1326 3136 1376 3178 et
1407 3127 1798 3178 monachorum

209 3225 526 3285 contetnn's
547 3223 895 3291 prasentiam
923 3222 988 3274 '?
1017 3221 1307 3274 Noluimus
1337 3222 1679 3272 occasionem
1702 3219 1798 3270 da-
1829 3262 1870 3320 Ε

212 3330 267 3373 re
313 3338 326 3372 :
357 3319 696 3372 videbamus
724 3317 869 3369 enim
909 3315 1189 3376 stropham
1250 3313 1526 3366 dilationis
1554 3322 1678 3372 ιιιςυ,
1713 3312 1798 3362 itt-

210 3410 415 3474 juriattt
441 3407 708 3475 patientia
731 3407 986 3459 vicimus.
1009 3403 1405 3474 Re'Sttt‘ibttIAl.
1427 3405 1566 3467 quod
1586 3399 1803 3470 SCl‘ibil]

213 3500 564 3557 Archelaus:
606 3506 788 3552 manet
849 3497 1020 3551 altero
1055 3507 1105 3548 et
1150 3497 1311 3548 tertio
1341 3495 1427 3548 die
1455 3508 1696 3555 manere.
1759 3491 1802 3546 si

213 3594 315 3647 Vc“
341 3602 374 3644 .t
413 3590 596 3663 [ΑΙ.δί
633 3588 818 3659 Velles]
854 3590 1061 3640 venire.
1101 3589 1167 3640 At
1198 3587 1286 3638 illc
1317 3596 1648 3651 occupatus:
1687 3599 1806 3635 mu-

216 3686 447 3742 liercula
493 3685 639 3738 enim
671 3695 895 3735 vomere
937 3695 1044 3733 non
1070 3680 1305 3732 cessavit
1344 3696 1358 3732 :
1389 3678 1512 3730 dttm
1545 3689 1799 3728 nauseam

213 3779 515 3841 evasisset,
553 3773 729 3828 nostri
759 3772 983 3843 penitus
1011 3771 1212 3825 oblitus
1237 3778 1338 3824 est.
1369 3769 1496 3822 Post
1530 3770 1803 3835 duosergo

215 3886 441 3926 menses
474 3867 700 3923 tandem
723 3875 1076 3935 exspectatus
1105 3864 1535 3922 venitlsidorus,
1557 3861 1648 3931 qui
1672 3877 1800 3923 non,

213 3975 273 4016 ut
304 3974 360 4016 tu
387 3962 577 4030 fingis,
613 3976 712 4029 pro
744 3969 798 4013 te
826 3957 1219 4020 testimonium,
1248 3959 1337 4009 sed
1372 3970 1592 4007 causam
1625 3968 1806 4021 postu—

215 4059 340 4110 lata
375 4052 781 4109 sitisfactionis
815 4051 1046 4104 audivit.
1080 4049 1213 4102 Cum
1251 4049 1395 4100 enim
1426 4047 1804 4112 obiiceretno-

218 4151 326 4214 bis,
355 4161 537 4217 quare
568 4147 618 4199 ei
657 4143 1126 4207 communicastis,
1150 4143 1194 4194 si
1231 4141 1518 4194 haereticus
1541 4138 1806 4192 crat?au-

216 4243 356 4296 divit
393 4242 466 4294 ab
489 4240 768 4299 omnibus,
798 4236 1327 4290 communicavimus
1356 4233 1487 4286 nihil
1519 4234 1585 4285 de
1615 4229 1806 4285 hmresi

216 4335 596 4403 suspicantes.
621 4329 914 4397 Postquam
939 4345 1066 4382 vero
1097 4343 1124 4381 a
1155 4329 1314 4381 beato
1348 4341 1480 4394 papa
1504 4323 1806 4394 Epiphanio

216 4435 560 4484 conventus,
600 4434 707 4477 tam
731 4437 1005 4483 sermone,
1031 4437 1191 4485 quam
1227 4419 1441 4479 litteris,
1476 4417 1806 4486 respondere

217 4517 557 4583 contempsit
594 4529 610 4568 :
653 4514 865 4568 cunctis
894 4513 1174 4568 monachis
1205 4513 1272 4565 ab
1291 4511 1476 4564 eodem
1501 4508 1805 4577 Epiphanio

1242 414 1544 478 CONTRA
1586 418 1948 479 JOANNEM
1985 419 2401 483 IIlEROSOL.

199 526 504 590 delitesco,
561 542 591 578 a
657 537 811 584 tanto
876 529 1132 598 pontifice
1187 542 1409 602 repente
1473 543 1790 600 truncatus,
1825 541 1868 595 Α

3375 418 3482 487 410

1969 541 2061 594 40.
2098 539 2720 594 Pattliniattiordinatio.
2760 571 2821 580 —
2857 537 3116 604 «Quando
3155 545 3334 590 autem
3367 549 3481 590 cur

1899 640 2048 699 ptum
2082 640 2164 684 est
2196 631 2261 683 de
2293 629 2640 684 ordinatione
2676 631 3004 690 Pauliniaui,
3034 639 3084 681 et
3122 627 3355 682 aliarum
3387 627 3478 694 qui

1898 735 2020 773 cum
2051 736 2116 773 co
2145 730 2293 782 sunt,
2317 719 2590 785 ventilari,
2620 720 2866 773 videntes
2898 737 2953 772 se
2989 719 3332 787 reprehendi,
3355 732 3478 772 cum

1899 815 2122 873 propter
2151 806 2478 860 cliaiitatent
2516 816 2679 874 atque
2711 805 3069 858 concordiam
3109 805 3478 859 concederen-

1902 907 1989 953 tur
2011 901 2090 950 eis
2109 901 2317 967 omnia;
2341 901 2443 954 hoc
2468 910 2647 954 autem
2673 898 2848 954 solum
2883 907 3248 966 expeteretur.
3268 907 3328 951 ut
3355 899 3479 952 licet

1900 991 1967 1046 ab
1992 993 2112 1046 aliis
2156 1006 2342 1046 contra
2369 994 2586 1059 regulas
2629 993 2863 1046 ordinati
2899 1001 3106 1052 essent,
3142 1000 3320 1046 tamen
3352 992 3481 1046 sub-

1899 1088 2206 1158 jiccrcntur
2250 1090 2505 1142 Ecclesia'
2543 1090 2667 1156 Dei;
2711 1100 2763 1142 ut
2803 1107 2909 1143 non
2967 1088 3282 1143 scinderenl
3335 1103 3476 1153 eam,

1901 1194 2063 1252 atquc
2103 1185 2383 1252 proprium
2420 1183 2518 1236 sibi
2555 1183 2792 1236 facerent
2829 1183 3192 1252 principatum
3233 1195 3246 1235 :
3282 1181 3337 1234 itt
3379 1179 3479 1234 hoc

1902 1295 2010 1331 non
2068 1279 2506 1341 acqttiescetttes,
2557 1285 2835 1345 coeperunt
2858 1293 3162 1344 proponere
3202 1274 3406 1340 deiide,
3429 1283 3480 1327 et

1902 1372 2158 1425 Omnibus
2194 1384 2381 1424 notum
2406 1371 2606 1436 facere,
2649 1371 2791 1438 quod
2824 1370 2992 1422 sinon
3033 1381 3394 1440 arguerentur
3425 1369 3476 1423 hi

1903 1465 1994 1531 qui
2029 1481 2151 1516 cntn
2190 1463 2524 1534 Hieronymo
2562 1465 2876 1534 presbytero
2913 1473 3091 1522 erant.
3129 1462 3479 1531 nihilculpa-

1904 1567 2024 1606 rent
2096 1556 2146 1608 in
2207 1558 2383 1610 nobis.
2452 1557 2548 1609 Sin
2627 1569 2805 1609 atttt-Itt
2860 1566 3219 1625 arguerentur
3275 1555 3480 1610 erroris

1903 1649 2060 1720 451
2101 1660 2152 1703 et
2193 1651 2383 1718 culpae,
2413 1667 2534 1704 cum
2571 1651 2784 1717 penitus
2826 1666 2928 1703 non
2954 1657 3156 1717 queant
3185 1648 3253 1702 de
3291 1648 3477 1702 istius-

1906 1743 2048 1794 modi
2080 1742 2478 1806 quaestionibus
2516 1743 2821 1812 disputare.
2855 1743 3282 1797 satisfactionem
3311 1743 3476 1797 errati

1908 1835 2106 1901 proprii
2138 1852 2244 1888 nou
2295 1835 2653 1898 invenientes,
2685 1835 2748 1889 ad
2796 1839 2898 1889 ista
2924 1839 3284 1904 confugerent
3311 1853 3326 1889 :
3371 1851 3476 1891 non

1899 1947 2006 1994 quo
2043 1937 2331 1995 sperarent
2365 1944 2464 1981 nos
2496 1944 2656 1996 posse
2714 1930 2996 1996 convinci,
3029 1929 3120 1982 sed
3154 1928 3350 1982 famam
3379 1943 3478 1983 no-

1898 2031 2064 2076 stram
2103 2020 2297 2073 laedere
2329 2020 2650 2073 niterentur.
2687 2039 2703 2070 ι

1971 2113 2058 2166 Μ.
2153 2112 2507 2165 Paulinianm
2573 2114 2841 2182 presbyter
2915 2113 3076 2182 Cypri
3145 2115 3473 2170 versabatur.

1901 2205 2250 2274 Hieronymus
2283 2207 2560 2258 ordinatus
2588 2222 2618 2258 (ι
2657 2205 2909 2260 Paulino.
2940 2236 3009 2245 —
3031 2205 3184 2270 Quod
3223 2207 3476 2275 perplexa

1901 2299 2078 2351 oratio
2127 2308 2231 2363 est,
2266 2313 2425 2352 nemo
2465 2297 2660 2351 vitium
2714 2297 3189 2366 interpretationis
3257 2306 3406 2367 putet
3434 2298 3476 2352 ⁸.

1900 2385 2051 2441 Talis
2085 2389 2225 2440 enim
2262 2388 2519 2441 etGraroa
2542 2397 2642 2442 est.
2670 2387 2892 2441 Interim
2930 2402 3030 2458 ego
3059 2388 3270 2456 gaudeo
3333 2389 3478 2456 quod

1901 2481 1991 2549 qui
2022 2495 2106 2533 me
2134 2480 2464 2534 decollatum
2507 2479 2786 2548 putabam,
2827 2479 3007 2534 subito
3060 2479 3194 2533 mihi
3251 2481 3482 2549 presby-

1902 2573 2023 2628 terii
2053 2582 2215 2636 caput
2249 2573 2407 2626 video
2431 2590 2472 2626 re
2493 2574 2750 2642 positum.
2785 2571 2920 2625 Dicit
2948 2585 3048 2626 nos
3076 2572 3299 2627 omnino
3347 2586 3484 2625 cou-

1903 2666 2044 2718 viuci
2076 2681 2180 2718 non
2220 2681 2400 2734 posse,
2429 2675 2482 2718 et
2505 2666 2690 2718 venire
2713 2663 2780 2718 ad
2808 2663 3053 2732 przelium
3083 2663 3475 2732 perhorrescit.

1905 2757 1960 2812 Si
1995 2776 2156 2813 causa
2193 2757 2480 2812 discordiae
2519 2773 2623 2810 non
2684 2773 2747 2810 ex
2791 2757 3137 2811 dissensione
3196 2755 3314 2808 fidei
3372 2765 3480 2813 εει.

1903 2852 1997 2906 sed
2037 2867 2097 2903 ex
2128 2849 2462 2912 Pauliniani,
2506 2862 2563 2902 ut
2599 2850 2762 2910 dicis.
2794 2849 3143 2902 ordinatione
3177 2847 3482 2910 descendit,

1903 2959 2020 3011 qua:
2055 2953 2204 2995 tanta
2245 2943 2478 2995 stultitia
2510 2951 2589 2994 est
2618 2941 2924 2994 volentibus
2954 2940 3296 2994 occasionem
3327 2939 3481 3000 dare.

1908 3038 2050 3090 nolle
2121 3035 2490 3104 respondere?
2545 3034 2816 3088 Confitere
2877 3033 3076 3098 fidem;
3140 3033 3234 3086 sed
3298 3042 3483 3085 tamen

1906 3127 2348 3195 reSpondequod
2383 3126 2669 3194 Qtttct‘et'is,
2704 3135 2763 3179 ut
2804 3123 3060 3178 omnibus
3115 3124 3316 3184 luceat.
3373 3139 3481 3176 non

1906 3225 1972 3274 de
2016 3222 2136 3280 fide.
2169 3220 2262 3274 scd
2292 3221 2355 3272 de
2379 3218 2723 3271 ordinatione
2749 3233 2870 3270 esse
2907 3225 3199 3269 certamen.
3229 3213 3484 3279 Quandiu

1908 3315 2052 3367 enim
2111 3315 2484 3380 interrogatus
2546 3311 2611 3364 de
2663 3309 2766 3363 fide
2824 3309 3083 3371 tacueris,
3153 3316 3332 3376 potest
3392 3307 3484 3360 tibi

1909 3408 2260 3462 adversarius
2285 3407 2464 3459 dicere
2519 3421 2533 3460 :
2593 3402 2711 3458 Non
2744 3412 2829 3458 est
2874 3401 3239 3456 ordinationis
3299 3415 3485 3464 causa,

1909 3503 2000 3552 sed
2033 3499 2179 3552 fidei.
2215 3497 2270 3550 Si
2305 3495 2672 3552 ordinationis
2697 3511 2858 3548 causa
2890 3504 2992 3554 cst.
3026 3493 3189 3546 stulte
3222 3492 3355 3546 facis
3417 3491 3485 3546 de

1910 3589 2010 3641 tidc
2041 3591 2409 3656 interrogatus
2439 3598 2639 3640 tacere.
2711 3586 2766 3639 Si
2805 3585 2950 3646 fidei,
2996 3585 3158 3638 stulte
3196 3583 3487 3653 prmtendis

1907 3680 2334 3734 ordinationem.
2366 3679 2533 3732 Porro
2567 3678 2711 3747 quod
2749 3677 2886 3730 dicis
2925 3685 2973 3730 te
3000 3677 3201 3744 petisse
3245 3675 3486 3742 utsubji-

1907 3785 2168 3828 cerentur
2201 3773 2454 3827 Ecclesia:
2481 3773 2594 3836 Dei,
2632 3782 2689 3825 ut
2721 3787 2825 3827 non
2861 3773 3173 3825 scimlcrent
3201 3786 3342 3832 eam,
3382 3783 3481 3821 nc-

1909 3883 2014 3934 quc
2042 3868 2315 3933 proprium
2352 3865 2455 3918 sibi
2502 3864 2741 3917 facerent
2791 3864 3180 3930 principatum,
3249 3862 3312 3913 de
3363 3859 3488 3928 qui-

1910 3961 2012 4014 bus
2043 3960 2214 4022 dicas,
2274 3974 2381 4011 non
2439 3958 2570 4011 satis
2614 3955 2876 4022 intelligo.
2944 3953 2999 4006 Si
3059 3953 3124 4004 de
3188 3968 3272 4005 me
3319 3961 3372 4003 et
3419 3951 3486 4004 de

1912 4052 2234 4122 presbytero
2275 4048 2564 4102 Vincentio
2593 4044 2778 4109 ‘,satis
2808 4045 2979 4098 multo
3044 4043 3293 4096 dortnisti
3351 4053 3484 4095 tem-

1913 4161 2068 4214 pore,
2125 4144 2218 4212 qtti
2273 4152 2396 4211 post
2452 4156 2626 4194 annos
2683 4138 2966 4201 tredecim,
3014 4152 3158 4189 nunc
3215 4135 3486 4187 excitatus

1912 4231 2025 4291 hare
2057 4235 2317 4302 loqueris.
2352 4232 2430 4285 Ob
2455 4233 2502 4284 id
2524 4233 2665 4284 enint
2695 4242 2747 4281 et
2789 4246 2888 4298 ego
2911 4228 3279 4288 Antiochiam,
3313 4236 3366 4280 ct
3395 4227 3486 4279 ille

1909 4324 2469 4389 Constantinopolim,
2499 4324 2660 4376 urbes
2681 4322 3066 4375 celeberrimas
3114 4319 3485 4380 deseruimus,

1915 4437 2024 4475 non
2053 4431 2109 4472 ut
2144 4428 2191 4472 te
2219 4417 2272 4470 itt
2309 4415 2521 4484 populis
2549 4414 2928 4481 prmdicantcm
2962 4413 3305 4464 laudarentus
3332 4449 3346 4473 ,
3386 4408 3481 4463 sed

1912 4525 1970 4566 ιιι
2021 4512 2075 4566 ἱιι
2109 4511 2254 4581 agris
2287 4518 2340 4563 ct
2401 4525 2452 4565 ιιι
2503 4507 2803 4559 solitudine
2841 4505 3218 4558 adolescentia!
3261 4511 3481 4570 peccata

217 4613 432 4680 scripta
457 4605 1050 4670 venerunhutabsque
1071 4603 1441 4656 satisfactione
1462 4601 1603 4665 fidei,
1628 4600 1804 4654 nullus
1837 4598 1879 4652 ι)
1917 4603 2200 4665 deflentcs,
2250 4601 2454 4654 Christi
2509 4600 2562 4652 in
2629 4611 2728 4649 nos
2761 4594 3194 4648 miscricordiam
3230 4589 3484 4644 deflecte-

217 4704 267 4758 ei
304 4714 519 4756 temere
545 4695 995 4751 communicaret.
1029 4691 1231 4745 Prazsto
1287 4701 1415 4743 sunt
1448 4691 1658 4759 littcrze,
1711 4705 1809 4743 nec

219 4809 392 4863 super
419 4793 525 4844 hac
546 4805 606 4843 re
633 4789 866 4842 dubitari
913 4796 1116 4857 potest.
1151 4784 1273 4838 "LP-t3
1291 4796 1426 4839 sunt
1445 4798 1563 4848 qua:
1585 4784 1808 4835 fratrum

224 4887 391 4938 turba
415 4881 724 4950 respondit,
757 4894 865 4932 non
905 4887 963 4930 ut
1001 4887 1053 4928 tu
1086 4875 1507 4946 arguunentaris,
1563 4889 1626 4927 ex
1663 4889 1728 4926 eo
1762 4883 1812 4926 te

224 4993 336 5031 non
379 4991 506 5030 esse
525 4974 863 5034 bareticum,
888 4972 1014 5040 quia
1050 4969 1346 5039 aliquando
1373 4983 1478 5020 non
1514 4967 1694 5021 dictus
1711 4965 1810 5020 sis.

225 5071 344 5126 Hae
374 5069 524 5123 enim
556 5065 771 5121 ratione
797 5075 1063 5134 aegrotare
1103 5079 1209 5117 non
1264 5061 1504 5126 debebit,
1536 5060 1627 5129 qui
1687 5067 1813 5112 ante

224 5164 652 5236 zgrotationem
685 5175 856 5215 sanus
890 5157 1017 5212 fuit.

305 5357 322 5384 '
361 5353 439 5408 Ex
473 5365 664 5405 eorum
702 5362 898 5416 nempe
933 5353 1048 5400 erat
1079 5344 1321 5416 Isidorus
1349 5355 1568 5416 genere.
1605 5337 1803 5416 qu_i_ob

231 5437 466 5482 staturae
498 5408 873 5491 proceritatem
914 5417 1109 5491 fratres
1133 5414 1300 5491 Longi
1324 5408 1637 5491 .d’ictitsunt,
1661 5408 1818 5488 Dios-

231 5479 405 5551 corus
467 5479 682 5560 neuipc,
727 5489 1070 5560 Ammonius,
1102 5559 1106 5560 ί
1138 5479 1428 5560 Eusebius,
1471 5479 1814 5558 Euthymius,

231 5581 479 5635 quorum
533 5551 1003 5616 in'ecclesiastica
1061 5556 1286 5610 historia
1329 5551 1596 5608 memoria
1647 5551 1817 5604 notis-

234 5653 402 5691 Sllttﬂ.

310 5709 330 5736 ⁸
373 5703 545 5758 Vetus
570 5701 700 5753 edit.
739 5697 805 5751 Et
849 5697 1221 5752 monachorum
1255 5693 1566 5761 patientiam
1621 5699 1814 5744 lentas.

295 5779 320 5809 ⁸
373 5774 575 5825 Eadem
602 5781 759 5823 vetus
791 5771 924 5823 edit.
976 5768 1169 5822 Vitium
1205 5764 1623 5832 interpretatoris
1648 5772 1813 5827 putet.

239 5847 308 5901 Et
340 5847 506 5914 paulo
536 5851 657 5906 post
683 5840 826 5895 Dicis
853 5857 938 5895 ros
971 5841 1207 5904 omnino,
1240 5848 1370 5905 etc.,
1403 5846 1454 5890 et
1479 5843 1815 5902 consequen-

243 5928 325 5972 ter
349 5914 726 5983 perhorrescis.

1918 4709 2126 4747 remus.
2167 4693 2261 4744 Sin
2290 4705 2472 4744 autem
2509 4697 2572 4744 dc
2609 4687 2931 4743 Pauliniano
2994 4686 3088 4738 tibi
3153 4697 3332 4737 sermo
3377 4689 3481 4743 cst,

1916 4785 2064 4839 vides
2109 4799 2231 4837 eum
2263 4785 2525 4851 episcopo
2562 4797 2660 4834 suo
2714 4795 2835 4832 esse
2894 4777 3220 4844 subjectum,
3277 4775 3484 4827 versati

1917 4876 2107 4946 Cypri,
2146 4874 2210 4928 ad
2241 4875 2609 4927 visitationem
2654 4881 2890 4924 nostram
2957 4869 3226 4922 interdum
3276 4867 3480 4927 venire,

1915 4984 2021 5021 non
2059 4975 2118 5018 ut
2143 4975 2320 5025 tuum,
2342 4965 2434 5016 sed
2474 4972 2532 5017 ιιι
2567 4963 2798 5014 alienum
2825 4976 2840 5017 ;
2874 4961 2993 5028 ejus
3024 4958 3292 5017 videlicet,
3320 4972 3346 5007 a
3378 4971 3484 5021 quo

1917 5060 2202 5114 ordinatus
2226 5069 2329 5113 est.
2362 5058 2515 5123 Quod
2543 5059 2586 5112 si
2613 5058 2698 5108 hic
2721 5057 2883 5108 etiam
2912 5069 3029 5106 esse
3063 5052 3313 5110 voluerit,
3348 5056 3400 5100 ct
3430 5048 3483 5100 in

1918 5152 2113 5207 exsilio
2143 5162 2335 5205 nostro
2364 5152 2584 5220 quietus
2613 5149 2664 5200 in
2692 5146 2984 5200 solitudine
3003 5143 3203 5204 vivere,
3223 5141 3350 5209 quid
3387 5139 3484 5193 tibi

1989 5342 2010 5375 δ
2051 5338 2358 5404 Presbytero
2414 5330 2706 5390 Vincentio.
2740 5329 2852 5382 Non
2883 5330 3029 5404 legas
3078 5325 3469 5385 lmtoceutiunt.

1919 5410 2011 5464 sed
2044 5399 2361 5463 Vincentium
2391 5407 2502 5458 :uti
2535 5413 2870 5470 compertum
2909 5399 3064 5470 nobis
3115 5410 3193 5450 est
3226 5415 3286 5450 ex
3310 5411 3483 5470 supra

1919 5484 2101 5541 dictis,
2128 5491 2180 5533 et
2208 5496 2270 5530 ex
2311 5479 2468 5530 tertio
2493 5477 2630 5528 libro
2659 5467 2920 5541 adversus
2945 5469 3218 5530 ltuliuunt,
3269 5468 3358 5520 ubi
3402 5467 3484 5522 ιιῑ-

1919 5557 2058 5605 ciUIr
2090 5540 2437 5603 Vincentium
2476 5549 2528 5599 in
2564 5556 2717 5613 portu
2770 5540 3232 5613 Botuanonavcm
3268 5553 3483 5613 _osccn-

1919 5623 2063 5674 disse
2140 5634 2392 5672 securum
2471 5609 2591 5669 cum
2660 5613 2982 5678 Hieronymo
3029 5609 3478 5678 Hierosolymam

1921 5698 2202 5743 redeunte.
2238 5690 2278 5742 A
2319 5703 2425 5753 quo
2457 5699 2634 5738 autem
2671 5694 2910 5745 tempore
2940 5689 3292 5753 numerentur
3350 5677 3480 5727 anni

1921 5761 2201 5822 tt'edt‘cittt,
2235 5763 2298 5810 dt:
2323 5747 2522 5826 quibus
2554 5769 2695 5826 nunc
2733 5765 2910 5802 sermo
2937 5758 3040 5814 Csl,
3073 5749 3200 5802 alibi
3235 5747 3483 5802 dicemus

1921 5832 1973 5884 in
2010 5831 2158 5885 Notis
2185 5823 2601 5897 clirotiologicis.
2643 5823 2910 5878 Maurus.
