4202 6464
716 407 816 472 411

1865 410 1926 471 S.
1965 410 2275 472 EUSEBll
2334 407 2782 468 IllEltONHll

3885 392 4001 458 4.2

719 526 899 586 debet,
936 524 1036 576 nisi
1069 525 1327 578 honOrcm
1354 540 1513 594 quem
1545 527 1798 582 omnibus
1858 528 2119 581 debemus
2174 529 2284 590 epi-
2320 527 2358 579 Α
2397 532 2488 596 (ιιιί
2526 543 2572 585 te
2608 530 2916 592 oﬂenderit,
2941 547 2966 581 a
3004 529 3223 582 Christo
3252 525 3594 580 excluditur?
3624 523 3676 578 Si
3703 522 3993 590 p'opiinm

721 616 940 686 scopis?
970 616 1072 670 Fac
1109 633 1136 669 a
1183 627 1235 669 te
1281 618 1592 673 ordinatum
1643 636 1655 674 :
1705 621 1847 674 idem
1879 622 1947 673 ab
1980 636 2044 675 co
2080 623 2296 685 audies,

722 711 866 780 quod
901 727 929 764 a
958 726 1040 763 'nc
1066 712 1278 764 misu'llo
1309 712 1531 767 homine
1568 722 1771 766 sanctae
1824 716 2102 769 memoria:
2138 716 2303 789 452

723 803 1009 872 episcopus
1053 803 1567 859 Paulinusaudivil.
1643 804 1811 859 «Num
1849 810 2035 873 rogavi
2110 819 2184 869 te.
2245 820 2303 864 ut

723 896 1048 951 ordinarer?
1107 897 1162 951 Si
1198 901 1275 953 sic
1310 899 1705 968 presbyterium
1771 901 1985 961 tribuis,
2025 913 2082 956 ιιι
2117 920 2305 955 mona-

725 992 889 1043 chum
918 991 1077 1043 nobis
1108 1009 1213 1045 non
1241 992 1481 1057 auferas,
1517 1006 1569 1048 tu
1600 996 1800 1049 videris
1854 997 1921 1049 de
1949 995 2156 1062 judicio
2190 1006 2302 1052 tuo.

728 1083 822 1136 Sl‘n
856 1083 1037 1137 autc-in
1067 1087 1168 1137 sub
1203 1086 1427 1142 nomine
1454 1092 1756 1160 presbyteri
1787 1091 1931 1145 tollis
1988 1091 2143 1152 mihi,
2182 1108 2305 1158 pro-

725 1193 844 1250 pter
885 1182 1029 1251 quod
1078 1185 1334 1237 sa-culunt
1386 1187 1650 1254 dereliqni
1684 1231 1700 1253 ,
1757 1205 1858 1256 ego
1918 1189 2100 1243 habeo
2161 1189 2304 1259 quod

727 1291 940 1341 semper
965 1277 1173 1346 habui;
1216 1280 1425 1333 nullum
1461 1280 1807 1349 dispendium
1848 1281 1902 1336 in
1959 1285 2307 1339 ordinatione

727 1383 920 1435 passus
953 1380 1035 1423 es?
1068 1391 1087 1424 ι

795 1460 1275 1528 49ηϐυιιιρειειιιη
1335 1465 1388 1517 in
1451 1463 1706 1520 Ecclesia.
1768 1469 1846 1521 Ab
1886 1485 2040 1537 specu
2095 1469 2312 1524 Domini

724 1555 1019 1621 prohibitus
1063 1553 1442 1627 Hieronymus.
1476 1589 1544 1601 -—
1579 1559 1676 1615 «Ut
1716 1577 1822 1614 non
1851 1563 2187 1626 scinderent,
2225 1561 2311 1616 in-

728 1649 870 1717 quit,
901 1665 1042 1714 eam,
1076 1667 1254 1720 neque
1289 1655 1568 1722 proprium
1605 1656 1710 1710 sibi
1743 1656 1985 1711 facerent
2037 1658 2314 1728 principa-

731 1751 862 1794 tmn.
887 1761 904 1792 ι
946 1741 1078 1807 Quis
1105 1745 1301 1798 scindit
1339 1745 1676 1801 Ecclesiam?
1700 1747 1829 1811 Nos,
1856 1765 2084 1817 quorum
2133 1752 2313 1805 omnis

2408 626 2749 683 dt‘lcntlin-ns
2811 623 3198 690 principatum,
3261 620 3489 673 ostcnle
3547 632 3643 672 nos
3702 617 3755 668 in
3815 627 3997 681 parte-

2408 722 2490 777 cia
2536 730 2628 774 tua
2661 719 2860 772 habere
2911 717 3252 784 episcopum.
3307 714 3460 776 Quod
3521 712 3616 764 tibi
3683 726 3788 762 nrn
3837 723 3992 761 com-

2409 816 2843 872 municaritnus.
2893 812 3014 865 ﬁdei
3064 819 3148 865 est
3177 827 3190 864 :
3231 804 3521 876 responde,
3551 815 3601 859 ct
3628 801 3997 858 ordinationis

2407 910 2530 964 eril.

2488 1005 2578 1060 Η.
2629 1025 2644 1055 ι
2675 1002 3033 1058 Occasionem
3083 1016 3300 1069 quoque
3344 999 3550 1065 lingunt
3585 996 3813 1048 aliarum
3850 993 3996 1045 litte-

2412 1118 2623 1164 rarum,
2677 1115 2816 1167 quas
2867 1098 3058 1152 dicunt
3088 1096 3190 1152 sibi
3259 1096 3550 1164 scripsisse
3606 1089 3996 1161 Epiphanium.

2413 1196 2739 1262 Quanquam
2766 1194 2915 1248 dabit
2971 1193 3061 1247 ille
3111 1192 3375 1245 rationem
3425 1205 3521 1258 pro
3569 1185 3826 1238 omnibus
3875 1193 3998 1248 quae

2412 1297 2558 1358 grsta
2585 1297 2714 1342 sunt
2745 1296 2874 1342 ante
2942 1285 3177 1340 tribunal
3218 1283 3444 1344 Christi,
3482 1279 3570 1332 ubi
3607 1274 3784 1342 major
3808 1281 3864 1325 et
3893 1270 4000 1323 mi-

2413 1401 2514 1439 nor
2572 1383 2780 1448 absque
2815 1381 2918 1433 ulla
2956 1394 3317 1449 personarum
3375 1374 3690 1441 acceptione
3714 1365 3998 1438 indit-abi-

2415 1489 2523 1532 tur.
2556 1479 2810 1531 Attamen
2837 1475 3112 1541 quomodo
3136 1481 3370 1542 possunt
3421 1470 3569 1524 illius
3601 1465 3698 1520 niti
3735 1460 3996 1532 epistola,

2413 1587 2575 1642 quam
2607 1571 2674 1622 de
2709 1568 3053 1623 ordinatione
3083 1563 3387 1619 Pantiniani
3419 1561 3632 1620 illicita.
3669 1565 3723 1611 et
3771 1555 3997 1609 illorum

2414 1664 2505 1732 qui
2536 1679 2658 1716 cum
2703 1678 2768 1715 eo
2807 1671 2955 1723 sunt,
2980 1674 3007 1711 a
3035 1660 3191 1713 nobis
3216 1665 3515 1725 coargutus
3555 1650 3782 1718 scripsit
3809 1667 3822 1701 :
3853 1646 4003 1699 sicut

2416 1769 2469 1810 ct
2509 1758 2624 1824 ipsa
2656 1755 2774 1826 ejus
2847 1753 3077 1821 epistola
3127 1752 3179 1806 in
3210 1749 3437 1806 exordio
3505 1763 3607 1801 suo
3643 1742 3920 1809 signiﬁcat
3945 1738 3998 1789 ἲ»

728 1833 924 1931 “Omns
983 1834 1262 1931 Bethleem
1299 1837 1351 1892 in
1417 1838 1661 1894 Ecclesia
1707 1842 2224 1897 communicat?An
2256 1855 2308 1897 tu
2346 1875 2386 1931 Β
2421 1851 2570 1920 Rogo
2631 1864 2751 1919 quac
2808 1855 2962 1901 tanta
2995 1854 3079 1900 est
3134 1843 3371 1904 caecitas,
3456 1837 3788 1898 Cimmeriis,
3855 1835 4004 1887 sicut

729 1929 820 1993 qui
850 1936 945 1980 aut
979 1929 1112 1982 bene
1148 1931 1348 1994 credis,
1381 1943 1428 1985 ct
1482 1934 1712 2000 superbe
1743 1933 1811 1987 de
1843 1935 1945 1989 ﬁtle
1995 1944 2144 1990 taces
2171 1955 2184 1991 :
2222 1947 2314 1992 aut

733 2017 894 2075 male.
931 2029 981 2069 ct
1015 2033 1141 2072 vere
1168 2021 1376 2075 scindis
1438 2021 1785 2076 Ecclesiam?
1841 2021 1952 2076 Nos
2010 2024 2312 2080 scindimus

731 2108 1056 2171 Ecclesiam.
1122 2127 1214 2178 qut
1274 2120 1403 2166 ante
1463 2129 1669 2181 paucos
1721 2131 1937 2170 menses
1993 2117 2139 2170 circa
2195 2115 2314 2171 dies

733 2203 1109 2268 Pentecostes,
1146 2221 1269 2259 cum
1302 2207 1603 2261 obscurato
1640 2208 1778 2275 sole,
1839 2211 2017 2266 omnis
2076 2212 2315 2268 mundus

729 2291 1068 2361 jamjamque
1123 2307 1413 2351 venturum
1437 2298 1676 2367 judiccm
1707 2301 2044 2365 formidaret,
2076 2303 2314 2371 quadra-

734 2385 881 2453 ginta
931 2385 1160 2442 diversae
1216 2390 1394 2444 anatis
1452 2403 1506 2445 et
1573 2408 1757 2456 sexus,
1814 2395 2148 2465 presbyteris
2206 2397 2317 2450 tuis

735 2478 1034 2531 obtulimus
1070 2479 1472 2548 baptizandos?
1514 2483 1576 2537 Et
1606 2494 1756 2539 certe
1793 2485 2038 2554 quinque
2074 2490 2314 2557 presby-

739 2569 841 2621 tcri
871 2580 1028 2624 erant
1056 2572 1106 2626 in
1169 2576 1525 2640 monasterio,
1575 2578 1666 2641 qui
1731 2595 1829 2630 suo
1881 2578 2004 2647 jure
2066 2589 2317 2646 poterant

735 2659 1018 2728 baptizare
1047 2680 1058 2716 :
1096 2663 1188 2717 sed
1227 2665 1516 2718 noluerunt
1539 2665 1838 2734 quidquam
1868 2678 2059 2722 contra
2112 2680 2318 2721 stmna-

735 2755 897 2808 chum
933 2764 1078 2808 tuum
1117 2756 1316 2820 facere,
1357 2773 1422 2810 ne
1456 2768 1507 2811 et
1547 2761 1659 2813 haec
1693 2759 1787 2812 tibi
1820 2760 1884 2812 dc
1922 2760 2025 2814 ﬁde
2052 2763 2317 2818 reticentli

736 2849 954 2901 daretur
984 2850 1221 2904 Occasio.
1267 2853 1345 2903 An
1399 2867 1506 2903 non
1555 2861 1611 2905 tu
1669 2852 1849 2920 p0tius
1886 2854 2090 2907 scindis
2129 2855 2320 2910 Eccle-

735 2939 1017 3010 siam,qui
1076 2944 1378 3010 praecepisti
1432 2945 1711 3000 Bethleem
1789 2947 2123 3018 presbyteris
2175 2949 2319 3004 tuis:

736 3051 806 3092 ne
846 3039 1281 3107 competentibus
1347 3041 1552 3094 nostris
1620 3041 1671 3095 in
1725 3039 1927 3094 Pascha
1988 3042 2317 3110 baptismum

739 3129 1040 3198 traderent,
1068 3146 1204 3199 quos
1231 3146 1328 3186 nos
1361 3133 1653 3200 Diospolim
1693 3140 1708 3196 (
1744 3131 1916 3186 Lidda
1941 3134 1957 3200 )
1987 3133 2053 3186 ad
2100 3134 2321 3188 confes-

738 3238 919 3277 sorem
952 3224 1349 3309 et.episr0pum
1377 3223 1622 3278 misimus
1653 3224 2002 3293 Dionysium‘
2036 3224 2317 3291 haptizan-
2345 3214 2392 3277 Ο

738 3315 886 3370 dos?
917 3316 1217 3370 Ecclesium
1251 3316 1506 3372 scindere
1532 3318 1789 3380 dicimur,
1853 3317 1948 3385 qui
2004 3327 2157 3371 extra
2210 3317 2324 3372 cel-

741 3409 881 3464 lnlas
945 3420 1167 3464 nostras
1198 3411 1377 3463 locum
1435 3410 1693 3464 Ecclesia:
1739 3425 1847 3463 non
1907 3411 2213 3468 habemus?
2241 3415 2322 3469 An

738 3520 848 3558 non
882 3514 937 3558 tu
971 3504 1175 3559 scindis
1206 3503 1522 3565 Ecclesiam,
1555 3506 1648 3573 qui
1685 3505 1914 3559 mandas
1939 3507 2156 3561 clericis
2183 3509 2322 3573 tuis,

741 3606 799 3648 nt
824 3597 868 3650 si
895 3599 1017 3666 quis
1042 3596 1421 3651 Paulinianum
1452 3596 1518 3650 ab
1551 3597 1858 3666 Epiphanio
1880 3598 2138 3669 episcopo
2187 3616 2325 3654 con-

741 3702 1013 3744 secratum
1055 3690 1429 3760 presbyterum
1457 3690 1680 3756 dixer't,
1713 3690 2008 3745 Ecclesiam
2041 3692 2328 3760 prohibea-

741 3795 832 3838 tnr
896 3786 1125 3838 intrare.
1160 3784 1236 3838 Ex
1273 3799 1382 3853 quo
1412 3794 1655 3854 tempore
1693 3801 1867 3854 usque
1907 3786 1957 3838 in
1991 3795 2316 3854 pra-sentem

743 3877 885 3930 diem
919 3879 1166 3932 videmus
1202 3888 1410 3930 tantum
1445 3893 1668 3947 specum
1715 3877 1960 3943 Domini;
2019 3887 2074 3933 et
2110 3880 2328 3933 haereti-

746 3967 827 4021 cis
857 3965 1212 4029 intrantihus,
1257 3969 1443 4034 procul
1486 3968 1658 4032 positi
1687 3966 2058 4034 suspiramus.

816 4060 905 4113 45.
939 4059 1118 4113 Nosne
1147 4075 1358 4120 sumus,
1401 4061 1492 4127 qui
1534 4059 1832 4112 Ecclesium
1888 4058 2226 4118 scindimus:
2259 4075 2326 4114 an

751 4153 841 4206 ille
875 4154 968 4221 qui
1004 4152 1138 4205 rivis
1183 4152 1575 4215 habitaculum,
1612 4153 1839 4205 mortuis
1890 4154 2206 4221 sepulcrum
2239 4169 2330 4207 ne-

748 4254 856 4313 gat,
886 4243 978 4312 qui
1014 4244 1241 4296 fratrum
1267 4243 1458 4296 exsilia
1514 4243 1790 4312 postulat?
1830 4243 1962 4308 Quis
2002 4246 2330 4314 potentissi-

752 4353 894 4389 mam
916 4337 1063 4389 illam
1092 4335 1283 4400 feram,
1321 4336 1485 4388 totius
1511 4335 1663 4388 orbis
1693 4336 2004 4389 cervicibus
2035 4336 2329 4392 imminen-

749 4446 882 4490 tcm.
910 4438 1097 4481 contra
1146 4440 1368 4482 nostras
1400 4428 1639 4481 cervices
1670 4427 2014 4496 specialiter'
2042 4430 2333 4487 incitavit?

748 4526 884 4591 Quis
917 4539 1040 4578 ossa
1072 4534 1409 4586 sanctorum,
1434 4533 1486 4575 et
1519 4523 1774 4578 innoxios
1801 4522 2018 4576 cineres
2051 4527 2331 4594 hucusque

751 4619 1026 4674 verberari
1065 4619 1133 4670 ab
1163 4616 1430 4671 imbribus
1455 4616 1621 4671 sinit?
1649 4614 1742 4668 His
1790 4632 1889 4669 nos
1943 4616 2332 4674 blandimentis

754 4715 932 4768 bonus
963 4710 1155 4764 Pastor
1194 4710 1388 4764 invitat
1417 4709 1482 4761 ad
1513 4724 1724 4777 pacem,
1761 4707 1924 4779 453
1954 4718 2007 4762 et
2050 4713 2330 4780 proprium

755 4808 935 4872 arguit
970 4803 1148 4856 lacere
1177 4803 1535 4870 principatum
1563 4818 1575 4850 :
1605 4801 1697 4870 qui
1731 4803 1995 4855 omnibus
2031 4803 2326 4874 episcopis,

756 4909 962 4955 ret-tam
998 4899 1262 4949 duntaxat
1292 4895 1450 4947 ﬁdem
1496 4895 1828 4956 tenentibus.
1863 4903 1914 4949 et
1944 4898 2334 4952 communione

755 5007 808 5051 et
835 4992 1100 5049 charitatc
1141 4990 1438 5043 sociamur.
1473 4988 1552 5041 An
1596 4995 1653 5041 tu
1680 4989 1829 5042 solus
1875 4987 2118 5044 Ecclesia
2160 5005 2240 5057 cs,
2281 5003 2335 5046 ct

840 5199 855 5229 ¹
893 5197 994 5250 Hic
1029 5198 1120 5250 ille
1154 5195 1445 5264 Dionysius
1485 5193 1792 5247 Liddcnsis.
1835 5193 1950 5244 sive
2003 5193 2335 5264 Diospolita-

762 5286 863 5322 nus
885 5280 988 5328 cst,
1023 5269 1176 5328 cuius
1208 5262 1328 5318 ante
1354 5265 1610 5317 incditam
1665 5264 1959 5330 Epistulam
1997 5264 2060 5316 tle
2086 5262 2336 5332 Origeni-

763 5351 967 5392 startnu
997 5337 1324 5389 damnatum:
1354 5337 1693 5405 vulgavimus
1722 5336 1771 5386 in
1831 5335 1997 5400 priori
2051 5343 2196 5387 tomo
2231 5337 2336 5389 sub

763 5423 993 5463 numero
1019 5408 1108 5462 9i.

835 5482 855 5511 ¹
899 5479 1039 5537 [ιϐκο
1077 5493 1198 5529 cum
1235 5492 1364 5528 mss.
1426 5475 1757 5545 specialiter;
1813 5475 1954 5540 quod
2014 5474 2116 5540 legi
2176 5490 2335 5540 opor-

767 5558 880 5603 tere
909 5564 1004 5612 pro
1033 5546 1308 5614 spiritnqli
1332 5564 1388 5597 er
1411 5547 1642 5598 Gravius
1697 5561 1913 5614 quoque
1971 5546 2250 5603 tinencrat,
2284 5557 2336 5598 ct

768 5633 965 5674 senatus
999 5619 1252 5682 postulat.
1288 5615 1474 5668 Ferant
1529 5627 1706 5667 autem
1752 5617 1894 5666 iliatn
1944 5631 2106 5680 quam
2146 5627 2333 5667 contra

770 5691 936 5740 Hiero
978 5702 1157 5754 ymum
1193 5687 1431 5740 Joannes
1481 5687 1826 5746 incitavcrzn,
1859 5687 2080 5751 quidam
2110 5685 2334 5749 intelligi

769 5761 962 5808 Volunt
1020 5755 1271 5808 Ruﬁnum
1305 5756 1521 5807 Arcadii
1561 5765 1815 5810 tutorcln.
1870 5758 2020 5807 illum
2088 5755 2337 5820 perduci-

769 5828 896 5882 lem,
940 5829 1031 5891 qui
1059 5825 1589 5894 ducemiGothorum
1617 5825 1889 5877 Alaricum
1929 5827 2141 5876 vocatrit
2199 5841 2332 5878 tton-

776 5911 854 5949 tra
887 5896 1197 5958 Arcadium,
1262 5906 1316 5947 nt
1344 5897 1456 5964 ipse
1509 5894 1627 5962 ejus
1672 5898 1957 5963 imperium
2010 5907 2330 5964 occuparet;

2417 1946 2594 2003 aiunt,
2655 1944 2896 1996 tenebris
2957 1935 3248 1992 involuta?
3284 1934 3422 1989 Dicit
3475 1949 3575 1986 nos
3647 1927 4003 1982 οοωςὶοηοιη

2419 2035 2641 2102 ""8"".
2683 2041 2736 2084 οι
2774 2028 3060 2099 Epiphanii
3119 2027 3381 2080 adversus
3410 2039 3467 2076 se
3521 2022 3733 2076 litteras
3763 2030 3873 2068 non
3909 2016 4001 2064 ha-

2417 2125 2573 2183 bere.
2613 2123 2908 2189 statimque
2955 2117 3233 2186 subjungit
3269 2130 3285 2170 :
3362 2134 3380 2166 ι
3416 2110 3704 2179 Quomodo
3765 2111 4003 2176 possunt

2419 2216 2567 2269 illius
2593 2215 2686 2267 niti
2725 2211 2978 2281 epistola,
3015 2225 3178 2275 quant
3219 2207 3283 2260 tle
3321 2205 3669 2257 ordinatione
3724 2197 4006 2253 Paulinia-

2424 2310 2476 2363 ni
2526 2308 2736 2369 illicita,
2769 2316 2821 2360 ct
2881 2320 3074 2358 eorum
3131 2303 3224 2372 qni
3272 2317 3394 2353 cum
3426 2314 3492 2351 eo
3553 2304 3701 2354 sunt,
3738 2308 3768 2345 δ
3839 2290 4004 2345 nobis

2421 2411 2719 2472 coargntus
2748 2397 2972 2465 scripsit
3001 2413 3015 2448 :
3059 2395 3199 2447 sicut
3235 2403 3288 2446 et
3321 2394 3437 2461 ipsa
3492 2390 3613 2457 eius
3678 2384 3916 2452 epistola
3949 2384 4003 2435 in

2417 2497 2639 2550 exordio
2672 2509 2770 2547 suo
2805 2488 3120 2561 signiﬁcat?
3166 2507 3183 2539 ι
3211 2486 3327 2539 Non
3364 2483 3630 2537 habemus
3683 2477 4004 2547 epistolam.

2422 2592 2487 2644 Et
2510 2605 2629 2656 qum
2664 2599 2745 2642 est
2779 2589 2864 2640 illa
2902 2585 3132 2652 epistola
3174 2579 3340 2653 454
3380 2595 3499 2646 quae
3533 2577 3585 2630 in
3634 2573 3866 2630 exordio
3901 2585 4009 2624 suo

2421 2681 2489 2735 de
2533 2679 2855 2734 Pauliniano
2893 2674 3310 2745 loquitur?Est
3376 2668 3582 2737 aliquid
3647 2673 3774 2732 post
3844 2677 4008 2714 exor-

2421 2775 2597 2837 dium,
2644 2773 2806 2840 cujus
2859 2781 2914 2822 tu
2952 2772 3111 2824 times
3161 2767 3339 2821 facere
3367 2761 3721 2817 mentionem.
3753 2758 3799 2809 Α
3838 2765 3891 2808 te
3927 2764 4008 2813 est

2422 2877 2721 2937 coargutus
2757 2865 2953 2925 aetatis,
2977 2879 3082 2931 qua
3120 2859 3477 2914 Paulinianus
3517 2861 3657 2909 erat.
3709 2849 4010 2918 Presbyte-

2421 2978 2542 3017 rum
2578 2959 2822 3024 ordiuas,
2847 2967 2901 3011 et
2937 2957 3167 3025 legatum
3200 2949 3372 3004 mittis
3398 2963 3460 3003 ac
3495 2946 3743 3002 socium:
3773 2951 4012 2997 tantam-

2422 3069 2527 3122 que
2561 3054 2731 3107 habes
2765 3050 3046 3112 ﬁduciam,
3077 3057 3140 3101 ut
3167 3046 3260 3100 ubi
3315 3041 3704 3098 Paulinianum
3739 3033 4011 3090 mentitus

2422 3159 2482 3199 es
2517 3158 2742 3214 puerum
2785 3141 2912 3194 illuc
2939 3151 3166 3206 puerum
3193 3135 3377 3187 mittas
3403 3128 3800 3200 presbyterum.
3832 3124 4006 3177 Item-

2427 3213 2532 3304 que
2565 3231 2901 3287 Theoseham
2932 3229 2950 3297 (
2981 3227 3070 3281 Al.
3102 3223 3468 3279 Thcosobium
3491 3216 3723 3288 )Thiria
3750 3213 4015 3269 Ecclesia:

2428 3323 2714 3375 diaconum
2748 3318 2884 3371 lacis
2923 3315 3322 3382 presbyterum,
3347 3319 3398 3364 ct
3431 3317 3622 3363 contra
3676 3319 3779 3359 nos
3807 3315 4013 3363 armas,

2429 3413 2692 3480 illiusque
2783 3409 2838 3462 in
2895 3423 2993 3462 nos
3056 3404 3301 3458 abuteris
3355 3401 3689 3470 eloquentia.
3726 3396 3855 3453 Tibi
3915 3395 4013 3449 soli

2428 3506 2557 3560 licet
2594 3503 2847 3558 Ecclesize
2873 3501 2994 3569 jura
3037 3497 3289 3552 calcare:
3328 3506 3385 3549 tu
3453 3491 3722 3563 quidquid
3794 3489 4015 3552 feceris,

2430 3613 2621 3654 norma
2654 3597 2915 3650 doctrin-.2
2955 3602 3076 3656 est;
3113 3600 3166 3645 et
3204 3606 3312 3644 non
3347 3587 3633 3643 erubescis
3655 3596 3780 3639 ante
3843 3585 4017 3639 tribu-

2430 3692 2520 3748 nal
2546 3690 2751 3747 Christi
2777 3687 3136 3760 iudicandum
3168 3694 3349 3739 tecum
3412 3681 3778 3752 Epiphaniam
3810 3694 4016 3748 proro-

2434 3801 2579 3840 care.
2632 3783 2762 3848 Quae
2823 3787 3129 3849 sequuntur
3186 3784 3310 3846 post
3376 3776 3478 3827 hoc
3524 3771 3853 3839 capitulum.
3906 3772 4020 3824 htrc

2435 3886 2597 3930 sunt:
2623 3874 2818 3928 Mensa‘
2850 3887 2960 3925 sua
2995 3879 3049 3924 et
3073 3869 3271 3924 domus
3318 3864 3740 3921 contubernium
3783 3864 4018 3930 imputat

2433 3964 2762 4036 Epiphanio,
2796 3962 3095 4027 scribitque
3135 3974 3260 4012 cum
3316 3969 3595 4023 nunquam
3646 3967 3768 4006 esse
3833 3967 4018 4004 secum

2435 4060 2503 4113 de
2531 4055 2783 4125 Origenis
2811 4052 3166 4120 dogmatibus
3198 4051 3466 4113 locutmn,
3519 4055 3572 4099 et
3624 4046 3728 4099 sub
3783 4044 4019 4113 jurisjn-

2436 4149 2593 4204 randi
2628 4146 3007 4201 testiﬁcatione
3037 4141 3350 4201 conﬁrmat,
3393 4138 3584 4194 dicens
3613 4154 3628 4193 :
3663 4156 3681 4188 ι
3713 4135 3788 4190 Ne
3833 4137 4020 4205 suSpi-

2436 4241 2648 4295 cionem
2680 4237 2927 4306 quidem,
2960 4237 3104 4289 sicut
3163 4235 3307 4288 Deus
3373 4233 3530 4286 testis
3590 4239 3696 4293 est,
3745 4244 4021 4294 perversae

2438 4335 2490 4389 in
2524 4346 2628 4386 nos
2670 4329 2791 4384 ﬁdei
2828 4343 2887 4384 se
2927 4327 3134 4381 habere
3172 4323 3517 4380 monstravit.
3554 4342 3573 4375 ι
3610 4322 3752 4375 Nolo
3796 4336 4022 4391 respon-

2437 4428 2568 4480 dere
2609 4435 2665 4479 et
2709 4437 2938 4492 arguere
2999 4419 3225 4482 acriter,
3293 4433 3362 4473 ne
3416 4416 3640 4487 periurii
3698 4415 4018 4483 episcopum

2439 4522 2763 4576 convincere
2823 4516 3034 4570 videar.
3091 4513 3298 4567 Praesto
3355 4520 3483 4566 sunt
3536 4514 3722 4580 plures
3776 4511 4022 4579 epistolae

2437 4613 2730 4684 Epiphanil
2764 4628 2779 4669 :
2812 4625 2920 4664 una
2957 4607 3023 4661 ad
3057 4607 3260 4676 ipsum,
3291 4604 3414 4658 alite
3469 4603 3537 4657 ad
3592 4603 3887 4670 episcopos
3918 4603 4018 4655 Pa-

2439 4709 2701 4769 laestinos,
2737 4717 2792 4760 et
2830 4720 3006 4773 nuper
3033 4705 3098 4755 ad
3132 4699 3390 4754 Romana:
3429 4700 3581 4754 urbis
3647 4699 3963 4768 pontiﬁcem
4007 4714 4022 4754 :

2439 4802 2492 4855 in
2516 4801 2719 4870 quibus
2758 4798 2892 4853 dicit
2939 4810 3001 4849 se
3029 4810 3152 4848 eum
3187 4807 3373 4846 coram
3428 4790 3633 4853 multis,
3669 4790 3736 4843 de
3799 4791 4025 4860 dogma-

2438 4895 2584 4948 tibus
2649 4900 2986 4958 arguentem,
3046 4901 3151 4940 non
3212 4885 3481 4939 meruisse
3527 4897 3880 4951 reSponsum.
3945 4892 4023 4934 to-

2440 4997 2663 5056 tumque
2692 4992 2892 5038 nostra:
2939 4979 3217 5050 parvitatis
3275 4977 3427 5032 testis
3457 4983 3539 5030 est
3569 4973 4020 5029 monasterium’.

2441 5194 2537 5249 sed
2577 5193 2797 5254 repulso
2832 5189 3071 5247 Alarico.
3102 5187 3219 5252 ipse
3246 5183 3559 5254 trucidatth
3630 5190 3765 5254 est,”
3799 5182 4020 5237 labente

2439 5280 2531 5318 an.
2562 5252 2687 5317 595.
2725 5262 2976 5327 Apertius
2999 5260 3114 5325 ipse
3141 5257 3368 5327 Hieron.
3403 5255 3470 5327 ad
3501 5252 3871 5327 Theophilum
3931 5255 4022 5327 ad-

2438 5349 2630 5388 versus
2663 5322 2846 5398 ipsum
2867 5322 3128 5383 Joannem
3148 5325 3375 5398 epistola
3531 5341 3552 5374 ι
3588 5322 3789 5388 Nuper,
3819 5324 4021 5385 inquit,

2440 5405 2588 5457 nobis
2611 5393 2976 5470 postulamus:
3005 5396 3303 5470 impetravit
3321 5393 3568 5446 exsilium
3591 5408 3609 5454 ;
3635 5403 3793 5461 atque
3813 5395 4021 5470 utinam

2438 5463 2654 5541 implere
2705 5473 3011 5537 potuissem
3061 5463 3177 5541 etc.
3211 5482 3226 5530 ;
3263 5465 3503 5541 fortasse
3548 5470 3689 5541 quia
3751 5463 4024 5516 trucidato

2439 5533 2870 5606 statimltuﬂno,
2905 5539 3231 5606 rescriptum
3263 5533 3395 5589 illud
3466 5534 3684 5588 nullius
3743 5542 3864 5586 erat
3927 5550 4022 5585 au-

2438 5616 2730 5668 ctoritatis.

2510 5685 2531 5716 ⁸
2567 5684 2640 5736 Ex
2669 5683 2770 5735 hac
2831 5679 3014 5747 operis
3069 5677 3425 5734 conclusione
3487 5675 3624 5726 docti
3673 5673 3791 5747 Aviri
3860 5690 4022 5743 argu-

2440 5763 2779 5816 mentantur,
2823 5745 3019 5804 librum
3049 5750 3145 5803 abs
3176 5748 3508 5818 Hieronymo
3532 5761 3637 5797 non
3666 5745 3832 5818 fuisse
3856 5747 4018 5818 abso-

2441 5827 2634 5876 lutum.
2697 5815 2919 5876 Vidcin
2987 5823 3127 5875 hanc
3191 5833 3303 5874 rem
3373 5815 3647 5888 praetium
3695 5815 3822 5869 huic
3881 5815 4022 5868 libro

2441 5894 2899 5949 Admonitionem.
