4202 6468
229 405 332 472 ΗΒ
1173 405 1474 464 CONTRA
1523 403 1906 464 ltUFlNUM.
1950 427 2014 436 -
2050 402 2501 463 ADMONlTlt).
3399 395 3502 462 414

864 811 1024 882 455
1070 808 1145 867 IN
1194 803 1478 865 LIBROS
1546 803 1869 865 CONTRA
1915 804 2277 865 RL'l~‘l"-\'l.'.‘d
2346 801 2819 866 ADMONlTlO.

296 1125 336 1174 l.
372 1124 751 1178 Missi-usionis
780 1121 1163 1194 Hieronymum
1193 1124 1334 1178 inter
1360 1138 1421 1176 ar
1462 1121 1716 1174 Rufinum
1747 1122 1907 1190 longe
1943 1125 2127 1177 notior
2165 1125 2395 1176 historia
2425 1136 2526 1185 est,
2560 1142 2719 1192 quam
2771 1134 2953 1180 nostra
3015 1123 3376 1191 explicatione
3432 1137 3489 1180 nt

220 1214 477 1280 indigeat.
515 1215 693 1268 Causa
720 1215 843 1265 n-ali
875 1215 1006 1268 tanti
1032 1213 1222 1266 Latina
1262 1213 1440 1266 vet-sio
1466 1210 1729 1265 libiorum
1762 1213 2010 1281 Origenis
2044 1215 2174 1282 περὶ
2223 1214 2439 1284 Ἀρχῶ)
2475 1215 2595 1278 fuit,
2623 1231 2784 1282 quam
2822 1219 3098 1285 presbyter
3126 1217 3498 1285 Aquileiensis

220 1304 457 1357 sublesti
497 1303 688 1372 utique
727 1304 853 1364 fide,
887 1303 1262 1355 claboraverat
1313 1301 1500 1354 [tome
1539 1305 1686 1354 circa
1731 1318 1928 1355 annum
1963 1305 2086 1357 598.
2151 1305 2281 1356 Nam
2318 1315 2374 1358 ut
2403 1306 2714 1372 Urigcniani
2769 1307 3037 1374 dogmatis
3104 1323 3330 1367 venena,
3368 1307 3499 1360 sub-

220 1395 351 1447 dolat
384 1395 863 1462 interpretationis
895 1395 1020 1445 fuco
1048 1393 1241 1460 oilita,
1282 1391 1493 1445 Latinis
1519 1393 1744 1445 aurbus
1778 1392 1948 1443 tutius
2013 1395 2356 1458 propinarct,
2404 1397 2778 1459 ιιι-ςιτΐιιιίοιιοιιι
2843 1395 2992 1462 operi
3023 1395 3267 1462 praefixit,
3303 1396 3351 1448 in
3385 1411 3491 1462 qua

219 1480 614 1551 Hieronymum
673 1482 920 1550 figuratis
983 1481 1234 1534 laudibus
1289 1481 1638 1550 pra-dicabat,
1700 1480 1862 1532 veluti
1899 1479 2206 1532 Atlatnautii
2265 1483 2904 1547 Opinionnml'autovem,
2963 1498 3184 1552 suaeque
3216 1485 3498 1536 sententia:

220 1572 423 1624 socium
465 1589 478 1625 :
544 1572 726 1640 ipsum
773 1587 900 1624 vero
952 1573 1148 1624 librum
1182 1570 1249 1622 ab
1280 1570 1537 1638 ascriptis
1589 1570 1875 1622 errotibus
1921 1579 2285 1636 expurgatum
2345 1587 2505 1636 θυμω
2539 1591 2635 1624 sua
2682 1573 2946 1640 jactabat.
2997 1572 3098 1623 Sed
3159 1587 3279 1624 eum
3328 1573 3495 1624 multa

216 1672 400 1714 essent
438 1661 624 1718 adhuc.
661 1677 781 1730 quae
822 1670 834 1708 t
870 1662 1165 1714 hristianas
1191 1675 1352 1712 ames
1385 1667 1682 1719 moverent.
1720 1666 1772 1709 et
1821 1657 2005 1710 minus
2036 1659 2304 1710 catholico
2336 1659 2478 1710 dicta
2512 1662 2988 1724 existimarentur,
3026 1659 3410 1713 Pammachius
3443 1671 3499 1712 et

215 1748 465 1803 Οςιιδιιιιδ
496 1751 832 1816 Hieronymo
873 1757 1120 1802 auctores
1161 1748 1380 1801 fuerunt
1434 1759 1489 1800 ιιι
1514 1762 1830 1816 germanam
1865 1746 1982 1815 ipse
2014 1746 2135 1815 ejus
2169 1737 2294 1800 libri
2330 1747 2836 1814 interpretationem
2871 1752 3494 1816 vulgaregnequaquam

214 1837 585 1890 dissimulatis
612 1839 920 1899 erroribus,
949 1852 1057 1905 quo
1093 1853 1150 1890 se
1182 1836 1475 1888 manifesto
1527 1834 1850 1902 proderent;
1888 1845 2252 1904 purgaretque
2289 1835 2427 1888 adeo
2463 1836 2830 1903 suspicionem
2879 1837 3167 1900 favorisiu
3211 1836 3496 1903 Origeneni

214 1930 278 1979 ab
329 1927 536 1979 amulo
577 1927 859 1994 iniectam,
887 1943 952 1980 ne
1017 1929 1062 1980 si
1097 1927 1485 1978 criminantem
1544 1927 1871 1979 convincere
1907 1924 2170 1985 differret,
2205 1925 2521 1978 consentire
2557 1927 2628 1977 illi
2667 1925 2962 1978 videretur.
3009 1925 3064 1977 ὃ.
3102 1924 3324 1986 Doctor.
3358 1923 3498 1976 datis

214 2017 450 2082 primum
481 2015 679 2068 Rufino
722 2016 936 2076 litteris.
973 2018 1147 2068 amice
1175 2028 1507 2083 conquestus
1567 2022 1648 2065 est
1683 2031 1695 2066 :
1729 2016 1920 2068 dein-le
1955 2031 2098 2067 anno
2142 2013 2245 2066 «ith
2281 2015 2531 2083 Origcnis
2596 2017 2774 2081 ipsum
2827 2015 3026 2066 librum
3087 2015 3159 2066 ita
3204 2015 3270 2065 ad
3333 2012 3500 2066 finem

214 2107 395 2170 ιει·ιὶι,
437 2116 498 2159 ut
527 2107 765 2158 haereses
801 2110 983 2158 statim
1055 2106 1460 2160 innotesci-rcnt
1499 2125 1510 2160 :
1552 2106 1812 2172 deditque
1853 2118 1962 2155 uoa
1999 2103 2306 2170 epistolam,
2342 2104 2394 2155 in
2426 2113 2612 2156 nostra
2679 2104 2996 2156 recensione
3022 2101 3110 2163 84,
3148 2101 3501 2154 Pammachio

211 2193 536 2258 «toi-eunti,
581 2197 632 2246 in
666 2209 769 2260 qua
805 2195 1134 2246 caluu'miam
1196 2210 1411 2247 omnem
1437 2212 1464 2248 a
1495 2212 1553 2248 se
1617 2196 1774 2259 longe
1811 2201 2044 2250 amovet.
2078 2210 2253 2258 quove
2306 2196 2489 2246 animo
2524 2195 2713 2262 legerit
2769 2192 3078 2262 aliquando,
3125 2202 3212 2245 aut
3267 2192 3503 2247 lattdarit

213 2281 508 2348 Origene!!!
545 2283 770 2350 Iabsque
827 2281 1042 2352 pietatis
1099 2284 1340 2348 periculo
1376 2284 1620 2350 i-xponit.
1665 2284 1798 2335 llinc
1831 2298 1992 2351 porro
2019 2283 2206 2352 ingens
2234 2283 2283 2335 in
2316 2283 2556 2336 Ecclesia
2598 2284 2904 2337 incendium
2937 2293 3186 2336 exortum
3217 2290 3299 2335 est
3335 2297 3499 2349 ;nam

210 2370 444 2424 ltufiuus
480 2373 799 2440 Apotogiam
841 2385 936 2438 pro
973 2387 1068 2423 sua
1123 2372 1224 2423 fide
1261 2372 1328 2423 ad
1358 2371 1716 2423 Anastasiuvu
1750 2387 1940 2439 papam
1991 2371 2236 2425 scribere
2289 2374 2626 2439 compulsus,
2688 2388 2791 2425 non
2826 2382 2934 2425 tam
2973 2387 3069 2441 pro
3114 2387 3172 2426 se
3231 2371 3386 2426 nisus
3415 2376 3501 2426 est

209 2459 551 2522 satisfacere,
580 2475 740 2526 quam
767 2460 818 2512 iu
844 2460 924 2512 sui
956 2459 1329 2514 defensionem
1364 2477 1530 2512 novas
1570 2459 1894 2530 Hieronymo
1953 2461 2260 2512 calinnnias
2307 2470 2542 2515 struere.
2597 2460 2731 2513 Τιιιιι
2801 2464 3220 2516 recrudescente
3278 2461 3330 2514 in
3376 2461 3498 2515 dies

210 2552 379 2617 magis
413 2548 720 2602 inimicitia:
749 2548 992 2605 vulnere.
1052 2557 1158 2602 tres
1187 2549 1583 2602 Invectivarum
1621 2550 1784 2602 hbros
1819 2564 1963 2600 anno
2019 2549 2326 2617 insequenti
2361 2553 2474 2602 s've
2511 2551 2596 2601 ιρι
2655 2552 2704 2600 ιιι
2745 2549 2800 2601 8.
2864 2549 3144 2603 Ductorem
3203 2551 3494 2618 procudit:

209 2639 406 2698 quibus
443 2637 534 2688 ille
555 2636 796 2688 nondum
827 2636 1004 2700 lectis.
1030 2640 1122 2690 scd
1156 2647 1364 2690 tantum
1399 2653 1460 2691 ex
1501 2654 1595 2691 ore
1643 2638 1943 2691 amicorum
1978 2655 2037 2691 ex
2071 2652 2224 2708 parte
2258 2640 2484 2694 auditis.
2518 2641 2809 2708 respondet
2842 2640 3016 2692 tribus
3043 2639 3192 2692 hisce
3231 2639 3496 2706 Apologe-

210 2727 327 2777 ti=::s
357 2727 557 2778 libris:
593 2740 730 2792 quos
761 2726 825 2776 ad
852 2742 1052 2778 acinum
1096 2727 1198 2780 40-2
1255 2727 1427 2779 refero
1454 2742 1514 2778 ex
1544 2727 1760 2779 duobus
1792 2729 2077 2795 ipsiusmct
2140 2729 2451 2799 Hieronymi
2495 2729 2841 2782 testimoniis.
2889 2728 3124 2780 Alterum
3151 2725 3296 2780 circa
3336 2726 3497 2779 linem

211 2815 364 2880 primi
401 2813 559 2877 libri,
598 2814 684 2866 ubi
713 2825 827 2878 post
862 2815 1123 2868 biennium
1162 2831 1220 2869 se
1264 2815 1504 2867 scribere
1543 2816 1850 2880 proﬁtetur.
1877 2832 1938 2869 ex
1968 2832 2074 2883 quo
2123 2816 2265 2868 edito
2301 2817 2438 2868 brevi
2470 2817 2668 2880 libello,
2695 2816 2986 2885 praeconiis
3035 2813 3213 2867 Rufini
3265 2828 3497 2880 respon—

208 2907 393 2959 derat:
433 2903 617 2957 brevis
648 2904 792 2954 enim
839 2902 1052 2956 libellus
1084 2904 1186 2956 iste
1222 2902 1332 2971 ipsa
1366 2913 1444 2956 est
1469 2905 1534 2956 ad
1578 2905 1984 2956 Pammachium
2017 2904 2233 2956 laudata
2269 2905 2502 2971 epistola
2535 2904 2624 2967 85,
2657 2919 2773 2971 qua!
2799 2903 2864 2956 ad
2901 2917 3105 2955 annum
3143 2900 3498 2970 spectat400-

208 2997 453 3046 Alterum
487 3001 607 3060 post
641 2993 878 3042 medium
918 3007 950 3042 tt
972 2991 1116 3047 libri.
1155 2993 1239 3042 ithi
1275 3008 1332 3044 se
1359 3004 1480 3043 autc
1509 3008 1676 3043 annos
1707 2993 1866 3058 {arma
1893 2992 2067 3044 decem
2096 2993 2383 3060 scripsisse
2407 2994 2470 3045 de
2512 2990 2820 3045 Ii'lustribus
2857 2991 2980 3043 viris
3008 2989 3142 3043 dicit
3177 3007 3190 3042 :
3241 3002 3500 3056 comper-

210 3097 319 3136 tum
356 3097 558 3149 netupc
614 3090 695 3133 est
727 3081 1002 3141 omnibus,
1031 3095 1174 3132 anno
1212 3079 1314 3132 392
1351 3083 1614 3147 proliisse
1667 3081 1859 3131 Ibrum
1894 3081 2066 3142 illum,
2122 3081 2325 3148 hosque
2352 3083 2489 3133 adeo
2547 3082 2675 3132 inita
2728 3081 2939 3131 ratione
2979 3093 3128 3129 anno
3171 3075 3276 3128 ωε
3326 3075 3500 3129 ascri-

209 3176 237 3225 b
277 3173 418 3225 udos
455 3185 600 3223 esse.
632 3167 827 3219 Eorum
861 3183 1019 3235 porro
1053 3183 1264 3220 sumina
1291 3181 1373 3219 est
1404 3168 1744 3230 huiusmodi:
1777 3167 1827 3220 In
1860 3169 2035 3236 primo
2066 3170 2564 3238 interpretationetn
2589 3185 2740 3222 suam
2769 3168 2952 3220 multis
2974 3165 3306 3234 argumentis
3326 3177 3504 3217 excu-

207 3272 292 3314 sat
362 3261 586 3325 sibique
643 3256 804 3309 diluit
854 3257 1064 3324 objecta
1112 3255 1339 3308 crimina
1383 3274 1394 3308 :
1433 3257 1602 3310 altero
1647 3258 1964 3325 Apologiam
2041 3257 2225 3311 Rufini
2273 3259 2335 3312 ad
2389 3275 2576 3328 papam
2611 3257 2961 3311 Anastasium
2990 3257 3209 3308 missam
3234 3254 3498 3323 exagitat:

208 3349 366 3401 tertio
393 3347 636 3412 denique
673 3346 912 3412 ejusdcin
955 3343 1128 3396 ltut‘mi
1164 3345 1360 3397 litteris
1385 3347 1484 3399 sibi
1520 3362 1642 3398 cum
1677 3344 2070 3400 Invectitarum
2113 3350 2299 3402 codice
2329 3349 2509 3401 missis
2539 3348 2856 3415 respondet.

273 3441 330 3488 2.
376 3435 537 3489 Nunc
569 3433 696 3501 quid
723 3450 749 3482 a
783 3432 1018 3484 nobisin
1063 3432 1174 3491 illis,
1208 3434 1530 3486 recudendis
1574 3436 1868 3500 pnestitum
1933 3436 2022 3500 sit,
2068 3437 2426 3504 explicemus.
2468 3436 2647 3489 Primo
2682 3433 2862 3489 Rufini
2901 3432 3220 3491 Invectivas.
3286 3448 3422 3501 quas
3465 3449 3498 3486 ιι

205 3528 431 3593 regione
468 3519 907 3590 Ilii-rnuyiniaum
940 3520 1212 3587 Apologi:e
1274 3522 1324 3572 in
1355 3523 1576 3573 auersa
1609 3523 1855 3575 columna
1899 3526 2246 3578 continenter
2285 3525 2342 3578 P.
2379 3523 2730 3578 Martiauzeus
2763 3533 3114 3593 apposuerat,
3167 3526 3284 3577 loco
3321 3525 3500 3576 movi-

207 3632 349 3674 mus,
378 3623 432 3664 «ιι
475 3609 913 3679 I'liertmyniiauis
967 3609 1098 3675 ipsis
1140 3609 1532 3663 subnectimus.
1589 3607 1769 3679 Neque
1801 3613 1947 3666 enim
1984 3629 2050 3666 ex
2083 3615 2276 3666 ordine
2311 3616 2592 3666 sententia:
2648 3613 2933 3666 sententiis
2999 3615 3350 3680 respondent,
3402 3620 3499 3663 aut

206 3703 290 3756 ubi
325 3703 380 3754 in
412 3713 523 3752 una
581 3699 832 3752 columna
883 3698 1109 3749 aemulus
1139 3699 1468 3751 calumniam
1497 3700 1748 3765 intentat,
1779 3699 2018 3771 456m
2053 3703 2220 3754 altera
2257 3701 2504 3754 criminis
2529 3701 2721 3754 dilutio
2749 3713 2864 3764 est;
2901 3703 2990 3753 sed
3011 3720 3038 3753 e
3067 3702 3341 3752 contrario
3361 3699 3498 3754 alter

206 3801 373 3860 prout
409 3791 544 3843 libet
581 3803 681 3840 suo
717 3788 997 3840 stomacho
1026 3787 1253 3840 inservit
1285 3798 1337 3841 et
1374 3789 1626 3840 velitatur
1665 3805 1678 3842 :
1722 3791 1856 3842 alter
1892 3803 2002 3842 non
2037 3790 2191 3843 laetis
2249 3799 2442 3841 eontra
2475 3804 2534 3841 se
2599 3790 2772 3850 libris,
2823 3788 2916 3842 sed
2979 3790 3135 3856 vulgo
3205 3787 3496 3840 intellectis

203 3877 695 3934 iriminationibus
716 3876 972 3929 occurrit.
1004 3873 1181 3940 Quare
1225 3885 1626 3945 prieposteram
1658 3877 1954 3930 Martiauaai
1993 3893 2182 3931 curam
2222 3895 2379 3930 netno
2417 3892 2522 3929 non
2589 3877 2934 3944 improbavit,
2971 3889 3151 3928 natam
3188 3880 3254 3928 ad
3299 3890 3494 3929 crean-

204 3972 336 4022 dum
376 3965 567 4040 lectori
605 3965 868 4024 laborem,
905 3963 1191 4032 ipsumque
1224 3965 1280 4015 S.
1305 3963 1552 4017 Doctoris
1584 3974 1899 4021 contextum
1933 3969 2166 4036 singulis
2201 3967 2410 4035 paginis
2459 3965 2933 4032 intercipiendum.
2980 3964 3231 4017 Secundo
3260 3979 3383 4016 cum
3416 3963 3489 4017 sit

207 4061 339 4111 utile
370 4053 641 4110 studiosis
665 4063 720 4106 et
752 4053 1123 4114 commodum,
1166 4052 1478 4106 authentica
1517 4065 1894 4120 monumenta,
1926 4069 2048 4124 quae
2087 4055 2307 4124 scriptis
2375 4054 2619 4106 auctoris
2651 4069 2810 4121 quem
2835 4067 3089 4114 exornas,
3141 4052 3489 4105 occasionem

205 4147 498 4205 dederunt.
537 4143 622 4196 vel
653 4157 773 4209 quae
822 4142 889 4194 ab
925 4142 1040 4209 ipso
1065 4150 1289 4194 auctore
1337 4141 1754 4210 impugnantur,
1811 4145 2032 4213 scriptis
2065 4144 2252 4196 iisdem
2304 4153 2616 4203 mmet-tere.
2677 4158 2776 4194 nos
2810 4141 2913 4194 huc
2941 4140 3270 4194 adscivimus
3312 4140 3496 4209 primo

204 4233 388 4288 Rufini
451 4232 698 4285 libellum
731 4231 904 4290 illum,
938 4230 1051 4283 sive
1107 4229 1440 4300 Apologiam,
1512 4241 1603 4284 aut
1643 4232 2048 4288 confessionem
2087 4232 2228 4294 fidei,
2281 4247 2441 4298 quam
2494 4233 2557 4282 ad
2613 4245 2808 4298 papam
2841 4229 3186 4282 Anastasium
3232 4229 3402 4296 misit,
3437 4232 3498 4285 et

204 4338 370 4389 quam
409 4320 792 4387 Hieronymus
825 4329 938 4371 toto
963 4319 1204 4372 secundo
1242 4319 1380 4372 libro
1405 4319 1695 4378 coufntat:
1743 4323 1942 4376 deinde
2000 4324 2174 4390 ipsam
2226 4336 2444 4390 quoque
2496 4319 2768 4372 Anastasii
2820 4333 2983 4387 super
3030 4319 3254 4373 nomine
3309 4320 3492 4373 Rufini

203 4410 523 4477 epistolam,
561 4422 728 4474 quam
791 4406 862 4458 illi
899 4408 1058 4460 toties
1103 4416 1217 4460 tum
1245 4407 1400 4472 alibi,
1451 4418 1563 4461 tum
1595 4410 1834 4464 maxime
1882 4411 2033 4465 hisce
2063 4411 2116 4462 in
2155 4409 2335 4463 ,libris
2375 4407 2572 4474 ingerit
2605 4408 2662 4459 S.
2704 4407 2923 4461 Doctor.
2984 4405 3256 4460 Hactenus
3284 4408 3338 4461 in
3363 4423 3492 4462 eum

205 4506 418 4550 tomum
451 4495 543 4560 qui
573 4494 747 4547 aliena
787 4510 848 4548 ac
879 4494 1230 4561 supposititia
1273 4497 1678 4565 complectitur.
1715 4500 1932 4567 reiectae
1961 4507 2090 4554 sunt
2123 4515 2137 4551 :
2172 4498 2265 4551 sed
2303 4499 2354 4550 in
2399 4497 2637 4563 antiquis
2671 4495 2969 4562 codicibus,
3031 4497 3491 4564 quemadmodum

204 4587 270 4638 de
309 4584 492 4638 veteri
545 4581 859 4638 Corbeiensi
891 4582 951 4637 Ρη
999 4581 1351 4636 Coustantius
1393 4587 1574 4652 tradit,
1612 4587 1746 4648 satis
1783 4588 2084 4656 prudenter
2119 4587 2254 4655 ipsis
2295 4593 2642 4655 apponuntur
2714 4582 3023 4654 Hieronymi
3067 4583 3239 4647 libris.
3264 4585 3494 4655 ejusque

206 4673 600 4743 dispositionis
621 4671 942 4724 doctissimo
974 4671 1092 4724 viro
1122 4671 1237 4740 ipse
1268 4682 1458 4727 auctor
1489 4673 1863 4745 Hieronymus
1897 4675 2206 4729 videbatur.
2235 4671 2473 4740 Di-niqne
2517 4673 2584 4723 Ιιιι
2605 4671 2919 4724 ubrationes
2945 4687 3135 4725 omnes
3177 4673 3492 4742 pleramque

207 4772 421 4829 partem
455 4777 579 4814 cum
607 4760 849 4830 antiquis
878 4759 1230 4825 cditionibus,
1259 4777 1421 4818 unam
1456 4767 1795 4820 autalteram
1852 4779 1974 4820 cum
2050 4760 2432 4818 vetustissimo
2480 4761 2724 4814 Palatino
2753 4789 2778 4799 -
2810 4760 3070 4815 Vaticano
3117 4761 3226 4816 254
3257 4764 3493 4819 contuli-

209 4864 353 4914 mus,
380 4862 532 4917 sepe
571 4847 736 4899 etiam
793 4847 1173 4904 etnendatnus.
