4202 6476
188 388 281 450 ΚΠ
1297 386 1592 446 CONTRA
1643 383 1998 446 RUFINUM
2045 385 2186 443 LIB.
2233 384 2281 443 Ι.

1218 514 1284 552 ne
1339 499 1482 566 quod
1534 498 1762 552 fortuito
1800 510 1838 562 Α
1875 499 2106 560 diluere.
2155 513 2221 552 nc
2267 498 2357 551 ille
2394 498 2525 550 mihi
2581 499 2774 552 fecisse
2835 507 3124 568 putaretur
3165 498 3451 569 injuriam.

184 509 334 556 etiam
373 503 526 557 leves
558 499 906 569 suspiciones
941 499 1124 568 fugere
1163 512 1177 550 :

185 596 413 660 fecisset,
454 595 716 648 consulto
749 595 930 646 lacere
983 599 1290 662 putaretur.
1333 590 1490 645 Unde
1527 603 1579 646 ct
1637 591 1767 644 Tul-

186 691 282 740 lius
339 690 392 740 in
457 686 895 742 Commentariis
970 699 1258 738 causarum
1320 701 1420 755 pro
1482 684 1765 739 Gabinio:

192 805 207 834 ι
236 783 365 850 Ego,
397 782 606 852 inquit.
636 796 762 835 cum
787 791 979 834 omnes
1019 777 1294 833 amicitias
1342 777 1577 833 luendas
1621 796 1769 831 scm-

192 896 279 948 per
305 882 492 944 putavi
529 893 748 932 summa
783 875 1056 944 religione
1097 886 1151 930 et
1183 875 1310 938 lide.
1353 885 1466 929 tum
1496 890 1591 929 eas
1650 893 1768 928 ma-

191 975 322 1027 xime
347 988 471 1041 quae
497 981 689 1027 essent
709 986 776 1025 ex
805 969 1113 1023 inimicitiis
1141 980 1408 1024 revocata:
1434 967 1486 1022 in
1513 970 1762 1038 gratiam:

185 1078 465 1137 propterea
509 1067 658 1135 (νιοιί
693 1063 924 1130 integris
953 1063 1211 1118 amicitiis
1272 1063 1509 1117 ollicium
1544 1075 1768 1132 prater-

188 1163 431 1224 missum.
473 1159 871 1230 imprudentiae
912 1158 996 1212 vel
1041 1160 1124 1228 (ut
1181 1159 1400 1228 gravius
1442 1158 1768 1226 interprete-

187 1255 324 1322 mur)
397 1253 751 1325 negligentiae
812 1255 1167 1308 excusatione
1233 1253 1582 1316 defenditur;
1646 1260 1771 1321 post

183 1347 416 1401 reditum
476 1348 532 1400 in
575 1345 832 1414 gratiam.
880 1345 926 1399 si
981 1345 1108 1413 quid
1158 1353 1238 1399 cst
1275 1344 1659 1404 commissum,
1717 1345 1766 1395 id

185 1457 285 1492 non
324 1440 672 1506 neglectum.
723 1437 814 1491 sed
869 1439 1126 1493 violatum
1183 1448 1450 1508 putatur:
1509 1453 1609 1489 nec
1664 1439 1767 1488 im-

184 1533 509 1598 prudentiae.
583 1535 676 1588 sed
705 1535 947 1604 perfidia:
985 1533 1252 1599 assignari
1283 1532 1440 1586 solet.
1482 1551 1497 1581 ι
1543 1530 1770 1583 Flaccus

187 1628 441 1680 Horatius
489 1643 714 1696 quoque
750 1628 802 1680 in
835 1624 1074 1693 Epistula
1105 1640 1268 1693 quam
1315 1625 1510 1678 scribit
1545 1625 1606 1676 ad
1643 1624 1772 1676 Flo-

186 1734 295 1770 rum
342 1736 356 1770 :
395 1719 566 1780 Male.
602 1720 699 1781 ait.
735 1728 886 1771 sarta
912 1715 1105 1769 Gratia
1160 1719 1515 1787 nequidquam
1552 1719 1676 1780 coit.
1723 1723 1772 1766 et

186 1812 529 1865 rescinditur.

245 1906 298 1958 Ξ.
334 1905 613 1964 Hilarius.
651 1903 894 1971 Origcnis
937 1904 1219 1970 interpres,
1261 1911 1309 1954 et
1346 1901 1666 1954 Ambrosius
1721 1914 1770 1956 ct

193 1997 512 2050 l'irtorinus.
554 1995 681 2050 Tres
731 1997 853 2049 libri
892 1995 1097 2059 Ruﬁni.
1139 2025 1206 2036 —-
1239 1993 1378 2060 Quid
1433 1995 1566 2049 mihi
1625 2011 1772 2048 nunc

186 2092 425 2157 prodest.
469 2089 614 2158 quod
654 2088 984 2160 simpliciter
1012 2103 1225 2143 errasse
1260 2104 1320 2143 se
1380 2087 1567 2157 jurat?
1624 2089 1772 2142 Ecce

185 2183 530 2247 objiciuntur
581 2181 713 2236 mihi
764 2181 953 2236 laudes
1003 2181 1144 2249 ejus,
1206 2191 1260 2234 et
1324 2179 1542 2232 crimini
1611 2180 1774 2234 datur

184 2274 588 2342 simpliriSsiml
615 2274 799 2333 amici.
837 2289 944 2326 non
979 2273 1238 2342 simplex.
1275 2287 1373 2325 nec
1404 2287 1539 2340 pura
1575 2273 1770 2326 lauda-

188 2366 276 2418 iio.
317 2364 375 2417 Si
423 2364 816 2418 auctoritatem
852 2378 952 2417 suo
978 2361 1129 2433 operi
1171 2363 1549 2432 pra-struebat.
1581 2363 1771 2417 Voleus

184 2474 315 2524 quos
392 2466 726 2526 sequeretur
782 2455 1102 2520 ostendere.
1161 2456 1351 2511 habuit
1397 2456 1452 2510 in
1515 2464 1771 2525 promptu

190 2547 465 2602 tliiariuin
519 2546 932 2613 Confessorem,
1010 2549 1105 2619 qui
1164 2550 1529 2618 quadraginta
1600 2547 1773 2601 lenne

188 2647 346 2696 millia
406 2660 674 2698 versuum
745 2642 1000 2713 Origenis
1091 2643 1146 2698 in
1249 2641 1354 2698 Job
1409 2651 1464 2696 et
1524 2643 1772 2700 Psalmos

188 2735 500 2786 transtulit.
543 2732 745 2789 Habuit
772 2733 1149 2798 Ambrosium.
1202 2734 1358 2806 cujus
1385 2751 1522 2804 pene
1582 2752 1772 2791 omnes

189 2824 306 2875 libri
354 2822 528 2891 hujus
553 2823 903 2883 sermonibus
933 2823 1079 2894 pleni
1136 2834 1307 2880 sunt:
1369 2836 1422 2880 et
1475 2837 1769 2895 martyrem

192 2916 562 2978 Victorinum.
588 2919 678 2986 qui
705 2917 1110 2987 simplicitatem
1151 2931 1306 2972 suam
1353 2918 1403 2972 in
1447 2935 1511 2972 co
1553 2920 1770 2988 probat.

189 3019 309 3061 cum
341 3008 483 3062 nul'i
516 3009 742 3099 molitur
785 3009 1036 3064 insidias.
1067 3008 1141 3062 De
1196 3009 1281 3064 his
1309 3011 1566 3064 omnibus
1603 3019 1769 3076 taci-t,

185 3115 260 3164 et.
338 3100 505 3169 quasi
543 3100 816 3156 columnis
890 3101 1151 3156 Ecclesiae
1210 3105 1611 3169 praetermissis.
1688 3121 1770 3159 me

3347 386 3454 452 418

1875 592 1995 645 lla-e
2031 608 2132 644 vox
2159 606 2258 644 nec
2288 590 2527 646 hominis
2557 599 2660 656 est,
2695 607 2795 647 nec
2819 594 2886 647 ad
2933 595 3232 660 hominem,
3265 605 3452 662 aperte

1874 689 2107 740 amicum
2137 697 2355 755 petere,
2395 697 2448 740 et
2473 687 2706 739 crimina
2765 684 2882 752 ejus
2921 688 3020 741 sub
3054 704 3281 751 persona
3330 689 3452 744 lau-

1874 782 2082 834 dator-is
2116 798 2390 850 exponere
2422 797 2435 834 :
2472 789 2524 834 ct
2570 780 2644 834 illi
2685 794 2752 833 ne
2805 780 2908 834 hoc
2940 781 3158 849 quidem
3217 783 3450 836 liberum

1874 875 2204 944 derclinqni,
2227 885 2282 927 ut
2317 893 2374 929 se
2410 876 2739 931 catholicum
2766 874 2981 945 probet,
3009 875 3447 932 etlaudatioueiu

1874 968 2140 1030 hatretiei,
2181 983 2301 1035 qum
2337 968 2412 1020 illi
2439 969 2719 1036 obiicitur.
2753 970 2951 1023 nonde
2993 983 3218 1024 assensu
3279 970 3452 1022 turre-

1875 1080 2019 1124 seos.
2063 1065 2154 1115 sed
2182 1064 2246 1116 dc
2277 1063 2477 1132 ingenTi
2515 1067 2794 1118 exstitisse
2832 1065 3196 1120 admiratione
3221 1079 3443 1134 respon-

1873 1157 2015 1209 deat.
2059 1157 2347 1211 Placuerat
2384 1158 2455 1220 ei.
2497 1157 2610 1211 sive
2667 1171 2722 1211 ut
2758 1160 2871 1227 ipse
2904 1161 3019 1214 vult
3061 1161 3256 1224 videri.
3299 1177 3449 1215 com-

1877 1253 2068 1320 pulsus
2119 1262 2234 1305 erat
2303 1254 2352 1306 in
2415 1252 2667 1307 Latinam
2722 1254 2962 1320 linguam
3023 1267 3250 1320 vertere,
3307 1257 3450 1324 quod

1874 1349 2108 1401 nolebat.
2147 1348 2284 1412 Quid
2321 1364 2548 1401 necesse
2583 1346 2684 1400 fuit
2715 1362 2801 1400 me
2850 1348 3128 1412 latentem.
3173 1361 3223 1404 ct
3287 1352 3452 1404 tantis

1874 1439 2041 1490 mai-is
2103 1447 2266 1504 atque
2319 1449 2590 1493 terrarum
2658 1440 2894 1493 divisum
2963 1441 3156 1509 spatiis
3215 1442 3454 1496 inserere

1876 1529 2164 1598 qua'slimti
2193 1529 2214 1579 ?
2240 1546 2516 1597 opponrre
2549 1531 2765 1584 invidie
2807 1532 3191 1598 plurimorum.
3229 1543 3287 1585 ut
3334 1535 3454 1602 plus

1877 1623 2008 1674 mihi
2045 1622 2321 1673 laudando
2357 1634 2598 1684 not-cret.
2631 1639 2791 1691 quam
2822 1625 2922 1677 sibi
2951 1625 3237 1693 prodesset
3267 1643 3455 1680 exem-

1875 1715 2012 1784 plo?
2052 1713 2201 1766 Nune
2229 1731 2445 1782 quoque
2496 1716 2621 1784 quia
2647 1719 2798 1770 renui
2831 1719 3193 1784 laudatorem,
3218 1730 3270 1773 et
3297 1735 3455 1773 verso

1877 1810 2017 1880 stylo
2054 1809 2211 1862 docui
2243 1825 2327 1862 me
2369 1825 2476 1862 non
2511 1825 2655 1872 esse.
2708 1811 2851 1878 quod
2913 1828 3066 1866 meus
3114 1816 3454 1868 necessarius

1879 1902 2218 1970 praedicavit.
2295 1903 2498 1956 dicitur
2547 1903 2755 1966 furere.
2820 1912 2872 1958 et
2920 1907 3070 1958 tres’
3125 1917 3312 1959 contra
3369 1922 3454 1958 me

1874 1994 2044 2048 libros
2069 2002 2352 2047 venustate
2380 1995 2557 2046 Attica
2589 1996 2834 2049 texuisse
2865 2011 2880 2062 ;
2908 1997 3100 2050 eadem
3161 2011 3451 2059 accusans,

1874 2103 1992 2156 qua!
2021 2096 2148 2140 ante
2193 2086 2538 2145 laudaverat.
2584 2088 2932 2153 ctohjicious
2993 2087 3124 2142 mihi
3176 2088 3227 2142 in
3272 2099 3448 2142 trans~

1873 2180 2078 2234 latione
2109 2178 2358 2247 Origenis
2421 2175 2630 2231 nefaria
2667 2180 2939 2246 dogmata.
2979 2179 3044 2234 de
3079 2194 3191 2250 quo
3223 2179 3276 2233 in
3314 2181 3455 2234 Prm-

1876 2273 2174 2328 fatiuucula
2207 2271 2538 2325 laudationis
2572 2287 2684 2326 sua:
2712 2272 2926 2326 dixerat
2961 2288 2976 2326 :
3013 2289 3032 2324 ι
3059 2270 3270 2341 Sequar
3298 2289 3452 2342 regn-

1876 2367 1981 2421 lam
2038 2381 2457 2434 praecessorum,
2505 2375 2561 2419 et
2610 2367 2728 2435 cjus
2779 2368 3054 2436 praecipue
3115 2365 3238 2427 viri.
3296 2367 3454 2431 cuius

1876 2455 2134 2525 superius
2160 2454 2397 2508 fecimus
2433 2456 2767 2509 mentionem
2811 2473 2827 2512 :
2873 2456 2965 2526 qui
3026 2471 3151 2512 cum
3189 2457 3332 2512 ultra
3363 2472 3454 2512 se-

1875 2547 2161 2617 ptuaginta
2217 2546 2433 2600 libellos
2465 2544 2739 2614 Orig-‘nis.
2775 2563 2915 2616 quos
2976 2547 3321 2603 Homililicos
3361 2566 3454 2620 ap.

1876 2640 2454 2711 pellavit.aliquantos
2499 2642 2659 2693 etiam
2697 2639 2764 2693 de
2816 2643 2978 2696 tomis
3015 2642 3069 2696 in
3130 2643 3451 2712 Apostolum

1876 2734 2119 2802 scriptis,
2158 2730 2532 2786 transtulisset
2577 2731 2628 2786 in
2682 2731 2944 2785 Latinum
2977 2750 2990 2786 :
3025 2734 3079 2787 in
3107 2734 3452 2802 quibuscum

1877 2827 2153 2892 aliquanta
2216 2825 2542 2879 offendicula
2588 2826 2942 2879 inveniantur
2989 2827 3042 2880 in
3108 2830 3320 2894 Cra-co,
3375 2831 3453 2883 ita

1876 2918 2327 2971 elimavitomnia
2382 2917 2803 2986 interpretando
2853 2927 3018 2988 atque
3067 2922 3339 2989 purgavit.
3399 2933 3458 2975 ut

1879 3009 2010 3062 nihil
2045 3009 2098 3061 iu
2131 3009 2238 3061 illis
2280 3009 2426 3078 quod
2463 3023 2490 3060 a
2522 3009 2624 3062 fide
2661 3019 2848 3063 nostra
2901 3011 3191 3078 discrepet,
3230 3012 3456 3068 Latinus

1879 3103 2047 3156 lector
2104 3103 2362 3158 inveniat.
2430 3102 2584 3155 llunc
2633 3119 2766 3169 ergo
2821 3105 2983 3157 etiam
3018 3121 3142 3168 nos,
3175 3107 3299 3160 licet
3347 3125 3454 3162 non

185 3199 362 3249 solum
428 3195 671 3261 pelicem
724 3203 778 3248 et
835 3193 992 3248 nihili
1052 3195 1331 3250 hominem
1384 3212 1480 3266 per
1544 3199 1771 3268 angulos
1803 3207 1844 3263 ρ
1881 3193 2209 3261 eloquentia:
2248 3194 2484 3258 viribus.
2538 3195 2843 3264 disciplina:
2894 3205 3075 3250 tamen
3139 3200 3342 3268 regulis
3399 3203 3454 3255 tu

183 3298 563 3340 consectatur.
618 3285 732 3340 Nisi
791 3285 934 3342 forte
997 3288 1188 3342 eadem
1254 3288 1627 3358 simplicitate.
1665 3305 1769 3357 qua

187 3382 428 3433 amicum
468 3379 694 3434 nescius
726 3378 1026 3444 accusavit.
1055 3379 1178 3434 illos
1205 3379 1488 3449 ignorasse
1526 3381 1771 3448 sejuret.

181 3475 246 3528 Et
279 3474 410 3540 quis
432 3472 481 3527 ei
505 3472 696 3527 credet
740 3473 857 3526 viro
891 3472 1288 3535 eruditissimo.
1330 3483 1380 3526 et
1439 3475 1528 3542 qui
1568 3483 1770 3526 tantam

183 3567 389 3621 habeat
430 3567 720 3622 scientiam
778 3565 1112 3636 scriptorum
1187 3574 1477 3630 veterum,
1537 3565 1774 3619 maxime

180 3661 534 3723 Grrcorum.
564 3668 626 3712 ut
656 3659 785 3714 dum
829 3661 1113 3729 peregrina
1171 3668 1432 3722 sectatur.
1494 3674 1640 3728 pene
1675 3674 1772 3714 sua

180 3752 432 3805 aruiserit
461 3768 478 3803 :
524 3750 672 3820 quod
743 3750 1139 3805 recentissima:
1179 3750 1456 3805 memoriae
1519 3751 1678 3806 viros
1719 3757 1772 3806 et

183 3843 411 3898 Latinos
441 3843 704 3898 nesciat?
773 3842 850 3898 Ex
884 3857 996 3913 quo
1023 3852 1250 3915 apparet
1290 3859 1399 3899 non
1431 3851 1539 3899 tam
1573 3860 1658 3899 me
1705 3844 1771 3900 ab

179 3934 583 3998 eotaudatum,
618 3947 785 4003 quam
828 3933 956 3989 illos
996 3949 1108 3990 non
1169 3943 1502 3990 accusatos:
1544 3943 1606 3988 ut
1653 3933 1772 3991 sive

182 4031 299 4079 laus
339 4025 434 4080 ilia
477 4035 563 4080 est
596 4025 685 4094 (ut
730 4024 917 4078 stultis
963 4025 1299 4095 persuadere
1341 4025 1598 4092 conatur)
1655 4025 1770 4080 sive

180 4119 492 4181 accusatio.
520 4125 582 4170 ut
619 4131 719 4186 ego
744 4131 815 4171 es
850 4116 1100 4173 vulneris
1162 4118 1267 4172 mel
1315 4117 1508 4173 dolore
1566 4118 1769 4182 sentio.

181 4225 278 4263 nec
312 4209 369 4262 in
413 4207 578 4262 laude
613 4206 872 4262 haberem
903 4208 1200 4279 aequalium
1244 4209 1500 4280 gloriam,
1560 4227 1658 4266 nec
1714 4212 1768 4266 in

180 4301 590 4371 vi:uperatione
618 4299 903 4357 solatium.

249 4397 305 4448 3.
341 4395 535 4448 Teneo
589 4396 854 4465 epistolas
901 4407 1141 4461 vestras,
1185 4397 1388 4467 quibus
1436 4408 1760 4454 accusatum

182 4506 266 4539 me
308 4486 561 4542 scribitis
599 4502 744 4552 esse.
809 4497 863 4543 et
890 4488 1190 4544 hortamini
1241 4488 1406 4560 460
1441 4501 1498 4544 ut
1535 4507 1763 4560 respou-

1879 3299 2140 3354 quamum
2176 3301 2493 3352 possumus.
2521 3287 2826 3354 sequimur.
2864 3307 2882 3338 ι

1948 3379 2002 3429 4.
2049 3377 2208 3430 Fides
2274 3377 2510 3429 ltonmna
2558 3377 2954 3432 Catholicorum
3012 3389 3110 3436 est.
3173 3411 3242 3422 —
3297 3381 3458 3436 Certe

1877 3472 1993 3525 hare
2029 3472 2173 3524 illius
2211 3471 2375 3524 Verba
2431 3482 2597 3538 sunt,
2656 3488 2860 3541 negare
2923 3489 3029 3528 non
3087 3485 3284 3544 potest.
3334 3477 3454 3544 Ipsa

1876 3563 1998 3634 styli
2033 3564 2298 3632 elegantia
2343 3573 2396 3616 et
2437 3579 2624 3619 sermo
2660 3565 3028 3634 compositus.
3063 3569 3319 3638 quodque
3372 3569 3456 3622 his

1876 3656 2054 3723 majus
2093 3662 2197 3719 est.
2236 3654 2388 3727 46]
2444 3656 2776 3724 simplicitas
2827 3656 3165 3722 Christiana.
3217 3664 3456 3715 auctoris

1876 3750 1960 3804 sui
1991 3749 2364 3804 characterem
2405 3749 2662 3820 probant.
2730 3751 2888 3806 Aliud
2915 3763 3024 3821 est,
3054 3753 3102 3808 si
3147 3753 3247 3808 ista
3292 3752 3454 3808 Ense-

1875 3843 2000 3898 hins
2054 3843 2397 3910 depravavit,
2436 3853 2489 3897 et
2542 3851 2838 3898 accusator
2870 3843 3121 3913 Origenis
3156 3845 3198 3910 ³,
3241 3846 3456 3911 meique

1874 3935 2177 3996 studiosus.
2213 3934 2268 3988 in
2302 3950 2410 3988 uno
2439 3935 2740 4006 eodemque
2770 3952 2938 4004 Opere
2985 3945 3039 3992 et
3073 3938 3223 3991 illum
3277 3949 3331 3992 et
3366 3955 3453 3993 me

1875 4029 1958 4082 vel
2003 4041 2243 4091 errasse.
2305 4027 2392 4081 vel
2451 4027 2590 4082 bene
2626 4027 2868 4082 sensisse
2900 4037 3129 4082 testatus
3174 4040 3280 4083 est.
3333 4029 3448 4083 Non

1873 4129 2052 4190 potest
2087 4134 2172 4174 me
2227 4134 2377 4173 nunc
2405 4118 2660 4173 inimicus
2693 4119 3008 4172 tuereticuin
3045 4119 3249 4183 dicere,
3285 4135 3449 4188 quem

1871 4231 1900 4269 a
1935 4215 2037 4268 fide
2078 4227 2180 4266 sua
2242 4212 2446 4266 dudum
2483 4227 2589 4266 non
2643 4213 2959 4280 discrepare
3031 4212 3289 4281 praefatus
3345 4223 3448 4266 est.

1872 4304 2163 4372 Simulque
2216 4312 2270 4358 et
2322 4303 2426 4358 hoc
2468 4302 2538 4356 ab
2600 4315 2664 4356 eo
2705 4319 2911 4371 quaero.
2969 4303 3098 4372 quid
3161 4304 3262 4358 sibi
3323 4303 3452 4357 velit

1871 4410 2052 4449 sermo
2077 4397 2390 4448 moderatus
2420 4401 2474 4446 et
2505 4392 2748 4448 dubius?
2797 4393 2964 4455 Nihil.
3000 4396 3202 4462 inquit.
3237 4395 3288 4447 in
3344 4393 3451 4448 illis

1871 4483 2016 4551 quod
2061 4499 2086 4532 a
2126 4481 2230 4535 fide
2263 4493 2447 4534 nostra
2487 4483 2783 4551 diserepet,
2841 4482 3067 4538 Latinus
3103 4484 3273 4537 lector
3298 4484 3452 4536 inve-

176 4585 336 4638 deam
371 4581 734 4645 criminanti;
775 4596 843 4635 ne
872 4581 917 4635 si
946 4581 1232 4647 tacuerim,
1264 4553 1490 4636 'v'idear
1551 4553 1758 4636 crimen
1794 4553 1839 4610 D
1870 4576 2002 4628 niet.
2048 4573 2235 4626 Fidem
2274 4588 2428 4626 suam
2497 4588 2660 4642 quam
2713 4573 2913 4626 vocat?
2947 4573 3152 4628 Eamne
3183 4589 3288 4640 qua
3338 4573 3451 4627 llo-

181 4688 516 4743 agnoscere.
547 4670 628 4725 Ad
666 4687 805 4742 quas
835 4671 1122 4741 respondi.
1174 4671 1350 4726 lateor
1383 4689 1398 4726 :
1437 4684 1490 4727 et
1521 4673 1770 4740 quamvis

177 4766 369 4828 laesus,
401 4765 485 4818 sic
521 4763 775 4819 amicitia!
798 4762 920 4832 jura
947 4763 1189 4828 servavi.
1231 4775 1292 4817 ut
1333 4779 1417 4819 me
1453 4767 1571 4819 sine
1603 4781 1770 4818 aecu-

179 4859 360 4912 sautis
411 4857 767 4912 acrusatione
843 4856 1240 4922 defenderem;
1303 4865 1356 4911 et
1413 4860 1558 4926 quod
1625 4873 1769 4914 unus

181 4956 371 5006 ltoma
424 4951 639 5004 amicus
685 4947 986 5018 objecerat.
1025 4964 1053 5002 a
1111 4950 1297 5003 multis
1354 4949 1405 5002 in
1475 4958 1586 5003 toto
1637 4951 1770 5004 orbe

179 5045 423 5098 inimicis
457 5043 698 5096 dicerem
745 5041 1079 5111 jactitatum.
1139 5048 1196 5094 ut
1244 5057 1350 5094 ncu
1403 5041 1619 5094 viderer
1670 5042 1769 5096 ho-

180 5137 341 5199 mini.
375 5133 474 5188 sed
513 5133 840 5188 criminibus
870 5132 1233 5202 respondere.
1269 5132 1431 5187 Aliud
1463 5140 1568 5198 est,
1594 5133 1635 5186 si
1659 5147 1762 5202 pro

175 5232 300 5298 jure
353 5225 621 5282 amicitia:
686 5235 981 5278 accusatus
1041 5230 1228 5278 tacere
1282 5225 1466 5288 debui.
1529 5234 1583 5280 et
1636 5227 1765 5279 dum

181 5324 414 5376 lutatam
437 5319 611 5373 habeo
648 5315 841 5369 faciem
875 5315 913 5379 ⁸,
940 5324 1126 5385 atque,
1158 5325 1216 5370 ut
1245 5315 1317 5369 ita
1355 5317 1557 5381 dicam,
1602 5319 1769 5371 haere-

183 5416 294 5469 tico
327 5413 510 5467 fetore
537 5421 921 5478 conspersum,
975 5422 1042 5461 ne
1072 5406 1309 5476 simplici
1341 5409 1558 5476 quidem
1626 5425 1764 5477 aqua

255 5597 274 5628 ⁸
305 5591 609 5652 Victorius.
635 5597 685 5643 et
711 5589 932 5641 lutatam
961 5587 1024 5639 ab
1059 5603 1118 5640 eo
1145 5585 1361 5654 facient.
1397 5587 1610 5640 scilicet
1648 5585 1763 5636 ilu-

186 5665 317 5728 lino.
379 5678 482 5731 pro
534 5661 722 5731 habeo.
781 5657 1436 5731 Phrasiuﬂteronymus
1481 5660 1768 5731 videatur

185 5727 499 5802 sumpsisse
517 5748 582 5783 es
607 5730 862 5791 'l'atiauo.
896 5728 987 5796 qui
1009 5728 1088 5802 dc
1109 5729 1400 5802 Crescente
1439 5727 1767 5794 philosopho

184 5799 448 5872 scripsit.
507 5804 650 5868 quod
701 5801 942 5872 lutatatn
1008 5799 1256 5852 habuerit
1321 5799 1536 5859 lactem.
1595 5813 1768 5866 eaque

186 5869 414 5942 propter
440 5875 671 5941 sapienti
700 5869 1034 5923 indecorum.

1875 4681 2036 4719 mana
2079 4664 2241 4730 pollet
2273 4665 2516 4718 Ecclesia
2549 4665 2572 4717 ?
2608 4680 2674 4717 au
2702 4666 2872 4730 illam,
2910 4680 3028 4733 qua:
3087 4666 3138 4719 in
3199 4665 3451 4734 Origenis

1876 4758 2245 4813 voluminibus
2271 4756 2624 4810 continetur?
2653 4757 2706 4810 Si
2741 4758 3042 4810 Romanam
3085 4757 3448 4824 responderit.

1873 4867 2002 4920 ergo
2032 4851 2296 4905 Catholici
2326 4866 2538 4912 sumus.
2575 4850 2666 4918 qui
2701 4850 2834 4901 nihil
2873 4849 2937 4901 de
2969 4847 3225 4916 Origeuis
3249 4863 3440 4904 errore

1875 4943 2282 4999 trausmlimns.
2367 4943 2464 4996 Sin
2526 4952 2708 4996 autem
2775 4941 3029 5011 Origenis
3088 4941 3448 5011 blasphemia.

1874 5037 2009 5090 fides
2064 5037 2209 5089 illius
2252 5045 2384 5088 est;
2446 5035 2574 5088 dum
2633 5034 2765 5087 mihi
2803 5033 3187 5087 inconstantiae
3237 5033 3447 5087 crimen

1874 5130 2231 5196 impiugit.se
2264 5126 2582 5180 haereticum
2647 5126 2864 5196 probat.
2924 5123 3048 5178 Sive
3091 5125 3227 5177 bene
3280 5126 3451 5179 credit

1875 5221 2125 5275 laudator
2178 5236 2353 5283 meus.
2411 5219 2757 5274 confessione
2794 5233 2890 5273 sua
2945 5233 3030 5272 me
3100 5218 3333 5272 assumit
3394 5220 3446 5271 in

1873 5315 2123 5381 socium;
2166 5317 2279 5368 sive
2315 5314 2481 5376 male.
2521 5312 2762 5368 ostendit
2792 5327 2878 5366 me
2910 5310 3034 5365 ideo
3095 5320 3220 5363 ante
3260 5311 3447 5363 lauda-

1875 5419 2008 5471 tum,
2077 5406 2202 5474 quia
2261 5405 2582 5474 participem
2633 5403 2718 5458 sui
2766 5401 2994 5473 putabat
3051 5398 3277 5454 erroris.
3338 5399 3443 5452 Sed

1944 5586 1963 5614 ¹
2007 5581 2283 5644 Snperant
2338 5580 2632 5635 hodieuum
2692 5591 2802 5634 tres
2860 5594 2875 5632 :
2932 5581 2984 5633 in
3039 5595 3275 5647 quorum
3347 5579 3444 5633 ha-

1873 5655 2045 5774 pende
2097 5663 2182 5705 est
2215 5668 2442 5706 numero
2493 5653 2735 5722 Epistula
2782 5651 2848 5706 ad
2909 5653 3279 5705 Anastasinui.
3320 5650 3451 5705 Vide

1903 5725 2074 5774 'iram.

1943 5739 2074 5777 ram,

1943 5742 2074 5777 ram,

1921 5742 1964 5822 l'
1992 5791 2240 5846 Fortasse
2287 5792 2696 5849 rcs;ribendum
2746 5801 2848 5859 est,
2881 5793 3034 5844 Aliud
3074 5793 3118 5845 si
3168 5802 3449 5844 accusator

1878 5864 2140 5933 Origenis,
2175 5876 2284 5918 etc.
