4202 6490
706 430 808 497 419

1905 422 1966 485 S.
2004 421 2313 482 EUSEBII
2355 422 2801 498 lllERQNYNll

3876 418 3980 481 420

708 548 971 603 adversus
1006 543 1130 598 illos
1156 540 1324 595 libros
1382 538 1474 611 qui
1514 552 1609 608 per
1656 535 1889 609 angulos
1933 537 2201 607 garriunt.
2236 544 2289 590 et
2323 546 2364 601 Α
2396 539 2469 595 At:
2499 556 2564 593 ne
2594 556 2816 610 parvam
2860 540 3109 611 epistolis
3178 540 3435 599 haberem
3501 541 3684 604 Iidem,
3746 539 3983 592 misistis

711 644 910 699 furtiva
968 640 1325 695 accusatione
1388 652 1474 689 me
1509 637 1787 697 mordent,
1827 648 1952 684 cum
2004 630 2134 684 editi
2169 630 2286 684 iue-

712 739 843 800 rint,
882 744 935 789 et
964 734 1029 788 de
1060 732 1301 788 tenebris
1332 729 1399 784 ad
1447 729 1625 783 lucem
1668 722 2066 795 processerint,
2121 733 2289 789 atque

709 831 775 885 ad
802 844 904 885 nos
928 828 1009 883 vel
1046 827 1229 883 studio
1258 824 1516 885 fratrum,
1550 820 1648 874 vel
1691 816 2003 872 temeritate
2057 817 2287 871 remulo-

711 938 834 976 rtnn
902 922 1182 991 potuerint
1245 914 1572 987 pervenire,
1634 910 1967 979 respondere
2022 912 2286 965 coanhor.

710 1016 897 1085 Neque
947 1015 1094 1068 enim
1155 1023 1476 1077 magnopere
1530 1005 1862 1062 iormidandi
1928 1012 2095 1067 sunt,
2151 1018 2290 1070 quos

714 1108 908 1164 metuit
943 1115 1134 1162 auctor
1156 1118 1291 1159 suus
1319 1101 1549 1171 prodere
1592 1102 1640 1166 ',
1676 1109 1729 1153 et
1763 1106 1975 1152 tantum
2015 1094 2293 1151 conluuie-

716 1204 849 1259 ratis
875 1199 1133 1268 legendos
1164 1212 1287 1254 esse
1327 1194 1591 1252 drerevit.
1648 1191 1804 1247 Tunc
1839 1198 1934 1245 aut
1995 1204 2290 1260 agnOscam

715 1297 973 1360 crimina,
1031 1303 1127 1349 aut
1169 1293 1401 1352 diluam.
1462 1298 1555 1343 aut
1610 1288 1665 1341 in
1743 1292 2122 1340 accusatorem
2172 1298 2295 1352 qua

712 1399 841 1444 sunt
882 1388 1094 1458 objecta
1132 1385 1458 1450 retorquebo
1490 1398 1503 1435 :
1540 1390 1593 1433 ct
1640 1379 1926 1433 ostendam
1962 1376 2104 1447 quod
2164 1376 2297 1428 huc-

714 1498 888 1552 usque
961 1478 1237 1534 silendum
1312 1473 1595 1529 modestia
1671 1472 1878 1534 fuerit,
1963 1486 2068 1524 non
2157 1469 2297 1522 male

716 1573 1087 1630 conscientia.

786 1666 840 1720 5.
880 1666 1078 1719 Auctor
1109 1679 1218 1717 sese
1241 1669 1485 1716 excusat.
1530 1688 1601 1699 —-
1634 1654 1858 1713 Interim
1898 1653 2038 1720 apud
2067 1653 2294 1706 tacitum

717 1762 938 1816 lectoris
987 1759 1253 1828 judicium
1317 1762 1606 1825 purgatum
1680 1765 1764 1803 me
1840 1764 1964 1802 esse.
2019 1744 2189 1808 volui,
2246 1754 2300 1799 at

716 1856 1106 1927 gravissimum
1161 1853 1303 1905 inter
1360 1848 1567 1902 amicos
1650 1846 1857 1900 crimen
1915 1840 2180 1905 refellere,
2231 1853 2297 1891 ne

719 1948 869 2018 prior
892 1948 1101 2001 latsisse
1136 1943 1350 2005 videar,
1385 1940 1476 2010 qui
1510 1948 1566 1993 et
1601 1938 1920 1991 vulneratus
1946 1949 2291 2002 nequaquam
2332 1921 2369 1976 Β

722 2054 908 2097 contra
948 2044 1355 2109 persecutorem
1388 2033 1493 2088 tela
1524 2031 1738 2087 direxi;
1768 2029 1863 2084 sed
1909 2042 2030 2081 meo
2082 2033 2297 2077 tantum

725 2135 934 2189 vulneri
967 2130 1182 2186 admmi
1229 2141 1472 2182 manum.
1529 2125 1699 2191 Quem
1766 2122 1998 2174 obsecro
2055 2123 2139 2178 ut,
2178 2116 2302 2168 alts-

722 2244 829 2293 que
885 2223 1201 2294 pra-judicio
1247 2233 1631 2289 personarum,
1687 2212 1901 2282 culpam
1946 2210 1999 2262 in
2041 2224 2167 2263 eum
2223 2224 2308 2260 re-

728 2321 870 2375 {erat
910 2318 1002 2388 qui
1059 2313 1360 2369 lacessivit.
1397 2308 1506 2365 Nec
1563 2307 1769 2362 la‘sisse
1802 2313 2118 2367 contentus,
2146 2300 2302 2371 quasi

723 2415 990 2468 adversus
1051 2408 1324 2472 elinguem
1385 2416 1714 2470 semperque
1797 2397 2117 2459 taciturum,
2200 2408 2306 2447 tres

724 2502 1068 2560 elucubravit
1137 2500 1328 2554 libros.
1375 2507 1428 2550 et
1477 2493 1833 2552 ὰντιθέσεις¹
1891 2488 2179 2542 Marcionis
2244 2489 2307 2538 de

726 2602 862 2652 meis
898 2594 1179 2665 opusculis
1215 2590 1516 2643 fabricatus
1580 2594 1683 2638 est.
1750 2582 1925 2636 Gestit
1982 2581 2219 2641 animus,
2257 2587 2309 2629 ct

728 2692 876 2746 illius
952 2698 1179 2756 repente
1236 2682 1570 2735 doctrinam.
1627 2687 1679 2729 et
1739 2690 1911 2729 rurant
1972 2673 2303 2741 insperatam

727 2786 1043 2843 vecordiam
1126 2780 1290 2853 ἥ,θὲ
1359 2791 1711 2849 cognosrcre.
1822 2771 2080 2826 Fortasse
2158 2769 2304 2822 brevi

738 2893 988 2949 tempore
1021 2876 1239 2938 didicit,
1270 2872 1413 2941 quod
1450 2887 1550 2925 nos
1594 2870 1791 2923 docere
1826 2867 2054 2930 debeat;
2080 2872 2134 2917 et
2162 2862 2305 2929 quod

731 2976 886 3028 illum
948 2971 1091 3025 scire
1138 2967 1322 3021 nullus
1386 2965 1631 3035 putabat,
1689 2961 1929 3015 Suliiturn
1988 2958 2310 3024 eloquentia:

733 3068 933 3122 ﬂumen
999 3062 1276 3117 otendet.
1326 3060 1417 3114 Sic
1442 3068 1594 3126 pater
1632 3055 1721 3109 ille
1767 3057 1931 3107 Deum
1969 3052 2137 3121 faciat
2175 3066 2193 3103 :
2234 3051 2311 3102 sic

733 3176 954 3229 magnus
994 3155 1139 3211 Iesus
1170 3154 1271 3225 (Ex
1316 3150 1535 3205 Ἶιιῦιι.
1586 3149 1737 3204 lib.x'
1773 3146 2041 3215 xEueid.).
2081 3142 2312 3211 Incipiat

730 3253 985 3309 conferre
1022 3262 1267 3302 manum.
1305 3244 1570 3310 Quamvis
1603 3240 1886 3296 libraverit
1942 3236 2307 3291 accusationi:

734 3363 845 3402 sua:
890 3348 1098 3406 hastas,
1131 3350 1184 3396 et
1220 3341 1348 3394 totis
1385 3338 1675 3392 adversum
1700 3352 1800 3389 nos
1831 3335 2041 3388 viribus
2072 3334 2308 3387 intorse-

736 3438 824 3498 rit.
855 3437 1135 3491 credimus
1167 3434 1222 3488 in
1258 3431 1551 3487 Dominum
1589 3430 1957 3492 Salvatorem,
1990 3427 2133 3495 quod
2154 3433 2311 3480 scuto

734 3522 1100 3582 circumdabit
1131 3542 1229 3578 nos
1264 3524 1467 3577 veritas
1525 3520 1676 3589 ejus:
1732 3529 1789 3573 et
1836 3535 1959 3573 cum
2024 3517 2311 3573 Psalmista

735 3629 965 3673 cantare
1029 3617 1363 3685 poterimus:
1426 3631 1443 3661 ι
1491 3609 1713 3679 Sagittae
1748 3609 2099 3675 parvulorum
2157 3606 2313 3659 facta:

736 3696 862 3765 sunt
896 3713 1066 3781 plagas
1101 3723 1291 3760 eorum
1333 3704 1508 3775 (Prol.
1542 3717 1700 3766 LIIII,
1732 3701 1848 3769 8).»
1908 3701 1992 3759 Et.
2031 3720 2047 3751 ι
2089 3699 2143 3752 Si
2176 3716 2314 3753 con-

737 3804 982 3860 stiterint
1035 3802 1326 3855 adversum
1396 3813 1480 3851 me
1534 3804 1735 3860 eastra,
1784 3809 1890 3846 non
1959 3794 2171 3846 timebit
2222 3808 2317 3845 cor

741 3914 943 3953 meum.
979 3895 1032 3949 Si
1071 3894 1286 3947 steterit
1315 3891 1603 3944 adversum
1644 3906 1727 3941 me
1786 3886 2057 3954 praelium,
2115 3886 2168 3937 in
2214 3885 2316 3937 hoc

740 4014 843 4065 ego
877 3994 1110 4062 sperabo
1146 3988 1317 4056 (Ρεαι.
1345 3986 1588 4049 xxi/L15).
1639 4003 1657 4034 ›
1700 3983 1804 4037 Sed
1836 3984 1949 4036 hac
1975 3981 2135 4035 alias.
2164 3980 2315 4034 Nunc

738 4092 803 4145 ad
851 4090 896 4139 id
928 4090 1072 4150 quod
1118 4083 1412 4149 cmpiinns,
1447 4088 1811 4132 revertamur.

810 4179 862 4231 6.
931 4177 1039 4231 Cur
1087 4175 1273 4228 Latine
1345 4170 1560 4225 verterit
1633 4167 1875 4237 Origenis
1915 4163 2313 4233 περὶἈρχῶν.

746 4270 1000 4339 Didymus
1034 4276 1395 4335 propugnator
1453 4260 1713 4327 Origeuis.
1754 4288 1826 4299 —
1887 4256 2175 4325 Objiciunt
2207 4257 2309 4308 mi-

743 4367 796 4418 hi
860 4371 1164 4418 sectatores
1205 4358 1346 4423 ejus.
1407 4354 1736 4421 cerealiaque
1794 4366 1945 4403 arma
2016 4347 2316 4418 Expediunt

742 4458 868 4528 fessi
927 4470 1102 4510 rerum
1168 4449 1403 4522 (/Eucid.
1449 4448 1545 4501 lib.
1580 4446 1641 4511 Il,
1696 4460 1869 4514 quare
1913 4442 2050 4511 περὶ
2105 4442 2315 4512 ’Λρχῶν

742 4551 912 4605 libros
982 4546 1239 4613 Origenis
1320 4541 1537 4602 noxios,
1624 4549 1679 4591 et
1745 4536 2133 4590 ecclesiastica
2194 4534 2312 4587 lidei

2392 634 2727 703 exemplaria
2758 635 3003 704 ejusdem
3038 635 3439 695 translationis.
3475 650 3599 689 cum
3656 630 3987 705 prmfatiun-

2392 728 2513 782 cnla
2548 726 2851 780 laudatrice
2884 744 3024 782 mea.
3058 727 3188 794 Quae
3213 742 3337 780 cum
3381 726 3657 796 legissem,
3714 722 3985 778 contulis-

2393 835 2617 889 semqne
2649 836 2773 874 cum
2811 818 3029 882 (ἶνα-(ιο,
3076 820 3223 875 illico
3281 819 3637 873 aninadverti
3679 832 3803 887 quae
3857 815 3982 867 Ori-

2392 929 2559 983 genes
2595 914 2659 969 de
2702 911 2864 967 Patre
2907 921 2960 967 et
3012 913 3151 967 Filio
3194 922 3251 966 et
3286 912 3492 982 Spiritu
3555 921 3750 964 sancto
3812 909 3985 977 impie

2394 1006 2606 1061 dixerat
2643 1025 2655 1073 ;
2691 1016 2743 1061 et
2775 1022 2901 1077 quae
2933 1006 3195 1061 Romanae
3218 1021 3383 1061 aures
3403 1004 3547 1059 ferre
3567 1020 3674 1058 ncn
3700 1013 3983 1073 poterant.

2397 1099 2450 1154 in
2513 1102 2796 1155 meliorem
2860 1109 3070 1170 partem
3133 1100 3201 1152 ab
3266 1098 3566 1165 interprete
3615 1101 3983 1149 commutata.

2396 1194 2602 1249 Catera
2628 1205 2811 1249 autem
2848 1193 3130 1265 dogmata.
3162 1192 3232 1246 de
3295 1190 3620 1261 angelorum
3687 1188 3871 1249 ruina,
3913 1187 3985 1238 de

2399 1290 2707 1341 animarum
2736 1289 2913 1357 lapsu,
2949 1288 3017 1341 de
3069 1285 3494 1341 resurrectionis
3542 1282 3859 1353 praestigiis,
3914 1280 3986 1332 de

2402 1383 2608 1437 mundo
2676 1381 2756 1434 vel
2806 1381 3191 1435 intermundiis
3222 1378 3466 1450 Epicuri,
3503 1377 3571 1431 de
3633 1374 3986 1429 restitutione

2399 1475 2640 1530 omnium
2677 1475 2728 1526 in
2766 1472 3033 1542 aequalem
3102 1480 3329 1531 statum,
3380 1480 3435 1524 et
3479 1468 3651 1522 multo
3701 1468 3788 1520 his
3834 1464 3987 1518 dete-

2400 1567 2545 1621 riora
2576 1582 2736 1633 ;qu-.r
2769 1566 2989 1633 longum
3021 1573 3167 1619 esset
3202 1574 3472 1626 retexere,
3494 1562 3578 1616 vel
3612 1562 3684 1614 ita
3721 1557 3984 1614 vertisse.

2404 1660 2559 1713 utin
2617 1657 2809 1714 ϐω)εο
2870 1659 3174 1724 invenerat,
3240 1657 3325 1711 vel
3385 1665 3452 1711 de
3497 1652 3987 1709 Commentariolis

2403 1752 2654 1823 Didymi,
2709 1752 2799 1821 qni
2865 1750 3118 1820 Origenis
3178 1749 3562 1819 apertissimus
3608 1753 3988 1817 propugnator

2402 1857 2507 1906 est,
2548 1853 2872 1914 exaggerata
2907 1854 2958 1896 et
3011 1842 3258 1896 ﬁrmiora
3315 1841 3619 1911 posuisse:
3671 1849 3732 1895 ut
3774 1839 3871 1909 qui
3930 1839 3987 1890 in

2402 1936 2675 1992 Trinitate
2725 1936 3057 1991 catholicum
3113 1933 3341 2005 legerat,
3397 1935 3449 1987 in
3482 1934 3605 1986 aliis
3662 1931 3987 1986 hereticum

2410 2045 2515 2081 non
2550 2039 2790 2083 caveret.

2480 2120 2532 2177 7.
2566 2124 2716 2175 Alius
2768 2120 3018 2182 forsitan,
3055 2120 3148 2189 qui
3194 2136 3304 2174 non
3361 2128 3508 2175 esset
3565 2119 3775 2172 anticus
3841 2118 3990 2185 ejus.

2410 2214 2615 2266 diceret
2658 2220 2796 2267 :aut
2831 2221 3004 2265 totum
3062 2221 3232 2274 Inuta,
3271 2211 3415 2278 quod
3463 2210 3663 2262 malum
3708 2218 3839 2276 est;
3897 2218 3994 2260 aut

2409 2313 2584 2357 totum
2645 2304 2832 2373 prode,
2884 2304 3026 2370 quod
3086 2304 3352 2371 optimum
3417 2311 3601 2371 putas.
3661 2302 3715 2356 Si
3762 2312 3995 2371 propter

2410 2395 2692 2464 sin-plices
2744 2397 2907 2449 noxia
2938 2410 3171 2464 queque
3219 2397 3536 2456 detruncas,
3565 2403 3618 2447 et
3646 2408 3708 2446 ea
3761 2409 3885 2463 quae
3923 2397 3993 2445 ait

2411 2485 2684 2539 haereticis
2724 2485 2911 2538 addita
2950 2485 3180 2539 simulas
3220 2485 3264 2546 ³.
3333 2485 3387 2538 in
3433 2484 3596 2557 5,63
3636 2486 3992 2555 peregrinum

2414 2594 2519 2631 non
2560 2580 2641 2633 vis
2675 2576 2977 2631 transferre
3026 2592 3363 2639 sermonem,
3421 2579 3556 2632 cedo
3585 2579 3851 2646 quidquid
3910 2590 3997 2631 est

2415 2670 2659 2721 noxium.
2688 2668 2785 2722 Siti
2830 2680 3013 2722 autem
3051 2669 3302 2723 veritatis
3335 2668 3495 2723 ﬁdem
3527 2672 3582 2723 in
3627 2669 3995 2723 translatione

2412 2778 2735 2828 conservas,
2770 2779 2869 2816 cur
2894 2763 2998 2816 alia
3027 2772 3231 2829 mutas,
3264 2773 3317 2816 et
3343 2763 3446 2816 alia
3488 2763 3723 2817 dimittis
3759 2761 3998 2817 intacta?

2413 2856 2741 2923 Quanquam
2779 2864 2965 2923 aperta
3000 2853 3281 2909 coiifesaio
3313 2864 3399 2909 est
3424 2856 3474 2906 in
3499 2854 3688 2908 eodem
3722 2854 3996 2924 Prologo,

2414 2949 2740 3001 emendasse
2765 2955 2815 3002 te
2842 2963 3028 3017 prava,
3087 2957 3140 3001 et
3164 2950 3373 3015 optima
3410 2947 3716 3017 reliquisse.
3758 2948 3838 3001 Es
3887 2964 3998 3017 quo

2416 3053 2521 3092 non
2559 3039 2874 3107 interpretis
2909 3039 3183 3097 libertate.
3224 3040 3319 3093 sed
3346 3040 3633 3108 scriptoris
3661 3040 3997 3095 auctoritate

2416 3130 2715 3192 teneberis,
2748 3131 2790 3183 si
2824 3131 2956 3198 quid
3016 3131 3070 3185 in
3111 3132 3195 3184 his
3226 3146 3348 3197 quas
3398 3131 3637 3196 vertisti,
3672 3132 3995 3187 haece-ticum

2416 3223 2849 3292 comprobetur;
2922 3232 2978 3278 et
3061 3223 3341 3278 manifesti
3393 3224 3647 3279 criminis
3712 3227 3997 3295 argueris.

2418 3316 2623 3371 idcirco
2649 3329 2700 3370 te
2734 3318 2923 3372 veneni
2957 3319 3184 3372 calicem
3239 3318 3628 3373 cireumlinere
3678 3320 3842 3373 melle
3898 3336 4003 3372 vo-

2418 3410 2607 3471 luisse,
2635 3417 2692 3463 ut
2735 3411 2993 3465 simulata
3016 3411 3277 3473 dulcedo,
3307 3412 3458 3465 virus
3498 3413 3799 3481 pessimum
3855 3422 4004 3482 tege-

2419 3510 2523 3555 ret.
2550 3501 2673 3555 Hec
2698 3511 2752 3556 et
2779 3504 2954 3557 multo
2978 3494 3065 3558 hi's
3101 3504 3330 3558 duriora
3363 3504 3621 3575 inimicus
3642 3505 3855 3560 diceret
3888 3522 3905 3572 ;
3947 3516 4007 3567 et

2420 3608 2493 3663 te,
2528 3612 2636 3650 non
2670 3605 2727 3649 ut
2757 3596 3106 3661 interpretem
3138 3598 3264 3651 ntali
3292 3598 3500 3668 operis,
3543 3599 3635 3653 sed
3689 3608 3749 3651 ut
3779 3598 3969 3667 astipu
3990 3627 4005 3638 -

2422 3691 2651 3746 latorem
2675 3691 2729 3745 in
2755 3691 2844 3759 jus
2871 3690 3415 3745 Ecclesimtralieret.
3439 3691 3552 3758 Ego
3580 3700 3763 3744 autem
3795 3696 4008 3744 memet

2420 3794 2635 3837 tantum
2717 3784 3030 3840 defendisse
3118 3793 3455 3847 contentus,
3510 3784 3562 3837 in
3628 3782 3784 3836 libris
3867 3780 4008 3851 περὶ

2434 3877 2648 3947 Ἀρχῶν
2683 3875 3009 3945 simpliciter
3033 3874 3181 3945 quod
3242 3876 3295 3927 iu
3340 3874 3531 3928 Graeco
3563 3875 3871 3928 habebatur
3908 3890 4008 3927 ea-

2420 3970 2594 4038 pressi
2628 3985 2644 4034 ;
2681 3984 2786 4022 non
2830 3979 2887 4021 ut
2918 3970 3171 4021 crederet
3199 3968 3267 4021 lea
3290 3976 3378 4019 tor
3414 3970 3495 4021 his
3518 3984 3642 4037 qua
3668 3968 4009 4036 interpreta-

2423 4066 2557 4129 ιηπς
2592 4064 2689 4118 ς,ρά
2732 4080 2798 4117 ηε
2841 4063 3095 4118 crederet
3127 4061 3255 4123 illis,
3299 4076 3419 4129 quas
3457 4071 3513 4114 tu
3542 4068 3671 4113 ante
3700 4062 4009 4116 transtule-

2425 4174 2535 4211 ras.
2569 4157 2856 4226 Duplexin
2913 4174 3077 4226 opere
3128 4170 3249 4210 meo
3304 4155 3509 4209 utilitas
3564 4154 3688 4215 fuit.
3754 4156 3889 4208 dum
3948 4166 4005 4209 et

2425 4248 2717 4304 haereticus
2753 4259 2948 4303 auctor
2980 4248 3255 4316 proditur,
3287 4257 3342 4301 et
3376 4263 3485 4301 non
3518 4262 3680 4300 verus
3721 4246 4006 4316 interpres

2422 4343 2695 4409 arguitur.
2724 4341 2803 4396 Ac
2846 4341 3068 4410 nequis
3119 4357 3205 4394 me
3258 4348 3483 4407 putaret
3545 4340 3629 4392 his
3684 4341 4010 4394 consentire

2422 4450 2545 4504 qua:
2584 4444 2878 4496 verteram,
2918 4431 3390 4502 interpretatioiais
3428 4432 3812 4485 necessitatem
3864 4446 4011 4500 pra:-

2419 4526 2633 4583 fatione
2661 4527 2894 4592 munivi,
2937 4536 2991 4581 et
3015 4526 3178 4581 docui
3228 4524 3427 4594 quibus
3453 4530 3621 4578 lector
3644 4540 3753 4578 non
3773 4525 4009 4579 deberet

744 4647 1138 4709 repugnantes,
1178 4638 1230 4687 in
1283 4632 1541 4686 Latinum
1582 4644 1889 4683 sermonum
1926 4627 2203 4679 verterint.
2238 4625 2311 4678 Ad
2349 4630 2391 4682 D
2421 4621 2667 4673 credere.
2701 4619 2859 4672 Prior
2889 4619 3178 4672 translatio
3210 4617 3428 4669 laudem
3461 4616 3703 4669 auctoris
3722 4618 4007 4679 continet;

745 4745 882 4799 quos
908 4726 1088 4780 brevis
1123 4734 1176 4776 et
1207 4724 1484 4775 succincta
1524 4717 1811 4785 responsio
1855 4726 1982 4769 est:
2017 4714 2148 4768 Tua
2209 4730 2314 4775 me.

746 4824 911 4876 frater
932 4814 1273 4875 Pannnaehi,
1303 4823 1357 4863 et
1388 4820 1606 4863 tuorum
1653 4808 1843 4860 littera:
1908 4806 2313 4874 compulerunt,

744 4915 991 4968 dicentes
1022 4909 1143 4961 illos
1174 4907 1242 4959 ab
1280 4904 1385 4956 alio
1420 4901 1801 4955 l'raitduleuter
1820 4914 1945 4952 esse
1993 4898 2312 4964 translatos,

745 5023 798 5066 et
826 5006 1151 5077 interpolata
1203 5000 1491 5064 nonnulla,
1527 5008 1581 5051 et
1608 4997 1691 5050 vel
1730 4995 1915 5049 addita
1964 4993 2047 5047 vel
2082 5003 2314 5049 mutata.

823 5149 839 5179 ¹
872 5144 1116 5200 Invctcri
1151 5141 1307 5203 edit.,
1344 5138 1459 5190 suis
1493 5136 1748 5203 pandere.

821 5219 841 5248 ’
878 5216 944 5268 Et
974 5200 1303 5271 ἁντιῢέσειςξ
1338 5200 1712 5274 l’rodigiosnin
1787 5200 2070 5261 mendum,
2117 5202 2317 5274 inquit

751 5288 997 5343 Gravius
1047 5284 1100 5335 in
1171 5284 1313 5333 hunc
1366 5272 1543 5330 locum
1582 5292 1597 5328 :
1640 5282 1693 5327 et
1736 5287 1885 5343 vere“
1918 5272 2313 5341 prodigiosum,

751 5341 893 5426 quod
935 5352 1143 5407 lirasmi
1202 5353 1606 5426 phantasma-ta,
1661 5358 1766 5395 non
1828 5341 2313 5411 Hierouymianum

750 5415 1064 5481 contextum
1104 5415 1472 5488 repraesentat.
1510 5415 1777 5488 Praeterea
1831 5428 2024 5488 omnes
2057 5428 2185 5465 Inss.
2224 5426 2318 5488 co:

752 5500 901 5551 dices
958 5481 1197 5546 retinent
1250 5504 1354 5541 non
1406 5486 1783 5539 Erasmianum
1843 5481 2157 5551 apvttbsztc,
2221 5481 2314 5533 Sed

756 5550 1039 5620 Marcionis
1098 5559 1442 5618 avttbéasc,
1508 5556 1576 5607 de
1636 5555 1837 5621 quibus
1916 5550 2311 5613 Tet'tullianus,

757 5639 891 5689 libro
925 5651 936 5687 l
970 5634 1169 5687 Contra
1204 5628 1538 5682 llarciouem
1570 5641 1587 5677 :
1629 5624 1760 5675 Nam
1824 5623 1904 5674 hae
1935 5631 2063 5675 sunt
2104 5622 2314 5673 ἐντιθέ-

755 5723 869 5765 ce;
906 5705 1207 5761 Marcionis,
1235 5713 1357 5767 quia
1376 5692 1998 5767 conanturdiocOrdiam
2038 5690 2311 5767 Evangelii

753 5760 874 5831 cum
905 5778 1017 5837 lege
1045 5760 1403 5825 emuniit-tere.
1438 5786 1455 5837 η
1496 5766 1944 5837 Deinde_lib._t_v:
2003 5780 2020 5811 ι
2059 5760 2208 5827 Opus
2242 5776 2310 5837 es

754 5832 1196 5897 contrarietatem
1225 5836 1661 5907 oppositionihus
1700 5832 2006 5907 ἀντιθέσεις
2032 5833 2313 5907 cognomi-

755 5928 959 5977 Italum,
998 5924 1049 5966 et
1102 5914 1166 5964 ad
1202 5901 1598 5979 separationcm
1648 5903 1783 5972 legis
1843 5901 2119 5970 Evangelii
2184 5914 2313 5954 coa-

2422 4715 2663 4766 secunda
2691 4713 3172 4779 vituperationem.
3204 4708 3296 4762 Illa
3332 4710 3587 4764 lectorem
3630 4721 3899 4774 provocat
3932 4714 4003 4765 ad

2419 4805 2757 4860 credendum
2793 4821 2807 4856 :
2842 4805 2943 4857 ista
2970 4805 3035 4856 ad
3076 4820 3183 4856 non
3219 4804 3552 4857 credendum
3586 4813 3791 4857 movet.
3836 4804 3918 4858 ibi
3949 4816 4007 4857 et

2419 4913 2521 4964 ego
2557 4898 2762 4952 invitus
2798 4897 3054 4951 laudator
3092 4911 3354 4950 assumor
3384 4911 3399 4962 ;
3440 4897 3525 4950 hic
3548 4898 3597 4950 in
3630 4906 3848 4950 tantum
3890 4914 4005 4952 non

2422 4991 2582 5046 laudo
2627 5007 2790 5061 quem
2833 4991 3135 5052 transfero,
3166 5000 3220 5042 ut
3257 5005 3422 5059 cogar
3469 5004 3735 5043 accusare
3765 4990 4011 5046 laudan-

2423 5138 2591 5181 ctmn.
2631 5146 2649 5177 ι
2693 5126 2913 5178 Similes
2948 5127 3255 5178 contrarias
3324 5124 3700 5190 oppositiones
3742 5138 3808 5175 ex
3855 5139 4005 5191 opu-

2423 5197 2559 5251 senii
2593 5198 2906 5266 Hieronymi
2958 5195 3257 5248 fabricatus
3284 5202 3367 5247 est
3417 5191 3672 5253 Rutilius,
3705 5204 3760 5244 ut
3800 5206 4008 5246 aucto-

2423 5282 2535 5320 rem
2563 5268 2664 5321 sibi
2684 5266 3017 5320 contrarium
3055 5281 3117 5318 ac
3145 5281 3335 5331 parum
3369 5274 3707 5317 constantem
3727 5266 4003 5317 ostende.

2426 5348 2508 5390 ret
2581 5340 2630 5389 in
2700 5351 2868 5389 causa
2930 5345 2984 5389 et
3037 5335 3288 5403 Orig-"nis
3341 5334 3521 5387 laude.
3593 5333 3874 5386 Intuli.
3930 5363 4005 5375 —-

2423 5409 2736 5461 Antitheses
2762 5405 2895 5460 Novi
2940 5415 2994 5459 et
3021 5405 3227 5459 Veteris
3259 5404 3597 5458 'l‘estamruti
3634 5405 3832 5457 titulus
3866 5403 4004 5457 libri

2422 5489 2523 5539 est,
2560 5494 2720 5545 quem
2749 5477 2989 5530 Marcion
3019 5478 3284 5542 oppositis
3318 5475 3484 5544 Moysi
3519 5484 3571 5527 et
3618 5473 3845 5528 Christo
3871 5489 4005 5526 seu-

2425 5548 2613 5601 tcntiis
2643 5551 2950 5616 composuit
2982 5562 2998 5611 ;
3034 5546 3408 5600 Tertullianus
3430 5561 3553 5596 cum
3584 5544 3778 5613 primis
3811 5545 4002 5598 inmu-

2422 5623 2625 5686 gnavit.
2671 5617 2812 5671 Olim
2845 5627 2963 5670 erat
2998 5617 3291 5686 ὰρτιώσεις
3330 5616 3525 5675 :lalsu.

2493 5689 2514 5718 ³
2539 5687 2593 5739 lu
2625 5687 2789 5742 veteri
2822 5687 2981 5749 edit.,
3008 5683 3188 5738 Noxia
3213 5702 3274 5753 qu
3287 5701 3428 5752 rqu
3446 5695 3506 5735 ue
3525 5683 3782 5737 hcreticis
3809 5685 4006 5736 addita

2420 5759 2664 5811 simulas.
2713 5758 2809 5810 llic
2840 5772 2967 5809 vero
2994 5773 3090 5823 pro
3136 5760 3285 5821 cedo,
3316 5756 3458 5822 quod
3490 5770 3555 5807 ex
3604 5757 3791 5806 eadem
3824 5760 4005 5807 veteri

2423 5832 2743 5895 recepimus,
2774 5828 3086 5883 Victorinus
3138 5829 3276 5881 ctcde
3325 5827 3551 5895 legerat,
3590 5825 3781 5878 vitiose
3814 5839 4005 5879 autem

2424 5897 2767 5953 Marltauteus
2805 5897 2946 5950 cede.
