4202 6490
797 394 906 460 428

1981 393 2044 456 S.
2073 393 2385 455 EUSEBII
2425 391 2868 453 IIIERONYMI

3951 376 4052 441 (21

797 510 1053 566 Veterum
1094 517 1274 563 autem
1329 515 1593 561 tractatus
1628 506 1957 576 st-riptorutn
1993 507 2206 576 legebat
2253 517 2368 561 stu-
2399 516 2439 568 Λ
2472 507 2825 576 Temporum,
2860 505 2911 558 in
2945 500 3314 571 descr'ptione
3345 497 3560 553 Sancte
3600 494 3783 550 Tcrrm
3809 511 3824 560 ;
3855 504 3909 548 ct
3941 495 4052 548 hanc

794 601 1128 668 diosissime,
1154 613 1207 657 et
1240 602 1288 654 in
1315 608 1516 654 eorunt‘
1546 601 1902 654 meditatione
1931 597 2134 668 iugiter
2162 614 2356 652 versa-

795 699 976 751 batur.
1027 715 1046 749 ι

867 789 954 844 10.
996 789 1314 856 Theophilus
1337 796 1385 840 ct
1411 787 1729 841 Anastasius
1754 785 2028 854 Origenem
2059 787 2365 842 luereticum

795 883 1065 937 dicebant.
1101 898 1171 922 —'
1209 880 1471 936 Defensor
1511 879 1784 949 Origenis,
1818 889 1870 932 ct
1923 880 2177 935 laudator
2210 880 2367 935 Pam-

799 977 952 1044 phili,
1013 975 1147 1029 dicit
1203 973 1542 1045 Pamphilum
1599 973 1729 1026 nihil
1777 975 2001 1028 omnino
2051 976 2361 1041 scripsisse,

800 1085 899 1122 nec
934 1067 1138 1137 pr0prii
1164 1068 1462 1137 quidquam
1499 1066 1815 1120 cOmIidisse
1847 1067 2139 1122 sermonis.
2169 1065 2233 1119 Et
2264 1068 2366 1121 hoc

796 1160 927 1213 dic-it
955 1160 1065 1227 jam
1105 1159 1676 1228 Pamphilomartyrio
1723 1167 2010 1222 coroziato,
2051 1174 2118 1212 nc
2161 1159 2366 1212 habeas

796 1253 1094 1319 stsﬂ'ttgium
1135 1264 1252 1322 post
1285 1251 1462 1305 editos
1493 1250 1560 1301 ah
1593 1249 1832 1304 Eusi‘bio
1855 1250 2046 1314 libros,
2087 1250 2189 1304 hoe
2211 1248 2369 1303 Pam-

799 1346 1003 1414 philum
1040 1346 1345 1416 scripsisse.
1382 1343 1518 1408 Quid
1558 1341 1761 1397 facies?
1798 1343 1873 1396 Eo
1898 1343 2034 1395 libro
2067 1357 2230 1410 quem
2265 1345 2367 1396 sub

799 1439 1024 1494 nomine
1088 1438 1346 1508 martyris
1401 1437 1644 1500 edidisti,
1691 1439 1990 1490 vulnerant:
2057 1445 2186 1491 sunt
2235 1453 2369 1491 con-

798 1533 1043 1585 scientia
1102 1533 1494 1600 plurimorum.
1527 1528 1646 1585 Non
1683 1531 1824 1584 valet
1857 1533 1996 1598 apud
2061 1545 2155 1584 cos
2208 1545 2371 1599 snpcr

797 1623 1051 1692 Origenis
1073 1623 1422 1678 damnatione
1447 1625 1827 1691 episcoporum
1860 1625 2177 1684 auctoritas,
2203 1640 2365 1691 quem

796 1724 988 1787 putant
1019 1730 1049 1768 a
1084 1725 1326 1786 martyre
1377 1715 1760 1786 [ιιει-ιιιςιιιιιιιι.
1827 1714 1966 1779 Quid
2029 1714 2223 1768 lacient
2258 1717 2372 1782 epi-

795 1807 949 1860 stolae
972 1806 1259 1878 Theophili
1287 1806 1572 1876 episcopi?
1608 1806 1737 1876 quid
1795 1821 1947 1876 papae
1999 1809 2272 1861 Anastasii
2312 1808 2364 1858 in

2475 609 2590 676 ipsa
2628 602 2889 671 Opuscula
2919 601 2970 652 in
3007 597 3260 651 Latinum
3316 605 3538 649 vertens
3563 594 3605 658 ‘,
3665 606 3798 645 mea:
3851 588 4056 658 linguae

2475 698 2790 755 hominibus
2848 693 2996 748 dedi.
3031 691 3165 745 Nutu
3217 705 3282 744 es
3343 702 3410 742 co
3441 687 3683 741 Arianus
3729 699 3883 748 sum,
3923 681 4053 750 quia

2472 791 2743 846 Eusebius
2773 787 2866 859 qui
2903 787 3006 842 hos
3034 784 3204 841 libros
3231 781 3499 847 condidit,
3542 779 3778 835 Arianus
3823 775 3958 831 est?
3997 772 4053 828 Si

2471 901 2638 940 ausus
2715 883 2883 938 fueris
2942 879 3109 952 467
3142 894 3228 934 me
3288 877 3608 932 hzereticum
3675 874 3879 934 dicere.
3938 884 4054 923 me-

2470 989 2659 1035 mcnto
2723 975 3160 1030 Priefatiuucnlze
3209 969 3613 1045 περἰἎρχῶν.
3648 966 3700 1020 in
3766 981 3874 1036 qua
3929 961 4054 1018 ﬁdei

2472 1081 2578 1126 tua:
2601 1086 2688 1126 me
2720 1086 2843 1124 esse
2874 1070 3089 1123 testaris
3125 1083 3144 1134 ;
3217 1063 3490 1133 simulque
3536 1061 3767 1117 obsecro
3821 1065 3884 1111 ut
3923 1055 4061 1110 ami-

2469 1182 2597 1220 cum
2687 1163 2963 1231 quondam
3043 1171 3193 1216 tuum
3264 1154 3702 1227 expostulantem
3784 1149 4062 1222 patienter

2471 1257 2687 1312 audias.
2717 1257 2921 1311 Contra
2976 1255 3113 1309 alios
3156 1252 3494 1324 digladiaris,
3536 1255 3633 1304 aut
3680 1245 3816 1302 focis
3849 1243 4063 1301 calum-

2471 1350 2639 1413 niam,
2669 1357 2762 1401 aut
2793 1347 3017 1416 pateris.
3051 1344 3200 1411 Quos
3230 1358 3462 1398 accusas
3482 1380 3498 1406 ,
3526 1347 3578 1396 et
3609 1356 3638 1395 ι
3665 1338 3866 1410 quibus
3896 1350 4057 1390 accu-

2471 1441 2635 1508 saris,
2664 1441 2876 1495 ordinis
2916 1437 2995 1494 tui
3038 1447 3210 1494 sunt:
3268 1444 3421 1491 recte
3463 1450 3530 1489 an
3587 1445 3919 1504 perperam,
3963 1441 4062 1489 vos

2473 1535 2745 1590 videritis.
2780 1533 2911 1587 Mihi
2968 1533 3134 1586 etiam
3191 1547 3318 1586 vera
3374 1528 3659 1583 accusatio
3698 1533 3899 1580 contra
3956 1520 4038 1572 ira

2473 1631 2606 1676 trem
2637 1620 2910 1689 displicet,
2944 1635 3041 1674 nec
3070 1618 3412 1688 reprehendo
3448 1618 3608 1683 alios,
3635 1616 3729 1671 sed
3764 1613 3894 1668 dico
3927 1608 4062 1680 quid

2475 1714 2594 1782 ipse
2630 1729 2740 1767 non
2787 1713 3046 1767 facerem.
3085 1712 3277 1768 Tantis
3303 1711 3496 1781 spatiis
3530 1720 3802 1764 terrarum
3831 1720 4064 1772 separa-

2477 1816 2562 1859 tus
2599 1807 2729 1874 quid
2772 1806 2996 1869 peccavi
3041 1805 3092 1859 in
3130 1805 3224 1860 te?
3255 1804 3384 1875 quid
3422 1800 3770 1859 commerui?
3807 1801 3890 1853 Αιι
3934 1801 4062 1866 quia

794 1908 911 1954 toto
969 1904 1104 1955 orbe
1161 1901 1474 1954 hmretieum
1529 1910 1962 1969 persequentes,
2020 1917 2142 1954 cum
2201 1899 2369 1972 466
2406 1867 2442 1919 Β
2477 1899 2822 1967 Origenisten
2859 1915 2943 1952 tne
2992 1913 3100 1952 non
3146 1912 3270 1953 esse
3307 1895 3608 1965 respondi?
3651 1892 3914 1962 Nunquid
3970 1895 4062 1941 dc.-

796 1996 934 2050 liber
969 2005 1097 2051 tuus
1127 1995 1229 2051 sub
1259 1996 1481 2051 nomine
1511 1995 1776 2063 Pamphili
1801 1997 1980 2050 editus
2009 2006 2208 2066 pugnet
2234 2013 2368 2050 con-

796 2095 879 2142 tra
904 2089 1164 2157 epistolas
1196 2103 1408 2150 eorum,
1433 2097 1486 2143 et
1520 2087 1816 2156 episcopali
1856 2089 2065 2142 nomini
2121 2090 2367 2144 tcstimo~

796 2180 946 2233 nium
967 2181 1224 2252 martyris
1247 2180 1579 2250 opponatur?
1605 2180 1757 2245 Quod
1781 2179 1958 2237 fecisti
1988 2183 2040 2235 in
2065 2182 2218 2236 libris
2239 2183 2371 2252 περὶ

796 2273 1030 2343 Ἀρχῶν,
1063 2273 1165 2327 hoc
1199 2272 1364 2327 facito
1396 2282 1451 2327 et
1515 2272 1569 2326 in
1623 2273 1728 2328 isto
1773 2273 2048 2328 volumine
2107 2275 2368 2342 ψευδεπι-

795 2364 1015 2434 γράφῳ.
1055 2364 1190 2418 Audi
1241 2363 1535 2417 consilium
1597 2364 1778 2430 amici,
1841 2380 1948 2419 non
1991 2373 2044 2419 te
2104 2365 2369 2434 pmniteat

794 2457 929 2510 artis
960 2464 1065 2509 tme
1100 2473 1114 2510 :
1143 2455 1224 2510 vel
1258 2455 1448 2521 dicito,
1479 2464 1632 2513 tuum
1667 2471 1776 2512 non
1809 2473 1954 2522 esse,
2014 2458 2098 2512 vel
2150 2459 2224 2524 ah
2257 2457 2369 2511 Eu-

795 2550 946 2602 sebio
985 2548 1306 2620 presbytero
1342 2549 1724 2619 depravatum.
1787 2551 1944 2607 Unde
1995 2551 2212 2619 probari
2270 2551 2367 2606 tibi

793 2642 1018 2709 poterit,
1051 2642 1195 2712 quod
1230 2658 1257 2695 a
1293 2651 1345 2696 te
1379 2643 1704 2697 translatmn
1741 2644 1864 2698 est?
1897 2643 2014 2697 Non
2053 2659 2250 2698 manus
2274 2653 2365 2698 tua

796 2737 1190 2788 teneturznon
1226 2738 1391 2786 tautre
1438 2746 1497 2786 es
1549 2733 1892 2802 eloquentiae,
1951 2743 2010 2787 ttt
2075 2733 2254 2788 nullus
2315 2745 2366 2788 to

794 2823 967 2887 possit
1005 2821 1232 2876 imitari.
1281 2823 1385 2877 Aut
1438 2832 1584 2877 certe
1622 2825 1666 2877 si
1729 2839 1819 2878 res
1874 2824 1941 2879 ad
1982 2825 2361 2894 probationem

793 2915 1025 2978 venerit,
1059 2923 1112 2967 ct
1145 2914 1530 2980 impudentiam
1561 2913 1761 2968 frontis
1801 2917 2181 2984 oppresserint
2204 2917 2358 2971 testi-

794 3007 974 3058 monia
1038 3005 1420 3075 pluritnorum,
1477 3005 1810 3072 palinodiam
1845 3007 2146 3061 Stesichori
2213 3023 2363 3063 more

793 3108 1032 3152 tertiato.
1071 3097 1265 3150 Melius
1297 3106 1383 3151 est
1419 3105 1470 3150 te
1502 3099 1770 3166 paenitere
1827 3097 1954 3152 faeti
1988 3099 2084 3162 lui,
2118 3115 2279 3168 quam
2309 3109 2364 3154 et

2477 1991 2655 2047 fensio
2689 2007 2827 2056 mea,
2871 1992 3153 2048 accusatio
3207 2001 3299 2046 tus
3345 1990 3472 2045 est?
3521 1990 3583 2043 Et
3624 1999 3681 2041 tu
3737 1987 3786 2041 si
3840 2001 3951 2039 non
4009 2003 4066 2038 cs

2473 2075 2832 2154 Origeuistes,
2864 2084 2948 2137 vel
2986 2099 3092 2136 non
3126 2082 3302 2145 fuisti,
3344 2081 3737 2149 credojurauti
3765 2095 3780 2146 ;
3812 2079 3858 2133 si
3885 2078 4060 2135 fuisti.

2473 2176 2713 2243 srseipio
2749 2177 3124 2245 pcenitcntem.
3158 2174 3299 2243 Quid
3331 2174 3506 2243 doles,
3546 2174 3591 2228 si
3625 2174 3675 2227 id
3712 2189 3833 2228 sum
3860 2212 3879 2236 ,
3914 2172 4058 2243 quod

2472 2287 2595 2326 esse
2627 2281 2676 2325 lc
2709 2270 2890 2324 dicis?
2942 2271 3020 2324 Αιι
3071 2269 3198 2338 quia
3249 2267 3378 2340 περὶ
3418 2267 3635 2338 Ἀρχῶν
3689 2265 3952 2336 Origenis
4008 2265 4066 2318 li-

2473 2365 2601 2418 bros
2634 2372 2758 2433 post
2788 2372 2837 2415 te
2869 2360 3169 2416 transferre
3201 2375 3374 2416 ausus
3400 2372 3545 2421 sitm,
3596 2367 3649 2413 ct
3677 2358 4062 2428 interpretatio

2471 2470 2590 2510 mea
2630 2453 2942 2525 suggillatio
2968 2461 3197 2524 putatur
3248 2453 3433 2520 operis
3471 2453 3593 2507 tui?
3624 2451 3764 2519 Quid
3814 2459 4062 2520 poteram

2472 2547 2698 2602 facere?
2732 2546 2895 2601 Missa
2928 2545 3060 2599 mihi
3089 2553 3175 2601 est
3225 2546 3466 2601 laudatio
3499 2554 3616 2608 tua,
3686 2545 3738 2597 id
3779 2551 3867 2598 est
3902 2559 4064 2598 accu»

2474 2640 2613 2694 satio
2655 2653 2796 2694 mea.
2830 2639 2962 2693 Tam
2993 2639 3212 2693 fortiter
3243 2653 3328 2691 mc
3362 2639 3686 2708 proliseque
3711 2636 4062 2694 laudaverss.

2471 2744 2524 2787 ut
2565 2736 2609 2790 si
2642 2737 2748 2788 tuis
2776 2735 3032 2789 laudibus
3055 2733 3477 2802 acquievissem.
3513 2747 3706 2786 omnes
3742 2728 4062 2785 hereticnm

2471 2842 2554 2882 ire
2587 2836 2867 2897 putarent.
2922 2824 3058 2880 Vide
3101 2826 3231 2893 quid
3276 2824 3533 2877 Romamn
3565 2822 3632 2877 ad
3687 2838 3772 2876 me
3809 2821 4065 2890 Epistolzc

2467 2918 2708 2974 clausnla
2743 2924 2968 2971 tencat'.
3010 2935 3028 2968 ι
3071 2914 3249 2985 Purga
3287 2915 3632 2984 suspiciones
3661 2913 3979 2975 heminum,
4012 2924 4062 2969 et

2466 3011 2730 3064 convinco
2808 3009 3234 3074 criminantem;
3298 3023 3389 3072 ne,
3458 3008 3503 3062 si
3576 3005 4060 3068 dissimulareris.

2465 3106 2781 3158 consultire
2866 3101 3107 3156 videaris
3198 3101 3485 3171 (Epistolis

3591 3100 3664 3154 Ρη
3676 3101 3935 3154 mmacltii
4017 3116 4060 3155 θ’

795 3200 1088 3261 martyrem
1121 3192 1173 3244 in
1201 3191 1499 3252 calumnia,
1532 3201 1577 3244 et
1611 3191 1867 3259 deceptos
1895 3191 1946 3243 in
1978 3207 2165 3245 errore
2195 3191 2367 3261 persi-
2397 3206 2439 3264 ο
2479 3195 2702 3264 Oceani)
2744 3214 2762 3246 ι
2800 3195 2919 3247 Tali
2952 3194 3283 3247 constrictus
3314 3191 3567 3256 articulo,
3597 3191 3726 3244 inte!
3747 3203 4065 3259 pretaturua

793 3296 959 3340 stere.
996 3284 1105 3338 Nec
1137 3285 1431 3338 erubescas
1476 3285 1539 3337 tit‘
1571 3283 2002 3338 commutatione
2033 3284 2311 3337 scutcntitc
2342 3295 2356 3336 :

794 3394 902 3432 non
938 3394 996 3432 es
1032 3387 1194 3431 tantas
1228 3377 1570 3431 auctoritatis
1625 3386 1677 3428 rt
1735 3375 1914 3439 fatum,
1949 3387 2007 3430 ιιι
2037 3391 2255 3430 errasse
2313 3387 2365 3431 te

792 3468 1015 3536 pudt-at.
1047 3465 1263 3520 imitare
1293 3481 1396 3530 mc,
1446 3481 1608 3532 quem
1674 3466 1968 3533 plurimum
2025 3481 2199 3530 amas,
2246 3467 2366 3522 sine

793 3574 903 3626 quo
970 3571 1071 3610 ncc
1108 3557 1290 3609 vitcre
1329 3572 1424 3610 nec
1457 3555 1592 3610 ιιιυιὶ
1625 3567 1819 3624 potest
1857 3566 1908 3608 et
1942 3558 2362 3620 tuccumclama,

794 3666 913 3720 qua:
955 3665 1054 3720 ego
1092 3651 1340 3704 laudatus
1391 3665 1419 3703 a
1454 3657 1504 3702 te
1555 3649 1608 3702 in
1641 3649 1959 3702 defensione
2004 3650 2108 3704 mei
2147 3649 2364 3706 locutus

865 3835 951 3888 ll.
988 3833 1129 3898 Quid
1158 3832 1412 3887 Eusebius
1470 3834 1745 3899 objiciebat
1786 3830 2054 3885 Met/todio
2112 3832 2362 3900 martyri.

797 3923 1007 3978 Eusebii
1048 3924 1299 3993 opuscula
1339 3924 1403 3977 ob
1441 3923 1762 3995 Hieronymo
1804 3925 2095 3979 translata.
2133 3954 2202 3965 —
2253 3925 2366 3979 Eu-

793 4018 978 4071 sebius
1034 4017 1390 4073 Caesariensis
1442 4016 1752 4084 episcopus,
1817 4018 1973 4087 cujus
2043 4033 2205 4086 supra
2259 4035 2368 4070 me-

798 4111 951 4173 tnini,
978 4110 1028 4161 in
1067 4121 1219 4163 sexto
1251 4109 1389 4162 libro
1434 4109 1755 4175 Ἀπολογίας
1785 4107 2059 4175 Origenis,
2082 4110 2182 4164 hoc
2222 4109 2363 4164 idem

791 4201 979 4268 objicit
1014 4201 1285 4255 ιιι-ιιιοάίο
1313 4201 1579 4269 episcopo
1623 4209 1676 4253 et
1709 4199 1959 4270 martyri,
1994 4201 2138 4268 quod
2197 4209 2253 4254 tu
2311 4202 2365 4255 in

793 4293 928 4345 tneis
959 4292 1209 4344 laudibus
1241 4291 1580 4352 criminaris,
1631 4297 1684 4343 ct
1717 4290 1846 4344 dicit
1889 4307 1903 4345 :
1936 4289 2222 4355 Quomodo
2265 4307 2368 4344 au-

793 4400 886 4439 sus
918 4394 1000 4437 est
1032 4383 1336 4439 Metltmlitts
1374 4399 1519 4437 nunc
1549 4394 1736 4438 contra
1774 4381 2063 4452 Origcuem
2098 4386 2364 4450 scribere,

793 4476 882 4541 qui
914 4477 1025 4529 lnt-c
1063 4485 1115 4527 et
1147 4477 1258 4528 haec
1292 4478 1359 4528 de
1398 4475 1647 4544 Urigenis
1680 4475 1896 4529 locutus
1958 4488 2038 4529 est
2093 4478 2366 4547 dogmati-

2468 3287 2690 3341 eosdem
2731 3288 2917 3351 libros,
2949 3286 3198 3340 ausculta
3259 3284 3388 3355 quid
3460 3285 3782 3354 seripserim
3835 3303 3905 3338 :s
3953 3283 4064 3339 Hoc

2469 3380 2601 3433 mihi
2655 3378 3028 3443 praestiterunt
3085 3377 3249 3431 amici
3309 3377 3416 3431 mei
3473 3377 3603 3446 (non
3660 3377 3773 3430 disi
3847 3379 4064 3432 amicus

2471 3486 2644 3531 meus,
2678 3487 2743 3523 ne
2775 3479 2824 3524 te
2859 3470 3070 3524 viderer
3101 3470 3355 3539 arguere)
3389 3479 3446 3524 ut
3471 3469 3516 3523 si
3553 3480 3796 3535 tacuero,
3829 3486 3960 3526 rcus
3982 3489 3997 3539 ;
4019 3471 4064 3528 si

2471 3562 2835 3632 respondero.
2866 3563 3120 3618 inimicus
3151 3564 3387 3632 judicer.
3417 3562 3559 3616 Dura
3592 3572 3832 3631 utraque
3876 3566 4067 3621 condi-

2469 3655 2566 3720 tio,
2624 3655 2717 3708 sed
2748 3667 2777 3706 e
2800 3651 3018 3709 duobus
3045 3656 3242 3724 eligam
3274 3655 3417 3724 quod
3452 3656 3624 3710 levius
3648 3667 3753 3712 est.
3797 3657 4068 3716 Sitnultas

2469 3745 2822 3811 rcdintograri
2844 3753 3015 3814 potest
3040 3762 3054 3801 :
3077 3745 3416 3816 blasphemia
3435 3748 3648 3802 veniam
3670 3764 3778 3804 non
3800 3760 4066 3809 meretur.

2468 3835 2669 3904 (Epist.
2702 3835 2772 3888 ad
2803 3833 3016 3890 Parnm.
3058 3846 3106 3891 et
3138 3837 3398 3907 Ocean).s
3442 3840 3858 3897 Animadvertis
3894 3845 4070 3899 invito

2471 3924 2602 3978 mihi
2666 3934 2722 3979 et
2785 3927 3111 3994 repugnanti
3147 3927 3249 3982 hoc
3291 3943 3435 3984 onus
3477 3934 3842 4001 impositum;
3901 3947 3953 3990 et
3986 3935 4070 3990 fn-

2473 4027 2652 4070 turam
2684 4032 2750 4071 ex
2784 4015 3167 4086 hujuscemodi
3205 4033 3371 4088 opere.
3418 4023 3779 4088 simultatem,
3822 4030 4069 4082 necessi-

2467 4110 2596 4164 tatis
2634 4112 2988 4164 exitttsatione
3027 4112 3322 4165 curatam?
3351 4113 3406 4168 Si
3443 4116 3845 4183 interpretatus
3897 4136 4063 4176 esses

2472 4199 2641 4254 libros
2672 4202 2800 4271 περὶ
2834 4200 3050 4270 Ἀρχῶν
3084 4202 3292 4272 absque
3323 4220 3445 4258 meo
3474 4209 3718 4269 nomine,
3755 4221 3905 4263 recte
3932 4228 4070 4280 (ιιιυ.

2472 4292 2674 4345 rereris
2706 4291 2759 4345 in
2800 4292 3284 4360 reprehensionem
3320 4303 3467 4348 tuatu
3511 4312 3538 4348 a
3586 4313 3672 4352 tne
3713 4312 3906 4367 postea
3937 4319 4066 4357 esse

2472 4385 2786 4438 translatos.
2818 4382 2972 4439 Nunc
3001 4394 3183 4439 autem
3239 4384 3442 4453 injuste
3473 4387 3649 4451 doles,
3685 4389 3741 4443 in
3774 4407 3843 4444 eo
3892 4409 4067 4460 Opere

2471 4489 2500 4527 a
2532 4489 2616 4528 me
2659 4473 2752 4526 tibi
2799 4489 2920 4527 esse
2957 4479 3390 4542 responsum,in
3425 4493 3533 4546 quo
3585 4495 3615 4532 a
3668 4489 3719 4533 te
3774 4482 4062 4539 laudando

797 4565 937 4620 ιιιιεῖ
995 4565 1113 4620 Non
1185 4576 1268 4620 est
1327 4565 1489 4636 hujus
1562 4565 1662 4621 loci
1720 4582 1816 4632 pro
1874 4577 2114 4639 martyre
2176 4571 2365 4638 loqui;
2401 4557 2763 4617 Daccusatus
2831 4578 2973 4616 sum.
3041 4569 3214 4631 Quam
3267 4567 3414 4621 enim
3479 4577 3534 4620 tu
3603 4569 3824 4624 Iaudem
3871 4588 4067 4636 vocas.

794 4674 970 4727 neque
1009 4659 1152 4712 enim
1212 4661 1395 4713 omnia
1455 4661 1509 4713 in
1554 4659 1692 4712 lacis
1719 4659 1982 4714 Omnibus
2043 4660 2362 4718 disserenda

793 4762 941 4806 sunt.
1015 4751 1170 4806 Nunc
1243 4752 1488 4820 tetigisse
1563 4751 1798 4806 sulIiciat
1862 4752 1965 4806 hoc
2039 4755 2106 4806 ab
2162 4754 2367 4808 Ariano

795 4844 1015 4898 homine
1066 4843 1228 4912 objici
1291 4844 1601 4897 clarissimo
1643 4854 1696 4897 et
1741 4843 2192 4913 eloquentissimo
2226 4862 2372 4900 mar-

796 4936 920 5006 tyri,
951 4933 1095 5004 quod
1133 4943 1191 4988 tu
1230 4936 1283 4988 in
1323 4951 1407 4988 me
1442 4942 1497 4988 et
1527 4936 1736 4988 amicus
1777 4935 1987 5001 laudas,
2021 4944 2075 4990 et
2119 4936 2368 4993 oﬂ'cnsus

795 5042 1048 5081 accusas.
1091 5025 1271 5080 Habes
1295 5025 1642 5080 occasionem
1710 5031 1766 5080 et
1796 5026 1862 5080 de
1915 5027 2164 5094 praesenti
2225 5027 2366 5090 loco.

794 5120 837 5173 si
875 5119 1030 5181 velis,
1061 5118 1194 5171 mihi
1229 5117 1555 5170 calumniam
1589 5127 1824 5180 struere.
1849 5133 1949 5174 cur
1983 5133 2128 5174 nunc
2165 5127 2221 5174 et
2254 5118 2331 5174 Eu

794 5211 946 5265 sebio
972 5208 1279 5278 detraham,
1319 5223 1481 5277 quem
1514 5207 1567 5261 in
1604 5209 1711 5261 alio
1769 5209 1892 5262 loco
1949 5219 2073 5263 ante
2101 5210 2317 5263 laudavi
2345 5208 2368 5264 ΐ

796 5303 1042 5357 Alterum
1076 5300 1294 5369 quidem
1333 5313 1529 5352 nomen
1571 5298 1787 5354 Eusebii
1817 5298 1870 5364 ‘;
1906 5300 1998 5353 sed
2027 5299 2215 5353 eadem
2244 5314 2365 5370 qua:

796 5410 960 5464 super
1013 5393 1266 5464 Origenis
1329 5393 1598 5446 vocabulo
1647 5402 1731 5446 est
1787 5391 2084 5445 calumnia.
2125 5390 2364 5446 Laudavi

796 5485 1082 5542 Eusébimn
1117 5488 1169 5539 in
1228 5484 1595 5538 Ecclesiastica
1653 5483 1919 5549 Historia,
1958 5483 2009 5535 in
2061 5483 2366 5552 digestione

794 5599 880 5718 ὓ]
923 5598 1056 5651 Nam
1096 5609 1147 5651 et
1179 5596 1282 5665 ipsi
1317 5594 1648 5666 Hieronymo
1682 5609 2000 5664 praenomen
2047 5607 2160 5648 erat
2190 5593 2359 5647 Ense-

830 5685 929 5718 tus.

830 5685 929 5720 tus.

866 5741 883 5768 ³
920 5737 981 5790 In
1012 5736 1254 5789 Latinum
1284 5747 1506 5790 vertens.
1530 5736 1671 5791 Cave
1703 5751 1768 5789 ne
1801 5735 2070 5800 intelligas
2104 5735 2209 5786 hoc
2241 5735 2361 5786 loco

796 5809 1179 5859 lliermn‘mum
1227 5811 1278 5859 in
1327 5806 1581 5859 Latinum
1632 5811 1860 5859 vertisse
1915 5805 2360 5856 [ecclesiasticam

795 5867 1086 5930 Historiam
1121 5875 1336 5932 Eusebii
1379 5893 1393 5935 :
1427 5881 1580 5932 Vertit
1630 5881 1771 5932 enim
1808 5874 2148 5931 solummodo
2188 5874 2360 5928 Chro-

2479 4669 2669 4709 omnes
2714 4657 3126 4711 accusationem
3164 4659 3499 4725 intelligunt.
3540 4659 3771 4717 Constet
3798 4667 3949 4734 apud
3985 4677 4066 4728 te.

2470 4746 2611 4815 quod
2647 4748 3030 4814 accusaveris;
3091 4756 3146 4801 et
3189 4764 3296 4804 non
3343 4751 3744 4822 indignaberis,
3780 4765 3932 4825 quod
3971 4777 4066 4814 re-

2468 4839 2803 4908 sponderim.
2830 4838 2981 4903 Esto,
3008 4847 3064 4894 tu
3098 4839 3242 4896 bono
3269 4843 3452 4898 animo
3476 4848 3791 4913 scripseris,
3811 4859 3868 4903 et
3893 4852 4066 4906 homo

2470 4931 2733 4985 innocens
2764 4941 2818 4986 et
2842 4932 3054 4987 amicus
3095 4933 3420 4999 lldissimus.
3448 4934 3516 4992 de
3549 4939 3710 5006 cujus
3769 4955 4065 5012 nunquam

2468 5036 2749 5092 egressum
2796 5031 2884 5078 est
2929 5037 3025 5078 ore
3076 5024 3440 5090 mendacium.
3489 5043 3578 5084 me
3625 5029 3796 5101 ᾆδε
3833 5036 4066 5090 nescios

2470 5112 2778 5166 vulneraris
2808 5129 2820 5164 :
2854 5112 2983 5182 quid
3013 5113 3079 5169 sd
3111 5129 3220 5180 tne.
3250 5116 3344 5186 qui
3373 5132 3670 5187 percussus
3709 5138 3832 5175 ιιιιιιι
3860 5127 3886 5177 '!
3923 5125 4062 5178 Num

2469 5201 2674 5256 idcirco
2702 5204 2885 5256 curari
2919 5217 3026 5258 non
3059 5203 3256 5271 debeo,
3288 5207 3421 5275 quia
3461 5217 3515 5261 tu
3563 5225 3648 5263 me
3684 5213 3833 5266 bono
3871 5217 4064 5269 animo

2468 5293 2817 5347 vulnerasti?
2871 5292 3176 5350 Confossus
3200 5294 3383 5363 jaceo.
3414 5301 3614 5353 stridet
3643 5304 3844 5357 vulnus
3877 5305 3933 5358 in
3970 5322 4065 5376 pe-

2469 5394 2624 5439 ctore
2648 5402 2662 5440 :
2685 5385 2924 5439 candida
2956 5388 3112 5456 prius
3141 5393 3410 5458 sanguine
3450 5395 3695 5448 membra
3733 5406 4060 5465 turpantur,

2467 5484 2521 5531 et
2561 5485 2618 5531 tu
2651 5477 2784 5530 mihi
2818 5477 2959 5533 dicis
2996 5494 3014 5535 :
3065 5477 3186 5533 Noli
3228 5496 3450 5537 manum
3499 5487 3763 5540 adhibere
3813 5493 4060 5555 \ulneri,

2468 5592 2993 5673 nicumCanonem,
3049 5606 3104 5650 ct
3153 5596 3500 5673 librum‘dt
3523 5602 3679 5655 Locis
3742 5601 4061 5671 Hebraicis,

2467 5680 2604 5731 quos
2640 5666 2725 5716 hic
2759 5674 3010 5718 recenset
3039 5681 3164 5720 cum
3182 5671 3428 5724 Historia
3457 5671 3868 5726 Ecclesiastica.
3913 5666 4063 5729 the;

2469 5750 2616 5803 'rntn.
2652 5762 2721 5772 —
2745 5736 2874 5788 Puta
2906 5735 3242 5792 Clironicum
3287 5739 3596 5803 Cononem,
3643 5753 3697 5794 et
3751 5741 3963 5796 librum
3997 5749 4062 5798 de

2466 5802 2654 5864 Locis;
2714 5803 3149 5858 Ecclesiasticnm
3203 5821 3385 5863 autem
3431 5810 3728 5864 Historiam
3771 5813 4060 5870 laudatam

2467 5873 2730 5931 duntaxat
2766 5890 2795 5929 ιι
2823 5890 2901 5942 se,
2937 5887 3044 5930 non
3079 5873 3276 5934 Latine
3309 5883 3638 5949 explicatam
3670 5881 3824 5936 dicit,
