4202 6470
201 382 312 448 425

1356 393 1651 455 CONTRA
1686 395 2047 456 RUFINUM
2089 400 2231 459 LIB.
2275 401 2321 457 Ῐ.

3365 399 3468 464 626

204 517 271 557 ne
302 516 410 570 ego
450 507 508 557 te
562 501 751 559 videar
779 505 1144 562 vulnerassc?
1193 506 1517 578 Quanquam
1569 523 1621 562 et
1668 511 1783 577 ipsa
1816 517 1856 569 Α
1892 511 2139 578 qumdant
2171 515 2233 562 de
2282 513 2510 579 cpistola
2547 530 2660 566 inca
2707 514 3089 583 philosophice
3129 529 3374 584 carpere,
3413 533 3464 574 et

201 595 500 650 translatio
557 599 731 668 magis
781 597 1072 669 Origenem
1129 616 1293 670 quam
1350 612 1400 656 te
1456 604 1655 669 arguit.
1704 603 1780 654 Tu

201 688 345 740 enim
379 689 692 744 emendasti
723 706 846 760 qua:
873 693 1056 747 addita
1094 695 1160 746 ab
1189 695 1458 748 haireticis
1487 695 1785 748 arbitratus

200 795 281 831 cs.
324 778 444 848 Ego
502 781 745 849 prodidi,
777 784 919 852 quod
982 786 1050 838 ab
1106 785 1199 838 illo
1255 787 1520 853 scriptum
1566 785 1775 841 Graecia

203 873 463 926 universa
524 873 857 929 conclamat.
905 875 1039 942 Quis
1090 879 1298 931 rectius
1334 879 1639 931 arbitratus
1693 879 1784 940 sit,

205 977 303 1015 nec
352 979 566 1027 meum,
629 981 729 1019 nec
787 975 942 1018 tuum
990 967 1258 1035 judicium
1317 980 1423 1024 est.
1496 968 1788 1038 Utriusque

204 1057 412 1124 scripta
451 1060 770 1114 censoriam
801 1059 1027 1115 lecturis
1050 1063 1316 1130 virgulam
1356 1065 1617 1117 sentiant.
1649 1061 1784 1116 Tota

203 1151 293 1204 illa
340 1150 620 1218 Epistola.
660 1168 766 1218 qua
797 1165 900 1223 pro
940 1169 1024 1209 me
1059 1155 1368 1217 satisfacio.
1399 1165 1587 1210 contra
1620 1158 1788 1210 barre-

203 1245 340 1298 ticos
370 1253 430 1298 et
483 1256 845 1301 accusatores
889 1263 1040 1304 meos
1082 1249 1382 1318 dirigitur:
1416 1251 1544 1321 quid
1591 1251 1657 1304 ad
1711 1261 1784 1314 te,

203 1337 292 1402 qui
340 1347 398 1389 et
445 1338 818 1391 orthodosum
875 1347 932 1392 et
965 1335 1304 1394 laudatorem
1355 1357 1532 1394 meum
1587 1350 1639 1394 te
1668 1358 1787 1396 esse

201 1428 361 1488 dicis.
394 1429 442 1480 si
474 1430 728 1497 asperior
770 1445 890 1482 sum
940 1431 992 1482 in
1023 1431 1335 1494 haereticos,
1372 1442 1426 1486 et
1470 1434 1683 1486 illorum
1731 1434 1784 1486 in

204 1521 490 1586 publicum
549 1522 807 1589 strophas
876 1524 1136 1591 profero?
1195 1525 1406 1579 Laatat'e
1479 1526 1786 1580 invectione

205 1628 366 1677 mea;
420 1629 493 1666 ne
557 1616 598 1666 si
660 1615 926 1679 dolueris,
992 1617 1288 1671 haereticus
1345 1634 1462 1670 esse
1532 1620 1785 1672 videaris.

203 1704 440 1768 Quando
485 1705 605 1756 sine
641 1706 860 1759 nomine
909 1716 1100 1759 contra
1153 1710 1282 1760 vitia
1338 1710 1637 1773 scribitur;
1691 1713 1785 1779 qui

203 1797 494 1858 irascitur,
551 1805 842 1850 accusator
891 1801 972 1853 sui
1028 1808 1135 1854 est.
1197 1800 1496 1856 Prudentis
1547 1803 1787 1856 hominis

1893 603 2166 656 hominem
2232 620 2445 673 rugosa:
2511 605 2704 660 frontis
2759 609 3094 678 adductique
3155 614 3463 679 supercilii,

1891 689 2142 744 Plautino
2205 693 2255 744 in
2314 709 2399 746 me
2457 695 2570 748 sale
2619 695 2827 760 ludere,
2867 715 2932 752 eo
2975 700 3118 770 quod
3171 701 3464 760 Barrabam

1887 782 2132 835 Judwum
2169 785 2401 838 dixerim
2429 798 2820 858 prmceptoretn
2854 809 3054 848 meum.
3108 787 3216 849 Nec
3265 799 3464 850 mirum

1891 873 1934 924 si
1991 888 2088 940 pro
2148 874 2472 939 Bas—astat,
2535 880 2622 931 ubi
2692 892 2774 934 est
2833 883 3011 950 aliqua
3074 888 3463 941 vocabulorum

1891 966 2217 1026 similitudo.
2284 970 2575 1038 scripseris
2619 972 2938 1037 Barrabam,
2972 992 3093 1030 cum
3135 989 3336 1032 tantam
3375 982 3470 1034 Ita-

1893 1057 2024 1108 lieas
2078 1057 2354 1113 licentiam
2415 1065 2693 1116 nominum
2742 1066 3254 1129 immulandornm,
3308 1082 3363 1125 ut
3401 1073 3467 1126 de

1890 1149 2126 1204 Eusebio
2154 1143 2516 1221 Pamphilum,
2553 1159 2616 1209 de
2645 1160 2901 1213 heretico
2925 1167 3216 1233 martyrem
3245 1165 3462 1222 feceris.

1890 1245 2179 1299 CaVcndus
2213 1249 2397 1310 homo,
2433 1258 2485 1299 et
2524 1251 2659 1302 mihi
2705 1254 2939 1309 maxime
2969 1256 3358 1322 declinandus,
3400 1276 3464 1312 ne

1893 1351 1977 1388 me
2020 1347 2262 1405 repente,
2299 1339 2428 1392 dum
2467 1342 2678 1405 nescio,
2713 1345 2778 1394 de
2810 1345 3138 1415 Hieronymo
3191 1348 3467 1403 Sardana-

1895 1429 2073 1494 paluni
2109 1432 2382 1485 nomines.
2426 1435 2561 1484 Audi
2612 1449 2758 1502 ergo,
2792 1436 3074 1502 sapientia:
3107 1440 3380 1507 columen,
3413 1453 3464 1494 ct

1893 1535 2083 1575 norma
2115 1523 2433 1578 Catoniana:
2475 1527 2814 1582 severitatis.
2841 1524 2951 1599 Ego
2995 1546 3102 1584 non
3151 1533 3301 1586 illum
3353 1551 3465 1588 ina-

1894 1613 2125 1678 gistrum
2181 1616 2330 1678 dixi;
2387 1618 2479 1669 sed
2545 1631 2725 1671 meum
2782 1623 2832 1672 in
2884 1621 3196 1691 Scripturas
3245 1635 3466 1680 sanctas

1895 1706 2135 1758 studium
2171 1708 2313 1759 volui
2348 1710 2729 1777 comprobare,
2770 1721 2826 1764 ut
2866 1715 3213 1769 ostenderem
3261 1733 3347 1772 me
3385 1719 3466 1774 sit:

1899 1794 2095 1860 legisse
2145 1796 2456 1866 Origenem,
2515 1799 2792 1866 quomodo
2850 1807 2902 1854 et
2951 1803 3101 1854 illum
3161 1806 3460 1860 audieram.

205 1890 409 1944 fuerat,
438 1891 606 1941 etiam
633 1890 678 1943 si
711 1891 942 1952 dolebat,
969 1892 1317 1947 dissimulare
1346 1895 1734 1948 conscientiam
1767 1911 1780 1956 ;
1820 1885 1860 1942 Β
1891 1882 2076 1953 Neque
2108 1889 2251 1941 enim
2299 1887 2554 1942 llebraaas
2591 1891 2799 1945 litteras
2836 1907 2863 1946 a
2914 1902 2966 1946 te
3012 1894 3223 1949 discere
3274 1899 3459 1952 debui.

201 1996 254 2034 et
290 1984 479 2035 cordis
514 1986 764 2037 nubilum
827 1986 1026 2039 frontis
1051 1988 1344 2039 serenitate
1380 1988 1674 2041 discutere.

273 2075 366 2128 ii.
405 2075 672 2140 Epistolar
706 2075 979 2142 Theophili
1027 2085 1076 2128 et
1130 2075 1438 2146 Epiphanii,
1470 2090 1517 2130 et
1557 2079 1787 2148 impera-

204 2176 384 2218 torum
443 2169 649 2235 scripta
711 2168 964 2221 θέσει-ειη
1013 2168 1308 2239 Origenem.
1341 2200 1409 2210 -—
1461 2171 1699 2241 Alioqui.
1741 2173 1784 2224 si

203 2260 474 2328 quidquid
511 2271 707 2314 contra
743 2261 1032 2329 Origenem
1071 2274 1125 2314 et
1157 2273 1458 2316 sectatores
1498 2266 1618 2331 cjus
1653 2266 1791 2317 dici-

204 2361 318 2412 tur,
357 2352 413 2402 in
462 2359 515 2403 te
567 2351 773 2402 dictum
826 2361 1025 2418 putas;
1062 2366 1192 2421 ergo
1241 2363 1292 2404 ct
1345 2355 1588 2422 epistolae
1639 2369 1789 2422 papae

205 2443 501 2513 TheOpbili
545 2453 600 2496 et
635 2442 948 2512 Epiphanii,
998 2453 1051 2495 et
1089 2445 1322 2496 altorum
1374 2449 1785 2514 episcoporum,

203 2554 341 2606 quas
379 2551 560 2606 nnpcr
590 2537 722 2603 ipsis
749 2535 1074 2600 jnhentibus
1107 2538 1364 2588 transtuli
1393 2539 1428 2600 ¹,
1489 2548 1538 2589 te
1572 2547 1784 2604 petunt,

207 2644 259 2683 te
295 2629 552 2682 lacerant
585 2626 1026 2696 “inperatorum
1052 2642 1272 2697 quoque
1301 2631 1527 2694 scripta,
1562 2644 1680 2698 qua:
1722 2631 1789 2684 de

204 2722 546 2776 Alexandria
575 2731 628 2774 et
658 2719 893 2790 Egypto
923 2718 1265 2787 Origenistas
1307 2723 1431 2790 pelli
1458 2723 1668 2791 jubent,
1703 2737 1791 2776 me

205 2829 566 2886 suggerente.
608 2816 810 2867 dictata
843 2814 1016 2868 sunt?
1065 2814 1134 2870 Ut
1167 2813 1422 2868 Romanae
1471 2817 1622 2869 urbis
1652 2816 1792 2868 Pon-

204 2912 334 2964 tiles
367 2912 512 2961 miro
546 2922 643 2960 eos
697 2908 823 2960 odio
875 2907 1198 2969 detestetur,
1260 2923 1440 2960 meum
1497 2907 1788 2962 consilium

207 3003 466 3057 ΐυίιῖιζι
498 3013 652 3055 tctus
709 3000 861 3055 orbis
924 3011 1048 3070 post
1083 3001 1492 3054 translationem
1545 3011 1689 3054 tuam
1737 3003 1789 3052 in

203 3094 470 3164 Origenis
523 3095 650 3146 odia
703 3095 990 3152 exarserit,
1040 3108 1200 3161 quem
1258 3102 1416 3145 antea
1473 3093 1791 3160 simpliciter

207 3187 515 3249 lectitabat,
538 3201 692 3238 nieus
723 3195 983 3252 operatus
1007 3194 1089 3238 est
1114 3184 1328 3252 stylus?
1353 3184 1404 3236 Si
1431 3193 1638 3236 tantum
1668 3198 1790 3248 pos-

207 3294 356 3339 sum,
392 3277 571 3328 miror
607 3289 704 3327 cur
727 3288 948 3326 menon
985 3283 1217 3327 metuas.
1262 3274 1370 3342 Ego
1415 3275 1506 3326 ille
1542 3273 1791 3326 modera-

209 3381 302 3424 tus
352 3370 409 3420 in
447 3368 683 3434 epistola
720 3366 938 3435 publica
965 3364 1159 3431 (Epist.
1202 3364 1262 3418 8|
1315 3366 1383 3416 ad
1425 3363 1647 3431 Ruﬁn.).
1697 3364 1788 3433 qui

206 3457 511 3525 diligenter
554 3457 695 3515 cavi,
743 3469 809 3507 ne
862 3454 991 3521 quid
1049 3455 1098 3505 in
1163 3461 1220 3506 te
1278 3452 1484 3505 dictqu
1543 3463 1789 3521 putares,

206 3549 409 3616 scripsi
441 3547 508 3598 ad
546 3559 596 3600 te
627 3548 809 3601 statim
836 3547 1052 3599 brevem
1086 3545 1404 3612 Epistolam,
1441 3546 1794 3614 expostulatis

205 3655 378 3708 super
411 3637 675 3690 laudibus
710 3637 842 3689 tuis.
880 3635 1078 3701 Quam,
1111 3637 1236 3703 quia
1274 3635 1458 3688 Romae
1491 3650 1596 3689 non
1641 3650 1790 3700 eras,

207 3733 376 3784 amici
405 3730 515 3783 mei
547 3730 641 3781 tibi
675 3729 893 3781 mittere
925 3728 1240 3790 noluerunt,
1273 3741 1340 3779 eo
1381 3727 1524 3795 quod
1559 3737 1609 3780 te
1643 3727 1788 3779 dice-

205 3834 338 3875 rent
367 3820 802 3883 cum_sodahhus
825 3822 846 3850 ¹
872 3820 979 3869 tuis
1011 3818 1231 3886 indigna
1274 3818 1492 3870 nomine
1521 3817 1792 3870 Christia-

208 3925 282 3963 no
303 3909 376 3961 de
399 3923 521 3960 mea
551 3907 969 3960 conversatione
989 3907 1264 3976 jactitare.
1287 3906 1457 3975 Cujus
1483 3908 1789 3976 exemplum

212 4003 351 4054 huic
383 4000 650 4052 volumini
688 3998 930 4059 subdidi.
961 4009 1018 4052 ut
1046 4000 1187 4054 scias
1219 4008 1484 4067 quantum
1519 4000 1787 4062 dolorem,

207 4098 424 4161 quanta
459 4090 837 4142 moderatione
869 4090 1297 4144 necessitudinis
1337 4093 1659 4161 temperavi.

298 4181 480 4253 5,69
516 4181 600 4233 l3.
629 4178 852 4232 Judarus
894 4180 1198 4250 Hieronymi
1250 4193 1562 4253 preceptor.
1598 4185 1792 4253 Grego-

207 4279 329 4328 rius
359 4274 745 4327 Nazianzenus
789 4274 1042 4342 magister
1072 4273 1400 4344 Hieronymi.
1449 4274 1664 4328 Huillus
1694 4276 1794 4328 Ju-

205 4370 390 4421 ὀίεαι.
448 4367 657 4420 Psalmi
713 4368 823 4419 sine
873 4367 1051 4420 titulo.
1089 4397 1152 4407 —-—
1206 4368 1380 4422 Audio
1425 4379 1685 4438 praeterea
1741 4380 1794 4424 te

1891 1981 1968 2032 An
2007 1981 2206 2045 injuria
2239 1983 2332 2035 tibi
2361 1984 2380 2014 ³
2433 1983 2571 2034 facta
2616 1996 2719 2048 est,
2757 1988 2902 2054 quod
2952 2000 3053 2055 pro
3095 1998 3148 2042 te
3181 1990 3467 2059 Apollina-

1895 2073 2035 2124 l'itlttl
2107 2071 2502 2142 Didymumque
2590 2088 2829 2131 sectatus
2876 2081 3040 2133 sum?
3089 2079 3346 2150 Nunquid
3409 2083 3464 2136 in

1895 2165 1984 2216 illa
2048 2163 2280 2232 epistola
2341 2167 2666 2234 Gregorium
2722 2171 2899 2223 virum
2952 2171 3462 2240 eloquentissimum

1891 2269 2000 2308 non
2037 2256 2186 2320 potui
2228 2259 2555 2312 nominare?
2589 2261 2722 2324 Quis
2780 2264 2924 2330 apud
2972 2255 3195 2317 Latinos
3239 2280 3336 2334 par
3381 2268 3463 2320 sui

1893 2355 1974 2397 est
1997 2345 2020 2375 ⁸
2051 2345 2073 2396 ?
2103 2361 2211 2414 quo
2243 2363 2341 2414 ego
2366 2349 2623 2416 magistro
2653 2352 2855 2421 glorior
2875 2362 2932 2407 et
2961 2356 3201 2408 exsulto.
3235 2357 3340 2411 Sed
3371 2373 3467 2413 eos

1892 2447 2104 2489 tantum
2174 2432 2356 2504 posui,
2428 2442 2516 2508 qui
2563 2441 2616 2492 in
2685 2447 3109 2511 reprehensione
3163 2458 3340 2512 erant,
3409 2462 3469 2504 ut

1892 2525 2144 2578 similiter
2178 2543 2260 2579 me
2288 2525 2598 2591 Origenem.
2635 2547 2740 2584 non
2776 2533 2844 2584 ob
2874 2534 2992 2587 lidei
3035 2539 3343 2604 veritatem,
3371 2543 3465 2595 sed

1895 2617 1964 2668 ob
2013 2618 2341 2671 eruditionis
2383 2622 2635 2673 meritum
2677 2622 2872 2690 legisse
2903 2633 3153 2680 testarer.
3188 2629 3310 2696 Ipse
3344 2630 3468 2686 Ori-

1895 2723 2078 2775 genes.
2105 2718 2157 2762 et
2191 2711 2467 2770 Clemens.
2503 2724 2553 2765 et
2591 2713 2884 2780 Eusebius,
2919 2725 3081 2787 atque
3104 2721 3196 2774 alii
3222 2726 3469 2794 complu-

1900 2816 2013 2863 res,
2070 2803 2291 2868 quando
2337 2806 2403 2857 de
2457 2805 2759 2873 Scripturis
2827 2810 3008 2878 aliqua
3060 2815 3365 2882 disputant,
3415 2831 3468 2874 et

1897 2897 2082 2947 volunt
2108 2899 2412 2964 approbare
2436 2901 2576 2965 quod
2606 2902 2820 2964 dicunt,
2850 2905 2928 2956 sic
2967 2907 3143 2960 solent
3186 2913 3465 2969 scribere:

1897 2986 2171 3056 Referebat
2221 2990 2351 3040 milii
2403 2989 2685 3052 Ilebrarus:
2719 3002 2794 3054 et,
2844 2994 3038 3048 Audivi
3080 2998 3145 3050 ab
3191 2999 3415 3056 Hebrazo
3449 3047 3463 3068 ,

1895 3093 1969 3146 et,
2011 3084 2352 3139 llebrazorum
2394 3089 2496 3140 ista
2532 3095 2791 3146 sententia
2826 3103 2920 3147 est.
2959 3095 3119 3149 Certe
3147 3097 3308 3150 etiam
3341 3096 3468 3151 Ori-

1896 3188 2062 3238 genes
2100 3176 2446 3242 patriarchen
2487 3179 2725 3233 Huillum
2755 3182 2796 3244 ',
2832 3183 2924 3251 qui
2972 3186 3310 3254 temporibus
3349 3189 3468 3254 ejus

1897 3265 2018 3327 fult,
2061 3267 2308 3319 nominat
2339 3284 2351 3319 :
2384 3277 2438 3322 et
2471 3270 2808 3324 tricesimum
2848 3283 3051 3326 tomum
3089 3276 3140 3328 in
3168 3277 3384 3336 lsaiam.
3413 3277 3465 3330 in

1896 3357 2053 3424 cujus
2087 3359 2192 3412 line
2219 3361 2526 3414 edisserit:
2582 3361 2670 3416 Var
2707 3363 2826 3428 tibi,
2870 3367 3056 3419 civitas
3095 3367 3259 3433 Aricl,
3305 3385 3467 3437 quam

1895 3455 2213 3520 expugnavit
2263 3452 2451 3517 David,
2487 3455 2634 3508 illius
2677 3458 3024 3523 expositione
3066 3458 3381 3525 concludit;
3414 3469 3468 3511 et

1897 3557 2019 3595 cum
2058 3545 2214 3597 aliter
2240 3547 2392 3613 prius
2415 3548 2658 3600 sensisse
2691 3564 2747 3600 se
2779 3548 2942 3613 dicat,
2973 3550 3193 3602 doctum
3235 3553 3304 3604 ab
3350 3553 3465 3614 illo,

1897 3635 1947 3688 id
1983 3637 2123 3702 quod
2153 3649 2236 3690 est
2271 3639 2477 3696 verius.
2520 3639 2839 3694 cculitctur.
2882 3640 3290 3710 Octogesimnm
3325 3659 3466 3712 quo-

1898 3742 2004 3793 quc
2051 3743 2254 3779 nonum
2291 3729 2586 3797 psalmum,
2615 3736 2704 3795 qui
2737 3733 2997 3784 scribitur
3026 3751 3038 3784 :
3071 3733 3258 3787 Oratio
3297 3733 3467 3804 Moysi

1897 3819 2121 3872 hominis
2154 3818 2270 3883 Dei,
2309 3831 2362 3874 et
2395 3822 2631 3887 reliquos
2665 3823 2935 3884 undecim,
2971 3825 3063 3890 qui
3107 3840 3214 3876 non
3266 3826 3468 3879 habent

1899 3911 2109 3967 titulos.
2165 3913 2464 3964 seCundum
2533 3909 2695 3964 liuilli
2747 3915 3172 3979 expositionem.
3225 3915 3465 3981 ejusdem

1897 4001 2066 4070 Moysi
2103 4010 2271 4070 putat,
2300 4001 2464 4072 470
2493 4018 2593 4055 nec
2645 4004 2968 4070 dedignatur
3021 4003 3302 4058 llebrzram
3335 4006 3475 4058 scri-

1901 4100 2117 4157 pturam
2149 4094 2513 4160 interpretans
2534 4107 2627 4161 per
2649 4096 2858 4162 singula
2891 4096 3031 4161 loca,
3065 4097 3191 4164 quid
3224 4095 3468 4150 Hebraeis

1899 4181 2163 4242 videatur,
2195 4183 2453 4235 inserere.

1971 4275 2056 4329 Η.
2115 4275 2360 4345 Origenes
2413 4266 2819 4332 dantnatus.—
2853 4279 3035 4334 Lectis
3090 4298 3264 4350 nuper
3317 4297 3468 4352 papa

1897 4367 2185 4436 Theophili
2225 4370 2492 4438 epistolis,
2526 4371 2578 4423 in
2607 4370 2807 4438 quibus
2834 4370 3087 4439 Origenis
3118 4375 3341 4442 exponit
3375 4390 3464 4428 er-

290 4579 306 4611 ¹
358 4575 498 4629 Vide
532 4574 630 4627 has
660 4571 922 4641 epistolas
971 4586 1002 4624 a
1040 4571 1199 4624 nobis
1239 4572 1476 4640 primum
1522 4571 1700 4626 editas
1738 4573 1788 4626 in
1827 4567 1869 4622 D
1896 4572 2185 4626 lectionem
2221 4572 2537 4640 Hieronymi
2594 4572 2938 4626 restituimus
2972 4573 3037 4626 ad
3102 4574 3258 4627 lldem
3311 4583 3468 4628 vetu-

211 4647 396 4720 priOri
434 4653 590 4697 tomo
613 4659 762 4696 num.
795 4641 864 4696 9‘2
892 4649 945 4694 et
979 4656 1135 4708 seqq.
1658 4712 1668 4722 ο

290 4720 313 4749 ⁸
357 4711 530 4770 Vetus
556 4714 717 4776 edit.,
761 4728 820 4765 eo
841 4712 978 4781 quod
1009 4722 1059 4764 te
1086 4709 1321 4763 dolerent
1343 4725 1462 4762 cum
1495 4711 1790 4776 sodalibus,

211 4801 329 4845 εις.

293 4860 316 4889 ³
357 4856 588 4918 Eadem,
621 4856 728 4907 Aut
757 4853 959 4921 injuria
990 4853 1108 4913 tibi,
1158 4866 1264 4905 etc.
1316 4850 1487 4904 Paulo
1535 4862 1652 4921 post
1703 4851 1792 4905 ubi

217 4927 289 4983 de
325 4928 698 4985 Nazianzeno,
740 4920 858 4977 erat
897 4925 1047 4985 olim,
1086 4922 1189 4986 Qui
1235 4922 1319 4974 sui
1375 4923 1517 4990 apud
1578 4920 1797 4973 Latinos

217 5003 407 5062 impar
448 5006 551 5057 est,
587 4995 742 5063 quasi
782 4992 972 5046 Latine
1027 4992 1258 5045 scivisse
1324 4991 1471 5043 illum
1517 5001 1797 5058 utcunque

217 5068 534 5138 putaverit,
573 5079 698 5118 cum
738 5078 863 5119 eum
903 5077 1211 5138 sartionem
1258 5063 1467 5138 callere
1525 5077 1584 5114 se
1634 5071 1795 5130 neget

219 5127 346 5210 ipse
381 5127 761 5210 Nazianzenus
793 5147 880 5210 ep.
915 5127 977 5185 7t
1014 5134 1082 5187 ad
1125 5130 1601 5210 lfosthumianum.
1645 5207 1655 5210 Α
1711 5127 1768 5210 ⁷.

296 5209 322 5237 ⁸
361 5209 496 5270 Quis
524 5209 666 5272 apud
699 5199 915 5257 Latinos
945 5219 1043 5269 par
1073 5202 1156 5254 sui
1182 5203 1296 5255 est?
1325 5199 1617 5272 ﬂuensque
1642 5199 1798 5272 torsit

215 5271 574 5333 eruditorum
608 5275 826 5337 ingenia
882 5275 1033 5326 locus
1085 5273 1187 5325 iste
1237 5272 1378 5324 male
1423 5271 1600 5324 editus
1654 5271 1794 5333 apud

222 5353 527 5403 Erasmum
556 5353 610 5398 et
647 5344 973 5405 Marianum,
1010 5344 1102 5410 qui
1154 5355 1276 5393 cum
1315 5341 1597 5393 nonnullis
1643 5341 1798 5393 codi-

218 5422 395 5474 cibus
427 5432 558 5468 mss.
600 5417 669 5468 ita
699 5417 880 5481 legunt
919 5429 933 5466 ;
971 5431 989 5461 ‹
1019 5410 1275 5479 Nunquid
1323 5413 1374 5463 in
1423 5411 1510 5462 illa
1565 5411 1795 5476 epistola

219 5487 558 5556 Gregorium
582 5488 762 5556 virum
793 5483 1304 5556 eloquentissimum
1338 5495 1444 5532 non
1495 5481 1646 5548 potui
1695 5497 1791 5533 no-

223 5552 474 5616 minare.
502 5555 592 5624 qui
635 5554 718 5606 sui
755 5554 898 5622 apud
931 5552 1154 5624 Latinos
1184 5552 1360 5624 impar
1390 5559 1496 5624 est,
1540 5566 1651 5617 quo
1678 5566 1796 5624 ego

223 5619 738 5696 magistro'glorior
781 5619 833 5675 et
859 5620 1115 5696 essultoj?
1151 5639 1170 5672 ι
1199 5619 1286 5696 -Es
1319 5622 1424 5696 hoc
1454 5621 1639 5696 itaque
1675 5621 1796 5696 loco

221 5689 712 5767 hp'rarateiedtto
760 5701 1018 5767 putarunt
1072 5690 1213 5744 haud
1271 5689 1434 5767 pauci
1475 5690 1796 5767 Gregorium

223 5758 431 5822 La'tine
481 5764 730 5827 scivisse,
764 5758 864 5815 sed
924 5777 1035 5814 non
1085 5775 1237 5829 atque
1272 5758 1344 5813 iac
1394 5758 1580 5812 Graece
1606 5774 1625 5811 :
1658 5762 1798 5813 unde

229 5842 419 5906 impar
449 5837 536 5892 sui
573 5839 720 5903 apud
763 5832 984 5885 Latinos
1024 5831 1348 5886 habebatur.
1379 5830 1484 5884 Nos
1508 5831 1797 5897 genuinam

518 5931 786 5991 Panos.
839 5923 1066 5989 XXIII.

1909 4642 2136 4695 stissimi
2170 4641 2373 4693 codicis
2393 4641 2768 4702 Corbeiensis.
2807 4651 2862 4695 et
2907 4643 3130 4695 alterius
3180 4643 3465 4698 Sorbooici

1903 4727 2009 4764 non
2037 4710 2235 4763 inﬁma:
2263 4721 2421 4762 notae.
2444 4712 2794 4764 Curbeiensis
2820 4720 3042 4764 notatur
3068 4713 3169 4765 H7
3200 4715 3251 4766 in
3283 4726 3466 4768 nostra

1903 4781 2239 4834 Bibliotheca
2304 4778 2788 4847 Sangermanensi,
2875 4783 3218 4836 Sorbonicus
3275 4797 3462 4836 autem

1903 4852 2068 4904 habet
2096 4865 2382 4903 numerum
2419 4849 2525 4900 tit?
2556 4852 2608 4901 in
2647 4851 2885 4903 liminari
2921 4852 3137 4918 pagina.
3199 4851 3467 4906 MAR‘I‘IAN.

1973 4923 1993 4951 ⁵
2057 4919 2195 4972 Sunt
2239 4919 2347 4990 iqui
2406 4920 2806 4990 emendandum
2865 4931 3057 4986 putant
3136 4920 3300 4974 Hillet
3371 4940 3468 4990 pro

1903 4989 2189 5060 Huillunis
2224 4989 2386 5041 Certe
2409 4989 2675 5052 Origenes
2707 4993 2852 5043 hunc
2884 4991 3197 5045 Juda'orum
3239 4989 3469 5060 patriar-

1902 5064 2056 5111 cham
2103 5059 2355 5118 Ίοῦλλον,
2404 5060 2606 5112 Jullum
2658 5071 2835 5122 vocat,
2872 5071 2927 5114 et
2979 5065 3046 5112 ab
3099 5063 3206 5116 alio
3255 5065 3469 5116 erudito

1901 5129 2108 5189 Iudaeo.
2141 5130 2232 5195 qui
2269 5138 2399 5182 tunc
2434 5145 2554 5181 cum
2605 5128 2811 5188 lluillo.
2853 5146 2947 5183 seu
2989 5130 3166 5183 Hiullo
3217 5146 3356 5190 erat.
3412 5149 3471 5184 se

1901 5200 2034 5251 dicit
2066 5200 2346 5252 didicisse.
2379 5199 2556 5250 Potuit
2587 5198 2951 5269 Hieronymus
2987 5201 3166 5253 Huillo
3202 5203 3468 5257 tribuere.

1901 5269 2044 5336 quod
2082 5270 2218 5322 alias
2249 5270 2366 5335 ipso
2403 5278 2679 5335 praesente
2709 5281 2758 5320 et
2792 5271 3133 5336 approbante
3179 5272 3466 5325 docuerat.

1901 5339 2057 5403 Quod
2089 5355 2218 5391 vero
2253 5340 2564 5406 patriarcha
2592 5339 2902 5406 appellatur
2937 5351 2991 5392 et
3033 5343 3172 5392 inter
3203 5342 3469 5410 Tyberva-

1901 5412 1985 5463 dis
2038 5411 2380 5476 patriarchas
2435 5410 2581 5460 nulla
2650 5410 2771 5476 ejus
2827 5411 3031 5462 mentio
3082 5422 3188 5472 est,
3234 5411 3473 5464 fortasse

1902 5480 2132 5532 minoris
2190 5479 2422 5545 alicujus
2478 5479 2742 5548 syncdrii,
2790 5491 2914 5546 puta
2971 5480 3321 5534 Diocaasareae
3372 5495 3472 5546 pa-

1902 5550 2206 5619 triarchatu
2260 5561 2346 5601 est
2405 5549 2651 5602 functus.
2718 5549 2790 5603 De
2840 5551 2960 5614 ejus
3011 5555 3255 5612 nomine,
3323 5549 3470 5619 quod

1900 5628 2041 5677 nam
2069 5628 2124 5670 et
2151 5603 2268 5676 DS}:
2323 5621 2605 5680 scribitur,
2660 5621 2778 5671 vide
2830 5603 2885 5670 iii
2937 5603 3473 5674 Getnaraﬂil'lietroso-

1905 5694 2032 5758 Iym.
2068 5691 2226 5758 titulo
2276 5689 2549 5756 Megillah,
2606 5705 2724 5756 cap.
2784 5692 2834 5752 l,
2895 5703 2948 5744 et
3005 5694 3162 5743 titulo
3210 5691 3472 5758 Horajoth

1901 5757 2021 5826 cap.
2063 5759 2115 5811 5.
2176 5757 2304 5811 Vide
2345 5765 2509 5812 etiam
2557 5757 2808 5828 Origenis
2858 5761 3175 5829 opusculum
3240 5757 3470 5826 primum

1904 5829 2226 5883 anecdotunt
2258 5831 2396 5897 apud
2421 5829 2914 5895 Montl'aucoutum,
2952 5842 2994 5884 t.
3036 5833 3052 5884 Ι
3082 5829 3469 5896 Ilexnplorum.

3024 5929 3092 5988 14
