4202 6496
733 422 840 490 42⁵7

1893 423 1953 486 S.
1998 423 2310 485 EUSEBI'I
2351 423 2786 486 ΠΙΕΠΟΝΥΜῘ

3882 436 3989 497 428

732 557 911 607 rores,
940 538 1140 594 dicitur
1172 538 1461 593 obturasse
1509 553 1671 594 aures
1707 555 1858 599 suas.
1911 549 1966 593 et
2027 551 2304 595 auctorem
2341 544 2380 598 Λ
2415 540 2570 595 libris
2601 544 2818 612 proprie
2849 553 3092 610 accuset,
3128 545 3344 615 ignoro.
3390 545 3556 600 Fama
3593 545 3741 600 enim
3784 547 3856 599 ad
3897 563 3986 600 ate

734 634 870 692 tanti
905 635 1030 687 mali
1062 634 1210 689 clara
1259 647 1382 685 cum
1420 631 1533 704 [AL
1590 621 1824 704 coram}
1854 633 2115 686 omnibus
2175 649 2307 686 voce

732 729 1088 793 damnasse‘,
1150 737 1203 779 et
1252 726 1486 793 dixisse,
1570 741 1747 795 usque
1800 726 1864 778 ad
1922 725 2056 780 illud
2093 735 2308 795 tempus

732 838 792 879 se
839 821 1143 894 ignorasse,
1207 818 1352 887 quod
1404 827 1512 871 tam
1569 817 1778 871 nefaria
1829 816 2134 887 scripserit.
2187 815 2304 871 Non

731 929 952 976 recuso,
991 926 1090 966 nec
1115 909 1241 964 dico
1281 908 1428 976 quod
1473 909 1613 961 alius
1663 910 1866 960 diceret
1908 908 2164 973 forsitan,
2200 926 2304 962 non

733 1005 981 1077 potuisse
1023 1017 1146 1056 eum
1200 1003 1480 1072 ignorare,
1534 1001 1676 1069 quod
1743 999 2136 1070 interpretatus
2199 1009 2305 1064 est,

732 1099 891 1168 cujus
926 1096 1245 1166 Apologiam
1273 1095 1536 1163 scriptam
1563 1094 1631 1146 ab
1659 1093 1918 1150 haeretica
1951 1094 2052 1149 sub
2083 1096 2306 1148 nomine

733 1193 994 1266 martyris
1025 1192 1196 1248 edidit
1229 1206 1248 1245 :
1281 1191 1440 1261 cujus
1472 1187 1851 1242 defensionem
1885 1191 2050 1243 etiam
2083 1191 2306 1256 proprio

731 1287 1013 1341 volumine
1057 1285 1341 1356 professus
1373 1290 1455 1337 est
1503 1297 1514 1332 :
1571 1281 1860 1335 adversum
1917 1282 2056 1351 quod
2105 1281 2156 1334 in
2216 1297 2303 1335 se-

731 1381 1049 1449 quentibus,
1091 1379 1136 1435 si
1186 1375 1428 1432 dictandi
1502 1376 1739 1444 spatium
1776 1376 1960 1435 fuerit.
1995 1375 2304 1443 disputabo.

729 1477 849 1534 lloc
875 1478 1091 1546 loquor,
1134 1472 1219 1526 cui
1271 1469 1652 1526 contradicere
1708 1486 1814 1523 non
1865 1479 2068 1539 potest.
2115 1469 2171 1523 Si
2230 1469 2305 1522 illi

736 1574 859 1622 licet
896 1583 1002 1622 non
1035 1563 1373 1620 intellexisse
1422 1563 1568 1632 quod
1631 1563 1927 1625 transtulit,
1968 1576 2138 1632 quare
2173 1562 2304 1614 mihi

733 1681 840 1718 non
874 1663 1034 1715 liceat
1066 1660 1349 1730 ignorasse
1381 1656 1553 1712 libros
1585 1658 1711 1726 περὶ
1735 1655 1974 1725 Ἀρχῶν,
2004 1669 2139 1723 quos
2174 1664 2303 1706 ante

736 1775 841 1810 non
874 1756 1019 1825 legi;
1066 1762 1121 1808 ct
1168 1768 1262 1807 eas
1313 1760 1527 1804 tantum
1589 1749 1854 1802 llomilias
1906 1748 2122 1817 legisse,
2167 1761 2307 1814 quas

733 1848 1014 1914 transtuli,
1050 1847 1102 1900 in
1135 1845 1334 1916 quibus
1367 1842 1502 1896 nihil
1560 1854 1682 1894 esse
1717 1839 1867 1902 mali,
1920 1838 2096 1906 ipsius
2148 1837 2305 1890 testi—

734 1943 974 1998 monium
1002 1938 1124 1993 est?
1155 1938 1250 1992 Sin
1299 1944 1478 1988 autem
1518 1942 1712 1987 contra
1774 1931 2100 1985 sententiam
2148 1944 2305 1982 snam

737 2049 882 2088 nunc
918 2045 1002 2085 me
1029 2030 1083 2085 in
1119 2029 1200 2084 eis
1229 2027 1428 2099 arguit,
1464 2027 1516 2080 iu
1552 2025 1753 2092 quibus
1792 2035 1917 2076 ante
1960 2022 2308 2080 laudaverat.

737 2125 986 2194 undique
1021 2123 1248 2176 strictus
1281 2118 1580 2174 tenebitur.
1635 2119 1739 2170 Aut
1775 2116 1920 2168 enim
1974 2115 2180 2167 idcirco
2226 2128 2310 2166 me

735 2218 1052 2272 hzrreticum
1084 2214 1357 2269 hominem
1385 2210 1647 2273 laudavit,
1676 2209 1803 2277 quia
1832 2207 2074 2274 ejusdem
2101 2221 2309 2259 mecum

735 2307 1011 2377 dogmatis
1040 2314 1159 2361 erat
1191 2323 1204 2359 :
1233 2314 1323 2357 aut
1360 2316 1504 2354 nunc
1538 2299 1739 2353 frustra
1772 2297 2029 2353 inimicus
2061 2304 2310 2360 accusat,

736 2417 900 2470 quem
933 2401 1083 2469 prius
1116 2406 1172 2450 ut
1214 2395 1584 2450 orthodoxum
1623 2391 1961 2460 praedicavit.
1994 2389 2097 2443 Sed
2153 2388 2312 2441 forsi-

736 2505 828 2552 tan
886 2504 1015 2546 tunc
1065 2505 1282 2546 errores
1318 2503 1467 2542 meos
1523 2486 1677 2557 quasi
1735 2485 1945 2537 amicus
2008 2483 2222 2547 tacuit;
2259 2490 2312 2534 et

738 2601 882 2641 nunc
912 2584 1090 2637 irattts
1126 2579 1334 2649 profert
1364 2579 1507 2648 quod
1553 2580 1703 2645 prius
1740 2576 2039 2628 celaverat.

813 2697 899 2751 15.
929 2695 1200 2749 Comment
1254 2693 1306 2744 in
1335 2692 1485 2758 epist.
1517 2691 1587 2743 ad
1614 2689 1803 2756 ΕμΙιες.
1832 2688 2312 2754 tuetur.—-Quan-

739 2805 902 2860 quam
939 2803 1043 2841 non
1083 2793 1362 2840 mereatur
1398 2785 1558 2834 fidem
1588 2782 1978 2843 inconstantia,
2011 2795 2063 2835 et
2103 2781 2314 2848 profes-

739 2895 815 2935 sae
834 2878 1138 2935 inimicitia:
1158 2876 1527 2945 suspicionem
1555 2873 1788 2928 habeant
1807 2875 2072 2928 mendacii
2101 2885 2312 2928 :tanien

739 2974 1002 3028 audacter
1068 2969 1345 3026 conferam
1424 2967 1676 3037 gradum,
1737 2965 1926 3020 volens
1987 2967 2128 3020 scire
2184 2966 2313 3037 quid

741 3062 1061 3119 haereticum
1095 3059 1431 3128 scripserim,
1468 3068 1525 3110 ut
1553 3067 1645 3109 aut
1671 3073 1794 3111 cum
1829 3059 1922 3112 illo
1947 3073 2102 3126 again
2144 3059 2314 3126 pumi-

742 3156 996 3216 tentiam.
1031 3162 1086 3206 et
1116 3150 1370 3221 Origenis
1405 3151 1541 3201 mala
1581 3154 1863 3218 ignorasse
1895 3166 1981 3204 me
2010 3151 2215 3218 jurem,
2251 3166 2314 3203 ac

2412 636 2883 704 critninunrejus,
2929 651 3037 692 non
3077 639 3280 709 scripta
3308 649 3577 695 venerunt
3615 656 3630 694 :
3662 652 3718 696 et
3755 641 3990 695 stultum

2411 736 2494 779 est
2545 729 2697 794 juxta
2752 731 3099 798 Apostolum.
3157 732 3357 801 pugnis
3413 748 3592 787 aerem
3670 733 3989 786 verberare.

2412 817 2616 875 Tamen
2655 822 2704 873 in
2760 822 3029 876 incertum
3079 823 3446 893 respondebo,
3499 825 3672 878 donec
3720 825 3784 878 ad
3835 834 3991 879 'certa

2412 912 2720 980 perveniam
2758 929 2770 964 :
2803 913 3088 982 ἀντίζηλον
3122 931 3300 970 meum
3342 915 3548 970 docebo
3575 918 3597 948 '
3621 932 3815 979 senex,
3843 917 3991 986 quod

2411 1019 2545 1073 puer
2575 1007 2760 1071 didici,
2793 1007 2958 1062 multa
3011 1022 3133 1062 esse
3183 1023 3386 1078 genera
3431 1008 3769 1076 dictionum;
3803 1023 3858 1064 et
3892 1025 3996 1080 pro

2409 1100 2672 1166 qualitate
2705 1101 2967 1166 materiae,
3020 1116 3129 1154 non
3185 1103 3367 1155 solum
3428 1104 3759 1165 sententias,
3803 1105 3898 1159 sed
3937 1117 3988 1155 et

2412 1189 2865 1261 Scripturarum‘
2899 1194 3059 1248 verba
3093 1193 3317 1248 variari.

2483 1306 2567 1361 l6.
2602 1305 2986 1362 Commentarii
3047 1308 3174 1379 quid
3219 1311 3389 1380 operis
3435 1311 3684 1363 habeant.
3749 1309 3992 1363 Donatus

2409 1413 2698 1470 praeceptor
2733 1400 3069 1472 Hieronymi.
3108 1431 3177 1442 -—-
3217 1404 3560 1476 Chrysippus
3611 1416 3661 1458 et
3695 1404 3991 1469 Antipater

2412 1494 2554 1547 inter
2587 1496 2797 1564 spineta
2826 1506 3134 1549 versantur.
3164 1496 3562 1552 Demosthenes
3593 1505 3646 1549 et
3694 1497 3993 1551 Alschines

2405 1597 2602 1639 contra
2658 1601 2720 1640 se
2776 1587 3007 1640 invicem
3047 1585 3362 1644 fulminant.
3410 1590 3595 1659 Lysias
3637 1599 3687 1644 et
3718 1589 3995 1643 lsocratcs

2411 1675 2645 1729 dulciter
2680 1675 2870 1730 ﬂuunt.
2901 1676 3035 1730 Mira
3063 1679 3114 1732 in
3141 1679 3370 1747 singulis
3402 1680 3715 1742 diversitas,
3751 1684 3843 1733 sed
3874 1697 3941 1735 ου
3969 1711 3992 1722 -

2411 1783 2507 1821 nes
2535 1768 2585 1820 in
2621 1782 2723 1820 suo
2760 1766 2982 1836 perfecti
3016 1780 3163 1823 sunt.
3197 1769 3336 1839 Lege
3371 1770 3437 1822 ad
3479 1770 3802 1824 Herennium
3833 1768 3994 1821 Τιιιιιὶ

2416 1859 2606 1921 libros,
2628 1859 2741 1927 lege
2767 1857 3070 1912 Rhetoricos
3125 1859 3280 1928 ejus:
3308 1871 3422 1924 aut,
3459 1861 3581 1930 quia
3615 1861 3703 1915 illa
3727 1863 3830 1915 sibi
3867 1862 3996 1914 dicit

2418 1952 2669 2003 inchoata
2703 1962 2757 2004 et
2783 1951 2938 2005 rudia
2972 1951 3240 2005 excidisse
3271 1953 3336 2004 dc
3362 1953 3632 2016 manibus,
3652 1953 3872 2006 revolve
3891 1953 3996 2004 tria

2413 2043 2692 2096 volumina
2746 2044 2809 2094 de
2867 2043 3135 2106 Oratore,
3199 2043 3250 2095 in
3299 2043 3500 2110 quibus
3542 2043 3847 2097 introducit
3878 2046 3994 2096 elo-

2413 2135 2821 2204 quentissimos
2850 2136 2997 2188 illius
3037 2137 3299 2203 temporis
3331 2145 3597 2200 oratores,
3636 2134 3900 2190 Crassum
3949 2146 4000 2189 et

2415 2226 2714 2280 Antonium
2748 2227 3112 2294 disputantes,
3137 2235 3192 2278 et
3212 2236 3469 2294 quartum
3501 2225 3809 2286 Oratorem,
3831 2242 3996 2295 quem

2411 2322 2523 2391 jam
2560 2338 2726 2377 senex
2774 2321 2967 2376 scribit
2999 2320 3064 2374 ad
3100 2320 3324 2374 Brutum
3361 2337 3376 2374 :
3413 2329 3541 2374 tunc
3581 2320 3859 2388 intelliges
3898 2321 3999 2372 ali-

2417 2426 2498 2468 ter
2548 2415 2802 2484 componi
2871 2413 3192 2477 Ilistoriam,
3245 2414 3406 2468 aliter
3468 2413 3782 2475 Orationes,
3842 2411 4001 2464 aliter

2417 2508 2691 2576 Dialogos,
2737 2506 2894 2559 aliter
2949 2505 3218 2574 Epistolas
3251 2543 3267 2568 ,
3328 2506 3484 2559 aliter
3533 2504 3997 2559 Commentarios.

2420 2597 2529 2667 Ego
2563 2599 2707 2650 enim
2736 2598 2788 2650 in
2815 2598 3242 2651 Commentariis
3274 2598 3340 2651 ad
3377 2583 3638 2666 Ephesios
3683 2599 3763 2651 sic
3798 2597 3994 2664 Orige-

2419 2704 2538 2741 nem
2576 2699 2625 2743 ct
2681 2688 2961 2756 Didymnm
3015 2699 3070 2743 et
3122 2689 3526 2759 Apollinarium
3587 2703 3812 2744 secutus
3872 2705 3992 2741 sum

2418 2782 2533 2850 (qui
2577 2793 2724 2836 certe
2759 2782 3034 2835 contraria
3095 2782 3235 2834 inter
3260 2796 3318 2836 se
3355 2781 3554 2835 habent
3607 2785 3910 2852 dogmata),
3944 2793 3995 2832 ut

2421 2872 2542 2927 fidei
2581 2887 2714 2926 mea:
2762 2888 2869 2926 non
2907 2872 3218 2926 amitterem
3252 2872 3560 2929 veritatem.
3605 2873 3999 2927 Commentarii

2419 2965 2547 3034 quid
2581 2965 2762 3034 operis
2793 2965 3038 3019 habent?
3069 2966 3310 3020 Alterius
3341 2965 3484 3019 dicta
3509 2966 3846 3024 edissernnt,
3882 2981 4002 3034 qna:

2419 3056 2652 3112 obscure
2687 3058 2885 3126 scripta
2913 3067 3061 3119 sunt,
3104 3058 3267 3126 plano
3302 3072 3559 3112 sermone
3593 3058 3950 3110 manifestam
3987 3075 3999 3108 :

2423 3149 2716 3203 multorum
2739 3151 3041 3204 sententias
3071 3149 3371 3217 replicant,
3395 3159 3447 3203 et
3468 3148 3660 3202 dicunt
3696 3169 3708 3201 :
3739 3148 3900 3202 Hunc
3929 3151 4002 3201 lo-

743 3262 891 3302 nlnc
915 3246 1151 3316 primum
1193 3260 1223 3298 ιι
1252 3257 1388 3311 papa
1424 3241 1730 3308 Tlieophilo
1755 3242 2015 3298 didicisse
2068 3244 2314 3310 impieta.
2343 3222 2387 3278 δ
2424 3258 2546 3296 cum
2577 3239 2802 3310 quidam
2847 3241 2926 3294 sic
2944 3241 3279 3306 edisserunt,
3309 3241 3398 3294 alii
3427 3241 3505 3296 sic
3527 3241 3999 3310 interpretantur:

741 3350 825 3397 tes
853 3341 973 3410 ejus
1011 3356 1024 3394 :
1071 3347 1166 3392 aut
1200 3347 1346 3392 certe
1388 3336 1612 3390 doceant
1650 3350 1733 3388 me
1764 3336 1986 3403 quidem
2027 3337 2162 3390 bene
2193 3352 2318 3391 sen-

743 3435 904 3490 sisse.
947 3429 1042 3484 sed
1076 3429 1224 3483 illum
1260 3443 1411 3482 more
1457 3441 1556 3480 suo
1611 3441 1715 3479 non
1767 3427 2088 3496 intelligere.
2129 3427 2318 3496 Neque

741 3523 887 3578 enim
923 3521 1038 3575 ﬁeri
1076 3530 1258 3590 potest
1290 3529 1346 3573 ιιι
1374 3520 1426 3572 in
1458 3520 1660 3573 eisdem
1719 3519 1782 3571 ad
1834 3518 2101 3587 Ephesios
2135 3519 2314 3584 libris,

741 3629 885 3686 quos
909 3620 966 3666 ut
990 3612 1174 3678 audio,
1200 3611 1621 3676 criminatur,et
1653 3611 1790 3665 bene
1812 3619 1866 3664 et
1884 3612 2022 3665 male
2048 3612 2277 3666 dixerim
2303 3629 2316 3676 ;

743 3705 899 3759 etde
936 3703 1128 3758 eodem
1159 3704 1311 3758 fonte
1344 3701 1505 3758 dulce
1532 3717 1890 3772 amarumque
1927 3704 2265 3772 processerit
2303 3721 2316 3758 :

745 3795 932 3864 utqui
990 3804 1106 3850 toto
1157 3808 1323 3862 opere
1369 3793 1751 3847 damnaverint
1801 3807 1916 3856 eos,
1948 3792 2039 3861 qui
2093 3793 2323 3846 credunt

748 3888 965 3942 animas
1005 3903 1083 3956 ,ει
1139 3885 1348 3952 angelis
1385 3884 1656 3947 conditas,
1710 3884 1889 3937 subito
1939 3883 2044 3936 mei
2117 3883 2321 3938 oblitus

745 3980 906 4052 ‘71
959 3980 1009 4033 id
1045 3977 1394 4032 defenderem
1425 3976 1571 4044 quod
1626 3984 1752 4028 ante
1796 3974 2071 4027 damnavi.
2119 3973 2323 4028 Stulti-

751 4075 878 4125 tiam
914 4071 1044 4122 mihi
1075 4068 1318 4137 objicere
1342 4080 1451 4120 non
1481 4073 1679 4134 potest,
1706 4081 1869 4133 quem
1895 4064 2321 4118 disertissimum

752 4173 807 4216 et
855 4160 1368 4230 eloquentissimum
1417 4156 1470 4210 in
1508 4156 1624 4211 suis
1657 4157 1937 4224 opusculis
1981 4155 2321 4224 prtedicavit.

751 4253 967 4322 Alioqui
1014 4249 1176 4305 stulta
1203 4249 1524 4312 verbositas,
1578 4239 1783 4301 'rabulae
1815 4248 1998 4316 potius
2031 4258 2086 4301 et
2117 4248 2322 4315 garruli

753 4344 1016 4409 hominis,
1073 4357 1234 4410 quam
1286 4339 1594 4410 eloquentis
1645 4323 1883 4407 putanda
1941 4346 2050 4393 est.
2085 4339 2224 4405 Quid
2264 4338 2320 4392 in

2421 3334 2494 3386 illi
2531 3347 2749 3386 sensum
2780 3347 2940 3385 suum
2981 3341 3037 3385 et
3071 3331 3480 3401 intelligentiam
3521 3332 3605 3386 bis
3649 3335 4002 3394 testimomis,

2421 3433 2474 3478 et
2503 3425 2601 3478 hac
2635 3425 2884 3477 nituntur
2912 3423 3122 3477 ratione
3151 3424 3371 3478 tlrmare
3400 3437 3417 3477 :
3449 3431 3506 3476 ut
3531 3425 3772 3493 prudens
3807 3427 3999 3485 lector.

2420 3531 2544 3568 cum
2580 3515 2821 3569 diversas
2883 3517 3292 3584 explanationes
3341 3514 3550 3582 legerit.
3579 3526 3632 3568 et
3695 3516 3996 3568 multorum

2423 3607 2507 3661 vel
2563 3607 2867 3675 probanda,
2924 3607 3006 3660 vel
3064 3607 3421 3675 improbanda
3477 3607 3758 3671 didicerit,
3791 3608 4002 3677 judicet

2422 3699 2553 3769 quid
2585 3702 2768 3754 verius
2800 3701 2870 3753 sit
2900 3708 2988 3754 :et
3023 3700 3183 3770 quasi
3231 3701 3407 3756 bonus
3439 3702 3729 3771 trapezita,
3790 3703 4003 3756 adulte-

2425 3794 2556 3845 rina
2600 3801 2830 3844 moneta:
2866 3795 3156 3860 pecuniam
3191 3795 3467 3861 reprobat.
3491 3791 3629 3845 Num
3657 3793 3890 3849 diverse
3921 3795 4003 3847 in-

2427 3885 2838 3952 terpretationis
2876 3885 2938 3948 ¹⁵,
2993 3895 3047 3939 et
3093 3886 3498 3939 contrariorum
3543 3885 3707 3957 472
3746 3887 3895 3940 inter
3946 3904 4002 3937 se

2427 3991 2685 4030 sensuum
2719 3976 2996 4029 tenebitur
3048 3992 3195 4041 rens,
3238 3979 3332 4043 qui
3367 3977 3421 4030 in
3479 3993 3587 4032 uno
3633 3993 3804 4045 Opere
3857 3983 4001 4045 quod

2425 4069 2700 4134 edisserit,
2730 4069 3098 4136 expositiones
3127 4069 3367 4134 posuerit
3418 4068 3828 4138 plurimorum?
3867 4073 4003 4125 Puto

2427 4163 2570 4231 quod
2602 4178 2737 4233 puer
2771 4163 2965 4232 legeris
2990 4163 3147 4232 Aspri
3182 4162 3235 4215 in
3277 4160 3564 4232 Virgilium
3593 4172 3645 4219 ct
3669 4164 4000 4220 Sallustium

2427 4253 2885 4313 Commentarios.
2944 4252 3178 4307 Vulcatii
3238 4253 3288 4307 in
3348 4252 3637 4308 Orationes
3689 4253 3998 4316 Ciceronis,

2432 4343 2694 4399 Victorini
2721 4346 2772 4398 in
2793 4344 3046 4414 Dialogus
3070 4345 3188 4414 ejus
3220 4354 3273 4398 et
3305 4345 3359 4398 in
3387 4344 3629 4400 Terentii
3663 4346 4002 4411 Comwdias,

830 4543 846 4573 ¹
882 4541 972 4595 Sic
1011 4539 1243 4594 habetur
1272 4539 1323 4591 in
1353 4537 1808 4617 synodicannnm.
1843 4539 1875 4590 2
1904 4554 1921 4590 .·
1964 4556 1980 4588 ι
2018 4536 2312 4617 Obturavi-
2345 4556 2397 4617 ι)
2423 4554 2596 4617 ptum,
2633 4543 2775 4604 quod
2802 4545 3031 4596 retineat
3062 4543 3140 4594 Vel
3175 4544 3473 4617 araripalon,
3499 4545 3582 4599 vel
3620 4549 4001 4615 antimachus;

753 4627 880 4666 mus
910 4626 1071 4664 aures
1105 4619 1342 4669 uestras,
1370 4604 1422 4658 et
1468 4615 1575 4659 tam
1612 4604 1924 4675 Origenem,
1952 4622 2112 4675 quam
2154 4610 2320 4666 disci-

755 4683 914 4752 pnlos
942 4681 1079 4752 ejus,
1113 4693 1357 4752 consona
1400 4691 1534 4752 voce
1556 4676 1961 4752 damnavimus,
2000 4696 2027 4752 ι·
2055 4688 2160 4730 etc.

831 4755 850 4783 ³
902 4745 1208 4818 Ἀὺτίζηλον
1259 4762 1429 4799 meum
1475 4745 1716 4818 docebo:
1757 4746 1970 4818 I'Lt‘lIOC
2015 4746 2319 4818 locogltand

757 4824 985 4877 multum
1018 4815 1218 4872 diﬂicili
1250 4821 1407 4870 velim
1450 4823 1506 4868 ut
1548 4815 1812 4881 intelligat
1841 4815 2011 4869 lector
2037 4816 2322 4871 Studiosus

755 4901 959 4957 quanta
1027 4892 1099 4942 sit
1158 4889 1292 4941 fides
1349 4900 1414 4957 ac
1465 4885 1698 4957 eruditio
1739 4897 1996 4957 veterum
2054 4887 2320 4957 editorum

755 4954 1095 5027 Hieronymi,
1147 4958 1242 5024 qui
1275 4954 1561 5023 ἁντὶζηλον
1602 4955 1845 5009 omnium
1901 4971 2028 5027 mss.
2066 4956 2318 5010 COdit'um

757 5025 1076 5087 consettsua
1114 5029 1270 5083 nobis
1311 5027 1647 5084 restitutum,
1693 5039 1789 5078 nec
1822 5025 2139 5092 conjectura
2174 5042 2320 5081 asse-

756 5103 848 5172 qni
875 5109 1198 5172 potuerunt.
1229 5098 1345 5172 Sic_
1373 5097 1537 5172 igitur
1571 5094 1788 5172 locum“
1811 5107 2123 5172 pensentem
2165 5101 2320 5172 resti-

759 5161 890 5234 t'uit:
922 5179 975 5222 et
1009 5167 1232 5223 scholiis
1263 5166 1378 5219 suis
1399 5161 1700 5234 illustravit
1744 5161 2018 5218 Marianus
2054 5163 2319 5219 Victorius

755 5237 1144 5303 20,ἁντῐπαλον
1180 5251 1347 5290 ιηειιηι
1379 5233 1568 5303 docebo
1604 5249 1782 5295 senex,
1823 5236 1959 5301 quod
1983 5249 2110 5299 puer
2127 5237 2314 5290 didici.

756 5302 1140 5364 Adversarium
1193 5310 1301 5358 haec
1358 5319 1458 5356 vox
1492 5302 1783 5370 signiﬁcat,
1815 5308 1913 5357 hoc
1954 5315 2034 5356 est
2075 5308 2318 5357 ἐναντίον

759 5381 852 5432 καὶ
893 5377 1088 5446 ἐχθρόν
1123 5393 1135 5428 :
1169 5376 1420 5446 idemque
1473 5387 1694 5446 prorsus
1720 5384 1801 5446 est
1833 5390 2049 5435 sensus,
2082 5379 2134 5446 si
2170 5378 2316 5444 loga.

760 5459 847 5502 tur
875 5442 1194 5515 ἁὺίείμαχον.
1249 5442 1399 5509 Quod
1445 5451 1621 5494 autem
1659 5444 1757 5515 legi
1794 5448 1962 5510 possit
2014 5445 2092 5498 vel
2123 5442 2316 5512 ὁμογέ-

762 5534 923 5587 ροντα
949 5513 1032 5570 vel
1059 5513 1476 5587 ἀθηνογέροντᾳ,
1507 5513 1776 5562 somnium
1801 5523 1882 5587 est
1907 5515 2277 5587 Erasmianutn
2301 5532 2314 5567 :

760 5582 885 5640 nam
915 5596 1272 5655 praeterquam
1299 5582 1442 5655 quod
1464 5596 1628 5633 sensu
1653 5591 1797 5655 Caret
1825 5585 1940 5637 haec
1964 5585 2142 5648 lectio,
2175 5587 2315 5653 apud

759 5653 978 5716 cuncta,
1008 5653 1138 5723 qua:
1186 5668 1283 5708 nos
1309 5654 1541 5723 vidimus
1576 5665 1696 5723 cum
1735 5653 2014 5719 impressa,
2041 5664 2149 5705 tum
2187 5673 2314 5708 mss.

760 5721 1112 5794 exemplaria,
1144 5734 1236 5776 aut
1278 5722 1570 5794 animm
1627 5721 1956 5794 invenimus,
2006 5731 2100 5775 aut
2168 5725 2317 5774 ἀντί-

765 5791 956 5863 μαχοιὶ.
1011 5795 1294 5862 Hucusque
1350 5791 1658 5853 Marianus;
1716 5792 1801 5842 cui
1844 5807 1942 5859 ego
1991 5795 2312 5856 respondeo,

764 5871 970 5917 ttullutn
1013 5865 1154 5933 apud
1211 5880 1306 5916 nos
1363 5875 1650 5928 superesse
1700 5865 1974 5928 exemplar
2012 5878 2314 5915 manuscri-

2427 4616 2518 4668 sed
2561 4628 2752 4665 omnes
2803 4629 2928 4684 mss.
3017 4623 3260 4684 nostros
3295 4615 3512 4668 codices
3536 4618 3770 4669 retinere
3793 4633 3999 4684 purum

2405 4684 2652 4737 “rerum
2679 4683 2978 4752 antiselon;
3007 4683 3090 4732 vel
3127 4683 3264 4734 illud
3299 4687 3646 4752 apertissime
3680 4683 4000 4744 renuntiare

2429 4756 2477 4824 in
2501 4752 2740 4818 vestigiis
2757 4751 3068 4824 (ἱΓξιδιοοιῚιιΙι
3093 4754 3508 4824 elementorum.
3539 4755 3855 4824 ’Λντίζηλος
3876 4777 4002 4813 vero

2426 4821 2762 4894 Hieronymi,
2800 4822 2850 4873 td
2885 4833 2986 4880 est,
3035 4822 3268 4894 minutus
3300 4835 3357 4894 et
3385 4825 3654 4894 zelotypus
3684 4821 3787 4880 fuit
3843 4827 4000 4882 Ruti-

2426 4908 2549 4950 nus.
2583 4905 2639 4944 ιιι
2669 4893 2977 4962 invectiva;
2997 4892 3118 4960 ejus
3169 4904 3223 4945 et
3257 4892 3544 4947 Calumniari
3573 4896 3808 4962 probare
3835 4903 4000 4952 etiam

2424 4965 2608 5016 stultis
2642 4972 2890 5030 possunt.
2944 4959 3223 5017 ExLevit.
3285 4978 3442 5028 xvrtt,
3475 4963 3539 5018 18
3572 4959 3588 5019 Ξ
3626 4959 3859 5019 Uxorem
3901 4987 4002 5021 non

2424 5034 2668 5102 accipiet,
2714 5049 2871 5099 super
2946 5048 3180 5084 sororem
3238 5033 3395 5100 ejus,
3463 5034 3795 5102 ἀντίζῃλον.
3877 5039 4006 5092 Vide

2424 5102 2584 5154 LXX.
2627 5101 2896 5155 ΜΑιιτιΑτι.
2942 5135 3000 5142 -—
3045 5105 3316 5156 \irtorius
3339 5101 3649 5155 ἁντίπαὶον
3681 5111 3796 5159 suis
3825 5110 3880 5160 in
3919 5123 4009 5162 ιο-

2423 5174 2638 5224 diribth
2667 5173 2802 5223 liit'll
2830 5174 3120 5234 invenisse,
3143 5180 3237 5224 aut
3264 5175 3588 5241 ἀντίμαχο-ι,
3609 5177 3754 5239 quod
3785 5191 4004 5228 utr-nm-

2422 5260 2528 5308 que
2562 5247 2938 5294 a-lwrsartum
2978 5253 3170 5305 sonat;
3215 5244 3488 5307 simulque
3517 5242 3806 5297 Erasmum
3839 5259 4004 5306 rastr-

2423 5324 2510 5379 gat
2539 5353 2551 5370 ,
2583 5312 2678 5384 qui
2703 5313 2802 5379 legi
2830 5327 2986 5379 posse
3023 5315 3243 5384 putabat
3264 5314 3601 5380 ὁμᾳγέροντα
3629 5315 3708 5367 vel
3733 5315 4004 5384 qux-ays’-

2426 5399 2604 5449 ροιτα.
2641 5382 2984 5434 Alaitiaineus
3032 5381 3275 5434 restituit
3321 5384 3607 5451 ἁντίζηλον
3637 5401 3666 5438 e
3713 5381 3843 5439 suis
3872 5381 4002 5440 mas.

2496 5451 2514 5527 ξ
2550 5454 2650 5504 Sed
2680 5465 2723 5503 et
2753 5451 3257 5527 Scripturarum..ln
3293 5453 3713 5527 pluribnsumss.
3743 5458 4000 5527 legimus.

2419 5522 2506 5572 sed
2541 5535 2585 5572 et
2636 5533 3027 5574 structurarum
3081 5521 3233 5574 rciba
3269 5525 3472 5575 vitiari.
3535 5521 3909 5579 Msnrtsnf—
3947 5526 4000 5580 lo

2421 5596 2668 5657 pluribus
2736 5607 2868 5645 mss.
2923 5595 3023 5660 legi
3088 5600 3320 5646 testatur
3370 5594 3757 5659 ﬂartianaus,
3811 5598 3906 5649 sed
3955 5608 4001 5648 et

2422 5670 2814 5712 structurarum
2869 5667 3046 5714 verba.
3086 5661 3218 5714 Mihi
3253 5664 3430 5730 magis
3485 5668 3773 5730 arrideret,
3827 5667 3922 5719 sed
3954 5678 4000 5720 et

2423 5733 2802 5785 sententiarum
2827 5735 2999 5793 uerba,
3025 5743 3129 5785 etc.
3607 5765 3609 5767 ι

2492 5801 2512 5830 ⁸
2547 5796 2700 5854 Vetus
2729 5803 2890 5868 edin,
2919 5801 3039 5855 Non
3070 5804 3288 5857 diverse
3319 5804 3790 5872 interpretationis.
