4202 6478
213 401 321 464 1Ξ9

1361 407 1657 468 CONTRA
1693 410 2056 470 RUFINUM
2096 411 2247 473 LIB.
2295 413 2344 474 Ι.

3364 426 3468 488 430

203 515 570 586 ριτοεριοιιίε
593 517 696 571 mei
734 517 922 571 Donati
963 531 1113 588 teque
1140 518 1192 572 in
1218 517 1525 590 Virgilium,
1556 532 1612 576 et
1650 522 1786 574 alio-
1817 519 1865 579 Α
1892 534 2054 588 quam
2113 535 2211 588 pro
2247 521 2521 575 tribunali
2586 521 2783 579 chuis
2844 527 3050 584 diceret
3084 549 3098 586 :
3136 549 3152 582 ι
3219 532 3435 590 Insanis

203 626 321 663 rum
349 611 405 662 in
439 611 586 663 alios
619 626 635 662 :
667 608 922 664 Plautum
954 611 1225 675 videlicet,
1269 611 1605 678 Lucretium,
1635 611 1790 668 Flac-

200 715 351 760 cum.
386 699 643 754 Persium
681 708 843 770 atque
896 703 1202 758 Lucanum.
1234 705 1416 774 Argue
1465 707 1794 774 interpretes

200 808 418 857 eorum,
449 807 629 860 quare
661 805 767 846 non
791 808 954 848 unam
983 795 1421 862 explanationem
1449 798 1619 850 secuti
1644 798 1753 851 sint
1778 816 1790 850 :

199 885 338 939 etin
403 885 600 939 eadem
667 900 726 939 re
774 886 903 956 quid
950 887 1036 939 vel
1082 887 1209 953 sibi,
1259 889 1343 943 vel
1371 889 1496 943 aliis
1522 888 1788 955 videatur,

202 992 307 1031 CII“
318 989 566 1031 merent.

273 1072 364 1125 Π.
410 1071 560 1124 l’i'tia
602 1072 862 1126 sermonis
910 1070 1112 1140 Rufini.
1144 1105 1215 1116 --
1239 1072 1600 1127 Praetermitto
1634 1072 1788 1126 Grai-

202 1181 588 1232 cos.quorum
622 1176 676 1219 tu
714 1167 896 1235 jactas
927 1167 1234 1227 scientiam,
1261 1174 1316 1218 et
1351 1166 1480 1218 dum
1508 1168 1788 1234 peregrina

201 1260 462 1323 sectaris,
522 1274 660 1325 pene
708 1259 782 1311 tui
816 1258 1089 1312 sermonis
1137 1256 1340 1310 oblitus
1373 1271 1432 1310 es
1468 1273 1482 1311 :
1515 1272 1580 1310 ne
1619 1256 1787 1310 veteri

201 1352 522 1420 proverbio,
580 1351 686 1405 Sus
746 1349 1063 1413 Minervam,
1100 1348 1298 1402 docere
1355 1348 1560 1412 videar,
1634 1359 1687 1401 et
1738 1349 1789 1401 in

199 1445 395 1496 silvam
441 1445 589 1512 ligna
642 1451 882 1510 portare.
948 1439 1078 1494 Illud
1116 1443 1306 1505 miror,
1360 1441 1502 1510 quod
1551 1439 1791 1494 Aristar-

203 1537 344 1590 chus
381 1537 399 1565 ί
427 1535 607 1589 nostri
645 1535 906 1603 temporis
933 1534 1277 1602 pueriliaista
1299 1534 1582 1588 nescieris.
1611 1533 1795 1598 Quan-

198 1643 365 1695 quam
403 1637 461 1678 tu
500 1639 806 1693 occupatus
842 1627 898 1678 in
953 1627 1234 1684 sensibus.
1270 1633 1324 1679 et
1364 1625 1433 1679 ad
1471 1628 1790 1680 struendam

201 1720 331 1771 mihi
393 1719 734 1771 calumniam
798 1717 1055 1772 cernulus
1090 1720 1110 1750 ³
1142 1756 1160 1782 ,
1210 1720 1691 1787 grammaticorum
1741 1727 1796 1772 et

197 1819 488 1864 oratorum
566 1817 831 1878 praecepta
912 1811 1307 1878 contempseris
1341 1849 1359 1876 ,
1430 1810 1791 1880 parvipeiides

203 1903 509 1974 ὑπὲρσατα
535 1912 658 1972 post
699 1901 980 1954 anfractus
1011 1901 1238 1956 reddere
1259 1940 1277 1966 ,
1306 1903 1655 1969 asperitatem
1684 1903 1795 1956 evi-

203 2003 315 2046 tare
343 1991 812 2050 consonantium,
843 1989 1078 2042 hiulcam
1137 1988 1326 2060 fugere
1353 1990 1672 2047 dictionem.
1699 1992 1796 2045 Ri-

200 2086 450 2138 diculum
486 2093 575 2138 est
601 2082 868 2136 debilitati
892 2091 947 2137 et
993 2081 1151 2136 fracti
1201 2083 1371 2136 totius
1403 2084 1652 2152 corporis
1679 2084 1796 2137 vulc

202 2192 330 2230 nera
349 2191 527 2242 pauca
553 2184 878 2228 monstrare.
902 2173 1016 2227 Non
1037 2174 1180 2243 eligo
1202 2174 1348 2242 quod
1375 2175 1793 2244 reprehendam,

199 2268 368 2334 eligat
401 2266 525 2334 ipse
557 2265 702 2335 quod
760 2265 892 2318 vitio
932 2273 1136 2318 careat.
1166 2261 1245 2318 Ne
1286 2265 1415 2318 illud
1457 2265 1676 2334 quidem
1699 2264 1796 2319 So-

203 2361 476 2414 craticum
515 2373 684 2412 nosse
715 2356 978 2411 debuerat
1017 2373 1031 2409 :
1064 2355 1192 2410 Scio
1227 2356 1354 2426 quid
1392 2357 1577 2410 nescio
1609 2372 1624 2408 :

266 2499 457 2547 Nai-em
491 2509 647 2556 agere
685 2495 886 2560 ignarus
907 2498 1041 2560 navis
1062 2493 1547 2560 timetggabrotanu‘m
1575 2503 1705 2550 aegro

266 2561 375 2607 bon
401 2553 581 2611 audet,
607 2553 804 2613 nisi’qui
835 2556 1023 2612 didicit,
1043 2557 1178 2602 dare.
1209 2553 1348 2612 Quod
1370 2553 1672 2600 medicorum
1694 2557 1793 2612 est,

266 2621 583 2669 Promittunt
614 2617 790 2664 medici
823 2630 833 2662 :
865 2621 1076 2663 tractant
1109 2615 1297 2662 fabrilia
1322 2613 1466 2662 fabri.

263 2682 551 2731 Scribimus
597 2679 781 2727 indocti
811 2677 1043 2736 doctique
1078 2683 1302 2738 poemata
1336 2677 1531 2738 passim.

899 2735 1128 2798 (nam,
1151 2737 1311 2798 Epist.
1337 2735 1381 2794 l,
1414 2737 1478 2784 ad
1501 2735 1730 2800 August.)

203 2847 321 2903 Nisi
376 2847 528 2901 forte
560 2861 623 2901 se
673 2846 887 2899 litteras
917 2858 1024 2898 non
1080 2842 1346 2900 didicisse
1373 2840 1622 2910 jurabit;
1656 2855 1794 2910 quos

204 2956 306 2995 nos
340 2940 448 2993 illi
471 2947 527 2991 et
576 2940 782 3006 absque
838 2937 1150 3006 iuramento
1175 2932 1437 3003 perfacile
1462 2934 1742 2987 credimus
1773 2949 1789 2989 :

202 3034 286 3086 vel
333 3034 407 3085 ad
459 3030 785 3099 Apostolum
834 3027 1112 3096 confugiet
1172 3027 1556 3095 profitentem:
1595 3043 1613 3076 i
1653 3023 1794 3079 Etsi

200 3126 504 3196 imperitus
551 3138 821 3187 sermone,
875 3136 979 3174 non
1033 3130 1211 3173 tamen
1269 3119 1495 3172 scientia
1553 3116 1607 3184 (1
1667 3118 1790 3172 Cor.

1900 613 2084 680 Paule,
2125 614 2368 679 insanis;
2404 617 2586 673 multa:
2621 630 2670 675 te
2700 620 2893 673 litterae
2933 623 3000 676 ad
3040 624 3308 680 insaniam
3342 643 3477 684 con-

1899 718 2112 763 vertunt
2157 710 2296 778 (Act.
2330 725 2477 773 xxt'i,
2503 710 2614 777 21).
2669 733 2686 766 i
2725 713 2804 768 Tu
2830 715 2922 785 qui
2950 715 3004 770 in
3034 716 3241 774 Latinis
3276 725 3479 779 mussi-

1900 811 2002 868 tas,
2051 813 2104 858 et
2144 804 2453 859 testudineo
2511 807 2681 874 gradu
2748 811 2987 864 moveris
3036 811 3244 879 potius,
3309 832 3468 885 quam

1899 897 2109 950 incedis
2144 917 2157 951 :
2192 895 2272 952 vel
2301 898 2488 953 Grtece
2517 899 2686 954 debes
2718 902 2985 968 scribere,
3013 913 3072 957 ut
3102 906 3244 974 apud
3289 906 3468 960 homi-

1899 1001 1996 1040 nes
2024 986 2196 1041 Gra‘ci
2255 989 2523 1044 sermonis
2558 989 2774 1057 ignaros
2819 991 2990 1046 aliena
3026 996 3168 1048 scire
3201 995 3474 1052 videaris:

1896 1078 1980 1132 vel
2016 1079 2060 1132 si
2089 1073 2277 1134 Latina
2311 1083 2624 1146 tentaveris,
2651 1094 2776 1136 ante
2816 1086 3005 1139 audire
3034 1090 3477 1156 grammaticum.

1899 1168 2083 1222 ferulae
2104 1183 2325 1222 manum
2363 1171 2704 1233 subtrahere,
2740 1181 2798 1226 et
2833 1173 2974 1227 inter
3002 1179 3260 1242 parvulos
3281 1178 3480 1252 ἀθηνο-

1897 1261 2077 1331 γέρων
2110 1262 2130 1292 ³
2161 1269 2331 1316 artem
2389 1262 2641 1330 loquendi
2675 1265 2910 1320 discere.
2963 1267 3225 1332 Quamvis
3257 1273 3478 1328 Croesos

1898 1357 2022 1425 quis
2089 1358 2259 1425 spiret
2294 1365 2347 1410 et
2383 1356 2594 1421 Darius,
2631 1358 2826 1412 litterze
2859 1363 3197 1430 inarsupium
3235 1381 3340 1419 non
3382 1383 3473 1423 se-

1896 1456 2162 1516 quuntur.
2218 1448 2443 1503 Sudoris
2491 1450 2716 1503 comites
2749 1461 2876 1504 sunt
2926 1465 2979 1508 ct
3011 1455 3254 1517 laboris;
3309 1463 3474 1514 sociae

1895 1538 2270 1606 ieiuniorum,
2346 1557 2453 1594 non
2513 1543 2856 1606 saturitatis;
2926 1549 3302 1615 coutiiientire,
3365 1569 3472 1605 non

1899 1630 2141 1684 luxuriae.
2196 1632 2586 1687 Deiuosﬂieiies
2640 1635 2756 1702 plus
2789 1637 2892 1691 olei
2935 1653 3097 1706 quain
3133 1643 3239 1694 viiii
3269 1660 3472 1712 expen-

1897 1725 2043 1779 disse
2075 1725 2296 1788 dicitur,
2341 1735 2393 1779 et
2429 1741 2619 1779 omnes
2669 1729 2890 1793 opifices
2940 1734 3228 1788 nocturnis
3260 1751 3476 1806 semper

1899 1818 2102 1886 vigiliis
2165 1820 2518 1886 prieveniSse.
2557 1818 2710 1884 Quod
2772 1822 2859 1875 ille
2892 1823 2943 1876 in
2981 1841 3083 1877 una
3136 1825 3312 1881 littera
3351 1829 3479 1882 fecit

1897 1911 2276 1978 exprimenda,
2320 1921 2374 1964 ut
2409 1927 2436 1963 a
2480 1928 2616 1968 cane
2653 1915 2747 1966 r/io
2777 1914 3035 1977 disceret,
3068 1928 3120 1971 tu
3154 1923 3207 1972 in
3254 1937 3340 1973 me
3371 1923 3479 1974 cri-

1901 2002 2146 2068 minaris,
2187 2019 2356 2069 quare
2396 2005 2558 2057 |i0uio
2589 2007 2655 2058 ali
2690 2007 2912 2062 homine
2979 2008 3235 2065 Hebraeos
3267 2012 3478 2066 litteras

1899 2093 2199 2146 didicerim.
2235 2094 2360 2148 Inde
2389 2106 2473 2150 est
2503 2099 2644 2166 quod
2682 2101 2901 2167 quidam
2953 2103 3228 2156 inerudite
3255 2106 3474 2172 sapien-

1898 2194 1979 2239 tes
2008 2197 2290 2240 remanent
2318 2188 2361 2252 ⁸,
2394 2190 2524 2242 dum
2563 2191 2753 2245 nolunt
2778 2192 2989 2248 disccre
3015 2195 3160 2263 quod
3197 2195 3474 2263 ignoraui.

1897 2275 2004 2332 Nec
2034 2277 2314 2334 Horatium
2342 2283 2570 2337 audiunt
2598 2297 3036 2341 eouiiiioneiiteni
3088 2311 3100 2347 ;

2019 2412 2114 2461 Cur
2147 2416 2341 2463 nescire
2366 2415 2590 2476 pudens’
2614 2431 2783 2478 prave,
2805 2433 2950 2481 quam
2971 2423 3169 2475 discere
3195 2430 3355 2479 malo?

1899 2558 2166 2628 Loquitur
2194 2572 2247 2616 et
2280 2563 2581 2632 Sapientia,
2626 2582 2789 2634 quam
2834 2570 2938 2625 sub
2969 2574 3190 2629 nomine
3227 2574 3477 2630 Salomo-

1902 2652 1986 2707 nis
2033 2653 2302 2723 legimus:
2364 2675 2381 2707 i
2434 2657 2491 2711 lu
2555 2661 2877 2714 nialevolain
2911 2665 3150 2719 aniinain
3198 2683 3474 2737 nunquam

1902 2744 2120 2800 intrabit
2153 2749 2444 2816 sapientia,
2476 2766 2574 2804 nec
2615 2753 2884 2808 habitabit
2914 2755 2968 2808 in
3000 2771 3232 2824 corpore
3255 2763 3477 2814 subdito

1900 2840 2159 2906 peccatis.
2227 2840 2464 2907 Spiritus
2515 2846 2659 2897 enim
2693 2858 2916 2903 sanctus
2949 2851 3277 2907 eruditionis
3309 2854 3478 2924 fugiet

1898 2931 2101 2993 dolum,
2141 2941 2193 2983 et
2247 2935 2460 2987 recedet
2519 2949 2548 2987 a
2599 2939 3028 3005 cogitationibus
3088 2945 3277 2999 stultis
3318 2945 3472 3016 (Sap.

1900 3037 1940 3086 i,
1973 3023 2028 3085 4,
2071 3024 2144 3091 5).
2182 3042 2200 3073 ι
2232 3025 2384 3077 Aliud
2417 3037 2521 3090 est,
2553 3028 2597 3081 si
2634 3029 2775 3097 vulgi
2813 3030 3044 3086 lectione
3069 3037 3341 3100 contenti,
3378 3039 3477 3090 du-

1898 3123 2108 3168 ctorum
2142 3129 2300 3168 aures
2343 3115 2678 3184 despiciunt;
2716 3129 2771 3172 et
2814 3131 3168 3177 contemnunt
3202 3126 3335 3179 illud
3359 3128 3474 3181 elu-

202 3234 280 3283 ιι,
312 3219 392 3288 6).
440 3236 462 3268 ι
511 3216 609 3270 Ille
641 3214 884 3269 Hebraeis
922 3212 1115 3266 litteris
1138 3210 1410 3274 eruditus,
1438 3219 1492 3264 et
1524 3210 1590 3264 ad
1619 3211 1786 3279 pedes
1827 3212 1872 3272 C
1905 3210 2073 3279 gium,
2105 3225 2212 3279 quo
2237 3224 2433 3278 procax
2462 3211 2735 3280 imperitia
2769 3212 3064 3268 denotatur
3097 3234 3109 3268 :

201 3313 404 3367 doctus
448 3307 792 3372 Gamalielis,
824 3319 986 3375 quem
1029 3317 1136 3356 non
1170 3301 1467 3366 erubescit,
1491 3302 1605 3372 jam
1663 3318 1796 3371 apo-

204 3404 418 3458 stolicae
489 3400 824 3470 dignitatis,
883 3396 1203 3465 magistrum
1270 3395 1489 3460 dicere,
1549 3394 1795 3448 Graecam

205 3495 530 3550 facundiam
583 3490 1007 3554 contemnebat,
1074 3488 1166 3542 vel
1225 3496 1410 3552 certe,
1475 3487 1622 3556 quod
1679 3496 1795 3541 erat

204 3585 569 3647 humilitatis,
612 3582 1030 3644 dissimulabat;
1063 3589 1120 3632 ut
1165 3578 1483 3647 praedicatio
1509 3583 1653 3648 ejus,
1688 3596 1793 3634 non

203 3682 258 3735 in
295 3677 666 3750 persuasione
698 3674 858 3746 573
903 3674 1225 3739 verborum,
1279 3671 1376 3729 sed
1422 3672 1477 3726 in
1510 3673 1791 3741 signorum

205 3776 413 3827 virtute
456 3769 816 3829 consisteret;
860 3780 1122 3835 spernens
1173 3763 1400 3833 alienas;
1427 3779 1582 3832 opes,
1615 3765 1789 3833 quiin

205 3866 325 3919 suis
357 3864 521 3916 dives
547 3870 698 3912 erat:
753 3873 1065 3927 quanquam
1123 3857 1188 3910 ad
1243 3856 1582 3925 imperitum.
1617 3866 1669 3909 et
1699 3871 1792 3926 per

200 3954 460 4024 singulas
517 3953 697 4004 instar
741 3951 817 4001 tui
865 3948 1167 4001 sententias
1219 3956 1592 4009 corruentem,
1647 3961 1790 3998 nun-

276 4070 295 4100 ⁸
328 4065 592 4120 Gamiuni
614 4069 763 4128 puta,
788 4060 1202 4127 grammaticum
1247 4067 1300 4111 et
1329 4058 1580 4128 criticum
1610 4061 1788 4124 magni

202 4138 453 4192 nominis
488 4126 688 4199 :cujiis
754 4133 834 4183 hie
885 4139 1062 4181 tamen
1116 4137 1315 4199 partes!
1357 4126 1554 4180 Rufino
1606 4129 1789 4182 minus

199 4222 356 4264 certe
385 4197 726 4258 conveniunt
755 4214 914 4267 quam
951 4199 1276 4264 Hieronymo
1305 4197 1542 4264 ipsiiiiet.

278 4281 299 4310 ³
334 4278 403 4328 ΕΙ
431 4273 504 4325 ad
538 4273 863 4323 struendum.
905 4269 1052 4322 Unus
1081 4270 1250 4320 codex
1286 4278 1439 4317 vetus
1460 4283 1581 4318 cum
1604 4268 1782 4329 editis,

200 4353 273 4400 ad
319 4347 636 4398 struendum
681 4341 807 4390 mili
862 4339 1185 4389 calumniam
1241 4352 1486 4388 cernuus.
1537 4336 1785 4391 Ceriiuiis

200 4429 394 4470 ιιιιεω
459 4412 545 4463 vel
620 4409 870 4462 cernulus
924 4409 1284 4459 calumniator
1330 4408 1670 4471 intelligitur,
1730 4418 1784 4459 ct

199 4498 518 4543 ειηιςρτδοιε
578 4483 642 4532 al
703 4479 1027 4531 calumniam
1091 4479 1428 4529 struendam.
1506 4477 1779 4530 Msizriax.

199 4559 292 4611 Sic
335 4557 453 4607 ille.

196 4641 433 4698 gantur,
471 4636 721 4672 cernuus.
780 4615 1081 4698 Vide-nium
1145 4614 1380 4694 cervum;
1436 4615 1533 4693 [δεῖ
1582 4618 1774 4681 possit,

194 4685 249 4752 Et
298 4685 512 4750 animal
562 4689 850 4755 ὀξυδερκδν
896 4685 1009 4738 sive
1045 4686 1350 4737 acutissimi
1411 4686 1561 4737 visus
1605 4695 1776 4747 notet,

195 4772 368 4834 eique
431 4760 688 4814 Rufinum
737 4757 1205 4834 aissimilet,_quoil
1237 4756 1301 4806 ad
1340 4755 1656 4834 struendam
1692 4772 1779 4834 ca-

197 4823 480 4891 lumniam
544 4839 706 4881 acute
761 4827 986 4877 videret.
1036 4824 1306 4876 Paciaiius
1357 4823 1779 4879 Barciiionensis

195 4906 506 4972 quemdam
541 4901 738 4972 librum
771 4911 929 4948 suum
985 4893 1328 4972 ins-cripsissc
1361 4897 1593 4972 dicitur.
1628 4909 1776 4948 cerua

200 4962 290 5029 vel
322 4975 566 5032 (erutus,
601 4971 742 5035 quod
777 4979 973 5017 nomen
1008 4963 1164 5035 ‘ideui
1196 4979 1258 5016 ac
1291 4962 1659 5035 calumniator
1688 4979 1778 5017 so-

198 5063 341 5100 nare
393 5056 572 5094 visum
618 5032 733 5101 est;
779 5045 831 5086 et
876 5032 1110 5084 ceruluin
1174 5035 1368 5102 facere,
1427 5033 1775 5086 calumniari.

201 5119 344 5170 Vide
377 5126 504 5180 quae
531 5111 584 5160 in
626 5123 747 5180 cuin
775 5103 1013 5180 Catalogi
1051 5108 1225 5180 locum
1258 5108 1601 5180 adsint-amns.

273 5186 295 5216 a
332 5172 598 5236 Ράηιιιιοδ
648 5172 1016 5241 ἁθηνογὲρωέι.
1058 5172 1433 5241 Ἀθηνογέρων
1486 5181 1570 5225 est
1625 5187 1781 5225 senex

194 5252 582 5311 scholasticus,
600 5248 687 5314 qui
721 5249 769 5294 in
791 5254 1070 5296 senectute
1095 5242 1288 5314 litteris
1307 5256 1504 5294 navare
1532 5242 1778 5309 incipiat.

195 5309 725 5392 Coniposuadictio
777 5330 840 5366 ex
886 5315 1109 5392 ‘Alii'ivq,
1147 5309 1550 5392 Minerva,_qu:e
1583 5314 1782 5367 studiis

198 5381 447 5464 Paeg“.
497 5390 798 5464 dicebatur,
832 5385 1140 5464 elu‘répwy‘,
1189 5384 1364 5460 aeneas.
1409 5381 1683 5464 hianna.
1710 5411 1781 5421 -—-

198 5452 323 5521 Sub
382 5463 598 5514 initium
647 5455 765 5508 libri
800 5456 961 5515 tertii,
1000 5472 1017 5503 ι
1084 5453 1290 5519 Neque,
1325 5452 1530 5518 inquit,
1555 5457 1782 5506 atheuo-

198 5545 440 5595 acroma
504 5544 679 5580 iiieiini
737 5534 947 5577 scutica
980 5534 1036 5595 et
1090 5523 1268 5595 plagis
1313 5523 1526 5595 litteras
1581 5525 1780 5577 docere

196 5592 504 5660 contendo.
539 5616 557 5648 ι
595 5596 800 5649 Nomen
852 5608 917 5646 ex
975 5593 1164 5646 (Ξῖ-ειςρο
1223 5592 1543 5659 discipulum
1596 5608 1779 5646 seueui

200 5684 496 5796 "otaVletus
531 5737 700 5798 Edit.,
751 5736 966 5803 quidam
1017 5733 1268 5788 ineruditi
1301 5732 1583 5802 prudenter
1609 5749 1782 5786 rema-

199 5823 666 5939 “VL-33mm
689 5878 909 5947 pudens.
945 5874 1222 5931 Marianos
1249 5889 1373 5930 cum
1416 5888 1547 5928 mss.
1583 5873 1782 5928 codici-

523 4552 625 4602 Alii
653 4549 803 4606 editi,
848 4549 1046 4614 quibus
1085 4561 1213 4598 iiiss.
1265 4546 1509 4596 noiiniiili
1581 4547 1775 4598 sull'ra-
1815 4546 1856 4598 ι)

1997 3360 2019 3388 ι
2044 3361 2054 3371 .
2084 3361 2094 3370 .
2137 3360 2148 3372 .
2276 3323 2378 3388 Non
2402 3328 2451 3372 tu
2478 3325 2526 3372 in
2563 3322 2742 3388 triviis.
2765 3325 2982 3384 indocte,
3009 3326 3225 3388 solebas,

1994 3386 2232 3441 Stridenti
2254 3386 2487 3434 miserum
2514 3385 2690 3447 stipula
2716 3389 3006 3449 disperdere
3034 3385 3271 3439 carmen?

1901 3485 2066 3552 Quasi
2099 3503 2201 3540 non
2241 3487 2567 3541 cirratorum
2600 3489 2756 3543 turba
2798 3489 2818 3518 ⁸
2865 3489 3199 3546 Milesiarum
3231 3495 3286 3547 in
3310 3494 3474 3549 8011ον

1901 3580 1966 3634 lis
2007 3578 2254 3648 figmenta
2295 3579 2543 3634 decantet
2576 3599 2590 3632 :
2620 3589 2669 3634 et
2720 3589 3113 3637 testamentum
3153 3584 3300 3649 Suis,
3339 3586 3469 3641 Bes-

1899 3685 2083 3723 sorum
2131 3669 2400 3722 cachinno
2443 3675 2685 3724 membra
2725 3674 3047 3738 concutiat,
3109 3685 3272 3745 atque
3325 3678 3469 3731 inter

1897 3773 2210 3814 scurrarum
2237 3760 2446 3828 epulas.
2483 3777 2638 3828 nugae
2672 3761 2982 3817 istiusmodi
3026 3764 3463 3834 frequeutcntui'.

1895 3854 2146 3919 QuOtiilie
2178 3853 2228 3906 in
2267 3855 2458 3922 plateis
2487 3857 2644 3908 fictus
2676 3858 2884 3910 ariolus
2931 3858 3226 3911 stultorum
3263 3869 3412 3914 nates
3442 3862 3460 3889 ⁷

1894 3946 2164 4009 verberat,
2212 3955 2263 3998 et
2301 3948 2522 3998 olitorio
2553 3946 2719 4017 474,
2754 3949 3047 4018 scorpione
3100 3951 3288 4006 dentes
3326 3969 3467 4006 inor-

1900 4061 2021 4118 bus.
2053 4059 2162 4111 Cur
2199 4062 2400 4112 nescire
2431 4061 2658 4128 prudens
2699 4079 2877 4129 prave,
2913 4076 3017 4117 etc.
3054 4064 3333 4130 Erasmus,
3361 4067 3467 4122 Cur

1894 4130 2091 4205 nescire
2134 4133 2388 4205 prio/ens,
2423 4144 2528 4184 etc.
2571 4134 2724 4200 Apud
2765 4133 3066 4197 Horatium,
3108 4137 3169 4188 de
3196 4137 3320 4189 Arte
3345 4153 3466 4205 poe-

1891 4201 1996 4250 lt'ra
2025 4204 2091 4250 ad
2133 4200 2348 4252 Pisones
2380 4215 2397 4251 :

2008 4311 2105 4375 Cur
2129 4324 2242 4370 ego,
2271 4315 2307 4358 si
2336 4325 2549 4372 nequeo,
2585 4314 2876 4374 ignoroque,
2913 4321 3055 4375 poeta
3091 4315 3313 4363 saluior?

2008 4374 2103 4421 Cur
2129 4375 2320 4422 nescire
2346 4379 2534 4434 pudens
2559 4387 2728 4434 prave,
2762 4388 2904 4435 quam
2929 4376 3125 4484 discentia
3159 4375 3323 4425 malo?

3100 4453 3292 4484 AHTIAN.

3100 4453 3292 4487 ABTIAN.

1959 4520 1980 4549 °
2018 4518 2187 4583 Quasi
2221 4536 2320 4590 non
2359 4521 2675 4571 cirratorum
2721 4519 2897 4573 turba.
2928 4519 3001 4570 De
3034 4523 3249 4576 cirratis
3279 4525 3461 4590 pueris

1883 4605 2050 4713 gupi-a
2111 4592 2162 4640 iii
2224 4589 2479 4656 Epistolis
2533 4591 2796 4643 diximus.
2855 4591 3074 4644 Persius
3127 4593 3193 4646 de
3265 4589 3456 4649 iisdem

1931 4671 2048 4710 ni.i
2091 4675 2102 4710 ;

1931 4671 2102 4710 ιιι.ι;

2008 4771 2105 4821 Nec
2131 4771 2354 4820 matutini
2387 4773 2557 4821 cirrata
2586 4783 2780 4822 caterva
2817 4774 3050 4836 magistri.
3150 4776 3394 4827 MAB'HAN.

1886 4897 1952 4948 -τ-
1985 4868 2304 4949 βοηιειιιιιοε
2362 4885 2563 4936 pueros
2620 4870 2895 4937 significat
2920 4873 3077 4940 juxta
3107 4872 3239 4928 illud
3271 4876 3453 4946 vulga-

1885 4950 2098 4992 llaSlllttl
2111 4957 2156 4990 111
2197 4956 2210 4993 ζ

2004 5074 2129 5121 Ten’
2161 5072 2447 5121 cirratorum
2471 5080 2668 5134 centum
2694 5075 2872 5122 dictata
2908 5075 3080 5134 fuisse,

2013 5137 2106 5182 Pro
2127 5135 2283 5183 nihilo
2309 5131 2528 5195 pendas?

1893 5240 2099 5312 Vitiosc
2150 5247 2331 5312 autem
2380 5240 2660 5312 hucusque
2697 5240 2935 5312 obtinuit
2987 5241 3314 5296 Milesiorum
3352 5259 3451 5312 pro

1885 5311 2230 5383 Milesiarum.
2267 5307 2468 5375 Nempe
2501 5308 2739 5383 Milesias
2793 5309 2981 5365 dixere
3012 5314 3218 5383 antiqui
3255 5307 3451 5379 genere

1887 5382 2169 5443 feminino,
2204 5394 2306 5429 non
2327 5389 2571 5451 neutro;
2605 5381 2794 5451 sicque
2821 5381 3170 5449 appellabant.
3199 5397 3448 5451 poemata

1885 5461 1937 5505 et
1967 5453 2176 5505 fabulas
2207 5450 2575 5509 lascivientes,
2615 5450 2729 5503 sive
2789 5453 2961 5505 aniles
2999 5453 3162 5505 etiam
3200 5450 3252 5507 et
3305 5459 3452 5507 vani-

1885 5523 2055 5577 dieas,
2088 5521 2474 5581 etaiuatorias,
2500 5529 2604 5572 etc.
2631 5519 2761 5572 Vide
2791 5518 3140 5575 Plutarchum
3171 5524 3223 5578 in
3253 5523 3455 5577 Crasso

1887 5591 1952 5644 de
1994 5591 2227 5651 Surena,
2261 5588 2560 5641 Luciauiiui
2591 5590 2643 5641 in
2680 5590 2898 5657 Dialogo
2922 5590 3150 5659 ἔρωτες,
3178 5605 3279 5646 etc.
3325 5592 3452 5646 Suis

1886 5669 2271 5714 testamentum
2331 5662 2448 5713 vide
2498 5661 2637 5728 apud
2680 5659 3020 5714 BriSsouiiiin
3069 5665 3135 5716 de
3181 5664 3456 5717 Formulis

1889 5732 1984 5784 lib.
2012 5746 2108 5783 vn.

1963 5802 1980 5830 ⁷
2014 5803 2359 5873 alartiaineus
2411 5817 2586 5873 nares.
2635 5799 2770 5857 Vide
2829 5818 2949 5872 qua
3007 5802 3243 5859 diximus
3293 5820 3456 5873 supra

1893 5871 1987 5925 lib.
2023 5886 2060 5922 ii
2086 5873 2140 5925 iii
2176 5870 2294 5927 Juv.
2334 5888 2386 5923 n.
2418 5872 2484 5925 ’56
2535 5881 2653 5925 iiot.
