4202 6496
735 439 834 506 431

1915 441 1978 506 S.
2006 441 2319 504 EUSEBII
2353 441 2794 505 lilERO-NYMI

3880 438 3982 502 832

737 553 980 610 dentium
1007 551 1222 624 quatit:
1255 562 1309 609 et
1340 553 1603 610 miramur
1653 552 1700 609 si
1736 552 2119 626 imperitorum
2172 558 2296 610 libri
2332 567 2372 620 Α
2400 568 2448 610 et
2477 555 2684 624 absque
2705 556 2811 608 ulla
2831 551 3149 608 verecundia
3173 550 3432 624 quidquid
3455 551 3508 606 in
3526 551 3753 606 buccam
3775 552 3989 605 veneri:

739 647 998 702 lectorem
1031 645 1354 703 inveniant?

810 737 896 794 18.
928 737 1282 809 lndignantur
1307 754 1475 809 quare
1505 737 1842 810 Origenistas
1875 739 2190 809 scripserim
2219 741 2301 792 in.

739 840 821 885 ter
871 845 931 887 se
973 832 1142 902 orgiis
1203 831 1617 888 mendaciorum
1682 831 1958 886 fmdereri.
2011 829 2300 887 Nominavi

737 924 979 990 librum,
1048 926 1100 978 in
1155 939 1267 996 quo
1326 927 1426 982 hoc
1485 927 1748 996 scriptum
1804 925 2062 995 legerim:
2107 926 2156 980 id
2197 935 2302 988 est,

739 1026 953 1088 sextum
980 1013 1312 1071 Stromateon
1343 1018 1617 1088 Origenis,
1679 1017 1734 1070 in
1783 1031 1890 1084 quo
1913 1015 2155 1072 Platonis
2181 1032 2305 1071 sen-

739 1111 922 1166 tentia
974 1119 1222 1165 nostrum
1260 1111 1456 1179 dogma
1499 1124 1864 1181 componens,
1915 1111 1986 1164 ita
2023 1110 2302 1180 loquitur:

746 1224 765 1257 ι
813 1204 968 1261 Plato
996 1205 1048 1258 in
1085 1204 1244 1258 tertio
1286 1206 1350 1258 de
1383 1203 1662 1273 Republica
1691 1204 1870 1258 libro:
1913 1204 2124 1257 Veritas
2173 1217 2309 1270 quo-

741 1316 848 1371 que
897 1297 1152 1355 sectanda
1209 1313 1540 1368 magnopere
1604 1307 1710 1354 est.
1767 1296 1822 1352 Si
1852 1298 2020 1360 enim,
2060 1305 2119 1349 ut
2150 1297 2308 1362 paulo

743 1403 869 1446 aute
904 1391 1209 1446 rectissime
1235 1391 1574 1454 dicebamus,
1601 1390 1712 1444 Deo
1739 1389 1997 1444 indecens
2029 1397 2082 1443 et
2115 1389 2308 1444 inutile

744 1484 1090 1540 mendacium
1140 1495 1243 1550 est,
1298 1483 1612 1536 hominibus
1651 1482 1982 1550 quandoque
2045 1481 2179 1535 utile
2229 1483 2311 1550 (ut

744 1589 969 1635 utantur
993 1595 1058 1632 eo
1093 1577 1249 1648 quasi
1281 1577 1632 1632 condimento
1675 1585 1838 1645 atque
1883 1575 2262 1640 medicamine)
2294 1593 2308 1640 ;

742 1673 872 1726 nulli
896 1671 1123 1726 dubium
1159 1679 1263 1732 est,
1293 1670 1425 1738 quin
1461 1668 1775 1737 huiusmodi
1817 1669 2038 1724 licentia
2077 1669 2306 1722 medicis

739 1765 916 1819 danda
951 1765 1043 1828 sit,
1075 1772 1128 1818 et
1166 1765 1234 1817 ab
1284 1763 1732 1833 imprudentibus
1760 1760 2112 1815 removenda.
2146 1759 2307 1821 Vera,

741 1857 943 1927 inquit,
966 1855 1172 1912 asseris
1200 1873 1214 1909 :
1241 1869 1373 1926 ergo
1406 1856 1682 1925 principes
1743 1852 1989 1916 urbium,
2027 1851 2071 1905 si
2107 1850 2312 1921 quibus

2406 649 2666 717 conﬁngit
2691 649 2743 700 in
2779 646 3000 709 fratres,
3033 647 3352 716 magistrum
3385 646 3736 714 scaptimum
3768 642 3984 711 probat.

2476 743 2562 796 l9.
2600 741 2812 794 Psalmi
2845 756 2884 794 tt
2924 739 3411 807 interpretationem
3445 737 3706 808 defendit.
3757 735 3988 789 Deoscw

2408 835 2536 889 latio
2587 851 2683 905 pro
2713 835 3050 888 ueneratione
3107 831 3250 901 apud
3284 830 3628 885 Πρόναοι-
3667 828 3808 882 Illud
3864 841 3992 896 quo-

2407 947 2513 1000 que
2540 945 2766 1000 carpere
2795 927 3022 991 dicitur,
3061 927 3209 996 quod
3252 922 3560 981 secundum
3596 923 3882 979 Psalmnm
3907 920 3991 974 in-

2409 1031 2738 1092 terpretans,
2783 1036 2882 1091 pro
2925 1034 2991 1075 eo
3047 1020 3191 1090 quod
3246 1019 3475 1091 legimus
3518 1017 3574 1072 in
3627 1015 3849 1080 Latino,
3885 1014 3996 1081 Αρ-

2409 1115 2714 1183 prehendite
2767 1115 3145 1182 disciplinam;
3202 1120 3256 1166 et
3305 1113 3358 1166 in
3411 1110 3676 1167 Hebraico
3717 1108 3998 1163 volumine

2411 1207 2675 1274 scriptum
2709 1219 2792 1262 est
2819 1223 2984 1263 uescu
3019 1222 3139 1271 sui,
3172 1205 3402 1260 dixerim
3432 1207 3486 1260 in
3517 1201 3998 1261 Commentariolis

2412 1301 2547 1355 meis
2575 1301 2621 1366 ’,
2652 1299 2880 1356 Adorate
2899 1303 3094 1372 ﬁlium.
3138 1298 3200 1352 Et
3226 1314 3444 1354 rursum
3478 1314 3640 1353 omne
3664 1297 3995 1352 Psalterium

2413 1395 2466 1446 in
2517 1393 2824 1447 Romanum
2860 1404 3077 1448 vertens
3118 1407 3339 1455 sonum,
3374 1391 3533 1460 quasi
3585 1393 3879 1444 immernor
3905 1403 3999 1441 ex-

2420 1486 2710 1556 positionis
2741 1485 2981 1555 antiqua
3015 1486 3323 1556 posuerim,
3353 1485 3590 1539 Δάοι-ιιι(
3613 1497 3750 1552 pure
3771 1497 3791 1535 :
3849 1481 3997 1550 quod

2416 1578 2604 1647 utique
2639 1577 2742 1633 sibi
2775 1591 2898 1632 esse
2937 1578 3280 1632 contrarium
3313 1574 3575 1632 omnibus
3600 1582 3769 1643 patet.
3807 1570 3878 1624 Et
3908 1586 3996 1626 re-

2413 1683 2544 1723 vera
2575 1670 2962 1740 ignoscendum
2996 1679 3081 1724 est
3111 1669 3186 1734 ei,
3214 1668 3259 1723 si
3289 1668 3503 1739 ignoret
3535 1667 3732 1737 lingua:
3765 1662 4001 1719 Hebrai-

2418 1774 2494 1813 cze
2524 1762 2830 1826 veritatem,
2861 1761 2953 1830 qui
2989 1762 3262 1816 interdum
3319 1770 3376 1815 et
3415 1763 3471 1814 in
3503 1760 3717 1816 Latinis
3757 1759 3996 1813 btsitat.

2418 1849 2597 1904 Nsscu
2631 1851 2674 1914 ³,
2710 1859 2770 1903 ιιι
2827 1851 3051 1906 verbum
3081 1850 3150 1905 de
3187 1851 3351 1905 verbo
3386 1849 3735 1920 interpreter,
3767 1864 4003 1916 καταφιο

741 1959 797 2004 et
823 1948 945 2003 aliis
971 1950 1074 2004 hoc
1097 1949 1438 2008 conceditur.
1468 1953 1688 2014 Oportet
1738 1944 2036 2014 aliquando
2067 1943 2310 2005 mentiri,
2347 1932 2386 1984 Β
2416 1943 2646 2012 Manes.
2673 1943 2723 1996 id
2753 1955 2856 2008 est,
2898 1946 3286 1999 deosculamisi
3322 1943 3528 1998 dicitur
3559 1962 3574 1997 :
3604 1944 3753 2013 quod
3784 1958 3889 2010 ego
3906 1957 4001 1996 no-

743 2039 825 2094 vel
850 2047 1038 2094 contra
1091 2039 1316 2103 hostes,
1384 2037 1464 2091 vel
1513 2052 1612 2105 pro
1651 2037 1825 2106 patria
1867 2046 1920 2090 et
1945 2037 2186 2090 civibus.
2233 2035 2314 2090 Ab

741 2132 864 2188 aliis
910 2144 1039 2185 vero
1060 2130 1151 2199 qui
1186 2129 1263 2183 uti
1297 2128 1585 2183 mendacio
1615 2127 1888 2190 nesciunt,
1946 2126 2307 2180 auferendum

740 2234 819 2279 est
851 2237 1012 2279 omne
1059 2222 1426 2276 mendacium.
1455 2237 1479 2271 ι
1517 2217 1819 2288 Origenes:
1853 2237 1874 2270 ι
1913 2217 1978 2271 Ει
2019 2234 2117 2273 nos
2150 2219 2316 2289 igitur

740 2317 889 2372 illius
940 2313 1196 2386 praecepti
1253 2325 1559 2366 memores:
1605 2329 1623 2361 ι
1659 2310 1969 2378 Loquimini
2024 2311 2309 2366 veritatem

741 2408 1120 2479 unusquisque
1183 2419 1309 2459 cum
1370 2404 1623 2470 proximo
1656 2417 1757 2457 suo
1787 2401 2007 2473 (Ephes.
2040 2419 2114 2466 tv,
2140 2402 2257 2473 25).
2290 2421 2308 2456 ι

744 2518 850 2558 non
886 2502 1149 2556 debemus
1182 2499 1386 2561 dicere,
1410 2497 1536 2568 quis
1561 2507 1645 2552 est
1673 2497 1955 2566 proximus
1996 2497 2192 2550 meus?
2218 2497 2312 2551 sed

739 2592 1091 2648 considerare
1130 2590 1404 2660 quomodo
1466 2589 1824 2658 philosophus
1857 2599 2014 2641 caute
2054 2588 2256 2641 dixerit
2296 2604 2309 2642 :

743 2683 849 2737 Deo
883 2681 1159 2735 indecens
1197 2689 1249 2734 et
1287 2679 1478 2732 inutile
1525 2693 1646 2731 esse
1679 2679 2048 2744 mendacium,
2080 2679 2314 2731 homini-

739 2775 842 2829 hus
874 2773 1146 2826 interdum
1202 2771 1330 2825 utile
1361 2785 1380 2838 ;
1419 2780 1474 2824 et
1511 2769 1652 2839 quod
1687 2783 1753 2824 ne
1785 2784 1880 2838 pro
1909 2769 2313 2838 dispensatimie

737 2865 956 2934 quidem
994 2863 1268 2934 putandus
1313 2865 1382 2916 sit
1437 2860 1577 2936 Deps
1607 2861 1903 2930 aliquando
1932 2862 2172 2914 mentiri.
2215 2860 2308 2914 Sin

739 2966 922 3010 autem
950 2955 1298 3010 commodum
1327 2952 1602 3008 audientis
1627 2954 1891 3024 exegerit,
1919 2954 2104 3008 verbis
2137 2955 2315 3023 loqui-

739 3059 831 3104 tur
848 3048 1118 3117 ambiguis
1143 3057 1194 3102 et
1227 3063 1322 3117 per
1349 3047 1638 3117 agnimata
1669 3063 1786 3116 qum
1817 3053 1930 3102 vult
1977 3047 2201 3116 profert,
2254 3058 2314 3100 ιιι

737 3152 792 3198 et
825 3144 1068 3197 veritatis
1090 3144 1232 3212 apud
1252 3157 1376 3194 eum
1405 3142 1639 3212 dignitas
1660 3150 2016 3196 conservetur
2039 3157 2055 3208 ;
2085 3150 2137 3194 et
2169 3142 2310 3210 quod

2420 2035 2539 2089 lens
2575 2035 2876 2090 transferre
2899 2037 3111 2104 putide.
3147 2051 3370 2091 sensum
3402 2037 3573 2106 magis
3598 2044 3826 2091 sectus
3849 2049 3997 2092 sum.

2421 2135 2477 2179 ut
2517 2127 2783 2193 dicerem,
2820 2131 3059 2183 adorate.
3092 2128 3228 2194 Quia
3263 2130 3409 2183 enim
3431 2130 3523 2196 qui
3551 2129 3785 2182 adorant
3818 2127 4002 2181 solent

2418 2217 2725 2274 deosculari
2765 2236 3012 2285 manum,
3045 2229 3100 2275 et
3130 2223 3308 2292 capita
3361 2221 3466 2275 aub
3494 2247 3501 2267 ι
3528 2224 3688 2276 ittere
3739 2222 3908 2290 (quod
3942 2234 4000 2274 se

2418 2313 2612 2367 beatus
2643 2312 2744 2368 Job
2779 2314 3068 2369 elementis
3098 2322 3154 2368 et
3181 2314 3340 2369 idolis
3375 2315 3570 2369 fecisse
3593 2324 3779 2383 negat.
3804 2314 4001 2368 dicens

2418 2405 2561 2476 (cap.
2589 2423 2739 2473 xui,
2770 2407 2864 2470 27,
2896 2408 2992 2475 28)
3021 2425 3035 2461 :
3067 2405 3156 2460 «Si
3196 2409 3303 2462 vidi
3331 2411 3498 2462 solem
3527 2423 3649 2461 cum
3669 2407 3924 2474 fulgeret,
3949 2419 4001 2459 et

2418 2497 2604 2551 lunam
2646 2501 2983 2555 incedentem
3053 2503 3199 2558 clare
3231 2518 3246 2558 :
3276 2512 3331 2556 et
3361 2502 3599 2556 laetatum
3632 2511 3714 2554 est
3749 2503 3801 2553 in
3866 2502 3997 2552 abs.

2415 2591 2637 2644 condito
2674 2606 2770 2646 cor
2805 2609 3006 2655 meum,
3035 2603 3089 2648 et
3110 2595 3390 2649 osculatus
3413 2609 3533 2649 sum
3572 2607 3791 2646 manum
3816 2607 3996 2646 meam

2418 2698 2512 2736 ore
2565 2699 2709 2748 meo,
2763 2700 2884 2754 quae
2936 2686 3196 2755 iniquitas
3229 2689 3462 2741 maxima
3511 2698 3615 2750 est,
3677 2696 3734 2739 et
3780 2686 4002 2755 negatio

2416 2785 2605 2829 contra
2638 2775 2808 2830 Deum
2859 2777 3222 2833 altissimum»
3253 2778 3296 2846 ),
3335 2790 3389 2832 et
3425 2777 3633 2832 Hebra-i
3669 2776 3823 2848 juxta
3898 2780 4002 2829 lino

2417 2884 2535 2937 gum
2564 2883 2674 2922 suae.
2713 2873 3122 2938 proprietatem,
3152 2869 3620 2924 deosculatiouem
3671 2883 3773 2939 pro
3831 2883 4001 2922 vene-

2417 2962 2628 3014 ratione
2651 2972 2882 3030 ponunt,
2921 2961 2973 3015 id
3013 2963 3291 3024 transtuli,
3323 2965 3465 3031 quod
3500 2962 3602 3028 ipsi
3663 2961 3998 3028 intelligunt,

2418 3065 2646 3120 quorum
2684 3052 2907 3106 verbum
2941 3063 3046 3110 est.
3081 3052 3189 3107 But
3222 3064 3402 3108 autem
3442 3055 3581 3123 apud
3618 3055 3739 3108 illus
3781 3055 4000 3109 diversa

2419 3144 2712 3214 signiﬁcat.
2754 3146 2959 3199 Dicitur
2989 3149 3133 3200 enim
3193 3158 3248 3202 et
3314 3148 3482 3215 ﬁlius,
3553 3156 3609 3200 ut
3667 3156 3752 3202 est
3809 3148 4001 3203 illud:

731 3238 961 3292 noxium
1011 3251 1130 3291 esse
1191 3246 1420 3306 poterat,
1477 3236 1521 3290 si
1588 3235 1794 3289 nudum
1863 3233 2206 3304 proferretur
2257 3236 2308 3288 in
2341 3277 2383 3332 ο
2422 3237 2677 3306 Barjona,
2711 3239 2855 3304 ﬁlius
2894 3240 3172 3299 columbae.
3235 3251 3290 3294 et
3344 3241 3804 3307 Bartholomeus,
3857 3245 4002 3312 ﬁnus

740 3328 958 3398 vulgus,
983 3325 1217 3395 quodam
1249 3335 1450 3382 tectum
1482 3325 1752 3381 velamine
1776 3325 2112 3396 proferatur.
2139 3326 2312 3379 Homo

740 3429 946 3482 autem.
964 3421 1050 3478 cui
1079 3420 1346 3475 incumbit
1365 3420 1666 3475 necessitas
1683 3419 2002 3486 mentiendi,
2027 3419 2314 3489 diligenter

739 3515 1006 3580 auendat,
1055 3524 1116 3569 ut
1148 3515 1228 3582 sic
1251 3524 1436 3571 utatur
1497 3513 1771 3568 interdum
1832 3513 2142 3575 mendacio,
2181 3526 2316 3580 quo-

739 3608 904 3669 modo
935 3607 1276 3667 eundimento
1318 3616 1482 3678 atque
1521 3605 1882 3659 medicamine
1939 3605 1954 3635 ⁸
1984 3619 1998 3669 ;
2030 3611 2090 3657 ιιι
2137 3609 2317 3657 servet

740 3721 1056 3762 mensuram
1096 3703 1236 3774 ejus,
1293 3717 1362 3756 ne
1420 3699 1651 3755 excedat
1677 3698 1964 3758 terminos.
1991 3697 2190 3764 quibus
2220 3711 2314 3750 usa

739 3809 823 3856 eat
871 3797 1062 3853 Judith
1124 3805 1315 3849 contra
1357 3792 1726 3853 Holofernem.
1789 3799 1844 3844 et
1877 3790 2004 3843 vicit
2033 3804 2156 3842 eum
2185 3803 2316 3856 prn-

739 3892 882 3948 denti
909 3888 1256 3946 simulatione
1289 3887 1603 3941 verborum.
1655 3885 1905 3937 lmitetur
1933 3882 2155 3946 Esther,
2190 3895 2312 3949 quae

741 3982 1056 4035 Artaxerxis
1119 3978 1443 4032 sententiam
1498 3975 1591 4030 diu
1649 3975 1811 4027 tacita
1863 3975 2042 4042 gentis
2076 3974 2307 4026 veritate

740 4071 997 4128 correxit.
1065 4067 1130 4122 Et
1181 4069 1232 4122 in
1271 4068 1462 4136 primis
1509 4067 1876 4136 patriarcham
1909 4062 2074 4136 475
2129 4061 2315 4128 Jacob,

741 4180 903 4236 quem
955 4163 1186 4232 legimus
1217 4161 1628 4215 benedictiones
1685 4157 1858 4227 patris
1918 4155 2112 4208 artifici
2149 4155 2322 4223 impe-

747 4270 923 4314 trasse
948 4254 1253 4310 mendacio.
1291 4251 1374 4305 Ex
1405 4265 1516 4321 quo
1545 4252 1891 4321 perspicuum
1913 4258 2014 4310 est,
2045 4246 2188 4316 quod
2219 4247 2320 4300 nisi

743 4353 816 4406 ita
835 4348 1047 4404 mentiti
1075 4346 1359 4402 fuerimus.
1384 4353 1438 4397 ut
1459 4357 1710 4412 magnum
1727 4339 1881 4394 nobis
1897 4354 1960 4392 ex
1987 4338 2088 4392 hoc
2101 4336 2319 4406 aliquod

744 4446 1022 4509 queratur
1039 4432 1558 4503 bonum,judicandi
1575 4431 1768 4490 simus,
1783 4427 1937 4497 quasi
1960 4427 2164 4481 inimici
2183 4431 2321 4493 ejus,

745 4530 839 4602 qui
862 4531 936 4582 ait
967 4543 984 4583 :
1017 4546 1034 4578 ι
1079 4525 1188 4596 Ego
1216 4539 1342 4581 sum
1365 4523 1564 4578 veritas
1597 4521 1777 4591 (Joan.
1809 4535 1918 4585 xiv,
1943 4519 2020 4587 6).
2053 4537 2070 4569 ι
2099 4549 2166 4561 -
2201 4519 2323 4575 llmc

2421 3329 2727 3392 Tholomazi,
2758 3343 2810 3384 et
2842 3331 3225 3400 Batthimaeus,
3289 3347 3344 3388 et
3407 3335 3670 3389 Burhiesu
3702 3339 3745 3398 ³.
3781 3349 3833 3391 et
3868 3337 4002 3392 Baro

2417 3425 2595 3480 rabas.
2635 3426 2878 3478 Triticum
2907 3443 3146 3496 qucque.
3187 3439 3243 3484 et
3270 3433 3536 3492 spicarum
3584 3431 3901 3500 furiatus,
3948 3441 4004 3486 et

2418 3516 2631 3580 electus,
2667 3517 2833 3588 476
2882 3535 2944 3571 ac
2993 3537 3178 3585 purus.
3235 3520 3374 3586 Quid
3435 3523 3600 3592 igitur
3651 3531 3895 3592 peccavi.
3955 3525 4001 3578 si

2420 3612 2643 3660 verbum
2682 3591 2997 3679 ambiguum
3034 3613 3246 3665 diversa
3281 3613 3732 3680 interpretatione
3770 3630 4002 3666 conver-

2421 3699 2460 3751 ti
2494 3699 2517 3750 τ
2550 3709 2601 3752 et
2633 3703 2723 3769 qui
2760 3702 2812 3754 in
2845 3705 3357 3773 Comtnetttariolie,
3393 3705 3482 3758 tibi
3515 3705 3739 3758 libertas
3775 3714 3863 3759 est
3887 3705 4001 3759 dis-

2423 3792 2662 3852 serendi,
2696 3793 2963 3852 dixeratn.
2998 3796 3220 3847 adorate
3251 3795 3467 3860 lilium;
3503 3794 3557 3850 in
3586 3794 3710 3864 ipso
3743 3810 4002 3865 corpore,

2425 3894 2490 3932 ne
2525 3883 2795 3935 violentus
2837 3884 3051 3938 viderer
3087 3888 3382 3954 interpres,
3415 3898 3470 3939 et
3499 3884 3747 3940 Iudaica
3781 3889 4003 3940 calum-

2424 3969 2525 4022 nia:
2552 3971 2727 4024 locum
2748 3973 2959 4038 darem,
2979 3975 3232 4037 dixerim,
3251 3976 3471 4029 adorate
3493 3992 3641 4038 pure.
3664 3978 3781 4031 sive
3810 3977 4001 4032 eleae:

2421 4062 2569 4129 quod
2602 4064 2793 4130 Aquila
2825 4080 3040 4131 quoque
3067 4075 3122 4119 et
3175 4067 3536 4138 Symmachus
3570 4072 3999 4127 transtulerunt.

2427 4153 2562 4216 Quid
2592 4169 2724 4223 ergo
2761 4159 3148 4211 ecclesiastica:
3201 4159 3322 4214 fidei
3383 4172 3564 4226 nocet,
3634 4163 3682 4216 si
3731 4163 4002 4216 doceatur

2428 4247 2620 4306 lector.
2692 4259 2825 4315 quot
2877 4249 3050 4302 modis
3117 4251 3257 4319 apud
3320 4253 3580 4309 Hebraeos
3631 4269 3779 4308 unus
3832 4258 4001 4311 versi-

2425 4339 2582 4390 culus
2613 4339 2978 4406 explanetur?

2493 4429 2584 4485 20.
2615 4429 2852 4499 Origenis
2884 4449 3174 4486 errores.—
3212 4431 3434 4505 Origeui
3481 4446 3572 4492 tuo
3607 4438 3732 4493 licet
3757 4448 4004 4498 tractare

2427 4525 2490 4576 de
2535 4525 2972 4593 μετεμψυχώσει.
3010 4527 3442 4582 innumerabiles
3477 4530 3710 4585 mundos
3748 4536 4003 4588 introdu-

743 4624 1009 4692 Origeues
1055 4616 1302 4686 scripsit.
1331 4629 1533 4685 negare
1565 4629 1674 4666 non
1707 4627 1997 4682 possumus
2030 4627 2046 4664 :
2105 4612 2325 4679 scripsit
2353 4615 2402 4674 υ
2430 4630 2572 4677 cere,
2613 4625 2664 4669 et
2690 4617 3042 4672 rationabiles
3065 4628 3349 4674 creaturas
3378 4622 3498 4675 aliis
3529 4633 3696 4691 atque
3753 4627 3884 4682 aliis
3916 4644 4003 4683 ve-

746 4718 803 4771 in
851 4714 1031 4776 libris,
1064 4723 1204 4779 quos
1224 4707 1288 4762 ad
1309 4705 1578 4776 perfectos
1608 4713 1664 4758 et
1696 4703 1762 4756 ad
1783 4702 2081 4770 discipulos
2137 4702 2324 4769 loque-

747 4811 909 4862 batur
936 4821 949 4857 :
981 4802 1247 4868 docetque
1266 4797 1537 4867 magistris
1568 4793 1966 4852 mentiendum.
2029 4792 2324 4860 discipulos

747 4907 927 4956 autem
956 4909 1060 4951 non
1091 4892 1295 4947 debere
1321 4887 1558 4943 mentiri.
1589 4885 1689 4952 Qui
1711 4900 1841 4953 ergo
1871 4883 2008 4937 bene
2041 4885 2320 4950 mentitur,

825 5115 842 5144 ¹
871 5112 1070 5166 Confer
1126 5126 1250 5164 cum
1315 5111 1398 5162 his
1447 5122 1566 5177 quae
1613 5106 1790 5177 habet,
1833 5105 2208 5177 ingcpistolam
2250 5107 2314 5160 ad

749 5182 989 5244 Galatas,
1029 5181 1124 5233 lib.
1157 5199 1194 5243 ι,
1237 5195 1361 5247 cap.
1393 5178 1429 5231 2
1454 5175 1477 5233 ί
1504 5175 1693 5231 Utilent
1746 5175 2162 5247 simulationem,
2209 5189 2311 5229 etc.

749 5255 881 5305 Item
914 5267 1036 5304 cum
1067 5246 1343 5307 Clemente
1374 5248 1736 5302 Alexandrino
1770 5246 1865 5297 Ill).
1899 5261 1991 5307 vu,
2025 5260 2145 5314 pag.
2191 5248 2311 5302 730.

750 5321 1050 5376 Cassianus
1083 5335 1201 5386 cap.
1268 5321 1331 5372 l7
1373 5337 1386 5371 :
1425 5337 1442 5370 ι
1478 5317 1632 5383 Quod
1689 5315 1969 5368 venialiter
2031 5316 2313 5371 mendacio

749 5392 924 5458 sancti
947 5389 1467 5458 tanquamicllehoru
1499 5390 1577 5442 usi
1600 5398 1747 5439 sunt.
1782 5405 1799 5432 ι

821 5463 842 5492 ⁸
879 5457 1014 5512 Vide
1047 5454 1178 5512 tom.
1211 5457 1230 5510 1
1263 5458 1318 5512 in
1349 5458 1670 5513 Prtefatioue
1705 5454 1967 5524 generali,
2015 5469 2136 5523 qua:
2172 5455 2311 5512 dixi-

753 5546 875 5584 mus
904 5531 970 5584 de
994 5530 1139 5582 hisce
1167 5526 1663 5581 Commentariolis.

825 5601 845 5632 ³
881 5601 1212 5667 Ριτιιροςιοιε
1246 5599 1370 5664 legit
1412 5596 1756 5650 Martianasus
1794 5599 1894 5660 sic.
1934 5600 2161 5654 Hmsitat
2203 5616 2220 5667 ξ
2253 5611 2308 5652 ιιι

751 5668 922 5723 Nescit
955 5663 1164 5722 uerbum
1197 5669 1260 5720 de
1282 5663 1433 5720 uerbo
1459 5667 1788 5734 interpreter,
1819 5679 1925 5724 etc.
1964 5671 2133 5724 Paulo
2165 5663 2304 5722 infra

752 5753 916 5792 voces
944 5746 992 5790 et
1027 5739 1184 5790 idolis
1217 5739 1358 5804 apud
1402 5738 1540 5788 alios
1571 5738 1986 5805 desiderantur;
2048 5751 2304 5794 caeterum

753 5810 928 5861 locum
964 5810 1267 5876 parenthesi
1312 5807 1666 5867 includimus,
1719 5816 1772 5859 et
1810 5821 2136 5875 punctorum
2176 5813 2307 5862 vitio

751 5875 1090 5932 laborantem
1128 5878 1502 5930 emendamus.
1537 5875 1610 5931 De
1641 5876 1738 5929 illo
1767 5880 2026 5932 adorandi
2064 5883 2170 5934 ritu
2219 5881 2304 5933 in-

2427 4705 2558 4756 stire
2588 4707 2932 4774 corporibus,
2965 4707 3354 4778 Christumque
3376 4709 3556 4766 dicere
3575 4727 3723 4782 saepe
3751 4729 4000 4783 passum,

2425 4803 2479 4848 et
2505 4797 2700 4862 saepius
2727 4814 3037 4867 passurum,
3070 4812 3128 4855 ut
3165 4804 3306 4872 quod
3355 4807 3524 4859 semel
3559 4805 3783 4874 proiuit,
3853 4825 4002 4865 sern-

2424 4904 2518 4954 ptr
2552 4889 2723 4959 prosit
2757 4903 3098 4964 assumptum
3137 4896 3279 4950 :tibi
3342 4913 3563 4968 quoque
3605 4900 3723 4969 ipse
3787 4909 4000 4956 tantam

2422 5118 2595 5193 signia
2641 5118 2907 5193 exempla
2967 5129 3095 5172 sunt
3140 5120 3210 5193 ll|_
3265 5121 3474 5193 Regum
3519 5141 3641 5192 cap.
3706 5145 3822 5191 ιιι.
3896 5133 4001 5187 Ec-

2419 5187 2708 5265 clesiastici
2763 5204 2905 5265 cap._
2951 5205 3101 5265 xxix.
3181 5187 3765 5265 Quod'Hieronymus
3811 5187 3998 5264 addit,

2421 5255 3344 5339 adoratttros-capitasubmittere,
3404 5255 3639 5330 explicat
3694 5255 3996 5339 Latnprnlii

2421 5327 2570 5400 locus
2625 5327 2692 5380 de
2720 5329 3107 5400 _Alexanttro._
3137 5327 3490 5386 Salutabatur
3569 5339 3792 5392 nomine
3832 5327 3998 5400 'boc.

2421 5412 2467 5473 ι·
2499 5399 2633 5473 Ave,
2702 5397 3032 5473 Alexander.
3078 5398 3140 5473 Si
3201 5416 3325 5471 quis
3369 5413 3542 5473 caput
3585 5407 3851 5473 ﬂexisset,
3905 5397 4001 5468 aut

2416 5464 2676 5546 blandius
2721 5467 2926 5546 aliquid
2975 5464 3235 5546 dixisset;
3289 5464 3679 5546 atijiciebatur.
3713 5495 3733 5529 ι
3787 5464 4000 5546 Nempe

2414 5537 2634 5613 adora‘rl
2659 5551 2717 5590 se
2743 5537 3373 5613 {Alexandenvetuerati
3400 5543 3630 5607 Plinius,
3669 5548 3763 5602 lib.
3793 5537 3997 5613 xxvtit,

2418 5619 2538 5672 cap.
2568 5606 2604 5657 2
2635 5624 2648 5658 :
2685 5625 2703 5656 ι
2745 5606 2800 5659 lu
2844 5609 3121 5664 adorando
3176 5611 3457 5665 dexteram
3499 5619 3566 5667 ad
3609 5606 3859 5672 osculum
3911 5606 3998 5674 re;

2425 5675 2674 5752 ferimus,
2707 5686 2880 5752 totum
2905 5695 3104 5748 corpus
3141 5682 3599 5752 circumagimus,
3639 5705 3657 5738 ι
3691 5697 3803 5742 etc.

2494 5745 2515 5774 δ
2575 5744 3087 5820 Victoriushmaluit
3130 5744 3421 5820 Barjehu,’
3461 5763 3516 5806 et
3559 5744 3696 5811 falso
3746 5758 3798 5811 in
3865 5759 3997 5815 aliis

2411 5815 2815 5888 exemplaribus
2854 5817 3104 5888 Barjesus
3127 5819 3226 5888 legi
3246 5815 3558 5877 contendit.
3591 5824 3696 5881 Pro
3715 5826 3995 5882 Burnus

2410 5899 2645 5953 quoque,
2677 5885 2958 5954 legendum
2983 5898 3131 5954 putat
3160 5885 3237 5943 uel
3263 5888 3564 5956 Barnabas,
3590 5897 3671 5950 vel
3693 5896 3995 5954 Βιττίδα.
