4202 6476
179 398 278 468 433

1327 415 1630 476 CONTRA
1659 420 2015 482 RUFINUM
2061 426 2183 485 LIB
2256 427 2298 486 l.

3326 433 3430 497 434

178 522 402 578 assumis
437 525 852 590 auctoritatem,
900 534 959 580 ut
1006 527 1072 582 de
1117 529 1379 582 haeretico
1436 542 1752 600 martyrem,
1789 555 1827 605 Α
1867 535 2210 591 referremus.
2239 539 2482 608 Denique
2506 540 2744 598 diximus
2783 561 2792 597 :
2834 565 2849 596 ‹
2889 544 3043 612 Quod
3083 555 3265 600 autem
3320 550 3432 603 ele-

175 617 236 670 de
263 614 518 683 Origenis
540 617 697 671 libris
719 618 1104 672 bmreticorum
1132 621 1394 676 adulteria
1425 623 1711 677 mentiaris
1736 641 1749 678 :

177 706 299 760 mihi
332 723 440 762 non
473 708 668 763 licebit
706 709 993 777 disputare
1029 716 1090 765 de
1125 714 1327 778 verbis,
1359 727 1412 769 et
1473 716 1526 770 in
1594 717 1754 771 Com-

176 801 570 855 mentariorum
605 817 772 870 opere
803 802 1023 858 Latinos
1054 805 1274 872 docere,
1309 808 1456 876 quod
1511 809 1579 862 ab
1653 808 1756 862 lle,

176 894 325 948 brzis
357 892 568 948 didici?
603 893 721 949 Nisi
762 896 905 949 enim
944 907 994 950 et
1027 899 1298 966 prolixum
1341 909 1506 967 esset,
1563 910 1616 955 et
1675 918 1756 955 re-

177 987 377 1039 doleret
413 988 868 1057 gloriolam,jam
917 1006 1060 1043 nunc
1105 991 1197 1042 tibi
1233 995 1594 1054 ostenderem,
1627 995 1755 1062 quid

178 1081 424 1135 utilitatis
457 1081 666 1136 habeat
689 1083 1076 1150 magistrorum
1115 1085 1300 1138 limina
1332 1095 1528 1148 terere,
1580 1095 1634 1140 et
1667 1101 1755 1139 ar-

177 1185 274 1226 tem
303 1173 370 1226 ab
400 1173 717 1229 artiﬁcibus
749 1175 959 1229 discere
1005 1191 1019 1229 :
1052 1186 1104 1231 et
1141 1179 1349 1232 videres
1381 1191 1584 1246 quanta
1621 1181 1755 1233 silva

177 1267 244 1319 sit
270 1267 412 1334 apud
468 1266 738 1322 Hebraeos
788 1269 1168 1338 ambiguorqu
1243 1273 1527 1324 nominum
1592 1282 1757 1340 atque

177 1359 484 1412 verborum.
514 1359 652 1424 Quae
688 1376 774 1415 res
801 1361 1028 1415 divsrsa:
1079 1364 1519 1428 interpretationi
1593 1375 1760 1417 mate-

180 1451 304 1502 riam
339 1452 583 1520 prabuit
615 1470 629 1504 :
668 1453 795 1506 dum
833 1455 1206 1523 unusquisque
1227 1455 1367 1508 inter
1394 1457 1580 1519 dubia,
1614 1456 1758 1524 quod

178 1542 272 1595 sibi
299 1545 744 1610 consequentius
780 1541 892 1616 [Αἰ.
924 1545 1362 1617 convenientins]
1398 1547 1632 1610 videtur,
1659 1550 1760 1602 hoc

178 1634 460 1690 transfert.
493 1636 642 1703 Quid
691 1639 758 1690 ad
817 1639 1101 1708 peregrina
1159 1649 1208 1694 te
1268 1642 1474 1696 mitto?
1525 1643 1760 1697 Revolve

177 1728 554 1792 Aristotelem,
597 1739 652 1782 et
702 1730 1068 1784 Alexandrum
1116 1735 1425 1789 AristOLelis
1475 1736 1757 1789 volumina

176 1819 586 1885 disserentem;
636 1831 692 1876 et
757 1835 961 1892 quanta
1023 1825 1406 1894 ambiguorum
1456 1828 1524 1880 sit
1582 1829 1757 1895 copia,

176 1909 357 1965 eorum
431 1915 679 1968 lectione
729 1931 1029 1985 cognosces

177 2004 417 2055 amicum
481 2014 636 2056 tuum
689 2005 742 2057 in
795 2019 864 2058 eo
905 2008 1323 2075 reprehendere,
1367 2011 1508 2079 quod
1552 2027 1618 2066 ne
1669 2029 1761 2081 per

176 2094 451 2148 somnium
487 2095 712 2164 quidem
742 2096 1033 2163 aliquando
1059 2098 1316 2152 didicisti.

239 2185 331 2239 2!.
378 2185 750 2243 Commentar.
791 2191 860 2242 ad
885 2189 1168 2256 Ephesios.
1198 2221 1268 2232 —
1298 2193 1400 2246 Sed
1425 2195 1549 2262 quia
1587 2194 1761 2246 Pauli—

177 2277 370 2334 nianus
404 2277 584 2334 frater
609 2296 763 2335 meus
823 2283 891 2337 de
932 2283 1353 2339 Commentariis
1394 2288 1458 2339 ad
1494 2287 1761 2355 Ephesios

184 2370 438 2441 quardam
473 2371 546 2425 ab
588 2387 654 2426 eo
699 2374 1028 2441 reprehensa
1079 2379 1348 2440 narravit,
1394 2387 1446 2431 et
1491 2394 1662 2442 pauca
1696 2396 1760 2432 ex

183 2467 261 2517 his
305 2465 598 2518 memoria
635 2465 885 2531 tradidit,
932 2467 1179 2536 mihique
1212 2469 1329 2536 ipsa
1365 2471 1765 2524 demonstravit

179 2555 318 2622 loca,
349 2571 463 2609 non
499 2556 677 2610 debeo
703 2557 1084 2624 subterfugere
1115 2575 1130 2614 :
1167 2575 1460 2627 quaesoque
1484 2562 1761 2626 lectorem,

184 2645 309 2697 utsi
344 2644 578 2713 paululo
616 2644 668 2716 in
710 2647 1082 2714 proponendis
1112 2657 1166 2702 et
1200 2649 1468 2702 diluemlis
1517 2652 1765 2704 crimini-

185 2736 281 2790 bus
338 2736 560 2805 longior
603 2736 780 2800 fuero,
817 2740 1130 2793 necessitati
1178 2740 1268 2794 det
1317 2740 1479 2811 477
1524 2745 1760 2796 veniant.

183 2825 296 2880 Non
335 2828 488 2882 enim
519 2829 754 2883 alterum
799 2844 998 2886 accuso
1025 2847 1042 2898 ;
1072 2833 1166 2886 sed
1212 2847 1300 2886 me
1334 2835 1478 2886 nitor
1511 2834 1766 2889 defende.

185 2936 262 2986 re,
295 2931 352 2976 et
378 2922 655 2990 objectam
703 2924 972 2978 haereseos
1022 2925 1349 2980 calumniam
1397 2927 1658 2982 refutare.
1708 2930 1763 2981 ln

183 3012 489 3081 Epistulam
530 3013 684 3068 Pauli
729 3014 795 3068 ad
830 3015 1120 3084 Ephesios,
1163 3017 1267 3070 tria
1315 3017 1578 3087 Origenes
1627 3019 1768 3072 scri-

187 3103 292 3170 psit
347 3104 653 3158 volumina.
711 3103 974 3176 Didymus
1007 3122 1224 3176 quoque
1276 3118 1329 3162 et
1376 3110 1754 3178 Apollinarius

183 3194 404 3261 prapria
447 3196 715 3267 Opuscula
759 3196 1067 3252 condidere.
1102 3195 1253 3264 Quos
1294 3215 1394 3269 ego
1425 3200 1507 3254 vel
1536 3201 1767 3253 transfeo

184 3301 333 3350 rens,
365 3287 456 3341 vel
482 3287 731 3352 imitans,
774 3288 904 3358 quid
948 3291 1001 3343 in
1032 3289 1267 3361 Prologo
1295 3290 1538 3357 ejusdem
1588 3295 1766 3360 operis

183 3376 531 3446 scripserim,
569 3379 857 3448 subjiciam
893 3398 907 3434 :
939 3398 959 3432 s
997 3381 1132 3435 lllud
1182 3397 1402 3451 quoque
1457 3385 1509 3437 in
1565 3383 1768 3438 Prtefa—

183 3470 334 3523 tione
383 3485 739 3537 commoneo,
785 3479 844 3525 ut
889 3472 1078 3528 sciatis
1129 3473 1418 3544 Origenem
1479 3475 1579 3528 tria
1613 3475 1768 3529 volu-

185 3564 329 3615 mina
359 3563 416 3616 in
443 3563 590 3617 hanc
629 3563 929 3632 Epistolam
960 3566 1377 3634 conscripsisse,
1403 3582 1562 3636 quem
1583 3576 1635 3621 et
1670 3583 1768 3620 nos

181 3671 242 3707 ex
298 3665 461 3724 parte
513 3655 689 3709 secuti
733 3670 925 3710 sumus
963 3672 979 3711 :
1023 3657 1424 3726 Apollinarium
1465 3659 1630 3711 etiam
1711 3668 1766 3711 et

185 3747 480 3817 Didymum
515 3745 786 3814 quosdam
836 3746 1328 3804 Commentariolos
1385 3749 1639 3804 edidisse.
1686 3746 1763 3801 Ex

181 3843 385 3906 quibus
419 3839 552 3892 licet
583 3853 780 3908 pauca,
810 3838 1220 3908 decerpsimus;
1252 3849 1307 3894 et
1351 3842 1612 3895 nonnulla
1641 3855 1764 3908 qua

183 3932 346 3986 nobis
393 3931 746 3995 videbantur,
802 3930 1103 4000 adjecimus
1160 3933 1276 3987 sive
1324 3933 1698 3987 subtraximus
1747 3949 1762 3988 :

186 4033 240 4076 ut
271 4023 570 4078 studiosus
610 4024 794 4076 statim
834 4022 887 4074 in
919 4024 1194 4091 principio
1252 4024 1422 4080 lector
1476 4035 1758 4093 agnoscat,

184 4116 286 4169 hoc
318 4130 465 4182 opus
490 4114 575 4168 vel
615 4114 855 4167 alienum
889 4129 1030 4176 esse,
1063 4116 1145 4169 vel
1177 4124 1423 4169 nostrum
1480 4117 1761 4186 (Prologus

187 4207 496 4262 Comment.
533 4207 592 4258 in
619 4205 794 4274 Epist.
830 4206 900 4258 ad
929 4205 1154 4274 Ephes.)
1194 4224 1216 4260 ι
1251 4206 1526 4275 Quidquid
1557 4223 1683 4277 ergo
1709 4207 1763 4260 in

184 4300 577 4368 explanatione
612 4299 776 4366 hujus
806 4297 1066 4367 Epistolas
1093 4298 1206 4353 vitii
1250 4301 1493 4369 potuerit
1537 4303 1768 4354 demon-

183 4391 376 4450 strari,
408 4389 456 4442 si
504 4403 608 4455 ego
641 4388 772 4442 illud
816 4389 871 4443 in
915 4388 1122 4444 Graecis
1177 4389 1574 4453 voluminibus,
1623 4391 1764 4443 unde

183 4484 234 4535 in
263 4481 529 4534 Latinum
579 4481 818 4534 vertisse
875 4497 961 4536 me
1006 4481 1140 4544 dixi,
1174 4481 1464 4536 ostendere
1505 4497 1610 4535 non
1663 4493 1752 4548 po-

1862 637 1982 682 ctos
2018 645 2140 693 nos,
2178 644 2235 685 ut
2269 649 2516 688 essemus
2545 638 2720 690 sancti
2771 646 2823 691 et
2867 641 3197 696 immaculati
3241 659 3429 696 coram

1861 718 1999 785 ipso.
2039 720 2143 774 hoc
2174 732 2273 782 est,
2313 725 2438 784 lien,
2469 737 2596 778 ante
2632 726 2897 782 lubricam
2946 731 3155 792 mundi,
3193 743 3428 790 testatus

1860 822 1962 876 est,
1997 814 2062 865 ad
2097 817 2491 880 praescientiam
2521 820 2610 873 Dei
2646 822 2903 889 pertinet,
2925 822 3009 876 cui
3036 825 3217 877 omnia
3249 824 3427 881 futura

1857 903 1966 971 jam
2017 902 2153 956 facta
2194 916 2416 968 sunt,et
2466 922 2757 980 antequam
2813 910 2944 966 fiant
2995 914 3250 967 universa
3303 929 3432 970 sunt

1864 1003 2013 1046 nota.
2049 994 2201 1047 Sicut
2240 1007 2293 1048 et
2335 995 2538 1052 Paulus
2577 1003 2690 1068 ipse
2726 1003 3143 1071 praedestinatur
3184 1006 3236 1057 in
3277 1014 3432 1058 utero

1863 1082 2056 1136 matris
2105 1101 2252 1148 suae;
2308 1094 2362 1138 et
2393 1086 2660 1141 Jerentias
2718 1092 2767 1142 in
2821 1092 2977 1145 vulva
3031 1094 3430 1156 sanctilicatttt',

1863 1178 2105 1245 eligitur,
2166 1179 2478 1242 roboratur,
2522 1190 2576 1233 et
2626 1181 2678 1234 in
2735 1189 2861 1251 typo
2912 1183 3116 1240 Christi
3169 1188 3433 1256 propheta

1866 1266 2117 1333 gentibus
2147 1268 2404 1323 mittitttr.
2446 1289 2463 1320 ι
2501 1268 2660 1323 Certe
2699 1269 2750 1322 in
2785 1274 3126 1338 expositione
3169 1275 3269 1328 ista
3309 1273 3436 1327 titil-

1867 1357 1977 1410 lum
2010 1357 2216 1409 crimen
2251 1368 2332 1411 est
2367 1376 2380 1411 :
2409 1368 2460 1411 et
2492 1360 2727 1428 Origene
2759 1362 2972 1416 dicente
3002 1365 3300 1428 contraria,
3335 1381 3434 1418 nos

1864 1449 2302 1502 ecclesiasticum
2331 1467 2550 1504 sensum
2585 1455 2754 1507 secuti
2779 1470 2990 1509 sumus.
3025 1455 3087 1508 Et
3131 1457 3256 1524 quia
3288 1473 3436 1511 COIII-

1866 1546 2189 1597 mentatoris
2218 1554 2302 1598 est
2344 1544 2605 1606 ofﬁcium,
2650 1546 2941 1600 multorum
2982 1549 3287 1603 sententias
3335 1566 3434 1619 po-

1867 1651 2015 1699 nere,
2038 1645 2088 1688 et
2127 1641 2226 1690 hoc
2265 1654 2350 1691 me
2387 1638 2658 1692 facturum
2711 1641 2762 1691 in
2800 1638 3129 1696 Prmfatione
3173 1644 3438 1712 promise-

1871 1742 2010 1790 ram,
2043 1730 2204 1780 etiam
2240 1729 2514 1797 Origonis,
2552 1731 2756 1798 absque
2789 1731 2994 1784 invidia
3029 1736 3264 1790 nominis
3295 1734 3445 1804 ejus,

1867 1817 2302 1885 explanationem
2335 1820 2514 1886 posui,
2550 1821 2739 1876 dicens
2769 1837 2783 1875 :
2819 1821 2989 1893 478
3023 1842 3039 1874 ι
3084 1824 3239 1878 Alius
3283 1841 3443 1888 vero,

1090 1936 1104 1972 ε
1157 1930 1216 1973 ιη
1269 1920 1486 1973 [andem
1541 1921 1760 1978 desinas
1797 1907 1833 1959 li
1867 1911 1958 1977 qui
1997 1911 2163 1963 Deum
2191 1912 2396 1979 justum
2433 1922 2664 1965 conatur
2709 1916 3017 1978 ostendere,
3051 1918 3195 1984 quod
3229 1933 3337 1971 non
3369 1935 3439 1972 ex

1867 2003 2184 2071 praejudicio
2225 2003 2470 2057 scientiae
2501 2022 2631 2067 sum,
2663 2006 2756 2060 sed
2788 2022 2853 2060 ex
2890 2008 3088 2061 merito
3125 2009 3430 2063 electorum

1868 2107 2308 2161 unumquemque
2336 2093 2522 2162 eligat,
2548 2093 2682 2147 dicit
2711 2107 2836 2150 ante
2861 2097 3104 2152 visibiles
3129 2108 3436 2164 creaturas,

1866 2184 2085 2248 cadum,
2125 2193 2347 2245 terram,
2377 2185 2564 2248 maria,
2593 2195 2647 2240 et
2675 2189 2856 2240 omnia
2896 2204 3017 2257 qua:
3066 2190 3118 2244 in
3159 2192 3238 2244 eis
3283 2202 3436 2257 sunt,

1867 2276 2036 2328 fuisse
2064 2275 2201 2328 alias
2236 2274 2539 2330 invisibiles
2564 2287 2869 2344 creaturas,
2898 2280 2952 2334 in
2987 2283 3186 2350 quibus
3213 2291 3267 2336 et
3320 2285 3440 2338 ani-

1868 2382 2005 2430 mas,
2045 2382 2166 2435 anc
2201 2368 2269 2420 ob
2303 2368 2568 2434 quasdam
2610 2385 2808 2425 causas
2851 2373 2954 2426 soli
2993 2372 3101 2428 Deo
3154 2383 3312 2428 notas
3337 2375 3436 2430 de-

1864 2460 2018 2528 jecta:
2039 2462 2146 2514 sint
2177 2461 2452 2525 deorsum,
2483 2462 2535 2514 in
2574 2464 2768 2516 vallem
2831 2466 2989 2519 istam
3047 2467 3435 2536 lacrymarnm,

1870 2552 1920 2604 in
1971 2551 2149 2605 locum
2194 2552 2503 2606 alllictionis
2541 2562 2592 2607 et
2625 2555 3081 2624 peregrinationis
3125 2568 3350 2621 nostras,
3380 2560 3436 2614 in

1869 2659 1978 2711 quo
2004 2652 2230 2696 sanctus
2261 2645 2596 2698 ronstitutus
2629 2648 2840 2711 orabat,
2881 2657 2938 2701 ut
2969 2648 3032 2701 ad
3073 2650 3256 2703 sedem
3326 2652 3438 2719 pri-

1869 2738 2069 2790 stinam
2126 2746 2510 2802 reverteretur,
2552 2737 2742 2792 dicens
2796 2755 2808 2791 :
2862 2759 2880 2791 ι
2938 2739 3050 2793 ΙΙυυ
3101 2741 3253 2804 mihi,
3315 2741 3445 2810 quia

1871 2831 2147 2883 incolatus
2211 2844 2367 2883 meus
2421 2829 2780 2898 prolongatus
2827 2841 2911 2886 est
2954 2846 2968 2882 :
3021 2833 3260 2887 habitari
3315 2849 3439 2885 cum

1872 2921 2291 2974 habitantihus‘
2325 2920 2523 2986 Cedar,
2561 2923 2791 2974 multum
2820 2924 3164 2992 peregrinata
3197 2934 3280 2978 est
3322 2924 3444 2978 ani-

1873 3026 1959 3063 ma
2003 3026 2120 3064 mea
2153 3009 2326 3079 (Psal.
2355 3025 2508 3076 cxrx,
2547 3011 2623 3080 ὅ).
2667 3031 2684 3062 ›
2732 3013 2798 3066 Et
2826 3015 3168 3083 Apostolus:
3216 3033 3234 3066 ι
3275 3014 3440 3069 Miser

1872 3118 1972 3171 ego
2019 3103 2202 3163 homo,
2241 3102 2365 3170 quis
2419 3118 2504 3156 me
2558 3104 2813 3159 liberabit
2863 3109 2927 3159 de
2971 3121 3200 3174 corpore
3250 3107 3443 3161 mortis

1875 3193 2034 3261 hujus
2076 3191 2248 3261 (Rom.
2273 3192 2528 3262 vinei)?
2569 3212 2585 3243 ι
2625 3194 2711 3257 Et,
2751 3212 2769 3244 ι
2808 3192 3000 3246 Melius
3032 3204 3115 3247 est
3144 3195 3360 3259 reverti,
3391 3204 3444 3248 et

1793 3256 1841 3321 Ο
1872 3256 1992 3338 esse
2043 3257 2167 3338 cum
2208 3283 2430 3339 Christo
2470 3256 2732 3354 '(Pltilipp.
2793 3301 2830 3349 ι,
2891 3285 3006 3355 25).
3073 3303 3092 3337 ι
3148 3284 3215 3339 Et
3249 3256 3377 3339 alibi
3425 3303 3440 3342 :

1877 3397 1894 3427 ι
1925 3378 2232 3446 Antequam
2264 3378 2606 3443 humiliarer,
2653 3392 2754 3444 ego
2797 3378 3012 3446 peccavi
3042 3376 3221 3449 (Psal.
3256 3393 3437 3442 cxvm,

1871 3467 1986 3534 67),
2025 3486 2042 3518 ι
2075 3477 2128 3520 et
2162 3476 2361 3522 caetera
2403 3469 2487 3522 his
2515 3468 2738 3533 similia,
2766 3483 2887 3536 qua:
2924 3468 3147 3538 longum
3185 3476 3269 3520 est
3304 3467 3444 3521 scri-

1873 3561 2022 3612 bere.
2061 3578 2080 3611 ι
2136 3560 2528 3613 Animadverte
2581 3559 2711 3627 quid
2749 3559 2979 3613 dixerim
3029 3559 3233 3614 :Alius
3285 3572 3438 3620 vero,

1869 3649 1961 3720 qui
2013 3649 2181 3704 Deum
2231 3651 2440 3720 justum
2495 3661 2730 3705 conatur
2783 3651 3078 3705 ostendere
3143 3668 3157 3707 :
3211 3659 3442 3705 conatur

1869 3743 2186 3809 ostendere,
2223 3743 2471 3812 inquam,
2517 3756 2624 3795 non
2657 3741 2923 3796 ostendit.
2968 3740 3024 3795 Si
3061 3751 3240 3796 autem
3284 3743 3336 3795 in
3373 3756 3440 3795 eo

1869 3835 2191 3890 scandalum
2249 3835 2477 3901 pateris,
2547 3850 2717 3902 quare
2797 3835 3115 3888 latissimam
3190 3834 3440 3904 Origenis

1868 3926 2297 3993 disputationem
2329 3925 2481 3978 brevi
2517 3940 2771 3979 sermone
2814 3923 3349 3993 comprehenderim,
3385 3936 3442 3979 et

1867 4016 2060 4070 lectori
2087 4031 2313 4069 sensum
2350 4016 2470 4083 ejus
2517 4016 2867 4084 aperuerint;
2921 4026 3081 4084 atque
3120 4029 3186 4068 ex
3220 4030 3284 4068 eo
3343 4015 3444 4068 tibi

1869 4112 2118 4165 occultus
2149 4110 2298 4163 illius
2335 4109 2525 4164 videor
2557 4124 2678 4164 esse
2726 4115 2984 4173 sectator,
3017 4108 3147 4176 quia
3185 4107 3323 4161 nihil
3368 4107 3442 4160 ab

1869 4215 1936 4254 eo
1971 4200 2179 4254 dictum
2214 4198 2684 4266 praetermiserim,
2716 4197 2840 4252 vide
2873 4212 2941 4251 ne
2981 4199 3084 4251 hoc
3113 4196 3322 4251 idcirco
3361 4196 3438 4249 fe-

1868 4291 2061 4355 cerim,
2094 4301 2150 4343 ut
2183 4297 2419 4343 vestram
2467 4290 2800 4342 calumniam
2848 4287 3205 4352 declinarem,
3238 4302 3307 4342 ne
3349 4302 3437 4340 me

1868 4383 2124 4438 diceretis
2175 4397 2296 4451 quae
2327 4382 2396 4435 ab
2441 4397 2505 4436 eo
2550 4381 2764 4434 fortiter
2800 4388 2931 4435 sunt
2960 4380 3124 4442 dicta,
3171 4375 3434 4441 tacuisse,

1867 4483 1924 4529 et
1952 4475 2102 4528 illum
2137 4474 2192 4527 in
2234 4474 2422 4528 Graeco
2457 4473 2739 4527 robustius
2770 4471 3073 4540 disputare.
3108 4470 3272 4524 Posui
3305 4485 3438 4538 ergo

185 4579 372 4633 tuero,
429 4569 640 4622 crimen
712 4583 1032 4638 agnoscam,
1090 4577 1144 4623 et
1196 4584 1378 4623 meum
1435 4572 1564 4636 erit,
1616 4566 2077 4652 quodDomnia,
2128 4566 2255 4620 licet
2297 4563 2539 4625 brevius,
2590 4578 2711 4632 qua:
2768 4561 2823 4615 in
2877 4561 3067 4616 Graeco
3122 4562 3322 4652 reperi,
3379 4570 3439 4614 ut

185 4658 437 4712 alienum
476 4673 586 4711 non
625 4656 812 4711 inerit.
847 4657 1056 4712 Tamen
1106 4674 1175 4713 ne
1215 4673 1406 4713 rursus
1453 4660 1640 4714 videar
1676 4678 1765 4716 ca-

185 4750 393 4814 villari,
455 4759 512 4802 et
540 4748 644 4803 hac
695 4751 1068 4804 excusationis
1121 4751 1367 4819 stropha,
1401 4751 1628 4819 gradum
1660 4768 1767 4807 non

185 4842 392 4896 audere
423 4840 693 4904 conferre,
725 4855 924 4903 ponam
976 4843 1092 4910 ipsa
1123 4841 1436 4896 testimonia
1459 4879 1473 4904 ,
1517 4857 1636 4910 quae
1671 4859 1768 4898 vo-

184 4942 384 4986 cantur
421 4932 475 4983 in
511 4932 743 4986 crimen.

253 5021 353 5074 22.
398 5019 844 5074 Commentatoris
899 5019 1146 5088 ofﬁcium.
1189 5020 1413 5087 Tempus
1467 5023 1764 5092 scriptionis

186 5108 708 5162 Commentariorum
773 5108 830 5160 in
893 5106 1191 5177 Epistoiam
1247 5109 1316 5160 ad
1369 5109 1562 5176 Ephes.
1609 5109 1766 5164 —ln

179 5203 372 5270 primo
404 5200 596 5255 statim
631 5201 910 5254 volumine
944 5201 1317 5255 testimonium
1357 5201 1534 5266 Pauli,
1568 5203 1622 5257 in
1659 5217 1767 5272 quo

189 5294 444 5363 loquitur
475 5308 490 5345 :
522 5309 541 5343 ‹
581 5290 737 5346 Sicut
761 5291 927 5361 elegit
958 5308 1057 5347 nos
1091 5293 1143 5346 in
1176 5292 1295 5361 ipso
1336 5303 1464 5348 ante
1502 5294 1770 5349 constitu-

187 5387 400 5442 tionem
432 5384 623 5439 mundi
665 5399 682 5437 :
738 5394 801 5438 ut
841 5398 1085 5438 essemus
1127 5385 1304 5439 sancti
1348 5394 1402 5440 et
1436 5385 1769 5440 immaculati

188 5492 378 5532 atram
411 5477 533 5545 ipso
564 5475 777 5544 (Epiros.
804 5491 847 5540 ι,
878 5474 957 5541 ι),
1006 5495 1024 5526 ι
1074 5475 1154 5531 sic
1183 5475 1517 5543 interpretati
1548 5491 1765 5542 sumus,

193 5577 254 5624 ut
283 5568 614 5622 electionem
645 5580 752 5619 non
779 5567 936 5635 juxta
969 5563 1260 5634 Origenem
1317 5581 1506 5620 eorum
1561 5567 1766 5620 dicere-

192 5675 341 5723 mus,
371 5658 468 5729 qui
503 5659 657 5727 prius
685 5657 947 5722 fuerant;
990 5658 1086 5713 sed
1131 5658 1198 5712 ad
1229 5657 1326 5713 Dei
1368 5658 1768 5728 praescientiam

266 5842 285 5873 ⁸
315 5839 453 5895 Cod.
497 5854 636 5894 unus
658 5837 1030 5908 Cisterciens.,
1075 5857 1193 5896 cu'n
1227 5839 1660 5895 habitationibus.

1871 4657 2010 4710 nihil
2051 4657 2313 4710 haberent
2364 4653 2620 4723 discipuli
2655 4653 2776 4723 ejus
2830 4653 2980 4718 novi,
3025 4653 3168 4723 quod
3213 4651 3438 4706 Latino-

1870 4765 1991 4803 rum
2032 4749 2254 4803 auribus
2289 4749 2624 4814 ingererent.
2657 4744 2896 4798 Facilius
2929 4744 3074 4799 enim
3099 4754 3436 4813 nota,quam

1870 4841 2155 4906 repentina
2190 4839 2617 4891 contemnimus.
2652 4835 2915 4905 Exposita
2944 4845 3125 4890 autem
3163 4836 3437 4905 interpre-

1869 4932 2073 4985 tatione
2105 4932 2248 4998 ejus,
2281 4929 2413 4999 quid
2449 4929 2501 4982 in
2534 4929 2643 4984 line
2670 4928 2897 4998 capituli
2943 4928 3266 4992 dixerimus,
3337 4943 3436 4981 au-

1865 5022 2040 5076 sculta
2078 5037 2094 5076 :
2134 5039 2153 5073 ι
2193 5021 2312 5076 Νοη
2341 5022 2485 5077 enim
2521 5022 2595 5074 ait
2625 5019 2946 5087 Apostolus,
2994 5019 3156 5088 elegit
3187 5033 3287 5074 nos
3309 5025 3435 5083 ante

1868 5115 2318 5168 constitutionem
2355 5113 2564 5176 mundi,
2604 5127 2730 5165 cum
2756 5125 3005 5166 essemus
3032 5111 3203 5164 sancti
3234 5121 3290 5165 et
3325 5111 3433 5165 im-

1871 5206 2164 5261 maculati:
2192 5224 2210 5257 ι
2239 5207 2354 5268 sed,
2392 5223 2411 5256 ι
2435 5204 2597 5274 elegit
2628 5219 2730 5259 nos
2776 5212 2834 5257 ut
2859 5217 3108 5258 essemus
3146 5202 3323 5259 sancti
3379 5212 3436 5258 et

1866 5297 2234 5361 immaculati,
2275 5314 2293 5347 ι
2352 5296 2454 5350 hoc
2497 5306 2605 5361 est,
2653 5296 2748 5363 qui
2812 5294 2987 5350 sancti
3053 5302 3107 5348 et
3158 5294 3430 5348 immacu-

1871 5389 1964 5442 lati
2000 5397 2126 5442 ante
2176 5401 2283 5440 non
2346 5385 2573 5450 fuimus,
2633 5395 2694 5440 ut
2737 5394 2929 5454 postea
2973 5400 3237 5442 essemus.
3273 5383 3432 5450 Quod

1870 5487 1924 5534 et
1959 5480 2025 5533 de
2058 5478 2441 5548 peccatoribus
2481 5476 2548 5530 ad
2581 5477 2810 5532 meliora
2856 5478 3140 5533 conversis
3180 5477 3289 5531 dici
3337 5491 3431 5545 po-

1871 5579 2014 5636 test;
2053 5579 2107 5625 et
2141 5570 2307 5623 stabit
2346 5569 2434 5621 illa
2463 5571 2734 5624 sententia
2768 5585 2783 5622 :
2823 5585 2841 5621 ι
2879 5567 3000 5623 Νοιι
3043 5566 3431 5638 justilicabitur

1873 5665 1927 5718 in
1956 5671 2245 5732 conspectu
2286 5671 2382 5717 tuo
2413 5663 2593 5718 omnis
2623 5661 2812 5717 vivens
2843 5658 3018 5732 (Psal.
3068 5661 3239 5727 cuti,
3262 5657 3318 5730 2)
3345 5673 3365 5728 ;
3404 5675 3422 5709 s
