4202 6478
718 403 826 465 435

1886 412 1952 471 S.
1996 411 2305 470 EUSEBII
2343 413 2638 476 ΗΙΕΒΟΝ
2654 423 2782 480 ΥΜΙ

3874 435 3978 497 436

726 521 780 576 id
806 529 910 586 est,
951 519 1147 618 ln‘tota
1173 522 1281 576 vita
1310 538 1430 584 sua.
1465 525 1518 577 in
1548 524 1696 578 omni
1728 542 1839 593 quo
1873 528 1925 580 in
1964 528 2167 581 mundo
2195 527 2302 582 isto
2331 531 2376 585 Δ
2409 540 2461 584 et
2495 535 2748 593 homines
2784 540 2922 606 fieri,
2958 544 3104 611 quod
3141 544 3379 600 affirmat
3422 546 3683 617 Origenes
3716 565 3730 616 ;
3761 560 3817 603 et
3847 551 3994 618 ipsos

727 621 982 668 versatus
1010 613 1026 644 ¹
1061 625 1167 679 est,
1207 626 1470 682 tempore.
1508 617 1662 679 Ouod
1693 618 1912 688 quidem
1946 619 2022 674 ita
2085 621 2302 674 intelle-

725 718 900 772 ctum.
933 717 988 763 et
1035 710 1322 764 adversum
1356 726 1481 765 eum
1524 712 1675 774 facit,
1703 713 1796 782 qui
1821 723 2109 782 antequam
2149 731 2306 768 ruun-

726 804 830 858 dus
865 803 1040 864 tieret.
1077 806 1290 860 animas
1326 805 1460 860 dicit
1491 824 1613 862 esse
1642 808 1849 862 electas
1881 818 2106 876 propter
2173 825 2304 863 san-

726 901 1076 961 ctitatem,et
1128 899 1336 953 nullum
1392 901 1586 955 vitium
1644 899 1811 971 479
1868 910 2238 968 peccatorum.
2279 917 2297 952 ι

726 993 845 1046 Non
883 996 1029 1047 enim
1069 993 1156 1065 (ut
1185 1005 1311 1049 ante
1335 995 1445 1064 jam
1470 995 1734 1061 diximus)
1767 997 2047 1066 eliguntur
2079 996 2302 1059 Paulus,

726 1097 778 1139 et
811 1087 904 1154 qtli
945 1087 992 1141 ei
1040 1089 1247 1142 similes
1284 1100 1431 1152 sunt,
1468 1089 1596 1158 quia
1627 1100 1784 1144 erant
1815 1091 1992 1144 sancti
2027 1099 2081 1144 et
2113 1091 2306 1143 imma-

725 1178 893 1232 culati
955 1197 969 1233 :
1018 1177 1111 1233 sed
1167 1179 1445 1248 eliguntur
1513 1192 1569 1236 ct
1619 1182 2098 1252 prmdesdnantnr,
2141 1191 2201 1235 ut
2250 1181 2303 1233 in

731 1277 1086 1342 consequenti
1128 1276 1238 1330 vita
1286 1293 1378 1346 per
1414 1292 1578 1345 opera
1622 1291 1787 1343 atque
1836 1279 2068 1332 virtutes
2129 1279 2305 1332 sancti

729 1381 784 1424 et
844 1371 1193 1425 immaculati
1257 1373 1406 1426 fiant.
1473 1370 1537 1424 Et
1602 1373 1769 1425 audet
1835 1374 2124 1441 quisquam
2186 1383 2308 1440 post

731 1464 1050 1527 huiusmodi
1109 1463 1464 1525 sententiam,
1522 1479 1620 1518 nos
1696 1463 1948 1534 Origenis
2024 1465 2301 1518 haereseos

730 1558 1033 1611 accusare?
1057 1558 1249 1612 Decem
1284 1567 1338 1610 et
1367 1568 1493 1612 octo
1523 1559 1694 1612 ferme
1725 1560 1853 1612 anni
1888 1559 2080 1618 sunt'.
2113 1573 2176 1610 ex
2205 1574 2310 1624 quo

731 1652 870 1706 istos
923 1651 1129 1705 dictavi
1185 1652 1377 1717 libros,
1448 1667 1514 1705 eo
1580 1662 1829 1720 tempore
1888 1669 1994 1717 quo
2057 1651 2311 1719 Origenis

733 1759 930 1797 nomen
965 1743 1195 1798 florebat
1227 1745 1280 1798 in
1321 1747 1566 1809 mundo;
1601 1761 1710 1815 quo
1737 1747 1869 1814 περὶ
1909 1745 2142 1812 Ἀρχῶν,
2165 1745 2309 1798 illius

2413 637 2556 691 inter
2612 655 2671 694 se
2717 642 2941 707 angelos
2975 642 3190 697 diversa
3247 645 3556 700 officiorum
3615 664 3819 718 genera
3874 663 3996 703 esse

2416 731 2670 793 sortitos,
2707 733 2855 800 quod
2896 734 3153 790 Ecclesiae
3197 755 3303 792 non
3363 752 3650 812 repugnat.
3702 741 3995 808 Quomodo

2411 833 2464 878 et
2501 825 2642 879 inter
2672 825 2924 881 homines
2980 831 3116 884 ordo
3170 832 3497 902 dignitatum
3536 850 3601 889 ex
3655 836 3867 890 laboris
3902 852 3995 888 va-

2415 918 2612 974 rietate
2641 921 2894 976 diversus
2918 932 3022 984 est.
3049 940 3172 978 eum
3197 927 3494 996 episcopus
3517 938 3571 982 et
3601 930 3908 998 presbyter.
3944 937 3996 983 et

2410 1015 2591 1068 omnis
2696 1017 3113 1072 ccrlcsiasticus
3175 1021 3376 1088 gradus
3464 1021 3662 1076 habeat
3739 1021 3992 1075 ordinem

2410 1122 2608 1174 suum;
2645 1117 2698 1161 et
2737 1122 2916 1166 tamen
2956 1127 3150 1166 omnes
3180 1114 3428 1169 homines
3459 1127 3626 1168 sunt:
3653 1116 3734 1169 sic
3762 1125 3818 1170 et
3853 1117 3994 1169 inter

2415 1199 2642 1268 angelos
2677 1203 2870 1254 merita
2899 1217 3020 1257 esse
3053 1201 3289 1269 diversa,
3319 1214 3373 1258 et
3427 1215 3606 1258 tamen
3653 1207 3704 1259 in
3745 1205 3993 1275 angelica

2411 1308 2604 1346 omnes
2637 1294 2932 1362 persistere
2961 1297 3222 1364 dignitate
3247 1315 3266 1354 :
3293 1313 3390 1350 nec
3414 1298 3482 1351 de
3501 1299 3707 1368 angelis
3740 1299 3995 1352 homines

2413 1386 2550 1448 fieri,
2586 1403 2684 1440 urc
2718 1402 2935 1439 rursum
2997 1389 3246 1443 homines
3305 1391 3356 1442 in
3409 1392 3633 1462 angelos
3673 1390 3994 1446 reformari.

2485 1480 2574 1534 εει.
2615 1479 2911 1536 νει-ρειιηάε
2929 1499 3031 1535 non
3062 1485 3238 1552 posuit
3269 1487 3480 1538 nomina
3512 1488 3904 1554 expositorum.
3926 1515 3993 1530 -

2414 1571 2633 1626 Tertius
2661 1585 2744 1626 est
2777 1574 3220 1641 reprehensionis
3254 1575 3405 1628 locus
3431 1575 3576 1643 quod
3598 1576 3812 1629 dicente
3843 1576 3996 1640 Apo-

2414 1665 2593 1717 stolo:
2643 1665 3080 1720 rUtosteuderet
3122 1664 3176 1718 in
3215 1667 3436 1720 srerulis
3475 1666 3997 1733 supervenientibus

2415 1759 2757 1813 abundantes
2777 1759 2998 1813 divitias
3025 1759 3212 1829 gratiae
3234 1774 3344 1812 suae
3364 1760 3416 1811 in
3440 1760 3687 1812 bonitate
3715 1773 3883 1827 Super
3903 1775 3998 1812 nos

733 1850 892 1902 Oplls.
917 1834 1124 1889 Latinae
1152 1851 1316 1891 aures
1355 1835 1682 1903 ignorabant
1719 1853 1732 1888 :
1772 1846 1825 1890 et
1860 1846 2038 1891 tamen
2089 1836 2297 1902 profes-

2422 1851 2466 1904 in
2488 1850 2708 1905 Christo
2731 1849 2855 1904 Jesu
2877 1850 3093 1917 (Ep/tes.
3118 1867 3177 1914 ιι,
3205 1850 3312 1918 7),»
3349 1865 3448 1903 nos
3473 1851 3738 1918 triplicem
3769 1849 3998 1917 exposi-

734 1945 831 1983 sus
881 1945 998 1982 sum
1056 1931 1217 1984 fidem
1258 1943 1460 1994 meam;
1500 1939 1554 1984 et
1605 1933 1733 1999 quid
1783 1931 1917 1984 mihi
1967 1931 2302 1998 displiceret.

733 2021 974 2073 ostendi.
1009 2022 1085 2074 Ex
1116 2036 1225 2089 quo
1248 2021 1410 2076 etiam
1445 2023 1491 2076 si
1527 2023 1579 2076 in
1617 2025 1830 2078 ca~teris
1855 2024 2060 2090 aliquid
2095 2026 2307 2077 haereti-

733 2131 858 2166 eum
896 2124 1205 2170 monstrare
1241 2118 1512 2184 potuisset
1562 2117 1844 2181 inimicus,
1895 2136 2002 2171 non
2033 2129 2142 2170 tam
2177 2121 2309 2187 dog-

735 2217 938 2260 rnatum
990 2224 1551 2277 perversurum,qu:e
1622 2211 1709 2264 hic
1760 2221 1812 2265 et
1866 2211 1919 2264 in
1984 2211 2109 2266 aliis
2157 2211 2312 2264 libris

742 2313 884 2365 sirpe
931 2297 1213 2359 damnavi,
1266 2314 1428 2361 quam
1479 2298 1768 2366 improvidi
1817 2307 2036 2353 tenerer
2082 2301 2310 2354 erroris.

815 2390 907 2443 23.
943 2390 1199 2444 Ecclesia
1238 2391 1395 2458 ﬁdes.
1447 2421 1513 2432 —
1558 2388 1872 2444 Secundum
1932 2391 2110 2446 locum
2150 2406 2314 2461 quem

747 2480 877 2534 mihi
937 2482 1004 2536 ab
1044 2497 1109 2535 eo
1185 2482 1580 2550 reprehensum
1645 2483 1810 2535 frater
1869 2483 2131 2547 ostendit,
2190 2483 2317 2550 quia

742 2574 899 2628 valde
935 2573 1165 2627 frivolus
1200 2587 1306 2632 est.
1340 2581 1399 2626 et
1431 2581 1675 2640 apertam
1707 2573 1792 2628 sui
1846 2573 2060 2638 praefert
2113 2575 2321 2629 calum-

745 2669 916 2728 niam.
946 2683 1141 2735 ponam
1170 2667 1432 2721 breviter.
1467 2665 1524 2719 in
1553 2681 1618 2720 eo
1645 2667 1963 2720 testirnouio
1989 2667 2077 2719 ubi
2121 2666 2321 2721 l’aulus

745 2759 1028 2826 loquitur:
1061 2776 1078 2808 r
1119 2756 1320 2811 Sedere
1351 2773 1474 2810 eum
1510 2756 1717 2810 faciens
1753 2757 1822 2810 ad
1859 2757 2138 2810 dexteram
2165 2771 2320 2810 suam

745 2853 800 2906 iu
865 2853 1207 2912 cmlestihus,
1282 2866 1449 2921 super
1526 2865 1745 2904 omnem
1820 2850 2188 2918 principatum
2271 2860 2326 2901 et

749 2955 1078 3014 potestatem
1121 2956 1172 2998 et
1209 2945 1466 2998 virtutem
1502 2953 1554 2997 et
1586 2942 2042 3007 dominationem,
2075 2953 2128 2996 et
2164 2957 2328 2996 omne

748 3055 954 3091 nomen
982 3039 1126 3107 quod
1156 3039 1500 3100 nominatur,
1529 3053 1636 3092 non
1666 3038 1842 3092 solum
1879 3038 1931 3092 in
1966 3037 2066 3091 hoc
2105 3037 2328 3100 saeculo,

745 3132 841 3186 sed
900 3133 1064 3186 etiam
1115 3131 1170 3185 in
1227 3131 1413 3186 futuro
1461 3133 1674 3200 (Ephes.
1736 3147 1774 3196 t,
1829 3131 1921 3194 20,
1969 3132 2088 3201 2i);
2127 3150 2145 3184 ι
2210 3140 2332 3200 post

2414 1945 2618 1997 tionem
2649 1943 2956 2012 posuimus.
2981 1943 3038 1996 In
3061 1945 3234 2010 prima
3261 1945 3388 2012 quid
3416 1943 3576 1997 nobis
3601 1943 3918 1996 videretur:
3946 1940 3998 1992 in

2411 2037 2648 2090 secunda
2673 2036 2799 2104 quid
2815 2034 3074 2104 Origenes
3091 2043 3426 2103 apponeret:
3447 2035 3497 2086 in
3523 2035 3676 2087 tertia
3696 2033 3826 2102 quid
3839 2035 4003 2102 Apol‘

2415 2129 2650 2183 linarins
2686 2127 3005 2195 simpliciter
3033 2126 3366 2192 ext-lauaret.
3395 2126 3638 2189 Quorum
3688 2128 3734 2179 si
3780 2129 4002 2179 nomina

2417 2236 2526 2274 non
2555 2220 2739 2289 posui,
2774 2220 2995 2286 ignosce
3025 2217 3366 2272 verecundia
3395 2233 3524 2271 mea:
3555 2232 3699 2271 :non
3723 2218 3882 2270 debui
3909 2233 4004 2270 eos

2417 2328 2666 2380 carpere.
2699 2327 2838 2380 quos
2890 2309 3150 2364 imitabar
3196 2326 3260 2365 ex
3313 2321 3488 2379 parte,
3519 2319 3574 2364 et
3641 2325 3884 2376 quorum
3948 2310 4002 2361 in

2427 2406 2680 2460 Latinam
2723 2404 2962 2470 linguam
3013 2403 3316 2456 sententias
3349 2403 3774 2458 transferebant.
3807 2421 3824 2454 ι
3873 2401 3999 2461 Sed.

2423 2500 2557 2562 dixi,
2591 2498 2683 2564 qui
2734 2497 2968 2564 diligens
3001 2496 3172 2550 lector
3225 2507 3328 2559 est.
3385 2497 3569 2550 statim
3630 2497 3898 2564 requiret.
3952 2506 4004 2548 et

2423 2592 2589 2647 dicet.
2628 2591 2689 2644 Et
2715 2605 2909 2642 rursus
2942 2589 2994 2641 in
3028 2588 3157 2642 line.
3198 2588 3356 2643 Alius
3387 2604 3519 2642 vero
3567 2590 3671 2642 hoc
3701 2587 3850 2657 quod
3904 2590 4004 2652 ait,

2432 2704 2450 2736 r
2493 2681 2563 2738 Ut
2587 2683 2898 2737 ostenderet
2931 2681 2982 2734 in
3009 2681 3225 2736 saeculis
3260 2679 3782 2749 supervenientibus
3830 2679 4006 2732 abun-

2427 2775 2622 2830 dantes
2641 2775 2861 2828 divitias
2883 2773 3067 2844 gratia!
3091 2787 3227 2835 suae,
3257 2790 3274 2822 ι
3302 2774 3367 2824 ad
3399 2771 3541 2823 illam
3576 2768 4001 2836 intelligentiam

2429 2864 2692 2921 transfert
2729 2864 2771 2919 ⁸.
2811 2885 2829 2917 ι
2877 2865 3038 2932 Ecce,
3065 2863 3304 2932 inquies.
3342 2862 3446 2916 sub
3471 2861 3748 2930 diligentis
3784 2860 4008 2914 lectoris

2431 2972 2690 3025 persona,
2717 2955 2980 3025 Origenis
3009 2953 3311 3008 sententias
3338 2951 3647 3020 explicasti.
3687 2951 3889 3005 Fateor
3920 2966 4009 3005 er-

2435 3065 2640 3113 rorem,
2676 3064 2782 3102 non
2818 3047 2980 3101 debui
3016 3047 3329 3112 diligentem
3363 3045 3572 3108 dicere,
3607 3045 3700 3098 sed
3755 3043 4008 3111 blasphe-

2438 3157 2626 3195 mum:
2663 3141 2810 3208 quod
2835 3141 2879 3192 si
2931 3139 3206 3201 fecissem,
3239 3145 3293 3190 et
3316 3137 3505 3204 aliquo
3534 3137 3788 3190 scissem-
3824 3136 4012 3190 vatici-

751 3224 1110 3293 multiplicem
1169 3223 1597 3292 expositionem.
1641 3239 1766 3279 cum
1827 3224 1894 3277 ad
1943 3223 2321 3277 ministrorum
2353 3217 2396 3275 (ἒ
2431 3235 2524 3289 nio
2557 3244 2607 3288 te
2639 3233 2943 3287 istiusmodi
2983 3230 3186 3284 naenias
3221 3239 3584 3293 secuturum.
3613 3229 4014 3283 etiarucalum-

751 3315 844 3368 Dei
898 3314 1078 3368 ofﬁcia
1130 3315 1528 3384 pervenissent,
1580 3323 1635 3368 et
1684 3315 1750 3370 de
1800 3315 2203 3385 principatibus
2261 3331 2326 3371 ac

755 3407 1123 3478 potestatibus
1158 3416 1211 3459 et
1245 3407 1546 3461 virtutibus
1586 3423 1650 3460 ac
1674 3407 2147 3462 dominationibus
2177 3409 2326 3463 dice-

751 3517 886 3565 rem,
927 3502 1091 3552 etiam
1127 3500 1229 3552 hoc
1263 3499 1444 3552 addidi
1483 3515 1498 3552 :
1540 3517 1557 3550 ι
1596 3497 1832 3554 Necesse
1867 3509 1972 3562 est,
2039 3509 2100 3554 ut
2144 3500 2328 3568 subje-

752 3603 872 3647 ctos
899 3593 1157 3654 habeant.
1201 3603 1254 3644 ct
1289 3593 1543 3647 timentes
1567 3607 1647 3655 se,
1689 3600 1744 3646 et
1785 3592 2084 3647 servientes
2115 3592 2240 3658 sibi,
2275 3602 2329 3647 et

755 3701 853 3738 eos
881 3686 971 3752 qui
1008 3699 1036 3737 a
1068 3699 1163 3737 sua
1197 3683 1521 3738 fortitudine
1570 3685 1926 3740 roborentur.
1965 3684 2099 3751 Quae
2135 3688 2327 3742 distri-

757 3777 1011 3830 butimies
1050 3776 1384 3840 officiorum,
1422 3793 1526 3830 non
1561 3778 1738 3831 solum
1787 3779 1838 3832 in
1887 3781 2328 3848 praesentiarum,

761 3869 854 3921 sed
887 3867 1052 3922 etiam
1083 3868 1134 3920 in
1165 3866 1348 3921 futuro
1377 3868 1580 3922 seculo
1611 3878 1774 3921 erunt
1814 3885 1830 3925 :
1865 3879 2056 3938 ut-per
2089 3869 2333 3936 singulos

759 3959 1039 4029 profecms
1071 3966 1123 4010 et
1159 3957 1419 4019 honores.
1455 3961 1803 4014 ascensiones
1826 3969 1882 4013 et
1915 3959 2328 4026 descensiones,

761 4055 842 4106 vel
881 4061 1093 4106 crescat
1138 4052 1405 4120 aliquis',
1459 4052 1541 4104 vel
1587 4054 1888 4112 decrescat.
1944 4061 1998 4104 et
2057 4053 2160 4106 sub
2225 4053 2334 4106 alia

761 4155 925 4213 atque
958 4144 1062 4196 alta
1113 4151 1406 4207 potestate,
1436 4143 1667 4206 virtute,
1702 4142 2038 4210 principatu.
2077 4153 2130 4195 et
2157 4141 2337 4196 domi-

761 4237 986 4291 natione
1045 4234 1156 4287 fiat.
1195 4251 1212 4283 ι
1270 4233 1336 4286 Et
1380 4243 1502 4302 post
1545 4235 1854 4302 exemplum
1921 4233 2122 4287 terreni
2173 4233 2337 4302 regis,

769 4339 1053 4393 totamque
1088 4325 1272 4395 palatii
1307 4325 1757 4392 descriptionem,
1788 4341 1884 4394 per
1916 4341 2081 4396 quam
2115 4325 2333 4380 diversa

771 4423 1200 4476 ministeriorum
1245 4421 1338 4475 Dei
1374 4418 1548 4475 olIicia
1599 4421 2063 4482 demonstrabam,
2094 4419 2277 4474 addidi
2321 4435 2336 4473 :

775 4533 794 4565 ι
859 4515 928 4569 Et
980 4523 1242 4584 putamus
1314 4511 1522 4580 Deum,
1591 4511 1880 4565 Dominum
1965 4513 2335 4575 dominorum,

2432 3326 2536 3380 nia:
2576 3325 2743 3378 verba
2807 3324 3088 3378 vitassem.
3122 3322 3342 3378 Grande
3367 3323 3594 3386 .crimen
3628 3321 3672 3374 si
3715 3319 4011 3389 Origenem

2431 3415 2790 3484 diligentem‘
2819 3412 2936 3467 disi
2962 3429 3084 3467 esse
3114 3413 3394 3476 lectorem,
3457 3411 3617 3480 cujus
3659 3412 4012 3480 septuaginta

2431 3504 2604 3559 libros
2639 3505 3038 3572 interpretatus
3067 3517 3212 3567 sum,
3236 3517 3396 3571 quem
3427 3502 3478 3554 in
3501 3501 3702 3555 celum
3757 3500 4011 3554 laudibus

2432 3597 2562 3661 tuli;
2589 3611 2686 3664 pro
2710 3610 2819 3662 quo
2849 3593 3171 3663 compulsus
3202 3609 3323 3648 sum
3353 3603 3480 3647 ante
3511 3592 3794 3648 biennium
3858 3591 4014 3644 brevi

2433 3689 2614 3745 libello
2646 3689 2756 3744 tuis
2783 3697 2974 3742 contra
3021 3702 3106 3740 me
3138 3685 3428 3756 praeoniis
3461 3683 3794 3752 respondere
3859 3683 4015 3750 (Epi-

2435 3784 2576 3837 stolrt
2601 3784 2669 3835 ad
2696 3781 3010 3834 Pamntach.
3037 3790 3160 3833 ante
3183 3779 3444 3832 biennium
3467 3779 3710 3844 scripta).
3733 3773 4016 3829 Ecclesia-

2435 3890 2558 3929 rum
2594 3873 2912 3942 magistrum
2940 3885 2968 3923 a
2993 3885 3077 3924 me
3099 3869 3304 3922 dictum
3327 3881 3449 3921 esse
3471 3865 3785 3934 Origeuem.
3823 3862 3876 3914 in
3905 3860 4016 3914 tuis

2437 3963 2693 4021 laudibus
2714 3963 2909 4032 objicis
2945 3979 2959 4014 :
2986 3969 3039 4014 et
3069 3969 3228 4028 putas
3260 3958 3407 4026 quod
3471 3957 3859 4025 pertimescere
3915 3951 4019 4005 de-

2439 4058 2622 4121 beam,
2669 4056 2714 4110 si
2761 4053 3078 4121 diligentem
3143 4050 3400 4104 lectorem
3457 4063 3545 4102 me
3601 4048 3749 4100 illum
3807 4047 4018 4106 dixisse

2442 4148 2703 4203 inimicus
2734 4160 2986 4201 accuses.
3033 4141 3286 4195 Solemus
3316 4151 3370 4194 et
3400 4139 3770 4208 negotiatores
3804 4141 4020 4208 parcis-

2441 4243 2636 4304 sirnos,
2667 4249 2722 4293 et
2751 4237 2890 4306 frugi
2925 4251 3146 4297 servos,
3176 4244 3226 4286 et
3270 4233 3525 4286 molestos
3559 4231 3906 4300 paedagogos,
3965 4241 4017 4286 et

2453 4332 2842 4402 argutissimos
2871 4327 3042 4390 fures,
3075 4326 3360 4393 diligentes
3400 4338 3622 4377 vocare.
3667 4321 3828 4393 481
3870 4321 3938 4375 Et
3964 4324 4015 4376 in

2447 4423 2745 4492 Evangelia
2789 4421 3004 4474 villicus
3052 4416 3362 4485 iniquitatis
3413 4415 3711 4484 prudenter
3764 4418 4016 4483 quaedam

2445 4516 2640 4570 fecisse
2670 4513 2870 4566 dicitur
2891 4508 3044 4579 (Luc.
3074 4524 3186 4574 xvr,
3214 4506 3378 4575 8);et,
3409 4524 3428 4557 ι
3463 4505 3853 4559 Prudentiores
3877 4516 4009 4558 sunt

774 4621 1074 4677 regemque
1113 4605 1489 4674 regnantium.
1523 4603 1758 4673 simplici
1785 4611 2001 4656 tantum
2029 4603 2338 4657 ministerio
2368 4575 2417 4634 θ
2447 4608 2541 4662 ﬁlii
2608 4605 2772 4674 hujus
2819 4603 3004 4658 seculi
3035 4601 3160 4654 liliis
3208 4599 3350 4654 lucis
3409 4598 3462 4651 in
3525 4597 3880 4667 generatione
3917 4612 4017 4652 sua

770 4714 895 4755 esse
954 4697 1321 4752 contentum?
1373 4716 1394 4748 ›
1455 4696 1743 4762 Quomodo
1815 4697 2177 4767 archangelns
2228 4712 2338 4751 non

775 4791 999 4852 dicitur.
1042 4790 1145 4844 nisi
1187 4789 1283 4858 qui
1317 4789 1470 4859 prior
1498 4799 1581 4844 est
1613 4791 1928 4858 angelorum
1964 4787 1980 4848 ξ
2017 4793 2098 4846 sic
2131 4789 2341 4845 Princi-

775 4893 938 4954 patus
964 4891 1019 4936 et
1053 4880 1359 4938 Potestates
1392 4891 1446 4936 et
1471 4883 1882 4938 nominationes
1922 4901 2028 4940 non
2063 4885 2341 4954 appellan-

778 4990 884 5039 tur,
924 4976 1031 5030 nisi
1091 4975 1370 5044 subjectos
1417 4975 1630 5045 aliquos
1675 4977 1912 5031 habeant
1954 4988 2009 5032 et
2058 4978 2342 5036 .iuferioris

778 5067 1000 5138 gradus.
1038 5065 1205 5137 480
1237 5065 1334 5120 Siti
1375 5075 1558 5120 autem
1593 5077 1750 5138 putat
1791 5069 1993 5123 idcirco
2023 5087 2107 5125 me
2151 5071 2342 5138 Orige-

778 5175 903 5214 nem
937 5160 1110 5226 sequi.
1141 5159 1268 5228 quia
1301 5158 1583 5227 profectus
1609 5167 1662 5214 et
1695 5161 1952 5226 honores,
1991 5166 2341 5220 ascensiones

779 5261 834 5305 et
863 5241 1277 5314 descensiones,
1327 5252 1663 5305 incrementa
1696 5260 1748 5306 et
1796 5253 2231 5319 immunitiones,
2289 5258 2342 5311 in

783 5343 1130 5412 expositione
1170 5356 1286 5395 mea
1321 5343 1477 5410 posui
1505 5361 1518 5409 ;
1557 5345 1697 5398 sciat
1720 5344 1950 5400 multum
1982 5347 2253 5403 interesse
2281 5352 2344 5403 de

786 5435 995 5504 angelis
1028 5443 1084 5488 et
1109 5433 1481 5513 Serapbim.et
1509 5433 1802 5489 Cberubim
1836 5437 2042 5502 dicere.
2068 5439 2348 5498 daemones

859 5549 874 5578 '
916 5546 976 5600 in
1007 5546 1432 5600 Commentariis
1452 5587 1464 5606 .
1489 5555 1851 5602 conuersatus.

862 5615 1080 5694 s-‘ngd
1107 5616 1391 5694 .hiehstare
1425 5631 1687 5694 numerus
1735 5619 1958 5694 omnino
2002 5635 2109 5674 non
2157 5625 2346 5694 possit,

793 5686 851 5740 in
880 5683 936 5738 S.
972 5684 1154 5739 Patris
1181 5683 1302 5739 Vita
1332 5699 1433 5739 suo
1463 5686 1583 5738 loco
1613 5686 1976 5743 ostendimus.

867 5756 888 5786 s
933 5752 1055 5808 νεά,
1113 5769 1234 5824 qua
1287 5755 1343 5809 in
1403 5754 1550 5808 hunc
1614 5768 1645 5809 e
1694 5754 2111 5815 Commentariis
2170 5762 2346 5819 locum

795 5823 1143 5879 adnotamus.

885 5895 905 5924 ⁸
934 5895 1076 5951 Alibi
1103 5904 1160 5950 et
1189 5895 1245 5952 in
1266 5893 1662 5958 Commentar.,
1717 5899 2020 5962 transferet.

2447 4699 2657 4769 (Ibid.).
2673 4698 2757 4748 »Ει
2773 4735 2785 4756 ,
2799 4715 2814 4745 ι
2830 4695 3068 4760 Serpens
3085 4691 3384 4760 sapientior
3400 4698 3515 4742 erat
3530 4687 3782 4742 omnibus
3798 4688 4014 4753 bestiis,

2446 4807 2582 4861 quas
2620 4789 2750 4843 fecit
2783 4787 3046 4840 Dominus
3076 4798 3239 4853 super
3264 4792 3462 4835 terram
3493 4779 3648 4846 (Cen.
3671 4795 3755 4845 III,
3789 4780 3875 4850 ι).
3922 4799 3943 4832 s

2521 4888 2612 4942 ‘35.
2646 4886 2852 4952 Corpus
2889 4891 3078 4936 mortis
3119 4879 3258 4950 quod
3293 4880 3381 4932 sit.
3413 4907 3485 4918 —
3530 4875 3768 4943 Quartus
3825 4891 4020 4944 repre-

2447 4985 2734 5040 hensionis
2778 4980 2948 5042 locus,
2985 4977 3278 5033 exordium
3310 4975 3542 5030 secundi
3588 4972 3714 5026 libri
3747 4973 4016 5040 possidet.

2447 5078 2499 5131 in
2533 5091 2640 5143 quo
2662 5074 2762 5125 boc
2785 5070 2934 5124 Pauli
2959 5066 3327 5122 testimonium
3349 5063 3744 5132 exposuimus:
3784 5078 3804 5111 ι
3846 5060 4019 5132 Hujus

2449 5169 2526 5221 rei
2550 5168 2720 5236 gratia
2763 5179 2863 5232 ego
2884 5161 3084 5214 Paulus
3101 5159 3321 5212 vinctus
3343 5155 3469 5211 Jesu
3498 5150 3704 5208 Christi
3732 5167 3834 5220 pro
3862 5154 4016 5208 vobis

2447 5259 2700 5332 gentibus
2734 5253 2946 5324 (Ephes.
2974 5267 3054 5315 Ill,
3082 5249 3138 5319 2)
3164 5267 3210 5314 ;i
3246 5258 3301 5302 et
3332 5252 3460 5317 quia
3502 5263 3597 5317 per
3626 5262 3683 5301 se
3700 5247 3860 5300 locus
3908 5248 4019 5316 ipse

2451 5351 2780 5407 manifestus
2811 5358 2912 5408 est,
2946 5360 3064 5398 eam
3093 5353 3302 5398 tantum
3335 5350 3542 5410 partem
3572 5353 3768 5408 ponam
3829 5340 4017 5409 expla-

2449 5440 2713 5504 nationis,
2746 5453 2868 5507 qua:
2905 5444 3054 5505 patet
3101 5431 3423 5487 calumnia:
3459 5448 3478 5482 ι
3517 5428 3770 5483 Vinctum
3807 5429 4016 5484 Christi

2522 5560 2542 5590 '
2568 5557 2785 5612 Minime
2803 5568 2930 5606 vero
2957 5561 3178 5606 accusat
3198 5547 3426 5603 Ruﬁnus
3454 5545 3847 5613 Hieronymum
3873 5545 4019 5613 quod

2450 5630 2736 5696 Origenetn
2771 5625 3078 5696 diligentem
3130 5621 3349 5696 dixerit.
3403 5618 3498 5696 sed
3553 5616 3695 5684 Quod
3727 5616 3806 5696 _ill
3862 5616 4020 5696 Hunc

2453 5684 2603 5752 Pauvli
2652 5697 2829 5748 locum
2860 5684 3114 5754 senserit,
3151 5688 3267 5743 fore
3296 5697 3356 5742 ut
3387 5688 3661 5741 daemones
3689 5685 3760 5737 ab
3817 5684 4017 5738 ultimo

2448 5768 2652 5836 judicio
2690 5766 2743 5818 in
2781 5764 2978 5836 caelum
3028 5769 3386 5820 revertantur,
3414 5756 3713 5824 eademque
3735 5764 3906 5823 atque
3933 5754 4015 5811 Je-

2453 5830 2550 5895 sus
2576 5837 2827 5892 Christus
2875 5830 3155 5887 voluntate
3199 5837 3440 5884 utantur.
