4202 6470
184 381 288 442 437

1331 397 1632 457 CONTRA
1669 402 2020 466 HUFINUTJ
2076 412 2215 470 LIB.
2273 414 2314 473 l.

3340 408 3451 476 438

175 493 299 596 "‘3’
328 495 566 596 ΡθυῖυῘ-’Ϊ
595 517 716 596 “se
743 518 840 572 pm
869 507 1120 574 εθ¹¹ίί¹¹¹¹⁵
1149 550 1162 572 s
1205 521 1383 578 P0105!
1413 522 1466 565 cl
1490 515 1554 568 de
1611 534 1757 570 mar-
1793 525 1832 579 A
1867 538 1969 574 una
2002 535 2156 578 :etatc
2180 530 2286 578 sint
2331 529 2492 595 positi
2532 529 2570 590 ⁸,
2612 528 2662 580 id
2727 533 2834 588 est,
2867 541 3059 580 omnes
3119 527 3172 580 in
3228 528 3449 596 angelos

178 592 319 659 tyrio
386 593 663 664 intelligi,
733 599 876 665 quod
935 601 1116 655 Rubra:
1177 603 1231 656 in
1323 605 1533 659 vincrila
1589 613 1767 678 conje—

176 693 332 746 ctus,
365 683 515 740 hanc
557 687 860 757 Epistolain
894 693 1120 759 miserit,
1153 711 1217 750 eo
1271 706 1513 768 tempore
1559 720 1667 770 quo
1699 705 1764 758 ad

177 773 592 844 Philemonem,
649 793 700 835 et
767 787 834 837 ad
901 786 1283 855 Colosseuscs,
1339 800 1393 845 et
1448 791 1766 864 Philippen-

174 884 280 931 ses,
334 872 391 924 ia
453 874 571 926 alio
629 876 752 930 loco
811 880 1044 947 scriptas
1103 896 1224 935 esse
1300 889 1759 944 monstravimus.

177 961 267 1016 γει
294 974 473 1030 certe,
509 968 641 1037 quia
676 969 731 1022 in
793 970 1044 1038 plurimis
1094 973 1234 1029 locis
1267 975 1460 1032 lectum
1513 991 1595 1035 est
1644 982 1761 1035 viu-

175 1057 360 1110 culum
398 1060 605 1113 anima:
641 1077 845 1131 corpus
877 1065 978 1119 hoc
1013 1067 1143 1133 dici,
1201 1083 1312 1139 quo
1357 1074 1513 1139 quasi
1576 1075 1762 1129 clauso

177 1159 432 1206 teneatur
472 1153 531 1206 in
571 1169 820 1220 carcere,
891 1159 1126 1216 dicimus
1186 1171 1472 1231 propterea
1539 1165 1764 1221 Paulum

173 1245 424 1312 corporis
464 1248 706 1302 nexibus
739 1253 1004 1319 coerceri,
1047 1271 1148 1310 nec
1175 1258 1398 1320 reverti,
1427 1269 1616 1315 etesse
1640 1276 1766 1314 cum

174 1338 422 1402 Christo,
458 1352 520 1394 ut
553 1345 797 1411 perfecta
838 1347 888 1399 in
931 1359 1124 1417 gentes
1166 1368 1260 1420 per
1287 1367 1412 1407 eum
1450 1356 1767 1422 praedicatio

174 1434 571 1497 compleatur:
621 1439 743 1493 licet
783 1442 1005 1510 quidam
1071 1444 1239 1497 alium
1289 1463 1515 1500 sensum
1549 1450 1600 1500 in
1657 1451 1758 1504 hoc

178 1528 294 1580 loco
327 1530 717 1595 iutroducant,
747 1535 892 1602 quod
929 1537 943 1564 ¹
982 1533 1186 1590 Paulus
1217 1540 1644 1608 prmdestinatus
1709 1553 1764 1596 et

178 1621 570 1676 sanctiﬁcatus
601 1638 664 1677 ex
699 1633 855 1680 utero
873 1629 1062 1682 matris
1083 1645 1194 1684 sua:
1226 1631 1292 1684 ad
1323 1631 1764 1700 praedicationem

177 1713 430 1777 gentium
495 1722 797 1782 antequam
859 1729 1223 1786 nasceretur,
1299 1732 1492 1790 postea
1551 1725 1764 1778 vincula

177 1801 355 1852 carnis
385 1806 692 1871 acceperit.
734 1823 751 1854 ι
791 1806 853 1858 Et
888 1808 937 1861 in
971 1809 1072 1863 hoc
1123 1811 1418 1879 triplicem,
1453 1822 1513 1867 ut
1560 1829 1748 1885 supra,

175 1894 583 1959 expositionem
615 1900 792 1961 posui.
831 1900 886 1954 In
922 1905 1120 1968 prima,
1147 1905 1275 1972 quid
1302 1906 1434 1960 mibi
1460 1907 1785 1974 videretur;-

180 1988 228 2036 ιο
258 1989 527 2050 secunda,
559 1991 689 2059 quid
717 1992 983 2060 Origenes
1006 2009 1277 2052 assereret
1302 2015 1318 2065 ;
1347 1999 1398 2053 in
1436 2001 1610 2068 tertia,
1639 2004 1766 2071 quid

178 2077 560 2145 Apollinarius
589 2096 785 2139 contra
827 2088 976 2142 illius
1027 2092 1233 2146 radens
1294 2096 1551 2162 dogmata
1598 2099 1769 2152 senti-

177 2181 282 2258 ret,
316 2171 468 2242 Lege
502 2173 723 2232 Graecos
751 2180 1188 2239 Commentarios
1217 2201 1230 2252 ;
1256 2194 1308 2239 ct
1351 2187 1454 2241 nisi
1489 2189 1562 2242 ita
1617 2205 1771 2258 repe-

180 2257 340 2322 reris,
369 2261 588 2317 crimen
619 2263 852 2322 fatcbor.
879 2270 1034 2335 Quod
1072 2283 1154 2327 est
1187 2275 1240 2326 in
1275 2275 1380 2328 isto
1423 2277 1540 2332 loco
1570 2257 1767 2348 pecca-

175 2361 288 2403 tum
312 2355 544 2408 meum?
583 2356 717 2412 Illud
751 2360 1039 2430 nimirum,
1073 2380 1171 2434 pro
1205 2381 1315 2435 quo
1342 2383 1506 2437 supra
1544 2387 1773 2442 respon-

175 2446 265 2498 di:
297 2463 478 2516 quare
512 2465 624 2504 non
662 2467 756 2507 eos
787 2469 815 2507 a
853 2456 1054 2522 quibus
1119 2458 1260 2514 dicta
1301 2473 1453 2526 sunt,
1522 2467 1770 2520 nomina-

178 2540 279 2592 rim
304 2540 329 2592 τ
361 2542 722 2611 Superﬂuum
761 2558 875 2601 erat
915 2565 1012 2617 per
1054 2551 1271 2622 singula
1309 2555 1558 2624 Apostoli
1619 2559 1774 2612 testi-

182 2634 390 2696 monia,
416 2650 616 2688 eorum
655 2640 877 2692 nomina
920 2657 1148 2709 ponere,
1192 2661 1429 2712 quorum
1475 2662 1562 2701 me
1590 2645 1772 2718 Opus-

179 2725 305 2778 cula
347 2728 754 2782 translaturum
823 2731 877 2784 in
933 2732 1260 2791 Praefatione
1312 2738 1676 2808 signaveram.
1705 2740 1773 2795 Et

182 2826 369 2872 tamen
407 2819 654 2872 vinctam
698 2821 804 2877 dici
847 2824 1088 2880 animam
1151 2842 1402 2898 corpore,
1464 2832 1641 2886 donec
1698 2837 1764 2887 ad

181 2906 471 2964 Christum
505 2913 716 2980 redeat,
746 2916 876 2971 etin
928 2922 1352 2978 resurrectionis
1398 2925 1596 2993 gloria,
1644 2943 1771 2982 cor-

189 3002 477 3072 ruptivum
510 3015 566 3058 et
597 3007 826 3062 mortale
852 3023 1078 3080 corpus,
1109 3012 1523 3084 incorruptione
1555 3027 1610 3071 et
1667 3022 1770 3073 im-

185 3094 527 3150 mortalitate
553 3107 875 3166 commutet,
909 3117 1021 3157 non
1079 3103 1335 3160 absurda:
1394 3107 1772 3178 intelligentia

1873 620 2272 672 reformentur:
2306 622 2397 672 sed
2457 619 2887 688 unumquodque
2938 617 3242 673 membrum
3299 620 3449 690 juxta

1873 727 2184 765 mensuram
2222 710 2534 766 clollicinm
2584 727 2740 766 suum
2768 711 3070 781 perfectum
3142 711 3232 764 sit.
3283 711 3444 766 Verbi

1869 808 2068 872 gratia,
2095 816 2153 858 ut
2183 807 2412 874 angelus
2443 804 2628 873 refuga
2690 805 2740 857 id
2801 820 2924 860 esse
3003 806 3251 874 incipiat,
3300 807 3445 874 quod

1871 911 2086 954 creatus
2117 913 2240 956 est:
2281 912 2336 955 ut
2365 901 2530 954 homo
2561 902 2654 969 qui
2682 900 2749 953 de
2797 902 3052 968 paradiso
3112 901 3282 956 fuerat
3329 902 3444 971 eje-

1870 1000 2012 1054 ctus,
2054 993 2117 1044 ad
2153 994 2426 1046 culturam
2483 993 2681 1046 iterum
2715 992 2953 1062 paradisi
2978 994 3318 1060 restituatur,
3353 1011 3370 1044 ι
3399 1004 3453 1046 et

1873 1085 2110 1152 l’Clltllltt.

1942 1174 2032 1231 27.
2075 1175 2206 1229 Duae
2237 1177 2573 1232 Ita’reses.——
2598 1179 2764 1234 Miror
2795 1191 2846 1234 te
2879 1178 3154 1232 hominem
3212 1181 3450 1246 pruden-

1871 1271 2142 1324 tissimum
2178 1287 2284 1323 non
2318 1271 2652 1325 intellexisse
2679 1281 2850 1326 artem
2899 1271 3260 1341 expositionis
3293 1289 3443 1328 meae.

1877 1383 1893 1414 ι
1929 1363 2161 1429 Quando
2219 1365 2362 1418 enim
2436 1365 2582 1430 dico,
2648 1367 2716 1418 ita
2777 1375 2955 1418 tamen
3016 1375 3073 1418 ut
3133 1381 3243 1418 non
3295 1365 3448 1434 juxta

1871 1459 2033 1510 aliam
2094 1459 2342 1511 haeresim
2403 1473 2594 1510 omnes
2646 1457 2700 1510 iu
2747 1473 2854 1512 una
2911 1466 3068 1511 (etate
3094 1459 3203 1512 siut
3257 1460 3446 1528 positi,

1873 1550 1923 1602 id
1985 1560 2092 1610 est,
2145 1565 2337 1602 omnes
2393 1550 2445 1602 in
2503 1549 2724 1618 angelos
2784 1549 3170 1612 reformentur,
3217 1549 3449 1604 ostendo

1871 1650 1924 1694 ct
1967 1657 2030 1694 ca
2068 1642 2134 1694 de
2161 1642 2362 1710 quibus
2395 1642 2612 1711 disputo
2645 1657 2768 1697 esse
2815 1643 3172 1705 hzeretica,et
3227 1643 3294 1695 ab
3340 1641 3445 1694 alia

1873 1736 2065 1788 lueresi
2091 1733 2471 1802 discrepare.»
2537 1735 2665 1800 Qum
2702 1744 2830 1790 sunt
2857 1750 2986 1804 ergo
3013 1736 3133 1788 dua:
3167 1734 3450 1788 haereses?

1877 1825 2018 1891 Una,
2053 1842 2174 1894 qua:
2203 1826 2337 1882 dicit
2391 1841 2582 1882 omnes
2642 1827 3005 1883 rationabiles
3058 1839 3343 1882 creaturas
3393 1827 3448 1881 in

1875 1919 2100 1986 angelos
2136 1919 2446 1974 reformari.
2489 1921 2671 1974 Altera
2703 1936 2824 1989 quae
2865 1921 3062 1976 asserit
3097 1923 3448 1991 unumquod-

1873 2011 2048 2080 quein
2078 2013 2421 2066 restitutione
2482 2014 2667 2067 mundi
2701 2013 2752 2067 id
2789 2012 2907 2067 fore.
2951 2014 3095 2082 quod
3163 2013 3447 2066 conditum

1871 2111 1974 2154 est.
2015 2101 2174 2156 Verbi
2218 2103 2392 2171 gratia
2421 2121 2432 2154 :
2467 2103 2594 2170 quia
2626 2117 2692 2156 ex
2720 2104 2926 2172 angelis
2979 2105 3255 2158 daemones
3291 2111 3447 2164 sunt,

1873 2207 2090 2245 rursum
2119 2193 2394 2245 dzemones
2423 2191 2645 2260 angelos
2679 2191 2797 2245 fieri
2831 2209 2844 2257 ;
2900 2200 2954 2246 et
3003 2191 3214 2246 animas
3266 2189 3448 2244 homi-

1873 2299 2029 2350 num,
2058 2284 2130 2338 ita
2164 2293 2215 2337 ut
2247 2293 2374 2338 sunt
2407 2283 2661 2344 conditae.
2707 2298 2814 2336 non
2845 2283 2897 2336 in
2933 2280 3159 2352 angelos
3194 2318 3211 2345 ,
3241 2280 3335 2334 sed
3395 2281 3448 2332 in

1877 2375 1925 2427 id
1950 2372 2096 2442 quod
2132 2388 2162 2426 a
2195 2372 2305 2427 Deo
2337 2381 2466 2426 sunt
2501 2373 2756 2434 conditae,
2788 2371 3104 2433 reformari,
3139 2380 3198 2425 ut
3236 2377 3291 2424 et
3316 2369 3448 2439 justi

1875 2474 1931 2516 et
1971 2471 2290 2531 peccatores
2323 2463 2560 2532 aequales
2591 2463 2742 2516 fiant.
2778 2462 3020 2531 Denique
3050 2473 3108 2514 ut
3157 2461 3301 2515 scias
3363 2475 3452 2515 me

1877 2567 1986 2606 non
2021 2566 2194 2606 meam
2232 2553 2544 2622 explicasse
2578 2555 2921 2616 sententiam,
2953 2555 3046 2608 sed
3079 2555 3224 2607 inter
3253 2567 3312 2607 se
3336 2553 3448 2606 ha:-

1877 2658 2028 2697 reses
2056 2656 2432 2711 comparasse,
2471 2658 2705 2712 quarum
2739 2653 3026 2710 utramque
3059 2643 3112 2694 in
3148 2640 3339 2695 Graeco
3369 2641 3449 2694 le-

1877 2749 2084 2804 geram,
2113 2733 2546 2801 disputationem
2584 2748 2759 2788 meam
2794 2733 2958 2804 583
2997 2735 3102 2786 hoc
3135 2734 3241 2786 line
3297 2747 3450 2786 cem-

1877 2827 2017 2895 plevi
2055 2845 2067 2881 :
2115 2845 2134 2877 ‹
2167 2825 2399 2894 Idcirco,
2435 2834 2494 2878 ut
2527 2840 2690 2895 supra
2730 2823 2988 2889 diximus,
3019 2825 3135 2879 haec
3164 2823 3306 2893 apud
3350 2839 3451 2878 nos

1874 2919 2193 2973 obscuriora
2239 2927 2387 2984 sunt,
2423 2919 2552 2988 quia
2625 2916 3013 2986 μεταφορικῶς
3082 2917 3340 2970 dicuntur
3397 2915 3451 2970 in

1874 3011 2099 3076 Graeco;
2131 3009 2388 3064 etomnis
2414 3008 2759 3078 metaphora,
2781 3007 2825 3062 si
2846 3007 2913 3062 de
2938 3008 3042 3062 alia
3077 3006 3132 3061 in
3163 3007 3324 3060 aliam
3351 3007 3453 3061 lin-

1873 3117 2034 3174 guam
2068 3100 2433 3156 transferatur
2475 3100 2542 3155 ad
2594 3098 2843 3163 verbum,
2901 3098 3230 3169 quibusdam
3287 3099 3446 3167 quasi

181 3193 287 3239 est.
319 3183 483 3241 Unde
509 3196 566 3241 et
592 3187 933 3258 Apostolus:
963 3210 982 3245 ι
1013 3193 1176 3250 Miser
1198 3212 1320 3267 ego,
1348 3197 1548 3267 inquit,
1571 3200 1770 3255 homo:
1803 3214 1844 3270 ο
1880 3193 2150 3256 sentibus,
2170 3193 2439 3248 orationis
2461 3207 2660 3248 sensus
2685 3199 2740 3246 et
2766 3190 3009 3262 germina
3041 3189 3405 3245 suﬂ‘ocantur.
3424 3209 3442 3242 ι

179 3279 309 3348 quis
343 3294 435 3333 me
469 3279 730 3336 liberabit
752 3284 816 3337 de
838 3299 1071 3353 corpore
1105 3291 1301 3342 mortis
1355 3288 1518 3357 hujus
1572 3289 1749 3359 (Rom.

186 3378 280 3434 ut,
309 3369 455 3438 tu)?
491 3389 509 3422 ι
551 3369 765 3440 Corpus
798 3377 993 3430 mortis
1045 3378 1352 3446 appellans,
1411 3380 1556 3449 quod
1617 3383 1770 3440 vitiis

183 3472 237 3516 et
271 3464 486 3518 morbis
513 3476 568 3517 et
596 3467 1102 3532 perturbationibus
1134 3486 1196 3525 ac
1238 3473 1402 3526 morti
1445 3474 1726 3543 subjaceat
1759 3493 1772 3533 :

185 3558 363 3609 donec
395 3572 520 3609 cum
554 3555 778 3612 Christo
805 3571 1056 3630 resurgat
1079 3563 1132 3616 in
1171 3565 1366 3632 gloria,
1397 3565 1561 3636 482
1584 3575 1637 3621 et
1659 3568 1775 3623 fra-

187 3647 294 3715 gile
368 3649 528 3715 prius
590 3648 789 3714 lutum,
835 3663 1179 3723 excoquatur
1251 3655 1467 3712 fervore
1535 3658 1776 3727 Spiritus

187 3739 367 3792 sancti
403 3739 458 3791 in
483 3748 678 3792 testam
716 3743 1103 3798 solidissintam
1140 3765 1153 3800 :
1189 3746 1482 3803 demutans
1522 3749 1775 3818 gloriam,

187 3847 298 3883 non
332 3841 484 3884 natm
502 3847 612 3884 am.

257 3924 352 3976 26.
381 3924 628 3988 Quintus
665 3925 818 3980 locus
855 3927 1236 3984 validissimus
1260 3940 1365 3995 est,
1395 3933 1446 3986 in
1477 3949 1586 4002 quo
1612 3950 1776 4003 expo-

191 4015 556 4069 nentes'iilud
590 4017 834 4084 Apostoli
869 4019 1244 4074 testimonium
1305 4024 1521 4090 (Ep/tes.
1544 4040 1616 4089 tv,
1651 4025 1770 4091 l6):

197 4126 213 4154 ι
248 4106 325 4160 Ex
364 4122 475 4172 quo
512 4116 684 4158 totum
709 4123 909 4176 corpus
951 4121 1296 4179 compactum
1324 4122 1380 4166 et
1432 4115 1777 4183 conglutina-

194 4209 307 4251 tum
346 4215 442 4267 per
466 4213 686 4252 omnem
712 4200 1032 4268 juncturam
1060 4205 1626 4273 subministrationis,
1683 4223 1770 4263 sc-

192 4293 439 4346 cundum
473 4291 852 4359 operationem
884 4293 937 4347 in
977 4311 1288 4350 mensuram
1339 4299 1778 4370 uniuscujusque

193 4382 456 4444 membri,
484 4392 843 4451 augmentum
874 4387 1125 4455 corporis
1154 4386 1285 4444 facit
1353 4391 1406 4443 in
1458 4392 1776 4448 aedificatio-

196 4491 322 4529 nem
362 4475 452 4529 sui
475 4475 528 4528 in
565 4477 828 4532 cbaritate
861 4479 1001 4544 (Lib.
1037 4495 1100 4547 ιι,
1131 4497 1250 4552 cap.
1281 4483 1360 4553 4),
1388 4506 1406 4536 υ
1443 4486 1768 4543 latissimam

1882 3285 1999 3340 Nisi
2043 3286 2158 3341 bare
2211 3285 2407 3342 eadem
2469 3287 2522 3340 iu
2570 3285 2762 3342 Graeco
2829 3281 3120 3354 repereris,
3187 3281 3450 3351 quidquid

1876 3378 2082 3433 dictum
2107 3387 2211 3443 est,
2249 3393 2425 3433 meum
2463 3386 2670 3447 putato.

1947 3470 2040 3523 28.
2082 3468 2335 3534 Sextum,
2371 3471 2517 3539 quod
2545 3478 2598 3524 et
2629 3477 2958 3531 extremum,
3025 3465 3157 3519 mihi
3210 3465 3452 3534 obiicere

1877 3560 2077 3614 dicitur
2115 3561 2181 3631 (si
2207 3571 2388 3616 tamen
2419 3562 2552 3616 nihil
2583 3562 2635 3614 in
2671 3559 2850 3614 medio
2873 3559 3040 3612 frater
3062 3557 3427 3623 obiitus'est),

1879 3667 1976 3706 cur
2035 3654 2187 3707 illum
2243 3654 2428 3708 locum
2489 3653 2743 3722 Apostoli
2810 3652 3182 3720 interpretans
3233 3649 3324 3702 ubi
3377 3648 3454 3701 ait

1880 3743 2096 3814 (Ephes.
2130 3761 2183 3807 ν,
2239 3746 2332 3809 28,
2365 3743 2504 3813 29):
2550 3763 2568 3795 ι
2609 3745 2713 3809 Qui
2768 3758 2994 3798 uxorem
3053 3757 3205 3797 suam
3254 3740 3451 3810 diligit,

1877 3835 2116 3904 seipsum
2141 3834 2340 3906 diligit.
2377 3836 2548 3890 Nemo
2583 3837 2727 3888 enim
2764 3849 3001 3902 unquam
3039 3847 3189 3885 suam
3228 3846 3451 3885 carnem

1880 3925 2015 3988 odit,
2035 3926 2129 3978 sed
2151 3927 2325 3978 nutrit
2347 3935 2397 3978 et
2416 3924 2563 3978 fovet
2591 3939 2736 3986 eam,
2755 3924 2899 3978 sicut
2918 3931 2970 3976 ct
2995 3921 3253 3976 Christus
3270 3919 3454 3973 Eccle-

1880 4019 2041 4081 siam,
2083 4035 2101 4068 ι
2158 4026 2284 4085 post
2351 4016 2655 4084 simplicem
2729 4013 3151 4082 expositionem,
3205 4009 3454 4078 Origenis

1878 4109 2155 4177 posuerim
2197 4108 2578 4176 quaestionem,
2639 4119 2705 4158 ex
2758 4104 2918 4171 cujus
2979 4116 3219 4172 persona
3283 4101 3451 4155 tacito

1882 4201 2103 4255 nomine
2133 4199 2401 4255 dixerim:
2443 4216 2461 4248 ι
2498 4197 2710 4266 Opponi
2744 4196 2900 4250 nobis
2927 4203 3131 4264 potest,
3166 4195 3309 4263 quod
3339 4208 3448 4248 non

1882 4293 1954 4346 sit
1987 4307 2116 4346 vera
2149 4291 2420 4346 sententia
2443 4290 2680 4345 dicentis
2707 4289 2959 4360 Apostoli
2995 4304 3009 4341 :
3049 4307 3068 4339 ι
3135 4288 3304 4342 Nemo
3353 4303 3456 4341 un-

1882 4397 2044 4453 quam
2068 4397 2288 4437 carnem
2321 4397 2476 4437 suam
2514 4380 2652 4445 odit,
2685 4400 2704 4434 D
2734 4395 2858 4434 cum
2889 4379 3078 4433 morbo
3114 4379 3264 4448 regio
3295 4378 3452 4431 labo-

1884 4486 2092 4540 rantes,
2128 4474 2361 4544 phtbisi,
2391 4484 2445 4529 et
2471 4487 2702 4529 cancere
2725 4481 2777 4527 et
2803 4471 3274 4534 distillationibus,
3313 4485 3455 4524 uror.

195 4564 462 4633 Origenis
492 4567 916 4635 expositionem,
946 4581 1000 4625 et
1033 4575 1256 4628 eosdem
1295 4592 1492 4632 sensus
1545 4595 1639 4648 per
1687 4579 1772 4633 di-
1811 4553 1852 4608 Ῑ)
1888 4577 1994 4622 tem
2031 4569 2156 4621 vitae
2191 4566 2506 4636 praeferant,
2562 4575 2613 4618 et
2667 4581 2764 4618 sua
2796 4563 3014 4617 oderint
3043 4578 3272 4632 corpora
3303 4579 3354 4628 ;t
3400 4572 3455 4616 ct

199 4671 359 4708 versa
392 4655 560 4708 verba
585 4657 913 4723 volventem,
943 4659 1094 4714 brevi
1137 4677 1394 4719 sermone
1442 4669 1773 4723 constrinxi-

200 4765 349 4812 mus,
385 4749 521 4802 nihil
551 4749 810 4819 exemplis
834 4759 889 4806 et
914 4753 1313 4809 assertionibus
1345 4756 1492 4813 illius
1525 4760 1776 4815 auferen-

201 4853 304 4895 tes.
342 4841 594 4908 Cumque
632 4844 1074 4910 pervenissemus
1105 4847 1172 4900 ad
1209 4846 1393 4915 finem,
1419 4850 1533 4906 lucc
1595 4854 1778 4922 subje-

200 4939 385 4987 citnus
412 4950 427 4986 :
459 4950 478 4982 ι
503 4930 674 5002 Igitur
701 4941 753 4986 et
788 4934 842 4987 in
882 4935 1233 4991 restitutione
1263 4939 1527 5006 omnium,
1560 4945 1780 5011 quando

206 5040 417 5094 corpus
450 5026 618 5080 totius
639 5024 896 5081 Ecclesiae
919 5043 1068 5082 nunc
1091 5027 1396 5098 dispersum
1434 5041 1600 5102 atque
1635 5036 1779 5090 lace.

203 5129 413 5180 ratum,
448 5132 611 5169 verus
661 5117 907 5171 medicus
954 5117 1213 5174 Christus
1279 5119 1442 5176 Jesus
1483 5135 1782 5180 sanaturus

206 5209 523 5271 advenerit,
561 5210 941 5279 unusquisque
979 5211 1278 5264 secundum
1313 5228 1625 5268 mensuram
1662 5217 1778 5270 tidei

204 5309 262 5354 et
283 5299 584 5370 agnitionis
607 5299 726 5354 Filii
752 5301 842 5355 Dei
865 5302 1046 5372 (quem
1080 5303 1204 5358 ideo
1235 5319 1534 5373 agnoscere
1559 5309 1778 5374 dicitur,

207 5395 340 5461 quia
371 5394 524 5460 prius
553 5403 800 5457 noverat,
827 5405 881 5448 et
910 5404 1096 5459 postea
1127 5411 1287 5450 nosse
1336 5397 1556 5468 desivit)
1620 5415 1780 5455 suum

209 5489 445 5556 recipiet
469 5487 674 5552 locum,
713 5497 767 5541 et
821 5487 1044 5555 incipiet
1099 5489 1152 5542 id
1205 5503 1330 5542 esse
1363 5490 1509 5558 quod
1566 5490 1778 5545 fuerat:

212 5580 284 5632 ita
325 5586 535 5642 tamen,
568 5585 625 5631 ut
657 5591 764 5629 n0n
792 5577 948 5645 juxta
983 5578 1230 5633 hzeresim
1265 5579 1430 5633 aliam
1466 5597 1656 5637 omnes
1727 5583 1780 5636 in

290 5717 304 5746 '
337 5715 392 5767 In
418 5714 813 5785 Connuentar.,
839 5716 890 5766 in
916 5716 1007 5767 hoc
1031 5715 1390 5779 introducunt,
1422 5717 1580 5785 quod,
1602 5729 1707 5772 etc.

287 5788 306 5816 ’
340 5785 727 5852 Supplevirnus
765 5784 851 5839 hic
880 5801 1062 5838 vocem
1096 5788 1270 5852 positi,
1298 5784 1498 5852 qme’ct
1533 5789 1585 5840 in
1619 5789 1779 5842 (ὶυιιι-

217 5855 508 5911 uientariis
541 5855 759 5924 legitur,
793 5866 844 5908 ct
872 5855 921 5909 iu
961 5856 1204 5910 subnexa
1249 5857 1619 5927 recognitione
1677 5860 1780 5914 loci

1881 4661 2209 4730 statiruquid
2231 4662 2343 4729 ipse
2363 4659 2622 4713 sentirem
2645 4657 2910 4726 adjuuxi:
2952 4655 3156 4724 «Magis
3177 4658 3364 4724 itaque
3381 4655 3452 4708 ad

1885 4756 2148 4825 tropicam
2188 4754 2605 4824 intelligentiam
2629 4767 2812 4809 sermo
2841 4751 3130 4806 referatur.
3167 4775 3186 4803 ι
3222 4750 3453 4816 Quando

1884 4847 2026 4912 dico,
2062 4848 2351 4916 tropicam,
2389 4849 2557 4902 doceo
2590 4861 2778 4900 verum
2816 4859 2926 4898 non
2952 4858 3092 4910 esse,
3137 4844 3282 4912 quod
3314 4843 3454 4896 dici-

1883 4949 1988 5003 tur,
2011 4939 2102 4993 sed
2130 4939 2403 5008 allegoria:
2429 4938 2618 4994 nubilo
2641 4938 2948 5006 figuratum.
2969 4937 3246 4990 Ponamus
3272 4944 3453 4990 tamen

1885 5030 2000 5097 ipsa
2033 5030 2196 5084 verba
2225 5047 2343 5099 quae
2376 5031 2427 5084 in
2460 5028 2714 5097 Origenis
2763 5030 2902 5083 libro
2940 5028 3104 5083 tertio
3151 5029 3439 5083 continen-

1885 5134 2008 5178 tur:
2045 5143 2062 5176 ι
2095 5124 2355 5179 Dicamus
2381 5125 2521 5192 quod
2569 5123 2718 5177 illam
2772 5136 3016 5186 carnem,
3069 5137 3192 5190 qua:
3257 5121 3448 5174 visura

1886 5216 1958 5270 sit
1991 5215 2236 5270 salutare
2271 5214 2390 5279 Dei,
2425 5215 2609 5269 anima
2649 5215 2862 5285 diligat,
2899 5224 2952 5268 et
3004 5213 3232 5277 nutriat,
3293 5221 3348 5266 et
3369 5211 3452 5266 fo-

1885 5318 2010 5362 veat
2040 5323 2186 5373 eam,
2221 5305 2527 5375 disciplinis
2561 5308 2835 5371 erudiens,
2870 5315 2925 5360 et
2949 5305 3162 5360 caelesti
3188 5306 3449 5374 saginans

1888 5413 2052 5467 pane,
2086 5407 2140 5452 et
2170 5397 2374 5452 Christi
2404 5397 2672 5467 sanguine
2728 5397 3005 5466 irrigans:
3044 5406 3102 5450 ut
3152 5395 3354 5451 refecta
3399 5402 3453 5450 et

1889 5489 2060 5542 nitida
2084 5529 2097 5553 ,
2127 5488 2303 5557 possit
2343 5487 2514 5541 libero
2545 5503 2710 5542 cursu
2760 5487 2935 5542 virum
2971 5487 3145 5556 sequi,
3195 5494 3248 5540 et
3299 5486 3451 5539 nullo

1887 5580 2184 5634 debilitatis
2222 5579 2463 5648 pondere
2525 5581 2851 5650 praegravari
2893 5580 2937 5632 ⁸.
2996 5578 3230 5633 Pulchre
3283 5577 3448 5632 etiam

1887 5717 2259 5771 confirn‘tatut‘.
3029 5740 3039 5752 '

1958 5787 1977 5816 '
2007 5789 2059 5839 in
2095 5787 2491 5865 Centumalum,
2535 5795 2581 5840 et
2632 5785 2777 5839 nan
2812 5784 3084 5839 debilitate
3115 5796 3167 5839 ct
3228 5783 3449 5855 pondere

1882 5873 2224 5928 prtrgrat'art.
