4202 6496
716 436 821 500 439

1891 432 1950 491 S.
1994 432 2300 494 EUSEBU
2340 432 2780 496 HIERONYMI

3831 437 3940 499 450

717 555 772 611 in
830 552 1244 612 similitudinem
1312 551 1511 606 Christi
1574 550 1867 602 nutrientis
1944 556 1998 601 et
2051 545 2281 600 foventis
2311 546 2358 600 Δ
2389 541 2466 596 los
2499 561 2602 597 non
2627 556 2711 599 est
2749 561 2853 612 vtr,
2886 561 3063 616 neque
3088 547 3307 614 tnnlier,
3369 554 3441 605 ita
3469 561 3524 605 et
3548 564 3669 615 nos,
3694 549 3786 620 qui
3807 552 3962 604 sinti-

719 646 1042 708 Ecc'lesiatn,
1073 654 1127 700 et
1162 643 1398 700 dicentis
1457 642 1524 696 ad
1588 639 1933 696 Jerusalem:
1983 658 2000 689 ι
2053 637 2276 702 Quoties

717 739 863 794 volui
897 753 1230 808 congregare
1265 736 1407 789 ﬁlios
1438 744 1583 798 tuos,
1637 745 1694 788 ut
1735 733 1929 805 gallina
1983 741 2280 798 congregat

720 831 900 901 pullos
961 844 1092 884 suos
1122 828 1224 882 sub
1264 827 1380 883 alas
1448 842 1602 892 suas,
1653 835 1708 880 et
1769 824 1986 878 noluisti
2054 821 2276 892 (Matth.

721 939 881 985 mn,
911 921 1057 991 57),»
1088 921 1283 974 animae
1308 933 1527 989 quoque
1575 917 1756 973 fovent
1783 929 2012 983 corpora
2064 927 2187 978 sua,
2220 920 2280 965 ut

720 1017 1094 1084 corruptivum
1129 1014 1231 1069 hoc
1265 1013 1454 1067 induat
1507 1011 1976 1079 incorruptionem
2034 1006 2088 1076 (Ι
2151 1005 2275 1061 Cor.

723 1122 813 1171 xv,
857 1105 970 1173 53).
1002 1116 1056 1160 et
1079 1104 1288 1158 alarum
1316 1102 1532 1157 levitate
1581 1115 1938 1170 suspensum,
1997 1099 2049 1152 in
2097 1111 2276 1152 aerem

723 1200 939 1256 facilius
975 1199 1309 1254 sublevetur.
1337 1194 1641 1249 Foveamus
1671 1194 1841 1260 igitur
1862 1203 1915 1247 et
1947 1191 2048 1244 viri
2082 1205 2281 1244 uxores

721 1303 962 1355 nostras,
991 1299 1043 1345 et
1067 1289 1259 1343 anima:
1286 1296 1489 1342 nostra:
1518 1301 1742 1356 corpora
1778 1287 1793 1316 ¹
1830 1301 1846 1337 :
1882 1292 1938 1339 ut
1971 1293 2025 1336 et
2072 1297 2276 1336 ux0res

722 1386 774 1437 in
816 1385 980 1446 viros,
1005 1392 1057 1436 et
1083 1394 1317 1448 corpora
1356 1379 1675 1448 redigantur
1706 1378 1758 1432 in
1792 1375 2025 1436 animas,
2080 1385 2135 1428 et
2183 1389 2280 1429 ne-

720 1491 992 1546 quaquam
1026 1473 1098 1528 sit
1123 1488 1352 1527 sexuum
1389 1471 1494 1525 ulla
1519 1471 1807 1524 diversitas
1836 1484 1850 1534 ;
1883 1467 1977 1522 sed
2007 1468 2282 1536 quomodo

722 1571 863 1637 apud
889 1571 1136 1638 angelos,
1174 1581 1281 1620 non
1311 1575 1394 1620 est
1419 1566 1502 1620 vir
1523 1574 1577 1620 et
1612 1562 1826 1628 mulier;
1854 1563 1928 1619 ita
1952 1574 2005 1616 et
2028 1577 2148 1625 nos,
2181 1560 2276 1628 qui

721 1663 929 1719 similes
959 1665 1166 1735 angelis
1189 1663 1353 1718 futuri
1378 1679 1591 1729 sumus,
1638 1664 1748 1734 jam
1775 1680 1919 1718 nunc
1958 1662 2283 1730 incipiamus

722 1771 844 1810 esse
879 1757 1022 1822 quod
1054 1757 1210 1811 nobis
1240 1757 1295 1810 in
1323 1757 1641 1812 coelestibus
1671 1755 2068 1825 repromissum
2116 1759 2218 1806 est.
2259 1769 2276 1802 ι

791 1845 881 1900 29.
929 1845 1107 1916 Supra
1168 1844 1467 1915 simplicem
1518 1845 1908 1915 expositionem
1948 1841 2115 1914 484
2163 1856 2284 1912 qua:

725 1935 885 1989 nobis
917 1933 971 1988 in
999 1937 1310 1990 testimonio
1353 1937 1458 1990 isto
1483 1951 1604 1989 esse
1631 1934 1940 1994 videbatur,
2009 1935 2282 2001 expressi-

724 2040 875 2088 mus,
899 2025 1175 2080 dicentes:
1206 2045 1224 2077 ι
1256 2025 1530 2091 Quantum
1558 2026 1622 2079 ad
1653 2025 1950 2093 simplicem
1981 2024 2286 2090 intelligen-

728 2121 855 2172 tiam
905 2118 1160 2188 pertinet,
1222 2126 1406 2173 sancta
1470 2118 1580 2190 [AL
1645 2127 1890 2171 sanctam
1940 2113 2283 2184 charitatem]

725 2214 868 2268 inter
916 2210 1092 2263 virum
1151 2223 1204 2264 et
1245 2224 1469 2264 uxorem
1531 2209 1797 2264 charitate
1854 2215 2118 2276 prmcepta
2173 2203 2284 2277 [ιιι.

724 2315 998 2373 prmeepto
1038 2301 1189 2374 hoc],
1251 2317 1395 2356 nunc
1443 2300 1719 2369 jnbemur,
1757 2311 1814 2353 ut
1872 2301 2180 2354 nutriamus
2233 2309 2288 2351 et

725 2397 1007 2450 foveamus
1035 2394 1331 2463 coniuges:
1367 2391 1653 2446 utscilicet
1679 2391 1760 2446 eis
1827 2393 2031 2445 victum
2089 2399 2142 2444 et
2193 2405 2288 2444 ve-

733 2490 949 2552 stitum,
988 2496 1040 2540 et
1065 2501 1126 2540 ea
1157 2501 1278 2554 qnze
1311 2493 1440 2539 sunt
1491 2484 1802 2540 necessaria
1871 2485 2228 2553 praebeamus.
2265 2502 2282 2535 ι

730 2580 855 2634 Haec
887 2588 1070 2633 nostra
1109 2578 1377 2632 sententia
1405 2586 1510 2629 est.
1545 2577 1714 2647 Igitur
1737 2591 1900 2630 omne
1929 2576 2073 2644 quod
2101 2576 2288 2645 sequi-

731 2686 820 2723 ιιιι·
851 2670 1125 2738 deinceps,
1157 2677 1212 2723 et
1235 2669 1432 2737 opponi
1478 2669 1633 2722 nobis
1689 2677 1884 2734 potest,
1948 2667 2289 2721 ostendimus

729 2775 841 2813 non
868 2776 931 2814 ex
965 2769 1171 2823 nostra,
1227 2758 1320 2814 scd
1379 2774 1445 2813 ex
1504 2757 1998 2812 contradicenlium
2060 2756 2287 2825 intelligi

728 2853 924 2907 debere
953 2867 1206 2921 persona.
1230 2851 1362 2918 Quae
1384 2866 1506 2906 cum
1538 2852 1611 2906 sit
1639 2849 1817 2904 brevis
1852 2859 1903 2904 et
1926 2850 2170 2904 absoluta
2206 2865 2289 2902 re-

726 2945 972 3015 sponsio,
1013 2954 1068 2999 et
1092 2943 1245 3010 iusta
1289 2943 1340 2997 id
1389 2941 1534 3011 quod
1593 2955 1759 3010 supra
1812 2941 2068 3004 diximus,
2121 2943 2286 2996 etiam

728 3035 1001 3106 allegoria.-
1035 3035 1260 3098 umbris,
1295 3034 1363 3088 de
1381 3049 1448 3088 eo
1473 3034 1616 3101 quod
1653 3041 1759 3092 est.
1784 3031 1850 3085 ad
1901 3033 1950 3086 id
1980 3034 2121 3100 quod
2183 3048 2288 3087 non

725 3139 866 3191 erat,
899 3129 1190 3197 depravata
1219 3144 1232 3182 :
1270 3134 1451 3183 tamen
1520 3123 1775 3179 accedam
1810 3125 2056 3192 propius,
2090 3134 2144 3178 et
2185 3125 2292 3180 sci-

2393 637 2472 690 les
2501 638 2904 704 angelis'futuri
2937 654 3152 705 sumus,
3174 639 3286 710 jam
3325 659 3472 697 nunc
3495 645 3965 714 incipiamusesse

2389 724 2443 778 in
2482 728 2662 792 terris,
2700 730 2842 797 quod
2873 730 3032 786 nobis
3080 732 3136 786 in
3188 735 3507 790 caelestibus
3563 735 3962 805 repromissum

2387 827 2491 870 est.
2523 823 2540 865 δ
2579 815 2742 873 Beele
2773 820 3215 889 tnOverent,'nisi
3257 833 3377 894 post
3425 825 3608 896 priora
3667 825 3956 888 dixissem.

2385 905 2496 972 jam
2523 923 2670 962 nunc
2698 908 3028 976 incipiamus
3046 926 3189 977 esse,
3214 917 3359 983 quod
3402 916 3562 971 nobis
3618 916 3672 972 in
3725 918 3962 974 celesti-

2389 997 2491 1051 bus
2545 1003 2933 1067 repromissum
2993 1013 3100 1060 est.
3172 1006 3405 1072 Quando
3460 1009 3622 1074 dico,
3687 1010 3777 1066 hic
3837 1025 3964 1066 esse

2390 1089 2717 1157 incipiamus
2750 1095 2801 1148 in
2837 1097 3020 1160 terris,
3053 1108 3300 1154 naturam
3335 1116 3442 1156 non
3495 1104 3629 1158 tollo
3683 1119 3958 1170 sexuum;

2389 1182 2482 1234 sed
2511 1181 2787 1239 libidinem
2854 1198 2906 1242 et
2937 1188 3140 1244 coitum
3174 1191 3277 1245 viri
3309 1201 3363 1247 et
3393 1194 3582 1250 uxoris
3621 1194 3834 1260 aufero,
3873 1195 3960 1250 di-

2390 1283 2546 1328 cente
2583 1278 2880 1344 Apostolo:
2922 1299 2940 1333 t
3007 1281 3245 1354 Tempus
3309 1286 3472 1342 breve
3519 1297 3638 1343 est:
3690 1291 3960 1359 reliquum

2390 1377 2491 1428 est,
2524 1376 2579 1418 ut
2608 1377 2658 1420 et
2692 1371 2783 1439 qui
2809 1371 3010 1426 habent
3037 1389 3258 1438 uxores.
3288 1378 3366 1432 sic
3391 1379 3502 1433 sint
3531 1382 3689 1450 quasi
3729 1395 3838 1435 non
3866 1384 3963 1435 ba-

2393 1457 2551 1510 lleant
2582 1456 2633 1526 (Ι
2669 1458 2792 1515 Cor.
2823 1477 2944 1526 vni,
2979 1464 3093 1532 29).
3128 1486 3146 1519 ι
3187 1468 3251 1524 Ει
3280 1467 3544 1524 Dominus
3593 1471 3963 1542 interrogatus

2390 1549 2445 1600 in
2475 1546 2792 1618 Evangelio,
2830 1555 2988 1616 cujus
3023 1556 3089 1610 de
3112 1568 3316 1627 septem
3345 1561 3610 1616 fratribus
3673 1564 3726 1617 in
3774 1579 3964 1620 resur-

2391 1637 2630 1691 rectione
2651 1655 2772 1694 esse
2804 1640 3028 1697 deberet
3057 1661 3214 1710 uxor,
3249 1648 3364 1705 ait:
3394 1667 3412 1700 t
3445 1648 3674 1716 Erratis,
3706 1652 3962 1706 nescien-

2391 1733 2472 1778 tes
2519 1728 2853 1799 scripturas,
2912 1749 3089 1802 neque
3141 1737 3395 1793 virtutem
3458 1740 3550 1794 Dei
3601 1757 3618 1796 :
3668 1742 3722 1795 in
3769 1757 3964 1796 resur-

2393 1817 2632 1873 rectione
2687 1821 2832 1876 enim
2889 1839 3068 1894 neque
3113 1828 3336 1894 nubent,
3399 1845 3578 1899 neque
3633 1833 3960 1896 nubentur;

2317 1896 2358 1950 Β
2387 1909 2480 1960 sed
2511 1922 2670 1965 erunt
2695 1914 2836 1974 sicut
2893 1918 3069 1984 angeli
3103 1918 3197 1975 Dei
3232 1923 3282 1974 in
3339 1896 3504 1977 ccelo-
3540 1923 3758 1992 (Matth.
3817 1940 3958 1987 χιιι,

2393 2001 2481 2066 29,
2511 2002 2621 2072 50).
2655 2022 2674 2055 ι
2717 2005 2781 2060 Et
2811 2022 2999 2069 revera
3026 2012 3114 2065 ubi
3172 2015 3314 2068 inter
3341 2016 3512 2070 virum
3573 2027 3627 2070 et
3677 2018 3958 2073 mulierem

2395 2097 2616 2149 castitas
2648 2106 2751 2159 est.
2787 2098 2951 2171 485
2982 2117 3086 2158 nec
3116 2106 3198 2158 vir
3228 2106 3579 2177 incipitesse,
3609 2125 3710 2165 nec
3733 2111 3960 2177 femina,

2396 2187 2488 2240 sed
2532 2189 2710 2244 adhuc
2740 2193 2794 2246 in
2823 2207 3054 2264 corpore
3083 2197 3268 2265 positi.
3307 2211 3590 2258 mutantur
3621 2204 3676 2258 in
3708 2205 3959 2275 angelos.

2397 2280 2450 2333 in
2476 2283 2676 2350 quibus
2704 2301 2811 2341 non
2846 2295 2930 2341 est
2949 2288 3031 2341 vir
3061 2304 3238 2359 neque
3263 2292 3477 2348 mulier.
3506 2293 3662 2360 Quod
3687 2305 3742 2350 et
3767 2297 3821 2350 in
3851 2297 3962 2352 alio

2394 2375 2516 2426 loco
2538 2375 2607 2429 ab
2636 2377 2824 2431 eodem
2853 2379 3114 2447 Apostolo
3134 2381 3338 2437 dicitur
3388 2401 3405 2438 :
3450 2403 3470 2437 ι
3533 2385 3858 2457 Quicunque
3907 2390 3961 2444 in

2399 2465 2622 2522 Christo
2663 2469 2926 2538 baptizati
2967 2473 3127 2538 estis,
3187 2475 3463 2532 Christum
3523 2479 3804 2535 indulstis.
3842 2479 3962 2535 Non

2396 2569 2479 2614 est
2504 2560 2722 2620 Iudaeus
2777 2578 2957 2632 neque
2987 2565 3227 2631 Grecae,
3259 2583 3368 2622 non
3402 2577 3487 2624 est
3529 2586 3723 2627 servus
3787 2589 3965 2642 neque

2395 2650 2554 2716 liber,
2580 2668 2687 2705 non
2722 2661 2805 2707 est
2831 2657 3106 2712 masculus
3132 2673 3308 2722 neque
3337 2659 3555 2714 femina.
3592 2662 3794 2718 Omnes
3812 2665 3961 2719 enim

2398 2759 2564 2796 unum
2596 2759 2688 2799 vos
2710 2746 2844 2800 estis
2868 2746 2922 2800 in
2944 2746 3303 2804 ChristoJesu
3325 2751 3528 2821 (Colat.
3558 2767 3638 2815 ιιι.
3666 2753 3760 2818 27,
3794 2755 3916 2823 28).
3941 2775 3958 2806 ι

2467 2835 2558 2888 50.
2599 2835 2973 2891 Accusationes
3023 2838 3203 2908 Ruﬁni
3257 2841 3431 2908 false.
3483 2842 3699 2912 Rat/inus
3749 2847 3965 2902 σίνερε

2398 2926 2604 2979 litteras
2634 2928 2892 2982 didicerat
2930 2931 3044 2985 sine
3071 2932 3349 3002 magistro.
3390 2933 3696 3006 Gregorium
3726 2936 3971 2992 Nazian-

2399 3033 2586 3071 scnum
2625 3019 2991 3074 transtulerat.
3021 3049 3092 3062 —
3123 3023 3229 3078 Sed
3261 3026 3518 3094 quoniam
3568 3027 3634 3083 de
3673 3029 3969 3099 confrago-

2399 3109 2476 3163 sis
2508 3121 2564 3164 et
2593 3112 2803 3180 asperis
2854 3112 2989 3167 locis
3018 3115 3328 3184 enavigavit
3366 3119 3564 3181 oratio.
3597 3128 3651 3174 et
3695 3119 3970 3178 hereseos

732 3222 978 3276 scitabor
1008 3221 1140 3289 quid
1170 3220 1265 3274 tibi
1309 3222 1362 3274 in
1425 3211 1524 3274 hac
1575 3217 1949 3288 disputatione
1988 3217 2292 3289 displiceat.
2324 3220 2368 3280 C

2324 3220 2368 3280 ο
2400 3200 2606 3254 crimen
2642 3202 2941 3270 impactum
2979 3211 3090 3256 tota
3138 3203 3336 3263 frontis
3377 3207 3632 3265 libertate
3664 3212 3971 3281 repulimus

727 3312 931 3382 Nempe
953 3313 1080 3382 Quia
1117 3311 1369 3376 dixerim,
1397 3310 1608 3364 animas
1641 3319 1700 3364 ut
1731 3311 1877 3364 viros
1907 3310 2087 3366 fovere
2134 3312 2290 3378 quasi

734 3420 928 3459 uxores
967 3418 1191 3472 corpora
1224 3417 1344 3466 sua,
1395 3411 1454 3455 ut
1497 3402 1877 3470 corruptivum
1935 3401 2037 3454 hoc
2099 3402 2291 3457 induat

736 3500 1222 3566 incorruptionem,
1252 3506 1304 3551 et
1337 3496 1546 3549 alarum
1582 3489 1802 3549 levitate
1833 3509 2183 3564 suspensum,
2236 3494 2292 3546 in

739 3608 916 3648 aerem
945 3591 1156 3646 facilius
1175 3589 1507 3643 sublevetur.
1527 3586 1753 3651 Quando
1779 3586 1902 3641 dico
1917 3587 2291 3657 corruptivum

741 3691 844 3741 hac
887 3685 1074 3737 induat
1127 3681 1616 3750 incorruptionem,
1668 3693 1775 3732 non
1837 3688 1990 3732 muto
2047 3688 2293 3732 naturam

734 3789 1045 3844 corporum.
1085 3773 1179 3827 sed
1214 3785 1388 3840 augeo
1418 3770 1671 3840 gloriam.
1704 3767 1814 3823 Nec
1841 3783 1950 3824 non
2007 3769 2151 3838 quod
2212 3783 2298 3824 se-

736 3869 946 3936 quitur,
967 3869 1178 3919 alarum
1215 3866 1436 3918 levitate
1469 3876 1796 3928 suspensum
1829 3861 1883 3914 in
1910 3876 2090 3914 aerem
2156 3859 2289 3914 faci-

737 3951 842 4004 lius
864 3947 1172 4003 sublevetur
1201 3964 1214 4003 ;
1252 3944 1344 4013 qui
1376 3944 1491 3998 alas
1522 3945 1769 4008 assumit,
1820 3944 1873 3997 id
1909 3954 2014 4009 est,
2069 3947 2297 3998 immor-

743 4039 1028 4094 talitatem.
1063 4041 1124 4085 ut
1154 4031 1326 4086 levius
1388 4031 1453 4083 ad
1506 4033 1707 4084 coelum
1766 4031 1929 4096 volet,
1959 4045 2066 4087 non
2124 4033 2299 4101 perdit

741 4141 863 4182 esse
889 4125 1034 4194 quod
1068 4121 1267 4178 fuerat.
1303 4122 1406 4178 Sed
1430 4124 1605 4190 dices,
1639 4134 1863 4180 movent
1892 4140 1978 4181 me
2030 4141 2150 4195 qua:
2211 4141 2295 4181 se-

743 4227 986 4289 quuntur
1019 4235 1033 4270 2
1067 4234 1085 4269 t
1121 4217 1427 4271 Faveamus
1450 4216 1618 4285 igitur
1644 4218 1826 4280 etvviri
1856 4232 2076 4285 uxores,
2113 4227 2167 4274 et
2186 4221 2302 4274 anie

742 4328 846 4366 mas
883 4318 1079 4364 nostra:
1135 4321 1385 4378 corpora,
1409 4317 1468 4362 ut
1494 4317 1548 4362 et
1580 4323 1778 4364 uxores
1809 4309 1862 4362 in
1903 4311 2074 4374 viros,
2094 4317 2148 4365 et
2182 4326 2303 4365 cor-

745 4414 878 4469 pora
928 4397 1243 4466 redigantur
1301 4399 1354 4451 in
1410 4397 1644 4462 animas,
1705 4406 1758 4453 et
1810 4411 2158 4468 nequaquam
2225 4399 2300 4454 sit

747 4506 980 4549 sexuum
1016 4490 1122 4544 ulla
1152 4490 1440 4546 diversitas
1469 4506 1485 4555 ;
1510 4488 1604 4547 sed
1637 4489 1912 4560 quomodo
1937 4489 2080 4564 apud
2134 4505 2302 4562 ange-

821 4727 838 4756 ³
879 4721 1079 4788 Snpple
1107 4723 1330 4788 foveant.
1355 4717 1409 4772 ln
1439 4718 1777 4782 Comment.,
1819 4723 2083 4776 ctanima
2107 4734 2301 4777 nostra:

748 4809 1041 4917 cozpfi’a‘llet
1069 4858 1344 4913 Victorius
1372 4857 1674 4929 infringere,
1704 4869 1814 4911 tum
1845 4874 1909 4914 ex
1942 4863 2298 4929 genuinorum

749 4935 988 4992 dentium
1022 4929 1111 4997 qui
1144 4929 1324 4983 cibum
1370 4925 1646 4994 frangunt,
1680 4941 1896 4993 natura,
1933 4925 2046 4983 t'um
2077 4947 2140 4986 ex
2173 4933 2302 4986 Per-

752 5003 818 5063 sii
855 5015 1039 5064 versu,
1072 5013 1231 5067 quem
1263 4999 1619 5065 Hieronymus
1645 4998 1855 5051 videtur
1887 4999 2151 5066 alludere,

1284 5107 1452 5158 Secuit
1474 5107 1686 5155 Lucilius
1721 5106 1899 5156 Urbem
1928 5123 1939 5158 :

779 5228 782 5231 _
870 5173 962 5234 Te,
995 5172 1158 5234 Lupe;
1193 5178 1265 5227 te.
1291 5169 1440 5228 luti;
1477 5175 1527 5217 et
1556 5171 1830 5229 genuinum
1859 5168 2011 5233 fregit
2034 5171 2082 5221 in
2114 5173 2229 5224 illis.

823 5274 844 5305 ³
881 5272 950 5327 Et
979 5272 1244 5336 Luscittm,
1289 5281 1393 5326 etc.
1441 5267 1696 5322 Luscium
1737 5269 2018 5326 Lavinium
2049 5275 2303 5330 aemulum

749 5343 918 5398 fuisse
949 5341 1211 5404 Terentii,
1263 5350 1316 5392 et
1362 5339 1646 5392 Ciceronis
1698 5339 1946 5392 Asinium
1979 5341 2301 5405 Pollionem,

750 5415 908 5469 docet
937 5409 1145 5465 Seneca
1177 5410 1230 5462 in
1271 5408 1779 5471 Det-(amationibus;
1813 5407 2040 5464 Rulinus
2079 5419 2131 5464 et
2161 5414 2303 5468 alius

755 5482 1078 5542 monachus,
1106 5479 1198 5548 qui
1230 5493 1290 5533 se
1323 5478 1564 5549 iactabat
1599 5477 1881 5549 degenere
1905 5478 2304 5549 Corneliorum,

755 5546 1264 5607 imitabantur'illos
1313 5547 1559 5600 aemulos.
1601 5546 1796 5599 Confer
1829 5547 1931 5602 ista
1981 5565 2103 5603 cum
2142 5546 2307 5605 Com;

754 5620 1041 5671 mentariis
1079 5620 1128 5669 in
1177 5616 1393 5673 Jonam.
1443 5617 1530 5667 ubi
1567 5617 1628 5666 tle
1669 5618 1949 5670 cucurbita
1984 5633 2164 5674 sermo
2199 5629 2301 5674 est.

752 5687 1023 5744 Mantus.
1041 5685 1319 5755 —Sa:pius
1337 5684 1646 5755 Lanurt'nus
1664 5685 1964 5752 appellatur
1985 5688 2144 5755 etiam
2169 5690 2305 5755 apud

755 5756 1142 5824 ﬂicronytnum
1172 5752 1215 5820 ,’
1244 5757 1481 5824 tametsi;
1508 5752 1650 5824 apud
1711 5756 1978 5824 Donatum
2035 5752 2304 5821 Lavinius,

767 5825 910 5903 quod
959 5822 1100 5884 idem
1135 5833 1241 5882 cst.
1285 5826 1341 5878 ln
1388 5822 1622 5893 Epistola
1657 5823 1722 5878 ad
1764 5823 2123 5894 Augustinum
2160 5827 2301 5884 112:

2401 3291 2550 3365 lotae.
2610 3292 2971 3366 respuimus].
3006 3294 3072 3348 ad
3113 3294 3250 3351 alias
3277 3296 3399 3364 eius
3434 3303 3811 3360 accusationis
3839 3321 3972 3377 par-

2402 3397 2504 3450 tes,
2541 3387 2741 3454 quibus
2791 3402 2892 3441 nos
2929 3387 3188 3459 mordere
3237 3390 3452 3458 nititur,
3513 3404 3881 3453 transeamus.
3931 3397 3974 3453 Ε

2400 3480 2600 3549 quibus
2625 3482 2801 3549 prima
2840 3489 2950 3546 est,
2997 3498 3083 3539 me
3130 3483 3408 3540 hominem
3453 3488 3810 3554 maledicum,
3850 3506 3976 3546 om-

2401 3571 2551 3634 nium
2579 3574 2964 3636 detractorem.
3001 3577 3059 3631 in
3083 3592 3450 3644 pracessores
3482 3595 3632 3636 meos
3667 3582 3970 3650 genuinum

2403 3680 2618 3734 semper
2670 3667 2892 3737 inﬁgere
2943 3675 2985 3725 '.
3054 3670 3155 3725 Det
3181 3687 3372 3736 unum,
3407 3671 3565 3741 cuius
3597 3673 3649 3726 in
3685 3674 3972 3742 opusculis

2405 3757 2541 3811 meis
2588 3771 2784 3812 nomen
2840 3763 3162 3828 tasaverim,
3214 3763 3298 3818 vel
3354 3777 3512 3832 quem
3567 3763 3723 3834 juxta
3789 3774 3969 3819 artem

2405 3847 2552 3902 illius
2627 3848 2853 3915 figurata
2925 3852 3086 3906 laude
3142 3853 3576 3921 perstrinxerim.
3631 3853 3728 3908 Sin
3781 3865 3966 3909 autem

2408 3951 2599 3994 contra
2652 3942 2868 3995 invidos
2916 3942 3132 4009 loquor,
3184 3954 3242 3999 et
3285 3943 3545 4000 Luscium
3592 3946 3613 3977 ³
3652 3944 3970 4011 Lavinium,

2406 4034 2488 4085 vel
2541 4032 2792 4087 Asinium
2845 4033 3143 4089 Pollionem
3194 4035 3264 4090 de
3319 4052 3516 4105 genere
3559 4037 3972 4102 Corneliorum,

2412 4124 2539 4193 styli
2589 4124 2930 4180 mei‘mucro
2959 4127 3342 4194 convulnerat,
3394 4129 3442 4183 si
3481 4129 3784 4186 histriculz
3838 4132 3861 4164 ⁵
3914 4142 3974 4188 et

2407 4213 2587 4270 livida:
2619 4214 2820 4270 mentis
2868 4215 3146 4272 hominem
3202 4234 3232 4274 a
3285 4234 3371 4275 me
3416 4222 3737 4286 submoveo,
3792 4233 3847 4278 et
3901 4227 3974 4278 ad

2410 4321 2576 4360 unum
2611 4306 2852 4375 stipitem
2882 4317 3077 4363 cuncta
3106 4308 3287 4379 iacula
3323 4311 3534 4384 dirigo,
3575 4315 3705 4384 quid
3740 4317 3974 4372 vulnera

2409 4413 2506 4453 sua
2540 4398 2780 4468 partitur
2827 4398 2880 4452 in
2930 4400 3178 4456 multos?
3208 4402 3338 4471 quid
3386 4419 3452 4459 ex
3498 4404 3837 4474 impatientia
3883 4424 3978 4463 re-

2413 4488 2740 4564 spondendi,
2773 4491 3017 4548 ostendit
3071 4506 3133 4549 se
3182 4507 3305 4550 esse
3334 4494 3426 4565 qui
3479 4494 3726 4565 petitur?
3769 4497 3978 4570 Objicit

2417 4741 2436 4775 ι
2471 4724 2607 4777 Ante
2658 4735 2832 4775 annos
2877 4721 3142 4790 plurimos
3189 4721 3475 4790 cucurbita
3536 4721 3682 4775 venit
3729 4721 3786 4775 in
3854 4737 3976 4778 me-

2411 4793 2582 4862 dium.
2622 4789 2906 4862 asserente
2940 4791 3086 4862 illius
3149 4792 3406 4862 temporis
3450 4789 3725 4862 Cornelio.
3755 4801 3810 4845 et
3845 4793 3976 4845 Asi-

2414 4864 2504 4916 nio
2540 4861 2803 4924 Pollione,
2841 4875 2928 4914 me
2970 4860 3232 4916 Hederam
3265 4860 3367 4928 pro
3402 4860 3687 4928 cucurbita
3733 4869 3980 4917 transtu-

2413 4933 2564 4986 lisse.
2601 4949 2620 4981 ι
2686 4928 2843 4992 Vide,
2895 4945 2962 4984 ne
3015 4931 3158 4999 longi
3194 4927 3387 4996 simus,
3414 4929 3468 4983 in
3515 4927 3709 4984 Jonam
3761 4946 3888 4999 cap.
3917 4934 3976 4987 ι.

2416 5001 2684 5054 Memorat
2712 4999 2913 5052 Seneca
2959 5000 3014 5052 in
3044 4998 3363 5053 Declamatt.
3406 5000 3662 5052 amulum
3697 4998 3976 5062 Terentii.

2417 5067 2671 5122 Luscium
2727 5066 3010 5120 Lavinium
3045 5107 3061 5132 ,
3116 5077 3176 5121 ut
3253 5079 3306 5122 et
3363 5067 3610 5121 Asinium
3674 5067 3977 5124 Pollionem

2415 5138 2717 5194 Ciceronis.
2747 5135 2884 5188 Num
2919 5137 3099 5205 itaque
3139 5145 3322 5191 noster
3346 5137 3598 5190 Ruﬁnum
3630 5137 3718 5191 his
3738 5139 3981 5192 nomini-

2418 5209 2538 5270 bus,
2571 5215 2662 5260 aut
2690 5206 3011 5260 Rufinianos
3044 5207 3262 5275 sodales
3303 5207 3480 5275 carpit
3511 5215 3566 5262 et
3606 5222 3731 5261 cum
3781 5208 3980 5274 primis

2415 5277 2766 5380 inqugqhqm,
2817 5276 2911 5344 qui
2962 5291 3022 5332 se
3073 5277 3142 5332 de
3182 5274 3561 5363 CorneliOrum
3604 5290 3725 5331 esse
3774 5291 3982 5346 genere

2415 5347 2428 5359 .
2667 5347 2690 5380 ι,
3336 5359 3345 5363 -

2409 5347 2959 5495 ῗπδιῗὲῗιιίὶιινὶευιρε.
3001 5413 3274 5495 Marianus
3291 5423 3412 5483 post
3429 5411 3712 5495 Erasmum
3745 5417 3981 5470 mutavit

2416 5485 2717 5553 lectionem
2756 5488 2997 5538 omnium
3033 5483 3281 5538 codicum
3330 5499 3462 5539 mss.
3511 5483 3606 5553 qui
3654 5495 3982 5540 constanter

2414 5557 2651 5610 retinent
2683 5551 2904 5606 verbum
2938 5554 3262 5608 histricitla:
3287 5554 3510 5608 histrica
3532 5551 3682 5607 enim
3713 5564 3767 5608 et
3807 5555 3979 5610 livida

2414 5632 2531 5680 crat
2569 5637 2723 5675 mens
2756 5622 2936 5692 Κυιιηί
2960 5664 2972 5684 ,
3005 5638 3168 5692 quem
3203 5638 3233 5678 a
3281 5637 3378 5677 sua
3414 5622 3651 5676 amicitia
3697 5626 3980 5678 submovit

2415 5692 2794 5760 Hieronymus.
2832 5690 2987 5760 Editi
3027 5690 3227 5760 legunt
3275 5694 3584 5754 histricosc.
3619 5706 3784 5746 sensu
3824 5695 3972 5749 haud

2416 5762 2548 5816 satis
2574 5759 2907 5827 cengrnenti.
2944 5759 3220 5818 Maurus.
3268 5791 3335 5802 —
3377 5762 3642 5818 Victorius
3674 5763 3979 5819 histricosc

2415 5830 2695 5900 legendum
2728 5829 2934 5885 maluit.
