4202 6480
201 413 292 474 ιιι
1344 411 1640 470 CONTRA
1685 413 1783 472 RU

1853 415 2043 474 [NUM
2094 415 2240 472 LIB.
2280 414 2328 472 Ι.

3347 403 3454 468 442

195 528 320 579 mihi
374 524 710 592 prrjurium,
760 535 814 575 et
865 523 1108 584 ιιιίειιιιιι,
1144 521 1459 590 sacrilegio,
1515 524 1657 592 quod
1722 523 1775 576 in
1811 537 1851 586 Α
1885 524 2187 578 Bibendum
2225 525 2393 595 igitur
2418 524 2548 578 mihi
2580 525 2686 578 erit
2718 525 2786 579 de
2816 523 3031 586 Letlizeo
3059 520 3451 593 gurgitejuxta

195 621 326 674 libro
360 617 570 683 (Epist.
607 615 701 677 22.
734 615 804 669 ad
829 613 1197 681 Eustochium)
1230 629 1341 683 quo
1378 614 1444 670 ad
1477 615 1773 668 instituen-

191 715 310 767 dam
345 712 554 768 Christi
590 711 857 780 virginem
891 715 1106 776 loquor.
1149 719 1276 762 ante
1333 710 1568 764 tribunal
1625 708 1776 776 judi-

196 807 274 861 cis
310 806 602 860 dormiens
647 804 928 875 pollicitus
957 803 1083 868 sim,
1131 819 1408 872 nunquam
1459 819 1546 857 me
1582 803 1778 858 litteris

196 899 559 957 molaribus
587 900 844 951 daturum
871 910 1116 964 operam,
1150 907 1204 951 et
1234 896 1600 952 nihilominus
1626 899 1778 950 dam-

199 1005 332 1046 t'atz
367 991 711 1046 eruditionis
751 991 1027 1044 interdum
1081 990 1419 1043 meminerim
1451 1029 1465 1043 .
1510 988 1776 1044 Nimirum

198 1084 297 1141 iste
347 1093 437 1140 est
491 1083 866 1140 Sallustianus
897 1083 914 1113 ¹
950 1082 1308 1152 Calpurnius,
1350 1083 1444 1152 qui
1497 1082 1654 1137 nobis
1684 1098 1780 1152 per

201 1178 460 1248 Magnum
497 1188 802 1243 oratorem,
829 1191 938 1232 non
971 1191 1222 1246 magnam
1245 1184 1492 1231 moverat
1522 1175 1782 1246 quaestio-

200 1286 344 1333 nem,
378 1271 476 1324 cui
531 1269 715 1326 libello
770 1269 922 1325 brevi
973 1267 1370 1325 satisfecimus.
1422 1267 1580 1324 Nunc
1635 1267 1779 1338 quod

200 1367 388 1427 instat,
424 1379 531 1434 pro
563 1364 857 1433 sacrilegio
903 1370 1069 1430 atque
1125 1363 1368 1430 periurio
1432 1363 1634 1416 somnii
1695 1375 1782 1416 re-

198 1459 588 1527 spondendum
639 1467 744 1512 est.
783 1457 898 1511 Dixi
938 1471 1026 1510 me
1053 1456 1341 1510 saeculares
1373 1456 1586 1509 litteras
1627 1455 1783 1508 dein-

207 1565 337 1620 ceps
390 1565 509 1604 non
564 1550 832 1604 lecturum
868 1565 881 1601 :
913 1547 982 1602 de
1041 1547 1226 1601 futuro
1280 1552 1510 1616 sponsio
1537 1557 1642 1610 est,
1673 1562 1782 1602 non

204 1641 501 1711 preteritze
549 1641 827 1695 memoria:
879 1639 1104 1693 abolitio
1149 1639 1194 1690 ’.
1233 1637 1298 1692 Et
1347 1640 1650 1707 quomodo,
1699 1639 1784 1692 in-

205 1732 400 1797 quies,
443 1740 627 1790 tenes,
686 1731 829 1796 quod
893 1740 1044 1783 tanto
1084 1739 1324 1796 tempore
1375 1745 1483 1783 non
1540 1729 1784 1796 relegis?

204 1821 446 1876 Rursum
481 1822 528 1876 si
563 1821 769 1890 aliquid
817 1820 884 1874 de
918 1819 1194 1876 veteribus
1229 1821 1388 1875 libris
1425 1821 1781 1888 respondero,

1890 619 2108 673 fabulas
2146 629 2453 687 poetarum,
2508 633 2574 672 ne
2614 635 2816 689 arguar
2864 620 3005 674 scire
3055 618 3201 689 quod
3255 618 3451 674 didici.

1878 713 1957 767 En
2003 723 2057 766 tu
2109 713 2202 781 qui
2253 713 2306 766 in
2341 729 2426 767 me
2459 729 2680 782 parvam
2712 711 3027 766 criminaris
3054 712 3366 774 scientiam,
3397 719 3454 766 et

1878 807 2082 860 videris
2132 807 2226 859 tibi
2286 807 2618 861 litteratulus
2687 815 2854 875 atque
2907 804 3105 872 Rabbi,
3156 803 3450 874 responde,

1878 916 1977 954 cur
2006 902 2249 955 scribere
2282 901 2465 970 aliqua
2497 916 2664 956 ausus
2685 900 2784 961 sis.
2811 909 2866 954 et
2915 900 3092 954 virum
3149 898 3452 955 disertissi-

1881 1006 2023 1042 mum
2058 989 2380 1059 Gregorium
2417 991 2534 1060 pari
2580 991 2784 1058 eloquii
2807 988 3098 1060 splendore
3123 986 3449 1045 transferre.

1827 1149 1829 1151 ι
1880 1081 2037 1138 Unde
2108 1084 2204 1136 tibi
2257 1093 2401 1137 tanta
2457 1083 2748 1136 vcrhorum
2811 1083 2990 1153 copia,
3055 1081 3449 1136 sententiarum

1880 1174 2044 1246 5.87
2081 1175 2285 1234 lumen.
2316 1175 2737 1229 translationum
2762 1176 3023 1239 varietas,
3071 1174 3306 1239 homini,
3357 1173 3450 1242 qui

1882 1268 2180 1323 oratoriam
2215 1266 2302 1320 vix
2341 1269 2530 1336 primis
2564 1268 2732 1323 labris
2777 1267 2830 1321 in
2883 1268 3246 1329 adolescentia
3277 1267 3452 1337 degu-

1883 1362 2082 1417 stasti?
2130 1362 2238 1415 Ant
2285 1377 2387 1430 ego
2438 1361 2616 1426 fallor,
2660 1372 2752 1418 aut
2788 1373 2841 1416 tu
2877 1362 3194 1417 Ciceronem
3232 1361 3450 1416 occulte

1886 1455 2119 1509 lectitas.
2153 1455 2220 1509 Et
2255 1455 2375 1508 ideo
2402 1465 2510 1507 tam
2545 1455 2787 1510 disertus
2811 1472 2893 1517 es,
2919 1455 3166 1522 mihique
3196 1455 3451 1508 lectionis

1884 1548 2003 1615 ejus
2035 1547 2239 1599 crimen
2279 1547 2541 1610 intendis,
2583 1557 2642 1600 ut
2692 1549 2840 1600 solus
2870 1548 3014 1602 inter
3040 1545 3452 1602 ecclesiasticos

1887 1643 2214 1690 tractatores
2249 1637 2576 1705 eloquentia:
2601 1637 2828 1691 flumine
2848 1639 3122 1705 glorieris.
3161 1637 3310 1691 Licet
3336 1652 3451 1690 ma-

1887 1733 1971 1800 gis
1999 1732 2359 1800 philosophos
2395 1733 2548 1798 sequi
2582 1733 2839 1791 videaris.
2861 1731 3046 1800 spinas
3066 1731 3367 1793 Cleanthis,
3397 1740 3452 1784 et

1889 1833 2134 1879 contorta
2170 1823 2484 1893 Chrysippi,
2525 1839 2630 1877 non
2663 1840 2729 1878 ex
2754 1833 2872 1878 arte
2903 1838 3066 1892 quam
3107 1824 3308 1884 nescis,
3357 1823 3452 1876 sed

200 1915 369 1987 486
399 1925 456 1969 et
485 1916 698 1982 dixere,
737 1915 869 1967 adeo
893 1916 945 1966 in
977 1916 1170 1967 teneris
1201 1928 1535 1968 consuescere
1555 1913 1778 1965 multum
1811 1893 1858 1952 Β
1887 1919 1952 1972 de
1983 1918 2186 1987 ingenii
2229 1919 2619 1988 magnitudine.
2645 1919 2709 1972 Et
2747 1919 3001 1986 quoniam
3030 1917 3197 1971 Stoici
3222 1917 3450 1985 logicatn

201 2019 272 2060 est
309 2006 556 2076 (Vincis.
592 2007 782 2077 Georg.
820 2008 880 2066 ιι)
918 2025 928 2058 :
967 2006 1094 2060 dum
1130 2021 1322 2069 renuo,
1351 2006 1556 2060 crimen
1595 2007 1782 2060 incur-

206 2115 289 2160 ro,
320 2108 377 2152 et
416 2114 518 2164 pro
555 2112 639 2150 me
685 2097 1058 2152 testinmnium
1120 2096 1426 2165 proferens,
1508 2097 1613 2150 hoc
1662 2097 1783 2165 ipso

201 2206 430 2258 arguor,
466 2207 581 2259 quo
609 2189 897 2245 defendor.
928 2189 1146 2244 Scilicet
1169 2205 1312 2242 nunc
1341 2191 1500 2257 longo
1528 2203 1782 2242 sermone

201 2282 501 2335 tenendum
557 2290 662 2342 est,
716 2283 862 2351 quod
897 2281 1124 2348 probant
1154 2280 1504 2334 conscientia:
1539 2280 1782 2348 singulo-

203 2390 349 2427 rum.
397 2373 541 2439 Quis
594 2385 843 2428 nostrum
881 2390 987 2427 non
1036 2373 1283 2429 meminit
1337 2373 1580 2426 infantiae
1629 2373 1784 2427 sum?

205 2465 315 2534 Ego
343 2477 525 2524 certe.
571 2476 628 2519 nt
667 2467 762 2521 tibi
796 2468 1004 2521 homini
1049 2467 1400 2523 severissima
1444 2466 1612 2520 risum
1666 2479 1781 2518 mo-

205 2576 384 2620 veam,
416 2569 471 2614 et
515 2560 749 2613 imiteris
781 2561 1078 2628 aliquando
1107 2558 1388 2622 Crassum,
1421 2573 1583 2626 quem
1613 2556 1780 2611 semel

203 2654 256 2706 in
289 2654 405 2705 vita
439 2653 583 2706 dicit
609 2653 802 2705 risisse
833 2650 1077 2706 Lucilius
1108 2651 1148 2715 ⁸,
1183 2651 1405 2705 memini
1439 2664 1524 2703 me
1556 2663 1779 2717 puerum

204 2746 514 2798 cursitasse
553 2760 648 2812 per
693 2744 918 2800 cellulas
961 2743 1324 2804 servulorum,
1359 2743 1501 2795 diem
1536 2740 1781 2794 feriatum

203 2839 430 2892 duxisse
487 2837 729 2900 lusibus,
785 2845 842 2892 et
891 2839 958 2891 ad
993 2835 1260 2891 Orbilium
1292 2834 1313 2865 ⁸
1351 2833 1661 2888 saevientem
1717 2832 1785 2886 de

203 2933 340 2984 avia
396 2931 528 2985 sinu
569 2941 801 2985 tractum
832 2945 953 2984 esse
987 2929 1262 2999 captivum
1294 2929 1335 2980 '.
1368 2925 1436 2982 Et
1469 2941 1580 2996 quo
1613 2925 1785 2990 magis

202 3035 455 3094 stupeas,
491 3039 641 3077 nunc
670 3038 810 3078 cano
849 3034 903 3076 et
955 3023 1169 3076 recalvo
1201 3023 1400 3089 capite,
1455 3033 1598 3089 sepe
1648 3017 1780 3072 mihi

203 3119 396 3173 videor
434 3118 490 3171 in
531 3117 738 3171 somnis
770 3115 1105 3180 comatulus,
1132 3122 1184 3169 et
1211 3121 1423 3182 sumpta
1465 3123 1620 3180 toga,
1659 3118 1784 3163 ante

1885 2013 1987 2066 sibi
2042 2011 2343 2074 vindicant,
2394 2021 2450 2064 et
2497 2020 2551 2064 tu
2590 2011 2753 2079 hujus
2803 2010 3048 2064 scientia
3099 2009 3454 2064 deliramenta

1884 2101 2215 2166 contemnis,
2254 2103 2306 2156 in
2351 2103 2452 2156 hac
2484 2111 2638 2170 parte
2671 2100 2968 2169 Epicureus
2999 2115 3057 2154 es
3083 2117 3096 2152 :
3124 2115 3224 2154 nec
3248 2099 3454 2165 quieris

1884 2194 2184 2265 quomodo,
2244 2193 2339 2248 sed
2388 2193 2518 2261 quid
2577 2194 2838 2261 loquaris.
2893 2190 3033 2257 Quid
3082 2191 3227 2244 enim
3278 2191 3343 2244 ad
3401 2201 3453 2243 te

1884 2289 2144 2358 pertinet.
2181 2286 2223 2340 si
2262 2286 2406 2339 alius
2437 2302 2546 2339 non
2609 2285 2873 2351 intelligat
2903 2283 3032 2350 quid
3073 2282 3450 2343 velis-dicere.

1884 2380 2010 2448 quia
2044 2395 2148 2433 non
2186 2377 2251 2430 ad
2277 2392 2492 2441 omnes,
2525 2377 2617 2430 scd
2650 2377 2715 2428 ad
2743 2385 2866 2428 tuos
2896 2375 3182 2442 loqueris?
3210 2372 3454 2442 Denique

1886 2483 1940 2527 et
1968 2485 2068 2540 ego
2119 2469 2321 2537 scripta
2377 2478 2466 2522 tua
2518 2468 2787 2536 relegens,
2819 2481 3131 2536 quanquam
3181 2465 3451 2519 interdum

1889 2579 1993 2618 non
2030 2562 2326 2631 intelligam
2357 2561 2486 2629 quid
2529 2561 2792 2629 loquaris.
2838 2573 2894 2614 et
2943 2559 3277 2615 Heraclitum
3311 2560 3330 2590 ⁷
3369 2575 3455 2614 me

1885 2655 2063 2723 legere
2083 2664 2263 2724 putem
2291 2671 2305 2706 :
2331 2661 2510 2705 tamen
2533 2666 2638 2704 non
2659 2651 2838 2714 doleo,
2856 2666 2956 2704 nec
2988 2666 3074 2706 me
3099 2652 3324 2719 paenitet
3345 2661 3456 2704 tar-

1886 2745 2071 2799 ditatis
2108 2761 2121 2799 :
2159 2745 2206 2797 id
2245 2744 2391 2797 enim
2430 2745 2482 2796 in
2517 2742 2744 2811 legendo
2777 2743 2977 2812 patior,
3003 2743 3145 2812 quod
3177 2749 3232 2793 tu
3253 2741 3454 2810 pateris

1887 2836 1940 2890 in
1976 2836 2294 2890 scribendo.

1954 2929 2046 2982 3|.
2087 2927 2366 2982 Somnium
2387 2927 2646 2990 defendit.
2675 2926 2994 2982 Sanctorum
3045 2928 3280 2982 locorum
3312 2927 3452 2983 cele-

1887 3023 2053 3076 britas
2083 3031 2132 3074 et
2158 3021 2220 3074 de
2253 3030 2360 3074 toto
2397 3021 2518 3074 orbe
2548 3031 2850 3074 conventus.
2885 3049 2952 3062 ——
2975 3020 3085 3076 Cur
3139 3020 3456 3092 Hieronymo

1887 3115 2182 3169 detraxerit
2203 3112 2656 3182 Ruﬁnum—llam
2683 3115 2944 3178 dicerem,
2971 3114 3018 3169 si
3041 3114 3321 3183 quippiam
3377 3115 3456 3168 vi-

205 3212 489 3266 rbetorem
524 3209 1016 3264 controversiolam
1055 3207 1384 3262 declamare.
1415 3205 1659 3273 Cumque
1691 3217 1783 3255 ex—
1812 3232 1853 3287 ο
1886 3208 2059 3277 gilans
2122 3207 2520 3277 promisissem.
2567 3205 2725 3260 Nunc
2765 3220 2970 3268 autem.
3038 3222 3239 3262 novum
3281 3207 3458 3271 impu-

205 3316 503 3373 perrecws
538 3303 717 3365 fuero,
746 3305 992 3370 gratulor
1025 3317 1111 3355 me
1138 3299 1355 3355 dicendi
1385 3297 1627 3368 periculo
1654 3296 1786 3348 libe-

207 3407 414 3450 ratum.
467 3395 646 3450 Crede
695 3395 850 3455 mihi,
888 3394 1059 3447 multa
1091 3393 1158 3447 ad
1210 3407 1403 3462 purum
1465 3391 1786 3445 recordatur

207 3490 470 3543 infantia.
497 3486 556 3542 Si
592 3488 801 3546 litteras
823 3486 1129 3546 didicisses.
1160 3484 1334 3539 oleret
1357 3491 1494 3538 testa
1526 3481 1784 3553 ingenioli

208 3583 306 3645 tui,
336 3595 455 3648 quo
490 3580 662 3634 semel
719 3578 916 3633 fuisset
962 3578 1194 3632 imbuta.
1243 3575 1514 3630 Lanarum
1549 3574 1786 3644 conchy-

208 3675 278 3726 lia
312 3673 484 3727 nulla
527 3685 689 3739 aqua:
721 3669 962 3724 diluunt.
1015 3669 1188 3722 Etiam
1221 3667 1360 3722 asini
1397 3678 1450 3721 et
1482 3667 1639 3720 bruta
1668 3667 1788 3719 ani-

211 3766 403 3825 malia,
427 3763 684 3831 quamvis
719 3762 769 3813 in
803 3761 965 3828 longo
996 3761 1212 3820 itinere.
1243 3767 1514 3812 noverunt
1544 3757 1786 3812 secundo

209 3855 568 3911 diverticula.
622 3853 843 3907 Miraris
894 3854 937 3908 si
992 3866 1094 3923 ego
1142 3851 1353 3908 litteras
1408 3850 1628 3907 Latinas
1679 3867 1786 3906 non

207 3963 332 4002 sum
364 3947 600 4010 oblitus,
642 3961 769 4001 cum
807 3952 864 3999 tu
925 3943 1144 4000 Graecas
1188 3943 1306 3998 sine
1341 3943 1598 4014 magistro
1647 3943 1788 3998 didi-

207 4042 354 4095 ceris
375 4039 650 4105 2-Septem
702 4037 892 4090 modos
921 4037 1338 4090 conclusionum
1377 4037 1668 4093 dialectica
1703 4055 1788 4094 me

208 4133 487 4186 elementa
523 4130 829 4183 docuerunt
856 4143 872 4195 ;
905 4126 1036 4196 quid
1073 4127 1347 4197 signiticet
1373 4127 1613 4198 ἀξίωμα,
1645 4131 1787 4199 quod

208 4239 312 4279 nos
374 4221 786 4289 pronuntiatum
843 4233 1135 4286 possumus
1192 4218 1375 4274 dicere
1430 4236 1446 4278 :
1507 4223 1787 4290 quomodo

209 4319 423 4385 absque
461 4315 630 4369 verbo
690 4323 744 4368 et
783 4326 1006 4366 nonnne
1038 4311 1186 4367 nulla
1217 4311 1484 4367 sententia
1531 4313 1612 4377 ιιι,
1653 4313 1791 4366 sori-

208 4421 394 4463 tarum
446 4407 672 4476 gradus,
724 4405 1078 4474 pseudomeni
1116 4413 1356 4475 argutias
1393 4405 1439 4470 ⁸,
1483 4405 1789 4473 sophisma-

212 4514 332 4556 tum
357 4501 609 4554 fraudes.
634 4497 829 4553 Jul-are
854 4511 1080 4566 possum
1111 4511 1196 4551 me
1226 4506 1514 4566 postquam
1538 4511 1789 4565 egressus

1888 3297 2086 3354 tientia
2114 3313 2306 3368 genus,
2351 3297 2542 3364 objicit
2600 3299 2736 3353 mihi
2785 3300 3062 3353 somnium
3108 3314 3312 3356 meum.
3341 3297 3459 3354 Uti-

1887 3407 2013 3446 nam
2075 3391 2362 3444 celebritas
2411 3391 2538 3454 loci,
2586 3401 2640 3446 et
2698 3403 3011 3446 sanctorum
3049 3392 3116 3447 de
3159 3401 3274 3446 toto
3325 3393 3458 3446 orbe

1888 3491 2212 3547 conventus,
2263 3481 2470 3536 sineret
2505 3496 2590 3535 me
2616 3481 2831 3536 divinas
2865 3482 3181 3552 Scripturas
3233 3483 3455 3549 legere!

1890 3575 1948 3629 In
1984 3584 2193 3628 tantum
2232 3574 2474 3642 spatium
2511 3588 2619 3627 non
2667 3574 2846 3628 habeo
2871 3585 3097 3629 externa
3133 3577 3456 3631 meditandi.

1890 3667 1997 3722 Sed
2044 3677 2223 3720 tamen
2273 3667 2366 3735 qui
2410 3667 2682 3721 somnium
2719 3667 3066 3733 criminatur,
3108 3669 3296 3722 audiat
3337 3683 3462 3737 pro-

1891 3761 2177 3830 phetarum
2218 3773 2382 3814 voces
2418 3797 2432 3822 ν
2488 3759 2720 3813 somniis
2769 3777 2875 3813 non
2927 3775 3050 3814 esse
3101 3759 3458 3825 credendum,

1891 3847 2019 3916 quia
2057 3861 2153 3899 nec
2184 3847 2516 3901 adulterium
2542 3849 2740 3903 somnii
2774 3849 2924 3903 ducit
2955 3865 3040 3903 me
3070 3849 3136 3902 ad
3165 3860 3456 3910 tartarum.

1893 3955 1990 3993 nec
2031 3953 2230 3992 corona
2269 3939 2517 4009 martyrii
2559 3940 2613 3993 in
2653 3941 2850 3994 coelum
2885 3941 3046 3995 levat.
3085 3941 3310 4006 Quoties
3347 3943 3456 3997 vidi

1895 4045 1978 4082 me
2000 4043 2121 4082 esse
2155 4039 2451 4094 mortuum,
2484 4032 2607 4084 etin
2639 4033 2893 4099 sepulcro
2927 4031 3198 4100 positum!
3231 4033 3458 4099 Quoties

1891 4121 2072 4175 volare
2117 4137 2280 4189 super
2312 4135 2506 4186 terras,
2564 4134 2618 4178 et
2666 4137 2880 4179 montes
2927 4141 2994 4180 ac
3041 4126 3212 4180 maria
3248 4136 3440 4180 natatu

1892 4219 2033 4271 aeris
2081 4217 2470 4272 transfretare!
2503 4217 2670 4288 Cogat
2695 4234 2826 4290 ergo
2859 4236 2944 4275 me
2971 4236 3078 4274 non
3125 4222 3323 4286 vivere,
3352 4223 3440 4276 vel

1893 4324 2102 4378 pennas
2138 4309 2338 4364 habere
2383 4324 2476 4378 per
2530 4309 2722 4375 latera,
2774 4315 2900 4379 quia
2949 4314 3096 4382 vagis
3131 4313 3458 4382 imaginibus

1895 4417 2048 4456 mens
2079 4417 2220 4470 saepe
2266 4402 2452 4456 delusa
2487 4413 2590 4459 est.
2643 4405 2842 4471 Quanti
2898 4406 2951 4459 in
3005 4407 3211 4461 somnis
3237 4407 3456 4472 divites,

1897 4495 2104 4562 apertis
2177 4497 2355 4551 oculis
2406 4507 2629 4565 repente
2681 4496 2919 4551 mendici
2979 4499 3143 4553 sunt!
3204 4499 3459 4555 Sitientes

211 4595 283 4648 de
341 4592 535 4648 schola
589 4606 735 4656 sum,
794 4563 906 4644 ltz—c
962 4563 1242 4659 nunquam
1296 4563 1520 4642 omnino
1568 4563 1784 4659 legisse.
1823 4563 1864 4620 θ
1905 4587 2126 4641 flumina
2184 4588 2415 4654 bibunt;
2469 4563 2523 4643 et
2568 4590 2920 4659 experrecti,
2985 4591 3146 4646 siccis
3205 4591 3458 4649 faucibus

293 4802 310 4832 ⁸
354 4798 469 4852 Iste
507 4805 585 4849 est
619 4793 1004 4848 Sallustianus.
1048 4793 1193 4848 Infra
1220 4833 1233 4855 ,
1275 4792 1326 4846 in
1343 4791 1504 4857 epist.
1553 4792 1623 4843 ad
1671 4790 1790 4844 Μα-

210 4886 378 4942 gnum
422 4884 445 4921 :
500 4884 519 4917 t
553 4864 658 4942 Sed
698 4879 803 4942 per
839 4874 888 4917 te
936 4865 1064 4916 mihi
1106 4864 1328 4930 proponi
1379 4861 1448 4942 ab_
1475 4859 1584 4942 alio
1615 4877 1794 4940 .qttm-

215 4929 487 4995 stioiiem.
545 4935 635 5002 qui
693 4933 833 4988 forte
889 4929 1115 5001 propter
1152 4945 1394 5002 amorem
1436 4929 1788 5002 historiarum

217 5007 473 5064 Sallustii
520 4999 848 5070 Calpurnius
894 4999 1261 5071 cognomento
1308 4999 1588 5071 Lanigerius
1633 5009 1736 5054 est.
1767 5019 1785 5051 ι

215 5081 359 5134 Vide
393 5077 577 5132 Cicer.
612 5069 758 5144 Ofﬁc.
795 5088 853 5144 ιιι
880 5113 893 5132 .
930 5069 1064 5144 etin
1106 5071 1380 5144 Pisonem.
1423 5069 1697 5144 Maurus.
1723 5099 1792 5144 -_-

217 5152 360 5204 Vide
385 5161 512 5213 qua
543 5145 597 5197 in
651 5140 948 5213 Eppistolam
982 5142 1150 5213 70Aad
1187 5141 1438 5213 Magnum
1474 5142 1525 5194 in
1557 5140 1662 5195 [lue
1693 5141 1792 5194 ad-

219 5211 541 5274 natavimus
573 5216 639 5266 de
674 5212 1008 5267 Sallustiano
1038 5211 1331 5278 Calpurnio
1366 5211 1493 5265 isto.

288 5292 312 5322 ⁸
357 5288 528 5342 Vetus
549 5283 708 5348 edit.,
733 5285 796 5336 de
826 5283 1011 5351 futuro
1041 5282 1277 5349 sponsio,
1310 5297 1415 5334 non
1443 5282 1504 5335 de
1526 5281 1792 5350 praeterito

219 5363 370 5430 facta
400 5366 500 5410 est.

291 5431 314 5501 ξ
360 5425 497 5501 V_ide
519 5424 602 5501 in“
623 5421 928 5501 Epistolam
954 5419 1093 5501 ’1.Λῐιἶ
1209 5427 1324 5475 not.
1503 5491 1533 5501 ﬂ

293 5500 318 5530 ³
364 5497 433 5550 Et
457 5496 528 5548 ad
560 5493 848 5546 Orbilium.
894 5493 969 5545 De
1002 5487 1212 5546 Orbilio
1251 5491 1606 5559 grammatico
1652 5491 1791 5545 Sue-

220 5570 429 5624 tonins.
463 5566 530 5618 de
562 5562 873 5618 Illustribtu
920 5570 1234 5629 grantmat.,
1272 5559 1551 5624 Horatius,
1571 5561 1733 5626 epist.
1759 5561 1784 5614 1

225 5641 295 5693 ad
345 5639 594 5705 Αιιςιωι..
646 5641 720 5705 et
753 5630 1016 5705 ﬂagrtialis
1066 5631 1177 5705 lib._
1221 5645 1257 5683 ιι
1315 5630 1648 5705 Epigramm.
1700 5630 1790 5684 42.

223 5699 505 5764 lintris.
531 5735 601 5744 —
627 5702 873 5772 Celebris
903 5700 1206 5772 ptedagogi
1233 5699 1452 5772 nomine
1477 5709 1787 5772 praecepto—

225 5795 342 5836 rem
371 5791 532 5831 suum
557 5775 788 5842 figurate
810 5767 1084 5841 intelligit:
1112 5767 1242 5826 Vide
1273 5770 1338 5826 de
1361 5767 1572 5826 Orbilio
1616 5767 1787 5825 Hora-

227 5865 250 5910 t
274 5867 391 5914 um,
430 5848 656 5903 Sucion.
691 5841 949 5910 aliosque.

1970 4793 1992 4823 ⁸
2041 4789 2168 4843 Vide
2199 4789 2522 4844 Ciceronem
2559 4792 2654 4846 lib.
2681 4808 2737 4846 ιιι
2775 4789 3106 4863 Οπὶεἰον.ἐι
3135 4807 3318 4850 contra
3365 4797 3456 4853 Pi-

1893 4877 2092 4915 sortem.

1966 4933 1986 4963 ⁶
2032 4928 2384 5008 Pseudonieni
2416 4931 2671 5008 argutias.
2718 4935 2912 4990 Cicero
2952 4937 3208 5008 Attidem.
3251 4941 3453 5008 Quam.

1896 5003 1991 5056 lib.
2029 5015 2104 5064 tv,
2141 5010 2195 5054 et
2230 5001 2323 5056 lib.
2357 5017 2394 5055 ιι
2435 5003 2500 5054 de
2520 5002 2871 5071 Divinatione,
2910 5007 2998 5059 nbi
3039 5001 3455 5070 Pseudoritenmn

1896 5073 2093 5127 Latino
2121 5071 2288 5125 verbo
2314 5073 2544 5143 appellat
2572 5075 2887 5130 acervalem.
2914 5076 3180 5136 ΜΑιιτιΑΝ.
3201 5111 3270 5123 -
3293 5085 3458 5143 Errat

1895 5143 2408 5212 Martianarustqui
2460 5141 2878 5198 Psettdomenum
2929 5146 3118 5205 Latine
3166 5141 3456 5212 αεειρυαισυέ

1897 5211 2158 5292 appellari
2195 5211 2515 5292 aJCicerone
2549 5215 2811 5292 adnotat;
2850 5231 2972 5292 nam
3008 5217 3222 5285 Cicero,
3252 5224 3345 5278 lih.
3413 5211 3452 5283 ιι

1895 5281 1981 5336 ἀεί
2024 5281 2359 5362 ltivinatione
2392 5320 2414 5362 ._
2479 5298 2627 5336 num.
2679 5285 2746 5348 4,
2804 5287 3190 5362 pseudomenon
3210 5281 3452 5362 appellat

1896 5355 2226 5433 πὲθηίίθηῗφ
2255 5349 2530 5433 ﬂama”
2558 5368 2684 5408 νθτο
2711 5349 3038 5426 αεάυαιειω
3072 5362 3236 5433 idque
3251 5349 3455 5424 rectis.

1893 5423 2052 5483 sitne,
2085 5431 2143 5474 ιιι
2172 5421 2362 5488 liquet.

1967 5492 2182 5569 "_Hunc
2233 5506 2428 5557 nempe
2473 5492 2732 5569 omnium
2757 5497 3211 5569 philosophorum
3247 5505 3451 5560 obscu-

1895 5563 2168 5633 rissimum
2199 5570 2412 5633 veteres
2463 5571 2673 5618 notant.
2713 5563 2992 5623 Lucretio'
3026 5573 3228 5627 dicitur
3271 5577 3450 5633 clarus

1893 5633 1955 5685 ob
1985 5631 2267 5716 obscurant
2319 5631 2576 5716 fingu‘ain.
2641 5635 2781 5716 Hinc
2828 5647 2882 5716 et
2929 5643 3207 5716 ριιοτειιιδς
3249 5631 3449 5716 cogito;

1893 5700 2278 5789 nien‘todgictus
2311 5711 2417 5756 est.
2456 5700 2572 5758 Vid.
2599 5715 2788 5762 contra
2824 5704 3098 5767 Jovinian.
3134 5700 3230 5770 lib.
3272 5731 3289 5772 r
3318 5700 3452 5789 quae

1893 5771 2295 5828 adnotavimus.
