4202 6490
763 348 872 412 H3

767 482 1016 528 astuant.
1049 471 1126 528 Tu
1164 490 1190 527 a
1229 492 1314 530 tne
1345 483 1544 538 sonmii
1579 489 1748 558 exigis
1788 500 2143 560 Sponsionent

767 569 819 614 to
840 565 1018 616 verius
1052 567 1408 638 strictiusque
1429 580 1768 635 conveniam.
1793 581 1987 642 Fecisti
2015 595 2196 648 omnia
2218 613 2336 667 qua-

769 655 820 705 in
860 655 1184 721 baptismate
1217 666 1554 730 promisisti?
1577 672 1853 744 Quidquid
1887 687 2136 739 monachi
2178 707 2337 744 voca-

767 744 953 800 bulum
992 747 1218 818 flagitat,
1253 767 1500 812 nostrum
1535 773 1764 836 uterque
1799 778 2091 839 complevit
2117 779 2138 831 ?
2163 781 2326 851 Cave,

764 855 992 908 quaeso,
1035 859 1102 898 ne
1158 863 1252 915 per
1307 854 1514 910 trabem
1583 869 1729 916 tuam
1763 905 1777 926 ,
1829 866 2094 927 festucam
2153 892 2328 933 meam

760 931 968 989 videas.
1015 936 1221 995 Invitus
1267 942 1498 1010 loquor.
1550 962 1604 1004 et
1658 963 2037 1013 retrectantem
2090 963 2326 1037 linguam

759 1025 920 1080 dolor
960 1029 1012 1082 in
1049 1035 1208 1086 verba
1273 1041 1573 1109 compellit.
1602 1043 1718 1098 Non
1766 1049 1861 1104 tibi
1900 1025 2329 1130 solliciuntvqute

757 1117 828 1170 de
851 1117 1110 1188 vigilante
1139 1128 1428 1198 contingis,
1468 1129 1636 1204 488
1684 1139 1786 1192 nisi
1822 1151 1874 1196 et
1903 1152 2112 1204 somnia
2145 1155 2329 1207 οι·ἱωὶ-

759 1209 930 1263 neris.
957 1208 1185 1268 Tantam
1217 1217 1380 1275 habes
1399 1223 1770 1282 curiositatem
1807 1247 2049 1289 meorum
2085 1252 2326 1307 actuum,

763 1307 822 1350 ut
849 1302 998 1368 [quid
1036 1302 1317 1365 dormiens
1365 1311 1583 1370 fecerim
1639 1321 1938 1381 dixerimve
1973 1369 1987 1392 ,
2041 1331 2326 1389 discutias.

763 1387 1146 1464 Praetermitto,
1176 1418 1297 1471 qua:
1331 1417 1520 1461 contra
1561 1429 1646 1467 me
1696 1416 1944 1486 loquens,
1986 1430 2324 1494 propositum

761 1490 914 1536 tuum
956 1488 1252 1560 deturpasti
1285 1511 1302 1549 :
1337 1512 1462 1567 qua:
1494 1502 1543 1556 in
1577 1488 2048 1575 dcpompationem
2082 1488 2324 1576 omnium

758 1574 1230 1652 Christianorum,
1287 1601 1340 1645 et
1395 1595 1573 1650 verbis
1612 1608 1664 1650 et
1731 1616 1894 1668 opere
1944 1604 2156 1664 feceris.
2214 1615 2327 1669 Hoc

761 1685 927 1726 unum
976 1675 1288 1749 denuntio,
1348 1694 1399 1738 et
1448 1700 1697 1756 repetens
1751 1696 1946 1752 iterum
2022 1702 2324 1774 iterumque

758 1768 1015 1827 monebo.
1053 1770 1350 1829 Cornutam
1403 1779 1628 1835 bestiam
1680 1787 1820 1853 petis
1856 1808 1869 1843 :
1906 1800 1958 1843 et
2003 1794 2105 1847 nisi
2165 1811 2322 1851 care-

755 1873 870 1912 rem
923 1861 1053 1917 illud
1096 1866 1340 1933 Apostoli
1369 1911 1384 1934 ,
1441 1889 1463 1922 α
1509 1873 1749 1931 Maledici
1789 1896 2012 1949 regnum
2073 1885 2161 1940 Dei
2212 1905 2315 1944 non
2353 1861 2396 1916 Β

755 1955 1177 2028 ροεείάιεὺιιιιιμ
1197 1957 1320 2015 Cor.
1347 1980 1418 2027 vr,
1441 1965 1527 2036 t0)
1555 1982 1602 2029 ς»
1628 1977 1700 2030 et,
1728 1970 2063 2030 «Mordentes
2087 1978 2316 2036 invicem

755 2047 1068 2113 consumpti
1109 2051 1241 2104 estis
1275 2052 1343 2105 ab
1392 2052 1623 2108 inwcem
1681 2058 1883 2128 (Colat.
1923 2080 1979 2129 ν,
2013 2067 2120 2133 l5),
2155 2087 2174 2120 ι
2208 2069 2317 2138 jam

755 2149 901 2188 nunc
953 2139 1183 2195 sentires
1223 2143 1288 2196 de
1341 2149 1570 2213 parvula
1607 2151 1949 2224 subdolaque
2001 2161 2317 2228 concordia,

754 2239 1001 2290 magnam
1047 2229 1098 2281 in
1132 2233 1336 2286 mundo
1366 2235 1380 2264 ¹
1423 2245 1598 2291 ortam
1633 2255 1754 2296 esse
1791 2244 2143 2303 discordiam.
2177 2250 2318 2315 Quid

754 2315 848 2367 tibi
889 2320 1131 2385 prodeSt,
1169 2325 1310 2390 apud
1357 2337 1517 2381 notos
1569 2333 1770 2399 pariter
1800 2343 1852 2388 et
1885 2337 2097 2406 ignotos
2135 2342 2186 2397 in
2219 2360 2317 2400 nos

753 2410 1039 2465 maledicta
1098 2420 1433 2484 congerere?
1485 2422 1565 2473 Au
1638 2425 1764 2492 quia
1832 2425 2154 2497 Origenistze
2209 2453 2314 2490 non

750 2516 963 2566 sumus,
995 2515 1049 2558 et
1082 2506 1130 2558 in
1163 2509 1303 2564 cado
1339 2527 1437 2565 nos
1490 2529 1748 2581 peccasse
1781 2523 2078 2591 nescimus,
2117 2528 2167 2580 in
2205 2539 2316 2583 ter-

749 2591 829 2646 ris
873 2597 1154 2664 arguimur
1202 2606 1555 2666 peccatores?
1604 2607 1670 2660 Et
1711 2610 1833 2664 ideo
1871 2613 1924 2667 in
1968 2621 2312 2676 concordiam

751 2683 1071 2751 redivimus,
1129 2699 1187 2744 ut
1236 2693 1366 2746 mihi
1420 2697 1566 2764 loqui
1624 2712 1812 2755 contra
1873 2705 2153 2763 hereticos
2205 2729 2312 2768 non

749 2774 957 2842 liceret,
1011 2794 1096 2845 ne,
1133 2781 1175 2834 si
1225 2783 1345 2836 illos
1395 2786 1757 2857 descripsero,
1814 2803 1868 2847 tu
1913 2805 1963 2850 te
2013 2804 2311 2869 appetitum

747 2867 949 2932 putes?
980 2869 1234 2934 Quandiu
1269 2890 1376 2928 non
1412 2879 1704 2933 renuebam
1740 2884 2106 2943 laudationem
2139 2901 2310 2958 tuam,

747 2956 1067 3024 sequebaris
1102 2977 1187 3015 me
1234 2973 1290 3015 ut
1322 2967 1662 3036 magistrum,
1696 2972 1913 3029 fratrem
1960 2987 2013 3032 et
2049 2982 2307 3053 collegam

748 3051 1002 3116 vocabas,
1029 3064 1084 3106 et
1115 3055 1440 3112 catholicum
1472 3062 1524 3115 in
1557 3066 1811 3122 omnibus
1835 3069 2114 3130 fatebaris.
2153 3076 2309 3131 Post-

744 3153 904 3205 quam
953 3159 1062 3198 non
1116 3151 1310 3213 agnovi
1367 3153 1553 3208 laudes
1592 3165 1732 3219 tuas.
1780 3169 1833 3214 et
1889 3179 1975 3218 me
2028 3167 2306 3236 indignum

747 3237 879 3288 tanti
923 3235 1025 3291 viri
1076 3243 1633 3315 praconiojudicavi,
1684 3253 1831 3308 illico
1893 3259 2056 3312 vertis
2082 3267 2302 3332 stylum,

743 3334 794 3378 et
823 3327 1005 3380 omnia
1039 3329 1254 3387 laudata
1290 3336 1440 3402 prius
1473 3339 1746 3409 vituperas
1773 3382 1788 3408 ,
1819 3346 1886 3399 de
1917 3350 2104 3404 eodem
2134 3327 2227 3407 ore
2257 3366 2310 3411 et

743 3416 902 3471 dulce
932 3423 1215 3488 proterens
1244 3438 1296 3481 et
1322 3443 1594 3486 amarum.
1632 3434 1887 3492 Sentisne
1917 3443 2046 3509 quid
2079 3453 2306 3512 taceam,

743 3509 886 3574 quod
936 3519 1195 3570 aestuanti
1249 3521 1451 3586 pectori
1485 3525 1649 3579 verba
1683 3542 1789 3580 non
1839 3534 2222 3591 commodem?
2253 3549 2305 3592 et

741 3615 864 3654 cum
899 3601 1177 3660 Psalmista
1203 3610 1439 3678 loquar:
1481 3633 1499 3665 ‹
1527 3615 1696 3681 Pone,
1724 3619 1968 3685 Domine,
2001 3628 2301 3684 custodiam

741 3694 822 3744 ori
857 3711 1001 3757 tneo,
1049 3707 1103 3751 et
1128 3701 1326 3754 ostium
1364 3708 1630 3761 munitum
1679 3709 1837 3766 labiis
1868 3714 2020 3768 meis.
2060 3717 2174 3771 Non
2208 3723 2303 3774 de-

740 3786 912 3842 clines
966 3806 1059 3846 cor
1109 3809 1286 3847 meum
1343 3797 1393 3851 in
1438 3801 1596 3854 verba
1640 3804 1858 3860 malitiae
1888 3808 2058 3877 (Ptol.
2097 3827 2215 3875 CXL,
2247 3816 2300 3881 5,

741 3878 818 3946 ιι).
860 3897 877 3930 ι
915 3880 981 3934 Et
1029 3885 1156 3938 alibi
1210 3904 1224 3940 :
1283 3888 1462 3944 «Cum
1511 3897 1833 3952 consisteret
1881 3903 2170 3958 adversum
2223 3923 2308 3962 me

741 3984 1013 4036 peccator,
1042 3979 1313 4045 obmutui,
1365 3994 1418 4035 et
1452 3980 1774 4044 humiliatus
1822 4007 1964 4060 sum,
1999 4004 2052 4048 et
2094 3999 2218 4050 silui
2275 4016 2304 4053 a

741 4061 897 4116 bonis
923 4065 1093 4132 (l’sal.
1129 4087 1352 4136 xxxvm,
1396 4073 1450 4138 2,
1488 4078 1563 4144 5).
1602 4097 1620 4130 ι
1668 4080 1734 4134 Εῑ
1765 4099 1996 4139 rursus:
2037 4108 2054 4138 (
2097 4089 2297 4147 Factus

744 4170 864 4208 sunt
899 4161 1052 4226 quasi
1103 4164 1266 4217 homo
1300 4182 1405 4220 non
1439 4173 1688 4231 audiens.
1722 4189 1821 4227 nec
1872 4176 2076 4233 habens
2117 4182 2167 4235 in
2203 4199 2298 4238 ore

743 4262 841 4300 suo
871 4250 1452 4328 increpationes(Psal.
1497 4278 1699 4328 xxxv”,
1730 4267 1839 4334 l5).
1899 4286 1916 4318 ι
1951 4267 2053 4323 Sed
2087 4289 2184 4341 pro
2217 4291 2301 4328 me

819 4427 831 4510 ξ
873 4427 1044 4510 licius
1076 4433 1228 4510 edit”
1266 4454 1510 4510 magnam
1537 4443 1630 4492 tibi
1660 4444 1711 4495 in
1739 4447 1950 4510 mundo,
1984 4459 2089 4505 etc.

810 4498 828 4525 ι
872 4497 1122 4554 Fortasse
1163 4503 1294 4560 illud
1328 4497 1509 4561 Siricii
1547 4528 1716 4579 papte,
1758 4529 1813 4567 ιιι
1845 4517 1896 4568 in
1930 4497 2145 4575 laudata
2178 4540 2294 4591 ept-

810 4569 872 4591 tl-
930 4572 990 4591 -..Ι
1041 4573 1167 4591 Λ,-Α
1421 4578 1429 4591 ι
1775 4585 1784 4591 .

739 4569 874 4621 stola
928 4572 990 4624 ad
1039 4573 1307 4628 Oceanum
1365 4569 1721 4636 adnotauius.
1759 4585 1863 4640 Aut
1907 4569 2295 4656 potius-vltii'io-

749 4789 1478 4818 Μ...-

1940 388 1999 448 S.
2053 392 2362 454 EUSEBH
2412 396 2852 462 HlEllONYMl

1483 4810 2767 4843 --——_____._._____________

3909 417 4021 483 ut

2185 524 2196 556 :
2240 524 2340 576 ego
2367 513 2416 571 Α
2453 517 2598 569 ultor
2639 518 2732 570 tibi
2768 519 3030 571 Dominus
3063 523 3435 588 respondebit,
3466 525 3556 594 qui
3593 526 3726 580 dicit
3774 543 3873 597 per
3903 546 4034 598 pro-

2447 608 2683 673 phetam,
2730 629 2747 658 ι
2782 609 2907 664 Mihi
2939 612 3200 674 vindiCta,
3254 627 3310 669 et
3353 630 3453 684 ego
3503 618 3802 673 retribuam
3831 659 3846 677 .
3895 623 4034 676 dicit

2444 697 2706 751 Dominus
2747 698 2924 769 (Rom.
2973 718 3070 764 an,
3118 706 3226 771 l9).
3262 724 3281 757 ι
3319 706 3381 760 Et
3429 708 3481 760 in
3522 709 3627 762 alio
3668 709 3836 766 loco:
3877 730 3895 761 ι
3931 710 4024 766 Se.-

2440 792 2577 846 dens
2605 793 2868 850 adversus
2891 794 3114 852 fratrem
3138 807 3287 852 tuum
3312 799 3650 869 loquebaris,
3669 813 3723 856 et
3747 803 4023 858 adversus

2441 885 2607 936 lilium
2640 887 2832 942 tnatris
2867 899 2972 942 tua:
3022 892 3262 958 ponebas
3289 893 3636 947 scandalum.
3672 896 3799 949 Haec
3833 895 4022 950 fecisti

2434 989 2487 1030 et
2522 981 2696 1048 tacui;
2734 984 3077 1048 existimasti,
3104 987 3307 1057 inique,
3357 990 3504 1060 quod
3535 1005 3630 1046 ero
3665 991 3742 1044 tui
3777 991 4022 1057 similis;

2433 1085 2655 1138 arguam
2694 1083 2769 1140 te,
2816 1084 2868 1130 et
2894 1085 3127 1132 statuam
3165 1092 3357 1135 contra
3407 1082 3597 1137 faciem
3649 1096 3798 1139 tuam
3838 1084 4017 1153 (Psaf.

2434 1175 2579 1226 xm,
2626 1162 2853 1234 20.2“,
2886 1187 2904 1220 ι
2955 1169 3087 1224 utin
3137 1179 3186 1225 te
3236 1173 3422 1230 videas
3466 1174 3857 1241 condemnata,
3891 1192 4017 1246 quae

2434 1253 2569 1308 falso
2605 1255 2656 1310 in
2681 1257 2807 1314 aliis
2837 1260 3175 1318 criminaris.

2503 1348 2590 1401 52.
2637 1346 3010 1420 Chrysogonus
3059 1367 3289 1412 sectator
3326 1348 3526 1428 Ruﬁni.
3560 1392 3632 1401 —
3657 1363 3838 1417 Audio
3868 1379 4014 1432 pra-

2431 1446 2578 1492 terea
2618 1441 2781 1509 objici
2826 1445 2957 1498 mihi
3040 1463 3071 1502 a
3118 1449 3478 1521 Chrysogono
3533 1464 3807 1509 sectatore
3861 1455 4010 1523 ejus.

2428 1543 2526 1581 cur
2553 1531 2604 1584 in
2638 1532 2968 1601 baptismate
2993 1538 3225 1595 dixerim
3253 1544 3505 1600 universa
3536 1556 3762 1615 peccata
3812 1547 4010 1601 dimit-

2428 1623 2490 1684 ti,
2521 1635 2573 1677 et
2609 1637 2826 1680 mortuo
2863 1629 3138 1696 bimarito,
3185 1649 3388 1688 novum
3459 1639 3634 1691 virum
3672 1638 3726 1692 in
3780 1638 4008 1692 Christo

2427 1725 2708 1782 resurgere
2740 1733 2755 1770 :
2791 1726 2958 1788 atque
2995 1721 3305 1778 istiusmodi
3362 1727 3677 1782 sacerdotes
3719 1728 3773 1780 in
3814 1729 4008 1781 Eccle-

2427 1804 2526 1859 siis
2589 1823 2709 1862 esse
2774 1813 3092 1869 nonnullos.
3160 1814 3259 1870 Cui
3315 1817 3482 1889 5.89
3535 1821 3686 1875 brevi
3745 1836 4007 1874 sermone

2427 1899 2766 1965 respondebo
2795 1917 2809 1954 :
2837 1903 3046 1958 Habent
3073 1907 3312 1962 libellum
3340 1909 3536 1979 (Epist.
3570 1914 3640 1964 ad
3681 1911 4004 1969 Oceanumi,

2425 2003 2584 2055 quem
2645 1991 2698 2044 in
2732 1995 2937 2047 crimen
2979 2007 3176 2052 vocant
3230 2018 3242 2051 :
3305 2000 3394 2055 ille
3442 2004 3791 2069 respondeat,
3854 2005 4006 2056 hunc

2423 2093 2519 2132 sua
2579 2083 2946 2150 disputatione
3017 2089 3322 2157 subvertat,
3383 2104 3438 2148 et
3498 2095 3705 2161 scripta
3770 2095 4003 2163 sei-iptis

2422 2183 2633 2240 arguat.
2701 2175 2841 2240 Quid
2899 2181 3220 2237 austeritate
3284 2185 3476 2240 fremis
3512 2227 3526 2249 ,
3577 2197 3634 2240 et
3692 2188 4001 2241 contractis

2422 2266 2738 2334 rugatisque
2789 2270 3034 2333 naribus,
3075 2287 3316 2327 concava
3366 2277 3529 2330 verba
3581 2276 3908 2338 trutinatur.
3943 2289 3997 2331 et

2419 2356 2760 2410 sanctitatem
2800 2359 2944 2426 apud
2979 2363 3171 2430 vulgus
3226 2365 3464 2433 ignobile
3510 2368 3769 2422 simulato
3816 2368 4005 2438 rigore

2421 2448 2680 2500 mentitur
2701 2447 2939 2504 ?Audiat
2961 2468 3060 2506 nos
3087 2455 3283 2508 iterum
3311 2457 3730 2525 proclamantes,
3751 2470 3997 2542 veterem

2416 2533 2586 2588 Adam
2631 2537 2684 2589 in
2725 2539 2939 2594 lavacro
2979 2549 3150 2595 totum
3180 2545 3339 2608 tnori,
3372 2553 3426 2601 et
3455 2562 3656 2602 novum
3681 2564 3805 2601 cum
3838 2539 4003 2602 Chri-

2416 2636 2498 2680 sto
2535 2627 2588 2681 in
2642 2631 2970 2698 baptismate
3024 2635 3285 2689 suscitari
3336 2653 3351 2690 :
3404 2640 3580 2706 perire
3624 2641 3906 2702 choicum,
3945 2649 4000 2693 et

2417 2721 2568 2773 nasci
2601 2724 3071 2791 supercwlestem.
3102 2726 3226 2781 llaec
3251 2729 3507 2797 dicimus,
3539 2746 3649 2784 non
3680 2733 3830 2802 quod
3865 2733 3995 2802 ipsi,

2415 2814 2646 2881 prepitio
2686 2815 2930 2880 Christo,
2982 2818 3083 2872 hac
3145 2822 3450 2889 quaaStione
3523 2833 3833 2890 teneamur,
3895 2820 3999 2879 sed

2411 2904 2732 2975 interrogati
2798 2922 2830 2961 a
2899 2906 3201 2977 fratribus,
3272 2913 3404 2981 quid
3461 2915 3621 2968 nobis
3690 2916 3993 2981 videretur,

2412 2996 2814 3064 respondimus,
2862 2999 2994 3052 nulli
3046 3001 3469 3071 przejudicantes
3518 3005 3676 3074 sequi
3711 3005 3866 3075 quod
3901 3023 3992 3060 ve-

2409 3085 2492 3151 lit,
2524 3087 2688 3158 490
2725 3104 2824 3144 nec
2851 3090 3078 3147 alterius
3105 3093 3383 3150 decretum
3422 3099 3441 3128 ’
3478 3107 3669 3152 nostra
3705 3100 3985 3153 sententia

2334 3208 2378 3270 ρ
2411 3179 2810 3235 subvertentes.
2858 3181 3045 3253 Neque
3074 3185 3218 3240 enim
3285 3187 3560 3243 ambimus
3586 3190 3993 3254 sacerdotium,

2410 3275 2502 3344 qui
2534 3273 2768 3330 latemus
2813 3276 2873 3331 in
2910 3279 3165 3349 cellulis;
3199 3295 3301 3337 nec
3352 3282 3662 3338 humilitate
3702 3285 3991 3351 damnata,

2405 3368 2776 3438 episcopatum
2803 3383 2939 3450 auro
2969 3372 3237 3430 redimere
3261 3375 3606 3442 festinamus;
3627 3391 3732 3431 nec
3754 3378 3992 3432 electum

2407 3461 2722 3528 pontiﬁcem
2763 3479 2790 3515 a
2837 3462 2970 3529 Deo.
3023 3467 3213 3521 rebelli
3253 3469 3508 3538 cupimus
3550 3481 3738 3525 mente
3764 3471 3994 3542 jugula-

2408 3566 2495 3604 re:
2520 3567 2621 3606 nec
2654 3552 2887 3609 favendo
2915 3556 3208 3621 haereticis,
3243 3559 3660 3616 baereticosnos
3695 3562 3992 3618 docemus.

2406 3641 2674 3698 Pecunias
2725 3661 2825 3701 nec
2887 3649 3184 3714 habemus,
3245 3667 3344 3705 nec
3402 3653 3605 3707 habere
3655 3655 3916 3711 volumus
3974 3674 3988 3707 :

2410 3754 2427 3785 ι
2462 3734 2737 3793 Habentes
2770 3740 2970 3794 victum
3015 3750 3071 3796 et
3115 3745 3398 3812 vestitum,
3450 3747 3536 3802 his
3581 3751 3836 3802 contenti
3886 3765 3990 3803 su-

2405 3842 2526 3880 mus
2559 3827 2614 3893 (l
2654 3828 2788 3882 Tim.
2820 3847 2894 3890 γι,
2933 3833 3057 3900 8),›
3113 3834 3244 3887 illud
3316 3838 3383 3890 de
3431 3853 3728 3894 ascensore
3777 3846 3988 3897 montis

2405 3917 2669 3972 Dominici
2721 3921 2923 3990 jugiter
2971 3924 3328 3981 decantantes
3389 3944 3402 3982 :
3476 3927 3629 3995 «Qui
3690 3933 3988 4000 pecuniam

2404 4019 2557 4058 suam
2590 4023 2697 4061 non
2744 4010 2892 4062 dedit
2932 4012 2998 4065 ad
3037 4028 3282 4078 usuram,
3319 4025 3383 4080 ,et
3431 4033 3658 4072 nmnera
3694 4035 3870 4086 super
3907 4025 3990 4076 in-

2406 4110 2712 4152 nocentem.
2752 4117 2856 4154 non
2910 4106 3116 4172 accepit
3152 4105 3219 4161 'z
3290 4109 3386 4175 qui
3457 4109 3591 4163 racit
3651 4116 3814 4177 haec,
3876 4130 3988 4166 non

2410 4190 2717 4243 movebitur
2743 4193 2795 4244 in
2819 4202 3079 4248 aeternum
3109 4197 3283 4262 (Psal.
3317 4215 3425 4264 xw,
3489 4201 3522 4254 5
3553 4201 3595 4271 ).
3626 4221 3644 4254 ι
3718 4203 3862 4275 Ergo
3891 4209 3988 4275 qui

2413 4296 2518 4334 non
2551 4282 2696 4347 facit,
2733 4284 2843 4352 jam
2879 4290 3091 4342 corruit
3125 4289 3176 4342 in
3210 4300 3499 4347 aeternum.

2399 4460 2585 4513 centii.

2473 4530 2492 4560 ³
2536 4530 2770 4608 Respicit
2822 4535 3042 4608 initium
3097 4538 3323 4605 Psalmi,
3383 4563 3398 4592 ι
3435 4543 3568 4608 Quis
3608 4552 3870 4604 ascendet
3930 4555 3987 4606 in

2406 4609 2642 4653 montem
2688 4601 2946 4657 Domini?
2977 4626 2994 4657 ι

2775 4835 3946 4863 —-—-——.____..________

1800 4973 2157 5066 LIBER
2230 4980 2894 5080 SECUNDUS.

809 5359 966 5430 ω]
1010 5361 1058 5415 l.
1109 5362 1227 5417 Vult
1288 5380 1341 5420 se
1377 5368 1676 5436 defendere,
1701 5390 1802 5426 non
1846 5375 1980 5428 alios
2029 5391 2295 5432 accusare.
2333 5381 2378 5437 D
2409 5391 2467 5436 ut
2505 5384 2687 5454 debui,
2719 5391 2814 5445 sed
2848 5403 2904 5446 ut

740 5480 810 5491 —-
842 5451 1132 5521 llucusque
1166 5457 1232 5511 de
1291 5459 1628 5533 criminibus,
1692 5465 1797 5518 imo
1837 5480 1933 5533 pro
1976 5467 2295 5525 criminibus

743 5547 901 5608 meis,
928 5562 1044 5615 quae
1071 5549 1123 5603 in
1161 5566 1246 5606 me
1296 5554 1566 5624 quondam
1624 5558 1882 5612 subdolus
1937 5558 2180 5614 laudator
2211 5561 2296 5614 in-

747 5643 936 5708 gessit,
967 5653 1018 5697 et
1073 5648 1320 5717 discipuli
1362 5651 1480 5720 ejus
1528 5654 1863 5706 roristantins
1905 5664 2159 5724 arguunt,
2194 5672 2297 5710 non

825 5825 835 5851 '
874 5826 1022 5878 Hanc
1052 5825 1186 5878 infra
1218 5832 1552 5886 annectimus
1593 5843 1705 5900 post
1754 5834 1963 5885 tertium
1998 5834 2212 5887 librum.

2955 5399 3127 5465 potui,
3169 5406 3449 5462 moderato
3512 5411 3854 5483 dolorelAl.
3908 5417 3988 5470 la-

2406 5477 2558 5547 bore]
2587 5485 2872 5550 respondi.
2901 5485 3248 5560 Propositum
3308 5501 3507 5570 quippe
3541 5505 3676 5557 mihi
3707 5477 3818 5567 est,
3874 5525 3985 5564 non

2406 5575 2514 5619 tam
2544 5569 2680 5624 alios
2733 5587 3014 5642 accusare,
3045 5599 3208 5650 quam
3258 5603 3346 5641 me
3379 5569 3692 5646 defendere.
3746 5592 3984 5652 Veniam

2399 5657 2466 5710 ad
2495 5660 2810 5730 Apologiaiu
2863 5668 2981 5734 ejus
3011 5672 3050 5734 ‘,
3113 5689 3218 5742 qua
3269 5689 3461 5734 sancto
3496 5682 3812 5748 Anastasio,
3878 5687 3988 5740 Ro-
