4202 6478
201 349 301 412 445

197 477 372 514 mante
399 460 560 514 urbis
593 461 871 530 episcopo,
908 459 1222 515 satisfacere
1256 457 1466 520 nititur,
1493 468 1546 511 et
1578 458 1630 509 in
1674 459 1767 510 de-
1801 461 1839 512 Α

195 553 498 607 fensionetn
530 553 615 606 sui
649 553 775 606 mihi
802 565 1016 605 rursum
1046 547 1374 604 calumniam
1413 551 1612 608 struit;
1649 557 1767 602 tan-

194 660 418 716 tumque
444 661 533 701 me
562 645 758 717 diligit,
780 653 837 700 ut
864 651 1049 712 raptus
1071 642 1308 705 turbine,
1337 652 1386 694 et
1415 642 1466 694 in
1500 640 1766 706 profunda

192 739 500 800 demersus,
538 753 715 791 meum
767 737 1109 805 potissimum
1161 733 1380 790 invadat
1415 736 1605 803 pedem
1643 734 1684 795 ¹,
1710 744 1766 787 ut

192 846 403 884 mecum
429 839 528 884 aut
561 831 843 891 liberetur,
873 839 965 884 aut
998 838 1199 898 pereat.

256 924 316 978 Ξ.
386 925 649 991 Apologia
717 923 911 986 Ruﬁni.
970 923 1223 975 Parentes
1266 921 1469 991 uulgari
1529 938 1766 975 sermone

191 1017 506 1068 dicebantur
534 1016 747 1085 cognati
795 1025 846 1069 et
888 1015 1096 1082 afﬁnes.
1122 1045 1189 1054 —
1243 1013 1380 1066 Dicit
1439 1027 1497 1065 se
1531 1011 1761 1079 primum

191 1105 533 1174 respondere
586 1105 928 1167 rumoribus,
967 1104 1158 1169 quibus
1185 1104 1330 1158 illius
1359 1103 1545 1156 Roma:
1572 1116 1764 1168 carpa-

192 1211 279 1252 tur
310 1199 473 1263 ﬁdes,
515 1200 754 1255 hominis
783 1198 1174 1268 probatissimi,
1214 1205 1321 1250 tam
1356 1196 1407 1248 in
1449 1195 1572 1257 ﬁde,
1602 1211 1763 1264 quam

189 1290 240 1343 in
271 1289 551 1346 charitate
583 1290 698 1344 Dei.
733 1289 797 1343 Et
837 1290 939 1344 nisi
971 1297 1088 1358 post
1122 1287 1342 1358 triginta
1372 1303 1543 1341 annos
1572 1303 1765 1355 paren-

190 1381 336 1435 tibus
386 1385 661 1445 redditus,
697 1383 865 1437 nollet
891 1396 984 1436 eos
1022 1380 1452 1448 deserere,quos
1486 1390 1592 1433 tam
1618 1379 1767 1432 tarde

193 1473 429 1536 viderat,
486 1490 560 1528 ne
615 1474 948 1530 inhumanus
1007 1481 1286 1542 putaretur
1331 1484 1419 1526 aut
1487 1474 1679 1532 durus,
1713 1481 1768 1525 et

190 1573 298 1617 tam
328 1565 479 1636 longi
528 1566 740 1620 itineris
766 1566 950 1621 labore
981 1564 1239 1635 fragilior,
1286 1567 1351 1619 ad
1380 1564 1652 1618 iterandos
1691 1565 1770 1616 la-

191 1658 352 1712 bores
379 1667 536 1713 esset
567 1661 838 1724 inﬁrmus,
895 1661 1068 1729 ipsum
1100 1658 1284 1714 venire
1316 1659 1574 1712 voluisse.
1608 1656 1766 1722 Quod

189 1750 310 1818 quia
342 1765 452 1803 non
485 1751 700 1815 fecerit,
725 1761 910 1805 contra
942 1752 1228 1805 latratores
1262 1765 1394 1804 suos
1429 1748 1642 1802 misisse
1673 1749 1767 1801 ba-

188 1843 372 1896 culum
404 1843 743 1909 litterarum,
775 1860 932 1913 quem
975 1845 1062 1899 ille
1112 1853 1311 1898 teneret
1350 1843 1400 1895 iu
1440 1844 1681 1905 dextera,
1710 1852 1764 1895 et

192 1935 482 1991 saevientes
508 1946 703 1990 contra
758 1953 816 1990 se
871 1938 1110 2006 abigeret
1176 1952 1362 1990 canes.
1395 1935 1449 1989 Si
1505 1936 1764 2004 probatus

189 2038 272 2081 est
315 2029 562 2093 cunctis,
599 2041 655 2082 et
702 2030 936 2083 maxime
982 2030 1079 2097 ipsi
1128 2030 1213 2083 cui
1247 2029 1438 2083 scribit
1489 2031 1762 2098 episcopo,

193 2123 241 2170 iu
280 2121 381 2174 ﬁde
412 2131 468 2174 et
499 2123 768 2177 cbaritate
817 2123 907 2176 Dei
947 2125 1007 2177 ἐ
1063 2125 1337 2193 quomodo
1392 2126 1572 2178 Romm
1614 2140 1764 2177 mor-

187 2210 367 2275 detur,
399 2221 458 2264 et
511 2211 777 2277 carpitur,
844 2221 897 2266 et
921 2213 1172 2282 appetiue
1227 2215 1601 2268 aestimatimiis
1647 2214 1764 2282 ejus

190 2301 329 2355 fama
355 2302 697 2358 crebrescit?
729 2304 927 2359 Deinde
952 2308 1112 2373 cujus
1145 2317 1228 2359 est
1251 2307 1596 2369 humilitatis,
1639 2323 1762 2375 pro-

189 2394 371 2446 batum
406 2411 468 2449 se
528 2396 712 2451 dicere
767 2396 820 2449 in
865 2396 969 2452 ﬁde
1023 2405 1078 2452 et
1148 2399 1412 2453 charitate
1474 2399 1583 2456 Dei.
1641 2413 1760 2451 cum

187 2479 426 2545 Apostoli
449 2491 675 2550 petant:
704 2484 983 2545 «Domine.
1026 2486 1229 2554 adauge
1257 2488 1412 2541 nobis
1439 2487 1592 2539 ﬁdem
1614 2487 1760 2552 (Luc.

189 2591 319 2636 ινιι.
345 2576 424 2638 5),
470 2595 492 2627 ι
527 2585 584 2629 et
621 2578 862 2640 audiant,
894 2597 912 2629 ι
944 2577 998 2632 Si
1026 2579 1328 2634 habueritis
1365 2580 1522 2633 ﬁdem
1551 2591 1608 2633 ut
1639 2598 1763 2650 gra-

191 2683 316 2718 num
339 2667 558 2733 sinapis
579 2667 743 2737 (Ibid.
762 2670 848 2737 6i;
883 2687 902 2721 ι
923 2679 978 2725 et
996 2670 1058 2723 ad
1083 2671 1259 2732 ipsum
1276 2671 1487 2725 dicatur
1504 2671 1720 2724 Petrum
1747 2690 1761 2725 :

193 2781 210 2807 ι
256 2758 482 2814 lodice
507 2759 659 2825 ﬁdei,
702 2776 870 2830 quare
901 2761 1155 2817 dubitasti
1189 2761 1401 2829 (Matth.
1444 2781 1552 2827 xiv,
1578 2764 1666 2833 51)
1693 2764 1715 2815 ?
1741 2783 1756 2813 ›

189 2851 330 2915 Quid
359 2855 564 2921 loquar
590 2853 661 2906 de
691 2853 975 2917 charitate,
1005 2870 1124 2923 quae
1152 2866 1209 2909 et
1244 2853 1346 2908 ﬁde
1381 2865 1435 2909 et
1465 2870 1559 2924 spe
1589 2855 1767 2923 major

187 2954 268 2996 cst
286 2987 300 3007 ,
343 2951 398 2997 et
425 2958 594 3012 quam
621 2943 821 2997 Paulus
848 2954 1000 3012 Optat
1023 2946 1204 3015 potius
1246 2961 1409 3014 quam
1433 2946 1718 3015 praesumit
1745 2964 1758 2999 :

187 3037 304 3088 sine
332 3052 444 3105 qua
478 3047 537 3091 et
595 3037 858 3107 martyrio
913 3039 1132 3107 sanguis
1183 3039 1410 3100 eﬂ'usns.
1459 3053 1766 3108 corpusque

1317 343 1616 404 CONTRA
1663 344 2019 402 RUFINUM
2060 347 2209 404 LIB.
2260 346 2336 408 ιι.

3336 340 3437 404 446

1941 460 1994 511 5.
2032 458 2408 528 Ruﬁniverba.
2451 491 2518 500 -—-—
2559 480 2573 510 t
2615 463 2908 529 Carpamus
2965 459 3192 522 reliqua,
3237 469 3287 511 ct
3321 460 3435 524 ipsa

1870 556 2110 622 epistola:
2138 557 2256 622 ejus
2287 555 2447 608 verba
2481 570 2782 617 ponamus:
2815 552 3074 618 Quamvis
3113 553 3274 621 igitur
3308 551 3438 604 iidrs

1872 659 2082 710 nostra,
2146 648 2538 714 persecutionis
2583 645 2956 698 haereticorum
2990 656 3257 712 tempore,
3314 659 3434 696 cuin

1870 742 1922 795 in
1963 751 2148 794 sancta
2181 740 2544 793 Alexandrina
2579 738 2814 792 Ecclesia
2853 738 3196 803 degeremus,
3235 737 3288 790 in
3321 751 3440 788 car-

1871 835 2088 890 ceribus
2121 843 2172 886 et
2195 833 2425 896 exsiliis,
2451 848 2568 898 quae
2600 847 2694 899 pro
2722 831 2821 883 llde
2853 831 2873 861 '
2897 829 3284 890 inferebantur,
3312 843 3438 894 pro-

1870 929 1991 983 bata
2031 928 2121 981 sit.
2159 945 2176 977 ι
2221 925 2383 978 Miror
2412 927 2550 992 quod
2583 940 2690 978 non
2719 923 3013 990 adjecerit:
3047 922 3274 976 Vinctus
3304 920 3429 975 Jesu

1867 1020 2094 1081 Christi,
2127 1027 2179 1070 et
2205 1016 2464 1068 liberatus
2491 1029 2606 1066 sum
2650 1015 2714 1068 de
2738 1030 2830 1068 ore
2873 1013 3064 1076 leonis,
3097 1020 3149 1065 et
3201 1011 3433 1064 Alexan-

1869 1118 2001 1170 dria!
2025 1116 2087 1169 ad
2139 1115 2341 1168 bestias
2383 1112 2713 1180 pugnavth
2770 1127 2982 1163 cursum
3039 1106 3436 1165 ccusnrnmari,

1872 1209 2027 1260 ﬁdem
2063 1204 2294 1263 servavi.
2354 1211 2604 1271 superest
2637 1200 2766 1254 mihi
2799 1215 2996 1254 corona
3039 1198 3279 1263 iustitiae.
3307 1195 3439 1258 Quae

1872 1300 2092 1358 exsilia,
2122 1313 2259 1366 quos
2288 1297 2388 1349 iste
2411 1311 2656 1349 carceres
2687 1292 2966 1346 nominat?
2997 1294 3161 1346 Pudet
3179 1311 3260 1344 me
3284 1305 3440 1358 πιδειά

1870 1391 2062 1447 tissimi
2102 1388 2363 1444 mendacii
2394 1389 2414 1419 ⁸
2435 1405 2448 1451 ;
2470 1387 2623 1455 quasi
2656 1401 2902 1440 carceres
2934 1396 2986 1437 et
3015 1385 3199 1437 exsilia
3232 1385 3438 1450 absque

1868 1489 2115 1558 judicum
2151 1484 2438 1537 sententiis
2494 1485 2824 1551 irrogentur.
2859 1479 2994 1531 Volo
3051 1488 3229 1530 tamen
3292 1478 3437 1543 ipsos

1870 1583 2013 1637 scire
2044 1594 2314 1644 carceres,
2375 1583 2428 1631 et
2476 1591 2706 1644 quarum
2744 1574 3143 1641 provinciarum
3189 1586 3246 1621 se
3297 1569 3441 1619 dicat.

1872 1673 2062 1730 exsilia
2093 1672 2440 1726 sustinuisse.
2475 1668 2540 1721 Et
2575 1668 2757 1732 utique
2788 1664 2945 1717 habet
2974 1663 3181 1730 copiam
3210 1661 3274 1712 de
3303 1659 3440 1710 mul-

1874 1767 1943 1820 tis
1975 1765 2283 1820 carceribus
2319 1773 2370 1815 et
2395 1761 2619 1814 inﬁnitis
2647 1757 2854 1812 exsiliis
2888 1769 3054 1808 unum
3079 1753 3294 1820 aliquod
3345 1769 3435 1805 uo-

1876 1857 2138 1912 minandi.
2172 1855 2369 1910 Prodat
2398 1855 2554 1907 nobis
2611 1848 2969 1906 cnul‘essionis
3010 1864 3120 1902 sua!
3149 1857 3286 1909 acta,
3317 1863 3439 1913 quze

1874 1952 2159 2017 hucusque
2206 1948 2566 2010 nescirimus;
2623 1955 2676 1995 ιιι
2739 1943 2881 1996 inter
2911 1941 3044 1992 alios
3098 1938 3439 1992 Alexandriae

1876 2052 2140 2111 martyres
2165 2038 2328 2106 hujus
2358 2050 2574 2104 quoque
2613 2042 2759 2100 gesta
2825 2031 3136 2087 recite-mus.
3166 2038 3218 2081 ct
3251 2038 3437 2079 contra

1875 2135 2160 2185 latratores
2181 2142 2311 2183 suos
2331 2124 2734 2195 possitdiccre:
2761 2142 2778 2172 ‹
2803 2123 2876 2174 De
2896 2129 3094 2174 caetero
3118 2133 3276 2171 neum
3301 2117 3432 2168 mihi

1872 2224 2142 2279 molestus
2161 2223 2252 2287 sit,
2288 2236 2388 2290 ego
2414 2220 2553 2272 enim
2575 2217 2822 2284 stigmata
2848 2212 3064 2265 Domini
3097 2209 3268 2263 nostri
3310 2206 3436 2262 Jesu

1870 2319 2072 2375 Christi
2096 2318 2152 2370 in
2188 2329 2418 2377 corpore
2447 2326 2565 2364 meo
2591 2321 2750 2379 porto
2780 2306 2986 2372 (Galat.
3022 2321 3098 2366 Vl.
3128 2305 3234 2372 l7).
3273 2321 3292 2354 ι

1943 2415 1995 2466 4.
2035 2410 2265 2475 ρυωδιῖο
2292 2409 2352 2460 de
2394 2406 2575 2458 animo
2607 2401 2820 2455 Christi.
2853 2429 2922 2439 ——-
2954 2415 2972 2448 ε
3008 2396 3229 2458 Tamen,
3287 2404 3340 2448 et
3386 2393 3430 2448 si

1872 2504 1994 2574 quis
2025 2517 2166 2556 nunc
2193 2509 2275 2554 est
2299 2499 2340 2559 ⁷,
2364 2496 2558 2564 quich
2586 2501 2794 2547 tentare
2821 2491 2976 2544 ﬁdem
3003 2498 3239 2542 nostram
3262 2487 3432 2549 cupit,

1872 2597 1955 2652 vel
2004 2595 2210 2659 audire,
2246 2591 2326 2645 vel
2384 2591 2627 2650 discere,
2664 2585 2801 2639 sciat
2861 2583 3004 2650 quod
3048 2584 3114 2636 de
3175 2580 3441 2634 Trinitatc

1875 2689 2036 2762 593
2074 2687 2144 2740 ita
2195 2684 2492 2742 credimus,
2530 2700 2546 2731 ι
2587 2687 2638 2730 et
2674 2677 2905 2744 reliqua.
2934 2675 3108 2742 Supra
3131 2683 3316 2726 contra
3345 2688 3442 2728 ca»

1876 2799 1970 2836 nes
1999 2790 2118 2833 tuos
2169 2776 2419 2830 baculum
2477 2773 2734 2840 episcopo
2792 2767 3045 2836 porrigis,
3097 2781 3205 2835 quo
3266 2781 3361 2833 pro
3390 2775 3439 2817 te

1874 2872 2115 2926 munitus
2144 2869 2380 2922 incedat.
2426 2858 2588 2918 Nunc
2644 2861 2800 2931 quasi
2861 2859 3141 2926 ambigens
3178 2856 3314 2911 dicis
3342 2873 3354 2908 :
3382 2854 3436 2907 Si

1875 2965 1996 3033 quis
2035 2970 2118 3016 est
2153 2961 2242 3029 qui
2271 2968 2481 3013 tentare
2536 2955 2693 3009 iidem
2728 2963 2965 3007 nostram
3023 2950 3210 3020 cupit;
3266 2950 3440 3002 denuo

1873 3057 2115 3118 dubitas,
2149 3068 2270 3106 cum
2314 3049 2608 3103 multorum
2645 3050 2873 3099 latratus
2900 3048 2966 3098 ad
2996 3052 3049 3098 te
3079 3058 3250 3112 usque
3316 3057 3439 3109 pcr-

188 3128 733 3188 ﬁammistraditum.
756 3144 1011 3182 coronam
1045 3145 1150 3182 non
1189 3131 1345 3183 habet
1375 3131 1768 3198 praemiorum?
1797 3147 1838 3202 α
1873 3148 2143 3206 venerim,
2179 3144 2548 3198 Nondiscuiio
2604 3154 2893 3209 parumper
2923 3137 3259 3192 elocutiones
3293 3143 3436 3199 tuas,

190 3218 395 3273 llarum
434 3230 730 3288 utramque
767 3221 868 3274 iste
892 3222 970 3273 sic
1011 3221 1111 3276 sibi
1169 3222 1427 3287 vindicat,
1480 3231 1537 3275 ut
1582 3232 1762 3276 tamen

186 3320 380 3364 contra
417 3326 477 3364 se
507 3310 709 3364 habeat
734 3312 1018 3367 latratores
1043 3329 1058 3376 ;
1082 3313 1175 3378 qui
1207 3313 1308 3367 nisi
1355 3312 1539 3383 inclyti
1572 3313 1767 3382 ponti-

190 3401 308 3456 ﬁc's
337 3404 358 3434 ³
395 3403 598 3456 baculo
631 3402 966 3471 repellantur
991 3442 1006 3463 ,
1059 3401 1220 3472 492
1271 3403 1468 3456 latrare
1513 3417 1620 3456 non
1652 3417 1768 3457 ces-

187 3506 331 3550 sant.
367 3495 509 3548 Illud
542 3510 672 3548 vero
708 3493 1018 3557 ridiculum,
1051 3493 1195 3562 quod
1234 3502 1351 3560 post
1388 3495 1607 3562 triginta
1664 3510 1766 3548 an-

188 3602 291 3640 nos
327 3585 394 3638 ad
431 3595 690 3654 parentes
715 3599 774 3639 se
805 3600 1079 3638 reversum
1115 3601 1236 3639 esse
1263 3586 1449 3653 iactat,
1483 3586 1646 3640 homo
1675 3586 1764 3655 qui

191 3693 291 3732 nec
317 3688 534 3745 patrem
571 3675 751 3744 habet,
783 3691 882 3731 nec
932 3685 1155 3731 matrem
1183 3694 1197 3740 ;
1228 3685 1283 3730 et
1342 3692 1478 3746 quos
1529 3677 1768 3732 viventes

188 3769 413 3833 juvenis
440 3767 754 3836 dereliquit,
802 3776 1046 3822 mortuos
1100 3783 1262 3822 senex
1317 3767 1627 3824 desiderat:
1665 3767 1768 3821 nisi

190 3860 332 3914 forte
359 3870 620 3928 parentes
655 3859 678 3889 ‘
715 3859 933 3912 militari
962 3859 1282 3927 vulgarique
1324 3874 1576 3913 sermone
1604 3902 1618 3923 ,
1671 3875 1770 3914 co-

188 3963 386 4020 gnatos
439 3962 496 4008 et
530 3952 723 4007 afﬁnes
759 3951 1018 4010 nominat.
1058 3967 1196 4019 quos
1225 3952 1350 4019 quia
1384 3967 1492 4005 non
1524 3953 1641 4006 vult
1679 3954 1774 4007 de-

187 4060 410 4108 serere;
438 4061 509 4099 ne
539 4045 874 4097 inhumanus
927 4051 1144 4110 putetur
1183 4051 1276 4096 aut
1327 4044 1517 4111 durus,
1570 4044 1773 4098 idcirco

190 4136 377 4202 patria
406 4134 698 4200 derelicta,
723 4133 982 4204 Aquileiae
1027 4135 1256 4189 habitat.
1293 4134 1640 4189 Periclitatur
1668 4137 1776 4190 Ro-

186 4242 293 4281 ma
321 4228 412 4279 illa
441 4227 823 4294 probatissima
857 4227 987 4280 ﬁdes
1019 4229 1159 4295 ejus.
1213 4237 1268 4282 et
1299 4228 1383 4280 hic
1439 4231 1668 4299 supinus
1722 4239 1776 4284 et

188 4318 456 4382 lassulae,
475 4327 596 4388 post
622 4318 837 4388 triginta
855 4333 1049 4384 annos,
1067 4333 1162 4386 per
1177 4318 1553 4373 mollissimum
1577 4320 1778 4373 Flami-

194 4413 304 4465 nia
337 4412 464 4474 iter,
510 4409 705 4464 essedo
737 4411 924 4466 venire
979 4427 1084 4464 non
1141 4419 1350 4479 potest;
1408 4412 1597 4480 sicque
1641 4428 1775 4480 prae-

1871 3255 2010 3308 quas
2043 3246 2097 3291 et
2121 3248 2174 3291 tu
2205 3233 2515 3289 contemnis
2542 3238 2596 3285 et
2622 3229 2890 3298 despicis;
2925 3236 3131 3282 tantum
3187 3227 3440 3282 sensibus

1871 3329 2229 3396 respondebo.
2256 3326 2413 3382 Aliud
2446 3340 2473 3378 a
2504 3333 2555 3376 te
2585 3323 2868 3392 quaeritur,
2903 3331 2956 3374 et
2995 3334 3088 3388 pro
3121 3319 3227 3372 alio
3269 3319 3437 3372 satis-

1872 3422 2027 3478 facis.
2086 3419 2288 3475 Contra
2347 3416 2458 3468 Arii
2511 3415 2781 3481 dogmata,
2824 3413 2934 3479 jam
2991 3408 3330 3463 Alexandriae
3387 3408 3438 3460 iu

1869 3508 2185 3561 carceribus
2222 3516 2275 3557 ct
2329 3501 2536 3556 exsiliis
2577 3501 2958 3556 dimicaveras.
2993 3514 3100 3550 non
3146 3512 3294 3559 voce,
3349 3499 3439 3549 sed

1871 3598 2157 3669 sanguine.
2193 3595 2347 3650 Nunc
2368 3609 2533 3663 super
2563 3591 2815 3662 Origenis
2870 3589 3062 3644 Interesi
3095 3589 3192 3642 tibi
3232 3588 3444 3643 calum-

1874 3692 1960 3745 nia
2013 3697 2408 3744 commovetur.
2461 3683 2596 3738 Nolo
2675 3699 2853 3746 cures,
2920 3698 3039 3750 quae
3101 3697 3231 3734 sana
3287 3689 3438 3742 sunt,

1876 3783 2100 3835 vulnera
2128 3779 2422 3834 medicare.
2451 3777 2771 3830 Trinitatem
2803 3775 2940 3828 dicis
2975 3773 3134 3826 unius
3156 3788 3278 3827 esse
3320 3772 3441 3825 Dci-

1875 3875 2029 3927 tatis.
2059 3871 2171 3924 Hoc
2205 3877 2318 3922 toto
2353 3870 2607 3921 credente
2638 3869 2743 3933 iam
2772 3865 2992 3929 mundo,
3051 3874 3181 3931 puto
3209 3865 3353 3933 quod
3387 3873 3441 3916 ct

1875 3968 2148 4020 daemones
2180 3961 2545 4016 conﬁteantur
2579 3960 2778 4013 Filium
2813 3958 2904 4011 Dei
2938 3967 3123 4010 natum
3166 3957 3231 4010 de
3272 3955 3439 4009 Maria

1879 4054 2121 4124 Virgine,
2148 4061 2201 4106 et
2230 4066 2444 4104 carnem
2473 4058 2679 4102 natura:
2716 4051 2984 4108 humanae,
3016 4057 3176 4115 atque
3205 4049 3437 4100 animam

1878 4145 2205 4214 suscepisse.
2238 4142 2295 4197 Si
2335 4143 2538 4195 arctius
2563 4141 2690 4209 quid
2721 4154 3002 4207 rogavero,
3039 4139 3437 4192 coutentiosmu

1879 4240 2120 4294 vocabis.
2147 4237 2202 4291 Si
2241 4229 2377 4290 dicis
2406 4233 2606 4288 Filium
2662 4233 2754 4287 Dei
2799 4234 3048 4286 humanae
3080 4241 3287 4285 natura:
3323 4247 3442 4284 car-

1880 4346 2004 4386 nem
2044 4339 2208 4398 atque
2252 4327 2488 4380 animam
2522 4327 2851 4391 suscepisse,
2883 4337 2980 4376 oro
3029 4333 3094 4384 te,
3126 4331 3183 4375 ut
3242 4322 3442 4386 absque

1882 4420 2169 4475 stomacho
2194 4417 2566 4488 respondeas;
2621 4413 2799 4468 anima
2841 4412 2962 4472 ista,
2999 4427 3160 4476 quam
3201 4413 3439 4479 sitsi-epit

191 4503 375 4558 tendit
428 4501 575 4568 longi
632 4501 839 4555 itineris
899 4502 1288 4562 lassitudinem,
1337 4502 1493 4569 quasi
1542 4503 1761 4564 triginta

1876 4513 2049 4577 Jesus,
2090 4520 2279 4567 eratue
2309 4517 2593 4578 antequam
2643 4513 2959 4559 nasceretur
3016 4520 3079 4556 cx
3119 4503 3329 4556 Maria?
3369 4519 3436 4556 an

189 4595 357 4648 annis
406 4607 626 4657 semper
682 4594 1004 4658 cucurrerit,
1058 4603 1148 4646 aut
1235 4593 1453 4646 biennio
1513 4594 1773 4662 Aquileia:

193 4689 426 4751 sedens,
449 4685 710 4754 praeteriti
745 4685 957 4740 itineris
979 4684 1164 4738 labore
1193 4681 1475 4738 confectus
1505 4684 1595 4739 sit.

329 4844 383 4898 ιιι
418 4853 524 4901 est,
549 4853 768 4896 notante
799 4842 1056 4900 Victorio,
1093 4841 1280 4910 pedem
1327 4840 1490 4894 simul
1535 4844 1772 4898 natantis

193 4913 614 4984 apprehendat.
631 4929 695 4965 ne
725 4914 1126 4984 submergatnr.

266 4987 289 5018 υ
329 4983 500 5034 Vetus
533 4981 662 5034 edit.
687 5024 702 5044 ,
735 4983 1125 5042 probatissimo.

271 5055 294 5085 ³
338 5053 539 5105 Eadem
570 5062 715 5105 vetus
737 5053 892 5117 edit.,
914 5052 1011 5104 nisi
1035 5050 1223 5118 inﬂicti
1251 5049 1544 5119 Pontiﬁcis.
1569 5051 1768 5107 Victor.

192 5122 404 5177 invicti.

269 5194 292 5223 ⁸
323 5193 414 5244 Sic
441 5193 566 5246 alibi
600 5193 844 5261 Ruﬁnus,
896 5194 1103 5261 Histor.
1157 5192 1337 5244 eccles.
1401 5206 1453 5255 ν,
1508 5191 1598 5252 24.
1632 5192 1772 5261 frag-

197 5271 448 5314 mentum
483 5278 545 5316 ex
563 5263 721 5330 epist.
749 5259 1046 5330 Polycratis
1069 5258 1258 5313 Latine
1281 5271 1606 5316 convertens
1639 5258 1772 5328 auf-

195 5333 384 5394 γεγεῖς
419 5346 618 5384 nomen
645 5329 887 5398 parentes
913 5329 1086 5383 reddit
1112 5344 1207 5394 pro
1235 5332 1479 5397 cognatis
1512 5333 1624 5384 sive
1650 5348 1772 5395 pro-

199 5401 448 5467 pinquis.
512 5400 806 5467 Eutropius
834 5414 1053 5468 quoque
1098 5398 1194 5451 lib.
1228 5414 1249 5468 ι
1297 5415 1416 5466 cap.
1448 5401 1503 5463 7,
1544 5401 1767 5454 Brutum

197 5481 477 5538 parentem
537 5468 812 5538 Tarquinii
858 5467 1064 5536 vocat;
1139 5477 1193 5522 et
1224 5467 1530 5523 Jornandes
1576 5488 1628 5524 c.
1666 5471 1767 5524 l7:

200 5538 366 5593 Getas
388 5536 712 5607 Gepidosqite
741 5552 1002 5604 parentes.

205 5681 216 5690 ι
274 5609 393 5746 'ﬁ‘lin
432 5627 535 5665 ms.
563 5609 887 5664 Corbeiensi
922 5625 1084 5678 penes
1124 5611 1186 5666 P.
1211 5607 1612 5673 Constantium,
1655 5628 1771 5679 qua:

205 5697 255 5732 ιιι
367 5695 415 5733 ϐ.

198 5697 255 5732 τη
291 5695 415 5733 MC.

276 5750 294 5780 ⁹
329 5749 577 5804 Ruﬁnum
604 5758 714 5804 tam
747 5749 1087 5818 impudenter
1137 5766 1232 5821 pro
1256 5765 1312 5806 se
1351 5750 1517 5807 fuisse
1572 5755 1768 5807 menti-

1880 4604 1932 4657 in
1957 4603 2162 4670 origine
2196 4598 2468 4667 virginali,
2499 4611 2618 4664 quae
2646 4596 2711 4649 de
2749 4593 2955 4664 Spiritu
3011 4603 3198 4648 sancto
3245 4608 3438 4648 nasce-

1879 4697 2057 4758 batur,
2097 4708 2217 4746 cum
2259 4704 2487 4758 corpore
2545 4687 2706 4743 simul
2749 4698 2929 4741 creata
2981 4694 3080 4753 est,
3140 4686 3346 4755 reljam
3389 4687 3440 4739 in

1877 4862 2019 4914 tum,
2056 4850 2139 4902 vix
2175 4847 2417 4909 credam,
2444 4854 2536 4898 aut
2588 4861 2656 4897 ne
2692 4845 2773 4898 vix
2805 4844 3047 4911 quidem.
3079 4844 3151 4897 Ex
3197 4845 3441 4899 Socratis

1876 4931 2056 4974 autent
2084 4919 2182 4973 lib.
2223 4935 2298 4980 Iv,
2326 4932 2443 4986 cap.
2478 4915 2570 4974 22.
2598 4915 2648 4966 in
2682 4914 3008 4967 Arianorum
3065 4919 3452 4986 persecutione

1877 4994 1990 5043 dira
2027 4992 2177 5043 illum
2221 4983 2532 5055 perpessum
2561 4999 2818 5038 essenon
2865 4987 3099 5038 obscure
3145 4983 3438 5055 colligitur.

1877 5059 2076 5114 Ver-utr.
2137 5053 2267 5110 Acta
2318 5053 2369 5112 et
2415 5056 2656 5122 judicum
2716 5055 3034 5114 sententias,
3085 5053 3283 5120 quibus
3339 5054 3443 5108 sibi

1880 5146 2049 5198 paena:
2079 5129 2333 5198 irrogata:
2381 5135 2528 5198 sunt,
2562 5123 2810 5198 proferre
2843 5124 2974 5189 ipse.
3006 5132 3062 5198 ut
3087 5125 3302 5198 opinor,
3335 5138 3442 5176 non

1879 5192 2167 5266 potuisset,
2194 5192 2332 5264 quod
2356 5196 2553 5266 Δοιιιιιιιι
2581 5195 2632 5244 iu
2666 5195 2765 5266 illa
2799 5193 3203 5266 persecutione
3237 5192 3447 5266 absque

1878 5261 2054 5337 legum
2084 5261 2309 5337 ordine,_
2349 5263 2698 5337 factiosorum
2754 5261 3049 5337 hominum
3091 5261 3318 5315 arbitrio
3345 5263 3441 5337 lie-

1879 5331 2016 5392 re'ut.
2051 5338 2151 5390 Alii
2183 5336 2254 5387 ita
2283 5333 2535 5387 Ruﬁnum
2597 5345 2624 5381 a
2674 5331 2957 5384 mendacio
2997 5332 3243 5395 liberant,
3289 5341 3346 5384 ut
3375 5331 3444 5384 ﬁ-

1876 5409 1996 5462 dem
2029 5422 2188 5474 quam
2223 5405 2337 5472 ipse
2370 5401 2615 5471 exponit,
2673 5401 2958 5469 probatam
2998 5401 3308 5474 carceribus
3336 5409 3444 5474 _at-

1876 5494 1981 5544 que
2011 5470 2256 5539 exsiliis,
2277 5482 2354 5526 tot
2381 5470 2570 5539 nempe
2639 5481 2954 5540 martyrum,
2999 5470 3087 5544 qui
3118 5484 3215 5536 pro
3248 5470 3439 5524 eadem

1877 5541 2024 5600 recta
2057 5547 2159 5598 tide
2189 5544 2589 5607 occubuerunt,
2627 5557 2732 5594 non
2791 5545 2961 5609 ipsam
3004 5541 3203 5594 suimet
3248 5554 3438 5609 perso-

1876 5631 1999 5669 nam
2033 5614 2313 5669 intelligat.

1947 5687 1965 5715 ⁷
1996 5685 2159 5747 Alibi,
2191 5681 2386 5737 Tamen
2416 5690 2465 5736 et
2492 5697 2624 5735 nunc
2647 5681 2694 5733 si
2716 5696 2828 5749 quis
2861 5691 2956 5744 est,
2982 5690 3089 5734 etc.
