4202 6478
749 376 850 438 ΗἹ

742 587 809 639 dc
835 586 974 640 cmlo
1005 587 1029 638 ?
1059 588 1098 641 E
1151 591 1324 644 tribus
1360 608 1526 645 unum
1564 595 1691 663 quid
1751 599 1954 652 sentias
2002 600 2143 655 scire
2176 603 2317 658 desi-

743 678 894 732 dero.
921 678 978 732 Si
1014 679 1115 735 fuit
1147 681 1252 752 (Al.
1287 699 1391 737 non
1426 688 1549 757 fuit)
1578 699 1866 758 antequam
1903 706 2223 750 nasceretur
2250 713 2313 752 ex

741 769 932 836 Maria,
965 776 1200 828 necdum
1255 792 1386 847 ergo
1439 791 1557 834 erat
1611 783 1790 837 anima
1849 781 2000 848 Jesu.
2033 796 2086 840 et
2122 789 2319 858 agebat

743 865 969 934 aliquid.
1002 883 1065 920 ac
1095 879 1316 938 propter
1359 875 1547 928 merita
1613 877 1873 931 virtutum
1937 888 2120 949 postea
2175 881 2317 938 facta

742 966 826 1009 est
859 955 1040 1010 anima
1081 958 1220 1024 eius.
1245 961 1301 1015 Si
1357 964 1500 1032 cepit
1552 982 1614 1019 es
1646 968 1892 1034 traduce,
1949 972 2315 1029 humanarum

744 1049 908 1119 igitur
965 1051 1297 1118 animarum,
1349 1071 1486 1125 quas
1543 1070 1776 1116 aternas
1829 1063 2082 1132 fatemur,
2114 1069 2318 1123 etbrn-

740 1151 918 1196 torum
951 1144 1330 1209 animantium,
1357 1164 1478 1218 quae
1506 1165 1628 1205 cum
1662 1169 1888 1224 corpore
1910 1156 2314 1219 dissolvuntur.

742 1252 849 1290 una
880 1239 1122 1294 conditio
1149 1251 1254 1296 est.
1297 1242 1392 1298 Sin
1416 1255 1597 1300 autem
1629 1247 1856 1314 figurato
1882 1267 2106 1320 corpore
2131 1255 2315 1306 statim

740 1340 958 1384 creatur
989 1340 1042 1385 et
1076 1334 1337 1401 mittitur,
1380 1337 1550 1392 fatere
1583 1339 1926 1409 simpliciter,
1956 1353 2007 1397 et
2037 1358 2136 1398 nos
2163 1359 2318 1399 scru-

741 1423 869 1486 pulo
893 1424 1087 1482 libera.

809 1515 862 1570 ὅ.
900 1517 1043 1571 Nihil
1077 1519 1268 1572 horum
1301 1521 1546 1588 loqueris
1575 1540 1587 1576 :
1623 1523 1716 1576 sed
1751 1535 2052 1593 occupatus
2079 1526 2133 1581 in
2173 1528 2314 1595 aliis,

741 1607 1088 1676 simplicitate
1114 1620 1298 1666 nostra
1328 1615 1590 1676 abuteris,
1615 1621 1668 1669 et
1703 1617 1990 1687 prmstig'is
2017 1633 2319 1687 pompaque

741 1700 1029 1755 verborum
1080 1703 1289 1759 haerere
1343 1722 1443 1760 nos
1477 1723 1583 1762 non
1637 1709 1773 1764 sinis
1807 1711 2112 1777 quaestioni.
2149 1709 2310 1775 Quid,

739 1795 975 1863 inquies,
1010 1796 1192 1852 nonne
1225 1801 1450 1867 qnzestio
1487 1813 1605 1854 erat
1657 1803 1722 1857 de
1755 1803 2158 1857 resurrectione
2189 1817 2312 1856 car-

740 1889 846 1952 nis,
875 1905 928 1943 et
982 1893 1158 1960 poenis
1204 1893 1447 1948 diaboli?
1485 1895 1680 1949 Fateor
1737 1895 1848 1964 (ΑΙ.
1886 1893 2123 1956 Fatere).
2179 1895 2317 1964 Ergo

2427 1908 2739 1967 hwreditate
2773 1918 3058 1984 potientur.
3126 1889 3435 1979 Istiusmodi

739 1982 977 2042 breviter
1008 1999 1251 2056 pureque
1277 1988 1566 2057 responde.
1620 1986 1736 2041 Non
1770 2004 1956 2056 quer
1989 1990 2131 2058 quod
2165 1989 2306 2042 scri-

741 2073 841 2132 bis,
873 2079 1119 2130 eamdem
1155 2094 1374 2139 carnem
1408 2095 1715 2149 resurgere,
1774 2082 1826 2134 in
1883 2097 1989 2149 qua
2049 2081 2308 2146 vivimus,

739 2167 885 2221 nullo
916 2171 1160 2226 membro
1193 2181 1495 2240 amputato,
1533 2189 1631 2227 nec
1660 2174 1842 2242 aliqua
1885 2182 2034 2240 parte
2063 2176 2310 2243 corporis

737 2260 1093 2324 desecta,ha3c
1131 2262 1274 2317 enim
1303 2273 1392 2318 tua
1423 2265 1582 2320 verba
1607 2272 1762 2319 sunt:
1797 2265 1889 2320 sed
1914 2280 2120 2333 quarm,
2165 2266 2307 2335 quod

736 2350 999 2421 Origenes
1035 2363 1216 2424 negat,
1264 2353 1430 2426 494
1455 2363 1634 2408 utrum
1679 2355 1731 2409 in
1763 2355 1952 2410 eodem
1985 2371 2140 2417 sexu,
2199 2371 2308 2426 quo

738 2453 950 2496 mortua
979 2454 1106 2498 sunt
1127 2461 1378 2516 corpora,
1411 2448 1785 2504 suscitentur:
1809 2458 1867 2503 et
1897 2447 2062 2502 Maria
2116 2449 2307 2514 Maria,

735 2533 974 2591 Joannes
999 2538 1504 2607 resurgatJoannes
1528 2556 1545 2594 :
1571 2556 1640 2595 an
1669 2543 1958 2597 commisto
1983 2558 2114 2597 sexu
2146 2553 2310 2610 atque

740 2630 975 2697 turbato,
1013 2646 1111 2687 nec
1141 2633 1244 2697 vir,
1305 2649 1404 2689 nec
1457 2633 1656 2688 femina
1684 2638 1791 2702 sit;
1848 2636 1943 2690 sed
1997 2645 2309 2705 utrumque.

738 2722 821 2776 vel
846 2725 1152 2779 neutrmu?
1188 2725 1255 2780 Et
1285 2741 1355 2780 an
1418 2727 1534 2797 ipsa
1586 2743 1816 2798 corpora
1871 2729 2214 2798 incorrupta,
2258 2739 2312 2784 et

737 2814 1090 2889 immortalia,
1124 2825 1177 2870 et
1217 2828 1271 2872 ut
1296 2827 1490 2885 argute
1541 2835 1868 2887 praemones,
1907 2822 2059 2890 juxta
2083 2825 2314 2890 Aposto-

739 2906 850 2959 lum
906 2907 1210 2976 spiritualia
1267 2925 1624 2980 permaneant
1658 2913 1711 2966 in
1757 2921 2055 2967 aeternum:
2103 2923 2158 2966 et
2206 2929 2311 2967 non

737 2997 915 3051 solum
959 3001 1326 3068 corpora,sed
1363 3017 1490 3056 raro
1526 3011 1582 3055 et
1609 3005 1830 3072 sanguis
1886 3003 2120 3067 infusus,
2163 3005 2314 3059 venis

736 3095 790 3140 et
829 3087 1043 3143 ossibus
1075 3089 1357 3159 irrigatus,
1392 3107 1510 3160 qua
1552 3093 1790 3147 Thomas
1823 3094 2035 3163 tetigit:
2072 3108 2136 3147 an
2169 3104 2314 3148 certe

739 3179 1000 3248 paulatim
1049 3183 1393 3237 resolvantur
1447 3184 1502 3238 in
1551 3185 1781 3240 nihilum
1813 3227 1828 3253 ,
1859 3197 1913 3241 et
1962 3187 2026 3240 ad
2078 3197 2312 3255 quatuor

740 3274 879 3327 unde
915 3286 1202 3345 compacta
1257 3286 1389 3331 sunt
1447 3277 1738 3344 elementa,
1775 3280 2159 3335 retrahuntur?
2186 3280 2307 3336 Hec

740 3374 835 3419 aut
858 3366 1041 3422 dicere
1072 3369 1365 3432 debueras,
1389 3379 1483 3425 aut
1515 3386 1732 3440 negare,
1793 3380 1847 3427 et
1873 3388 1987 3427 non
2044 3389 2105 3426 ea
2135 3373 2305 3442 loqui,

738 3472 862 3525 quae
888 3457 1121 3514 subdole
1153 3459 1415 3529 Origenes
1473 3461 1710 3528 fatetur;
1743 3472 1800 3518 ut
1838 3466 1995 3535 quasi
2042 3466 2208 3521 fatuis
2256 3475 2311 3521 et

737 3550 922 3618 pueris
959 3551 1214 3616 illudens,
1263 3573 1282 3604 s
1338 3554 1488 3608 nullo
1536 3556 1781 3612 membro
1847 3567 2148 3627 amputato,
2211 3577 2311 3615 nec

739 3641 917 3711 aliqua
967 3644 1212 3714 corporis
1254 3656 1410 3713 parte
1459 3647 1738 3702 desecta.»
1814 3647 2036 3703 Scilicet
2099 3651 2202 3705 hoc
2251 3653 2314 3705 ti-

742 3736 1004 3800 muimus,
1038 3751 1106 3795 ne
1151 3739 1267 3793 sine
1298 3754 1431 3793 naso
1470 3750 1524 3793 et
1580 3741 1808 3796 auribus
1833 3757 2208 3809 surgeremus,
2261 3749 2315 3795 et

738 3831 1035 3899 amputatis
1091 3834 1366 3901 sectisque
1413 3832 1762 3901 genitalibus,
1822 3834 2197 3888 cunuchorum
2257 3833 2314 3887 in

738 3921 945 3975 ccclein
976 3919 1275 3975 Jerusalem
1311 3921 1506 3974 civitas
1536 3921 1887 3975 conderetur.

809 4008 864 4062 6.
895 4007 1067 4062 Porro
1099 4010 1165 4063 de
1215 4009 1431 4062 diabolo
1488 4011 1566 4064 sic
1632 4011 1956 4064 sententiain
2016 4018 2312 4079 temperat:

745 4121 764 4154 ε
798 4101 1032 4156 Dicimus
1065 4116 1284 4170 quoque
1323 4113 1373 4153 et
1400 4101 1662 4170 judicium
1692 4101 1956 4166 futurum,
1989 4104 2041 4156 in
2094 4117 2202 4170 quo
2228 4101 2320 4169 ju-

738 4195 884 4250 dicio
906 4194 1285 4262 unusquisque
1323 4194 1546 4261 recipiet
1573 4195 1791 4261 propria
1842 4207 2111 4259 corporis,
2159 4202 2320 4261 prout

739 4287 929 4357 gessit,
961 4285 1074 4339 sive
1110 4285 1271 4350 bona,
1305 4284 1418 4339 sive
1451 4285 1610 4337 mala.
1646 4283 1798 4350 Quod
1828 4283 1874 4338 si
1931 4284 2183 4338 homines
2238 4301 2320 4338 rc-

740 4377 953 4446 cepturi
994 4387 1120 4430 sunt
1164 4391 1259 4446 pro
1295 4377 1554 4444 operibus
1590 4377 1725 4439 suis,
1780 4387 1982 4445 quanto
2039 4380 2212 4445 magis
2267 4385 2319 4430 et

740 4470 1011 4534 diabolus,
1052 4469 1142 4537 qui
1175 4469 1427 4521 omnibus
1467 4469 1680 4521 exsistit
1711 4470 1724 4498 ¹
1758 4483 1922 4522 causa
1957 4472 2160 4537 peccati
2194 4471 2205 4522 l
2247 4470 2320 4524 De

1939 398 1999 459 S.
2039 397 2355 459 EUSEBll
2393 401 2835 467 HIERONYMI

746 499 902 544 utero
937 507 1165 559 corpore
1198 496 1445 564 ﬁgurato,
1486 501 1676 554 statim
1710 502 1848 558 facta
1894 516 1946 560 et
2012 510 2176 564 missa
2236 520 2317 564 est
2344 513 2730 588 Ajudicium;
2776 523 2830 577 in
2872 539 2981 593 quo
3016 526 3253 597 judicio,

3291 550 3309 583 ι
3340 540 3396 586 et
3425 539 3648 588 cetera.
3674 531 3852 600 Super
3881 549 4017 589 ver-

2424 607 2618 663 borum
2651 613 2797 667 vitiis
2823 624 3007 674 tacere
3045 621 3395 679 decreveram
3423 643 3437 690 ;
3474 625 3572 680 sed
3597 627 3726 696 quia
3751 626 4020 694 discipuli

2422 699 2542 768 ejus
2577 702 2847 758 mirantur
2876 708 3245 778 eloquentiam
3276 719 3643 786 praeceptoris,
3675 734 3850 788 pauca
3893 734 4022 786 pcr-

2427 792 2714 859 stringam.
2779 796 3000 853 Dixerat
3040 801 3307 870 judicium
3358 808 3656 878 futurum;
3709 814 3804 867 sed
3847 811 4021 865 homo

2423 896 2618 939 cautus
2646 889 2828 942 timuit
2847 892 3024 946 solum
3048 891 3254 960 dicere,
3280 899 3336 953 in
3359 917 3483 967 quo,
3512 912 3566 956 et
3590 902 3793 970 posuit,
3826 905 3882 956 in
3911 919 4020 972 quo

2413 976 2621 1044 judicio
2645 1000 2663 1043 ;
2697 997 2762 1036 ne
2791 984 2833 1037 si
2858 1001 2963 1040 non
2987 989 3228 1043 secundo
3255 996 3543 1056 repetisset
3562 996 3854 1066 judicium,
3887 1013 4014 1061 nos.

2423 1069 2576 1157 obliti
2613 1074 2984 1141 superiorum.
3027 1095 3127 1148 pro
3172 1079 3381 1148 judicio
3413 1088 3624 1140 asinum
3660 1099 4009 1157 putaremus.

2421 1156 2555 1212 Illud
2585 1177 2801 1232 quoque
2827 1167 2972 1234 quod
3004 1182 3194 1239 postea
3246 1174 3431 1242 infert,
3465 1196 3484 1229 ι
3523 1179 3611 1246 qui
3644 1156 4014 1235 criminantur

2425 1251 2648 1319 fratres,
2680 1274 2802 1314 cum
2839 1259 2957 1328 ipso
2994 1264 3200 1330 pariter
3253 1269 3440 1323 merui
3496 1270 3637 1338 ignis
3689 1269 4014 1327 lmreditate

2424 1350 2716 1418 potientur,
2758 1375 2776 1407 ο
2836 1359 3080 1428 ejusdem
3148 1376 3242 1421 est
3296 1371 3622 1429 venustatis.
3663 1370 3803 1438 Quis
3859 1372 4006 1426 enim

2424 1458 2663 1508 unquam
2714 1450 2925 1506 audivit
2985 1458 3146 1524 potiri
3191 1459 3418 1528 ignibus,
3461 1472 3511 1514 et
3532 1463 3640 1518 frui
3671 1466 3957 1532 suppliciis
3985 1467 4010 1519 2

2426 1537 2530 1591 Sed
2562 1541 2724 1595 homo
2750 1543 2971 1604 Graecus
3026 1552 3243 1609 videtur
3272 1557 3402 1610 mihi
3437 1556 3599 1629 595
3644 1560 3886 1626 seipsnm
3920 1561 4008 1614 in-

2425 1635 2708 1698 terpretari
2742 1637 2997 1705 voluisse,
3030 1651 3084 1697 et
3115 1660 3213 1713 pro
3236 1662 3303 1702 eo
3333 1653 3482 1718 quod
3511 1653 3653 1721 apud
3675 1667 3773 1708 eos
3803 1653 4010 1708 dicitur

2422 1722 2955 1798 κληρονομήσουσιν,
2981 1743 3035 1787 et
3078 1737 3220 1805 apud
3250 1755 3353 1796 nos
3378 1758 3486 1796 uno
3542 1746 3706 1799 verbo
3750 1747 3863 1800 dici
3919 1763 4013 1815 po-

2425 1826 2528 1871 test
2585 1820 2995 1889 hwreditabunt,
3021 1831 3376 1895 compositius
3409 1842 3464 1887 et
3497 1837 3744 1891 ornatius
3769 1823 4006 1903 dixisse,

3500 1929 3656 1998 nugis
3716 1938 3772 1983 et
3806 1945 4011 2001 acyro-

2415 1999 2569 2068 logiis
2597 2004 2776 2059 omnis
2814 2005 2934 2076 ejus
2957 2017 3134 2064 scatet
3159 2014 3368 2069 oratio.
3393 2015 3499 2071 Sed
3549 1999 3894 2073 revertamur
3941 2021 4010 2074 ad

2410 2105 2652 2149 sensuln.

2484 2183 2534 2235 7.
2578 2182 2738 2238 Ridet
2771 2187 2954 2257 Ruﬁni
3002 2195 3182 2248 verba.
3248 2195 3396 2268 Ignis
3430 2212 3656 2258 reterns
3691 2205 3856 2275 juxta
3887 2203 4013 2261 Ori-

2409 2278 2936 2342 genem.—Grandi
3000 2285 3248 2345 diabolus
3303 2291 3493 2348 lancea
3551 2298 3876 2366 percutitur,
3913 2299 4010 2366 qui

2407 2368 2663 2425 onmibns
2688 2374 2905 2429 exsistit
2934 2392 3101 2432 causa
3130 2384 3365 2451 peccati,
3399 2385 3446 2441 si
3475 2402 3572 2456 pro
3603 2390 3862 2456 operibus
3893 2391 4011 2449 suis

2409 2457 2568 2524 quasi
2611 2459 2797 2525 homo,
2832 2465 3143 2524 redditurus
3194 2481 3279 2526 est
3325 2475 3616 2542 rationem,
3646 2487 3700 2531 et
3749 2495 3876 2531 cum
3910 2495 4012 2532 an-

2411 2547 2548 2615 gelis
2599 2550 2717 2604 suis
2773 2557 2963 2609 aeterni
3015 2559 3157 2628 ignis
3204 2561 3524 2620 haereditate
3574 2569 3831 2636 potietur.
3890 2569 4008 2624 Hoc

2411 2639 2555 2692 enim
2590 2643 2796 2710 deerat,
2835 2653 2895 2698 ut
2925 2647 3240 2706 hominibus
3271 2663 3542 2711 tormento
3591 2660 3850 2728 subditis,
3915 2661 4010 2715 ille

2413 2733 2677 2800 potiretur
2707 2734 2729 2764 δ
2763 2736 2978 2804 ignibus
3032 2744 3254 2799 aternis
3287 2786 3301 2811 ,
3353 2763 3493 2816 quos
3547 2759 3700 2806 tanto
3751 2760 4007 2822 tetupore

2413 2822 2835 2884 desideraverat.
2877 2829 2944 2883 Et
2975 2831 3175 2889 videris
3203 2837 3376 2892 mihi“
3405 2841 3734 2896 calumniam
3793 2844 3850 2898 in
3900 2845 4027 2900 boe‘

2415 2914 2534 2968 loco
2566 2919 2742 2973 facere
2771 2920 2988 2976 diabolo
3015 2962 3030 2985 .
3093 2935 3146 2980 et
3179 2928 3587 2986 criminatorem
3617 2935 3864 2990 omnium
3898 2935 4005 2990 fal-

2418 3007 2496 3062 sis
2524 3010 2847 3068 criminibus
2871 3028 3155 3074 accusare.
3189 3019 3339 3077 Dicis
3364 3022 3538 3091 enim,
3563 3043 3594 3075 ι-
3618 3027 3712 3095 qui
3743 3030 4010 3083 omnibus

2417 3102 2633 3156 exsistit
2654 3120 2814 3159 causa
2839 3110 3040 3174 peccati
3067 3125 3083 3175 ;
3117 3128 3137 3161 ι
3176 3119 3229 3164 et
3252 3111 3380 3166 dum
3423 3113 3477 3167 in
3515 3115 3666 3169 illum
3695 3117 3870 3173 refers
3899 3120 4010 3173 crio

2341 3235 2384 3287 ϐ
2421 3193 2589 3259 mina,
2631 3197 2878 3252 homines
2928 3199 3085 3267 culpa
3122 3201 3346 3268 liberas,
3372 3205 3624 3275 tollisque
3675 3209 3895 3263 arbitrii
3941 3211 4010 3265 li-

2413 3283 2701 3354 bertatem,
2733 3288 3017 3345 Salvatore
3049 3292 3287 3360 dicente,
3333 3297 3477 3365 quod
3523 3317 3542 3350 s
3600 3299 3668 3353 de
3690 3303 3862 3357 corde
3902 3317 4007 3357 no-

2414 3388 2532 3432 stro
2549 3393 2756 3436 exeunt
2773 3384 3141 3452 cogitationes
3159 3391 3338 3452 male,
3357 3391 3677 3456 homicidia,
3697 3394 4008 3461 adulteria,

2418 3470 2838 3539 fornicationes,
2874 3476 3038 3538 furta.
3081 3478 3217 3533 falsa
3247 3483 3586 3546 testimonia,
3639 3484 4001 3554 blasphemiae

2417 3563 2632 3636 (Matth.
2673 3583 2760 3629 xv,
2823 3569 2931 3636 19).
2970 3588 2988 3620 ι
3021 3571 3087 3624 Et
3136 3587 3353 3628 rursum
3413 3575 3482 3629 de
3512 3574 3650 3629 Juda
3702 3577 3758 3631 in
3817 3577 4009 3632 Evan-

2418 3658 2555 3725 gelio
2594 3658 2819 3727 legimus
2852 3677 2866 3713 :
2903 3679 2922 3711 ι
2966 3662 3095 3716 Post
3147 3664 3446 3720 buccellam
3493 3667 3713 3721 intravit
3747 3669 3804 3723 in
3861 3686 3993 3724 eum

2421 3748 2648 3801 Satanas
2676 3748 2857 3815 (Joan.
2880 3759 2996 3816 xiu,
3020 3752 3111 3824 27)
3138 3770 3154 3808 :
3187 3773 3206 3806 ι
3234 3756 3328 3822 qui
3356 3767 3482 3811 ante
3511 3758 3807 3813 bucoellam
3838 3777 4011 3830 spon-

2427 3851 2475 3892 te
2519 3851 2861 3907 peccaverat,
2903 3854 2956 3895 et
2999 3860 3099 3899 nec
3144 3846 3478 3911 humilitate,
3537 3865 3637 3903 nec
3697 3852 4011 3906 clementia

2424 3931 2723 3984 Salvatoris
2755 3933 2926 3987 ﬂexus
2955 3945 3037 3989 est
3060 3937 3127 3989 ad
3163 3941 3563 4005 penitentiam.
3597 3939 3749 3996 Unde
3767 3946 4011 4006 Aposto-

2423 4023 2508 4077 lus
2542 4041 2555 4077 :
2593 4043 2610 4074 ι
2650 4023 2800 4089 Quos
2845 4027 3068 4088 tradidi.
3106 4028 3303 4097 inquit.
3357 4030 3599 4095 Satanae,
3641 4041 3702 4086 ut
3787 4036 4010 4088 discant

2426 4132 2528 4169 non
2567 4117 2943 4184 blasphemare
2971 4118 3025 4179 (Ι
3074 4118 3210 4174 Tim.
3242 4137 3279 4184 ι,
3310 4121 3424 4190 20).
3457 4141 3474 4173 ι
3511 4122 3578 4177 Et
3617 4125 3669 4177 in
3695 4125 3808 4178 alio
3844 4127 4010 4181 loco:

2431 4227 2448 4258 ι
2490 4207 2712 4261 Tradidi
2748 4209 3065 4276 hujusmodi
3099 4211 3320 4267 Satane
3362 4214 3416 4266 in
3470 4215 3755 4269 interitum
3795 4219 4009 4277 carnis,

2425 4306 2482 4350 ut
2513 4299 2738 4368 spiritus
2756 4303 2939 4356 salvus
2991 4303 3083 4356 tiat
3112 4303 3162 4370 (Ι
3195 4303 3320 4358 Cur.
3354 4319 3410 4370 v,
3440 4305 3521 4370 5).
3555 4324 3575 4358 s
3615 4304 3867 4361 Tradidit
3912 4325 4013 4364 eos

2426 4390 2662 4456 Satanae,
2705 4397 2860 4462 quasi
2897 4397 3087 4450 tortori
3117 4396 3184 4450 ad
3212 4398 3681 4468 puniendum,qui
3707 4413 4011 4470 antequam

2425 4485 2810 4552 traderentur,
2864 4489 3142 4541 voluntate
3183 4491 3400 4559 propria
3468 4490 4008 4560 blasphemaverant.

741 4578 851 4631 quo
882 4563 1011 4617 illud
1048 4561 1315 4616 sentimus
1345 4561 1488 4627 quod
1517 4561 1784 4628 scriptum
1819 4571 1902 4616 est
1942 4563 1995 4615 in
2027 4561 2315 4629 Evangelio
2347 4579 2390 4632 ι)
2425 4577 2484 4628 Et
2520 4576 2687 4630 θεμιίά
2721 4592 2735 4628 ε
2774 4597 2792 4628 ι
2846 4579 2927 4630 Al,
2963 4580 3217 4642 οοουιιίε,
3248 4580 3449 4651 inquii,
3479 4581 3618 4636 meis
3646 4583 3853 4635 munda
3895 4600 4008 4647 ωε,

742 4653 960 4725 (Matth.
992 4655 1117 4720 xxv)
1147 4671 1160 4708 :
1195 4652 1316 4720 quia
1349 4664 1402 4706 et
1433 4652 1550 4721 ipse
1577 4653 1848 4718 diabolus,
1882 4663 1935 4708 et
1978 4669 2168 4708 mnnes
2209 4669 2320 4706 -an-

744 4747 846 4815 geli
887 4745 1030 4815 ejus,
1062 4761 1183 4798 cum
1221 4745 1304 4800 bis
1337 4745 1427 4812 qui
1480 4760 1642 4813 opera
1700 4745 1816 4814 ejus
1862 4745 2090 4810 faciunt,
2117 4746 2167 4798 id
2215 4756 2318 4808 est,

745 4844 836 4911 qui
871 4841 1231 4896 criminantur
1264 4839 1458 4893 fratres
1488 4844 1507 4872 ²
1528 4880 1542 4902 ,
1589 4856 1712 4893 curn
1744 4841 1859 4909 ipso
1891 4842 2094 4910 pariter
2123 4840 2314 4893 aeterni

747 4939 892 5008 ignis
922 4933 1235 4991 hereditate
1275 4935 1570 5003 potientur.
1609 4935 1813 5003 Siquis
1845 4949 1972 5002 ergo
2010 4942 2173 5000 negat
2205 4936 2320 4988 dia-

749 5028 1185 5084 bolutn‘aaternis
1229 5026 1442 5093 ignibus
1498 5027 1800 5094 mancipari
1834 5028 1879 5091 ⁸,
1949 5039 2158 5095 partem
2199 5041 2322 5081 cum

751 5123 871 5189 ipso
897 5121 1081 5175 mterni
1108 5119 1244 5189 ignis
1267 5120 1519 5187 accipiat,
1559 5131 1614 5174 ut
1647 5123 1846 5175 sentiat
1877 5122 2023 5190 quod
2070 5122 2311 5190 negavit.

753 5215 1082 5282 Repetamus
1135 5214 1365 5282 singula.
1420 5232 1437 5264 ι
1474 5214 1734 5277 Dicimus,
1806 5213 2008 5282 inqu‘t,
2079 5213 2322 5268 futurum

824 5423 842 5454 ¹
878 5423 931 5474 ln
959 5421 1191 5487 vulgatis
1221 5427 1531 5473 constanter
1554 5420 1761 5472 obtinet
1790 5420 1989 5472 exstitit
2024 5419 2110 5471 hic
2165 5429 2328 5486 atque

753 5493 1118 5553 infrazsecus
1178 5506 1350 5559 mss.,
1413 5500 1552 5544 teste
1611 5490 1671 5546 Ρ.
1728 5490 2072 5554 Coustautio,
2135 5505 2328 5559 nempe

752 5564 954 5616 existit.

827 5635 846 5665 ³
883 5631 1254 5686 Cnisliuiattus
1285 5632 1502 5700 quidam
1551 5647 1650 5684 Ius.
1680 5668 1694 5690 ,

755 5704 885 5771 legit
918 5719 933 5766 ;
961 5704 1088 5756 illud
1113 5702 1454 5757 retinendum
1508 5703 1676 5770 liquet
1730 5717 1793 5754 ex

755 5790 902 5830 sura.

829 5845 850 5875 ³
881 5844 1020 5901 Alibi
1054 5843 1463 5910 mancipandam
1493 5842 1709 5912 legitur.

1747 5639 1923 5697 patres
1983 5645 2079 5695 pro
2133 5630 2326 5696 fratres

1854 5697 2164 5769 Hieronymi
2205 5717 2329 5757 ceu-

2425 4667 2670 4731 Domine,
2691 4681 2739 4721 et
2783 4671 2849 4723 ab
2877 4671 3068 4725 alienis
3100 4687 3262 4737 parce
3324 4687 3488 4727 servo
3519 4679 3613 4727 tuo
3654 4672 4013 4740 (Psal.xvm,

2424 4762 2514 4829 15)
2540 4778 2587 4824 ς»
2620 4761 2853 4814 breviter
2874 4772 2927 4814 et
2947 4777 3060 4815 suae
3085 4762 3382 4818 voluntatis
3399 4778 3664 4827 errorem,
3682 4775 3737 4819 et
3753 4763 4011 4818 vitiorum

2426 4853 2696 4905 incentiva
2725 4852 3064 4921 significans.
3084 4852 3142 4906 In
3168 4852 3498 4908 Ecclesiaste
3513 4870 3730 4925 quoque
3757 4855 4011 4922 legimus:

2433 4963 2451 4995 ‹
2481 4943 2536 4998 Si
2580 4945 2808 5012 spiritus
2843 4955 3168 5014 potestatem
3208 4946 3463 5002 habentis
3496 4946 3816 5002 ascenderit
3846 4965 4015 5019 super

2425 5052 2521 5090 cor
2561 5046 2740 5100 tuum,
2813 5038 2989 5090 locum
3047 5047 3200 5092 tuum
3265 5053 3332 5094 ne
3362 5038 3664 5104 _dimiscris
3714 5038 3925 5108 (Eafa.
3960 5058 4012 5106 ι,

2426 5127 2535 5187 4).»
2571 5127 2646 5180 Es
2677 5143 2783 5194 quo
2836 5129 3040 5196 liquido
3066 5140 3324 5196 apparet,
3358 5145 3401 5182 si
3435 5127 3752 5183 dederimus
3803 5144 4003 5184 ascen-

2425 5217 2571 5270 denti
2593 5219 2791 5280 locum,
2815 5233 2912 5270 nos
2940 5234 3198 5287 peccasse
3228 5218 3322 5288 qui
3350 5217 3690 5282 dederimus,
3720 5225 3776 5271 et
3811 5233 4010 5272 ascen-

2502 5421 2522 5451 ⁸
2561 5419 2729 5474 Vetus
2754 5419 2885 5474 edit.
2919 5434 3042 5473 cum
3077 5417 3310 5489 negandi
3362 5417 3589 5486 partic.,
3643 5417 3733 5471 ius
3761 5434 3874 5473 ιοιι
3915 5435 4013 5488 po-

2431 5504 2641 5545 tiretur.
3577 5541 3579 5543 .

2505 5564 2526 5593 ⁸
2561 5563 2697 5614 Sunt
2722 5559 2866 5613 docti
2912 5559 3034 5623 viri,
3064 5559 3155 5626 qui
3182 5560 3249 5611 ab
3309 5556 3621 5624 bujusmodi
3669 5557 3900 5614 sinistra
3936 5561 4018 5613 inc

2436 5631 2821 5698 terpretatione
2884 5629 3139 5683 Rufinum
3200 5628 3515 5698 vindicant._
3557 5627 3764 5698 Revera
3834 5643 4014 5696 neque

2436 5696 2610 5778 illum,
2642 5699 2906 5778 cui.alter_
2942 5713 3108 5752 causa
3169 5697 3236 5752 ad
3272 5696 3615 5778 peccandum
3644 5696 3789 5778 fuit"
3815 5713 4016 5778 sugge-

2435 5771 2625 5832 rendo,
2665 5770 2823 5836 culpa
2852 5769 3169 5829 liberamus.
3193 5769 3320 5836 quia
3355 5781 3533 5838 neque
3581 5766 3793 5822 arbitrii
3843 5769 4014 5825 liber-

2436 5851 2596 5896 tatem
2628 5840 2952 5908 obsequenti
2983 5837 3295 5894 adimimus.
