4202 6464
189 409 290 473 449

1333 407 1638 470 CONTRA
1671 407 2031 468 RUFiNUM
2059 408 2209 468 LIB.
2258 405 2336 467 ΙΙ.

3339 401 3443 471 450

187 530 406 578 dentem
437 535 632 578 muros
659 521 872 578 hostem
905 534 1012 575 non
1056 517 1388 590 praecipitem
1417 520 1754 574 deturbave-
1801 526 1840 582 Α
1874 535 1958 574 ma
1993 521 2328 590 qumstiones
2379 518 2543 590 497
2575 531 2699 573 esse
2747 525 3047 574 commotas
3077 536 3090 572 :
3125 517 3193 573 de
3234 534 3336 588 qua
3385 535 3444 576 re

186 617 380 670 rimus.
414 615 572 681 Quod
605 623 786 669 autem
809 612 1132 683 imprecaris
1162 611 1450 676 fratribus,
1479 611 1646 684 5.96
1666 613 1768 664 hoc

185 718 288 772 est,
316 709 779 763 criminatoribus
814 709 948 770 tuis,
981 718 1218 760 aeternos
1262 706 1417 776 ignes
1477 721 1602 760 cum
1654 705 1769 758 dia-

187 800 332 863 bolo,
363 816 477 854 non
516 810 629 854 tam
663 800 860 855 fratres
884 800 1014 853 mihi
1057 800 1259 852 videris
1286 813 1560 867 premere,
1603 811 1766 864 quam

186 892 467 946 diabolum
498 892 810 956 sublevare,
842 906 966 946 cum
1003 892 1018 921 ¹
1055 891 1246 945 iisdem
1283 889 1487 958 quibus
1519 888 1769 942 homines

185 979 490 1036 Christiani
558 981 781 1053 ignibus
854 981 1163 1050 puniendus
1217 979 1309 1034 sit.
1366 977 1522 1048 Ignes
1585 987 1766 1033 autem

185 1089 446 1136 aeternos,
474 1089 619 1144 quos
640 1074 943 1143 intelligere
975 1075 1112 1128 solet
1137 1071 1422 1142 Origenes,
1460 1083 1592 1144 puto
1621 1071 1770 1140 quod

189 1179 238 1223 te
275 1182 391 1222 non
428 1167 627 1236 fugiat,
651 1165 1045 1222 conscientiam
1101 1165 1360 1221 videlicet
1387 1175 1768 1236 peccatorum,

189 1269 242 1311 et
275 1258 686 1329 pinguitudinem
718 1259 932 1314 interna
961 1257 1146 1313 cordis
1181 1266 1451 1312 urentem.
1482 1256 1555 1310 De
1585 1273 1690 1326 qua
1719 1266 1773 1311 et

197 1351 376 1407 iss-ias
405 1352 698 1421 loquitur:
736 1350 984 1406 «Vermis
1015 1365 1202 1405 eorum
1237 1365 1348 1403 non
1393 1351 1676 1411 morietur,
1715 1357 1770 1403 et

193 1445 334 1513 ignis
362 1459 567 1498 eorum
595 1457 703 1498 non
735 1443 1114 1512 exstinguetur
1145 1443 1280 1510 (lsa.
1315 1457 1461 1506 uin,
1493 1441 1607 1509 9-4).
1648 1459 1666 1492 ι
1705 1441 1772 1494 Et

190 1536 256 1590 ad
306 1535 654 1606 Babylonem
707 1538 975 1606 scripturn
1025 1545 1110 1590 est
1142 1538 1200 1588 ἐ
1244 1554 1261 1585 ι
1295 1533 1474 1588 Habes
1505 1533 1772 1587 carbones

191 1624 334 1693 ἱειίε
399 1661 418 1686 ,
453 1623 679 1678 sedebis
710 1639 875 1693 super
925 1637 1021 1679 eos
1051 1641 1065 1678 :
1101 1624 1152 1677 hi
1187 1633 1348 1678 erunt
1382 1624 1478 1678 tibi
1518 1623 1572 1676 in
1619 1622 1772 1690 adju-

192 1716 332 1771 torio
354 1713 496 1786 (ιω.
535 1733 707 1782 xuii,
747 1717 849 1778 η,
895 1733 998 1771 sec.
1031 1715 1226 1786 LXX).
1273 1736 1293 1769 s
1354 1716 1421 1771 Et
1451 1717 1503 1769 in
1556 1715 1772 1768 Psalmo

189 1809 471 1878 penitens
503 1809 662 1863 audit
692 1826 710 1863 :
741 1827 761 1860 ε
794 1807 936 1876 Quid
975 1809 1136 1864 detur
1185 1809 1305 1874 tibi,
1354 1815 1449 1862 aut
1498 1809 1630 1877 quid
1669 1823 1762 1875 ap-

190 1912 433 1968 ponatur
464 1901 566 1955 tibi
598 1901 668 1957 ad
716 1902 956 1972 linguam
998 1900 1293 1956 dolosam?
1329 1902 1554 1971 Sagitta:
1586 1912 1771 1970 poten-

190 1997 260 2051 tis
318 2003 526 2061 acutte,
612 2011 737 2050 cum
793 1993 1125 2050 carbonibus
1179 1994 1523 2049 desolatorils
1600 1993 1770 2060 (Psal.

188 2105 334 2153 cus,
363 2090 423 2155 3,
459 2091 518 2157 ι)
548 2105 563 2156 ;
593 2107 614 2141 ι
647 2097 707 2142 ut
739 2089 978 2158 linguam
1019 2088 1290 2152 dolosam,
1325 2087 1534 2157 sagitta:
1579 2101 1772 2155 praece-

189 2190 414 2250 ptorum
443 2182 544 2236 Dei
579 2181 672 2251 (de
701 2182 905 2250 quibus
938 2181 990 2234 in
1018 2181 1124 2235 alio
1176 2182 1294 2235 loco
1347 2179 1610 2249 PrOpbeta
1643 2179 1772 2233 dicit

191 2273 369 2339 (Paul.
429 2288 585 2338 xxxi,
630 2275 722 2343 4):
758 2293 777 2326 ι
807 2273 1069 2331 Versatus
1117 2288 1235 2328 sum
1267 2274 1320 2326 iu
1371 2273 1611 2336 miseria,
1643 2273 1769 2326 dum

188 2368 492 2437 conﬁgitur
545 2369 679 2423 mihi
750 2369 907 2439 spina
947 2386 966 2419 ι
998 2367 1326 2438 )vulnerent
1379 2375 1539 2435 atque
1585 2364 1774 2419 confo—

188 2458 367 2525 diant,
423 2469 483 2514 et
538 2468 888 2528 peccatorum
935 2459 988 2514 in
1039 2474 1102 2515 ea
1153 2458 1499 2513 solitudinem
1543 2457 1768 2511 faciant.

191 2549 332 2606 illud
361 2567 591 2622 quoque
635 2551 1010 2606 testimonium
1065 2550 1120 2605 in
1155 2566 1266 2621 quo
1305 2551 1566 2604 Dominus
1596 2549 1772 2616 loqui-

194 2652 282 2698 tur
348 2659 364 2700 :
428 2662 447 2693 ι
501 2642 693 2713 Ignem
747 2642 872 2698 veni
937 2643 1155 2698 mittere
1217 2657 1381 2711 super
1437 2652 1662 2702 terram,
1719 2649 1772 2694 et

190 2751 353 2806 quam
388 2737 522 2790 solo
545 2744 603 2789 ut
631 2735 821 2790 ardeat
854 2736 874 2767 ³
904 2734 1060 2806 (Luc.
1101 2751 1198 2802 ιιι,
1258 2735 1370 2805 49).
1421 2753 1438 2786 ι
1475 2733 1554 2788 sic
1605 2734 1770 2788 inter-

191 2841 492 2898 pretatur:
531 2848 551 2879 ι
599 2831 806 2885 Omnes
856 2829 1018 2899 cupio
1071 2842 1232 2895 agere
1279 2827 1680 2897 preuitentiam,
1717 2836 1770 2880 et

189 2937 509 2994 excoquere
540 2921 748 2991 Spiritu
784 2930 973 2976 sancto
1001 2919 1130 2974 vitia
1164 2930 1327 2990 atque
1385 2931 1630 2988 peccata.
1655 2919 1772 2988 Ipse

188 3018 335 3069 enim
374 3030 500 3068 sum
545 3015 614 3068 de
645 3029 755 3084 quo
777 3013 1038 3068 scribitur
1083 3027 1099 3064 :
1136 3030 1154 3063 ‹
1191 3013 1329 3066 Deus
1387 3012 1524 3080 ignis
1571 3027 1771 3066 consu-

189 3121 348 3160 nens
381 3116 474 3161 est
510 3105 694 3176 (Deut.
732 3121 806 3172 iv,
853 3104 970 3175 25).
1014 3125 1034 3158 ι
1093 3102 1207 3159 Non
1257 3117 1390 3172 ergo
1447 3103 1653 3172 grande
1690 3113 1772 3158 est

1875 623 2058 669 utrum
2119 613 2286 683 recipi
2347 615 2542 668 debeat
2597 612 2938 683 querimonia
2988 627 3056 665 an
3110 610 3298 681 abjici,
3343 625 3440 664 vos

1873 708 2122 776 probate.
2162 704 2218 758 Si
2250 713 2428 758 autem
2465 715 2519 758 et
2553 706 2618 757 de
2655 718 2741 758 me
2792 703 2920 771 quid
2977 703 3205 756 sentiam
3241 701 3438 770 quaeri-

1875 810 1980 864 tur,
2018 798 2196 852 fateor
2229 814 2311 850 me
2353 797 2419 848 de
2447 797 2546 849 hac
2580 796 2883 864 qumsuione
2931 794 3073 863 apud
3106 793 3444 862 quampluri-

1875 907 1993 945 mos
2027 900 2386 943 trartatoruni
2448 889 2662 941 diversa
2713 889 2931 957 legisse.
2994 884 3120 953 Legi
3175 885 3437 954 quosdam

1874 981 2137 1044 dicentes,
2183 981 2323 1050 quod
2381 981 2584 1050 pariter
2621 995 2740 1033 cum
2790 994 3017 1051 corpore
3067 992 3163 1047 per
3217 977 3438 1031 humani

1875 1072 2105 1128 seminis
2125 1072 2145 1103 ⁸
2172 1072 2450 1127 traducem
2486 1074 2650 1126 etiam
2687 1072 2881 1127 anima:
2912 1072 3286 1128 diflundautur
3344 1088 3359 1123 :
3388 1078 3442 1124 et

1877 1168 1991 1222 ba'c
2045 1166 2245 1236 quibus
2281 1176 2531 1236 poterant
2587 1166 2988 1220 assertionibus
3021 1165 3437 1220 confirmabant.

1875 1262 2028 1327 Quod
2061 1272 2190 1331 puto
2224 1261 2366 1316 inter
2427 1259 2653 1314 Latinos
2711 1259 3112 1314 Tcrtullianum
3174 1261 3440 1324 sensisse,

1875 1358 1956 1410 vel
1993 1356 2360 1417 Lactantium,
2399 1355 2654 1410 fortassis
2685 1365 2738 1410 et
2799 1355 3097 1408 nonnullos
3155 1354 3440 1410 alios.Alii

1876 1458 2151 1512 asserunt,
2184 1454 2351 1516 quod,
2390 1450 2638 1502 formatis
2660 1448 2713 1501 in
2741 1456 2895 1500 utero
2931 1447 3270 1515 corporibus,
3304 1448 3444 1500 Deus

1875 1542 2114 1611 quotidie
2148 1541 2304 1594 faciat
2338 1542 2550 1594 animas
2580 1549 2633 1594 et
2669 1542 2942 1595 infundat.
2975 1541 3081 1593 Alii
3109 1539 3253 1608 quod
3289 1540 3309 1569 ⁸
3368 1540 3448 1591 fa-

1877 1643 1998 1687 ctas
2026 1633 2138 1701 jam
2163 1633 2316 1694 olim,
2344 1632 2394 1685 id
2428 1642 2536 1695 est,
2566 1643 2696 1685 tunc
2726 1647 2849 1684 cum
2870 1633 3050 1686 omnia
3070 1633 3274 1686 creavit
3308 1630 3447 1684 Deus

1877 1747 1940 1783 ex
1973 1730 2163 1792 nihilo,
2193 1744 2336 1782 nunc
2367 1743 2462 1782 eas
2493 1727 2706 1796 judicio
2741 1741 2842 1780 suo
2893 1727 3043 1780 nasci
3078 1726 3356 1795 dispenset
3385 1725 3438 1777 in

1877 1839 2121 1894 corpore.
2174 1815 2284 1877 floc
2348 1822 2514 1876 sentit
2569 1830 2619 1874 et
2655 1820 2918 1888 Origenes
2951 1828 3004 1872 et
3044 1817 3287 1871 nonnulli
3349 1815 3442 1868 alii

1879 1914 2216 1970 Grzerorum.
2236 1915 2349 1982 Ego
2373 1930 2500 1968 vero
2525 1929 2646 1967 cum
2666 1914 2777 1967 Ιιπιο
2805 1914 3016 1980 singula
3055 1910 3273 1982 legerim
3307 1909 3442 1977 (Deo

1881 2014 2020 2059 teste
2046 2007 2190 2070 dico)
2224 2011 2350 2073 quia
2386 2020 2558 2072 usque
2591 2004 2656 2057 ad
2693 2019 2930 2071 prarsens
2981 2006 3114 2057 certi
3147 2014 3198 2056 et
3233 2001 3441 2056 (lt-finiti

1879 2098 2085 2166 aliquid
2101 2098 2168 2149 de
2193 2097 2292 2150 hac
2316 2097 2616 2165 qumtione
2645 2113 2750 2150 non
2780 2107 2964 2159 teneo;
3003 2097 3094 2149 sed
3131 2095 3238 2150 Deo
3274 2094 3442 2148 relin-

1878 2204 1988 2257 quo
2017 2188 2158 2242 srire
2187 2188 2316 2257 quid
2351 2188 2422 2242 sit
2455 2188 2506 2240 in
2543 2203 2669 2242 vero
2700 2190 2742 2252 ‘,
2773 2198 2820 2242 et
2852 2189 2896 2242 si
2927 2188 3013 2241 cui
3047 2190 3158 2252 ipse
3197 2187 3443 2242 revelare

1877 2279 2210 2348 dignabitur.
2249 2279 2360 2348 Ego
2407 2289 2584 2332 tamen
2629 2279 2743 2331 haec
2799 2279 3012 2347 singula
3040 2288 3093 2333 et
3125 2279 3322 2348 legisse
3356 2293 3444 2332 me

1882 2386 1989 2424 non
2052 2387 2207 2442 nego,
2238 2383 2292 2427 et
2350 2372 2530 2425 adhuc
2587 2372 2838 2440 ignorare
2886 2370 3152 2422 confiteor
3199 2380 3444 2439 :praeter

1883 2465 1983 2516 hoc
2015 2464 2157 2531 quod
2186 2463 2472 2519 manifeste
2508 2465 2708 2517 tradit'
2747 2463 3004 2526 Ecclesia,
3037 2463 3205 2517 Deum
3242 2478 3361 2518 esse
3390 2472 3448 2518 et

1881 2557 2186 2609 animarum
2223 2566 2276 2610 et
2311 2571 2599 2624 corporum
2629 2557 2988 2608 conditorem.
3032 2577 3049 2608 ι

1949 2649 2005 2702 9.
2038 2650 2342 2714 Antequam
2369 2649 2437 2702 de
2461 2649 2714 2703 sensibus
2758 2649 3050 2716 disputem,
3083 2649 3444 2721 Theophrasti

1877 2742 2042 2796 verba
2085 2741 2326 2794 mirabor
2362 2757 2375 2796 :
2415 2759 2432 2791 ε
2475 2740 2672 2806 Audio,
2703 2741 2901 2809 inquit,
2937 2741 3004 2796 de
3065 2743 3245 2798 anima
3293 2760 3444 2815 qua:-

1877 2833 2084 2887 stiones
2135 2842 2441 2886 commotas
2476 2848 2599 2887 esse
2634 2850 2647 2884 :
2681 2835 2747 2886 de
2778 2849 2882 2902 qua
2914 2850 2971 2889 re
3025 2846 3208 2890 utrum
3269 2838 3440 2905 recipi

1880 2921 2074 2975 debeat
2099 2923 2466 2992 querimonia,
2510 2933 2603 2976 aut
2649 2923 2834 2991 abjici,
2888 2941 2982 2980 vos
3036 2931 3282 2996 probate.
3315 2949 3334 2982 s
3384 2929 3443 2984 Si

1879 3013 2210 3080 quaestiones
2231 3013 2296 3066 de
2329 3014 2524 3068 animae
2547 3023 2689 3067 statu
2719 3015 2771 3067 in
2807 3013 2950 3069 Urbe
2980 3028 3258 3072 commota:
3289 3029 3442 3084 sunt,

1879 3119 2000 3174 qua:
2029 3116 2112 3158 est
2142 3106 2244 3159 ista
2280 3107 2620 3174 querimonia
2665 3109 2746 3162 vel
2805 3111 3048 3178 querela,
3081 3128 3198 3178 quae
3249 3123 3433 3168 utrum

190 3199 294 3254 hoc
323 3199 394 3254 de
426 3198 654 3253 diabolo
701 3197 904 3261 dicere,
933 3197 1080 3267 quod
1112 3206 1168 3252 et
1193 3195 1506 3250 hominibus
1558 3211 1768 3265 praepa-
1797 3218 1841 3274 ο
1881 3195 2049 3265 recipi
2075 3195 2288 3262 debeat,
2311 3199 2690 3268 episcoporum
2715 3200 2923 3270 judicio
2953 3205 3310 3272 relinquitur?
3335 3207 3440 3262 uisi

189 3302 370 3345 ratum
404 3299 516 3346 est.
543 3289 715 3361 Magis
739 3290 1006 3343 debueras
1035 3289 1116 3358 (ut
1146 3288 1518 3358 suspicionem
1575 3287 1768 3342 salutis

188 3383 484 3438 diabolica
539 3382 871 3450 declinares)
907 3381 1090 3437 dicere
1151 3397 1225 3438 ιι
1288 3381 1526 3436 Perditio
1585 3381 1764 3437 factus

187 3491 282 3539 es;
338 3486 396 3529 et
433 3488 547 3529 non
589 3476 701 3528 eris
755 3474 808 3528 iu
855 3482 1116 3528 aeternum
1155 3473 1394 3542 (Eucti.
1443 3489 1632 3537 xxvui,
1667 3489 1770 3527 sec.

203 3568 373 3638 LXX)
403 3587 458 3630 ς»
488 3577 547 3624 et
575 3584 639 3623 ex
681 3582 910 3637 persona
941 3567 1152 3621 Domini
1186 3567 1458 3636 loquentis
1488 3568 1553 3622 ad
1581 3565 1683 3622 Job
1706 3567 1772 3622 de

188 3661 413 3716 diabolo
448 3679 463 3717 :
500 3679 520 3712 ε
562 3661 703 3716 Ecce
758 3676 882 3730 spes
909 3662 1024 3728 ejus
1061 3660 1407 3716 frustrabitur
1437 3676 1581 3723 eum,
1612 3671 1666 3715 ct
1695 3663 1777 3714 vi-

188 3757 454 3808 dentibus
471 3753 687 3808 cunctis
704 3753 1130 3823 praecipitabltur
1155 3751 1210 3822 (1
1215 3754 1276 3807 ob
1296 3769 1392 3816 xc,
1415 3752 1528 3821 28).
1549 3782 1623 3796 —
1653 3751 1768 3805 Non

186 3844 346 3913 quasi
379 3843 630 3898 crudelis
659 3844 938 3898 suscitabo
966 3857 1117 3900 eum.
1147 3843 1281 3908 Quis
1329 3843 1472 3897 enim
1517 3845 1770 3898 resistere

189 3945 372 4004 potest
415 3935 586 3990 vultui
625 3934 946 4001 meo?Qois
975 3945 1101 3988 ante
1149 3934 1300 3989 dedit
1346 3934 1476 3988 mihi
1535 3942 1594 3986 ut
1647 3933 1768 3986 red-

186 4026 316 4080 dam
358 4028 411 4081 ei
429 4026 454 4078 ?
481 4025 676 4081 Omnia
703 4041 824 4096 quae
851 4026 952 4080 sub
980 4026 1121 4082 cmlo
1147 4036 1298 4091 sunt,
1324 4041 1440 4078 mea
1471 4035 1621 4079 sunt.
1645 4022 1761 4076 Non

189 4134 421 4188 parcam
454 4118 530 4181 ei,
562 4127 615 4172 et
649 4118 832 4172 verbis
880 4119 1214 4187 potentibus,
1262 4125 1316 4172 et
1354 4117 1418 4170 ad
1447 4119 1765 4184 'deprecan-

188 4212 323 4265 dum
386 4211 718 4279 compositis
777 4209 900 4278 (Job
948 4226 1058 4273 xu,
1088 4209 1111 4264 l
1146 4209 1307 4279 seqq).
1346 4227 1364 4260 ι
1401 4209 1598 4264 Verum
1657 4210 1771 4262 hac

190 4312 430 4372 possunt
490 4301 649 4371 quasi
682 4301 946 4371 simplicis
970 4301 1204 4356 hominis
1229 4301 1482 4356 excusari
1515 4317 1529 4367 ;
1564 4310 1616 4354 et
1644 4317 1766 4355 cum

188 4390 447 4442 eruditos
477 4403 585 4443 non
615 4389 1037 4460 subterfugiaut,
1067 4389 1210 4460 apud
1246 4390 1495 4444 indoctos
1517 4390 1768 4459 praeferre

190 4479 530 4532 innocentia:
555 4479 981 4534 similitudinem.

1875 3287 2013 3342 forte
2046 3290 2398 3357 quaestionem
2435 3299 2488 3345 et
2521 3295 2916 3361 querimoniam
2950 3296 3179 3366 idipsnm
3232 3300 3442 3370 signiti-

1873 3394 1996 3434 care
2023 3388 2172 3448 putat
2201 3396 2216 3437 :
2243 3383 2370 3451 quia
2401 3381 2642 3452 iit-Capri
2675 3385 3095 3442 Commentariis
3125 3388 3435 3456 hujusmodi

1876 3469 2098 3541 figuram
2161 3473 2384 3542 reperit.
2453 3473 2658 3527 Deinde
2719 3477 2892 3543 ponit,
2935 3494 2953 3526 ι
2996 3475 3120 3543 Legi
3176 3477 3436 3546 quosdam

1873 3562 2143 3627 dicentes,
2178 3565 2322 3632 quod
2388 3565 2593 3633 pariter
2650 3580 2770 3618 cum
2818 3581 3048 3635 corpore
3087 3584 3180 3636 per
3213 3570 3435 3624 humani

1871 3656 2097 3710 seminis
2152 3656 2430 3710 traducem
2491 3658 2655 3710 etiam
2719 3657 2915 3712 animae
2957 3659 3351 3726 diti‘undantur,
3383 3672 3438 3716 et

1875 3745 1988 3798 haec
2017 3745 2221 3814 quibus
2256 3755 2508 3814 poterant
2535 3747 2931 3802 assertionibus
2967 3751 3384 3804 confirmabant.
3412 3769 3431 3801 ι

1873 3839 2022 3908 Rogo
2041 3855 2160 3904 qua:
2177 3849 2262 3893 est
2282 3841 2381 3893 iata
2402 3839 2618 3894 licentia
2641 3841 2745 3910 ligu
2756 3856 2932 3893 rarum
2951 3840 2974 3892 ?
3004 3857 3122 3909 quae
3148 3842 3434 3894 modorqu

1870 3938 1924 3983 et
1953 3941 2254 3999 temporum
2285 3931 2662 3998 perturbatio?
2695 3950 2712 3982 ι
2749 3932 2872 4001 Legi
2932 3934 3196 3996 dicentes,
3230 3933 3431 4003 quibus

1870 4031 2118 4089 poterant
2150 4022 2547 4075 assertionibus
2582 4025 2995 4076 confirmabant.
3032 4043 3050 4075 ι
3107 4023 3169 4077 Et
3195 4025 3248 4076 in
3298 4039 3432 4078 cou-

1871 4113 2257 4180 sequentibus:
2278 4129 2295 4163 t
2323 4112 2425 4167 Alii
2446 4123 2719 4178 asserunt,
2741 4115 2908 4180 quod,
2932 4114 3176 4168 formatis
3195 4115 3360 4185 498
3381 4118 3431 4170 in

1872 4216 2025 4259 utero
2044 4207 2380 4272 corporibus,
2405 4205 2544 4259 Deus
2563 4207 2803 4273 quotidie
2825 4206 2981 4258 fac-iat
3009 4219 3173 4258 novas
3199 4208 3430 4270 animas,

1871 4307 1926 4352 et
1957 4298 2228 4352 infundat.
2251 4299 2378 4362 Alii,
2405 4297 2578 4352 factas
2611 4297 2722 4366 jam
2753 4298 2906 4361 olim,
2927 4299 2976 4349 id
3010 4307 3109 4359 est,
3146 4307 3270 4350 tunc
3309 4313 3430 4349 cum

1871 4392 2054 4444 omnia
2105 4391 2248 4444 Deus
2307 4390 2513 4444 creavit
2541 4404 2608 4442 ex
2668 4389 2862 4453 nihilo,
2907 4403 3052 4441 nunc
3101 4403 3194 4441 eas
3218 4389 3431 4457 judicio

1869 4497 1970 4537 suo
2002 4482 2150 4536 nasci
2179 4481 2459 4548 dispenset
2487 4486 2540 4534 tn
2573 4495 2820 4549 corpore.
2861 4497 2880 4531 ι
2921 4480 2984 4532 Et
3015 4480 3102 4533 hic
3127 4480 3262 4534 ordo
3315 4481 3432 4548 pul-

261 4572 320 4627 8.
352 4571 514 4638 Quod
567 4573 809 4640 sequitur
832 4573 900 4626 de
947 4572 1248 4625 animarum
1309 4579 1476 4632 statu,
1511 4572 1764 4624 excusari
1801 4561 1842 4614 θ
1873 4577 2198 4628 cherrimus.
2231 4573 2357 4639 Alii,
2397 4574 2595 4641 inquit.
2647 4582 2900 4627 asserunt
2957 4573 3058 4625 hoc
3116 4574 3194 4626 vel
3252 4573 3430 4627 illud:

189 4666 422 4718 omnino
454 4680 564 4717 non
598 4671 798 4733 potest.
825 4663 1124 4717 Dieiteuim
1161 4683 1176 4718 :
1210 4680 1227 4713 ι
1254 4663 1425 4716 Audio
1463 4673 1511 4716 et
1555 4664 1623 4716 de
1652 4664 1764 4715 ani-

266 4801 285 4830 ¹
311 4797 531 4853 Nodum
585 4798 637 4851 in
669 4798 851 4863 scirpo
883 4807 1156 4867 quarunt,
1193 4797 1285 4867 qui
1341 4797 1454 4851 haec
1497 4798 1566 4850 ita
1607 4799 1765 4852 intel-

191 4870 398 4940 ligunt,
423 4878 484 4921 ut
511 4870 768 4940 senserit
803 4868 1190 4940 Hieronymus,
1231 4868 1560 4940 Christianis
1589 4867 1762 4921 homi-

190 4938 382 5001 nibus,
432 4938 524 5006 qui
589 4939 678 4990 Dei
730 4941 981 4990 mandata
1035 4938 1374 5003 violaverim,
1409 4951 1600 5004 poenas
1651 4953 1758 4990 nou

191 5011 414 5064 futuras
475 5009 857 5076 sempiternas,
924 5023 1082 5061 secus
1129 5019 1292 5076 atque
1354 5009 1649 5059 intideliuin
1705 5017 1762 5060 et

190 5081 404 5134 diaboli
438 5095 456 5146 ;
485 5090 647 5146 atque
693 5077 830 5132 adeo
859 5092 925 5130 eo
977 5093 1141 5132 sensu
1170 5080 1371 5136 dicere,
1417 5077 1692 5130 sublevari
1729 5093 1758 5130 a

193 5149 399 5201 ltutino
427 5151 722 5211 diabolum,
750 5159 806 5201 et
825 5148 1166 5202 Christianos
1199 5147 1392 5214 premi,
1429 5161 1548 5214 cuiu
1590 5162 1756 5199 unum

191 5220 455 5285 idemque
481 5218 806 5286 supplicium
829 5219 1073 5286 utrisque
1096 5213 1449 5286 imprecatur.
1467 5213 1598 5266 Nam
1623 5216 1756 5268 nihil

189 5291 260 5342 de
292 5285 911 5356 pmnarom’zternitate
951 5285 1038 5339 hic
1091 5285 1456 5354 Hieronymus
1493 5288 1752 5356 loquitur,

189 5355 457 5426 sedqnas
485 5359 758 5410 damnatis
798 5358 1054 5410 omnibus
1074 5367 1307 5411 aeternas
1331 5369 1436 5408 non
1473 5355 1753 5418 diflitetur,

190 5425 418 5482 diabolo
443 5437 621 5481 tamen
656 5426 966 5479 acerbiores
992 5441 1114 5480 esse
1142 5427 1329 5486 sentit,
1356 5439 1594 5491 eumque
1619 5425 1753 5476 sub-

191 5499 388 5561 levari,
434 5498 478 5550 si
513 5499 578 5550 iis
612 5497 919 5561 addicatur,
966 5496 1168 5564 quibus
1203 5496 1420 5549 scelesti
1454 5493 1750 5546 Christiani

190 5571 451 5620 homines
487 5569 889 5620 excruciantur.

268 5641 289 5669 ⁸
325 5638 503 5689 Aliter
537 5651 698 5703 penes
733 5636 1018 5704 Vulgatum
1063 5638 1446 5701 interpretem:
1491 5632 1608 5685 Non
1629 5643 1750 5685 sunt

187 5722 381 5775 princ
427 5708 613 5773 quibus
656 5705 924 5772 caleﬁant,
957 5723 1047 5760 nec
1103 5707 1270 5774 focus,
1313 5713 1367 5754 ut
1419 5707 1634 5756 sedeant
1679 5705 1749 5755 ad

187 5791 332 5830 ει..
361 5775 451 5831 Sic
491 5777 634 5844 facta
673 5786 797 5829 sunt
827 5778 922 5830 tibi
962 5778 1015 5828 in
1049 5777 1441 5846 quibusrnnque
1477 5773 1749 5826 laborave-

191 5861 303 5900 ras.

1873 4667 1963 4720 alii
1994 4665 2164 4718 factas
2191 4665 2302 4734 jam
2332 4665 2482 4729 olim,
2525 4665 2576 4716 id
2614 4673 2717 4727 εει,
2751 4673 2882 4718 tunc
2913 4678 3036 4716 cum
3071 4664 3252 4716 omnia
3285 4665 3429 4718 Deus

1939 4801 1958 4831 ⁸
1995 4800 2156 4852 Vetus
2214 4799 2369 4862 edit.,
2425 4811 2471 4853 et
2516 4816 2664 4868 quem
2720 4800 2834 4852 volo
2889 4816 3092 4868 semper
3133 4810 3186 4851 ut
3217 4802 3423 4866 arduam,

1865 4881 1970 4926 etc.
1999 4869 2233 4922 Cousnle
2278 4869 2522 4922 Graecum
2559 4879 2782 4922 textum.

1934 4941 1955 4972 δ
1994 4939 2195 5009 Vitiose
2225 4950 2342 4992 erat
2380 4948 2537 4992 antea
2583 4943 2819 5007 corporis
2869 4954 2964 5008 pro
3003 4941 3238 5003 seminis,
3279 4940 3424 5009 quod

1863 5025 1926 5064 ex
1970 5009 2026 5062 S.
2062 5007 2310 5062 Doctor-is
2362 5011 2681 5073 repetitione
2740 5007 3024 5077 legendum
3062 5010 3227 5078 liquet
3262 5007 3422 5077 {tum

1861 5078 2080 5148 quidam
2111 5094 2240 5131 mss.
2270 5079 2463 5132 habent
2495 5082 2674 5131 anima
2702 5080 3041 5147 infundatur.

1934 5153 1954 5182 ⁸
1988 5146 2183 5200 Vocula
2207 5151 2344 5214 quod
2377 5151 2430 5200 in
2485 5165 2616 5202 mss.
2653 5146 2768 5201 non
2801 5150 2983 5202 haberi
3034 5150 3266 5214 dicitur;
3301 5168 3428 5202 cen-

1863 5236 1984 5274 sura
2043 5221 2178 5284 ipsa,
2226 5233 2330 5285 qua
2390 5219 2630 5284 pbrasim
2691 5219 2855 5285 hujus
2909 5220 3010 5272 loci
3064 5219 3424 5285 Ilieiouyiuus

1862 5289 2135 5357 suggillat,
2159 5289 2333 5339 innuit
2358 5288 2595 5340 additam
2619 5304 2722 5340 non
2759 5291 2926 5342 fuisse
2955 5305 2981 5339 a
3018 5288 3229 5340 ltutino.
3255 5288 3422 5341 Paulo

1862 5368 1980 5426 post
2012 5359 2232 5410 verbum
2270 5359 2415 5409 nasci
2450 5361 2499 5410 in
2531 5360 2803 5426 Apologia:
2836 5359 3170 5411 editionihus
3201 5370 3253 5410 et
3282 5375 3413 5412 mss.

1857 5429 2233 5491 desideratur;
2273 5429 2367 5480 sed
2410 5443 2530 5481 Cum
2571 5430 2709 5480 iulia
2737 5429 2796 5482 S.
2827 5428 3021 5481 Doctor
3062 5428 3219 5480 tertio
3260 5443 3417 5497 repe-

1859 5499 1941 5560 tit,
1984 5502 2192 5564 probat.

1926 5571 1946 5600 ⁶
1975 5567 2340 5646 Martiautnus,
2368 5568 2494 5636 quid
2523 5569 2588 5621 sit
2641 5569 2693 5620 in
2730 5578 2895 5631 utero,
2931 5567 3162 5620 fortasse
3188 5568 3419 5632 impres-

1857 5653 2041 5690 SOHIIII
2086 5653 2320 5688 IllClH'llt.

1931 5709 1946 5736 ⁷
1983 5707 2124 5760 Alibi
2168 5708 2410 5771 tradidit,
2459 5707 2653 5761 deinde
2703 5716 2988 5760 creatorem
3039 5722 3136 5775 pro
3180 5706 3418 5760 condito-

1856 5795 1907 5830 Τι’
1914 5795 1958 5830 m
1969 5819 1977 5830 .
