4202 6486
782 389 884 452 451

1939 373 2001 432 S.
2035 371 2349 431 EUSEBll
2397 371 2839 430 ﬂlEllONYMl

3921 370 4022 435 1.52

779 500 979 556 creavit
1014 512 1076 551 cx
1136 493 1319 550 nihilo,
1353 505 1495 544 nunc
1529 505 1619 544 eas
1668 488 1872 558 judicio
1906 500 2006 538 suo
2042 486 2191 538 nasci
2230 485 2344 536 dis-
2375 509 2414 560 λ
2463 484 2572 550 ejus
2607 486 2719 551 quis
2752 484 3028 536 euorrabit
3060 482 3193 553 (lea.
3220 485 3406 554 Ltu,8)
3431 486 3454 537 ?
3478 486 3732 538 audacter
3758 485 4017 552 loquitur.

778 600 968 663 penset
1023 591 1074 643 in
1140 600 1394 656 corpore.
1425 583 1556 637 Tam
1582 581 1767 653 putide
1800 589 1854 633 et
1902 577 2130 632 confuse
2165 576 2345 645 loqui-

783 694 890 744 tur,
920 693 973 736 ut
1024 681 1144 749 plus
1175 694 1274 748 ego
1304 677 1356 730 in
1401 672 1852 746 reprehendendo
1889 671 2155 731 laborem,
2183 682 2346 737 quam

779 777 870 830 ille
921 776 975 828 in
1026 772 1336 828 scribendo.
1386 771 1467 823 Ad
1519 779 1820 824 extremum
1880 765 2114 833 posuit:
2183 781 2200 811 ι
2238 761 2347 829 Ego

779 885 909 923 vero
957 881 1078 922 cum
1121 867 1238 920 haec
1295 863 1505 932 singula
1565 860 1807 929 legerim,
1846 876 1865 909 ι
1905 868 1959 911 et
2009 855 2185 909 adhuc
2217 868 2350 920 pen.

779 963 945 1016 dente
972 960 1268 1034 sententia,
1301 958 1456 1026 quasi
1501 969 1703 1008 novum
1745 951 1950 1020 aliquid
2001 947 2346 1018 protulisset,

782 1056 980 1124 adjecit
1015 1073 1028 1108 :
1063 1073 1081 1104 ι
1122 1053 1236 1118 Ego
1269 1062 1448 1103 tamen
1505 1047 1621 1101 han
1686 1046 1898 1113 singula
1932 1054 1986 1096 et
2021 1041 2214 1110 legisse
2263 1056 2349 1094 nte

781 1162 892 1202 non
925 1161 1083 1215 nego.
1117 1153 1169 1197 et
1201 1144 1380 1196 adhuc
1414 1143 1665 1210 ignorare
1700 1138 1982 1192 contiteor.
2023 1151 2042 1185 ι

855 1241 941 1294 10.
1019 1238 1302 1292 Trinitatis
1359 1237 1669 1307 mysterium
1725 1235 2024 1302 ignoratum
2096 1228 2347 1298 antiquis.

779 1365 850 1378 -—
882 1332 928 1389 Ο
969 1333 1216 1387 infelices
1253 1333 1504 1397 lanimas,
1546 1343 1666 1396 qua:
1716 1325 1886 1379 tantis
1938 1325 2198 1377 vitiorum
2238 1322 2351 1374 lan-

781 1425 891 1479 ceis
947 1425 1337 1478 vulnerantur!
1377 1438 1480 1474 non
1543 1436 1634 1473 eas
1693 1429 1826 1484 puto
1876 1418 2033 1486 juxta
2094 1413 2350 1480 Origenis

788 1533 1030 1572 errorem
1072 1526 1276 1568 tantum
1312 1514 1612 1574 laborasse,
1645 1527 1766 1564 cum
1805 1510 1870 1563 de
1906 1510 2043 1562 etelo
2071 1507 2121 1558 in
2173 1513 2351 1558 terras

785 1618 1028 1672 ruerent,
1059 1619 1114 1661 et
1146 1607 1348 1660 crassis
1383 1604 1704 1672 corporibus
1731 1603 2080 1663 vestirentur,
2115 1606 2172 1648 ut
2207 1612 2352 1649 nunc

781 1707 836 1751 et
866 1697 1045 1752 verbis
1074 1706 1130 1750 ct
1167 1695 1451 1748 sententiis
1484 1692 1612 1744 hinc
1644 1688 1769 1744 inde
1801 1689 2026 1742 collisas
2054 1705 2067 1748 ;
2108 1697 2161 1737 ut
2211 1701 2352 1752 prie-

782 1789 1078 1842 termittam
1114 1786 1465 1853 xaxépiparov
1491 1783 1533 1840 ¹.
1565 1797 1673 1852 quo
1724 1781 1790 1834 de
1843 1764 2063 1833 humani
2125 1775 2352 1830 seminis

2451 589 2504 630 et
2551 582 2870 648 mysterium
2925 579 3180 633 omnibus
3228 589 3372 633 retro
3428 582 3644 634 saeculis
3707 578 4018 646 ignoratum

2452 672 2692 724 scientiae
2723 686 2834 725 sua:
2871 671 3114 725 vindicat
3141 689 3155 725 :
3192 680 3245 727 ct
3271 674 3369 725 hoc
3393 668 3566 726 selum
3609 673 3850 742 ignorat,
3879 673 4020 739 quod

2453 763 2756 832 ignoratum
2787 765 3004 818 cunctis
3036 765 3352 819 scandalum
3391 763 3542 820 facit.
3575 763 3701 818 Scit
3743 764 4022 834 quomodo

2452 856 2617 909 Dcnm
2654 855 2817 927 Virgo
2869 857 3178 926 generarit;
3209 867 3263 912 et
3291 859 3465 913 nescit
3499 858 3777 924 quomodo
3812 860 3929 926 ipse
3954 859 4024 910 sit

2451 962 2637 1004 natus.
2669 952 2991 1005 Animarum
3025 963 3080 1006 et
3119 965 3408 1020 corporum
3447 954 3788 1006 conditorem
3828 953 4025 1005 fatetur

2451 1042 2763 1108 Dominum,
2797 1041 2914 1097 sive
2967 1045 3163 1098 animre
3200 1054 3325 1098 ante
3370 1060 3600 1112 corpora
3651 1045 3877 1109 iuerint,
3912 1045 4024 1096 sire

2451 1148 2574 1188 cum
2613 1149 2901 1203 corporum
2956 1148 3250 1192 nascantur
3298 1138 3560 1215 exitrdiis,
3595 1140 3710 1191 sive
3757 1139 3873 1207 jam
3915 1137 4022 1189 for-

2454 1227 2612 1280 matis
2638 1233 2690 1281 iu
2723 1240 2874 1281 utero
2908 1229 3600 1301 ﬁguratisquecorporibus
3630 1231 4018 1284 immittantur.

2453 1320 2510 1373 lo
2543 1323 2800 1376 omnibus
2847 1325 3098 1379 novimus
3133 1334 3408 1379 auctorem
3477 1325 3786 1379 Dominum.
3822 1322 3931 1376 Nec
3962 1323 4026 1375 de

2454 1415 2556 1467 hoc
2590 1430 2734 1468 nunc
2765 1416 2996 1484 quasstio
3015 1425 3118 1478 est,
3152 1425 3333 1469 utrum
3369 1416 3512 1471 Deus
3564 1433 3632 1470 an
3664 1417 3800 1469 alius
3831 1431 3926 1470 eas
3954 1416 4028 1467 fe-

2453 1507 2586 1559 cerit
2617 1522 2633 1570 ;
2665 1507 2760 1560 sed
2796 1521 2826 1559 e
2861 1509 3036 1562 tribus
3087 1525 3228 1577 quas
3282 1509 3488 1577 pnsuit,
3553 1523 3672 1577 qua:
3702 1509 3774 1561 sit
3808 1510 4024 1560 illarum

2457 1600 2724 1652 sententia
2793 1614 2941 1660 vera,
2991 1601 3200 1655 nescire
3238 1618 3295 1655 se
3346 1601 3500 1654 dicit.
3531 1599 3668 1654 Vide
3711 1614 3777 1653 ne
3838 1598 4024 1654 statim

2457 1691 2554 1744 tibi
2590 1693 2905 1759 ohjiciatur,
2949 1693 3154 1746 idcirco
3180 1703 3231 1748 te
3261 1697 3421 1748 trium
3462 1695 3822 1763 ignorantiam
3857 1694 4026 1745 conti-

2458 1785 2580 1845 teri,
2617 1800 2684 1837 ne
2720 1800 2884 1838 unum
2921 1785 3183 1842 damnare
3211 1790 3462 1858 cogaris;
3497 1799 3549 1843 et
3579 1785 3929 1840 Tertulliano
3973 1795 4028 1838 et

783 1881 1004 1935 traduce
1042 1877 1270 1932 diffundi
1320 1875 1516 1928 animae
1541 1875 1822 1929 dicuntur.
1865 1869 1991 1923 Scio
2022 1871 2168 1922 inter
2194 1867 2349 1920 Ghri-
2387 1876 2425 1929 Β
2458 1875 2741 1928 ιααεΜίο
2773 1877 2896 1931 ideo
2928 1892 3181 1946 parcere,
3218 1895 3284 1932 ne
3313 1878 3597 1950 Origene,“
3627 1894 3752 1932 cum
3786 1879 3900 1932 illis
3929 1877 4023 1944 in-

783 1975 990 2028 stianos
1010 1971 1301 2024 verborum
1327 1969 1456 2022 vitia
1497 1981 1602 2020 non
1644 1966 1818 2018 solere
1853 1960 2216 2030 reprehendi;
2253 1958 2349 2011 sed

781 2080 847 2120 ex
880 2065 1068 2134 paucis
1100 2063 1387 2122 ostendere
1419 2058 1586 2122 volui,
1613 2060 1774 2123 cujus
1805 2054 2130 2109 temeritatis
2159 2053 2230 2106 sit
2257 2052 2352 2104 do-

782 2173 909 2213 cere
964 2159 1109 2225 quod
1168 2155 1403 2218 nescias,
1439 2150 1682 2206 scribere
1715 2151 1856 2217 quod
1897 2149 2116 2217 ignores
2145 2162 2160 2199 :
2192 2155 2248 2199 ut
2277 2143 2355 2199 si-

784 2250 966 2303 milem
1026 2246 1368 2316 prudentiam
1433 2253 1487 2298 et
1533 2243 1588 2296 in
1649 2241 1904 2296 sensibus
1978 2238 2351 2306 requiramus.

786 2339 942 2391 Mittit
976 2336 1286 2408 epistolam,
1327 2335 1378 2386 id
1409 2343 1521 2395 est,
1571 2329 2017 2384 robustissimum
2077 2327 2352 2390 baculum,

784 2444 895 2499 quo
948 2430 1208 2482 Romana:
1249 2425 1400 2478 urbis
1432 2435 1673 2477 armetur
1702 2423 1994 2490 episcopus
2028 2437 2044 2476 :
2071 2429 2124 2474 et
2154 2420 2209 2472 in
2237 2423 2353 2488 ipsa

786 2519 1108 2588 quaestione,
1145 2531 1243 2585 pro
1272 2530 1378 2584 qua
1407 2529 1570 2566 canes
1629 2513 1849 2578 latrant,
1891 2512 2021 2564 dicit
2061 2526 2118 2566 se
2147 2510 2357 2564 nescire

785 2611 929 2681 quod
984 2609 1277 2678 queritur.
1314 2605 1369 2659 Si
1409 2610 1643 2674 ignorat,
1675 2620 1772 2672 pro
1803 2619 1914 2672 quo
1943 2603 2046 2656 sibi
2083 2603 2356 2656 calumnia

787 2711 1190 2763 commovetur,
1221 2697 1351 2768 quid
1385 2712 1610 2752 necesse
1642 2707 1726 2751 est
1757 2696 2078 2766 Apol0giatn
2114 2697 2353 2758 mittere,

786 2811 908 2866 quas
960 2810 1064 2849 nou
1125 2793 1288 2848 habet
1327 2791 1698 2846 defensionem
1757 2789 1988 2853 sui,sed
2036 2789 2358 2858 ignorantiae

788 2888 1238 2944 confessionem?
1291 2886 1406 2940 Hoc
1435 2895 1514 2940 est
1549 2884 1893 2954 suspiciones
1926 2883 2212 2937 hominum
2247 2899 2356 2937 non

788 2983 987 3051 sopire,
1021 2981 1113 3034 sed
1151 2994 1353 3034 serere.
1391 2977 1526 3032 Tres
1558 2991 1721 3045 super
1754 2977 2058 3030 animarum
2093 2986 2235 3030 statu
2265 2991 2360 3043 po-

791 3076 869 3128 nit
898 3073 1225 3139 sententias,
1260 3080 1315 3125 et
1353 3073 1405 3124 in
1463 3071 1570 3126 line
1625 3069 1957 3124 concludens
1991 3086 2005 3123 :
2047 3087 2065 3119 ‹
2110 3068 2356 3138 Singula,

790 3171 988 3238 inquit,
1013 3185 1099 3224 me
1150 3169 1347 3238 legisse
1393 3183 1501 3222 non
1564 3181 1721 3236 nego,
1755 3173 1809 3216 et
1841 3164 2022 3216 adhuc
2085 3162 2344 3230 ignorare

789 3264 1071 3318 conﬁteor.
1116 3280 1134 3312 ι
1167 3260 1467 3314 Arcesilam
1534 3268 1628 3310 aut
1661 3255 2019 3322 {Carneadem
2051 3262 2228 3322 putes,
2267 3253 2359 3320 qui

790 3356 973 3410 omnia
1035 3356 1242 3408 incerta
1307 3351 1685 3421 pronuntiant,
1720 3349 1850 3404 licet
1879 3356 1936 3402 et
1971 3348 2093 3400 illos
2141 3351 2365 3414 superet

793 3443 1174 3501 cautione.llli
1206 3445 1350 3498 enim
1406 3444 1652 3496 omnium
1713 3440 2168 3509 phil030phorum
2218 3437 2364 3489 invi-

793 3539 936 3592 diam
970 3553 1075 3592 non
1111 3535 1372 3600 ferentes,
1401 3532 1544 3604 quod
1569 3534 1846 3587 veritatem
1873 3535 1893 3564 '
1913 3548 1942 3585 e
1963 3532 2068 3584 vita
2091 3530 2362 3593 tollerent,

792 3627 1110 3683 verisimilia
1171 3634 1514 3695 repererunt,
1573 3623 1742 3696 499
1797 3633 1855 3677 ut
1890 3623 2249 3690 ignorantiam
2277 3636 2362 3675 re-

794 3735 916 3774 rum
981 3720 1247 3790 probabili
1303 3720 1611 3772 assertione
1667 3725 2092 3784 temperarent:
2131 3716 2234 3768 istc
2298 3728 2358 3766 se

797 3812 930 3865 dicit
979 3813 1270 3875 incertum,
1304 3823 1416 3866 ete
1450 3812 1628 3864 tribus
1682 3810 1907 3862 omnino
1970 3808 2186 3862 nescire
2237 3804 2366 3874 quid

795 3918 982 3958 verum
1014 3903 1104 3957 sit.
1139 3905 1192 3957 Si
1225 3905 1327 3957 hoc
1352 3912 1467 3954 crat
1491 3917 1882 3965 responsurus,
1917 3915 2039 3968 qua:
2072 3915 2194 3953 eum
2227 3899 2365 3951 ratio

797 3994 1037 4064 impulit,
1073 4003 1132 4046 ut
1162 4003 1368 4048 tantum
1409 3993 1724 4046 Pontilicem
1767 3992 1998 4046 inscitia:
2031 4006 2142 4044 sua:
2169 3999 2362 4043 testem

798 4085 1045 4142 faceret?
1069 4084 1333 4138 Nimirum
1375 4084 1491 4136 haec
1523 4083 1606 4135 illa
1641 4091 1725 4136 est
1757 4080 2045 4140 lassitudo,
2078 4083 2222 4148 quod
2258 4079 2364 4132 tri-

798 4182 947 4250 ginta
993 4193 1264 4233 annorum
1325 4177 1518 4229 itinere
1557 4174 1866 4237 conlecuts,
1901 4172 2124 4225 Romam
2183 4179 2366 4226 venire

800 4287 909 4326 non
948 4272 1139 4341 potuit.
1165 4270 1380 4335 Quanta
1417 4278 1468 4321 et
1499 4269 1604 4320 alia
1645 4269 1946 4328 nescimus,
1977 4275 2030 4318 et
2060 4275 2239 4317 tamen
2267 4266 2367 4316 im-

801 4363 1009 4446 peritia:
1049 4369 1252 4413 nostrae
1304 4366 1473 4411 testes
1523 4374 1627 4409 non
1680 4357 2016 4424 quasrimus!
2060 4353 2130 4407 De
2182 4354 2365 4416 Patre,

800 4455 966 4522 Filio,
1001 4464 1053 4506 et
1085 4452 1289 4520 Spiritu
1328 4461 1547 4513 sancto;
1585 4450 1650 4503 de
1688 4449 1969 4500 nativitate
1998 4447 2206 4501 Domini
2249 4445 2369 4499 8.ιὶ-

2457 1969 2630 2038 gules.
2685 1968 2960 2032 Quantum
3028 1971 3290 2026 memoria
3348 1972 3609 2042 suggerit,
3673 1969 3777 2023 nisi
3845 1979 4027 2022 tamen

2459 2061 2634 2125 fallor,
2671 2061 2854 2116 nescio
2889 2078 2974 2117 me
3014 2063 3215 2134 legisse
3264 2063 3605 2119 Lactantium
3661 2062 4030 2130 συσπειρομὲ-

2459 2173 2556 2224 νην
2594 2156 2615 2186 ³
2643 2157 2876 2210 animam
2907 2157 3111 2212 dicere.
3139 2156 3410 2211 Caeterum
3438 2160 3530 2226 qui
3565 2159 3759 2226 legisse
3800 2165 3849 2208 te
3887 2157 4029 2209 scri-

2463 2250 2566 2311 bis,
2599 2249 2684 2303 dic
2715 2252 2767 2303 in
2828 2266 2939 2319 quo
2997 2251 3139 2306 libro
3172 2252 3391 2322 legeris,
3427 2267 3496 2304 ne
3528 2263 3586 2304 ut
3617 2266 3701 2303 me
3737 2250 4026 2302 dormien-

2459 2349 2590 2405 tcm,
2624 2343 2705 2397 sic
2738 2342 2890 2396 illum
2916 2351 3188 2399 mortuum
3218 2343 3586 2399 calumniatus
3613 2356 3736 2397 esse
3763 2341 4029 2394 ridearis.

2459 2433 2564 2488 Sed
2598 2443 2652 2489 et
2682 2435 2737 2488 in
2765 2435 2869 2490 hoc
2903 2437 3324 2490 cunctabundus
3354 2435 3561 2490 incedis
3595 2445 3649 2488 et
3673 2442 3895 2487 cautus.
3927 2431 4022 2485 DE-

2461 2529 2542 2582 cis
2575 2528 2719 2582 enim
2757 2547 2771 2583 :
2812 2548 2830 2581 ‹
2862 2530 3000 2584 Puto
3030 2531 3171 2583 inter
3202 2527 3427 2584 Latinos
3464 2529 3866 2583 Tertullianum
3907 2540 4035 2578 sen-

2461 2620 2620 2681 sisse,
2640 2619 2722 2672 vel
2746 2618 3110 2681 Lactantiom,
3129 2619 3385 2673 fortassis
3410 2628 3462 2673 et
3491 2617 3629 2670 alios
3663 2615 3976 2670 nonnullos.
4014 2633 4030 2660 ι

2463 2709 2578 2765 Non
2615 2713 2788 2766 solum
2825 2714 2890 2766 de
2946 2710 3251 2764 animarum
3309 2717 3451 2765 statu
3482 2708 3723 2773 dubitas,
3756 2707 3852 2761 sed
3886 2715 3943 2759 et
3970 2710 4037 2753 de

2463 2814 2750 2858 auctorum
2804 2803 3098 2858 sententiis
3155 2812 3312 2872 putas
3341 2819 3354 2855 :
3389 2811 3445 2856 et
3477 2809 3656 2854 tamen
3714 2801 3922 2867 aliquid
3957 2800 4037 2850 in—

2465 2906 2648 2950 terest.
2683 2896 2759 2950 De
2796 2895 3085 2949 animabus
3139 2905 3322 2948 autem
3379 2902 3566 2962 aperte
3596 2891 3802 2954 nescis,
3835 2901 3893 2944 et
3955 2892 4039 2943 in-

2471 2987 2684 3043 scitiam
2711 2986 3023 3040 confiteris:
3071 2985 3138 3040 de
3160 2985 3477 3040 auctoribus
3503 2985 3580 3038 sic
3604 2997 3766 3036 nosse
3791 2991 3841 3036 te
3869 2982 4038 3036 diris.

2466 3087 2523 3132 ιιι
2561 3087 2718 3148 putes
2750 3079 2935 3138 potius
2985 3092 3148 3145 quam
3194 3088 3519 3146 praesumas.
3549 3076 3606 3130 In
3650 3075 3771 3131 solo
3797 3073 4040 3145 Origene

2465 3185 2572 3223 non
2615 3169 2870 3236 ambigis.
2899 3169 3044 3223 Dicis
3059 3167 3277 3238 quippe.
3311 3187 3329 3218 ι
3363 3168 3477 3222 Hoc
3507 3168 3671 3222 sentit
3698 3165 4025 3236 Origenes.»

2469 3262 2832 3334 luterrogabo
2865 3271 2954 3317 te:
2991 3263 3129 3316 bene
3162 3261 3323 3331 500
3365 3262 3552 3323 sentit,
3585 3275 3652 3314 an
3689 3261 3871 3314 male?
3929 3260 4034 3313 Ne—

2468 3356 2605 3419 scio,
2666 3355 2868 3425 inquis.
2915 3354 3054 3428 Quid
3102 3371 3188 3409 me
3216 3355 3381 3424 igitur
3408 3352 3588 3432 missis
3638 3353 3941 3407 tabellariis
3986 3364 4042 3404 ct

2466 3447 2815 3503 creberrimis
2850 3448 3058 3502 nuntiis
3087 3447 3286 3502 docere
3319 3446 3561 3511 conaris,
3589 3456 3647 3499 ut
3671 3447 3864 3509 sciam,
3891 3449 4040 3513 quot

2468 3540 2724 3596 nescias?
2759 3541 2820 3595 Et
2852 3557 2920 3594 ne
2954 3540 3095 3594 forte
3121 3557 3230 3593 non
3265 3539 3483 3595 credam
3515 3540 3810 3610 imperitia
3840 3549 4044 3602 tua,“

2468 3633 2701 3686 arbitrer
2737 3643 2789 3687 te
2817 3633 3012 3693 callide
3050 3633 3282 3687 reticere
3317 3632 3463 3703 quod
3521 3634 3690 3698 nosti,
3719 3634 3875 3702 juras
3928 3634 4044 3688 Dm

2470 3733 2628 3788 teste,
2659 3728 2802 3794 quod
2854 3740 3027 3794 usque
3057 3724 3126 3778 ad
3161 3741 3404 3795 praesens
3449 3725 3583 3780 certi
3614 3735 3666 3778 et
3693 3725 3899 3779 deﬁniti
3941 3727 4042 3778 ali-

2469 3816 2598 3884 quid
2627 3816 2694 3869 de
2726 3816 2828 3870 hac
2856 3817 3162 3884 quastione
3189 3830 3292 3867 non
3311 3824 3496 3869 teneas
3519 3831 3533 3880 ;
3555 3826 3609 3868 et
3626 3816 3734 3868 Deo
3756 3816 4044 3883 relinquas

2470 3908 2610 3961 scire
2643 3907 2772 3974 quid
2811 3909 2879 3961 sit
2911 3908 2963 3960 in
2997 3922 3144 3970 vero,
3165 3917 3218 3960 et
3250 3907 3294 3959 si
3329 3907 3416 3960 cui
3448 3907 3563 3973 ipse
3586 3907 3828 3959 revelare
3850 3907 4047 3974 digna-

2468 4000 2634 4053 bitur.
2671 4000 2774 4055 Per
2810 4008 2957 4052 tanta
2992 3998 3186 4053 saecula
3217 3997 3314 4052 tibi
3368 3997 3552 4050 nullus
3593 3997 3807 4051 videtur
3838 3999 4044 4067 dignus

2472 4091 2660 4154 fuisse,
2693 4091 2776 4144 cui
2809 4091 2876 4144 de
2909 4091 3011 4144 hac
3070 4092 3374 4159 quaesitione
3433 4090 3698 4144 Dominus
3738 4091 3996 4144 revelarit
4023 4092 4044 4143 ?

2469 4180 2583 4235 Non
2618 4182 3075 4248 patriarcha,non
3109 4181 3402 4251 propheta.
3436 4196 3543 4236 nOn
3585 4185 3893 4250 apostolus,
3927 4201 4038 4239 nan

2473 4275 2720 4343 martyr?
2753 4274 2830 4327 Ne
2859 4276 2951 4327 tibi
2986 4275 3231 4340 quidem,
3261 4275 3484 4344 quando
3532 4277 3583 4328 in
3637 4278 3957 4330 carceribus
3991 4289 4045 4328 et

2471 4365 2678 4418 exsiliis
2731 4366 3056 4430 morabaris,
3111 4366 3488 4434 hujuscemodi
3545 4378 3886 4422 sacramenta
3944 4383 4042 4435 pa-

2473 4455 2733 4508 tuerunt?
2767 4457 3028 4510 Dominus
3059 4458 3114 4511 in
3183 4456 3494 4525 Evangelia,
3551 4478 3570 4509 t
3596 4457 3782 4521 Pater,
3834 4460 4040 4529 inquit.

803 4547 1032 4610 vatoris,
1062 4559 1225 4612 super
1250 4558 1354 4613 qua
1409 4542 1577 4596 Isaias
1638 4540 1885 4595 clamitat
1915 4560 1930 4596 :
1963 4540 2364 4596 Cemrationem

2472 4547 2703 4600 revelavi
2739 4563 2935 4600 nomen
2971 4559 3122 4602 tttum
3163 4548 3477 4602 hominibus
3506 4547 3685 4619 (Joan.
3718 4566 3850 4612 xrtt,
3883 4550 3964 4618 6).
4010 4571 4030 4603 ι

874 4702 888 4732 ¹
922 4699 1247 4754 Obsccenam
1278 4699 1560 4752 lectionem
1599 4706 1691 4748 attt
1725 4697 2100 4762 incongruam.

871 4773 892 4803 ‘
925 4771 1075 4835 Quod
1097 4771 1391 4822 veritatem.
1424 4768 1624 4821 Pt'irtcr
1655 4768 1895 4818 codicem
1952 4775 2222 4817 vetustum
2255 4781 2369 4816 mo-

807 4844 1028 4896 nasterii
1066 4842 1237 4893 nostri
1292 4838 1678 4895 F|oriacensts,
1710 4850 1901 4890 omnes
1941 4837 2030 4887 alii
2064 4851 2201 4900 quos
2236 4837 2366 4888 ridi-

806 4928 926 4966 mus
952 4912 1105 4980 juxta
1150 4909 1443 4980 Erasmuth
1488 4909 1694 4976 legunt,
1723 4905 1860 4980 quod
1892 4905 2044 4980 vitam
2073 4923 2099 4958 ε
2129 4908 2235 4958 rita
2268 4909 2367 4958 tol-

807 4977 990 5034 (erant.
1018 4983 1083 5032 At
1114 4980 1259 5046 c0git
1292 4995 1388 5030 nos
1423 4979 1678 5030 AI'CCSlIiE
1718 4988 1768 5030 et
1793 4977 2093 5028 Carneadis
2140 4978 2364 5028 historia

807 5053 1044 5105 retinere
1093 5053 1384 5108 ceritatem,
1414 5061 1575 5115 quam
1614 5048 1664 5099 hi
1717 5047 2022 5115 philosophi
2055 5062 2083 5097 e
2127 5048 2231 5096 vita
2270 5048 2371 5097 tol-

810 5122 1011 5183 lebant,
1071 5121 1273 5173 incerta
1327 5117 1511 5170 omnia
1593 5118 1856 5178 dicentes,
1896 5124 1949 5167 et
2003 5115 2366 5182 ignorantiam

809 5207 988 5244 rerum
1029 5189 1291 5258 probabili
1337 5188 1639 5241 assertione
1693 5187 1805 5239 sive
1850 5190 2118 5258 sententia
2165 5195 2368 5258 tempe:

810 5254 1206 5314 rantesfl'orro
1244 5259 1516 5312 Arcesilas
1542 5267 1760 5309 vocatus
1789 5266 1870 5306 est
1904 5254 2192 5319 cavillator,
2223 5254 2368 5323 quod

812 5349 935 5383 cum
1001 5333 1132 5383 nihzl
1176 5349 1233 5383 se
1279 5332 1418 5382 seire
1473 5329 1703 5386 diceret,
1743 5341 1842 5378 nec
1879 5328 2012 5378 alios
2069 5330 2366 5392 quidquam

813 5403 951 5462 scire
989 5404 1317 5468 patiebatur,
1364 5415 1557 5468 ontni_-s
1602 5399 1860 5468 turbarct
1911 5399 2362 5463 sophismattbus.

817 5468 948 5524 Vide
984 5465 1161 5525 Cicer.
1196 5473 1284 5523 lib.
1325 5485 1358 5521 Il
1388 5469 1450 5520 de
1486 5465 1724 5520 Finibus.
1751 5467 1796 5517 Α
1839 5467 2118 5520 Carneade
2172 5481 2369 5518 caven-

814 5543 941 5593 dum
974 5544 1186 5594 diccbat
1223 5542 1290 5593 Μ.
1321 5539 1456 5592 Cato
1491 5539 1542 5591 in
1597 5548 1812 5600 senatu,
1844 5536 1968 5605 quia
2000 5539 2067 5590 ob
2114 5539 2370 5604 eloquen-

814 5612 967 5673 tiatn,
1005 5622 1058 5664 el
1087 5612 1388 5665 disserendi
1441 5609 1777 5671 facultatem,
1821 5609 1978 5660 facile
2031 5621 2370 5675 quacunque

817 5683 993 5745 vellet,
1022 5684 1308 5749 impetrare
1346 5690 1550 5748 posset.
1591 5680 1719 5749 Vide
1775 5678 2006 5749 Gellium
2064 5681 2158 5729 lib.
2192 5693 2279 5730 xv't
2319 5687 2370 5728 et

813 5747 1236 5813 Quintilianum.
1281 5747 1547 5802 unum.
1585 5779 1648 5788 ——
1680 5748 1752 5800 lta
1793 5747 2064 5801 Victorius
2127 5749 2369 5813 reposuit

813 5837 913 5887 ope
979 5836 1111 5874 mss.
1149 5826 1560 5890 exemplarium,
1595 5830 1900 5873 comantes
1959 5820 2304 5883 csset,ritmn
2345 5833 2370 5868 e

2470 4705 2596 4756 rita.
2634 4703 2943 4756 Lec:ionent
2969 4705 3396 4773 probatinsuper
3430 4706 3681 4758 Arcesila
3714 4717 3766 4758 et
3788 4707 4042 4763 (Zarnet-

2470 4775 2557 4826 dts
2612 4773 2915 4842 ingenium,
2976 4789 3208 4841 quorum
3273 4780 3406 4827 alter
3475 4776 3666 4830 medi-.e
3744 4783 4044 4831 academia:

2471 4853 2663 4914 auctor
2690 4852 2796 4902 est,
2827 4843 2962 4896 alter
3000 4845 3172 4897 tertize
3202 4847 3476 4914 princeps.

2541 4914 2561 4944 ⁸
2591 4913 2647 4965 In
2685 4914 2844 4965 tertio
2875 4924 3053 4966 autem
3098 4915 3234 4966 libro
3262 4913 3444 4982 aperte
3477 4926 3656 4982 negat,
3683 4918 3952 4983 scriptum
4012 4938 4043 4974 a

2472 4983 2754 5035 Lactantio
2786 4984 3021 5036 animam
3074 4988 3527 5053 συσπειρομένην,
3557 4987 3607 5038 id
3643 4997 3726 5039 est
3754 4989 3917 5040 simul
3950 5007 4044 5043 sa-

2474 5065 2602 5110 tam.
2632 5061 2726 5105 aut
2764 5068 2858 5118 per
2912 5056 3188 5106 traducem
3227 5070 3241 5106 :
3314 5073 3332 5103 ι
3376 5055 3586 5108 Scribis
3639 5067 3747 5109 tres
3804 5059 3876 5110 de
3924 5065 4045 5112 ani-

2477 5125 2668 5195 mabus
2729 5137 2860 5195 esse,
2905 5124 3204 5177 sententias
3256 5141 3506 5195 :_unatn.
3559 5143 3719 5191 quam
3788 5133 4046 5195 sequitur

2472 5192 2773 5260 Origenes;
2817 5194 3068 5258 alteram,
3111 5209 3270 5260 quam
3308 5193 3679 5249 Tertulliattus
3717 5207 3770 5248 et
3802 5192 4046 5251 Lactan-

2474 5266 2599 5325 litts,
2625 5263 2741 5334 licet
2768 5262 2833 5314 de
2867 5261 3151 5334 Lactantio
3180 5265 3535 5334 apertissime
3572 5267 3872 5318 mentiaris.
3914 5287 3933 5317 ο
3970 5262 4046 5320 Rc

2474 5334 2589 5399 ipsa
2625 5333 2864 5404 libavit,
2926 5350 2978 5384 tt.
3040 5333 3126 5404 12,
3178 5333 3496 5387 Lactantius
3551 5336 3654 5387 sibi
3696 5340 4046 5404 probandum

2474 5420 2498 5457 s
2526 5405 2636 5456 unit
2663 5403 2897 5454 animam
2925 5403 3172 5470 originem
3201 5406 3406 5458 trahere
3425 5408 3488 5458 de
3510 5405 3673 5468 arto;
3700 5403 3874 5473 atque
3915 5412 4050 5459 adeo

2474 5475 2641 5526 miror
2670 5473 2857 5538 magis.
2888 5476 3030 5525 inter
3055 5474 3174 5540 ejus
3199 5491 3409 5527 errores
3441 5495 3468 5525 a
3493 5477 3667 5529 doctis
3687 5479 3891 5541 aliquot
3917 5478 4051 5528 virts

2473 5544 2744 5594 numerari
2776 5546 3053 5596 traducem
3105 5545 3320 5596 animus.
3367 5543 3620 5598 [inlinunt
3673 5559 3832 5611 porro
3876 5559 4051 5598 ercu-

2472 5630 2611 5667 sare.
2662 5623 2884 5664 nonest
2938 5615 3171 5666 instituti
3223 5621 3442 5679 nostri;
3495 5615 3783 5668 tttaximatn
3830 5626 4049 5682 partem

2473 5683 2923 5754 Oct-.idenniliom,
2984 5684 3102 5749 ipso
3165 5683 3494 5753 Hieronymo
3535 5695 3670 5739 teste
3708 5686 3878 5754 epist.
3922 5686 4048 5749 1‘26,

2475 5763 2668 5819 prieter
2701 5751 3107 5825 Tertullianutn
3152 5765 3202 5806 et
3232 5751 3597 5823 Apollinarem
3661 5751 3759 5824 pro
3802 5767 3862 5809 se
3927 5770 4052 5825 pie-

2474 5832 2655 5889 stnyier
2685 5823 3046 5890 Aquilii-iensis
3089 5823 3312 5878 laudare
3347 5828 3634 5894 potuisset.
