4202 6478
197 397 287 459 453

193 619 237 662 et
267 606 477 662 miraris
502 608 547 660 si
590 617 778 662 contra
809 617 857 662 te
893 607 1125 661 fratrum
1167 610 1422 663 scanda'a
1475 609 1754 661 conciten-

192 710 290 764 tur,
321 716 443 753 cum
493 700 547 754 id
588 702 802 756 nescire
833 712 884 754 te
911 701 1081 768 jlll‘f‘s,
1115 703 1258 770 quod
1311 703 1517 755 (Ibristi
1559 701 1749 756 Eccle-

191 794 274 848 sia
299 808 354 848 se
385 809 548 849 nosse
579 793 896 849 fateantur?

251 887 331 940 ll.
375 885 638 957 Exposita
670 889 773 944 iide
817 906 940 954 sua,
980 891 1086 945 imo
1120 890 1351 946 insciti.e
1378 887 1748 951 confessione,

188 983 369 1034 transit
401 982 468 1034 ad
502 982 693 1048 aliud;
725 993 777 1038 et
810 1000 1073 1038 excusare
1105 1000 1164 1038 se
1211 985 1426 1046 nititur,
1461 997 1557 1035 cur
1581 981 1750 1035 libros

190 1078 304 1144 περὶ
351 1077 568 1146 ’Δρχῶν
603 1077 654 1130 in
697 1076 952 1132 Latinum
1005 1079 1248 1130 vertetit.
1289 1075 1352 1130 Et
1385 1073 1498 1129 huic
1562 1075 1750 1126 scribit

184 1169 244 1224 ad
282 1174 509 1224 verbum
544 1191 559 1225 :
611 1189 629 1222 t
669 1170 813 1225 Sane
867 1174 994 1242 quia
1023 1172 1188 1226 audio
1218 1171 1380 1224 etiam
1439 1169 1562 1223 inde
1625 1183 1748 1221 esse

184 1265 510 1328 tliSpntatum
539 1266 684 1332 quod
712 1265 960 1331 quautam
1015 1261 1268 1333 Origenis
1298 1268 1519 1330 rogatus
1574 1275 1602 1313 a
1635 1258 1750 1312 fra-

186 1355 345 1408 tribus
388 1355 455 1408 de
481 1355 673 1410 Graec
712 1357 764 1407 in
803 1353 1057 1408 Latinum
1098 1353 1376 1417 transtuli,
1439 1364 1569 1420 puto
1602 1347 1748 1418 quod

182 1463 356 1502 omnes
394 1450 724 1516 intelligant,
765 1450 879 1501 ha'c
918 1464 1014 1516 pro
1071 1450 1187 1502 solo
1220 1450 1390 1501 livore
1424 1448 1658 1514 culpari.
1693 1442 1746 1496 Si

181 1538 314 1589 enim
341 1538 551 1606 aliquid
577 1549 661 1592 est
700 1541 845 1608 quod
877 1539 1161 1607 displiceat
1199 1538 1250 1591 in
1302 1544 1546 1598 auctore,
1579 1549 1750 1604 quare

182 1631 226 1682 id
279 1630 342 1682 ad
410 1632 766 1698 interpretem
807 1630 1197 1697 detorquetur?
1255 1629 1407 1683 Sicut
1451 1629 1504 1681 in
1547 1625 1751 1681 Graecis

182 1725 424 1788 habetur,
459 1735 684 1794 rogatus
717 1741 836 1777 sum
872 1736 927 1776 ut
960 1723 1164 1777 Latinis
1205 1722 1574 1776 ostenderem.
1605 1719 1748 1772 Grac-

180 1816 250 1869 t-is
294 1817 558 1870 sensibus
591 1818 753 1870 verba
790 1817 910 1870 dedi
955 1816 1144 1870 Latina
1177 1813 1580 1869 tantummodo.
1623 1810 1748 1864 Sive.

178 1927 295 1980 ergo
353 1911 407 1962 in
484 1911 592 1963 illis
643 1911 892 1964 sensibus
954 1909 1071 1960 laus
1106 1909 1242 1959 int-st
1295 1905 1494 1972 aliqua.
1540 1919 1642 1955 non
1667 1913 1746 1954 est

179 2021 318 2064 mea;
351 2005 472 2056 sive
508 2003 691 2071 culpa,
723 2001 978 2054 similiter
1007 2017 1110 2053 non
1134 2007 1218 2053 est
1253 2013 1388 2049 mea.
1433 2015 1450 2047 ι
1492 2014 1510 2047 ι
1547 1996 1745 2059 Audio,

177 2099 364 2162 inquit,
397 2097 566 2149 etiam
606 2096 730 2146 inde
757 2109 878 2146 esse
907 2094 1263 2161 disputarunt.
1306 2109 1322 2141 ι
1384 2089 1556 2155 Quam
1619 2103 1746 2155 prtio

173 2192 353 2240 denter
385 2187 807 2239 aecu~ationcm
865 2200 1040 2246 suam,
1078 2184 1494 2248 disputationem
1546 2178 1741 2230 vocati

178 2296 192 2324 t
229 2276 382 2340 Quod
439 2275 688 2343 qua‘dant
725 2273 981 2342 Origenis
1048 2281 1272 2341 regaltts
1321 2288 1346 2322 a
1394 2270 1650 2322 fratribus
1683 2271 1747 2323 tle

169 2368 353 2421 Grato
396 2367 452 2418 in
492 2365 746 2418 Latinum
790 2363 1072 2416 transtuli.
1113 2382 1129 2413 i
1168 2362 1298 2428 Quae
1329 2371 1456 2414 sunt
1482 2363 1568 2413 illa
1602 2377 1748 2429 qttzc-

171 2459 326 2512 dam?
365 2459 585 2511 Nomen
655 2473 762 2511 non
815 2457 1054 2509 habent?
1088 2454 1298 2508 Taces?
1333 2455 1522 2508 Libelli
1578 2469 1745 2506 accu-

169 2564 404 2605 satorum
450 2551 778 2617 loquuntur.
813 2567 831 2598 t
865 2549 1022 2612 Puto,
1053 2549 1156 2605 ait.
1193 2547 1334 2614 quod
1367 2561 1562 2599 omnes
1586 2545 1746 2597 intel-

171 2643 330 2708 ligant
390 2647 515 2696 haec
558 2659 651 2709 pro
707 2642 818 2694 solo
879 2641 1038 2693 livore
1102 2640 1332 2708 culpari.
1398 2657 1415 2688 ι
1470 2637 1575 2691 Pro
1638 2654 1746 2707 quo

167 2735 368 2790 livore?
402 2736 551 2790 Num
595 2733 842 2787 invident
891 2733 1211 2802 eloquentiae
1243 2731 1392 2785 tute?
1435 2732 1535 2784 Ant
1567 2731 1744 2785 fecisti

167 2828 303 2894 quod
365 2828 561 2881 nullus
651 2825 933 2879 hominum
985 2840 1224 2894 unquam
1288 2823 1467 2877 facere
1537 2823 1747 2891 potuit?

168 2918 299 2971 Ecce
332 2926 391 2970 et
450 2932 555 2986 ego
609 2915 866 2982 Origcnis
913 2914 1070 2984 501
1137 2913 1302 2966 multa
1360 2913 1653 2966 transtuli:
1693 2921 1747 2965 et

167 3021 356 3078 praeter
389 3019 447 3062 te
473 3023 640 3062 nemo
668 3023 768 3060 nec
795 3007 1020 3072 invidet,
1052 3020 1151 3060 nec
1197 3006 1583 3060 calumniatur.
1626 3023 1644 3055 ι
1687 3004 1741 3058 Si

163 3105 325 3162 enim,
361 3102 570 3168 inquit,
597 3099 806 3167 aliquid
833 3107 914 3152 est
935 3097 1384 3166 quoddispliceat
1419 3098 1469 3149 in
1495 3108 1743 3162 auctore,

1302 398 1596 458 CONTRA
1643 397 2002 458 RUFINUM
2055 397 2200 457 [ΑΒ.
2243 398 2326 458 Η.

197 512 283 576 Qui
311 510 517 562 Patrem
553 509 835 571 revelavit,
868 510 934 563 de
963 508 1272 563 animarum
1311 520 1454 565 statu
1515 513 1682 565 tacuit
1726 531 1739 565 :
1779 522 1814 574 Α
1851 514 1981 565 tat-is
2018 533 2029 566 :

3321 408 3427 472 454

2084 521 2137 566 et
2174 523 2296 580 post
2341 515 2448 565 inec
2488 515 2658 570 audes
2687 517 2889 578 diei-re,
2919 517 3063 587 quod
3118 530 3164 571 et
3196 518 3336 573 bona
3371 534 3423 574 ct

1855 608 1991 659 ma'a
2037 623 2144 659 non
2209 608 2326 670 tibi,
2363 606 2456 659 ειοά
2517 608 2727 662 auctori
2759 610 2992 663 debeant
3028 611 3281 678 imputari
3311 611 3334 664 ‘i
3363 613 3422 665 Et

1852 713 2148 765 oppressus
2213 696 2416 752 invidia
2496 697 2675 751 adhuc
2743 700 2903 752 verba
2969 702 3311 766 mnderaris;
3373 713 3428 756 et

1853 789 2006 856 quasi
2037 803 2200 856 super
2259 792 2460 844 aristas
2513 789 2767 858 pendenti
2822 793 3080 848 incedens
3121 796 3314 864 gradu.
3351 799 3429 851 lo-

1853 882 2061 947 queris,
2100 900 2118 931 t
2159 882 2284 936 Sive
2309 885 2360 936 in
2387 883 2500 938 illis
2525 883 2908 937 sensibuslaus
2926 898 3033 952 est,
3062 888 3176 942 sive
3197 889 3374 958 culpa.
3401 912 3417 939 ι

1856 971 2158 1027 Defendere
2188 991 2294 1028 non
2351 979 2542 1040 audes,
2593 989 2646 1030 et
2677 987 2854 1030 tamen
2887 979 3148 1034 damnare
3182 1000 3286 1034 non
3323 985 3420 1036 vis.

1854 1067 2003 1138 Elige
2034 1083 2064 1121 e
2098 1068 2312 1122 duobus
2341 1069 2490 1138 quod
2520 1075 2621 1134 vis,
2655 1071 2803 1138 Optio
2836 1071 2927 1124 tibi
2960 1072 3156 1126 datur:
3201 1077 3243 1129 si
3281 1078 3422 1130 bona

1851 1173 1935 1217 est
1991 1164 2368 1232 interpretatio
2427 1173 2541 1230 tua,
2584 1166 2738 1218 lauda
2771 1183 2784 1220 ε
2821 1167 2864 1220 si
2898 1168 3062 1229 mala,
3099 1171 3423 1224 contletnna.

1853 1257 2054 1313 Verum
2117 1267 2348 1313 excusat
2381 1273 2461 1324 se,
2514 1266 2568 1312 et
2600 1261 2874 1316 subnectit
2906 1263 3069 1315 aliain
3122 1267 3424 1332 stropham.

1853 1352 1992 1406 Dicit
2021 1354 2166 1406 enim
2224 1371 2238 1408 :
2279 1371 2296 1404 t
2335 1352 2477 1419 Quin
2513 1353 2622 1407 imo
2653 1357 2817 1407 etiam
2867 1356 3011 1410 aliud
3054 1357 3250 1426 adjeci,
3283 1360 3423 1411 sicut

1853 1449 1904 1499 iii
1961 1448 2380 1500 l’ra-fatiuucula
2425 1464 2541 1501 mea
2598 1449 2922 1518 designavi;
2979 1453 3118 1501 utin
3159 1455 3423 1518 quantum

1854 1555 2090 1610 pOSsetn,
2143 1542 2421 1610 aliquanta
2491 1543 2850 1594 deciderem:
2921 1542 3007 1595 illa
3068 1551 3242 1594 tamen
3304 1561 3425 1610 qum

1853 1633 1983 1686 mihi
2017 1634 2080 1686 ad
2115 1635 2482 1700 suspiciOuem
2515 1636 2527 1664 ¹
2567 1635 2876 1700 venieban',
2909 1638 3053 1704 quod
3085 1651 3194 1690 non
3217 1638 3279 1689 ab
3309 1637 3424 1702 ἱρῇσι

1853 1723 2084 1794 Origene
2119 1726 2188 1777 ita
2221 1726 2390 1785 dicta.
2429 1727 2522 1777 sed
2561 1726 2628 1776 ab
2662 1727 2785 1776 aliis
2819 1728 3134 1780 viderentur
3177 1743 3300 1781 esse
3344 1732 3422 1779 in-

1855 1823 2018 1876 serta,
2063 1826 2281 1883 propter
2313 1817 2412 1868 hoc
2460 1817 2600 1883 quod
2635 1816 2702 1869 de
2753 1816 2957 1870 eisdem
2995 1819 3158 1870 rebus
3211 1819 3264 1870 in
3304 1820 3425 1870 aliis

1855 1908 2096 1959 auctoris
2131 1908 2396 1975 'ejnsdcm
2434 1909 2565 1960 locis
2591 1909 2857 1962 catholice
2889 1909 3096 1962 dictum
3131 1911 3362 1975 legeram
3403 1931 3420 1961 ι

1854 1999 1984 2051 Mira
2034 2002 2374 2065 eloquentia,
2409 2010 2460 2050 ct
2518 2003 2701 2053 Attico
2753 2001 2884 2056 ﬂore
2941 2004 3191 2058 variata:
3227 2023 3245 2056 ι
3285 2005 3423 2070 Quin

1852 2088 1961 2141 itno
1988 2091 2149 2143 etiam
2178 2109 2193 2156 ;
2230 2109 2248 2141 ι
2285 2099 2338 2143 et
2379 2110 2396 2141 t
2423 2089 2554 2155 Qum
2587 2091 2716 2142 mihi
2753 2092 2816 2142 ad
2849 2095 3212 2161 suspicionem
3249 2095 3427 2148 venie-

1852 2183 2007 2237 bant.
2050 2200 2067 2232 ι
2101 2183 2356 2236 Admiror
2399 2183 2557 2252 502
2584 2199 2780 2234 ausum
2827 2184 2978 2236 illum
3022 2200 3144 2238 esse
3177 2188 3285 2239 lucc
3320 2187 3426 2239 Ro-

1850 2291 1992 2328 mam
2026 2277 2318 2329 verborum
2347 2289 2591 2344 portenta
2623 2278 3018 2331 transmittere.
3047 2279 3421 2343 Compeditam

1850 2377 2010 2436 putes
2039 2355 2277 2436 linguam
2330 2368 2474 2435 ejus.
2499 2377 2552 2420 et
2583 2368 3053 2422 inextricabilibus
3101 2370 3258 2423 nodis
3288 2370 3421 2439 liga-

1851 2467 1983 2521 tam,
2038 2459 2122 2510 vix
2158 2459 2209 2511 in
2265 2460 2562 2512 humanum
2611 2473 2806 2510 sonum
2861 2475 3164 2530 erumpere.
3204 2461 3307 2517 Sed
3358 2469 3421 2515 ait

1849 2562 2070 2602 cansam
2117 2550 2357 2604 redeam.

1925 2643 1982 2692 fl
2011 2645 2049 2693 ‘.
2091 2639 2329 2710 Origenia
2371 2643 2947 2713 blasphemia—Quis
2985 2645 3076 2698 tibi
3109 2647 3255 2700 dedit
3290 2650 3423 2700 hane

1852 2735 2146 2792 licentiam.
2185 2745 2243 2788 ιιι
2278 2736 2445 2789 multa
2480 2738 2546 2790 de
2585 2737 3040 2803 interpretatione
3100 2739 3424 2791 dccideres‘l

1850 2827 2091 2894 Rogatus
2141 2843 2264 2880 era
2298 2839 2355 2881 ut
2387 2826 2573 2880 Grtcca
2631 2829 2682 2880 in
2711 2829 2960 2882 Latinum
3018 2842 3274 2890 tet-teres,
3314 2849 3420 2884 non

1851 2929 1911 2974 ut
1947 2921 2271 2973 emendares
2307 2937 2320 2973 :
2361 2930 2421 2973 tit
2452 2921 2678 2974 alterius
2714 2923 2856 2975 dicta
2896 2924 3189 2990 proferres,
3225 2941 3328 2978 non
3365 2939 3418 2980 ιιι

1851 3022 1942 3066 tua
1969 3013 2258 3066 eonderes.
2293 3011 2404 3066 Non
2435 2997 2627 3065 fetisse
2673 3023 2723 3066 te
2752 3017 2895 3080 quod
2941 3028 3153 3085 rogatus
3215 3033 3296 3078 es.
3337 3035 3423 3070 re-

1850 3107 2081 3160 cidendo
2107 3107 2362 3174 plurima,
2411 3106 2712 3159 conﬁteris.
2759 3109 2934 3175 Atque
2991 3111 3195 3162 utinam
3232 3115 3420 3178 praeci-

162 3199 326 3263 qitarc
379 3195 432 3247 id
494 3192 563 3246 ad
631 3193 987 3258 inlerprelem
1042 3189 1444 3258 detorqnelur?
1514 3190 1649 3243 Siclll
1690 3189 1741 3242 in
1770 3224 1814 3275 ε
1849 3197 2214 3256 dissesmala.
2249 3205 2303 3250 et
2336 3213 2442 3250 non
2474 3198 2525 3250 in
2576 3200 2939 3252 assertionem
2996 3205 3285 3267 malorum,
3330 3213 3416 3256 tua

160 3282 363 3339 (int-cis
394 3283 656 3342 habetur,
715 3294 940 3349 rogatus
974 3296 1096 3334 sum
1135 3289 1192 3332 ut
1249 3279 1460 3334 Latinis
1489 3284 1736 3334 ostende-

162 3389 292 3427 rem.
351 3373 567 3427 Gnecis
603 3372 860 3426 sensibus
912 3372 1075 3426 verba
1103 3370 1228 3425 dedi
1267 3370 1459 3425 Latina
1499 3382 1742 3425 tantum-

161 3472 340 3520 modo.
393 3465 527 3520 Sive
565 3480 694 3535 ergo
726 3465 779 3518 in
817 3465 926 3518 illis
957 3464 1218 3518 sensibus
1273 3466 1390 3519 laus
1441 3467 1582 3518 inest
1643 3466 1743 3518 ali-

160 3573 429 3623 qna,non
475 3566 563 3611 est
612 3572 730 3610 mea
767 3573 781 3610 :
819 3557 936 3610 sive
981 3556 1161 3626 culpa,
1223 3557 1476 3610 similiter
1522 3566 1743 3610 nonest

163 3672 296 3709 mea.
343 3675 363 3706 ι
409 3653 475 3707 Et
528 3654 769 3719 miraris,
820 3654 864 3708 si
926 3655 990 3707 de
1043 3663 1092 3708 te
1131 3655 1379 3708 homines
1443 3655 1581 3707 male
1615 3669 1740 3708 sen-

162 3752 315 3810 liaztt,
353 3764 484 3801 cum
515 3748 582 3801 de
615 3747 821 3816 apertis
850 3747 1209 3816 blaspbetuiis
1263 3749 1417 3801 dicas
1453 3764 1466 3800 :
1509 3767 1528 3798 ι
1572 3746 1624 3800 Si
1655 3757 1743 3802 est

159 3822 387 3906 aliquid,
456 3837 608 3907 quod
659 3838 950 3904 displiceat
999 3839 1052 3890 in
1087 3838 1371 3892 auctore?
1413 3858 1430 3888 ι
1475 3840 1740 3893 Omuihus

159 3948 274 3996 qu:e
322 3939 384 3985 in
429 3933 540 3986 illis
588 3931 740 3985 libris
803 3931 948 3984 dicta
1003 3941 1154 3990 sttnt,
1213 3931 1507 3997 displicent
1542 3948 1554 3982 :
1593 3939 1646 3982 (ιι
1680 3940 1735 3982 ιιι

159 4028 304 4079 Solus
331 4027 587 4082 dubitas.
621 4034 672 4074 et
699 4023 970 4090 qut-retis,
1029 4038 1130 4076 cur
1167 4022 1230 4075 ad
1265 4023 1616 4088 interpretem
1645 4024 1740 4075 tle-

159 4103 506 4183 terq‘ueatnr,
557 4115 700 4183 quod
748 4118 801 4168 in
856 4114 1229 4188 translationis
1270 4124 1376 4166 tute
1413 4113 1740 4167 Prtel'atione

162 4209 422 4261 laudasti.
458 4209 703 4274 Rogatus
734 4221 878 4269 eras,
926 4217 983 4260 ut
1012 4208 1286 4273 quomodo
1347 4207 1648 4260 habebatur
1685 4208 1736 4258 in

157 4303 372 4364 lira-co,
446 4301 498 4351 in
580 4300 832 4352 Latinum
885 4308 1148 4354 verteres.
1227 4299 1438 4353 Utinam
1510 4299 1738 4354 fecisses

158 4397 301 4461 quod
335 4401 594 4461 rogatum
637 4399 690 4443 te
717 4405 842 4444 esse
876 4390 1133 4446 simulasl
1171 4391 1306 4444 nulli
1342 4405 1486 4442 nunc
1525 4389 1737 4442 invidiae

157 4485 503 4550 snhjaceres.
567 4480 625 4534 Si
689 4493 743 4534 tu
794 4483 1168 4537 translationis
1223 4499 1501 4536 servasses
1553 4483 1730 4545 fidem,

160 4576 287 4627 mihi
322 4574 640 4627 necessitas
692 4589 797 4625 non
825 4573 1016 4625 fuisset
1073 4574 1576 4640 interpretationem
1632 4572 1730 4624 fui.
1765 4552 1811 4608 ο

155 4683 263 4719 tam
329 4681 461 4718 vera
501 4665 947 4733 interpretatione
1014 4664 1349 4718 subvertere.
1411 4665 1567 4718 Novit
1599 4678 1728 4716 con-

154 4760 389 4814 setetttia
431 4769 546 4816 tua.
582 4773 698 4826 qum
739 4757 1042 4816 addideris.
1078 4771 1196 4824 qum
1222 4757 1583 4812 subtraxeris.
1613 4771 1734 4823 qua:

155 4854 202 4904 in
244 4865 549 4917 utramque
603 4862 832 4916 ροιοιιιιιι,
868 4858 924 4899 ιιι
959 4847 1051 4900 tibi
1089 4848 1262 4901 visu-tt
1320 4845 1502 4911 fuerit,
1537 4847 1732 4899 immu-

227 5013 241 5041 ‘
279 5012 390 5064 Alii
426 5007 556 5061 editi
590 5009 1026 5074 iususpirionem.
1070 5005 1431 5060 renitentibus
1487 5022 1620 5060 mss.
1678 5017 1732 5061 et

157 5082 517 5145 Hieronymo,
550 5083 640 5143 qtti
676 5079 913 5145 pbtasitn
950 5080 1104 5130 istam
1137 5078 1368 5129 deridet.

223 5157 241 5183 ’
281 5140 552 5219 Didymus
571 5140 838 5200 bro-vilius
863 5147 1353 5219 Comitientariolis,
1399 5161 1518 5219 quae
1543 5147 1727 5214 σχόλια

157 5215 466 5288 inscripsit,
504 5223 557 5270 in
590 5222 732 5270 hunc
768 5223 895 5285 mp".
935 5216 1150 5288 Ὰρχών
1187 5219 1405 5271 librum.
1437 5215 1728 5282 Orzgeuem

155 5296 434 5345 cattitilice
500 5289 724 5348 sentire,
788 5301 854 5338 ac
896 5287 1106 5338 «:iverse
1171 5288 1486 5338 abArianis
1529 5303 1731 5356 propu-

157 5366 380 5433 gnabztl.
417 5359 553 5411 Vide
587 5357 726 5433 infra
761 5371 882 5433 pag.

224 5433 243 5462 ³
283 5433 350 5483 Et
389 5445 590 5482 cicures
651 5425 900 5480 Enniani.
960 5427 1110 5480 Haud
1150 5425 1313 5480 dubie
1371 5427 1642 5488 animalia.
1676 5439 1728 5481 et

159 5504 399 5570 pecudes
436 5509 745 5570 mansuetas
784 5497 972 5548 habuit
1006 5498 1457 5570 linuianushsive
1526 5499 1729 5550 Ennius

159 5566 329 5638 poet:
378 5568 796 5628 celebcrritnua,
863 5580 953 5632 qm
1033 5570 1084 5619 in
1143 5566 1410 5620 Aventino
1474 5571 1727 5619 habitans

158 5653 387 5710 sumpto
443 5646 736 5710 contentus
789 5645 875 5710 cst
937 5639 1282 5710 parcissitno,
1349 5648 1400 5687 et
1461 5638 1730 5710 ancillulae

160 5706 488 5766 ministerio.
527 5706 621 5760 Vel
647 5715 792 5759 certe
826 5706 941 5774 ipse
972 5706 1218 5760 cieu°rare
1250 5714 1472 5758 noverat
1529 5707 1675 5759 feras
1713 5725 1726 5757 :

159 5785 300 5834 unde
328 5779 565 5832 Enniani
591 5776 816 5844 cicures
867 5777 952 5829 hic
981 5776 1256 5828 dicuntur.
1298 5775 1354 5828 In
1410 5776 1594 5828 codice
1619 5775 1730 5828 col-

157 5853 280 5920 legit
310 5849 592 5903 Navarrici
618 5847 936 5900 l’arisiensts
966 5848 1213 5914 legimus,
1250 5856 1296 5898 et
1324 5847 1572 5898 cinctura:
1598 5845 1728 5898 δειιρ

1850 3287 2018 3340 multa
2053 3288 2339 3354 posuisses
2369 3288 2380 3339 l
2419 3287 2458 3340 E
2493 3289 2688 3354 quibus
2722 3303 2888 3342 unum
2918 3290 3213 3357 proferam,
3270 3304 3322 3346 ut
3353 3310 3413 3345 ex

1846 3383 1949 3434 hoc
2004 3387 2409 3447 cognoscantur
2461 3389 2514 3432 et
2547 3391 2766 3434 cetera.
2819 3383 2872 3432 In
2913 3384 3089 3450 primo
3122 3384 3259 3436 libro
3290 3387 3416 3454 περὶ

1857 3471 2095 3541 Ἀρχῶν,
2129 3471 2219 3524 tibi
2252 3470 2514 3540 Origenes
2553 3471 2734 3538 lingua
2771 3474 3036 3542 sacrilega
3079 3474 3419 3543 blasphema-

1845 3566 1942 3627 vit,
2007 3566 2150 3633 quod
2214 3565 2386 3619 Filius
2451 3565 2666 3619 Patrem
2711 3582 2818 3619 non
2885 3565 3088 3628 videat,
3156 3578 3211 3620 ιιι
3255 3569 3413 3622 etiam

1844 3671 2038 3710 causas
2073 3656 2276 3720 reddis,
2308 3656 2460 3724 quasi
2517 3673 2579 3710 ex
2616 3672 2843 3724 persona
2878 3659 3019 3727 ejus,
3053 3660 3141 3725 qtti
3172 3661 3412 3728 scripsit.

1843 3758 1897 3803 et
1931 3749 2138 3819 Didymi
2175 3749 2560 3817 interpretaris
2595 3751 2803 3818 σχόλιςν
2832 3752 2872 3809 ⁸,
2914 3754 2964 3803 in
2995 3767 3100 3818 quo
3129 3753 3216 3805 ille
3255 3768 3412 3806 casso

1845 3841 2027 3894 labore
2063 3853 2293 3893 conatur
2341 3840 2580 3893 alienum
2634 3857 2874 3894 errorem
2917 3842 3225 3902 defenlere.
3267 3845 3407 3908 quod

1840 3929 2102 3995 Origenes
2139 3932 2356 3998 quidem
2407 3933 2546 3984 bene
2590 3933 2789 3985 dixerit
2823 3951 2837 3984 :
2872 3934 2964 3986 sed
3002 3951 3103 3986 nos
3133 3936 3410 4003 simplices

1843 4020 2114 4081 homines,
2143 4031 2192 4072 et
2217 4022 2434 4076 cicures
2454 4021 2690 4074 Enniani
2713 4024 2755 4090 ³,
2783 4039 2878 4092 nec
2901 4025 3046 4077 illius
3065 4028 3408 4093 sapientiam,

1842 4125 1942 4164 nec
1976 4122 2149 4175 tuam,
2181 4113 2273 4180 qui
2305 4113 2696 4182 interpretatus
2729 4130 2808 4178 es,
2865 4116 3167 4182 intelligere
3219 4135 3412 4187 possu-

1841 4216 1982 4254 mus.
2036 4201 2292 4254 Prtefatio
2333 4209 2445 4263 tua,
2483 4219 2644 4268 quam
2687 4205 2964 4264 nominas,
3001 4217 3052 4258 et
3084 4211 3132 4258 iu
3181 4223 3288 4274 qua
3327 4224 3414 4262 me

1841 4292 1993 4345 miris
2039 4307 2202 4347 ornas
2242 4292 2520 4352 laudibus.
2557 4306 2607 4347 te
2667 4310 2818 4348 reum
2869 4299 3118 4364 pessima:
3175 4301 3410 4353 transla-

1840 4383 2005 4436 tionis
2039 4382 2187 4436 facit.
2231 4383 2373 4437 Dicis
2413 4385 2558 4437 enim
2595 4389 2738 4452 quod
2775 4389 2841 4440 de
2876 4388 3063 4441 Graeco
3115 4391 3274 4441 multa
3313 4393 3409 4443 de-

1840 4479 2058 4542 cideris,
2082 4479 2205 4530 lieet
2235 4488 2418 4531 taceas
2450 4479 2594 4545 quod
2628 4479 2926 4533 addideris.
2963 4481 3094 4545 Quae
3132 4481 3406 4544 deezd-sti,

1839 4570 1976 4622 mala
2029 4579 2204 4636 erant,
2238 4587 2303 4622 an
2347 4571 2524 4625 bona?
2582 4568 2780 4639 Utique
2834 4575 3000 4626 mala.
3035 4572 3165 4638 Quae
3227 4589 3406 4627 reser-

1838 4664 1993 4724 vasti,
2061 4665 2196 4713 bona
2250 4680 2317 4714 an
2355 4662 2772 4730 tnala?Utique
2825 4665 2990 4718 bona.
3038 4665 3221 4733 Neque
3259 4667 3405 4718 enim

1838 4753 1975 4808 inala
2019 4755 2316 4806 transferre
2365 4765 2605 4821 poteras.
2664 4755 2803 4826 Ergo
2835 4757 2974 4809 mala
3005 4759 3317 4824 amputasti,
3351 4768 3404 4810 et

1836 4850 2098 4917 reliquisti
2134 4849 2318 4902 bona?
2348 4847 2491 4901 Nulli
2517 4851 2741 4903 dubiutn
2765 4860 2871 4903 est.
2893 4849 3194 4902 Probantur
3222 4862 3402 4903 autem

1835 5004 1995 5056 niani.
2062 5003 2334 5056 Maurum.
2371 5035 2434 5048 -ο
2469 5003 2699 5069 Quidam
2755 5003 2836 5055 vir
2889 5005 3077 5056 doetus
3115 5003 3400 5070 legendum

1834 5085 1983 5141 putat
2019 5072 2244 5126 Cincmtt’
2279 5072 2537 5134 Enniani,
2573 5085 2628 5125 ut
2660 5087 2841 5139 gentes
2873 5075 2973 5125 illge
3021 5077 3264 5126 batharae
3299 5090 3402 5125 no-

1836 5155 2037 5206 tentur,
2064 5145 2254 5208 quales
2290 5145 2444 5210 primi
2482 5144 2648 5196 Italia:
2683 5146 2872 5196 incola:
2902 5157 3082 5206 erant,
3136 5159 3271 5210 quos
3307 5161 3400 5193 γ.)-

1833 5226 1918 5266 cat
1949 5214 2205 5264 (incluto:
2231 5212 2413 5266 Horat.
2445 5219 2481 5264 ιι
2496 5223 2562 5268 rt.
2597 5213 2794 5265 Poctic.
2830 5230 2972 5266 vers.
3006 5215 3073 5267 50
3105 5231 3117 5266 :

1929 5325 2136 5384 Fingere
2163 5325 2389 5370 cinctutis
2411 5338 2504 5370 non
2535 5325 2758 5372 exaudita
2783 5325 3032 5384 Cethegis.

1835 5429 1958 5482 Mihi
2010 5429 2138 5480 nihil
2193 5430 2466 5483 immutari
2524 5431 2729 5494 placet;
2790 5431 3023 5487 tametsi.
3077 5429 3222 5495 quod
3257 5430 3394 5493 τιιιιιιι

1837 5501 2064 5552 Ennium
2125 5502 2175 5550 in
2217 5502 2535 5568 fragmentis
2575 5503 2800 5553 historia
2844 5500 3030 5568 islliiee
3072 5514 3175 5550 non
3213 5514 3399 5564 super-

1833 5575 1921 5628 sit,
1963 5569 2178 5620 aritilari
2215 5567 2356 5622 ltatttl
2389 5573 2571 5623 velint.
2656 5568 2853 5622 Verum
2909 5567 3116 5621 Cicuria
3152 5569 3396 5620 Enniana

1833 5639 2137 5706 insignioﬂs
2177 5641 2436 5706 magistri,
2479 5642 2614 5693 dixit
2668 5641 2828 5690 etiam
2877 5637 3246 5691 Terttilliantts
3303 5640 3394 5690 lib.

1832 5721 2012 5760 contra
2086 5708 2504 5772 Valentinianus,
2567 5710 2668 5762 sub
2731 5712 2910 5771 tinent,
2969 5711 3084 5761 sive
3136 5725 3256 5776 cap.
3307 5709 3390 5759 57.

1834 5777 1966 5830 Feta
2032 5777 2270 5844 ingenia,
2331 5794 2421 5832 aut
2481 5782 2668 5839 barda.
2727 5779 2882 5830 malis
2933 5779 3398 5845 anspiciis.atque

1837 5849 1988 5900 ιιι-ιιι)
2018 5861 2218 5904 conatu
2253 5855 2723 5906 mansuetudinem
2756 5852 2942 5903 educta
2978 5850 3231 5902 iitum-tit.
