  <div class='ocr_page' id='page_1' title='image "/cluster/home/n/w/nwhite01/storage/ocr_20150623/23/hvd.32044012674545/239.png"; bbox 0 0 4202 6488; ppageno 0'>
   <div class='ocr_carea' id='block_1_1' title="bbox 717 417 824 481">
    <p class='ocr_par' dir='ltr' id='par_1_1' title="bbox 717 417 824 481">
     <span class='ocr_line' id='line_1_1' title="bbox 717 417 824 481; baseline 0 0"><span class='ocrx_word' id='word_1_1' title='bbox 717 417 824 481; x_wconf 70' lang='grc' dir='ltr'><strong>ιῖιδ</strong></span> 
     </span>
    </p>
   </div>
   <div class='ocr_carea' id='block_1_2' title="bbox 1909 397 2793 464">
    <p class='ocr_par' dir='ltr' id='par_1_2' title="bbox 1909 397 2793 464">
     <span class='ocr_line' id='line_1_2' title="bbox 1909 397 2793 464; baseline -0.005 -3"><span class='ocrx_word' id='word_1_2' title='bbox 1909 402 1970 464; x_wconf 91' lang='lat' dir='ltr'><strong>S.</strong></span> <span class='ocrx_word' id='word_1_3' title='bbox 2002 401 2316 464; x_wconf 81' lang='lat' dir='ltr'><strong>EUSEBII</strong></span> <span class='ocrx_word' id='word_1_4' title='bbox 2350 397 2793 460; x_wconf 76' lang='lat' dir='ltr'><strong>HIERONYMI</strong></span> 
     </span>
    </p>
   </div>
   <div class='ocr_carea' id='block_1_3' title="bbox 3880 391 3991 458">
    <p class='ocr_par' dir='ltr' id='par_1_3' title="bbox 3880 391 3991 458">
     <span class='ocr_line' id='line_1_3' title="bbox 3880 391 3991 458; baseline 0.027 -3"><span class='ocrx_word' id='word_1_5' title='bbox 3880 391 3991 458; x_wconf 63' lang='lat'><strong>«£56</strong></span> 
     </span>
    </p>
   </div>
   <div class='ocr_carea' id='block_1_4' title="bbox 718 510 3989 602">
    <p class='ocr_par' dir='ltr' id='par_1_4' title="bbox 718 510 3989 602">
     <span class='ocr_line' id='line_1_4' title="bbox 718 510 3989 602; baseline -0.008 -15"><span class='ocrx_word' id='word_1_6' title='bbox 718 547 844 602; x_wconf 64' lang='lat' dir='ltr'><strong>qua:</strong></span> <span class='ocrx_word' id='word_1_7' title='bbox 876 528 1136 585; x_wconf 83' lang='lat' dir='ltr'><strong>translata</strong></span> <span class='ocrx_word' id='word_1_8' title='bbox 1193 533 1338 591; x_wconf 90' lang='lat' dir='ltr'><strong>sunt,</strong></span> <span class='ocrx_word' id='word_1_9' title='bbox 1375 535 1512 592; x_wconf 88' lang='lat' dir='ltr'><strong>pene</strong></span> <span class='ocrx_word' id='word_1_10' title='bbox 1565 518 1750 575; x_wconf 88' lang='lat' dir='ltr'><strong>omnia</strong></span> <span class='ocrx_word' id='word_1_11' title='bbox 1805 518 1968 574; x_wconf 90' lang='lat' dir='ltr'><strong>mala.</strong></span> <span class='ocrx_word' id='word_1_12' title='bbox 2025 517 2300 584; x_wconf 80' lang='lat' dir='ltr'><strong>Quidquid</strong></span> <span class='ocrx_word' id='word_1_13' title='bbox 2335 525 2374 579; x_wconf 72' lang='grc' dir='ltr'>Α</span> <span class='ocrx_word' id='word_1_14' title='bbox 2408 535 2678 571; x_wconf 70' lang='lat' dir='ltr'><strong>mensum</strong></span> <span class='ocrx_word' id='word_1_15' title='bbox 2741 519 2880 571; x_wconf 87' lang='lat' dir='ltr'><strong>fore.</strong></span> <span class='ocrx_word' id='word_1_16' title='bbox 2941 516 3304 585; x_wconf 74' lang='lat' dir='ltr'><strong>Cumque-ad</strong></span> <span class='ocrx_word' id='word_1_17' title='bbox 3366 515 3597 569; x_wconf 65' lang='lat' dir='ltr'><strong>formam</strong></span> <span class='ocrx_word' id='word_1_18' title='bbox 3674 520 3730 566; x_wconf 88' lang='lat' dir='ltr'><strong>et</strong></span> <span class='ocrx_word' id='word_1_19' title='bbox 3785 510 3989 565; x_wconf 79' lang='lat' dir='ltr'><strong>libram</strong></span> 
     </span>
    </p>
   </div>
   <div class='ocr_carea' id='block_1_5' title="bbox 721 610 2303 697">
    <p class='ocr_par' dir='ltr' id='par_1_5' title="bbox 721 610 2303 697">
     <span class='ocr_line' id='line_1_5' title="bbox 721 610 2303 697; baseline -0.013 -15"><span class='ocrx_word' id='word_1_20' title='bbox 721 628 888 697; x_wconf 71' lang='lat' dir='ltr'><strong>igitur</strong></span> <span class='ocrx_word' id='word_1_21' title='bbox 919 624 1116 678; x_wconf 89' lang='lat' dir='ltr'><strong>malum</strong></span> <span class='ocrx_word' id='word_1_22' title='bbox 1150 621 1202 674; x_wconf 93' lang='lat' dir='ltr'><strong>in</strong></span> <span class='ocrx_word' id='word_1_23' title='bbox 1235 615 1597 672; x_wconf 86' lang='lat' dir='ltr'><strong>translatione</strong></span> <span class='ocrx_word' id='word_1_24' title='bbox 1628 621 2033 676; x_wconf 80' lang='lat' dir='ltr'><strong>monstravere,</strong></span> <span class='ocrx_word' id='word_1_25' title='bbox 2065 610 2162 664; x_wconf 90' lang='lat' dir='ltr'><strong>tibi</strong></span> <span class='ocrx_word' id='word_1_26' title='bbox 2197 612 2303 662; x_wconf 81' lang='lat' dir='ltr'><strong>ini-</strong></span> 
     </span>
    </p>
   </div>
   <div class='ocr_carea' id='block_1_6' title="bbox 722 702 2303 789">
    <p class='ocr_par' dir='ltr' id='par_1_6' title="bbox 722 702 2303 789">
     <span class='ocr_line' id='line_1_6' title="bbox 722 702 2303 789; baseline -0.012 -14"><span class='ocrx_word' id='word_1_27' title='bbox 722 717 1021 789; x_wconf 84' lang='lat' dir='ltr'><strong>putabitur,</strong></span> <span class='ocrx_word' id='word_1_28' title='bbox 1088 712 1181 783; x_wconf 90' lang='lat' dir='ltr'><strong>qui</strong></span> <span class='ocrx_word' id='word_1_29' title='bbox 1240 709 1371 765; x_wconf 88' lang='lat' dir='ltr'><strong>illud</strong></span> <span class='ocrx_word' id='word_1_30' title='bbox 1415 724 1512 778; x_wconf 91' lang='lat' dir='ltr'><strong>pro</strong></span> <span class='ocrx_word' id='word_1_31' title='bbox 1568 707 1714 761; x_wconf 89' lang='lat' dir='ltr'><strong>bono</strong></span> <span class='ocrx_word' id='word_1_32' title='bbox 1748 702 2101 760; x_wconf 89' lang='lat' dir='ltr'><strong>transtulisti.</strong></span> <span class='ocrx_word' id='word_1_33' title='bbox 2143 702 2303 756; x_wconf 84' lang='lat' dir='ltr'><strong>Aliud</strong></span> 
     </span>
    </p>
   </div>
   <div class='ocr_carea' id='block_1_7' title="bbox 722 797 2306 878">
    <p class='ocr_par' dir='ltr' id='par_1_7' title="bbox 722 797 2306 878">
     <span class='ocr_line' id='line_1_7' title="bbox 722 797 2306 878; baseline -0.011 -12"><span class='ocrx_word' id='word_1_34' title='bbox 722 820 826 872; x_wconf 87' lang='lat' dir='ltr'><strong>est.</strong></span> <span class='ocrx_word' id='word_1_35' title='bbox 893 810 939 863; x_wconf 93' lang='lat' dir='ltr'><strong>si</strong></span> <span class='ocrx_word' id='word_1_36' title='bbox 1000 808 1222 878; x_wconf 87' lang='lat' dir='ltr'><strong>Iniquus</strong></span> <span class='ocrx_word' id='word_1_37' title='bbox 1276 818 1478 858; x_wconf 87' lang='lat' dir='ltr'><strong>censor</strong></span> <span class='ocrx_word' id='word_1_38' title='bbox 1511 801 1758 872; x_wconf 83' lang='lat' dir='ltr'><strong>ejusdem</strong></span> <span class='ocrx_word' id='word_1_39' title='bbox 1815 797 2065 852; x_wconf 87' lang='lat' dir='ltr'><strong>criminis</strong></span> <span class='ocrx_word' id='word_1_40' title='bbox 2100 811 2227 851; x_wconf 91' lang='lat' dir='ltr'><strong>reus</strong></span> <span class='ocrx_word' id='word_1_41' title='bbox 2265 797 2306 860; x_wconf 88' lang='lat'><strong>&#39;,</strong></span> 
     </span>
    </p>
   </div>
   <div class='ocr_carea' id='block_1_8' title="bbox 725 889 2308 967">
    <p class='ocr_par' dir='ltr' id='par_1_8' title="bbox 725 889 2308 967">
     <span class='ocr_line' id='line_1_8' title="bbox 725 889 2308 967; baseline -0.009 -9"><span class='ocrx_word' id='word_1_42' title='bbox 725 903 866 958; x_wconf 89' lang='lat' dir='ltr'><strong>alios</strong></span> <span class='ocrx_word' id='word_1_43' title='bbox 899 899 967 957; x_wconf 90' lang='lat' dir='ltr'><strong>de</strong></span> <span class='ocrx_word' id='word_1_44' title='bbox 1025 908 1217 956; x_wconf 83' lang='lat' dir='ltr'><strong>senatu</strong></span> <span class='ocrx_word' id='word_1_45' title='bbox 1285 897 1463 967; x_wconf 88' lang='lat' dir='ltr'><strong>pellis,</strong></span> <span class='ocrx_word' id='word_1_46' title='bbox 1492 895 1629 949; x_wconf 81' lang='lat' dir='ltr'><strong>alios</strong></span> <span class='ocrx_word' id='word_1_47' title='bbox 1659 894 1713 948; x_wconf 92' lang='lat' dir='ltr'><strong>in</strong></span> <span class='ocrx_word' id='word_1_48' title='bbox 1751 891 1904 947; x_wconf 90' lang='lat' dir='ltr'><strong>curia</strong></span> <span class='ocrx_word' id='word_1_49' title='bbox 1934 891 2160 945; x_wconf 91' lang='lat' dir='ltr'><strong>retines.</strong></span> <span class='ocrx_word' id='word_1_50' title='bbox 2201 889 2308 944; x_wconf 87' lang='lat' dir='ltr'><strong>Sed</strong></span> 
     </span>
    </p>
   </div>
   <div class='ocr_carea' id='block_1_9' title="bbox 725 983 2312 1058">
    <p class='ocr_par' dir='ltr' id='par_1_9' title="bbox 725 983 2312 1058">
     <span class='ocr_line' id='line_1_9' title="bbox 725 983 2312 1058; baseline -0.011 -5"><span class='ocrx_word' id='word_1_51' title='bbox 725 996 888 1058; x_wconf 88' lang='lat' dir='ltr'><strong>dicis,</strong></span> <span class='ocrx_word' id='word_1_52' title='bbox 923 1013 940 1046; x_wconf 76' lang='grc' dir='ltr'>ι</span> <span class='ocrx_word' id='word_1_53' title='bbox 983 993 1176 1047; x_wconf 83' lang='lat' dir='ltr'><strong>Omnia</strong></span> <span class='ocrx_word' id='word_1_54' title='bbox 1227 1001 1443 1044; x_wconf 88' lang='lat' dir='ltr'><strong>mutare</strong></span> <span class='ocrx_word' id='word_1_55' title='bbox 1473 1003 1578 1040; x_wconf 90' lang='lat' dir='ltr'><strong>non</strong></span> <span class='ocrx_word' id='word_1_56' title='bbox 1610 996 1854 1056; x_wconf 88' lang='lat' dir='ltr'><strong>poteram</strong></span> <span class='ocrx_word' id='word_1_57' title='bbox 1885 1001 1900 1052; x_wconf 91' lang='lat'>;</span> <span class='ocrx_word' id='word_1_58' title='bbox 1955 983 2050 1038; x_wconf 89' lang='lat' dir='ltr'><strong>sed</strong></span> <span class='ocrx_word' id='word_1_59' title='bbox 2078 999 2140 1038; x_wconf 87' lang='lat' dir='ltr'><strong>ea</strong></span> <span class='ocrx_word' id='word_1_60' title='bbox 2186 992 2312 1036; x_wconf 89' lang='lat' dir='ltr'><strong>tan-</strong></span> 
     </span>
    </p>
   </div>
   <div class='ocr_carea' id='block_1_10' title="bbox 729 1074 2309 1154">
    <p class='ocr_par' dir='ltr' id='par_1_10' title="bbox 729 1074 2309 1154">
     <span class='ocr_line' id='line_1_10' title="bbox 729 1074 2309 1154; baseline -0.011 -11"><span class='ocrx_word' id='word_1_61' title='bbox 729 1097 870 1153; x_wconf 88' lang='lat' dir='ltr'><strong>tum,</strong></span> <span class='ocrx_word' id='word_1_62' title='bbox 928 1100 1049 1154; x_wconf 70' lang='lat' dir='ltr'><strong>qua:</strong></span> <span class='ocrx_word' id='word_1_63' title='bbox 1105 1083 1286 1136; x_wconf 88' lang='lat' dir='ltr'><strong>addita</strong></span> <span class='ocrx_word' id='word_1_64' title='bbox 1348 1079 1416 1133; x_wconf 89' lang='lat' dir='ltr'><strong>ab</strong></span> <span class='ocrx_word' id='word_1_65' title='bbox 1464 1077 1735 1132; x_wconf 67' lang='lat' dir='ltr'><strong>haereticis</strong></span> <span class='ocrx_word' id='word_1_66' title='bbox 1793 1075 2125 1138; x_wconf 90' lang='lat' dir='ltr'><strong>arbitrabar,</strong></span> <span class='ocrx_word' id='word_1_67' title='bbox 2178 1074 2309 1127; x_wconf 94' lang='lat' dir='ltr'><strong>mihi</strong></span> 
     </span>
    </p>
   </div>
   <div class='ocr_carea' id='block_1_11' title="bbox 733 1166 2314 1248">
    <p class='ocr_par' dir='ltr' id='par_1_11' title="bbox 733 1166 2314 1248">
     <span class='ocr_line' id='line_1_11' title="bbox 733 1166 2314 1248; baseline -0.011 -13"><span class='ocrx_word' id='word_1_68' title='bbox 733 1178 1063 1248; x_wconf 89' lang='lat' dir='ltr'><strong>amputanda</strong></span> <span class='ocrx_word' id='word_1_69' title='bbox 1111 1169 1344 1226; x_wconf 85' lang='lat' dir='ltr'><strong>credidi.</strong></span> <span class='ocrx_word' id='word_1_70' title='bbox 1377 1188 1396 1221; x_wconf 73' lang='grc' dir='ltr'><strong><em>ι</em></strong></span> <span class='ocrx_word' id='word_1_71' title='bbox 1434 1167 1688 1223; x_wconf 84' lang='lat' dir='ltr'><strong>Pulchre.</strong></span> <span class='ocrx_word' id='word_1_72' title='bbox 1750 1167 1807 1220; x_wconf 84' lang='lat' dir='ltr'><strong>Si</strong></span> <span class='ocrx_word' id='word_1_73' title='bbox 1838 1166 2132 1236; x_wconf 89' lang='lat' dir='ltr'><strong>amputasti</strong></span> <span class='ocrx_word' id='word_1_74' title='bbox 2191 1178 2314 1232; x_wconf 74' lang='lat' dir='ltr'><strong>qua:</strong></span> 
     </span>
    </p>
   </div>
   <div class='ocr_carea' id='block_1_12' title="bbox 731 1258 2316 1330">
    <p class='ocr_par' dir='ltr' id='par_1_12' title="bbox 731 1258 2316 1330">
     <span class='ocr_line' id='line_1_12' title="bbox 731 1258 2316 1330; baseline -0.01 -4"><span class='ocrx_word' id='word_1_75' title='bbox 731 1272 912 1326; x_wconf 86' lang='lat' dir='ltr'><strong>addita</strong></span> <span class='ocrx_word' id='word_1_76' title='bbox 975 1270 1044 1323; x_wconf 87' lang='lat' dir='ltr'><strong>ab</strong></span> <span class='ocrx_word' id='word_1_77' title='bbox 1092 1266 1372 1322; x_wconf 68' lang='lat' dir='ltr'><strong>haereticis</strong></span> <span class='ocrx_word' id='word_1_78' title='bbox 1431 1263 1806 1325; x_wconf 77' lang='lat' dir='ltr'><strong>exi&#39;stimabas,</strong></span> <span class='ocrx_word' id='word_1_79' title='bbox 1866 1277 1996 1330; x_wconf 78' lang='lat' dir='ltr'><strong>ergo</strong></span> <span class='ocrx_word' id='word_1_80' title='bbox 2025 1275 2144 1328; x_wconf 84' lang='lat' dir='ltr'><strong>quae</strong></span> <span class='ocrx_word' id='word_1_81' title='bbox 2186 1258 2316 1313; x_wconf 86' lang='lat' dir='ltr'><strong>reli-</strong></span> 
     </span>
    </p>
   </div>
   <div class='ocr_carea' id='block_1_13' title="bbox 732 1350 2315 1435">
    <p class='ocr_par' dir='ltr' id='par_1_13' title="bbox 732 1350 2315 1435">
     <span class='ocr_line' id='line_1_13' title="bbox 732 1350 2315 1435; baseline -0.011 -16"><span class='ocrx_word' id='word_1_82' title='bbox 732 1364 926 1435; x_wconf 86' lang='lat' dir='ltr'><strong>quisti,</strong></span> <span class='ocrx_word' id='word_1_83' title='bbox 961 1363 1082 1430; x_wconf 85' lang='lat' dir='ltr'><strong>ejus</strong></span> <span class='ocrx_word' id='word_1_84' title='bbox 1118 1371 1248 1414; x_wconf 89' lang='lat' dir='ltr'><strong>sunt</strong></span> <span class='ocrx_word' id='word_1_85' title='bbox 1282 1373 1444 1428; x_wconf 85' lang='lat' dir='ltr'><strong>quem</strong></span> <span class='ocrx_word' id='word_1_86' title='bbox 1483 1359 1871 1423; x_wconf 78' lang='lat' dir='ltr'><strong>interpretatus</strong></span> <span class='ocrx_word' id='word_1_87' title='bbox 1899 1366 1958 1406; x_wconf 91' lang='lat' dir='ltr'><strong>cs</strong></span> <span class='ocrx_word' id='word_1_88' title='bbox 1992 1350 2109 1419; x_wconf 80' lang='grc' dir='ltr'><strong>[ΑΙ.</strong></span> <span class='ocrx_word' id='word_1_89' title='bbox 2144 1350 2315 1404; x_wconf 86' lang='lat' dir='ltr'><strong>inter-</strong></span> 
     </span>
    </p>
   </div>
   <div class='ocr_carea' id='block_1_14' title="bbox 731 1443 2314 1528">
    <p class='ocr_par' dir='ltr' id='par_1_14' title="bbox 731 1443 2314 1528">
     <span class='ocr_line' id='line_1_14' title="bbox 731 1443 2314 1528; baseline -0.011 -15"><span class='ocrx_word' id='word_1_90' title='bbox 731 1454 1090 1528; x_wconf 85' lang='lat' dir='ltr'><strong>pretabaris];</strong></span> <span class='ocrx_word' id='word_1_91' title='bbox 1121 1453 1279 1525; x_wconf 79' lang='lat'><strong>503</strong></span> <span class='ocrx_word' id='word_1_92' title='bbox 1321 1448 1613 1519; x_wconf 86' lang='lat' dir='ltr'><strong>responde,</strong></span> <span class='ocrx_word' id='word_1_93' title='bbox 1647 1457 1831 1500; x_wconf 90' lang='lat' dir='ltr'><strong>utrum</strong></span> <span class='ocrx_word' id='word_1_94' title='bbox 1873 1447 2041 1511; x_wconf 89' lang='lat' dir='ltr'><strong>bona,</strong></span> <span class='ocrx_word' id='word_1_95' title='bbox 2072 1459 2140 1497; x_wconf 92' lang='lat' dir='ltr'><strong>an</strong></span> <span class='ocrx_word' id='word_1_96' title='bbox 2176 1443 2314 1496; x_wconf 82' lang='lat' dir='ltr'><strong>mala</strong></span> 
     </span>
    </p>
   </div>
   <div class='ocr_carea' id='block_1_15' title="bbox 734 1535 2314 1609">
    <p class='ocr_par' dir='ltr' id='par_1_15' title="bbox 734 1535 2314 1609">
     <span class='ocr_line' id='line_1_15' title="bbox 734 1535 2314 1609; baseline -0.012 -3"><span class='ocrx_word' id='word_1_97' title='bbox 734 1551 881 1608; x_wconf 76' lang='lat' dir='ltr'><strong>sint?</strong></span> <span class='ocrx_word' id='word_1_98' title='bbox 939 1549 1076 1604; x_wconf 80' lang='lat' dir='ltr'><strong>Mala</strong></span> <span class='ocrx_word' id='word_1_99' title='bbox 1112 1545 1412 1600; x_wconf 79' lang='lat' dir='ltr'><strong>transferre</strong></span> <span class='ocrx_word' id='word_1_100' title='bbox 1469 1557 1575 1595; x_wconf 90' lang='lat' dir='ltr'><strong>non</strong></span> <span class='ocrx_word' id='word_1_101' title='bbox 1610 1549 1850 1609; x_wconf 89' lang='lat' dir='ltr'><strong>poteras.</strong></span> <span class='ocrx_word' id='word_1_102' title='bbox 1913 1537 2091 1591; x_wconf 85' lang='lat' dir='ltr'><strong>Semel</strong></span> <span class='ocrx_word' id='word_1_103' title='bbox 2147 1535 2314 1598; x_wconf 91' lang='lat' dir='ltr'><strong>enim,</strong></span> 
     </span>
    </p>
   </div>
   <div class='ocr_carea' id='block_1_16' title="bbox 735 1627 2314 1714">
    <p class='ocr_par' dir='ltr' id='par_1_16' title="bbox 735 1627 2314 1714">
     <span class='ocr_line' id='line_1_16' title="bbox 735 1627 2314 1714; baseline -0.013 -15"><span class='ocrx_word' id='word_1_104' title='bbox 735 1660 859 1714; x_wconf 63' lang='lat' dir='ltr'><strong>qua</strong></span> <span class='ocrx_word' id='word_1_105' title='bbox 910 1643 982 1696; x_wconf 83' lang='lat' dir='ltr'><strong>ab</strong></span> <span class='ocrx_word' id='word_1_106' title='bbox 1028 1639 1304 1694; x_wconf 70' lang='lat' dir='ltr'><strong>lmreticis</strong></span> <span class='ocrx_word' id='word_1_107' title='bbox 1347 1635 1528 1691; x_wconf 88' lang='lat' dir='ltr'><strong>addita</strong></span> <span class='ocrx_word' id='word_1_108' title='bbox 1583 1638 1819 1695; x_wconf 88' lang='lat' dir='ltr'><strong>luerant,</strong></span> <span class='ocrx_word' id='word_1_109' title='bbox 1849 1629 2164 1698; x_wconf 87' lang='lat' dir='ltr'><strong>amputasti.</strong></span> <span class='ocrx_word' id='word_1_110' title='bbox 2203 1627 2314 1680; x_wconf 85' lang='lat' dir='ltr'><strong>Nisi</strong></span> 
     </span>
    </p>
   </div>
   <div class='ocr_carea' id='block_1_17' title="bbox 738 1721 2317 1792">
    <p class='ocr_par' dir='ltr' id='par_1_17' title="bbox 738 1721 2317 1792">
     <span class='ocr_line' id='line_1_17' title="bbox 738 1721 2317 1792; baseline -0.013 -1"><span class='ocrx_word' id='word_1_111' title='bbox 738 1737 876 1791; x_wconf 90' lang='lat' dir='ltr'><strong>forte</strong></span> <span class='ocrx_word' id='word_1_112' title='bbox 944 1734 1328 1789; x_wconf 75' lang='lat' dir='ltr'><strong>haereticorum</strong></span> <span class='ocrx_word' id='word_1_113' title='bbox 1390 1728 1532 1782; x_wconf 84' lang='lat' dir='ltr'><strong>mala</strong></span> <span class='ocrx_word' id='word_1_114' title='bbox 1587 1734 1870 1792; x_wconf 83' lang='lat' dir='ltr'><strong>amputare</strong></span> <span class='ocrx_word' id='word_1_115' title='bbox 1923 1721 2200 1781; x_wconf 87' lang='lat' dir='ltr'><strong>debueris,</strong></span> <span class='ocrx_word' id='word_1_116' title='bbox 2264 1728 2317 1771; x_wconf 86' lang='lat' dir='ltr'><strong>et</strong></span> 
     </span>
    </p>
   </div>
   <div class='ocr_carea' id='block_1_18' title="bbox 737 1810 2317 1894">
    <p class='ocr_par' dir='ltr' id='par_1_18' title="bbox 737 1810 2317 1894">
     <span class='ocr_line' id='line_1_18' title="bbox 737 1810 2317 1894; baseline -0.013 -10"><span class='ocrx_word' id='word_1_117' title='bbox 737 1827 993 1894; x_wconf 67' lang='lat' dir='ltr'><strong>Origenis</strong></span> <span class='ocrx_word' id='word_1_118' title='bbox 1030 1825 1245 1878; x_wconf 76' lang='lat' dir='ltr'><strong>errores</strong></span> <span class='ocrx_word' id='word_1_119' title='bbox 1279 1823 1330 1874; x_wconf 92' lang='lat' dir='ltr'><strong>in</strong></span> <span class='ocrx_word' id='word_1_120' title='bbox 1369 1819 1625 1872; x_wconf 88' lang='lat' dir='ltr'><strong>Latinum</strong></span> <span class='ocrx_word' id='word_1_121' title='bbox 1669 1816 1914 1882; x_wconf 77' lang='lat' dir='ltr'><strong>integros</strong></span> <span class='ocrx_word' id='word_1_122' title='bbox 1953 1822 2188 1865; x_wconf 88' lang='lat' dir='ltr'><strong>vertere.</strong></span> <span class='ocrx_word' id='word_1_123' title='bbox 2224 1810 2317 1864; x_wconf 86' lang='lat' dir='ltr'><strong>Dic</strong></span> 
     </span>
    </p>
   </div>
   <div class='ocr_carea' id='block_1_19' title="bbox 738 1903 2313 1990">
    <p class='ocr_par' dir='ltr' id='par_1_19' title="bbox 738 1903 2313 1990">
     <span class='ocr_line' id='line_1_19' title="bbox 738 1903 2313 1990; baseline -0.013 -16"><span class='ocrx_word' id='word_1_124' title='bbox 738 1936 892 1990; x_wconf 76' lang='lat' dir='ltr'><strong>ergo,</strong></span> <span class='ocrx_word' id='word_1_125' title='bbox 950 1930 1118 1987; x_wconf 84' lang='lat' dir='ltr'><strong>quare</strong></span> <span class='ocrx_word' id='word_1_126' title='bbox 1147 1911 1398 1981; x_wconf 75' lang='lat' dir='ltr'><strong>()rigenis</strong></span> <span class='ocrx_word' id='word_1_127' title='bbox 1434 1911 1576 1963; x_wconf 88' lang='lat' dir='ltr'><strong>mala</strong></span> <span class='ocrx_word' id='word_1_128' title='bbox 1613 1908 1666 1961; x_wconf 92' lang='lat' dir='ltr'><strong>in</strong></span> <span class='ocrx_word' id='word_1_129' title='bbox 1720 1907 1974 1960; x_wconf 88' lang='lat' dir='ltr'><strong>Latinum</strong></span> <span class='ocrx_word' id='word_1_130' title='bbox 2030 1903 2261 1958; x_wconf 84' lang='lat' dir='ltr'><strong>verteris</strong></span> <span class='ocrx_word' id='word_1_131' title='bbox 2299 1917 2313 1954; x_wconf 91' lang='lat'><strong>:</strong></span> 
     </span>
    </p>
   </div>
   <div class='ocr_carea' id='block_1_20' title="bbox 742 1994 2314 2073">
    <p class='ocr_par' dir='ltr' id='par_1_20' title="bbox 742 1994 2314 2073">
     <span class='ocr_line' id='line_1_20' title="bbox 742 1994 2314 2073; baseline -0.015 -4"><span class='ocrx_word' id='word_1_132' title='bbox 742 2021 1108 2069; x_wconf 77' lang='lat' dir='ltr'><strong>ntaurtorem</strong></span> <span class='ocrx_word' id='word_1_133' title='bbox 1168 2005 1293 2058; x_wconf 87' lang='lat' dir='ltr'><strong>mali</strong></span> <span class='ocrx_word' id='word_1_134' title='bbox 1351 2003 1632 2073; x_wconf 88' lang='lat' dir='ltr'><strong>proderes.</strong></span> <span class='ocrx_word' id='word_1_135' title='bbox 1692 2016 1760 2052; x_wconf 86' lang='lat' dir='ltr'><strong>an</strong></span> <span class='ocrx_word' id='word_1_136' title='bbox 1821 2006 1879 2050; x_wconf 92' lang='lat' dir='ltr'><strong>ut</strong></span> <span class='ocrx_word' id='word_1_137' title='bbox 1912 1996 2204 2049; x_wconf 81' lang='lat' dir='ltr'><strong>laudares?</strong></span> <span class='ocrx_word' id='word_1_138' title='bbox 2259 1994 2314 2047; x_wconf 89' lang='lat' dir='ltr'><strong>Si</strong></span> 
     </span>
    </p>
   </div>
   <div class='ocr_carea' id='block_1_21' title="bbox 745 2086 2318 2175">
    <p class='ocr_par' dir='ltr' id='par_1_21' title="bbox 745 2086 2318 2175">
     <span class='ocr_line' id='line_1_21' title="bbox 745 2086 2318 2175; baseline -0.013 -17"><span class='ocrx_word' id='word_1_139' title='bbox 745 2105 946 2175; x_wconf 86' lang='lat' dir='ltr'><strong>prodis,</strong></span> <span class='ocrx_word' id='word_1_140' title='bbox 987 2103 1039 2154; x_wconf 94' lang='lat' dir='ltr'><strong>in</strong></span> <span class='ocrx_word' id='word_1_141' title='bbox 1075 2097 1392 2169; x_wconf 65' lang='lat' dir='ltr'><strong>praefatione</strong></span> <span class='ocrx_word' id='word_1_142' title='bbox 1426 2109 1524 2147; x_wconf 84' lang='lat' dir='ltr'><strong>cur</strong></span> <span class='ocrx_word' id='word_1_143' title='bbox 1583 2089 1814 2146; x_wconf 82' lang='lat' dir='ltr'><strong>laudas?</strong></span> <span class='ocrx_word' id='word_1_144' title='bbox 1867 2089 1922 2141; x_wconf 85' lang='lat' dir='ltr'><strong>Si</strong></span> <span class='ocrx_word' id='word_1_145' title='bbox 1962 2089 2170 2152; x_wconf 84' lang='lat' dir='ltr'><strong>laudas,</strong></span> <span class='ocrx_word' id='word_1_146' title='bbox 2209 2086 2318 2138; x_wconf 56' lang='lat' dir='ltr'><strong>hat.-</strong></span> 
     </span>
    </p>
   </div>
   <div class='ocr_carea' id='block_1_22' title="bbox 742 2180 2324 2262">
    <p class='ocr_par' dir='ltr' id='par_1_22' title="bbox 742 2180 2324 2262">
     <span class='ocr_line' id='line_1_22' title="bbox 742 2180 2324 2262; baseline -0.012 -13"><span class='ocrx_word' id='word_1_147' title='bbox 742 2198 947 2250; x_wconf 79' lang='lat' dir='ltr'><strong>reticus</strong></span> <span class='ocrx_word' id='word_1_148' title='bbox 980 2189 1327 2262; x_wconf 74' lang='lat' dir='ltr'><strong>approbaris.</strong></span> <span class='ocrx_word' id='word_1_149' title='bbox 1362 2186 1575 2247; x_wconf 81' lang='lat' dir='ltr'><strong>Restat,</strong></span> <span class='ocrx_word' id='word_1_150' title='bbox 1604 2195 1661 2237; x_wconf 94' lang='lat' dir='ltr'><strong>ut</strong></span> <span class='ocrx_word' id='word_1_151' title='bbox 1691 2183 1847 2252; x_wconf 82' lang='lat' dir='ltr'><strong>quasi</strong></span> <span class='ocrx_word' id='word_1_152' title='bbox 1901 2185 2041 2235; x_wconf 88' lang='lat' dir='ltr'><strong>bona</strong></span> <span class='ocrx_word' id='word_1_153' title='bbox 2075 2180 2324 2250; x_wconf 85' lang='lat' dir='ltr'><strong>protule-</strong></span> 
     </span>
    </p>
   </div>
   <div class='ocr_carea' id='block_1_23' title="bbox 744 2273 2323 2348">
    <p class='ocr_par' dir='ltr' id='par_1_23' title="bbox 744 2273 2323 2348">
     <span class='ocr_line' id='line_1_23' title="bbox 744 2273 2323 2348; baseline -0.011 -6"><span class='ocrx_word' id='word_1_154' title='bbox 744 2293 851 2343; x_wconf 88' lang='lat' dir='ltr'><strong>ris.</strong></span> <span class='ocrx_word' id='word_1_155' title='bbox 882 2285 942 2338; x_wconf 87' lang='lat' dir='ltr'><strong>Si</strong></span> <span class='ocrx_word' id='word_1_156' title='bbox 973 2287 1086 2338; x_wconf 65' lang='lat' dir='ltr'><strong>haec</strong></span> <span class='ocrx_word' id='word_1_157' title='bbox 1115 2281 1297 2336; x_wconf 87' lang='lat' dir='ltr'><strong>omnia</strong></span> <span class='ocrx_word' id='word_1_158' title='bbox 1329 2279 1632 2348; x_wconf 85' lang='lat' dir='ltr'><strong>probantur</strong></span> <span class='ocrx_word' id='word_1_159' title='bbox 1681 2276 1847 2338; x_wconf 86' lang='lat' dir='ltr'><strong>mala,</strong></span> <span class='ocrx_word' id='word_1_160' title='bbox 1879 2275 2043 2341; x_wconf 76' lang='lat' dir='ltr'><strong>igitur</strong></span> <span class='ocrx_word' id='word_1_161' title='bbox 2074 2273 2237 2325; x_wconf 88' lang='lat' dir='ltr'><strong>nnitts</strong></span> <span class='ocrx_word' id='word_1_162' title='bbox 2267 2281 2323 2324; x_wconf 85' lang='lat' dir='ltr'><strong>ct</strong></span> 
     </span>
    </p>
   </div>
   <div class='ocr_carea' id='block_1_24' title="bbox 745 2362 2324 2443">
    <p class='ocr_par' dir='ltr' id='par_1_24' title="bbox 745 2362 2324 2443">
     <span class='ocr_line' id='line_1_24' title="bbox 745 2362 2324 2443; baseline -0.013 -12"><span class='ocrx_word' id='word_1_163' title='bbox 745 2388 939 2432; x_wconf 88' lang='lat' dir='ltr'><strong>auctor</strong></span> <span class='ocrx_word' id='word_1_164' title='bbox 969 2385 1020 2430; x_wconf 90' lang='lat' dir='ltr'><strong>et</strong></span> <span class='ocrx_word' id='word_1_165' title='bbox 1049 2377 1320 2443; x_wconf 81' lang='lat' dir='ltr'><strong>interpres</strong></span> <span class='ocrx_word' id='word_1_166' title='bbox 1349 2371 1428 2425; x_wconf 87' lang='lat' dir='ltr'><strong>rei</strong></span> <span class='ocrx_word' id='word_1_167' title='bbox 1464 2369 1714 2422; x_wconf 84' lang='lat' dir='ltr'><strong>criminis</strong></span> <span class='ocrx_word' id='word_1_168' title='bbox 1743 2375 1926 2430; x_wconf 88' lang='lat' dir='ltr'><strong>erunt,</strong></span> <span class='ocrx_word' id='word_1_169' title='bbox 1983 2374 2036 2416; x_wconf 88' lang='lat' dir='ltr'><strong>et</strong></span> <span class='ocrx_word' id='word_1_170' title='bbox 2077 2362 2324 2430; x_wconf 82' lang='lat' dir='ltr'><strong>implebi-</strong></span> 
     </span>
    </p>
   </div>
   <div class='ocr_carea' id='block_1_25' title="bbox 746 2457 2324 2528">
    <p class='ocr_par' dir='ltr' id='par_1_25' title="bbox 746 2457 2324 2528">
     <span class='ocr_line' id='line_1_25' title="bbox 746 2457 2324 2528; baseline -0.011 -4"><span class='ocrx_word' id='word_1_171' title='bbox 746 2480 834 2524; x_wconf 90' lang='lat' dir='ltr'><strong>tur</strong></span> <span class='ocrx_word' id='word_1_172' title='bbox 889 2468 977 2521; x_wconf 89' lang='lat' dir='ltr'><strong>illa</strong></span> <span class='ocrx_word' id='word_1_173' title='bbox 1035 2466 1353 2521; x_wconf 83' lang='lat' dir='ltr'><strong>sententia:</strong></span> <span class='ocrx_word' id='word_1_174' title='bbox 1426 2461 1652 2515; x_wconf 72' lang='lat' dir='ltr'><strong>Videbat</strong></span> <span class='ocrx_word' id='word_1_175' title='bbox 1718 2459 1916 2528; x_wconf 78' lang='lat' dir='ltr'><strong>furem,</strong></span> <span class='ocrx_word' id='word_1_176' title='bbox 1971 2469 2019 2509; x_wconf 75' lang='lat' dir='ltr'><strong>et</strong></span> <span class='ocrx_word' id='word_1_177' title='bbox 2079 2457 2324 2508; x_wconf 71' lang='lat' dir='ltr'><strong>nrrrebas</strong></span> 
     </span>
    </p>
   </div>
   <div class='ocr_carea' id='block_1_26' title="bbox 746 2552 2324 2623">
    <p class='ocr_par' dir='ltr' id='par_1_26' title="bbox 746 2552 2324 2623">
     <span class='ocr_line' id='line_1_26' title="bbox 746 2552 2324 2623; baseline -0.008 -9"><span class='ocrx_word' id='word_1_178' title='bbox 746 2580 862 2617; x_wconf 76' lang='lat' dir='ltr'><strong>rum</strong></span> <span class='ocrx_word' id='word_1_179' title='bbox 890 2579 949 2614; x_wconf 84' lang='lat' dir='ltr'><strong>eo</strong></span> <span class='ocrx_word' id='word_1_180' title='bbox 982 2575 999 2614; x_wconf 91' lang='lat'><strong><em>:</em></strong></span> <span class='ocrx_word' id='word_1_181' title='bbox 1031 2573 1076 2613; x_wconf 84' lang='lat' dir='ltr'><strong>et</strong></span> <span class='ocrx_word' id='word_1_182' title='bbox 1117 2575 1230 2612; x_wconf 84' lang='lat' dir='ltr'><strong>cum</strong></span> <span class='ocrx_word' id='word_1_183' title='bbox 1261 2555 1520 2609; x_wconf 82' lang='lat' dir='ltr'><strong>adulteris</strong></span> <span class='ocrx_word' id='word_1_184' title='bbox 1574 2553 1870 2623; x_wconf 81' lang='lat' dir='ltr'><strong>portionem</strong></span> <span class='ocrx_word' id='word_1_185' title='bbox 1908 2561 2056 2602; x_wconf 86' lang='lat' dir='ltr'><strong>tuam</strong></span> <span class='ocrx_word' id='word_1_186' title='bbox 2095 2552 2324 2619; x_wconf 65' lang='lat' dir='ltr'><strong>ponebas</strong></span> 
     </span>
    </p>
   </div>
   <div class='ocr_carea' id='block_1_27' title="bbox 751 2644 2322 2727">
    <p class='ocr_par' dir='ltr' id='par_1_27' title="bbox 751 2644 2322 2727">
     <span class='ocr_line' id='line_1_27' title="bbox 751 2644 2322 2727; baseline -0.014 -15"><span class='ocrx_word' id='word_1_187' title='bbox 751 2657 930 2727; x_wconf 79' lang='lat' dir='ltr'><strong>(Psal.</strong></span> <span class='ocrx_word' id='word_1_188' title='bbox 965 2672 1109 2717; x_wconf 77' lang='lat' dir='ltr'><strong>xm,</strong></span> <span class='ocrx_word' id='word_1_189' title='bbox 1144 2652 1258 2723; x_wconf 84' lang='lat' dir='ltr'><strong>i8).</strong></span> <span class='ocrx_word' id='word_1_190' title='bbox 1315 2649 1433 2703; x_wconf 77' lang='lat' dir='ltr'><strong>Non</strong></span> <span class='ocrx_word' id='word_1_191' title='bbox 1492 2657 1576 2701; x_wconf 91' lang='lat' dir='ltr'><strong>est</strong></span> <span class='ocrx_word' id='word_1_192' title='bbox 1639 2658 1862 2699; x_wconf 88' lang='lat' dir='ltr'><strong>necesse</strong></span> <span class='ocrx_word' id='word_1_193' title='bbox 1919 2659 2032 2697; x_wconf 89' lang='lat' dir='ltr'><strong>rem</strong></span> <span class='ocrx_word' id='word_1_194' title='bbox 2087 2644 2322 2712; x_wconf 83' lang='lat' dir='ltr'><strong>planam,</strong></span> 
     </span>
    </p>
   </div>
   <div class='ocr_carea' id='block_1_28' title="bbox 751 2735 2325 2818">
    <p class='ocr_par' dir='ltr' id='par_1_28' title="bbox 751 2735 2325 2818">
     <span class='ocr_line' id='line_1_28' title="bbox 751 2735 2325 2818; baseline -0.011 -16"><span class='ocrx_word' id='word_1_195' title='bbox 751 2749 1227 2818; x_wconf 74' lang='lat' dir='ltr'><strong>argumentatione</strong></span> <span class='ocrx_word' id='word_1_196' title='bbox 1278 2741 1499 2796; x_wconf 87' lang='lat' dir='ltr'><strong>dubiam</strong></span> <span class='ocrx_word' id='word_1_197' title='bbox 1579 2737 1779 2792; x_wconf 84' lang='lat' dir='ltr'><strong>facere.</strong></span> <span class='ocrx_word' id='word_1_198' title='bbox 1841 2735 1996 2800; x_wconf 89' lang='lat' dir='ltr'><strong>Ouod</strong></span> <span class='ocrx_word' id='word_1_199' title='bbox 2059 2737 2325 2803; x_wconf 86' lang='lat' dir='ltr'><strong>sequitur,</strong></span> 
     </span>
    </p>
   </div>
   <div class='ocr_carea' id='block_1_29' title="bbox 752 2829 2328 2911">
    <p class='ocr_par' dir='ltr' id='par_1_29' title="bbox 752 2829 2328 2911">
     <span class='ocr_line' id='line_1_29' title="bbox 752 2829 2328 2911; baseline -0.009 -15"><span class='ocrx_word' id='word_1_200' title='bbox 752 2841 1099 2911; x_wconf 84' lang='lat' dir='ltr'><strong>respondeat,</strong></span> <span class='ocrx_word' id='word_1_201' title='bbox 1131 2838 1274 2890; x_wconf 89' lang='lat' dir='ltr'><strong>unde</strong></span> <span class='ocrx_word' id='word_1_202' title='bbox 1306 2834 1381 2887; x_wconf 86' lang='lat' dir='ltr'><strong>illi</strong></span> <span class='ocrx_word' id='word_1_203' title='bbox 1414 2835 1488 2888; x_wconf 88' lang='lat' dir='ltr'><strong>sit</strong></span> <span class='ocrx_word' id='word_1_204' title='bbox 1523 2841 1641 2885; x_wconf 88' lang='lat' dir='ltr'><strong>orta</strong></span> <span class='ocrx_word' id='word_1_205' title='bbox 1672 2830 1940 2899; x_wconf 85' lang='lat' dir='ltr'><strong>suspicio,</strong></span> <span class='ocrx_word' id='word_1_206' title='bbox 1977 2831 2093 2883; x_wconf 63' lang='lat' dir='ltr'><strong>haec</strong></span> <span class='ocrx_word' id='word_1_207' title='bbox 2123 2829 2193 2882; x_wconf 90' lang='lat' dir='ltr'><strong>ab</strong></span> <span class='ocrx_word' id='word_1_208' title='bbox 2221 2830 2328 2882; x_wconf 74' lang='lat' dir='ltr'><strong>lite-</strong></span> 
     </span>
    </p>
   </div>
   <div class='ocr_carea' id='block_1_30' title="bbox 750 2921 2326 2992">
    <p class='ocr_par' dir='ltr' id='par_1_30' title="bbox 750 2921 2326 2992">
     <span class='ocr_line' id='line_1_30' title="bbox 750 2921 2326 2992; baseline -0.009 -6"><span class='ocrx_word' id='word_1_209' title='bbox 750 2932 937 2986; x_wconf 76' lang='lat' dir='ltr'><strong>reiicis</strong></span> <span class='ocrx_word' id='word_1_210' title='bbox 974 2926 1197 2983; x_wconf 85' lang='lat' dir='ltr'><strong>addita?</strong></span> <span class='ocrx_word' id='word_1_211' title='bbox 1251 2944 1269 2976; x_wconf 74' lang='grc' dir='ltr'>ι</span> <span class='ocrx_word' id='word_1_212' title='bbox 1303 2924 1466 2990; x_wconf 86' lang='lat' dir='ltr'><strong>Quia,</strong></span> <span class='ocrx_word' id='word_1_213' title='bbox 1497 2923 1698 2992; x_wconf 89' lang='lat' dir='ltr'><strong>inquit,</strong></span> <span class='ocrx_word' id='word_1_214' title='bbox 1727 2923 1795 2976; x_wconf 89' lang='lat' dir='ltr'><strong>de</strong></span> <span class='ocrx_word' id='word_1_215' title='bbox 1830 2922 2035 2975; x_wconf 89' lang='lat' dir='ltr'><strong>eisdem</strong></span> <span class='ocrx_word' id='word_1_216' title='bbox 2070 2921 2235 2974; x_wconf 87' lang='lat' dir='ltr'><strong>rebus</strong></span> <span class='ocrx_word' id='word_1_217' title='bbox 2274 2921 2326 2973; x_wconf 92' lang='lat' dir='ltr'><strong>in</strong></span> 
     </span>
    </p>
   </div>
   <div class='ocr_carea' id='block_1_31' title="bbox 751 3013 2328 3088">
    <p class='ocr_par' dir='ltr' id='par_1_31' title="bbox 751 3013 2328 3088">
     <span class='ocr_line' id='line_1_31' title="bbox 751 3013 2328 3088; baseline -0.008 -10"><span class='ocrx_word' id='word_1_218' title='bbox 751 3025 874 3078; x_wconf 91' lang='lat' dir='ltr'><strong>aliis</strong></span> <span class='ocrx_word' id='word_1_219' title='bbox 887 3023 1022 3076; x_wconf 92' lang='lat' dir='ltr'><strong>locis</strong></span> <span class='ocrx_word' id='word_1_220' title='bbox 1039 3019 1276 3088; x_wconf 82' lang='lat' dir='ltr'><strong>ejusdem</strong></span> <span class='ocrx_word' id='word_1_221' title='bbox 1297 3017 1537 3071; x_wconf 90' lang='lat' dir='ltr'><strong>auctoris</strong></span> <span class='ocrx_word' id='word_1_222' title='bbox 1550 3014 1812 3070; x_wconf 88' lang='lat' dir='ltr'><strong>catholice</strong></span> <span class='ocrx_word' id='word_1_223' title='bbox 1823 3015 2023 3068; x_wconf 88' lang='lat' dir='ltr'><strong>dictum</strong></span> <span class='ocrx_word' id='word_1_224' title='bbox 2039 3013 2290 3085; x_wconf 74' lang='lat' dir='ltr'><strong>legeram.</strong></span> <span class='ocrx_word' id='word_1_225' title='bbox 2307 3032 2328 3066; x_wconf 71' lang='grc' dir='ltr'><strong><em>ι</em></strong></span> 
     </span>
    </p>
   </div>
   <div class='ocr_carea' id='block_1_32' title="bbox 826 3105 2334 3181">
    <p class='ocr_par' dir='ltr' id='par_1_32' title="bbox 826 3105 2334 3181">
     <span class='ocr_line' id='line_1_32' title="bbox 826 3105 2334 3181; baseline -0.007 -11"><span class='ocrx_word' id='word_1_226' title='bbox 826 3115 914 3170; x_wconf 73' lang='grc'><strong>12.</strong></span> <span class='ocrx_word' id='word_1_227' title='bbox 955 3112 1199 3181; x_wconf 82' lang='lat' dir='ltr'><strong>Origem&#39;s</strong></span> <span class='ocrx_word' id='word_1_228' title='bbox 1245 3110 1515 3163; x_wconf 64' lang='lat' dir='ltr'><strong>heretica.</strong></span> <span class='ocrx_word' id='word_1_229' title='bbox 1546 3139 1617 3150; x_wconf 91' lang='lat'><strong>—-</strong></span> <span class='ocrx_word' id='word_1_230' title='bbox 1664 3105 1980 3171; x_wconf 73' lang='lat' dir='ltr'><strong>Videamus,</strong></span> <span class='ocrx_word' id='word_1_231' title='bbox 2036 3108 2181 3175; x_wconf 91' lang='lat' dir='ltr'><strong>quod</strong></span> <span class='ocrx_word' id='word_1_232' title='bbox 2220 3108 2334 3174; x_wconf 90' lang='lat' dir='ltr'><strong>pri-</strong></span> 
     </span>
    </p>
   </div>
   <div class='ocr_carea' id='block_1_33' title="bbox 2409 605 3992 678">
    <p class='ocr_par' dir='ltr' id='par_1_33' title="bbox 2409 605 3992 678">
     <span class='ocr_line' id='line_1_33' title="bbox 2409 605 3992 678; baseline -0.006 -15"><span class='ocrx_word' id='word_1_233' title='bbox 2409 609 2682 674; x_wconf 75' lang='lat' dir='ltr'><strong>:equitatis</strong></span> <span class='ocrx_word' id='word_1_234' title='bbox 2729 607 3104 678; x_wconf 82' lang='lat' dir='ltr'><strong>pervenerint.</strong></span> <span class='ocrx_word' id='word_1_235' title='bbox 3161 615 3216 660; x_wconf 92' lang='lat' dir='ltr'><strong>et</strong></span> <span class='ocrx_word' id='word_1_236' title='bbox 3284 605 3640 661; x_wconf 88' lang='lat' dir='ltr'><strong>rationabiles</strong></span> <span class='ocrx_word' id='word_1_237' title='bbox 3699 613 3992 660; x_wconf 79' lang='lat' dir='ltr'><strong>creaturas</strong></span> 
     </span>
    </p>
   </div>
   <div class='ocr_carea' id='block_1_34' title="bbox 2411 699 3992 776">
    <p class='ocr_par' dir='ltr' id='par_1_34' title="bbox 2411 699 3992 776">
     <span class='ocr_line' id='line_1_34' title="bbox 2411 699 3992 776; baseline -0.006 -16"><span class='ocrx_word' id='word_1_238' title='bbox 2411 703 2573 776; x_wconf 68' lang='grc'><strong>504</strong></span> <span class='ocrx_word' id='word_1_239' title='bbox 2618 706 2765 758; x_wconf 91' lang='lat' dir='ltr'><strong>omni</strong></span> <span class='ocrx_word' id='word_1_240' title='bbox 2823 718 3117 774; x_wconf 89' lang='lat' dir='ltr'><strong>corporum</strong></span> <span class='ocrx_word' id='word_1_241' title='bbox 3177 701 3309 756; x_wconf 63' lang='lat' dir='ltr'><strong>face</strong></span> <span class='ocrx_word' id='word_1_242' title='bbox 3362 702 3632 771; x_wconf 88' lang='lat' dir='ltr'><strong>deposita,</strong></span> <span class='ocrx_word' id='word_1_243' title='bbox 3687 714 3868 753; x_wconf 77' lang='lat' dir='ltr'><strong>novus</strong></span> <span class='ocrx_word' id='word_1_244' title='bbox 3924 699 3992 751; x_wconf 89' lang='lat' dir='ltr'><strong>de</strong></span> 
     </span>
    </p>
   </div>
   <div class='ocr_carea' id='block_1_35' title="bbox 2413 779 3994 867">
    <p class='ocr_par' dir='ltr' id='par_1_35' title="bbox 2413 779 3994 867">
     <span class='ocr_line' id='line_1_35' title="bbox 2413 779 3994 867; baseline -0.004 -17"><span class='ocrx_word' id='word_1_245' title='bbox 2413 797 2598 850; x_wconf 90' lang='lat' dir='ltr'><strong>mundi</strong></span> <span class='ocrx_word' id='word_1_246' title='bbox 2675 794 2871 850; x_wconf 74' lang='lat' dir='ltr'><strong>exsilio</strong></span> <span class='ocrx_word' id='word_1_247' title='bbox 2932 794 3116 867; x_wconf 86' lang='lat' dir='ltr'><strong>pepuli</strong></span> <span class='ocrx_word' id='word_1_248' title='bbox 3208 779 3534 849; x_wconf 79' lang='lat' dir='ltr'><strong>revertentis</strong></span> <span class='ocrx_word' id='word_1_249' title='bbox 3599 791 3994 848; x_wconf 80' lang='lat' dir='ltr'><strong>monstraverit</strong></span> 
     </span>
    </p>
   </div>
   <div class='ocr_carea' id='block_1_36' title="bbox 2413 886 3993 958">
    <p class='ocr_par' dir='ltr' id='par_1_36' title="bbox 2413 886 3993 958">
     <span class='ocr_line' id='line_1_36' title="bbox 2413 886 3993 958; baseline -0.004 -15"><span class='ocrx_word' id='word_1_250' title='bbox 2413 890 2711 954; x_wconf 76' lang='lat' dir='ltr'><strong>exercitus,</strong></span> <span class='ocrx_word' id='word_1_251' title='bbox 2746 899 2877 944; x_wconf 79' lang='lat' dir='ltr'><strong>tune</strong></span> <span class='ocrx_word' id='word_1_252' title='bbox 2910 904 3106 945; x_wconf 84' lang='lat' dir='ltr'><strong>rursus</strong></span> <span class='ocrx_word' id='word_1_253' title='bbox 3136 903 3200 942; x_wconf 81' lang='lat' dir='ltr'><strong>ex</strong></span> <span class='ocrx_word' id='word_1_254' title='bbox 3235 888 3344 942; x_wconf 89' lang='lat' dir='ltr'><strong>alio</strong></span> <span class='ocrx_word' id='word_1_255' title='bbox 3370 886 3642 958; x_wconf 91' lang='lat' dir='ltr'><strong>principio</strong></span> <span class='ocrx_word' id='word_1_256' title='bbox 3677 886 3794 940; x_wconf 83' lang='lat' dir='ltr'><strong>fieri</strong></span> <span class='ocrx_word' id='word_1_257' title='bbox 3831 902 3993 938; x_wconf 86' lang='lat' dir='ltr'><strong>mun-</strong></span> 
     </span>
    </p>
   </div>
   <div class='ocr_carea' id='block_1_37' title="bbox 2414 979 3996 1053">
    <p class='ocr_par' dir='ltr' id='par_1_37' title="bbox 2414 979 3996 1053">
     <span class='ocr_line' id='line_1_37' title="bbox 2414 979 3996 1053; baseline -0.003 -17"><span class='ocrx_word' id='word_1_258' title='bbox 2414 983 2544 1037; x_wconf 91' lang='lat' dir='ltr'><strong>dum</strong></span> <span class='ocrx_word' id='word_1_259' title='bbox 2602 985 2790 1048; x_wconf 86' lang='lat' dir='ltr'><strong>alium,</strong></span> <span class='ocrx_word' id='word_1_260' title='bbox 2821 991 2874 1039; x_wconf 89' lang='lat' dir='ltr'><strong>et</strong></span> <span class='ocrx_word' id='word_1_261' title='bbox 2925 984 3031 1037; x_wconf 87' lang='lat' dir='ltr'><strong>alia</strong></span> <span class='ocrx_word' id='word_1_262' title='bbox 3080 996 3331 1052; x_wconf 87' lang='lat' dir='ltr'><strong>corpora,</strong></span> <span class='ocrx_word' id='word_1_263' title='bbox 3386 981 3590 1053; x_wconf 86' lang='lat' dir='ltr'><strong>quibus</strong></span> <span class='ocrx_word' id='word_1_264' title='bbox 3646 980 3897 1034; x_wconf 75' lang='lat' dir='ltr'><strong>labentes</strong></span> <span class='ocrx_word' id='word_1_265' title='bbox 3930 979 3996 1031; x_wconf 89' lang='lat' dir='ltr'><strong>de</strong></span> 
     </span>
    </p>
   </div>
   <div class='ocr_carea' id='block_1_38' title="bbox 2415 1074 3998 1138">
    <p class='ocr_par' dir='ltr' id='par_1_38' title="bbox 2415 1074 3998 1138">
     <span class='ocr_line' id='line_1_38' title="bbox 2415 1074 3998 1138; baseline -0.003 -10"><span class='ocrx_word' id='word_1_266' title='bbox 2415 1077 2557 1131; x_wconf 71' lang='lat' dir='ltr'><strong>coelo</strong></span> <span class='ocrx_word' id='word_1_267' title='bbox 2583 1079 2780 1131; x_wconf 66' lang='lat' dir='ltr'><strong>animae</strong></span> <span class='ocrx_word' id='word_1_268' title='bbox 2811 1077 3137 1138; x_wconf 82' lang='lat' dir='ltr'><strong>vestiantur,</strong></span> <span class='ocrx_word' id='word_1_269' title='bbox 3167 1087 3224 1130; x_wconf 92' lang='lat' dir='ltr'><strong>ut</strong></span> <span class='ocrx_word' id='word_1_270' title='bbox 3253 1076 3550 1130; x_wconf 89' lang='lat' dir='ltr'><strong>verendum</strong></span> <span class='ocrx_word' id='word_1_271' title='bbox 3616 1074 3774 1127; x_wconf 89' lang='lat' dir='ltr'><strong>nobis</strong></span> <span class='ocrx_word' id='word_1_272' title='bbox 3801 1075 3896 1134; x_wconf 89' lang='lat' dir='ltr'><strong>sit,</strong></span> <span class='ocrx_word' id='word_1_273' title='bbox 3931 1086 3998 1124; x_wconf 91' lang='lat' dir='ltr'><strong>ne</strong></span> 
     </span>
    </p>
   </div>
   <div class='ocr_carea' id='block_1_39' title="bbox 2415 1165 3996 1239">
    <p class='ocr_par' dir='ltr' id='par_1_39' title="bbox 2415 1165 3996 1239">
     <span class='ocr_line' id='line_1_39' title="bbox 2415 1165 3996 1239; baseline -0.003 -19"><span class='ocrx_word' id='word_1_274' title='bbox 2415 1169 2508 1239; x_wconf 88' lang='lat' dir='ltr'><strong>qui</strong></span> <span class='ocrx_word' id='word_1_275' title='bbox 2535 1184 2680 1222; x_wconf 93' lang='lat' dir='ltr'><strong>nunc</strong></span> <span class='ocrx_word' id='word_1_276' title='bbox 2706 1169 2806 1223; x_wconf 84' lang='lat' dir='ltr'><strong>viri</strong></span> <span class='ocrx_word' id='word_1_277' title='bbox 2844 1184 3057 1234; x_wconf 89' lang='lat' dir='ltr'><strong>sumus,</strong></span> <span class='ocrx_word' id='word_1_278' title='bbox 3085 1177 3273 1238; x_wconf 88' lang='lat' dir='ltr'><strong>postea</strong></span> <span class='ocrx_word' id='word_1_279' title='bbox 3312 1179 3605 1223; x_wconf 85' lang='lat' dir='ltr'><strong>nascamur</strong></span> <span class='ocrx_word' id='word_1_280' title='bbox 3636 1167 3690 1220; x_wconf 90' lang='lat' dir='ltr'><strong>in</strong></span> <span class='ocrx_word' id='word_1_281' title='bbox 3722 1165 3996 1230; x_wconf 84' lang='lat' dir='ltr'><strong>feminas;</strong></span> 
     </span>
    </p>
   </div>
   <div class='ocr_carea' id='block_1_40' title="bbox 2419 1260 3999 1336">
    <p class='ocr_par' dir='ltr' id='par_1_40' title="bbox 2419 1260 3999 1336">
     <span class='ocr_line' id='line_1_40' title="bbox 2419 1260 3999 1336; baseline -0.006 -16"><span class='ocrx_word' id='word_1_282' title='bbox 2419 1272 2472 1320; x_wconf 88' lang='lat' dir='ltr'><strong>ct</strong></span> <span class='ocrx_word' id='word_1_283' title='bbox 2501 1279 2620 1334; x_wconf 74' lang='lat' dir='ltr'><strong>qu&#39;e</strong></span> <span class='ocrx_word' id='word_1_284' title='bbox 2653 1263 2816 1318; x_wconf 88' lang='lat' dir='ltr'><strong>hodie</strong></span> <span class='ocrx_word' id='word_1_285' title='bbox 2848 1264 3022 1334; x_wconf 75' lang='lat' dir='ltr'><strong>virgo,</strong></span> <span class='ocrx_word' id='word_1_286' title='bbox 3076 1275 3205 1318; x_wconf 92' lang='lat' dir='ltr'><strong>tunc</strong></span> <span class='ocrx_word' id='word_1_287' title='bbox 3235 1261 3348 1336; x_wconf 81' lang='grc' dir='ltr'><strong>[ΑΙ.</strong></span> <span class='ocrx_word' id='word_1_288' title='bbox 3384 1261 3594 1333; x_wconf 90' lang='lat' dir='ltr'><strong>postea]</strong></span> <span class='ocrx_word' id='word_1_289' title='bbox 3623 1262 3765 1315; x_wconf 88' lang='lat' dir='ltr'><strong>forte</strong></span> <span class='ocrx_word' id='word_1_290' title='bbox 3797 1260 3999 1328; x_wconf 83' lang='lat' dir='ltr'><strong>prosti-</strong></span> 
     </span>
    </p>
   </div>
   <div class='ocr_carea' id='block_1_41' title="bbox 2420 1355 3996 1427">
    <p class='ocr_par' dir='ltr' id='par_1_41' title="bbox 2420 1355 3996 1427">
     <span class='ocr_line' id='line_1_41' title="bbox 2420 1355 3996 1427; baseline -0.004 -15"><span class='ocrx_word' id='word_1_291' title='bbox 2420 1359 2606 1413; x_wconf 89' lang='lat' dir='ltr'><strong>bulum</strong></span> <span class='ocrx_word' id='word_1_292' title='bbox 2663 1357 2754 1413; x_wconf 87' lang='lat' dir='ltr'><strong>sit.</strong></span> <span class='ocrx_word' id='word_1_293' title='bbox 2789 1355 2914 1411; x_wconf 71' lang='lat' dir='ltr'><strong>Haec</strong></span> <span class='ocrx_word' id='word_1_294' title='bbox 2971 1359 3022 1411; x_wconf 92' lang='lat' dir='ltr'><strong>in</strong></span> <span class='ocrx_word' id='word_1_295' title='bbox 3074 1356 3326 1427; x_wconf 81' lang='lat' dir='ltr'><strong>Origenis</strong></span> <span class='ocrx_word' id='word_1_296' title='bbox 3381 1357 3533 1411; x_wconf 86' lang='lat' dir='ltr'><strong>libris</strong></span> <span class='ocrx_word' id='word_1_297' title='bbox 3575 1370 3679 1424; x_wconf 77' lang='lat' dir='ltr'><strong>ego</strong></span> <span class='ocrx_word' id='word_1_298' title='bbox 3740 1355 3996 1409; x_wconf 68' lang='lat' dir='ltr'><strong>literetira</strong></span> 
     </span>
    </p>
   </div>
   <div class='ocr_carea' id='block_1_42' title="bbox 2422 1448 3998 1519">
    <p class='ocr_par' dir='ltr' id='par_1_42' title="bbox 2422 1448 3998 1519">
     <span class='ocr_line' id='line_1_42' title="bbox 2422 1448 3998 1519; baseline -0.003 -17"><span class='ocrx_word' id='word_1_299' title='bbox 2422 1452 2592 1506; x_wconf 90' lang='lat' dir='ltr'><strong>doceo</strong></span> <span class='ocrx_word' id='word_1_300' title='bbox 2623 1469 2638 1505; x_wconf 86' lang='lat'><strong>:</strong></span> <span class='ocrx_word' id='word_1_301' title='bbox 2676 1460 2735 1504; x_wconf 91' lang='lat' dir='ltr'><strong>tu</strong></span> <span class='ocrx_word' id='word_1_302' title='bbox 2763 1450 3009 1514; x_wconf 78' lang='lat' dir='ltr'><strong>ostende,</strong></span> <span class='ocrx_word' id='word_1_303' title='bbox 3042 1451 3097 1504; x_wconf 91' lang='lat' dir='ltr'><strong>in</strong></span> <span class='ocrx_word' id='word_1_304' title='bbox 3129 1465 3238 1519; x_wconf 86' lang='lat' dir='ltr'><strong>quo</strong></span> <span class='ocrx_word' id='word_1_305' title='bbox 3287 1450 3409 1519; x_wconf 80' lang='lat' dir='ltr'><strong>ejus</strong></span> <span class='ocrx_word' id='word_1_306' title='bbox 3443 1461 3608 1518; x_wconf 84' lang='lat' dir='ltr'><strong>Opere</strong></span> <span class='ocrx_word' id='word_1_307' title='bbox 3657 1448 3748 1502; x_wconf 87' lang='lat' dir='ltr'><strong>his</strong></span> <span class='ocrx_word' id='word_1_308' title='bbox 3779 1457 3998 1500; x_wconf 79' lang='lat' dir='ltr'><strong>contra-</strong></span> 
     </span>
    </p>
   </div>
   <div class='ocr_carea' id='block_1_43' title="bbox 2421 1547 2757 1612">
    <p class='ocr_par' dir='ltr' id='par_1_43' title="bbox 2421 1547 2757 1612">
     <span class='ocr_line' id='line_1_43' title="bbox 2421 1547 2757 1612; baseline -0.009 -12"><span class='ocrx_word' id='word_1_309' title='bbox 2421 1547 2502 1600; x_wconf 86' lang='lat' dir='ltr'><strong>ria</strong></span> <span class='ocrx_word' id='word_1_310' title='bbox 2540 1547 2757 1612; x_wconf 72' lang='lat' dir='ltr'><strong>legeris.</strong></span> 
     </span>
    </p>
   </div>
   <div class='ocr_carea' id='block_1_44' title="bbox 2493 1631 4000 1705">
    <p class='ocr_par' dir='ltr' id='par_1_44' title="bbox 2493 1631 4000 1705">
     <span class='ocr_line' id='line_1_44' title="bbox 2493 1631 4000 1705; baseline -0.004 -13"><span class='ocrx_word' id='word_1_311' title='bbox 2493 1640 2581 1692; x_wconf 73' lang='grc'><strong>13.</strong></span> <span class='ocrx_word' id='word_1_312' title='bbox 2613 1638 2716 1692; x_wconf 76' lang='lat' dir='ltr'><strong>Sex</strong></span> <span class='ocrx_word' id='word_1_313' title='bbox 2744 1632 2920 1691; x_wconf 82' lang='lat' dir='ltr'><strong>millia</strong></span> <span class='ocrx_word' id='word_1_314' title='bbox 2946 1637 3201 1690; x_wconf 85' lang='lat' dir='ltr'><strong>librorum</strong></span> <span class='ocrx_word' id='word_1_315' title='bbox 3254 1635 3518 1705; x_wconf 79' lang='lat' dir='ltr'><strong>Origem’s.</strong></span> <span class='ocrx_word' id='word_1_316' title='bbox 3546 1665 3616 1676; x_wconf 95' lang='lat'><strong>—</strong></span> <span class='ocrx_word' id='word_1_317' title='bbox 3644 1631 3782 1688; x_wconf 84' lang='lat' dir='ltr'><strong>Nolo</strong></span> <span class='ocrx_word' id='word_1_318' title='bbox 3825 1633 4000 1692; x_wconf 70' lang='lat' dir='ltr'><strong>diras.</strong></span> 
     </span>
    </p>
   </div>
   <div class='ocr_carea' id='block_1_45' title="bbox 2423 1726 4003 1798">
    <p class='ocr_par' dir='ltr' id='par_1_45' title="bbox 2423 1726 4003 1798">
     <span class='ocr_line' id='line_1_45' title="bbox 2423 1726 4003 1798; baseline -0.003 -16"><span class='ocrx_word' id='word_1_319' title='bbox 2423 1729 2551 1796; x_wconf 64' lang='lat' dir='ltr'><strong>Quae</strong></span> <span class='ocrx_word' id='word_1_320' title='bbox 2583 1730 2650 1783; x_wconf 88' lang='lat' dir='ltr'><strong>de</strong></span> <span class='ocrx_word' id='word_1_321' title='bbox 2676 1731 2881 1784; x_wconf 87' lang='lat' dir='ltr'><strong>eisdem</strong></span> <span class='ocrx_word' id='word_1_322' title='bbox 2909 1731 3077 1786; x_wconf 87' lang='lat' dir='ltr'><strong>rebus</strong></span> <span class='ocrx_word' id='word_1_323' title='bbox 3105 1731 3159 1784; x_wconf 91' lang='lat' dir='ltr'><strong>in</strong></span> <span class='ocrx_word' id='word_1_324' title='bbox 3195 1729 3316 1785; x_wconf 88' lang='lat' dir='ltr'><strong>aliis</strong></span> <span class='ocrx_word' id='word_1_325' title='bbox 3349 1729 3488 1784; x_wconf 90' lang='lat' dir='ltr'><strong>locis</strong></span> <span class='ocrx_word' id='word_1_326' title='bbox 3527 1726 3774 1798; x_wconf 82' lang='lat' dir='ltr'><strong>ejusdem</strong></span> <span class='ocrx_word' id='word_1_327' title='bbox 3808 1735 4003 1780; x_wconf 83' lang='lat' dir='ltr'><strong>aucto-</strong></span> 
     </span>
    </p>
   </div>
   <div class='ocr_carea' id='block_1_46' title="bbox 2425 1819 4001 1890">
    <p class='ocr_par' dir='ltr' id='par_1_46' title="bbox 2425 1819 4001 1890">
     <span class='ocr_line' id='line_1_46' title="bbox 2425 1819 4001 1890; baseline -0.004 -13"><span class='ocrx_word' id='word_1_328' title='bbox 2425 1825 2498 1877; x_wconf 92' lang='lat' dir='ltr'><strong>ris</strong></span> <span class='ocrx_word' id='word_1_329' title='bbox 2529 1822 2799 1878; x_wconf 88' lang='lat' dir='ltr'><strong>catholice</strong></span> <span class='ocrx_word' id='word_1_330' title='bbox 2829 1823 2973 1877; x_wconf 86' lang='lat' dir='ltr'><strong>dicta</strong></span> <span class='ocrx_word' id='word_1_331' title='bbox 3025 1824 3262 1890; x_wconf 66' lang='lat' dir='ltr'><strong>legeram</strong></span> <span class='ocrx_word' id='word_1_332' title='bbox 3291 1839 3305 1890; x_wconf 89' lang='lat'><strong>;</strong></span> <span class='ocrx_word' id='word_1_333' title='bbox 3363 1837 3429 1876; x_wconf 90' lang='lat' dir='ltr'><strong>ne</strong></span> <span class='ocrx_word' id='word_1_334' title='bbox 3475 1837 3563 1876; x_wconf 88' lang='lat' dir='ltr'><strong>me</strong></span> <span class='ocrx_word' id='word_1_335' title='bbox 3589 1819 3778 1875; x_wconf 86' lang='lat' dir='ltr'><strong>mittas</strong></span> <span class='ocrx_word' id='word_1_336' title='bbox 3809 1821 3880 1874; x_wconf 88' lang='lat' dir='ltr'><strong>ad</strong></span> <span class='ocrx_word' id='word_1_337' title='bbox 3912 1833 4001 1871; x_wconf 69' lang='lat' dir='ltr'><strong>ser</strong></span> 
     </span>
    </p>
   </div>
   <div class='ocr_carea' id='block_1_47' title="bbox 2423 1912 4003 1982">
    <p class='ocr_par' dir='ltr' id='par_1_47' title="bbox 2423 1912 4003 1982">
     <span class='ocr_line' id='line_1_47' title="bbox 2423 1912 4003 1982; baseline -0.004 -16"><span class='ocrx_word' id='word_1_338' title='bbox 2423 1913 2589 1966; x_wconf 88' lang='lat' dir='ltr'><strong>millia</strong></span> <span class='ocrx_word' id='word_1_339' title='bbox 2624 1914 2884 1967; x_wconf 86' lang='lat' dir='ltr'><strong>librorum</strong></span> <span class='ocrx_word' id='word_1_340' title='bbox 2913 1912 3036 1982; x_wconf 87' lang='lat' dir='ltr'><strong>ejus</strong></span> <span class='ocrx_word' id='word_1_341' title='bbox 3072 1913 3115 1980; x_wconf 84' lang='grc'><strong>³,</strong></span> <span class='ocrx_word' id='word_1_342' title='bbox 3147 1928 3288 1982; x_wconf 87' lang='lat' dir='ltr'><strong>quos</strong></span> <span class='ocrx_word' id='word_1_343' title='bbox 3321 1913 3518 1981; x_wconf 77' lang='lat' dir='ltr'><strong>legisse</strong></span> <span class='ocrx_word' id='word_1_344' title='bbox 3551 1912 3771 1966; x_wconf 77' lang='lat' dir='ltr'><strong>beatum</strong></span> <span class='ocrx_word' id='word_1_345' title='bbox 3805 1925 4003 1979; x_wconf 86' lang='lat' dir='ltr'><strong>papam</strong></span> 
     </span>
    </p>
   </div>
   <div class='ocr_carea' id='block_1_48' title="bbox 2425 2003 4006 2073">
    <p class='ocr_par' dir='ltr' id='par_1_48' title="bbox 2425 2003 4006 2073">
     <span class='ocr_line' id='line_1_48' title="bbox 2425 2003 4006 2073; baseline -0.003 -14"><span class='ocrx_word' id='word_1_346' title='bbox 2425 2003 2791 2073; x_wconf 75' lang='lat' dir='ltr'><strong>Rpipbanium</strong></span> <span class='ocrx_word' id='word_1_347' title='bbox 2847 2007 3206 2072; x_wconf 87' lang='lat' dir='ltr'><strong>criminaris;</strong></span> <span class='ocrx_word' id='word_1_348' title='bbox 3272 2008 3366 2060; x_wconf 89' lang='lat' dir='ltr'><strong>sed</strong></span> <span class='ocrx_word' id='word_1_349' title='bbox 3404 2004 3521 2072; x_wconf 83' lang='lat' dir='ltr'><strong>ipsa</strong></span> <span class='ocrx_word' id='word_1_350' title='bbox 3555 2005 3671 2059; x_wconf 87' lang='lat' dir='ltr'><strong>loca</strong></span> <span class='ocrx_word' id='word_1_351' title='bbox 3725 2003 3956 2056; x_wconf 88' lang='lat' dir='ltr'><strong>nomina</strong></span> <span class='ocrx_word' id='word_1_352' title='bbox 3993 2021 4006 2054; x_wconf 89' lang='lat'><strong>:</strong></span> 
     </span>
    </p>
   </div>
   <div class='ocr_carea' id='block_1_49' title="bbox 2423 2093 4008 2161">
    <p class='ocr_par' dir='ltr' id='par_1_49' title="bbox 2423 2093 4008 2161">
     <span class='ocr_line' id='line_1_49' title="bbox 2423 2093 4008 2161; baseline -0.001 -12"><span class='ocrx_word' id='word_1_353' title='bbox 2423 2113 2521 2150; x_wconf 86' lang='lat' dir='ltr'><strong>nec</strong></span> <span class='ocrx_word' id='word_1_354' title='bbox 2555 2097 2655 2150; x_wconf 88' lang='lat' dir='ltr'><strong>hoc</strong></span> <span class='ocrx_word' id='word_1_355' title='bbox 2691 2098 2823 2150; x_wconf 90' lang='lat' dir='ltr'><strong>mihi</strong></span> <span class='ocrx_word' id='word_1_356' title='bbox 2859 2097 3114 2161; x_wconf 85' lang='lat' dir='ltr'><strong>sufficiet,</strong></span> <span class='ocrx_word' id='word_1_357' title='bbox 3149 2095 3252 2152; x_wconf 91' lang='lat' dir='ltr'><strong>nisi</strong></span> <span class='ocrx_word' id='word_1_358' title='bbox 3284 2097 3475 2152; x_wconf 88' lang='lat' dir='ltr'><strong>eadem</strong></span> <span class='ocrx_word' id='word_1_359' title='bbox 3502 2093 3648 2150; x_wconf 83' lang='lat' dir='ltr'><strong>dicta</strong></span> <span class='ocrx_word' id='word_1_360' title='bbox 3683 2095 3751 2150; x_wconf 87' lang='lat' dir='ltr'><strong>ad</strong></span> <span class='ocrx_word' id='word_1_361' title='bbox 3777 2095 4008 2149; x_wconf 83' lang='lat' dir='ltr'><strong>verbum</strong></span> 
     </span>
    </p>
   </div>
   <div class='ocr_carea' id='block_1_50' title="bbox 2421 2187 4006 2260">
    <p class='ocr_par' dir='ltr' id='par_1_50' title="bbox 2421 2187 4006 2260">
     <span class='ocr_line' id='line_1_50' title="bbox 2421 2187 4006 2260; baseline 0 -18"><span class='ocrx_word' id='word_1_362' title='bbox 2421 2192 2739 2260; x_wconf 84' lang='lat' dir='ltr'><strong>protuleris.</strong></span> <span class='ocrx_word' id='word_1_363' title='bbox 2799 2187 2914 2244; x_wconf 83' lang='lat' dir='ltr'><strong>Non</strong></span> <span class='ocrx_word' id='word_1_364' title='bbox 2952 2201 3034 2246; x_wconf 84' lang='lat' dir='ltr'><strong>est</strong></span> <span class='ocrx_word' id='word_1_365' title='bbox 3083 2190 3268 2244; x_wconf 86' lang='lat' dir='ltr'><strong>fatuus</strong></span> <span class='ocrx_word' id='word_1_366' title='bbox 3301 2190 3584 2258; x_wconf 76' lang='lat' dir='ltr'><strong>Origenes,</strong></span> <span class='ocrx_word' id='word_1_367' title='bbox 3618 2199 3671 2245; x_wconf 90' lang='lat' dir='ltr'><strong>et</strong></span> <span class='ocrx_word' id='word_1_368' title='bbox 3697 2205 3796 2258; x_wconf 73' lang='lat' dir='ltr'><strong>ego</strong></span> <span class='ocrx_word' id='word_1_369' title='bbox 3828 2191 3959 2243; x_wconf 87' lang='lat' dir='ltr'><strong>novi</strong></span> <span class='ocrx_word' id='word_1_370' title='bbox 3993 2207 4006 2242; x_wconf 88' lang='lat'>:</span> 
     </span>
    </p>
   </div>
   <div class='ocr_carea' id='block_1_51' title="bbox 2425 2283 4009 2354">
    <p class='ocr_par' dir='ltr' id='par_1_51' title="bbox 2425 2283 4009 2354">
     <span class='ocr_line' id='line_1_51' title="bbox 2425 2283 4009 2354; baseline -0.005 -16"><span class='ocrx_word' id='word_1_371' title='bbox 2425 2287 2698 2340; x_wconf 81' lang='lat' dir='ltr'><strong>contraria</strong></span> <span class='ocrx_word' id='word_1_372' title='bbox 2720 2284 2987 2354; x_wconf 75' lang='lat' dir='ltr'><strong>sibiloqui</strong></span> <span class='ocrx_word' id='word_1_373' title='bbox 3018 2300 3123 2339; x_wconf 91' lang='lat' dir='ltr'><strong>non</strong></span> <span class='ocrx_word' id='word_1_374' title='bbox 3152 2293 3352 2354; x_wconf 86' lang='lat' dir='ltr'><strong>potest.</strong></span> <span class='ocrx_word' id='word_1_375' title='bbox 3386 2283 3562 2354; x_wconf 73' lang='lat' dir='ltr'><strong>lg‘itur</strong></span> <span class='ocrx_word' id='word_1_376' title='bbox 3581 2299 3643 2338; x_wconf 77' lang='lat' dir='ltr'><strong>ex</strong></span> <span class='ocrx_word' id='word_1_377' title='bbox 3667 2285 3767 2336; x_wconf 88' lang='lat' dir='ltr'><strong>hac</strong></span> <span class='ocrx_word' id='word_1_378' title='bbox 3794 2299 4009 2349; x_wconf 78' lang='lat' dir='ltr'><strong>suppu-</strong></span> 
     </span>
    </p>
   </div>
   <div class='ocr_carea' id='block_1_52' title="bbox 2425 2374 4008 2448">
    <p class='ocr_par' dir='ltr' id='par_1_52' title="bbox 2425 2374 4008 2448">
     <span class='ocr_line' id='line_1_52' title="bbox 2425 2374 4008 2448; baseline -0.006 -15"><span class='ocrx_word' id='word_1_379' title='bbox 2425 2381 2632 2433; x_wconf 88' lang='lat' dir='ltr'><strong>tatione</strong></span> <span class='ocrx_word' id='word_1_380' title='bbox 2665 2379 2752 2431; x_wconf 87' lang='lat' dir='ltr'><strong>illa</strong></span> <span class='ocrx_word' id='word_1_381' title='bbox 2785 2394 2998 2431; x_wconf 87' lang='lat' dir='ltr'><strong>summa</strong></span> <span class='ocrx_word' id='word_1_382' title='bbox 3061 2375 3172 2448; x_wconf 79' lang='grc' dir='ltr'><strong>[Αι.</strong></span> <span class='ocrx_word' id='word_1_383' title='bbox 3235 2374 3532 2447; x_wconf 76' lang='lat' dir='ltr'><strong>sententia]</strong></span> <span class='ocrx_word' id='word_1_384' title='bbox 3582 2376 3858 2435; x_wconf 87' lang='lat' dir='ltr'><strong>nascitur,</strong></span> <span class='ocrx_word' id='word_1_385' title='bbox 3903 2388 4008 2425; x_wconf 88' lang='lat' dir='ltr'><strong>non</strong></span> 
     </span>
    </p>
   </div>
   <div class='ocr_carea' id='block_1_53' title="bbox 2426 2467 4009 2539">
    <p class='ocr_par' dir='ltr' id='par_1_53' title="bbox 2426 2467 4009 2539">
     <span class='ocr_line' id='line_1_53' title="bbox 2426 2467 4009 2539; baseline -0.003 -14"><span class='ocrx_word' id='word_1_386' title='bbox 2426 2473 2806 2525; x_wconf 66' lang='lat' dir='ltr'><strong>haereticorum</strong></span> <span class='ocrx_word' id='word_1_387' title='bbox 2868 2484 3011 2532; x_wconf 90' lang='lat' dir='ltr'><strong>esse,</strong></span> <span class='ocrx_word' id='word_1_388' title='bbox 3044 2485 3167 2539; x_wconf 71' lang='lat' dir='ltr'><strong>qua:</strong></span> <span class='ocrx_word' id='word_1_389' title='bbox 3219 2469 3538 2538; x_wconf 74' lang='lat' dir='ltr'><strong>amputasxi,</strong></span> <span class='ocrx_word' id='word_1_390' title='bbox 3593 2467 3685 2521; x_wconf 90' lang='lat' dir='ltr'><strong>sed</strong></span> <span class='ocrx_word' id='word_1_391' title='bbox 3731 2467 4009 2537; x_wconf 75' lang='lat' dir='ltr'><strong>Origcois.</strong></span> 
     </span>
    </p>
   </div>
   <div class='ocr_carea' id='block_1_54' title="bbox 2427 2561 4010 2629">
    <p class='ocr_par' dir='ltr' id='par_1_54' title="bbox 2427 2561 4010 2629">
     <span class='ocr_line' id='line_1_54' title="bbox 2427 2561 4010 2629; baseline -0.005 -12"><span class='ocrx_word' id='word_1_392' title='bbox 2427 2565 2584 2629; x_wconf 77' lang='lat' dir='ltr'><strong>cujus</strong></span> <span class='ocrx_word' id='word_1_393' title='bbox 2643 2564 2762 2616; x_wconf 89' lang='lat' dir='ltr'><strong>ideo</strong></span> <span class='ocrx_word' id='word_1_394' title='bbox 2817 2562 2960 2616; x_wconf 86' lang='lat' dir='ltr'><strong>mala</strong></span> <span class='ocrx_word' id='word_1_395' title='bbox 3018 2561 3411 2628; x_wconf 87' lang='lat' dir='ltr'><strong>interpretatus</strong></span> <span class='ocrx_word' id='word_1_396' title='bbox 3462 2576 3543 2622; x_wconf 90' lang='lat' dir='ltr'><strong>es,</strong></span> <span class='ocrx_word' id='word_1_397' title='bbox 3606 2561 3735 2629; x_wconf 91' lang='lat' dir='ltr'><strong>quia</strong></span> <span class='ocrx_word' id='word_1_398' title='bbox 3798 2563 4010 2627; x_wconf 81' lang='lat' dir='ltr'><strong>putasti</strong></span> 
     </span>
    </p>
   </div>
   <div class='ocr_carea' id='block_1_55' title="bbox 2428 2645 4014 2722">
    <p class='ocr_par' dir='ltr' id='par_1_55' title="bbox 2428 2645 4014 2722">
     <span class='ocr_line' id='line_1_55' title="bbox 2428 2645 4014 2722; baseline -0.004 -13"><span class='ocrx_word' id='word_1_399' title='bbox 2428 2656 2609 2718; x_wconf 90' lang='lat' dir='ltr'><strong>bona;</strong></span> <span class='ocrx_word' id='word_1_400' title='bbox 2646 2665 2698 2708; x_wconf 84' lang='lat' dir='ltr'><strong>et</strong></span> <span class='ocrx_word' id='word_1_401' title='bbox 2727 2654 2820 2708; x_wconf 82' lang='lat' dir='ltr'><strong>tibi</strong></span> <span class='ocrx_word' id='word_1_402' title='bbox 2861 2663 2968 2708; x_wconf 88' lang='lat' dir='ltr'><strong>tam</strong></span> <span class='ocrx_word' id='word_1_403' title='bbox 3004 2655 3170 2718; x_wconf 88' lang='lat' dir='ltr'><strong>bona,</strong></span> <span class='ocrx_word' id='word_1_404' title='bbox 3204 2667 3369 2722; x_wconf 86' lang='lat' dir='ltr'><strong>quam</strong></span> <span class='ocrx_word' id='word_1_405' title='bbox 3426 2653 3569 2704; x_wconf 91' lang='lat' dir='ltr'><strong>mala</strong></span> <span class='ocrx_word' id='word_1_406' title='bbox 3624 2645 3770 2706; x_wconf 88' lang='lat' dir='ltr'><strong>illius</strong></span> <span class='ocrx_word' id='word_1_407' title='bbox 3833 2651 4014 2719; x_wconf 82' lang='lat' dir='ltr'><strong>impu-</strong></span> 
     </span>
    </p>
   </div>
   <div class='ocr_carea' id='block_1_56' title="bbox 2428 2742 3797 2816">
    <p class='ocr_par' dir='ltr' id='par_1_56' title="bbox 2428 2742 3797 2816">
     <span class='ocr_line' id='line_1_56' title="bbox 2428 2742 3797 2816; baseline -0.002 -15"><span class='ocrx_word' id='word_1_408' title='bbox 2428 2748 2616 2812; x_wconf 87' lang='lat' dir='ltr'><strong>tanda,</strong></span> <span class='ocrx_word' id='word_1_409' title='bbox 2640 2747 2796 2812; x_wconf 87' lang='lat' dir='ltr'><strong>cujus</strong></span> <span class='ocrx_word' id='word_1_410' title='bbox 2823 2749 3023 2816; x_wconf 87' lang='lat' dir='ltr'><strong>scripta</strong></span> <span class='ocrx_word' id='word_1_411' title='bbox 3067 2747 3119 2800; x_wconf 93' lang='lat' dir='ltr'><strong>in</strong></span> <span class='ocrx_word' id='word_1_412' title='bbox 3146 2742 3378 2815; x_wconf 78' lang='lat' dir='ltr'><strong>Prolugo</strong></span> <span class='ocrx_word' id='word_1_413' title='bbox 3406 2746 3797 2814; x_wconf 85' lang='lat' dir='ltr'><strong>comprobasti.</strong></span> 
     </span>
    </p>
   </div>
   <div class='ocr_carea' id='block_1_57' title="bbox 2500 2835 4012 2905">
    <p class='ocr_par' dir='ltr' id='par_1_57' title="bbox 2500 2835 4012 2905">
     <span class='ocr_line' id='line_1_57' title="bbox 2500 2835 4012 2905; baseline -0.005 -11"><span class='ocrx_word' id='word_1_414' title='bbox 2500 2837 2589 2894; x_wconf 72' lang='grc' dir='ltr'><strong>Η.</strong></span> <span class='ocrx_word' id='word_1_415' title='bbox 2631 2835 2873 2893; x_wconf 80' lang='lat' dir='ltr'><strong>Hilarius</strong></span> <span class='ocrx_word' id='word_1_416' title='bbox 2931 2845 2981 2892; x_wconf 82' lang='lat' dir='ltr'><strong>el</strong></span> <span class='ocrx_word' id='word_1_417' title='bbox 3017 2838 3334 2892; x_wconf 79' lang='lat' dir='ltr'><strong>Ambrosius</strong></span> <span class='ocrx_word' id='word_1_418' title='bbox 3400 2836 3640 2905; x_wconf 80' lang='lat' dir='ltr'><strong>Origenis</strong></span> <span class='ocrx_word' id='word_1_419' title='bbox 3673 2837 4012 2902; x_wconf 67' lang='lat' dir='ltr'><strong>interpretes.</strong></span> 
     </span>
    </p>
   </div>
   <div class='ocr_carea' id='block_1_58' title="bbox 2432 2922 4015 3001">
    <p class='ocr_par' dir='ltr' id='par_1_58' title="bbox 2432 2922 4015 3001">
     <span class='ocr_line' id='line_1_58' title="bbox 2432 2922 4015 3001; baseline -0.006 -15"><span class='ocrx_word' id='word_1_420' title='bbox 2432 2932 2707 2986; x_wconf 74' lang='lat' dir='ltr'><strong>Anastasii</strong></span> <span class='ocrx_word' id='word_1_421' title='bbox 2729 2929 2952 3001; x_wconf 80' lang='lat' dir='ltr'><strong>epistola</strong></span> <span class='ocrx_word' id='word_1_422' title='bbox 2972 2933 3041 2983; x_wconf 84' lang='lat' dir='ltr'><strong>ad</strong></span> <span class='ocrx_word' id='word_1_423' title='bbox 3064 2926 3329 2984; x_wconf 76' lang='lat' dir='ltr'><strong>Joannem</strong></span> <span class='ocrx_word' id='word_1_424' title='bbox 3355 2922 3920 2997; x_wconf 73' lang='lat' dir='ltr'><strong>Hierosolymitantmr.</strong></span> <span class='ocrx_word' id='word_1_425' title='bbox 3948 2955 4015 2964; x_wconf 94' lang='lat'>—</span> 
     </span>
    </p>
   </div>
   <div class='ocr_carea' id='block_1_59' title="bbox 2434 3021 4016 3095">
    <p class='ocr_par' dir='ltr' id='par_1_59' title="bbox 2434 3021 4016 3095">
     <span class='ocr_line' id='line_1_59' title="bbox 2434 3021 4016 3095; baseline -0.008 -15"><span class='ocrx_word' id='word_1_426' title='bbox 2434 3025 2694 3095; x_wconf 88' lang='lat' dir='ltr'><strong>Sequitur</strong></span> <span class='ocrx_word' id='word_1_427' title='bbox 2723 3026 2776 3078; x_wconf 91' lang='lat' dir='ltr'><strong>in</strong></span> <span class='ocrx_word' id='word_1_428' title='bbox 2809 3022 3002 3079; x_wconf 86' lang='lat' dir='ltr'><strong>eadem</strong></span> <span class='ocrx_word' id='word_1_429' title='bbox 3035 3023 3296 3092; x_wconf 72' lang='lat' dir='ltr'><strong>Apologia</strong></span> <span class='ocrx_word' id='word_1_430' title='bbox 3330 3041 3342 3076; x_wconf 91' lang='lat'>:</span> <span class='ocrx_word' id='word_1_431' title='bbox 3380 3041 3397 3073; x_wconf 85' lang='grc'><strong><em>‹</em></strong></span> <span class='ocrx_word' id='word_1_432' title='bbox 3433 3021 3683 3091; x_wconf 79' lang='lat' dir='ltr'><strong>Origenis</strong></span> <span class='ocrx_word' id='word_1_433' title='bbox 3712 3034 3812 3091; x_wconf 74' lang='lat' dir='ltr'><strong>ego</strong></span> <span class='ocrx_word' id='word_1_434' title='bbox 3835 3035 4016 3088; x_wconf 73' lang='lat' dir='ltr'><strong>neque</strong></span> 
     </span>
    </p>
   </div>
   <div class='ocr_carea' id='block_1_60' title="bbox 2434 3115 4011 3185">
    <p class='ocr_par' dir='ltr' id='par_1_60' title="bbox 2434 3115 4011 3185">
     <span class='ocr_line' id='line_1_60' title="bbox 2434 3115 4011 3185; baseline -0.004 -15"><span class='ocrx_word' id='word_1_435' title='bbox 2434 3119 2690 3173; x_wconf 80' lang='lat' dir='ltr'><strong>defensor</strong></span> <span class='ocrx_word' id='word_1_436' title='bbox 2717 3132 2862 3179; x_wconf 88' lang='lat' dir='ltr'><strong>sum,</strong></span> <span class='ocrx_word' id='word_1_437' title='bbox 2895 3132 2995 3172; x_wconf 90' lang='lat' dir='ltr'><strong>nec</strong></span> <span class='ocrx_word' id='word_1_438' title='bbox 3025 3126 3290 3181; x_wconf 62' lang='lat' dir='ltr'><strong>assertor,</strong></span> <span class='ocrx_word' id='word_1_439' title='bbox 3332 3130 3430 3170; x_wconf 87' lang='lat' dir='ltr'><strong>nec.</strong></span> <span class='ocrx_word' id='word_1_440' title='bbox 3456 3115 3667 3185; x_wconf 89' lang='lat' dir='ltr'><strong>primus</strong></span> <span class='ocrx_word' id='word_1_441' title='bbox 3714 3115 4011 3181; x_wconf 74' lang='lat' dir='ltr'><strong>interpres.</strong></span> 
     </span>
    </p>
   </div>
   <div class='ocr_carea' id='block_1_61' title="bbox 758 3193 4018 3284">
    <p class='ocr_par' dir='ltr' id='par_1_61' title="bbox 758 3193 4018 3284">
     <span class='ocr_line' id='line_1_61' title="bbox 758 3193 4018 3284; baseline -0.004 -21"><span class='ocrx_word' id='word_1_442' title='bbox 758 3221 906 3263; x_wconf 91' lang='lat' dir='ltr'><strong>mum</strong></span> <span class='ocrx_word' id='word_1_443' title='bbox 966 3214 1071 3270; x_wconf 86' lang='lat' dir='ltr'><strong>est,</strong></span> <span class='ocrx_word' id='word_1_444' title='bbox 1106 3203 1379 3256; x_wconf 87' lang='lat' dir='ltr'><strong>utordiue.</strong></span> <span class='ocrx_word' id='word_1_445' title='bbox 1425 3200 1636 3254; x_wconf 82' lang='lat' dir='ltr'><strong>venerit</strong></span> <span class='ocrx_word' id='word_1_446' title='bbox 1689 3199 1755 3252; x_wconf 90' lang='lat' dir='ltr'><strong>ad</strong></span> <span class='ocrx_word' id='word_1_447' title='bbox 1790 3200 2112 3253; x_wconf 87' lang='lat' dir='ltr'><strong>secundum.</strong></span> <span class='ocrx_word' id='word_1_448' title='bbox 2149 3200 2329 3254; x_wconf 80' lang='lat' dir='ltr'><strong>Probo</strong></span> <span class='ocrx_word' id='word_1_449' title='bbox 2357 3227 2401 3284; x_wconf 69' lang='grc' dir='ltr'>ο</span> <span class='ocrx_word' id='word_1_450' title='bbox 2434 3210 2537 3264; x_wconf 73' lang='lat' dir='ltr'><strong>Alii</strong></span> <span class='ocrx_word' id='word_1_451' title='bbox 2583 3220 2709 3264; x_wconf 58' lang='lat' dir='ltr'><strong>ante</strong></span> <span class='ocrx_word' id='word_1_452' title='bbox 2769 3225 2853 3264; x_wconf 77' lang='lat' dir='ltr'><strong>me</strong></span> <span class='ocrx_word' id='word_1_453' title='bbox 2887 3211 2990 3265; x_wconf 75' lang='lat' dir='ltr'><strong>hoc</strong></span> <span class='ocrx_word' id='word_1_454' title='bbox 3035 3193 3176 3264; x_wconf 48' lang='lat' dir='ltr'><strong>idem</strong></span> <span class='ocrx_word' id='word_1_455' title='bbox 3232 3224 3373 3280; x_wconf 72' lang='lat' dir='ltr'><strong>opus</strong></span> <span class='ocrx_word' id='word_1_456' title='bbox 3405 3207 3657 3264; x_wconf 60' lang='lat' dir='ltr'><strong>fecerunt,</strong></span> <span class='ocrx_word' id='word_1_457' title='bbox 3709 3207 3822 3280; x_wconf 60' lang='lat'><strong>[41,</strong></span> <span class='ocrx_word' id='word_1_458' title='bbox 3871 3206 4018 3261; x_wconf 61' lang='grc' dir='ltr'><strong>τωρ.</strong></span> 
     </span>
    </p>
   </div>
   <div class='ocr_carea' id='block_1_62' title="bbox 757 3289 2332 3367">
    <p class='ocr_par' dir='ltr' id='par_1_62' title="bbox 757 3289 2332 3367">
     <span class='ocr_line' id='line_1_62' title="bbox 757 3289 2332 3367; baseline -0.006 -17"><span class='ocrx_word' id='word_1_459' title='bbox 757 3311 860 3367; x_wconf 71' lang='grc' dir='ltr'><strong>(ικο</strong></span> <span class='ocrx_word' id='word_1_460' title='bbox 890 3295 1030 3347; x_wconf 86' lang='lat' dir='ltr'><strong>inter</strong></span> <span class='ocrx_word' id='word_1_461' title='bbox 1065 3293 1232 3345; x_wconf 90' lang='lat' dir='ltr'><strong>multa</strong></span> <span class='ocrx_word' id='word_1_462' title='bbox 1284 3290 1532 3359; x_wconf 75' lang='lat' dir='ltr'><strong>Origenis</strong></span> <span class='ocrx_word' id='word_1_463' title='bbox 1566 3290 1732 3354; x_wconf 87' lang='lat' dir='ltr'><strong>mala,</strong></span> <span class='ocrx_word' id='word_1_464' title='bbox 1814 3289 1927 3344; x_wconf 80' lang='lat' dir='ltr'><strong>lnec</strong></span> <span class='ocrx_word' id='word_1_465' title='bbox 1957 3291 2194 3343; x_wconf 83' lang='lat' dir='ltr'><strong>maxime</strong></span> <span class='ocrx_word' id='word_1_466' title='bbox 2225 3291 2332 3344; x_wconf 77' lang='lat' dir='ltr'><strong>bre-</strong></span> 
     </span>
    </p>
   </div>
   <div class='ocr_carea' id='block_1_63' title="bbox 762 3383 2330 3452">
    <p class='ocr_par' dir='ltr' id='par_1_63' title="bbox 762 3383 2330 3452">
     <span class='ocr_line' id='line_1_63' title="bbox 762 3383 2330 3452; baseline -0.003 -9"><span class='ocrx_word' id='word_1_467' title='bbox 762 3390 971 3444; x_wconf 76' lang='lat' dir='ltr'><strong>retica&#39;</strong></span> <span class='ocrx_word' id='word_1_468' title='bbox 1003 3403 1019 3442; x_wconf 87' lang='lat'>:</span> <span class='ocrx_word' id='word_1_469' title='bbox 1052 3386 1142 3440; x_wconf 88' lang='lat' dir='ltr'><strong>Dei</strong></span> <span class='ocrx_word' id='word_1_470' title='bbox 1177 3385 1370 3438; x_wconf 84' lang='lat' dir='ltr'><strong>Filium</strong></span> <span class='ocrx_word' id='word_1_471' title='bbox 1403 3393 1709 3436; x_wconf 89' lang='lat' dir='ltr'><strong>creaturam</strong></span> <span class='ocrx_word' id='word_1_472' title='bbox 1739 3397 1754 3450; x_wconf 86' lang='lat'>;</span> <span class='ocrx_word' id='word_1_473' title='bbox 1790 3383 2052 3452; x_wconf 83' lang='lat' dir='ltr'><strong>Spiritum</strong></span> <span class='ocrx_word' id='word_1_474' title='bbox 2084 3395 2330 3439; x_wconf 88' lang='lat' dir='ltr'><strong>sanctum</strong></span> 
     </span>
    </p>
   </div>
   <div class='ocr_carea' id='block_1_64' title="bbox 763 3479 2332 3544">
    <p class='ocr_par' dir='ltr' id='par_1_64' title="bbox 763 3479 2332 3544">
     <span class='ocr_line' id='line_1_64' title="bbox 763 3479 2332 3544; baseline -0.003 -5"><span class='ocrx_word' id='word_1_475' title='bbox 763 3484 1112 3544; x_wconf 88' lang='lat' dir='ltr'><strong>ministrum;</strong></span> <span class='ocrx_word' id='word_1_476' title='bbox 1164 3479 1398 3534; x_wconf 90' lang='lat' dir='ltr'><strong>mundos</strong></span> <span class='ocrx_word' id='word_1_477' title='bbox 1437 3479 1887 3541; x_wconf 86' lang='lat' dir='ltr'><strong>innumerabiles,</strong></span> <span class='ocrx_word' id='word_1_478' title='bbox 1945 3481 2166 3534; x_wconf 80' lang='lat' dir='ltr'><strong>:etcrnis</strong></span> <span class='ocrx_word' id='word_1_479' title='bbox 2228 3482 2332 3534; x_wconf 88' lang='lat' dir='ltr'><strong>sibi</strong></span> 
     </span>
    </p>
   </div>
   <div class='ocr_carea' id='block_1_65' title="bbox 762 3568 2336 3637">
    <p class='ocr_par' dir='ltr' id='par_1_65' title="bbox 762 3568 2336 3637">
     <span class='ocr_line' id='line_1_65' title="bbox 762 3568 2336 3637; baseline -0.003 -8"><span class='ocrx_word' id='word_1_480' title='bbox 762 3573 980 3628; x_wconf 62' lang='lat' dir='ltr'><strong>saeculis</strong></span> <span class='ocrx_word' id='word_1_481' title='bbox 1036 3571 1431 3634; x_wconf 87' lang='lat' dir='ltr'><strong>succedentes;</strong></span> <span class='ocrx_word' id='word_1_482' title='bbox 1505 3568 1727 3637; x_wconf 74' lang='lat' dir='ltr'><strong>angelos</strong></span> <span class='ocrx_word' id='word_1_483' title='bbox 1762 3584 1949 3624; x_wconf 85' lang='lat' dir='ltr'><strong>versos</strong></span> <span class='ocrx_word' id='word_1_484' title='bbox 2009 3570 2062 3624; x_wconf 91' lang='lat' dir='ltr'><strong>in</strong></span> <span class='ocrx_word' id='word_1_485' title='bbox 2125 3571 2336 3624; x_wconf 84' lang='lat' dir='ltr'><strong>animas</strong></span> 
     </span>
    </p>
   </div>
   <div class='ocr_carea' id='block_1_66' title="bbox 767 3660 2335 3728">
    <p class='ocr_par' dir='ltr' id='par_1_66' title="bbox 767 3660 2335 3728">
     <span class='ocr_line' id='line_1_66' title="bbox 767 3660 2335 3728; baseline -0.001 -9"><span class='ocrx_word' id='word_1_486' title='bbox 767 3666 1101 3728; x_wconf 86' lang='lat' dir='ltr'><strong>hominum;</strong></span> <span class='ocrx_word' id='word_1_487' title='bbox 1161 3663 1396 3715; x_wconf 82' lang='lat' dir='ltr'><strong>animam</strong></span> <span class='ocrx_word' id='word_1_488' title='bbox 1462 3660 1761 3716; x_wconf 68' lang='lat' dir='ltr'><strong>Salvator-is</strong></span> <span class='ocrx_word' id='word_1_489' title='bbox 1823 3662 1994 3718; x_wconf 87' lang='lat' dir='ltr'><strong>fuisse</strong></span> <span class='ocrx_word' id='word_1_490' title='bbox 2044 3673 2335 3724; x_wconf 86' lang='lat' dir='ltr'><strong>antequam</strong></span> 
     </span>
    </p>
   </div>
   <div class='ocr_carea' id='block_1_67' title="bbox 767 3752 2337 3823">
    <p class='ocr_par' dir='ltr' id='par_1_67' title="bbox 767 3752 2337 3823">
     <span class='ocr_line' id='line_1_67' title="bbox 767 3752 2337 3823; baseline -0.001 -14"><span class='ocrx_word' id='word_1_491' title='bbox 767 3764 1089 3810; x_wconf 71' lang='lat' dir='ltr'><strong>nasceretur</strong></span> <span class='ocrx_word' id='word_1_492' title='bbox 1139 3769 1204 3809; x_wconf 84' lang='lat' dir='ltr'><strong>ex</strong></span> <span class='ocrx_word' id='word_1_493' title='bbox 1273 3752 1439 3806; x_wconf 81' lang='lat' dir='ltr'><strong>Maria</strong></span> <span class='ocrx_word' id='word_1_494' title='bbox 1470 3769 1486 3804; x_wconf 91' lang='lat'>:</span> <span class='ocrx_word' id='word_1_495' title='bbox 1518 3762 1571 3807; x_wconf 89' lang='lat' dir='ltr'><strong>et</strong></span> <span class='ocrx_word' id='word_1_496' title='bbox 1595 3753 1737 3806; x_wconf 90' lang='lat' dir='ltr'><strong>hanc</strong></span> <span class='ocrx_word' id='word_1_497' title='bbox 1791 3769 1935 3817; x_wconf 87' lang='lat' dir='ltr'><strong>esse,</strong></span> <span class='ocrx_word' id='word_1_498' title='bbox 1960 3770 2081 3823; x_wconf 65' lang='lat' dir='ltr'><strong>quae</strong></span> <span class='ocrx_word' id='word_1_499' title='bbox 2128 3771 2251 3809; x_wconf 90' lang='lat' dir='ltr'><strong>cum</strong></span> <span class='ocrx_word' id='word_1_500' title='bbox 2281 3759 2337 3808; x_wconf 91' lang='lat' dir='ltr'><strong>in</strong></span> 
     </span>
    </p>
   </div>
   <div class='ocr_carea' id='block_1_68' title="bbox 765 3843 2340 3913">
    <p class='ocr_par' dir='ltr' id='par_1_68' title="bbox 765 3843 2340 3913">
     <span class='ocr_line' id='line_1_68' title="bbox 765 3843 2340 3913; baseline -0.003 -10"><span class='ocrx_word' id='word_1_501' title='bbox 765 3850 944 3903; x_wconf 90' lang='lat' dir='ltr'><strong>forma</strong></span> <span class='ocrx_word' id='word_1_502' title='bbox 977 3846 1068 3900; x_wconf 90' lang='lat' dir='ltr'><strong>Dei</strong></span> <span class='ocrx_word' id='word_1_503' title='bbox 1093 3853 1254 3908; x_wconf 84' lang='lat' dir='ltr'><strong>esset,</strong></span> <span class='ocrx_word' id='word_1_504' title='bbox 1289 3859 1396 3897; x_wconf 91' lang='lat' dir='ltr'><strong>non</strong></span> <span class='ocrx_word' id='word_1_505' title='bbox 1430 3852 1512 3896; x_wconf 91' lang='lat' dir='ltr'><strong>est</strong></span> <span class='ocrx_word' id='word_1_506' title='bbox 1557 3843 1806 3911; x_wconf 88' lang='lat' dir='ltr'><strong>rapinam</strong></span> <span class='ocrx_word' id='word_1_507' title='bbox 1839 3846 2100 3898; x_wconf 87' lang='lat' dir='ltr'><strong>arbitrata</strong></span> <span class='ocrx_word' id='word_1_508' title='bbox 2158 3860 2340 3913; x_wconf 66' lang='lat' dir='ltr'><strong>arqua-</strong></span> 
     </span>
    </p>
   </div>
   <div class='ocr_carea' id='block_1_69' title="bbox 765 3937 2335 3996">
    <p class='ocr_par' dir='ltr' id='par_1_69' title="bbox 765 3937 2335 3996">
     <span class='ocr_line' id='line_1_69' title="bbox 765 3937 2335 3996; baseline 0 -3"><span class='ocrx_word' id='word_1_509' title='bbox 765 3943 869 3993; x_wconf 91' lang='lat' dir='ltr'><strong>lem</strong></span> <span class='ocrx_word' id='word_1_510' title='bbox 897 3954 956 3994; x_wconf 87' lang='lat' dir='ltr'><strong>se</strong></span> <span class='ocrx_word' id='word_1_511' title='bbox 979 3953 1106 3993; x_wconf 83' lang='lat' dir='ltr'><strong>esse</strong></span> <span class='ocrx_word' id='word_1_512' title='bbox 1155 3939 1263 3992; x_wconf 91' lang='lat' dir='ltr'><strong>Deo</strong></span> <span class='ocrx_word' id='word_1_513' title='bbox 1300 3953 1314 3990; x_wconf 90' lang='lat'><strong>:</strong></span> <span class='ocrx_word' id='word_1_514' title='bbox 1354 3938 1448 3992; x_wconf 88' lang='lat' dir='ltr'><strong>sed</strong></span> <span class='ocrx_word' id='word_1_515' title='bbox 1484 3953 1544 3992; x_wconf 90' lang='lat' dir='ltr'><strong>se</strong></span> <span class='ocrx_word' id='word_1_516' title='bbox 1576 3937 1897 3996; x_wconf 82' lang='lat' dir='ltr'><strong>esinanivit.</strong></span> <span class='ocrx_word' id='word_1_517' title='bbox 1929 3937 2159 3991; x_wconf 85' lang='lat' dir='ltr'><strong>formam</strong></span> <span class='ocrx_word' id='word_1_518' title='bbox 2197 3941 2335 3994; x_wconf 90' lang='lat' dir='ltr'><strong>servi</strong></span> 
     </span>
    </p>
   </div>
   <div class='ocr_carea' id='block_1_70' title="bbox 763 4026 2338 4097">
    <p class='ocr_par' dir='ltr' id='par_1_70' title="bbox 763 4026 2338 4097">
     <span class='ocr_line' id='line_1_70' title="bbox 763 4026 2338 4097; baseline 0.001 -15"><span class='ocrx_word' id='word_1_519' title='bbox 763 4030 1042 4097; x_wconf 85' lang='lat' dir='ltr'><strong>accipiens</strong></span> <span class='ocrx_word' id='word_1_520' title='bbox 1095 4026 1376 4096; x_wconf 84' lang='lat' dir='ltr'><strong>(Philipp.</strong></span> <span class='ocrx_word' id='word_1_521' title='bbox 1405 4044 1440 4081; x_wconf 90' lang='lat' dir='ltr'><strong>Il</strong></span> <span class='ocrx_word' id='word_1_522' title='bbox 1470 4028 1527 4096; x_wconf 91' lang='lat'><strong>);</strong></span> <span class='ocrx_word' id='word_1_523' title='bbox 1597 4027 2055 4082; x_wconf 87' lang='lat' dir='ltr'><strong>resurrectionem</strong></span> <span class='ocrx_word' id='word_1_524' title='bbox 2119 4043 2338 4083; x_wconf 82' lang='lat' dir='ltr'><strong>nostro-</strong></span> 
     </span>
    </p>
   </div>
   <div class='ocr_carea' id='block_1_71' title="bbox 766 4118 2340 4187">
    <p class='ocr_par' dir='ltr' id='par_1_71' title="bbox 766 4118 2340 4187">
     <span class='ocr_line' id='line_1_71' title="bbox 766 4118 2340 4187; baseline 0.001 -13"><span class='ocrx_word' id='word_1_525' title='bbox 766 4136 888 4174; x_wconf 92' lang='lat' dir='ltr'><strong>rum</strong></span> <span class='ocrx_word' id='word_1_526' title='bbox 945 4133 1236 4187; x_wconf 90' lang='lat' dir='ltr'><strong>corporum</strong></span> <span class='ocrx_word' id='word_1_527' title='bbox 1289 4119 1370 4173; x_wconf 90' lang='lat' dir='ltr'><strong>sic</strong></span> <span class='ocrx_word' id='word_1_528' title='bbox 1418 4118 1681 4181; x_wconf 84' lang='lat' dir='ltr'><strong>futuram,</strong></span> <span class='ocrx_word' id='word_1_529' title='bbox 1730 4130 1789 4173; x_wconf 89' lang='lat' dir='ltr'><strong>ut</strong></span> <span class='ocrx_word' id='word_1_530' title='bbox 1849 4120 2039 4175; x_wconf 86' lang='lat' dir='ltr'><strong>eadem</strong></span> <span class='ocrx_word' id='word_1_531' title='bbox 2098 4125 2340 4176; x_wconf 86' lang='lat' dir='ltr'><strong>membra</strong></span> 
     </span>
    </p>
   </div>
   <div class='ocr_carea' id='block_1_72' title="bbox 768 4211 2342 4279">
    <p class='ocr_par' dir='ltr' id='par_1_72' title="bbox 768 4211 2342 4279">
     <span class='ocr_line' id='line_1_72' title="bbox 768 4211 2342 4279; baseline 0.001 -11"><span class='ocrx_word' id='word_1_532' title='bbox 768 4229 876 4268; x_wconf 92' lang='lat' dir='ltr'><strong>non</strong></span> <span class='ocrx_word' id='word_1_533' title='bbox 912 4211 1177 4278; x_wconf 85' lang='lat' dir='ltr'><strong>habeant,</strong></span> <span class='ocrx_word' id='word_1_534' title='bbox 1237 4212 1366 4279; x_wconf 82' lang='lat' dir='ltr'><strong>quia</strong></span> <span class='ocrx_word' id='word_1_535' title='bbox 1419 4213 1766 4266; x_wconf 87' lang='lat' dir='ltr'><strong>cessantibus</strong></span> <span class='ocrx_word' id='word_1_536' title='bbox 1802 4215 2169 4267; x_wconf 88' lang='lat' dir='ltr'><strong>membrorum</strong></span> <span class='ocrx_word' id='word_1_537' title='bbox 2210 4215 2342 4269; x_wconf 77' lang='lat' dir='ltr'><strong>otii-</strong></span> 
     </span>
    </p>
   </div>
   <div class='ocr_carea' id='block_1_73' title="bbox 765 4305 2345 4376">
    <p class='ocr_par' dir='ltr' id='par_1_73' title="bbox 765 4305 2345 4376">
     <span class='ocr_line' id='line_1_73' title="bbox 765 4305 2345 4376; baseline 0.002 -15"><span class='ocrx_word' id='word_1_538' title='bbox 765 4307 890 4371; x_wconf 90' lang='lat' dir='ltr'><strong>ciis,</strong></span> <span class='ocrx_word' id='word_1_539' title='bbox 944 4307 1217 4373; x_wconf 83' lang='lat' dir='ltr'><strong>supeitlua</strong></span> <span class='ocrx_word' id='word_1_540' title='bbox 1261 4305 1504 4360; x_wconf 87' lang='lat' dir='ltr'><strong>membra</strong></span> <span class='ocrx_word' id='word_1_541' title='bbox 1565 4305 1903 4371; x_wconf 86' lang='lat' dir='ltr'><strong>reddantur;</strong></span> <span class='ocrx_word' id='word_1_542' title='bbox 1965 4309 2188 4376; x_wconf 87' lang='lat' dir='ltr'><strong>ipsaque</strong></span> <span class='ocrx_word' id='word_1_543' title='bbox 2219 4324 2345 4364; x_wconf 87' lang='lat' dir='ltr'><strong>cor-</strong></span> 
     </span>
    </p>
   </div>
   <div class='ocr_carea' id='block_1_74' title="bbox 769 4396 2343 4468">
    <p class='ocr_par' dir='ltr' id='par_1_74' title="bbox 769 4396 2343 4468">
     <span class='ocr_line' id='line_1_74' title="bbox 769 4396 2343 4468; baseline 0.003 -16"><span class='ocrx_word' id='word_1_544' title='bbox 769 4413 900 4468; x_wconf 90' lang='lat' dir='ltr'><strong>pora</strong></span> <span class='ocrx_word' id='word_1_545' title='bbox 952 4398 1137 4451; x_wconf 89' lang='lat' dir='ltr'><strong>tenuia</strong></span> <span class='ocrx_word' id='word_1_546' title='bbox 1175 4406 1228 4450; x_wconf 91' lang='lat' dir='ltr'><strong>et</strong></span> <span class='ocrx_word' id='word_1_547' title='bbox 1265 4396 1532 4465; x_wconf 80' lang='lat' dir='ltr'><strong>spiritalia</strong></span> <span class='ocrx_word' id='word_1_548' title='bbox 1583 4398 1840 4466; x_wconf 87' lang='lat' dir='ltr'><strong>paulatim</strong></span> <span class='ocrx_word' id='word_1_549' title='bbox 1893 4414 2239 4465; x_wconf 79' lang='lat' dir='ltr'><strong>evanescere,</strong></span> <span class='ocrx_word' id='word_1_550' title='bbox 2290 4412 2343 4456; x_wconf 90' lang='lat' dir='ltr'><strong>et</strong></span> 
     </span>
    </p>
   </div>
   <div class='ocr_carea' id='block_1_75' title="bbox 769 4489 2340 4559">
    <p class='ocr_par' dir='ltr' id='par_1_75' title="bbox 769 4489 2340 4559">
     <span class='ocr_line' id='line_1_75' title="bbox 769 4489 2340 4559; baseline 0.001 -15"><span class='ocrx_word' id='word_1_551' title='bbox 769 4491 823 4544; x_wconf 91' lang='lat' dir='ltr'><strong>iu</strong></span> <span class='ocrx_word' id='word_1_552' title='bbox 856 4503 1047 4543; x_wconf 85' lang='lat' dir='ltr'><strong>auram</strong></span> <span class='ocrx_word' id='word_1_553' title='bbox 1109 4497 1350 4553; x_wconf 88' lang='lat' dir='ltr'><strong>tenuem,</strong></span> <span class='ocrx_word' id='word_1_554' title='bbox 1389 4496 1552 4555; x_wconf 86' lang='lat' dir='ltr'><strong>atque</strong></span> <span class='ocrx_word' id='word_1_555' title='bbox 1583 4489 1635 4543; x_wconf 89' lang='lat' dir='ltr'><strong>in</strong></span> <span class='ocrx_word' id='word_1_556' title='bbox 1696 4490 1926 4544; x_wconf 88' lang='lat' dir='ltr'><strong>nihilum</strong></span> <span class='ocrx_word' id='word_1_557' title='bbox 1960 4492 2251 4559; x_wconf 83' lang='lat' dir='ltr'><strong>dissipari;</strong></span> <span class='ocrx_word' id='word_1_558' title='bbox 2288 4494 2340 4546; x_wconf 93' lang='lat' dir='ltr'><strong>iu</strong></span> 
     </span>
    </p>
   </div>
   <div class='ocr_carea' id='block_1_76' title="bbox 2442 3300 4015 3377">
    <p class='ocr_par' dir='ltr' id='par_1_76' title="bbox 2442 3300 4015 3377">
     <span class='ocr_line' id='line_1_76' title="bbox 2442 3300 4015 3377; baseline -0.004 -18"><span class='ocrx_word' id='word_1_559' title='bbox 2442 3301 2591 3377; x_wconf 78' lang='lat' dir='ltr'><strong>rant]</strong></span> <span class='ocrx_word' id='word_1_560' title='bbox 2622 3322 2635 3358; x_wconf 90' lang='lat'><strong>:</strong></span> <span class='ocrx_word' id='word_1_561' title='bbox 2669 3305 2774 3358; x_wconf 88' lang='lat' dir='ltr'><strong>feci</strong></span> <span class='ocrx_word' id='word_1_562' title='bbox 2807 3315 2862 3358; x_wconf 89' lang='lat' dir='ltr'><strong>et</strong></span> <span class='ocrx_word' id='word_1_563' title='bbox 2887 3319 2988 3372; x_wconf 74' lang='lat' dir='ltr'><strong>ego</strong></span> <span class='ocrx_word' id='word_1_564' title='bbox 3042 3316 3357 3375; x_wconf 89' lang='lat' dir='ltr'><strong>postremus</strong></span> <span class='ocrx_word' id='word_1_565' title='bbox 3393 3312 3619 3374; x_wconf 75' lang='lat' dir='ltr'><strong>rogatus</strong></span> <span class='ocrx_word' id='word_1_566' title='bbox 3654 3317 3683 3356; x_wconf 90' lang='lat' dir='ltr'><strong>a</strong></span> <span class='ocrx_word' id='word_1_567' title='bbox 3725 3300 4015 3356; x_wconf 81' lang='lat' dir='ltr'><strong>fratribus.</strong></span> 
     </span>
    </p>
   </div>
   <div class='ocr_carea' id='block_1_77' title="bbox 2441 3396 4022 3468">
    <p class='ocr_par' dir='ltr' id='par_1_77' title="bbox 2441 3396 4022 3468">
     <span class='ocr_line' id='line_1_77' title="bbox 2441 3396 4022 3468; baseline -0.003 -17"><span class='ocrx_word' id='word_1_568' title='bbox 2441 3399 2494 3452; x_wconf 87' lang='lat' dir='ltr'><strong>Si</strong></span> <span class='ocrx_word' id='word_1_569' title='bbox 2521 3400 2767 3468; x_wconf 88' lang='lat' dir='ltr'><strong>jnbetur,</strong></span> <span class='ocrx_word' id='word_1_570' title='bbox 2804 3414 2871 3453; x_wconf 91' lang='lat' dir='ltr'><strong>ne</strong></span> <span class='ocrx_word' id='word_1_571' title='bbox 2896 3400 3019 3463; x_wconf 79' lang='lat' dir='ltr'><strong>fiat,</strong></span> <span class='ocrx_word' id='word_1_572' title='bbox 3043 3399 3220 3468; x_wconf 78' lang='lat' dir='ltr'><strong>jnssio</strong></span> <span class='ocrx_word' id='word_1_573' title='bbox 3251 3397 3529 3452; x_wconf 79' lang='lat' dir='ltr'><strong>observari</strong></span> <span class='ocrx_word' id='word_1_574' title='bbox 3562 3396 3697 3451; x_wconf 86' lang='lat' dir='ltr'><strong>solet</strong></span> <span class='ocrx_word' id='word_1_575' title='bbox 3735 3397 3757 3427; x_wconf 72' lang='grc'><strong>⁸</strong></span> <span class='ocrx_word' id='word_1_576' title='bbox 3808 3396 3865 3448; x_wconf 91' lang='lat' dir='ltr'><strong>in</strong></span> <span class='ocrx_word' id='word_1_577' title='bbox 3925 3412 4022 3464; x_wconf 80' lang='lat' dir='ltr'><strong>po-</strong></span> 
     </span>
    </p>
   </div>
   <div class='ocr_carea' id='block_1_78' title="bbox 2451 3485 4016 3559">
    <p class='ocr_par' dir='ltr' id='par_1_78' title="bbox 2451 3485 4016 3559">
     <span class='ocr_line' id='line_1_78' title="bbox 2451 3485 4016 3559; baseline -0.006 -15"><span class='ocrx_word' id='word_1_578' title='bbox 2451 3500 2681 3544; x_wconf 85' lang='lat' dir='ltr'><strong>sterum.</strong></span> <span class='ocrx_word' id='word_1_579' title='bbox 2704 3489 3097 3559; x_wconf 85' lang='lat' dir='ltr'><strong>Sicnlpantur.</strong></span> <span class='ocrx_word' id='word_1_580' title='bbox 3135 3489 3226 3559; x_wconf 92' lang='lat' dir='ltr'><strong>qui</strong></span> <span class='ocrx_word' id='word_1_581' title='bbox 3258 3497 3383 3544; x_wconf 87' lang='lat' dir='ltr'><strong>ante</strong></span> <span class='ocrx_word' id='word_1_582' title='bbox 3407 3487 3706 3556; x_wconf 76' lang='lat' dir='ltr'><strong>iussionem</strong></span> <span class='ocrx_word' id='word_1_583' title='bbox 3741 3485 4016 3548; x_wconf 87' lang='lat' dir='ltr'><strong>fecerunt,</strong></span> 
     </span>
    </p>
   </div>
   <div class='ocr_carea' id='block_1_79' title="bbox 2439 3581 4018 3652">
    <p class='ocr_par' dir='ltr' id='par_1_79' title="bbox 2439 3581 4018 3652">
     <span class='ocr_line' id='line_1_79' title="bbox 2439 3581 4018 3652; baseline -0.004 -15"><span class='ocrx_word' id='word_1_584' title='bbox 2439 3586 2597 3652; x_wconf 86' lang='lat' dir='ltr'><strong>culpa</strong></span> <span class='ocrx_word' id='word_1_585' title='bbox 2632 3600 2659 3635; x_wconf 87' lang='lat' dir='ltr'><strong>a</strong></span> <span class='ocrx_word' id='word_1_586' title='bbox 2702 3583 2895 3652; x_wconf 90' lang='lat' dir='ltr'><strong>primis</strong></span> <span class='ocrx_word' id='word_1_587' title='bbox 2931 3582 3177 3652; x_wconf 88' lang='lat' dir='ltr'><strong>incipiat.</strong></span> <span class='ocrx_word' id='word_1_588' title='bbox 3224 3600 3243 3634; x_wconf 73' lang='grc' dir='ltr'><strong><em>ι</em></strong></span> <span class='ocrx_word' id='word_1_589' title='bbox 3286 3581 3530 3636; x_wconf 87' lang='lat' dir='ltr'><strong>Tandem</strong></span> <span class='ocrx_word' id='word_1_590' title='bbox 3562 3581 3828 3644; x_wconf 79' lang='lat' dir='ltr'><strong>evomuit,</strong></span> <span class='ocrx_word' id='word_1_591' title='bbox 3867 3582 4018 3649; x_wconf 84' lang='lat' dir='ltr'><strong>quod</strong></span> 
     </span>
    </p>
   </div>
   <div class='ocr_carea' id='block_1_80' title="bbox 2441 3669 4022 3738">
    <p class='ocr_par' dir='ltr' id='par_1_80' title="bbox 2441 3669 4022 3738">
     <span class='ocr_line' id='line_1_80' title="bbox 2441 3669 4022 3738; baseline -0.003 -12"><span class='ocrx_word' id='word_1_592' title='bbox 2441 3677 2674 3738; x_wconf 71' lang='lat' dir='ltr'><strong>volebat,</strong></span> <span class='ocrx_word' id='word_1_593' title='bbox 2703 3674 2969 3732; x_wconf 76' lang='lat' dir='ltr'><strong>et-omnis</strong></span> <span class='ocrx_word' id='word_1_594' title='bbox 2998 3671 3168 3726; x_wconf 89' lang='lat' dir='ltr'><strong>animi</strong></span> <span class='ocrx_word' id='word_1_595' title='bbox 3197 3682 3379 3727; x_wconf 85' lang='lat' dir='ltr'><strong>tumor</strong></span> <span class='ocrx_word' id='word_1_596' title='bbox 3407 3672 3459 3726; x_wconf 92' lang='lat' dir='ltr'><strong>in</strong></span> <span class='ocrx_word' id='word_1_597' title='bbox 3484 3682 3684 3727; x_wconf 73' lang='lat' dir='ltr'><strong>nostrae</strong></span> <span class='ocrx_word' id='word_1_598' title='bbox 3706 3669 4022 3725; x_wconf 78' lang='lat' dir='ltr'><strong>accusatiu~</strong></span> 
     </span>
    </p>
   </div>
   <div class='ocr_carea' id='block_1_81' title="bbox 2441 3762 4021 3836">
    <p class='ocr_par' dir='ltr' id='par_1_81' title="bbox 2441 3762 4021 3836">
     <span class='ocr_line' id='line_1_81' title="bbox 2441 3762 4021 3836; baseline -0.007 -15"><span class='ocrx_word' id='word_1_599' title='bbox 2441 3773 2526 3821; x_wconf 61' lang='lat' dir='ltr'><strong>nis</strong></span> <span class='ocrx_word' id='word_1_600' title='bbox 2563 3768 2739 3836; x_wconf 85' lang='lat' dir='ltr'><strong>erupit</strong></span> <span class='ocrx_word' id='word_1_601' title='bbox 2783 3765 3066 3821; x_wconf 88' lang='lat' dir='ltr'><strong>invidiam.</strong></span> <span class='ocrx_word' id='word_1_602' title='bbox 3097 3767 3201 3821; x_wconf 85' lang='lat' dir='ltr'><strong>Ubi</strong></span> <span class='ocrx_word' id='word_1_603' title='bbox 3250 3765 3639 3831; x_wconf 87' lang='lat' dir='ltr'><strong>interpretatur</strong></span> <span class='ocrx_word' id='word_1_604' title='bbox 3685 3762 3860 3816; x_wconf 89' lang='lat' dir='ltr'><strong>libros</strong></span> <span class='ocrx_word' id='word_1_605' title='bbox 3892 3766 4021 3828; x_wconf 70' lang='grc' dir='ltr'><strong>περὶ</strong></span> 
     </span>
    </p>
   </div>
   <div class='ocr_carea' id='block_1_82' title="bbox 2453 3854 4021 3928">
    <p class='ocr_par' dir='ltr' id='par_1_82' title="bbox 2453 3854 4021 3928">
     <span class='ocr_line' id='line_1_82' title="bbox 2453 3854 4021 3928; baseline -0.003 -16"><span class='ocrx_word' id='word_1_606' title='bbox 2453 3862 2687 3928; x_wconf 76' lang='grc' dir='ltr'><strong>Ἄρχων,</strong></span> <span class='ocrx_word' id='word_1_607' title='bbox 2718 3873 2805 3912; x_wconf 89' lang='lat' dir='ltr'><strong>me</strong></span> <span class='ocrx_word' id='word_1_608' title='bbox 2840 3859 2994 3922; x_wconf 86' lang='lat' dir='ltr'><strong>sequi</strong></span> <span class='ocrx_word' id='word_1_609' title='bbox 3027 3873 3087 3912; x_wconf 89' lang='lat' dir='ltr'><strong>se</strong></span> <span class='ocrx_word' id='word_1_610' title='bbox 3108 3857 3241 3911; x_wconf 84' lang='lat' dir='ltr'><strong>dicit</strong></span> <span class='ocrx_word' id='word_1_611' title='bbox 3277 3874 3293 3913; x_wconf 89' lang='lat'>:</span> <span class='ocrx_word' id='word_1_612' title='bbox 3327 3857 3416 3911; x_wconf 86' lang='lat' dir='ltr'><strong>tibi</strong></span> <span class='ocrx_word' id='word_1_613' title='bbox 3450 3867 3742 3912; x_wconf 88' lang='lat' dir='ltr'><strong>accusatur</strong></span> <span class='ocrx_word' id='word_1_614' title='bbox 3780 3869 3880 3907; x_wconf 84' lang='lat' dir='ltr'><strong>cur</strong></span> <span class='ocrx_word' id='word_1_615' title='bbox 3917 3854 4021 3908; x_wconf 71' lang='lat' dir='ltr'><strong>hoc</strong></span> 
     </span>
    </p>
   </div>
   <div class='ocr_carea' id='block_1_83' title="bbox 2443 3946 4023 4017">
    <p class='ocr_par' dir='ltr' id='par_1_83' title="bbox 2443 3946 4023 4017">
     <span class='ocr_line' id='line_1_83' title="bbox 2443 3946 4023 4017; baseline -0.003 -15"><span class='ocrx_word' id='word_1_616' title='bbox 2443 3949 2654 4013; x_wconf 87' lang='lat' dir='ltr'><strong>fecerit,</strong></span> <span class='ocrx_word' id='word_1_617' title='bbox 2682 3965 2864 4001; x_wconf 91' lang='lat' dir='ltr'><strong>meum</strong></span> <span class='ocrx_word' id='word_1_618' title='bbox 2887 3948 3039 4017; x_wconf 90' lang='lat' dir='ltr'><strong>ponit</strong></span> <span class='ocrx_word' id='word_1_619' title='bbox 3069 3946 3375 4016; x_wconf 80' lang='lat' dir='ltr'><strong>exemplum</strong></span> <span class='ocrx_word' id='word_1_620' title='bbox 3402 3964 3418 4012; x_wconf 87' lang='lat'><strong>;</strong></span> <span class='ocrx_word' id='word_1_621' title='bbox 3444 3956 3499 4001; x_wconf 88' lang='lat' dir='ltr'><strong>et</strong></span> <span class='ocrx_word' id='word_1_622' title='bbox 3527 3959 3780 4008; x_wconf 84' lang='lat' dir='ltr'><strong>securus,</strong></span> <span class='ocrx_word' id='word_1_623' title='bbox 3805 3952 3860 4001; x_wconf 86' lang='lat' dir='ltr'><strong>et</strong></span> <span class='ocrx_word' id='word_1_624' title='bbox 3883 3946 4023 4013; x_wconf 83' lang='lat' dir='ltr'><strong>peri-</strong></span> 
     </span>
    </p>
   </div>
   <div class='ocr_carea' id='block_1_84' title="bbox 2443 4038 4022 4107">
    <p class='ocr_par' dir='ltr' id='par_1_84' title="bbox 2443 4038 4022 4107">
     <span class='ocr_line' id='line_1_84' title="bbox 2443 4038 4022 4107; baseline -0.006 -11"><span class='ocrx_word' id='word_1_625' title='bbox 2443 4041 2638 4097; x_wconf 86' lang='lat' dir='ltr'><strong>clitans</strong></span> <span class='ocrx_word' id='word_1_626' title='bbox 2690 4041 2808 4094; x_wconf 82' lang='lat' dir='ltr'><strong>sine</strong></span> <span class='ocrx_word' id='word_1_627' title='bbox 2837 4056 2924 4095; x_wconf 91' lang='lat' dir='ltr'><strong>me</strong></span> <span class='ocrx_word' id='word_1_628' title='bbox 2967 4040 3150 4094; x_wconf 81' lang='lat' dir='ltr'><strong>vivere</strong></span> <span class='ocrx_word' id='word_1_629' title='bbox 3196 4051 3308 4094; x_wconf 89' lang='lat' dir='ltr'><strong>non</strong></span> <span class='ocrx_word' id='word_1_630' title='bbox 3354 4046 3554 4107; x_wconf 86' lang='lat' dir='ltr'><strong>potest.</strong></span> <span class='ocrx_word' id='word_1_631' title='bbox 3603 4039 3801 4091; x_wconf 76' lang='lat' dir='ltr'><strong>Audiat</strong></span> <span class='ocrx_word' id='word_1_632' title='bbox 3857 4038 4022 4107; x_wconf 75' lang='lat' dir='ltr'><strong>igitur</strong></span> 
     </span>
    </p>
   </div>
   <div class='ocr_carea' id='block_1_85' title="bbox 2445 4127 4023 4203">
    <p class='ocr_par' dir='ltr' id='par_1_85' title="bbox 2445 4127 4023 4203">
     <span class='ocr_line' id='line_1_85' title="bbox 2445 4127 4023 4203; baseline -0.008 -14"><span class='ocrx_word' id='word_1_633' title='bbox 2445 4135 2589 4203; x_wconf 87' lang='lat' dir='ltr'><strong>quod</strong></span> <span class='ocrx_word' id='word_1_634' title='bbox 2629 4133 2842 4186; x_wconf 86' lang='lat' dir='ltr'><strong>nescire</strong></span> <span class='ocrx_word' id='word_1_635' title='bbox 2888 4149 2946 4186; x_wconf 92' lang='lat' dir='ltr'><strong>se</strong></span> <span class='ocrx_word' id='word_1_636' title='bbox 2977 4131 3218 4186; x_wconf 84' lang='lat' dir='ltr'><strong>simulat.</strong></span> <span class='ocrx_word' id='word_1_637' title='bbox 3249 4129 3422 4186; x_wconf 82' lang='lat' dir='ltr'><strong>Nemo</strong></span> <span class='ocrx_word' id='word_1_638' title='bbox 3457 4130 3552 4184; x_wconf 90' lang='lat' dir='ltr'><strong>tibi</strong></span> <span class='ocrx_word' id='word_1_639' title='bbox 3602 4127 3814 4201; x_wconf 81' lang='lat' dir='ltr'><strong>objicit,</strong></span> <span class='ocrx_word' id='word_1_640' title='bbox 3850 4144 4023 4197; x_wconf 78' lang='lat' dir='ltr'><strong>quare.</strong></span> 
     </span>
    </p>
   </div>
   <div class='ocr_carea' id='block_1_86' title="bbox 2447 4219 4026 4295">
    <p class='ocr_par' dir='ltr' id='par_1_86' title="bbox 2447 4219 4026 4295">
     <span class='ocr_line' id='line_1_86' title="bbox 2447 4219 4026 4295; baseline -0.006 -14"><span class='ocrx_word' id='word_1_641' title='bbox 2447 4226 2742 4295; x_wconf 76' lang='lat' dir='ltr'><strong>Origenem</strong></span> <span class='ocrx_word' id='word_1_642' title='bbox 2776 4225 3167 4292; x_wconf 86' lang='lat' dir='ltr'><strong>interpretatus</strong></span> <span class='ocrx_word' id='word_1_643' title='bbox 3192 4235 3272 4282; x_wconf 87' lang='lat' dir='ltr'><strong>es.</strong></span> <span class='ocrx_word' id='word_1_644' title='bbox 3306 4219 3510 4291; x_wconf 89' lang='lat' dir='ltr'><strong>alioqui</strong></span> <span class='ocrx_word' id='word_1_645' title='bbox 3540 4219 3781 4274; x_wconf 84' lang='lat' dir='ltr'><strong>llilarius</strong></span> <span class='ocrx_word' id='word_1_646' title='bbox 3804 4230 3858 4275; x_wconf 90' lang='lat' dir='ltr'><strong>et</strong></span> <span class='ocrx_word' id='word_1_647' title='bbox 3898 4224 4026 4273; x_wconf 76' lang='lat' dir='ltr'><strong>Ani-</strong></span> 
     </span>
    </p>
   </div>
   <div class='ocr_carea' id='block_1_87' title="bbox 2446 4310 4023 4380">
    <p class='ocr_par' dir='ltr' id='par_1_87' title="bbox 2446 4310 4023 4380">
     <span class='ocr_line' id='line_1_87' title="bbox 2446 4310 4023 4380; baseline -0.004 -11"><span class='ocrx_word' id='word_1_648' title='bbox 2446 4316 2664 4369; x_wconf 89' lang='lat' dir='ltr'><strong>brosius</strong></span> <span class='ocrx_word' id='word_1_649' title='bbox 2706 4313 2810 4366; x_wconf 91' lang='lat' dir='ltr'><strong>hoc</strong></span> <span class='ocrx_word' id='word_1_650' title='bbox 2842 4313 3069 4367; x_wconf 91' lang='lat' dir='ltr'><strong>crimine</strong></span> <span class='ocrx_word' id='word_1_651' title='bbox 3119 4310 3488 4375; x_wconf 88' lang='lat' dir='ltr'><strong>tenebuntur;</strong></span> <span class='ocrx_word' id='word_1_652' title='bbox 3540 4310 3632 4364; x_wconf 89' lang='lat' dir='ltr'><strong>sed</strong></span> <span class='ocrx_word' id='word_1_653' title='bbox 3665 4311 3792 4380; x_wconf 89' lang='lat' dir='ltr'><strong>quia</strong></span> <span class='ocrx_word' id='word_1_654' title='bbox 3851 4311 4023 4363; x_wconf 63' lang='lat' dir='ltr'><strong>inter-</strong></span> 
     </span>
    </p>
   </div>
   <div class='ocr_carea' id='block_1_88' title="bbox 2444 4386 4020 4475">
    <p class='ocr_par' dir='ltr' id='par_1_88' title="bbox 2444 4386 4020 4475">
     <span class='ocr_line' id='line_1_88' title="bbox 2444 4386 4020 4475; baseline -0.001 -18"><span class='ocrx_word' id='word_1_655' title='bbox 2444 4415 2687 4475; x_wconf 87' lang='lat' dir='ltr'><strong>pretatus</strong></span> <span class='ocrx_word' id='word_1_656' title='bbox 2732 4386 3009 4463; x_wconf 51' lang='lat' dir='ltr'><strong>haeretica;</strong></span> <span class='ocrx_word' id='word_1_657' title='bbox 3055 4399 3399 4458; x_wconf 66' lang='lat' dir='ltr'><strong>Prafationis</strong></span> <span class='ocrx_word' id='word_1_658' title='bbox 3439 4414 3542 4458; x_wconf 72' lang='lat' dir='ltr'><strong>tua:</strong></span> <span class='ocrx_word' id='word_1_659' title='bbox 3572 4403 3731 4457; x_wconf 90' lang='lat' dir='ltr'><strong>laude</strong></span> <span class='ocrx_word' id='word_1_660' title='bbox 3763 4403 4020 4457; x_wconf 78' lang='lat' dir='ltr'><strong>ﬁrmasti.</strong></span> 
     </span>
    </p>
   </div>
   <div class='ocr_carea' id='block_1_89' title="bbox 2450 4494 4024 4568">
    <p class='ocr_par' dir='ltr' id='par_1_89' title="bbox 2450 4494 4024 4568">
     <span class='ocr_line' id='line_1_89' title="bbox 2450 4494 4024 4568; baseline -0.001 -17"><span class='ocrx_word' id='word_1_661' title='bbox 2450 4499 2560 4568; x_wconf 78' lang='lat' dir='ltr'><strong>Ego</strong></span> <span class='ocrx_word' id='word_1_662' title='bbox 2607 4499 2744 4566; x_wconf 88' lang='lat' dir='ltr'><strong>ipse,</strong></span> <span class='ocrx_word' id='word_1_663' title='bbox 2801 4512 2962 4565; x_wconf 88' lang='lat' dir='ltr'><strong>quem</strong></span> <span class='ocrx_word' id='word_1_664' title='bbox 3010 4498 3065 4550; x_wconf 91' lang='lat' dir='ltr'><strong>in</strong></span> <span class='ocrx_word' id='word_1_665' title='bbox 3122 4496 3330 4551; x_wconf 90' lang='lat' dir='ltr'><strong>crimen</strong></span> <span class='ocrx_word' id='word_1_666' title='bbox 3381 4511 3564 4558; x_wconf 86' lang='lat' dir='ltr'><strong>vocas,</strong></span> <span class='ocrx_word' id='word_1_667' title='bbox 3623 4495 3844 4567; x_wconf 70' lang='lat' dir='ltr'><strong>siclAl.</strong></span> <span class='ocrx_word' id='word_1_668' title='bbox 3877 4494 4024 4563; x_wconf 68' lang='lat' dir='ltr'><strong>ideo}</strong></span> 
     </span>
    </p>
   </div>
   <div class='ocr_carea' id='block_1_90' title="bbox 770 4573 4023 4658">
    <p class='ocr_par' dir='ltr' id='par_1_90' title="bbox 770 4573 4023 4658">
     <span class='ocr_line' id='line_1_90' title="bbox 770 4573 4023 4658; baseline 0.001 -22"><span class='ocrx_word' id='word_1_669' title='bbox 770 4581 1120 4637; x_wconf 85' lang='lat' dir='ltr'><strong>restitutione</strong></span> <span class='ocrx_word' id='word_1_670' title='bbox 1157 4581 1427 4642; x_wconf 87' lang='lat' dir='ltr'><strong>omnium.</strong></span> <span class='ocrx_word' id='word_1_671' title='bbox 1471 4580 1692 4649; x_wconf 84' lang='lat' dir='ltr'><strong>quando</strong></span> <span class='ocrx_word' id='word_1_672' title='bbox 1745 4581 2080 4650; x_wconf 73' lang='lat' dir='ltr'><strong>indulgentia</strong></span> <span class='ocrx_word' id='word_1_673' title='bbox 2139 4586 2345 4651; x_wconf 88' lang='lat' dir='ltr'><strong>princi-</strong></span> <span class='ocrx_word' id='word_1_674' title='bbox 2377 4573 2421 4628; x_wconf 77' lang='grc' dir='ltr'>υ</span> <span class='ocrx_word' id='word_1_675' title='bbox 2453 4591 2794 4658; x_wconf 79' lang='lat' dir='ltr'><strong>septuaginta</strong></span> <span class='ocrx_word' id='word_1_676' title='bbox 2831 4588 3092 4643; x_wconf 85' lang='lat' dir='ltr'><strong>Homilias</strong></span> <span class='ocrx_word' id='word_1_677' title='bbox 3122 4588 3240 4657; x_wconf 79' lang='lat' dir='ltr'><strong>ejus</strong></span> <span class='ocrx_word' id='word_1_678' title='bbox 3269 4589 3551 4654; x_wconf 85' lang='lat' dir='ltr'><strong>transtuli,</strong></span> <span class='ocrx_word' id='word_1_679' title='bbox 3578 4599 3633 4642; x_wconf 91' lang='lat' dir='ltr'><strong>et</strong></span> <span class='ocrx_word' id='word_1_680' title='bbox 3665 4590 3934 4642; x_wconf 84' lang='lat' dir='ltr'><strong>nonnulla</strong></span> <span class='ocrx_word' id='word_1_681' title='bbox 3960 4591 4023 4640; x_wconf 86' lang='lat' dir='ltr'><strong>de</strong></span> 
     </span>
    </p>
   </div>
   <div class='ocr_carea' id='block_1_91' title="bbox 769 4673 2340 4745">
    <p class='ocr_par' dir='ltr' id='par_1_91' title="bbox 769 4673 2340 4745">
     <span class='ocr_line' id='line_1_91' title="bbox 769 4673 2340 4745; baseline 0.004 -17"><span class='ocrx_word' id='word_1_682' title='bbox 769 4674 909 4744; x_wconf 87' lang='lat' dir='ltr'><strong>palis</strong></span> <span class='ocrx_word' id='word_1_683' title='bbox 960 4674 1191 4738; x_wconf 86' lang='lat' dir='ltr'><strong>venerit,</strong></span> <span class='ocrx_word' id='word_1_684' title='bbox 1245 4674 1540 4728; x_wconf 87' lang='lat' dir='ltr'><strong>Cherubim</strong></span> <span class='ocrx_word' id='word_1_685' title='bbox 1591 4684 1644 4729; x_wconf 87' lang='lat' dir='ltr'><strong>et</strong></span> <span class='ocrx_word' id='word_1_686' title='bbox 1694 4673 2005 4745; x_wconf 83' lang='lat' dir='ltr'><strong>Seraphiui,</strong></span> <span class='ocrx_word' id='word_1_687' title='bbox 2063 4674 2340 4743; x_wconf 86' lang='lat' dir='ltr'><strong>Thronos.</strong></span> 
     </span>
    </p>
   </div>
   <div class='ocr_carea' id='block_1_92' title="bbox 774 4764 2341 4834">
    <p class='ocr_par' dir='ltr' id='par_1_92' title="bbox 774 4764 2341 4834">
     <span class='ocr_line' id='line_1_92' title="bbox 774 4764 2341 4834; baseline 0.002 -12"><span class='ocrx_word' id='word_1_688' title='bbox 774 4767 1145 4834; x_wconf 80' lang='lat' dir='ltr'><strong>Principatus,</strong></span> <span class='ocrx_word' id='word_1_689' title='bbox 1182 4765 1621 4829; x_wconf 71' lang='lat' dir='ltr'><strong>nominationes.</strong></span> <span class='ocrx_word' id='word_1_690' title='bbox 1688 4764 1956 4830; x_wconf 76' lang='lat' dir='ltr'><strong>Virtutes,</strong></span> <span class='ocrx_word' id='word_1_691' title='bbox 2017 4767 2341 4834; x_wconf 82' lang='lat' dir='ltr'><strong>Potestates,</strong></span> 
     </span>
    </p>
   </div>
   <div class='ocr_carea' id='block_1_93' title="bbox 773 4860 2342 4931">
    <p class='ocr_par' dir='ltr' id='par_1_93' title="bbox 773 4860 2342 4931">
     <span class='ocr_line' id='line_1_93' title="bbox 773 4860 2342 4931; baseline 0.002 -16"><span class='ocrx_word' id='word_1_692' title='bbox 773 4861 1167 4930; x_wconf 73' lang='lat' dir='ltr'><strong>Arcbangelos,</strong></span> <span class='ocrx_word' id='word_1_693' title='bbox 1215 4860 1475 4931; x_wconf 77' lang='lat' dir='ltr'><strong>Angelos.</strong></span> <span class='ocrx_word' id='word_1_694' title='bbox 1523 4860 1823 4928; x_wconf 88' lang='lat' dir='ltr'><strong>diabolum,</strong></span> <span class='ocrx_word' id='word_1_695' title='bbox 1880 4863 2177 4923; x_wconf 69' lang='lat' dir='ltr'><strong>daemones.</strong></span> <span class='ocrx_word' id='word_1_696' title='bbox 2223 4868 2342 4918; x_wconf 84' lang='lat' dir='ltr'><strong>ani-</strong></span> 
     </span>
    </p>
   </div>
   <div class='ocr_carea' id='block_1_94' title="bbox 775 4952 2340 5027">
    <p class='ocr_par' dir='ltr' id='par_1_94' title="bbox 775 4952 2340 5027">
     <span class='ocr_line' id='line_1_94' title="bbox 775 4952 2340 5027; baseline 0.004 -22"><span class='ocrx_word' id='word_1_697' title='bbox 775 4969 891 5007; x_wconf 90' lang='lat' dir='ltr'><strong>mas</strong></span> <span class='ocrx_word' id='word_1_698' title='bbox 918 4955 1162 5007; x_wconf 87' lang='lat' dir='ltr'><strong>omnium</strong></span> <span class='ocrx_word' id='word_1_699' title='bbox 1197 4952 1506 5018; x_wconf 90' lang='lat' dir='ltr'><strong>hominum,</strong></span> <span class='ocrx_word' id='word_1_700' title='bbox 1536 4962 1642 5006; x_wconf 91' lang='lat' dir='ltr'><strong>tam</strong></span> <span class='ocrx_word' id='word_1_701' title='bbox 1667 4953 2135 5020; x_wconf 82' lang='lat' dir='ltr'><strong>Christianorum,</strong></span> <span class='ocrx_word' id='word_1_702' title='bbox 2177 4974 2340 5027; x_wconf 83' lang='lat' dir='ltr'><strong>quain</strong></span> 
     </span>
    </p>
   </div>
   <div class='ocr_carea' id='block_1_95' title="bbox 774 5043 2345 5109">
    <p class='ocr_par' dir='ltr' id='par_1_95' title="bbox 774 5043 2345 5109">
     <span class='ocr_line' id='line_1_95' title="bbox 774 5043 2345 5109; baseline 0.004 -11"><span class='ocrx_word' id='word_1_703' title='bbox 774 5043 1087 5099; x_wconf 73' lang='lat' dir='ltr'><strong>Judmorum</strong></span> <span class='ocrx_word' id='word_1_704' title='bbox 1134 5053 1188 5098; x_wconf 88' lang='lat' dir='ltr'><strong>et</strong></span> <span class='ocrx_word' id='word_1_705' title='bbox 1268 5043 1588 5109; x_wconf 85' lang='lat' dir='ltr'><strong>Gentilium,</strong></span> <span class='ocrx_word' id='word_1_706' title='bbox 1673 5048 1836 5101; x_wconf 81' lang='lat' dir='ltr'><strong>unius</strong></span> <span class='ocrx_word' id='word_1_707' title='bbox 1901 5051 2230 5102; x_wconf 76' lang='lat' dir='ltr'><strong>conditionis</strong></span> <span class='ocrx_word' id='word_1_708' title='bbox 2290 5061 2345 5104; x_wconf 88' lang='lat' dir='ltr'><strong>et</strong></span> 
     </span>
    </p>
   </div>
   <div class='ocr_carea' id='block_1_96' title="bbox 859 5195 2341 5263">
    <p class='ocr_par' dir='ltr' id='par_1_96' title="bbox 859 5195 2341 5263">
     <span class='ocr_line' id='line_1_96' title="bbox 859 5195 2341 5263; baseline 0.003 -14"><span class='ocrx_word' id='word_1_709' title='bbox 859 5196 875 5226; x_wconf 90' lang='grc'>¹</span> <span class='ocrx_word' id='word_1_710' title='bbox 915 5195 1039 5249; x_wconf 77' lang='lat' dir='ltr'><strong>Mihi</strong></span> <span class='ocrx_word' id='word_1_711' title='bbox 1091 5195 1374 5262; x_wconf 69' lang='lat' dir='ltr'><strong>legendum</strong></span> <span class='ocrx_word' id='word_1_712' title='bbox 1433 5195 1649 5248; x_wconf 78' lang='lat' dir='ltr'><strong>videtur</strong></span> <span class='ocrx_word' id='word_1_713' title='bbox 1718 5196 1771 5250; x_wconf 87' lang='lat' dir='ltr'><strong>itt</strong></span> <span class='ocrx_word' id='word_1_714' title='bbox 1833 5199 2128 5251; x_wconf 84' lang='lat' dir='ltr'><strong>accusandi</strong></span> <span class='ocrx_word' id='word_1_715' title='bbox 2188 5215 2341 5263; x_wconf 86' lang='lat' dir='ltr'><strong>casu,</strong></span> 
     </span>
    </p>
   </div>
   <div class='ocr_carea' id='block_1_97' title="bbox 777 5266 2276 5334">
    <p class='ocr_par' dir='ltr' id='par_1_97' title="bbox 777 5266 2276 5334">
     <span class='ocr_line' id='line_1_97' title="bbox 777 5266 2276 5334; baseline -0.002 -11"><span class='ocrx_word' id='word_1_716' title='bbox 777 5285 915 5329; x_wconf 80' lang='lat' dir='ltr'><strong>reas,</strong></span> <span class='ocrx_word' id='word_1_717' title='bbox 944 5281 1174 5334; x_wconf 89' lang='lat' dir='ltr'><strong>quorum</strong></span> <span class='ocrx_word' id='word_1_718' title='bbox 1206 5266 1340 5319; x_wconf 83' lang='lat' dir='ltr'><strong>alios</strong></span> <span class='ocrx_word' id='word_1_719' title='bbox 1371 5266 1672 5326; x_wconf 82' lang='lat' dir='ltr'><strong>damnaret,</strong></span> <span class='ocrx_word' id='word_1_720' title='bbox 1703 5268 1836 5319; x_wconf 87' lang='lat' dir='ltr'><strong>alios</strong></span> <span class='ocrx_word' id='word_1_721' title='bbox 1867 5268 2200 5323; x_wconf 79' lang='lat' dir='ltr'><strong>absolveret.</strong></span> <span class='ocrx_word' id='word_1_722' title='bbox 2271 5315 2276 5320; x_wconf 80' lang='grc'><em>.</em></span> 
     </span>
    </p>
   </div>
   <div class='ocr_carea' id='block_1_98' title="bbox 849 5334 2345 5405">
    <p class='ocr_par' dir='ltr' id='par_1_98' title="bbox 849 5334 2345 5405">
     <span class='ocr_line' id='line_1_98' title="bbox 849 5334 2345 5405; baseline 0.003 -15"><span class='ocrx_word' id='word_1_723' title='bbox 849 5342 869 5370; x_wconf 84' lang='grc'>¹</span> <span class='ocrx_word' id='word_1_724' title='bbox 905 5336 1034 5390; x_wconf 80' lang='lat' dir='ltr'><strong>Vide</strong></span> <span class='ocrx_word' id='word_1_725' title='bbox 1065 5349 1186 5404; x_wconf 73' lang='lat' dir='ltr'><strong>quas</strong></span> <span class='ocrx_word' id='word_1_726' title='bbox 1213 5336 1280 5388; x_wconf 87' lang='lat' dir='ltr'><strong>de</strong></span> <span class='ocrx_word' id='word_1_727' title='bbox 1303 5337 1534 5404; x_wconf 79' lang='lat' dir='ltr'><strong>singulis</strong></span> <span class='ocrx_word' id='word_1_728' title='bbox 1574 5336 1721 5389; x_wconf 88' lang='lat' dir='ltr'><strong>hisce</strong></span> <span class='ocrx_word' id='word_1_729' title='bbox 1769 5334 2024 5405; x_wconf 78' lang='lat' dir='ltr'><strong>Origenis</strong></span> <span class='ocrx_word' id='word_1_730' title='bbox 2065 5339 2345 5394; x_wconf 89' lang='lat' dir='ltr'><strong>erroribus</strong></span> 
     </span>
    </p>
   </div>
   <div class='ocr_carea' id='block_1_99' title="bbox 780 5405 2341 5478">
    <p class='ocr_par' dir='ltr' id='par_1_99' title="bbox 780 5405 2341 5478">
     <span class='ocr_line' id='line_1_99' title="bbox 780 5405 2341 5478; baseline 0.001 -15"><span class='ocrx_word' id='word_1_731' title='bbox 780 5409 1019 5463; x_wconf 75' lang='lat' dir='ltr'><strong>diximus</strong></span> <span class='ocrx_word' id='word_1_732' title='bbox 1044 5409 1111 5459; x_wconf 85' lang='lat' dir='ltr'><strong>ad</strong></span> <span class='ocrx_word' id='word_1_733' title='bbox 1141 5405 1436 5473; x_wconf 85' lang='lat' dir='ltr'><strong>Theophili</strong></span> <span class='ocrx_word' id='word_1_734' title='bbox 1471 5407 1824 5475; x_wconf 83' lang='lat' dir='ltr'><strong>Synodicam,</strong></span> <span class='ocrx_word' id='word_1_735' title='bbox 1861 5420 1914 5461; x_wconf 87' lang='lat' dir='ltr'><strong>et</strong></span> <span class='ocrx_word' id='word_1_736' title='bbox 1947 5409 2244 5478; x_wconf 77' lang='lat' dir='ltr'><strong>Epistolam</strong></span> <span class='ocrx_word' id='word_1_737' title='bbox 2276 5417 2341 5464; x_wconf 88' lang='lat' dir='ltr'><strong>ad</strong></span> 
     </span>
    </p>
   </div>
   <div class='ocr_carea' id='block_1_100' title="bbox 780 5480 1162 5533">
    <p class='ocr_par' dir='ltr' id='par_1_100' title="bbox 780 5480 1162 5533">
     <span class='ocr_line' id='line_1_100' title="bbox 780 5480 1162 5533; baseline -0.008 0"><span class='ocrx_word' id='word_1_738' title='bbox 780 5480 1024 5533; x_wconf 76' lang='lat' dir='ltr'><strong>Avitum.</strong></span> <span class='ocrx_word' id='word_1_739' title='bbox 1053 5487 1162 5530; x_wconf 90' lang='lat' dir='ltr'><strong>etc.</strong></span> 
     </span>
    </p>
   </div>
   <div class='ocr_carea' id='block_1_101' title="bbox 855 5515 2348 5628">
    <p class='ocr_par' dir='ltr' id='par_1_101' title="bbox 855 5515 2348 5628">
     <span class='ocr_line' id='line_1_101' title="bbox 855 5515 2348 5628; baseline 0.007 -31"><span class='ocrx_word' id='word_1_740' title='bbox 855 5549 872 5580; x_wconf 85' lang='grc'>³</span> <span class='ocrx_word' id='word_1_741' title='bbox 914 5515 1442 5628; x_wconf 49' lang='lat' dir='ltr'><strong>imposuitlortasse</strong></span> <span class='ocrx_word' id='word_1_742' title='bbox 1491 5545 1686 5628; x_wconf 44' lang='lat' dir='ltr'><strong>RuliAn-o</strong></span> <span class='ocrx_word' id='word_1_743' title='bbox 1717 5548 2229 5628; x_wconf 42' lang='lat' dir='ltr'><strong>prave-intellectus</strong></span> <span class='ocrx_word' id='word_1_744' title='bbox 2271 5553 2348 5606; x_wconf 87' lang='lat' dir='ltr'><strong>lo-</strong></span> 
     </span>
    </p>
   </div>
   <div class='ocr_carea' id='block_1_102' title="bbox 783 5615 2344 5688">
    <p class='ocr_par' dir='ltr' id='par_1_102' title="bbox 783 5615 2344 5688">
     <span class='ocr_line' id='line_1_102' title="bbox 783 5615 2344 5688; baseline 0.002 -15"><span class='ocrx_word' id='word_1_745' title='bbox 783 5634 882 5674; x_wconf 92' lang='lat' dir='ltr'><strong>cus</strong></span> <span class='ocrx_word' id='word_1_746' title='bbox 913 5617 1017 5670; x_wconf 87' lang='lat' dir='ltr'><strong>iste</strong></span> <span class='ocrx_word' id='word_1_747' title='bbox 1053 5615 1344 5688; x_wconf 67' lang='lat' dir='ltr'><strong>Epiphanii</strong></span> <span class='ocrx_word' id='word_1_748' title='bbox 1375 5619 1572 5688; x_wconf 68' lang='lat' dir='ltr'><strong>haeres.</strong></span> <span class='ocrx_word' id='word_1_749' title='bbox 1602 5618 1693 5680; x_wconf 63' lang='grc'><strong>64,</strong></span> <span class='ocrx_word' id='word_1_750' title='bbox 1720 5615 1858 5688; x_wconf 55' lang='grc' dir='ltr'><strong>ἡυω</strong></span> <span class='ocrx_word' id='word_1_751' title='bbox 1889 5619 2344 5686; x_wconf 79' lang='lat' dir='ltr'><strong>Origenianoruin</strong></span> 
     </span>
    </p>
   </div>
   <div class='ocr_carea' id='block_1_103' title="bbox 783 5685 2347 5760">
    <p class='ocr_par' dir='ltr' id='par_1_103' title="bbox 783 5685 2347 5760">
     <span class='ocr_line' id='line_1_103' title="bbox 783 5685 2347 5760; baseline 0.003 -18"><span class='ocrx_word' id='word_1_752' title='bbox 783 5700 887 5760; x_wconf 87' lang='lat' dir='ltr'><strong>est,</strong></span> <span class='ocrx_word' id='word_1_753' title='bbox 925 5700 1075 5760; x_wconf 88' lang='lat' dir='ltr'><strong>num.</strong></span> <span class='ocrx_word' id='word_1_754' title='bbox 1111 5685 1356 5760; x_wconf 61' lang='lat' dir='ltr'><strong>6§,__ubi_</strong></span> <span class='ocrx_word' id='word_1_755' title='bbox 1373 5687 1661 5760; x_wconf 79' lang='lat' dir='ltr'><strong>Origenem</strong></span> <span class='ocrx_word' id='word_1_756' title='bbox 1699 5685 1892 5760; x_wconf 80' lang='lat' dir='ltr'><strong>ipsum</strong></span> <span class='ocrx_word' id='word_1_757' title='bbox 1926 5685 2249 5760; x_wconf 74' lang='lat' dir='ltr'><strong>alloquens:</strong></span> <span class='ocrx_word' id='word_1_758' title='bbox 2289 5695 2347 5747; x_wconf 80' lang='lat' dir='ltr'><strong>Ei</strong></span> 
     </span>
    </p>
   </div>
   <div class='ocr_carea' id='block_1_104' title="bbox 786 5756 2349 5832">
    <p class='ocr_par' dir='ltr' id='par_1_104' title="bbox 786 5756 2349 5832">
     <span class='ocr_line' id='line_1_104' title="bbox 786 5756 2349 5832; baseline 0.004 -23"><span class='ocrx_word' id='word_1_759' title='bbox 786 5759 896 5832; x_wconf 65' lang='grc' dir='ltr'><strong>γᾴρ</strong></span> <span class='ocrx_word' id='word_1_760' title='bbox 926 5758 1090 5832; x_wconf 46' lang='lat'><strong>£6101</strong></span> <span class='ocrx_word' id='word_1_761' title='bbox 1107 5756 1305 5827; x_wconf 73' lang='grc' dir='ltr'>ἀληθὲς</span> <span class='ocrx_word' id='word_1_762' title='bbox 1334 5756 1364 5808; x_wconf 81' lang='grc' dir='ltr'><strong>ὃ</strong></span> <span class='ocrx_word' id='word_1_763' title='bbox 1395 5756 1525 5832; x_wconf 60' lang='lat' dir='ltr'><strong>mp}.</strong></span> <span class='ocrx_word' id='word_1_764' title='bbox 1557 5756 1887 5832; x_wconf 54' lang='grc' dir='ltr'><strong>σοῦ-ᾅδεται,</strong></span> <span class='ocrx_word' id='word_1_765' title='bbox 1931 5761 2015 5813; x_wconf 79' lang='grc' dir='ltr'><strong>ὅτι</strong></span> <span class='ocrx_word' id='word_1_766' title='bbox 2055 5756 2349 5832; x_wconf 72' lang='grc' dir='ltr'><strong>’ἑξακισχι-</strong></span> 
     </span>
    </p>
   </div>
   <div class='ocr_carea' id='block_1_105' title="bbox 783 5823 2349 5901">
    <p class='ocr_par' dir='ltr' id='par_1_105' title="bbox 783 5823 2349 5901">
     <span class='ocr_line' id='line_1_105' title="bbox 783 5823 2349 5901; baseline 0.004 -21"><span class='ocrx_word' id='word_1_767' title='bbox 783 5823 932 5891; x_wconf 70' lang='lat' dir='ltr'><strong>Mdu;</strong></span> <span class='ocrx_word' id='word_1_768' title='bbox 985 5823 1209 5898; x_wconf 62' lang='grc' dir='ltr'>βίὸλουέ</span> <span class='ocrx_word' id='word_1_769' title='bbox 1248 5823 1591 5899; x_wconf 71' lang='grc' dir='ltr'><strong>συνεγράψω,</strong></span> <span class='ocrx_word' id='word_1_770' title='bbox 1641 5823 1700 5882; x_wconf 80' lang='grc' dir='ltr'><strong>ὧ’</strong></span> <span class='ocrx_word' id='word_1_771' title='bbox 1735 5823 2084 5901; x_wconf 73' lang='grc' dir='ltr'><strong>ματσίιοπόνε.</strong></span> <span class='ocrx_word' id='word_1_772' title='bbox 2119 5823 2180 5887; x_wconf 72' lang='lat' dir='ltr'><strong>Si</strong></span> <span class='ocrx_word' id='word_1_773' title='bbox 2212 5823 2349 5887; x_wconf 59' lang='lat' dir='ltr'><strong>enim</strong></span> 
     </span>
    </p>
   </div>
   <div class='ocr_carea' id='block_1_106' title="bbox 2449 4679 4025 4750">
    <p class='ocr_par' dir='ltr' id='par_1_106' title="bbox 2449 4679 4025 4750">
     <span class='ocr_line' id='line_1_106' title="bbox 2449 4679 4025 4750; baseline -0.001 -17"><span class='ocrx_word' id='word_1_774' title='bbox 2449 4682 2655 4742; x_wconf 89' lang='lat' dir='ltr'><strong>Tomis.</strong></span> <span class='ocrx_word' id='word_1_775' title='bbox 2707 4689 2767 4734; x_wconf 88' lang='lat' dir='ltr'><strong>ut</strong></span> <span class='ocrx_word' id='word_1_776' title='bbox 2831 4689 2885 4734; x_wconf 89' lang='lat' dir='ltr'><strong>et</strong></span> <span class='ocrx_word' id='word_1_777' title='bbox 2944 4679 3079 4732; x_wconf 89' lang='lat' dir='ltr'><strong>mala</strong></span> <span class='ocrx_word' id='word_1_778' title='bbox 3136 4680 3190 4733; x_wconf 89' lang='lat' dir='ltr'><strong>in</strong></span> <span class='ocrx_word' id='word_1_779' title='bbox 3246 4681 3516 4734; x_wconf 89' lang='lat' dir='ltr'><strong>bonorum</strong></span> <span class='ocrx_word' id='word_1_780' title='bbox 3576 4681 4025 4750; x_wconf 77' lang='lat' dir='ltr'><strong>interpretatione</strong></span> 
     </span>
    </p>
   </div>
   <div class='ocr_carea' id='block_1_107' title="bbox 2447 4772 4023 4846">
    <p class='ocr_par' dir='ltr' id='par_1_107' title="bbox 2447 4772 4023 4846">
     <span class='ocr_line' id='line_1_107' title="bbox 2447 4772 4023 4846; baseline -0.01 -14"><span class='ocrx_word' id='word_1_781' title='bbox 2447 4772 2606 4845; x_wconf 83' lang='lat'><strong>505</strong></span> <span class='ocrx_word' id='word_1_782' title='bbox 2638 4773 3040 4836; x_wconf 82' lang='lat' dir='ltr'><strong>subtralierem.</strong></span> <span class='ocrx_word' id='word_1_783' title='bbox 3097 4785 3153 4830; x_wconf 89' lang='lat' dir='ltr'><strong>et</strong></span> <span class='ocrx_word' id='word_1_784' title='bbox 3191 4785 3378 4844; x_wconf 87' lang='lat' dir='ltr'><strong>aperte</strong></span> <span class='ocrx_word' id='word_1_785' title='bbox 3441 4775 3677 4829; x_wconf 90' lang='lat' dir='ltr'><strong>inlibris</strong></span> <span class='ocrx_word' id='word_1_786' title='bbox 3706 4777 3839 4846; x_wconf 73' lang='grc' dir='ltr'><strong>περὶ</strong></span> <span class='ocrx_word' id='word_1_787' title='bbox 3903 4777 4023 4845; x_wconf 76' lang='grc' dir='ltr'><strong>Ἀρ.</strong></span> 
     </span>
    </p>
   </div>
   <div class='ocr_carea' id='block_1_108' title="bbox 2448 4867 4019 4937">
    <p class='ocr_par' dir='ltr' id='par_1_108' title="bbox 2448 4867 4019 4937">
     <span class='ocr_line' id='line_1_108' title="bbox 2448 4867 4019 4937; baseline 0.001 -20"><span class='ocrx_word' id='word_1_788' title='bbox 2448 4870 2559 4936; x_wconf 81' lang='grc' dir='ltr'><strong>χῶν</strong></span> <span class='ocrx_word' id='word_1_789' title='bbox 2605 4867 2670 4920; x_wconf 86' lang='lat' dir='ltr'><strong>ad</strong></span> <span class='ocrx_word' id='word_1_790' title='bbox 2720 4868 3120 4937; x_wconf 80' lang='lat' dir='ltr'><strong>coarguendam</strong></span> <span class='ocrx_word' id='word_1_791' title='bbox 3183 4868 3601 4922; x_wconf 88' lang='lat' dir='ltr'><strong>translationem</strong></span> <span class='ocrx_word' id='word_1_792' title='bbox 3652 4877 3830 4929; x_wconf 85' lang='lat' dir='ltr'><strong>tuam,</strong></span> <span class='ocrx_word' id='word_1_793' title='bbox 3892 4868 4019 4928; x_wconf 79' lang='lat' dir='ltr'><strong>quid</strong></span> 
     </span>
    </p>
   </div>
   <div class='ocr_carea' id='block_1_109' title="bbox 2448 4956 4023 5025">
    <p class='ocr_par' dir='ltr' id='par_1_109' title="bbox 2448 4956 4023 5025">
     <span class='ocr_line' id='line_1_109' title="bbox 2448 4956 4023 5025; baseline 0 -13"><span class='ocrx_word' id='word_1_794' title='bbox 2448 4961 2623 5014; x_wconf 90' lang='lat' dir='ltr'><strong>lector</strong></span> <span class='ocrx_word' id='word_1_795' title='bbox 2651 4959 2871 5023; x_wconf 89' lang='lat' dir='ltr'><strong>vitaret,</strong></span> <span class='ocrx_word' id='word_1_796' title='bbox 2914 4960 3286 5014; x_wconf 81' lang='lat' dir='ltr'><strong>ostenderem.</strong></span> <span class='ocrx_word' id='word_1_797' title='bbox 3324 4956 3416 5014; x_wconf 73' lang='lat' dir='ltr'><strong>Vis</strong></span> <span class='ocrx_word' id='word_1_798' title='bbox 3454 4957 3741 5025; x_wconf 78' lang='lat' dir='ltr'><strong>Origenem</strong></span> <span class='ocrx_word' id='word_1_799' title='bbox 3779 4959 3838 5013; x_wconf 92' lang='lat' dir='ltr'><strong>in</strong></span> <span class='ocrx_word' id='word_1_800' title='bbox 3879 4959 4023 5014; x_wconf 80' lang='lat' dir='ltr'><strong>Lati-</strong></span> 
     </span>
    </p>
   </div>
   <div class='ocr_carea' id='block_1_110' title="bbox 2451 5051 4020 5124">
    <p class='ocr_par' dir='ltr' id='par_1_110' title="bbox 2451 5051 4020 5124">
     <span class='ocr_line' id='line_1_110' title="bbox 2451 5051 4020 5124; baseline 0.004 -22"><span class='ocrx_word' id='word_1_801' title='bbox 2451 5065 2581 5103; x_wconf 89' lang='lat' dir='ltr'><strong>num</strong></span> <span class='ocrx_word' id='word_1_802' title='bbox 2615 5062 2826 5105; x_wconf 83' lang='lat' dir='ltr'><strong>vertere</strong></span> <span class='ocrx_word' id='word_1_803' title='bbox 2855 5052 2877 5104; x_wconf 70' lang='grc' dir='ltr'><strong><em>Ἰ</em></strong></span> <span class='ocrx_word' id='word_1_804' title='bbox 2908 5051 3086 5106; x_wconf 85' lang='lat' dir='ltr'><strong>llabes</strong></span> <span class='ocrx_word' id='word_1_805' title='bbox 3141 5052 3336 5105; x_wconf 85' lang='lat' dir='ltr'><strong>multas</strong></span> <span class='ocrx_word' id='word_1_806' title='bbox 3392 5053 3644 5107; x_wconf 87' lang='lat' dir='ltr'><strong>homilias</strong></span> <span class='ocrx_word' id='word_1_807' title='bbox 3672 5051 3793 5124; x_wconf 74' lang='lat' dir='ltr'><strong>eius</strong></span> <span class='ocrx_word' id='word_1_808' title='bbox 3851 5062 3908 5108; x_wconf 85' lang='lat' dir='ltr'><strong>et</strong></span> <span class='ocrx_word' id='word_1_809' title='bbox 3943 5064 4020 5108; x_wconf 81' lang='lat' dir='ltr'><strong>lo-</strong></span> 
     </span>
    </p>
   </div>
   <div class='ocr_carea' id='block_1_111' title="bbox 2449 5214 4019 5283">
    <p class='ocr_par' dir='ltr' id='par_1_111' title="bbox 2449 5214 4019 5283">
     <span class='ocr_line' id='line_1_111' title="bbox 2449 5214 4019 5283; baseline 0.002 -19"><span class='ocrx_word' id='word_1_810' title='bbox 2449 5229 2630 5264; x_wconf 77' lang='lat' dir='ltr'><strong>eernm</strong></span> <span class='ocrx_word' id='word_1_811' title='bbox 2697 5222 2795 5274; x_wconf 82' lang='lat' dir='ltr'><strong>est.</strong></span> <span class='ocrx_word' id='word_1_812' title='bbox 2829 5215 2969 5282; x_wconf 84' lang='lat' dir='ltr'><strong>quod</strong></span> <span class='ocrx_word' id='word_1_813' title='bbox 3009 5214 3072 5267; x_wconf 84' lang='lat' dir='ltr'><strong>de</strong></span> <span class='ocrx_word' id='word_1_814' title='bbox 3129 5223 3176 5267; x_wconf 82' lang='lat' dir='ltr'><strong>le</strong></span> <span class='ocrx_word' id='word_1_815' title='bbox 3225 5214 3550 5283; x_wconf 82' lang='lat' dir='ltr'><strong>percrebuit,</strong></span> <span class='ocrx_word' id='word_1_816' title='bbox 3605 5231 3698 5268; x_wconf 73' lang='lat' dir='ltr'><strong>sea:</strong></span> <span class='ocrx_word' id='word_1_817' title='bbox 3765 5216 4019 5270; x_wconf 65' lang='lat' dir='ltr'><strong>librorum</strong></span> 
     </span>
    </p>
   </div>
   <div class='ocr_carea' id='block_1_112' title="bbox 2449 5285 4023 5355">
    <p class='ocr_par' dir='ltr' id='par_1_112' title="bbox 2449 5285 4023 5355">
     <span class='ocr_line' id='line_1_112' title="bbox 2449 5285 4023 5355; baseline 0.002 -20"><span class='ocrx_word' id='word_1_818' title='bbox 2449 5286 2622 5336; x_wconf 86' lang='lat' dir='ltr'><strong>millia</strong></span> <span class='ocrx_word' id='word_1_819' title='bbox 2645 5301 2673 5334; x_wconf 86' lang='grc' dir='ltr'><strong>ο</strong></span> <span class='ocrx_word' id='word_1_820' title='bbox 2701 5294 2746 5336; x_wconf 84' lang='lat' dir='ltr'><strong>te</strong></span> <span class='ocrx_word' id='word_1_821' title='bbox 2781 5301 2892 5338; x_wconf 80' lang='lat' dir='ltr'><strong>esse</strong></span> <span class='ocrx_word' id='word_1_822' title='bbox 2919 5286 3235 5353; x_wconf 78' lang='lat' dir='ltr'><strong>conscripta,</strong></span> <span class='ocrx_word' id='word_1_823' title='bbox 3269 5302 3298 5337; x_wconf 87' lang='grc' dir='ltr'><strong><em>ο</em></strong></span> <span class='ocrx_word' id='word_1_824' title='bbox 3329 5285 3542 5354; x_wconf 64' lang='lat' dir='ltr'><strong>infelix,</strong></span> <span class='ocrx_word' id='word_1_825' title='bbox 3591 5286 3683 5355; x_wconf 79' lang='lat' dir='ltr'><strong>qui</strong></span> <span class='ocrx_word' id='word_1_826' title='bbox 3711 5286 4023 5340; x_wconf 63' lang='lat' dir='ltr'><strong>inanissima</strong></span> 
     </span>
    </p>
   </div>
   <div class='ocr_carea' id='block_1_113' title="bbox 2449 5355 4018 5422">
    <p class='ocr_par' dir='ltr' id='par_1_113' title="bbox 2449 5355 4018 5422">
     <span class='ocr_line' id='line_1_113' title="bbox 2449 5355 4018 5422; baseline 0.002 -18"><span class='ocrx_word' id='word_1_827' title='bbox 2449 5356 2752 5418; x_wconf 75' lang='lat' dir='ltr'><strong>desudaris,</strong></span> <span class='ocrx_word' id='word_1_828' title='bbox 2811 5363 2917 5409; x_wconf 85' lang='lat' dir='ltr'><strong>etc.</strong></span> <span class='ocrx_word' id='word_1_829' title='bbox 2960 5355 3240 5422; x_wconf 87' lang='lat' dir='ltr'><strong>Nusquam</strong></span> <span class='ocrx_word' id='word_1_830' title='bbox 3291 5369 3470 5409; x_wconf 81' lang='lat' dir='ltr'><strong>autem</strong></span> <span class='ocrx_word' id='word_1_831' title='bbox 3522 5369 3612 5410; x_wconf 89' lang='lat' dir='ltr'><strong>aut</strong></span> <span class='ocrx_word' id='word_1_832' title='bbox 3645 5355 3715 5408; x_wconf 88' lang='lat' dir='ltr'><strong>de</strong></span> <span class='ocrx_word' id='word_1_833' title='bbox 3749 5357 4018 5412; x_wconf 86' lang='lat' dir='ltr'><strong>librorum</strong></span> 
     </span>
    </p>
   </div>
   <div class='ocr_carea' id='block_1_114' title="bbox 2450 5424 4022 5493">
    <p class='ocr_par' dir='ltr' id='par_1_114' title="bbox 2450 5424 4022 5493">
     <span class='ocr_line' id='line_1_114' title="bbox 2450 5424 4022 5493; baseline 0.003 -17"><span class='ocrx_word' id='word_1_834' title='bbox 2450 5439 2680 5477; x_wconf 86' lang='lat' dir='ltr'><strong>numero</strong></span> <span class='ocrx_word' id='word_1_835' title='bbox 2737 5424 3023 5479; x_wconf 77' lang='lat' dir='ltr'><strong>aﬂirmuvit</strong></span> <span class='ocrx_word' id='word_1_836' title='bbox 3079 5425 3440 5493; x_wconf 79' lang='lat' dir='ltr'><strong>Epiphanius.</strong></span> <span class='ocrx_word' id='word_1_837' title='bbox 3494 5436 3587 5478; x_wconf 86' lang='lat' dir='ltr'><strong>aut</strong></span> <span class='ocrx_word' id='word_1_838' title='bbox 3644 5426 3870 5480; x_wconf 87' lang='lat' dir='ltr'><strong>totidem</strong></span> <span class='ocrx_word' id='word_1_839' title='bbox 3904 5441 3934 5478; x_wconf 89' lang='lat' dir='ltr'><strong>a</strong></span> <span class='ocrx_word' id='word_1_840' title='bbox 3969 5442 4022 5480; x_wconf 78' lang='lat' dir='ltr'><strong>se</strong></span> 
     </span>
    </p>
   </div>
   <div class='ocr_carea' id='block_1_115' title="bbox 2451 5495 4018 5562">
    <p class='ocr_par' dir='ltr' id='par_1_115' title="bbox 2451 5495 4018 5562">
     <span class='ocr_line' id='line_1_115' title="bbox 2451 5495 4018 5562; baseline -0.001 -16"><span class='ocrx_word' id='word_1_841' title='bbox 2451 5495 2623 5547; x_wconf 68' lang='lat' dir='ltr'><strong>lectus</strong></span> <span class='ocrx_word' id='word_1_842' title='bbox 2673 5495 2830 5548; x_wconf 76' lang='lat' dir='ltr'><strong>dixit.</strong></span> <span class='ocrx_word' id='word_1_843' title='bbox 2886 5495 3084 5548; x_wconf 89' lang='lat' dir='ltr'><strong>lterum</strong></span> <span class='ocrx_word' id='word_1_844' title='bbox 3143 5495 3306 5556; x_wconf 88' lang='lat' dir='ltr'><strong>infra,</strong></span> <span class='ocrx_word' id='word_1_845' title='bbox 3363 5503 3529 5562; x_wconf 88' lang='lat' dir='ltr'><strong>atque</strong></span> <span class='ocrx_word' id='word_1_846' title='bbox 3584 5495 3714 5548; x_wconf 88' lang='lat' dir='ltr'><strong>alibi</strong></span> <span class='ocrx_word' id='word_1_847' title='bbox 3770 5498 4018 5550; x_wconf 82' lang='lat' dir='ltr'><strong>eamdem</strong></span> 
     </span>
    </p>
   </div>
   <div class='ocr_carea' id='block_1_116' title="bbox 2454 5565 4012 5636">
    <p class='ocr_par' dir='ltr' id='par_1_116' title="bbox 2454 5565 4012 5636">
     <span class='ocr_line' id='line_1_116' title="bbox 2454 5565 4012 5636; baseline 0.003 -22"><span class='ocrx_word' id='word_1_848' title='bbox 2454 5565 2928 5636; x_wconf 89' lang='lat' dir='ltr'><strong>halluciuationem</strong></span> <span class='ocrx_word' id='word_1_849' title='bbox 2961 5570 3028 5618; x_wconf 89' lang='lat' dir='ltr'><strong>ab</strong></span> <span class='ocrx_word' id='word_1_850' title='bbox 3060 5566 3371 5636; x_wconf 84' lang='lat' dir='ltr'><strong>Epiphanio</strong></span> <span class='ocrx_word' id='word_1_851' title='bbox 3394 5576 3555 5621; x_wconf 83' lang='lat' dir='ltr'><strong>caret</strong></span> <span class='ocrx_word' id='word_1_852' title='bbox 3585 5565 3759 5629; x_wconf 64' lang='grc' dir='ltr'><strong>υἱεῖ..</strong></span> <span class='ocrx_word' id='word_1_853' title='bbox 3793 5575 3854 5620; x_wconf 87' lang='lat' dir='ltr'><strong>et</strong></span> <span class='ocrx_word' id='word_1_854' title='bbox 3911 5566 4012 5619; x_wconf 74' lang='lat' dir='ltr'><strong>Bu-</strong></span> 
     </span>
    </p>
   </div>
   <div class='ocr_carea' id='block_1_117' title="bbox 2452 5635 2900 5703">
    <p class='ocr_par' dir='ltr' id='par_1_117' title="bbox 2452 5635 2900 5703">
     <span class='ocr_line' id='line_1_117' title="bbox 2452 5635 2900 5703; baseline 0.009 -18"><span class='ocrx_word' id='word_1_855' title='bbox 2452 5635 2562 5687; x_wconf 85' lang='lat' dir='ltr'><strong>lino</strong></span> <span class='ocrx_word' id='word_1_856' title='bbox 2587 5638 2900 5703; x_wconf 72' lang='lat' dir='ltr'><strong>exprobrat.</strong></span> 
     </span>
    </p>
   </div>
   <div class='ocr_carea' id='block_1_118' title="bbox 2524 5703 4018 5767">
    <p class='ocr_par' dir='ltr' id='par_1_118' title="bbox 2524 5703 4018 5767">
     <span class='ocr_line' id='line_1_118' title="bbox 2524 5703 4018 5767; baseline 0.001 -10"><span class='ocrx_word' id='word_1_857' title='bbox 2524 5703 2544 5733; x_wconf 76' lang='grc'><strong>⁸</strong></span> <span class='ocrx_word' id='word_1_858' title='bbox 2570 5707 2717 5757; x_wconf 83' lang='lat' dir='ltr'><strong>Alias</strong></span> <span class='ocrx_word' id='word_1_859' title='bbox 2745 5707 2876 5758; x_wconf 87' lang='lat' dir='ltr'><strong>editi</strong></span> <span class='ocrx_word' id='word_1_860' title='bbox 2911 5722 3032 5760; x_wconf 90' lang='lat' dir='ltr'><strong>eum</strong></span> <span class='ocrx_word' id='word_1_861' title='bbox 3057 5705 3394 5761; x_wconf 89' lang='lat' dir='ltr'><strong>Coisliniano</strong></span> <span class='ocrx_word' id='word_1_862' title='bbox 3421 5722 3551 5767; x_wconf 86' lang='lat' dir='ltr'><strong>ms..</strong></span> <span class='ocrx_word' id='word_1_863' title='bbox 3602 5708 3874 5761; x_wconf 67' lang='lat' dir='ltr'><strong>obseruari</strong></span> <span class='ocrx_word' id='word_1_864' title='bbox 3931 5710 4018 5759; x_wconf 82' lang='lat' dir='ltr'><strong>de-</strong></span> 
     </span>
    </p>
   </div>
   <div class='ocr_carea' id='block_1_119' title="bbox 2457 5774 3774 5832">
    <p class='ocr_par' dir='ltr' id='par_1_119' title="bbox 2457 5774 3774 5832">
     <span class='ocr_line' id='line_1_119' title="bbox 2457 5774 3774 5832; baseline 0.005 -6"><span class='ocrx_word' id='word_1_865' title='bbox 2457 5774 2557 5828; x_wconf 81' lang='lat' dir='ltr'><strong>bet.</strong></span> <span class='ocrx_word' id='word_1_866' title='bbox 2592 5777 2646 5827; x_wconf 93' lang='lat' dir='ltr'><strong>ln</strong></span> <span class='ocrx_word' id='word_1_867' title='bbox 2687 5775 3071 5831; x_wconf 83' lang='lat' dir='ltr'><strong>llieronvmum</strong></span> <span class='ocrx_word' id='word_1_868' title='bbox 3099 5787 3212 5832; x_wconf 88' lang='lat' dir='ltr'><strong>tota</strong></span> <span class='ocrx_word' id='word_1_869' title='bbox 3244 5778 3431 5831; x_wconf 68' lang='lat' dir='ltr'><strong>istbac</strong></span> <span class='ocrx_word' id='word_1_870' title='bbox 3465 5779 3643 5832; x_wconf 90' lang='lat' dir='ltr'><strong>oratio</strong></span> <span class='ocrx_word' id='word_1_871' title='bbox 3671 5788 3774 5832; x_wconf 81' lang='lat' dir='ltr'><strong>est.</strong></span> 
     </span>
    </p>
   </div>
  </div>
