4202 6486
781 412 884 476 £67

1955 414 2012 477 S.
2054 414 2375 478 EUSEDII
2403 416 2841 482 HIERONYMI

3928 411 4035 478 468

774 541 885 582 tam
924 526 1191 596 Pamphili
1221 571 1235 591 ,
1272 530 1625 585 continentur
1664 548 1678 585 :
1718 540 1773 586 et
1805 545 1910 587 non
1945 532 2066 587 dico
2097 547 2192 589 sex
2224 535 2348 588 mil-
2377 539 2420 595 Α
2454 537 2531 592 sic
2565 545 2623 591 tu
2660 538 2794 593 doce
2824 552 2854 592 a
2884 552 2992 608 quo
3028 535 3305 606 exemplar
3339 535 3639 604 acet-peris,
3677 544 3731 587 ut
3768 534 3860 601 qui
3934 548 4027 583 an.

772 620 878 685 lia,
927 618 1019 671 sed
1066 619 1281 673 tertiam
1337 630 1543 689 partem
1598 636 1705 675 non
1752 623 2011 691 reperies.
2067 620 2342 680 Habemus

769 708 1059 779 epistolam
1091 710 1389 776 supradicti
1425 711 1723 781 pontificis.
1758 713 1811 767 in
1839 727 1947 782 qua
1980 711 2107 767 huic
2138 712 2343 767 calum-

771 803 875 857 nia:
910 814 1037 865 tum,
1070 805 1198 858 dunt
1234 803 1416 859 adhuc
1449 820 1600 859 esses
1638 805 1690 858 in
1726 804 1975 865 Oriente.
2026 806 2343 872 respondet.

771 906 823 947 et
856 895 1261 966 apertissimum
1300 897 1640 951 mendacium
1676 896 1843 948 libera
1888 896 2138 950 veritatis
2173 894 2347 951 fronte.

770 988 1040 1042 confutal.

842 1083 935 1139 25.
981 1081 1223 1137 Habebat
1262 1083 1314 1136 iu
1368 1084 1547 1137 animo
1582 1085 1807 1137 scribere
1851 1094 2037 1137 contra
2088 1082 2351 1153 Pamphili

772 1175 1109 1248 Apologiam.
1131 1176 1247 1230 Lib.
1275 1178 1337 1228 de
1368 1174 1509 1229 Viris
1535 1176 1732 1231 illustr.
1760 1176 1828 1228 ad
1850 1175 2125 1230 Dextrum.
2153 1174 2349 1229 Trans-

772 1270 897 1324 tulit
931 1271 1177 1324 Itamilias
1207 1267 1453 1341 O'igenis
1491 1271 1544 1324 in
1577 1270 1951 1323 adolescentia.
1972 1300 2041 1311 —
2066 1268 2194 1323 Post
2236 1270 2349 1323 luet:

772 1375 825 1421 et
860 1374 1009 1419 tanta
1043 1364 1214 1418 audes
1250 1366 1303 1417 in
1338 1365 1598 1433 Apologia
1630 1372 1720 1415 tua
1755 1364 1942 1417 dicere
1965 1402 1979 1424 ,
2011 1372 2063 1416 te
2095 1378 2199 1415 non
2229 1378 2349 1418 esse

772 1458 1120 1513 defensorem
1150 1454 1424 1527 Origenis,
1466 1471 1643 1525 neque
1673 1465 2005 1509 assertorem
2044 1456 2210 1517 illius,
2254 1472 2351 1524 pro

776 1552 931 1617 cuius
961 1549 1280 1605 defensione
1313 1549 1627 1620 Pamphilus
1648 1560 1705 1604 et
1737 1549 2007 1604 Eusebius
2034 1548 2127 1602 tibi
2156 1564 2348 1618 parum

775 1642 982 1698 dixisse
1014 1648 1148 1697 sunt
1179 1640 1304 1697 visi.
1339 1640 1643 1695 Adversum
1674 1654 1794 1709 qua:
1825 1639 2107 1694 volumina
2140 1638 2205 1709 (si
2244 1638 2349 1691 Do-

778 1738 959 1793 minus
986 1739 1112 1792 vita:
1140 1734 1307 1806 hujus
1329 1734 1544 1789 dederit
1576 1734 1839 1804 spatium)
1864 1734 1998 1788 alias
2022 1736 2350 1803 respondere

778 1830 1037 1883 conabor.
1074 1825 1229 1880 Nunc
1268 1836 1479 1880 tantum
1524 1824 1632 1880 tuis
1664 1824 2065 1879 assertionibus
2099 1824 2350 1879 ohviasse

780 1920 1034 1984 sufficiat,
1057 1930 1112 1974 et
1137 1922 1240 1974 hoc
1264 1920 1504 1974 breviter
1532 1917 1852 1987 prudentem
1925 1916 2250 1972 instruxisse
2281 1918 2354 1971 le-

778 2026 1016 2076 ctorem,
1047 2014 1319 2069 meistum
1356 2012 1552 2065 librum
1590 2009 1682 2079 qui
1710 2015 1813 2065 sub
1843 2009 2062 2063 nomine
2086 2010 2351 2080 Pamphili

782 2106 1090 2168 ferebatur,
1122 2105 1325 2159 vidisse
1356 2103 1591 2173 primum
1626 2103 1891 2171 scriptum
1921 2102 1973 2154 in
2006 2100 2190 2156 codice
2220 2111 2312 2155 tuo
2338 2120 2352 2167 ;

777 2208 833 2253 et
865 2199 995 2269 quia
1035 2213 1141 2251 non
1174 2204 1295 2251 erat
1336 2194 1469 2249 mihi
1499 2209 1647 2249 curta
1682 2195 1813 2262 quid
1847 2209 1946 2263 pro
1984 2194 2238 2248 lueretico
2270 2192 2355 2247 di—

777 2300 1021 2355 ceretur,
1045 2289 1125 2344 sic
1156 2301 1375 2355 semper
1403 2286 1684 2352 habuisse,
1719 2285 1879 2353 quasi
1908 2285 2182 2341 diversum
2211 2292 2355 2340 esset

779 2400 918 2455 opus
949 2381 1214 2448 Pamphili
1261 2390 1315 2435 et
1346 2379 1573 2435 Eusebii
1609 2396 1623 2433 :
1658 2389 1850 2448 postea
1882 2394 2013 2433 vero
2052 2379 2355 2447 quaestione

780 2487 923 2531 mota
947 2516 962 2539 ,
1014 2473 1239 2543 scriptis
1281 2486 1470 2528 eorum
1508 2472 1843 2542 respondere
1878 2472 2153 2533 voluisse,
2195 2480 2246 2524 et
2287 2471 2356 2524 ob

782 2576 921 2626 hanc
944 2584 1167 2626 causam
1196 2568 1418 2637 legisse,
1445 2568 1574 2636 quid
1600 2582 1700 2638 pro
1720 2567 1955 2638 Origene
1977 2566 2357 2637 unusquisque

781 2666 1035 2730 sentiret,
1060 2662 1468 2733 perspicueque
1489 2661 1947 2732 deprehendisse,
1974 2664 2120 2731 quod
2147 2663 2356 2732 primus

778 2760 918 2813 liber
948 2772 1038 2812 sex
1073 2745 1413 2810 voluminum
1450 2754 1670 2808 Eusebii
1719 2752 1836 2822 ipse
1866 2764 2011 2809 esset
2037 2794 2052 2816 ,
2083 2758 2176 2823 qui
2216 2770 2358 2808 unus

780 2848 882 2903 snh
921 2848 1144 2903 nomine
1191 2845 1461 2916 Pamphili
1508 2862 1535 2895 :t
1569 2856 1621 2901 te
1650 2844 1831 2900 editus
1862 2856 1979 2909 est,
2024 2858 2131 2899 tam
2172 2846 2357 2901 Grmi-e

780 2956 941 3010 quam
979 2940 1171 2995 Latine
1194 2980 1209 3004 ,
1256 2939 1559 2994 immutatis
1589 2939 1856 2992 duntaxat
1888 2940 2142 2993 sensibus
2171 2940 2236 2992 de
2274 2939 2359 2992 Fi-

782 3037 856 3089 lio
896 3043 951 3089 et
994 3033 1204 3105 Spiritu
1247 3042 1479 3095 sancto,
1526 3031 1617 3101 qui
1673 3041 1917 3100 apertam
1963 3032 2355 3102 blasphemiam

782 3128 1164 3198 praeferebant.
1199 3125 1355 3183 Unde
1388 3128 1551 3182 etiam
1597 3134 1725 3181 ante
1756 3140 1931 3180 annos
1967 3124 2138 3179 ferme
2169 3125 2355 3180 decem

2456 637 2662 681 ctorem
2693 628 2815 683 libri
2842 630 2973 684 dare
3006 627 3175 681 alium
3209 643 3314 682 non
3350 627 3609 698 potuerit,
3632 626 3747 695 ipse
3783 622 4037 678 falsitatis

2455 737 2581 777 reus
2616 732 2891 777 teneatur.
2931 741 2951 775 ι
2994 722 3175 775 Bonus
3209 722 3373 775 homo
3406 720 3472 774 de
3514 720 3657 773 bono
3700 717 3884 772 cordis
3918 718 4037 768 the-

2451 830 2617 870 sauro
2645 813 2856 882 profert
2879 814 2970 869 illa
2997 829 3118 883 quae
3139 814 3281 868 bona
3310 823 3437 868 sunt
3462 810 3685 872 (Matth.
3718 827 3819 869 nt.
3846 809 3979 876 35);
4013 826 4030 858 ι

2451 918 2614 975 atque.
2647 922 2710 961 cx
2747 921 3031 978 pomorum
3067 907 3378 974 dulcedine,
3408 904 3653 976 generosi
3691 904 3922 958 seminis
3954 918 4037 953 ar-

2451 1002 2552 1055 bor
2591 1000 2923 1071 agnoscitur.

2524 1095 2617 1151 Ἡ.
2658 1095 2904 1163 Epistula
2928 1098 3204 1169 supposita
3235 1096 3574 1166 Hieronymo.
3608 1125 3675 1136 —
3700 1094 3907 1149 Sceibit
3933 1093 4038 1147 fta-

2453 1196 2534 1242 ter
2568 1187 2839 1244 Eusebius
2873 1204 2932 1246 se
2966 1192 3108 1261 apud
3142 1189 3305 1245 Afros
3344 1191 3653 1259 t‘pist'opus,
3686 1189 3780 1258 qui
3817 1200 4041 1258 propter

2451 1281 2861 1338 ecclesiasticas
2899 1297 3096 1339 causas
3134 1285 3199 1338 ad
3242 1286 3561 1339 comitatum
3598 1292 3885 1343 venerant,
3920 1284 4039 1351 epi-

2453 1375 2646 1430 stolam
2679 1376 2837 1445 quasi
2881 1390 3001 1429 meo
3045 1378 3307 1448 scriptam
3357 1378 3580 1433 nomine
3630 1378 3940 1441 reperisse,
3986 1377 4038 1427 in

2455 1483 2561 1537 qua
2611 1482 2826 1536 agerem
2866 1470 3284 1537 paenitentiam,
3332 1480 3386 1522 et
3436 1484 3522 1523 tne
3576 1470 3643 1520 ah
3696 1466 3944 1522 llebrmis
3984 1470 4037 1519 in

2456 1561 2826 1616 adolescentia
2884 1562 3166 1616 inductum
3223 1577 3344 1617 esse
3402 1572 3674 1622 testarer,
3714 1572 3773 1613 ιιι
3811 1560 4035 1613 ἰῗθιιγειιτι

2454 1653 2736 1707 volumina
2772 1654 2824 1707 in
2860 1653 3117 1708 Latinum
3149 1662 3440 1711 verterem.
3474 1654 3525 1707 in
3554 1655 3757 1721 quibus
3788 1656 3939 1708 nulla
3971 1656 4042 1705 sit

2460 1747 2680 1800 veritas.
2725 1744 2883 1811 Quod
2927 1747 3161 1802 audiens
3195 1746 3478 1817 obstupui.
3516 1746 3580 1801 Et
3608 1747 3735 1817 quia
3775 1766 3794 1797 ι
3841 1745 3898 1799 ltt
3944 1762 4041 1800 ere.

2457 1840 2693 1893 duorum
2763 1839 2848 1893 vel
2883 1842 3047 1894 trium
3083 1849 3185 1894 stat
3220 1855 3381 1896 onrne
3412 1841 3637 1894 veritum
3691 1840 3877 1909 (Deut.
3909 1856 4040 1898 stu.

2459 1929 2521 1991 ϐε
2564 1930 2755 1984 Matth.
2784 1946 2938 1992 xvut.
2973 1931 3071 1995 l6;
3100 1930 3159 1985 II
3193 1930 3320 1986 Cor.
3357 1946 3475 1993 xm.
3510 1932 3615 1995 1).»
3654 1932 3863 1999 unique
3893 1932 4042 1989 testi,

2457 2039 2561 2077 nee
2590 2022 2782 2077 Catoni
2817 2022 3084 2077 creditum
3113 2032 3218 2085 est,
3254 2024 3489 2094 idipsunt
3519 2024 3820 2079 multorum
3854 2038 3946 2078 nte
3975 2039 4039 2077 ex

2460 2115 2605 2172 Urbe
2642 2116 2870 2170 fratrum
2901 2119 3104 2187 scripta
3140 2118 3472 2182 docuerunt,
3507 2119 3937 2174 sciscitantium.
3975 2135 4041 2172 au

2463 2215 2535 2269 ita
2573 2229 2629 2266 se.
2664 2211 2891 2268 haberet
2918 2253 2932 2273 ,
2968 2221 3022 2267 et
3052 2229 3079 2267 a
3123 2228 3233 2283 quo
3265 2213 3377 2280 ipsa
3411 2212 3643 2285 epistola
3678 2215 4044 2269 disseminata

2461 2316 2606 2363 esset
2659 2305 2711 2359 in
2763 2304 2957 2374 vulgus
3010 2307 3443 2377 lacrymabiliter
3494 2305 3887 2361 indicantium.
3940 2307 4045 2371 Qui

2462 2401 2566 2454 hoc
2596 2415 2769 2455 ausus
2800 2410 2881 2454 est
2906 2401 3117 2462 facere,
3145 2402 3274 2467 quid
3302 2400 3448 2453 aliud
3476 2414 3580 2453 non
3606 2398 3842 2455 audeat?
3874 2399 4044 2454 Bene.

2460 2495 2603 2563 quod
2638 2494 2846 2547 malitia
2885 2509 2993 2546 non
3034 2493 3197 2548 habet
3240 2503 3419 2547 tantas
3459 2493 3643 2558 vires,
3676 2504 3918 2561 quantos
3959 2508 4052 2548 eo-

2461 2593 2643 2641 natns.
2703 2583 2949 2640 Perierat
2998 2585 3354 2649 innocentia,
3407 2584 3451 2639 si
3508 2599 3727 2652 semper
3782 2584 4051 2653 nequitiae

2455 2676 2648 2743 juncta
2682 2686 2828 2731 esset
2860 2676 3101 2743 potentia
3128 2717 3143 2733 .
3172 2686 3227 2731 et
3257 2684 3429 2729 totum
3465 2676 3731 2747 quidquid
3764 2677 3915 2746 cupit
3953 2692 4049 2732 cai-

2462 2770 2669 2824 lunmia
2699 2808 2714 2833 ,
2754 2768 2921 2839 518
2946 2769 3289 2838 praevaleret.
3326 2766 3533 2840 Stylum
3569 2784 3747 2823 meum
3779 2808 3793 2829 ,
3838 2771 4049 2837 qualis-

2464 2876 2680 2928 cItnque
2728 2870 2809 2913 est
2840 2900 2853 2921 ,
2886 2870 2941 2914 et
2983 2859 3213 2914 formant
3262 2860 3464 2927 eloquii
3508 2860 3591 2913 vir
3634 2859 4051 2915 disertissimus

2463 2949 2771 3018 exprimere
2803 2965 2909 3003 non
2945 2948 3128 3017 potuit
3161 2964 3176 3005 :
3217 2946 3312 3003 sed
3352 2948 3497 3002 inter
3530 2948 3676 3017 ipsas
3706 2950 4049 3017 prtestisias.

2462 3049 2518 3095 et
2546 3040 2771 3094 alterius
2794 3054 3103 3109 personam,
3133 3055 3240 3106 qua
3274 3054 3332 3093 se
3364 3038 3739 3094 fntmlnleuter
3761 3039 4050 3105 induerat,

2464 3133 2588 3202 quis
2635 3141 2781 3187 esset
2808 3131 3065 3186 ostendit.
3119 3130 3263 3199 Ergo
3312 3132 3401 3185 ille
3460 3132 3551 3201 qui
3598 3131 3888 3200 epistoiant
3942 3137 4049 3185 sub

781 3240 903 3277 cum
945 3222 1141 3277 Dexter
1177 3223 1389 3276 anticus
1424 3235 1602 3284 meus,
1634 3220 1724 3289 qui
1768 3218 2146 3287 praefecturam
2183 3216 2353 3271 admi-

2467 3225 2686 3279 notuine
2724 3238 2842 3279 meo
2888 3223 3222 3291 poenitentiae
3259 3224 3526 3279 finxerat.
3572 3224 3717 3288 quod
3761 3224 3906 3277 male
3939 3222 4046 3278 lle-

782 3317 1035 3372 nistravit
1071 3314 1328 3385 praetorii,
1363 3329 1451 3369 me
1486 3321 1756 3382 rogasset.
1792 3321 1852 3365 ttt
1886 3322 2173 3365 auctorum
2256 3324 2356 3364 no-

782 3419 915 3465 stra:
955 3408 1243 3478 religionis
1278 3418 1334 3464 et
1380 3406 1615 3462 indicem
1653 3414 1925 3468 texercm,
1957 3406 2100 3460 inter
2133 3413 2360 3460 eratet-os

786 3512 1109 3559 tractatnres
1142 3502 1299 3573 posui
1333 3511 1390 3557 et
1424 3503 1569 3556 hunc
1603 3501 1803 3556 librum
1836 3516 1866 3555 a
1899 3500 2188 3567 Pamphilo
2239 3499 2357 3553 edi-

784 3607 918 3656 tutn,
955 3596 1025 3649 ita
1059 3605 1261 3664 putans
1290 3609 1438 3659 esse,
1468 3602 1527 3647 ttt
1559 3609 1589 3648 a
1619 3603 1668 3648 te
1696 3602 1753 3647 et
1786 3594 1895 3647 tuis
1928 3593 2214 3661 discipulis
2244 3590 2357 3645 fne-

784 3690 868 3736 rat
893 3681 1253 3751 divulgatum.
1283 3681 1386 3738 Sed
1425 3696 1550 3737 cunt
1584 3683 1698 3751 ipse
1728 3682 1877 3736 dicat
1904 3681 2176 3736 Eusebius
2203 3680 2362 3735 Pant-

786 3774 994 3843 philum
1039 3774 1197 3844 517
1259 3774 1396 3828 nihil
1448 3772 1773 3842 scripsisse.
1810 3773 2053 3843 exceptis
2102 3774 2363 3828 brevibus

786 3866 1047 3934 Epistolis
1072 3868 1137 3919 ad
1164 3866 1371 3921 amicos
1395 3882 1408 3921 :
1432 3874 1485 3921 et
1506 3866 1715 3935 primus
1736 3866 1875 3921 liber
1901 3882 1993 3921 sex
2018 3866 2361 3921 voluminum

787 3959 961 4023 illius,
998 3958 1188 4011 eadem
1219 3968 1274 4010 et
1306 3956 1510 4013 eisdem
1542 3960 1719 4012 verbis
1752 3959 2063 4018 contineat.
2101 3973 2223 4026 qum
2259 3959 2362 4013 sub

790 4052 1009 4103 nemine
1038 4050 1304 4120 Pamphili
1335 4068 1365 4103 a
1398 4062 1448 4105 te
1483 4050 1606 4104 ficta
1644 4059 1793 4113 sunt,
1820 4051 2171 4120 perspicuum
2206 4062 2285 4105 est
2314 4062 2363 4105 te

789 4143 995 4197 ideirco
1024 4143 1225 4196 librum
1260 4142 1403 4195 hunc
1441 4140 1803 4197 disseminare
1844 4141 2086 4195 voluisse
2111 4180 2125 4203 .
2168 4148 2228 4194 ut
2266 4142 2367 4195 sub

791 4249 1024 4303 persona
1071 4232 1331 4304 martyris
1381 4231 1628 4286 lueresim
1678 4231 2078 4287 introduceres.
2119 4232 2367 4301 Cumque

788 4335 857 4383 ite
908 4328 1014 4381 hoc
1046 4328 1165 4395 ipso
1203 4326 1347 4381 libro
1390 4341 1551 4393 quem
1586 4326 1849 4394 Pamphili
1892 4325 2155 4386 simulas.
2199 4326 2364 4379 tnnlta

790 4426 1140 4487 perveneris,
1170 4430 1223 4474 et
1252 4420 1412 4473 aliter
1446 4420 1503 4473 in
1528 4418 1745 4482 Grteco,
1769 4419 1930 4473 aliter
1959 4420 2015 4472 in
2050 4418 2246 4473 Latino
2271 4418 2363 4481 sit,

792 4513 1041 4567 fraudem
1096 4520 1242 4565 tuam
1293 4511 1467 4565 errori
1517 4526 1639 4565 Itlt‘O
1692 4510 1964 4577 imputare
2014 4526 2119 4563 non
2176 4510 2363 4565 debes.

790 4607 1006 4660 Credidi
1043 4605 1188 4659 enim
1224 4605 1344 4673 ejus
1376 4619 1498 4659 esse
1527 4605 1724 4658 librum
1746 4574 1956 4673 ,unent
1996 4603 2191 4657 titulus
2225 4618 2362 4672 prtu-
2400 4574 2448 4634 υ
2474 4609 2643 4662 ιιῖοςίκ
2691 4574 2809 4659 dedi
2842 4647 2856 4668 ,

792 4699 1020 4761 ferebat,
1058 4698 1201 4751 sicut
1239 4696 1365 4764 περὶ
1410 4694 1647 4765 ’Δρχῶν,
1680 4704 1735 4749 et
1770 4695 1937 4747 multa
1971 4694 2073 4745 alia
2117 4691 2365 4761 Origenis

792 4802 992 4855 opera,
1032 4786 1507 4854 [duriutorumqne
1542 4785 1767 4839 Graecia:
1805 4795 2160 4839 tractatnrntn
2188 4824 2202 4847 ,
2244 4800 2367 4852 qua:

795 4892 889 4933 aut
929 4890 1056 4934 ante
1104 4893 1213 4933 non
1262 4877 1367 4947 legi
1396 4915 1411 4934 .
1464 4887 1558 4930 aut
1610 4893 1753 4931 nunc
1798 4879 2095 4944 compellor
2144 4880 2365 4942 legere,

793 4973 1092 5043 quwtione
1125 4972 1393 5024 hzereseos
1422 4969 1723 5030 suscitata',
1758 4980 1816 5021 ut
1844 4968 2010 5022 sciam
2045 4985 2164 5036 quae
2194 4968 2366 5021 vitate

795 5067 1038 5127 debeam,
1071 5077 1192 5135 quae
1222 5062 1471 5129 proba-e.
1500 5058 1656 5115 Unde
1688 5072 1739 5113 et
1775 5060 1826 5113 itt
1856 5060 2230 5115 adolescentia
2266 5060 2363 5112 ho-

796 5156 974 5208 tuilias
1011 5164 1222 5207 tantum
1264 5151 1384 5218 eius
1420 5166 1559 5218 quas
1595 5150 1923 5219 loquebatur
1950 5153 2015 5205 ad
2059 5152 2319 5222 populum
2346 5190 2360 5213 ,

796 5264 848 5300 in
880 5246 1080 5316 quibus
1117 5260 1225 5297 non
1264 5254 1411 5297 tanta
1446 5243 1701 5298 scandala
1745 5245 2076 5299 tenebantur
2101 5287 2114 5307 ,
2152 5244 2362 5312 simpli-

798 5340 930 5393 iiter
974 5338 1297 5408 rogantibus
1345 5336 1601 5389 transtuli
1632 5377 1645 5397 ,
1684 5322 1858 5389 inullis
1897 5337 2256 5405 pra'jttdicans
2299 5352 2361 5389 ex

799 5432 879 5485 bis
912 5445 1033 5499 qua}
1072 5429 1416 5501 probantur,
1460 5428 1553 5480 illa
1596 5428 1878 5496 suscipere
1915 5445 2035 5495 qua:
2079 5428 2365 5481 mattifeSte

798 5524 1045 5577 tueretica
1095 5530 1249 5578 sunt.
1291 5518 1450 5576 Certe
1496 5520 1579 5587 (ut
1627 5521 2012 5587 compendium
2064 5521 2204 5589 ὀιιεί
2248 5537 2364 5571 εει-ι·-

795 5617 973 5671 monis
1003 5615 1219 5681 faciam)
1257 5614 1396 5668 sicut
1430 5628 1532 5681 ego
1571 5617 1822 5678 ostendo,
1862 5629 1945 5667 me
1988 5614 2055 5666 ab
2093 5615 2174 5665 his
2211 5629 2367 5667 acce-

796 5710 941 5775 pisse
986 5707 1180 5760 librnut
1226 5706 1317 5774 qui
1363 5704 1429 5759 tit.
1473 5718 1566 5759 tuo
1609 5706 1795 5759 codice
1840 5706 2310 5773 transct-ipserunt
2350 5722 2363 5759 :

872 5819 887 5849 ¹
923 5817 1243 5896 Psalterium
1290 5830 1421 5886 puto
1466 5818 1618 5873 inntti
1670 5836 1731 5874 ex
1780 5819 2005 5875 llelzraco
2044 5820 2231 5875 Latine
2282 5836 2308 5874 a
2353 5823 2407 5874 S.
2452 5824 2677 5883 Cor-tore
2717 5831 3015 5891 redditum,
3055 5838 3213 5896 atque
3292 5842 3353 5879 ex
3402 5825 3593 5879 latino
3637 5822 3827 5880 Graece
3875 5842 3904 5879 λ

795 5889 888 5967 id”
909 5892 1032 5945 ..μευ
1062 5891 1359 5954 vulgatum.

2466 3318 2604 3373 bruta
2644 3316 2923 3371 volumina
2961 3318 3395 3378 transtulissem,
3428 3316 3665 3386 ohjicere
3696 3316 3929 3377 dicitur,
3962 3334 4050 3371 me

2466 3408 2516 3459 iu
2545 3406 2901 3475 Septuaginta
2924 3404 3439 3459 condemnationem
3474 3403 3783 3473 Scripturae
3816 3419 4051 3459 sanctas

2467 3498 2886 3564 interpretatum
2916 3536 2931 3559 ,
2973 3505 3029 3548 ut
3058 3496 3176 3548 sive
3230 3494 3362 3549 falsa
3399 3504 3567 3557 sunt,
3610 3496 3723 3549 sive
3759 3510 3893 3550 vera
3926 3512 4052 3561 qu:e

2468 3588 2722 3642 trauStuli
2752 3626 2768 3643 .
2805 3589 2858 3641 iu
2904 3587 3136 3641 crimine
3177 3602 3462 3650 maneam;
3504 3587 3773 3641 dum-aut
3811 3589 3869 3643 in
3910 3604 4053 3643 novo

2469 3696 2633 3747 opere
2665 3678 2842 3734 fateor
2876 3694 2963 3735 me
2993 3694 3213 3734 errasse
3235 3721 3248 3739 .
3284 3689 3377 3732 aut
3414 3695 3605 3734 recens
3637 3678 3810 3735 editio
3844 3682 4054 3735 veteris

2468 3773 2847 3827 condemnatio
2881 3773 2951 3826 sit
2985 3770 3091 3844 [ΑΙ.
3127 3770 3227 3845 fit].
3266 3771 3433 3827 Miror
3465 3774 3741 3843 quomodo
3770 3774 3823 3826 in
3853 3774 4050 3828 eadem

2468 3864 2699 3933 epistola
2733 3864 3059 3916 homicidam
3084 3902 3099 3925 ,
3131 3875 3187 3917 et
3214 3864 3561 3928 adulterum,
3594 3873 3647 3918 ct
3676 3865 4014 3933 sacrilegum
4037 3906 4050 3923 ,

2469 3966 2523 4012 et
2566 3958 2895 4026 parricidam
2942 3973 3028 4010 tne
3077 3970 3197 4009 esse
3248 3972 3354 4009 non
3410 3958 3645 4018 dixerit.
3685 3966 3740 4009 et
3778 3958 4052 4025 quidquid

2471 4058 2653 4119 potest
2690 4049 2853 4103 tacita
2886 4050 3085 4103 mentis
3130 4049 3389 4117 cogitatio
3422 4049 3562 4102 intra
3597 4064 3655 4102 se
3690 4052 4001 4116 turp’tudin
4033 4067 4054 4099 s

2471 4143 2712 4197 volvere.
2750 4141 2966 4197 Gratias
3005 4142 3055 4197 ei
3090 4141 3261 4196 debeo
3294 4156 3452 4209 agere
3477 4180 3493 4203 .
3542 4142 3687 4210 quod
3730 4159 3861 4196 cum
3902 4153 4051 4197 tanta

2471 4236 2606 4289 silva
2640 4236 2706 4289 sit
2735 4237 3051 4295 criminum,
3078 4250 3247 4289 unttut
3280 4235 3410 4287 tnilti
3436 4236 3642 4289 erroris
3672 4236 3756 4288 vel
3792 4236 4055 4289 falsitatis

2471 4331 2681 4382 rrirnen
2715 4327 3005 4394 obiecerit.
3043 4325 3225 4395 Egone
3260 4336 3452 4380 contra
3487 4324 3847 4395 Septuaginta
3885 4327 4055 4380 inter-

2476 4431 2661 4491 pretes
2690 4420 2894 4488 aliquid
2926 4436 3044 4474 sum
3090 4419 3302 4473 locutus
3332 4456 3348 4482 ,
3386 4433 3525 4488 quos
3558 4429 3682 4473 ante
3715 4433 3898 4474 annos
3939 4422 4058 4489 piu-

2476 4517 2647 4568 rimos
2680 4512 3098 4578 diligentissime
3136 4512 3454 4566 emendatos
3478 4555 3493 4573 .
3531 4527 3662 4567 nte:e
3704 4514 3906 4581 lingua:
3940 4524 4057 4566 stu-

2909 4622 3048 4674 qt:os
3100 4606 3345 4671 qtmtidie
3394 4606 3446 4659 in
3494 4617 3764 4660 conventu
3817 4606 4053 4659 fratrum

2477 4701 2756 4757 edisse-ro.
2812 4715 3046 4767 quorum
3088 4697 3334 4753 Psalntos
3383 4698 3497 4768 jugi
3553 4697 3915 4750 meditatione
3967 4699 4056 4747 de-

2476 4793 2684 4845 canto?
2718 4790 2848 4843 Tam
2890 4792 3092 4845 stultus
3124 4806 3299 4851 erant,
3339 4801 3395 4843 ttt
3430 4790 3575 4857 quod
3613 4790 3664 4840 itt
3698 4789 3937 4857 pueritia
3977 4790 4057 4842 di—

2476 4884 2603 4947 dici,
2631 4898 2796 4937 senex
2823 4882 3070 4936 oblivisci
3097 4882 3333 4935 vellem?
3366 4879 3614 4936 Univcrsi
3647 4890 3921 4932 tractatus
3948 4880 4051 4933 mei

2482 4980 2674 5028 botum
2711 4974 3044 5028 testimoniis
3075 4973 3207 5027 texti
3237 4986 3381 5029 sttut.
3411 4972 3802 5027 Conttneutat-ii
3835 4972 3889 5025 iu
3921 4974 4057 5024 duo—

2476 5066 2650 5119 decim
2698 5064 2999 5133 Prophetas
3021 5107 3036 5129 ,
3078 5074 3133 5119 et
3168 5081 3343 5119 meam
3376 5076 3431 5120 et
3464 5064 3819 5133 Septuaginta
3856 5066 4053 5120 editio-

2478 5170 2599 5208 nem
2640 5157 2968 5211 edisseruut.
3013 5154 3058 5209 Ο
3097 5156 3315 5210 labores
3350 5154 3651 5217 hominum,
3705 5170 3934 5222 sctnp--r
3974 5155 4055 5206 in-

2476 5248 2643 5300 certi!
2678 5248 3043 5315 ogrnortalium
3070 5247 3249 5302 studia
3275 5246 3581 5303 contrarios
3609 5246 3889 5301 interdum
3921 5246 4054 5298 lines

2477 5342 2768 5395 ιιςιιιιιιιιίιιε
2808 5340 2960 5395 L’nde
2998 5357 3083 5395 me
3117 5342 3371 5409 putabam
3419 5340 3559 5395 bene
3607 5344 3807 5393 mereri
3856 5340 3922 5392 de
3958 5338 4054 5391 La-

2480 5434 2608 5487 tinis
2639 5435 2790 5499 meis,
2815 5444 2867 5488 et
2900 5446 3211 5490 nostrorum
3236 5434 3302 5487 ad
3328 5433 3646 5487 discendum
3673 5432 3895 5486 animos
3925 5448 4051 5485 con-

2477 5529 2651 5580 citare
2675 5567 2688 5589 ,
2733 5525 2873 5595 quod
2919 5529 3080 5581 etiam
3121 5524 3293 5581 Graeci
3341 5540 3557 5577 versum
3596 5524 3659 5576 de
3696 5524 3898 5577 Latino
3937 5534 4053 5591 pust

2477 5629 2657 5674 tantos
2692 5622 3018 5690 interpretes
3049 5638 3154 5675 non
3189 5622 3475 5675 fastidiunt
3503 5621 3515 5651 '
3544 5637 3556 5684 ;
3595 5621 3720 5674 inde
3747 5620 4050 5690 iit-culpam

2478 5723 2661 5771 vocor.
2687 5720 2739 5765 et
2773 5714 3059 5766 transeunti
3090 5711 3375 5766 stomacho
3404 5713 3552 5763 cibos
3586 5713 3799 5775 iugero.
3836 5711 3902 5763 Et
3926 5712 4051 5778 τιτιιι

3975 5828 3985 5836 .

3955 5832 4049 5865 κὴ,

3956 5865 4013 5879 ιν
