4202 6464
180 381 279 444 ιω

1317 397 1618 459 CONTRA
1657 401 2025 464 IlUFlNUM
2065 406 2205 468 LIB.
2247 405 2323 469 ll.

3335 409 3435 471 470

185 504 234 553 λιι
266 503 492 557 homine
524 513 707 559 tntum
744 507 836 569 sit.
875 509 920 564 si
957 509 1268 566 innocentia
1300 516 1598 572 criminosa
1632 530 1707 571 est
1737 521 1757 571 ?
1789 529 1828 582 Α
1863 521 2029 577 lsaia.
2057 521 2299 578 Tertium
2329 525 2380 580 in
2411 525 2697 580 Zaeliaria.
2723 523 2986 588 Quartum
3015 524 3066 578 iu
3101 524 3435 581 Proverbiis.

184 591 500 651 Donniente
531 600 933 668 patrefatnilias
966 602 1219 660 ittimiCIIs
1247 607 1408 660 homo
1435 610 1642 664 zizania
1669 628 1760 666 su—

183 688 578 752 perseminavit
612 691 830 760 (Matth.
870 712 964 748 snt
988 741 1001 762 ,
1038 696 1149 766 25).
1194 717 1214 752 ι
1255 696 1650 758 Exterminavit
1685 705 1761 759 vi-

185 795 336 831 neam
367 798 503 849 aper
531 785 600 840 de
629 787 787 850 silva,
814 798 868 842 et
897 789 1188 860 singularis
1219 792 1366 848 ferus
1396 796 1652 865 depastus
1682 807 1763 852 est

183 889 298 928 eam
333 874 520 936 (Paul.
554 895 742 947 Lutx,
775 882 889 952 Η).
929 902 948 935 ι
989 885 1099 955 Ego
1136 898 1310 951 taceo,
1343 899 1396 944 et
1426 891 1617 946 littera:
1654 908 1759 946 non

185 984 315 1022 recte
345 969 656 1039 loquuntur
690 986 884 1030 contra
919 993 1024 1031 me.
1059 977 1254 1044 [gnere
1290 983 1494 1037 crimen
1518 1023 1532 1045 ,
1565 994 1616 1038 et
1655 986 1762 1038 cri-

182 1076 298 1114 men
326 1061 381 1116 in
410 1072 534 1118 toto
556 1065 691 1120 orbe
716 1069 1007 1124 conﬁteor.
1037 1089 1057 1121 ε
1091 1070 1203 1126 Heu
1239 1075 1392 1137 mihi,
1417 1087 1592 1130 mater
1621 1093 1757 1142 inea,

180 1165 230 1207 ut
256 1157 390 1225 quid
423 1174 513 1212 me
534 1159 798 1229 genuisti,
817 1162 992 1218 virum
1017 1165 1104 1234 qui
1133 1166 1344 1234 judicer
1366 1175 1418 1222 et
1441 1170 1722 1226 discernar
1744 1174 1758 1202 ⁸

178 1249 321 1300 omni
358 1260 522 1303 terrae
584 1251 803 1319 (Jerem.
839 1271 928 1322 ιν,
961 1257 1046 1322 10,
1078 1275 1184 1313 sec.
1220 1257 1436 1330 LXX)?
1481 1281 1501 1314 ι

249 1341 340 1394 25.
384 1342 472 1396 Ea:
506 1344 734 1418 Prologo
761 1350 814 1403 in
848 1350 1402 1408 Certatim—Omnes
1443 1355 1764 1411 Prafatiun-

179 1437 315 1487 rula-
348 1440 560 1491 retcris
595 1438 966 1505 lnstrumcnti,
994 1461 1224 1512 quarum
1249 1462 1312 1500 ex
1341 1461 1491 1518 parte
1517 1453 1762 1514 exempla

178 1531 390 1598 subj-eri
420 1575 436 1592 ,
479 1535 608 1589 huic
647 1535 722 1588 rei
770 1546 937 1591 testes
974 1549 1126 1591 sunt.
1165 1539 1228 1593 Et
1269 1542 1600 1609 superfluum
1642 1557 1722 1597 est
1747 1589 1761 1611 ,

181 1624 320 1690 quod
359 1625 409 1675 in
448 1626 558 1680 illis
590 1628 796 1680 dictum
828 1640 950 1686 est.
989 1629 1152 1699 519
1183 1631 1342 1685 aliter
1370 1651 1532 1698 quant
1567 1636 1637 1688 ibi
1680 1638 1766 1690 di-

177 1725 323 1768 ctum
351 1728 467 1783 est,
494 1720 760 1773 scribere.
807 1721 1062 1789 Incipiam
1102 1724 1268 1790 igitur
1298 1739 1326 1777 a
1358 1724 1576 1791 Genesi,
1607 1729 1764 1796 cujus

177 1809 449 1878 Prologus
486 1811 616 1864 talis
649 1821 731 1865 est
759 1829 774 1865 :
813 1831 829 1864 ι
871 1813 1134 1867 Desiderii
1167 1817 1269 1868 mei
1301 1817 1642 1873 desideratas
1674 1836 1762 1872 ae.

1863 614 2124 679 Quintum
2173 631 2326 684 teque
2371 618 2423 670 in
2472 617 2628 673 Isaia.
2674 617 2826 683 Quod
2873 618 3028 669 multi
3077 618 3392 686 ignorantes
3421 657 3434 676 .

1860 709 2296 779 apocrypbornm
2346 712 2700 766 deliramenta
2761 717 3087 768 sectantur.
3141 721 3198 765 et
3252 711 3434 766 lberas

1863 801 2068 854 namias
2098 802 2250 857 libris
2281 803 2615 857 attlbcuticis
2642 803 2938 870 prmferunt
2972 802 3013 855 ⁸.
3051 800 3256 857 Causas
3285 817 3426 856 erro-

1863 893 1938 947 ris
1972 908 2079 946 tton
2115 907 2198 947 cst
2239 912 2422 948 meum
2456 911 2749 964 esponere.
2787 894 2946 964 520
2978 893 3148 949 Judaei
3184 894 3433 964 prudenti

1866 985 2068 1040 factum
2109 987 2300 1041 dicunt
2330 1005 2451 1044 esse
2499 989 2752 1050 consilio,
2801 1004 2866 1040 ne
2904 990 3228 1043 Ptolemaeus
3271 988 3436 1042 unius

1865 1080 1960 1134 Dei
2001 1082 2216 1143 cultor,
2256 1083 2394 1148 apud
2438 1083 2694 1136 llebrmos
2724 1081 2886 1134 etiam
2925 1083 3194 1151 duplicent
3235 1082 3433 1138 divini-

1866 1180 2028 1223 tatem
2063 1171 2501 1236 deprehenderet
2537 1191 2548 1226 :
2582 1171 2726 1242 qunti
2763 1171 3000 1226 maxime
3033 1172 3237 1227 idcirco
3269 1173 3437 1228 facie-

1867 1263 2032 1328 bant,
2069 1268 2196 1331 quia
2248 1265 2300 1317 in
2351 1263 2590 1318 Platonis
2635 1258 2826 1334 dogma
2881 1265 3076 1319 cadere
3129 1266 3431 1322 videbatur.

1871 1355 2114 1426 Denique
2168 1359 2482 1424 ubicunque
2540 1368 2812 1413 sacratum
2879 1359 3087 1427 aliquid
3149 1359 3432 1430 Scriptura

1868 1461 2100 1504 teStatnr
2132 1452 2197 1506 de
2241 1452 2398 1506 Patre
2434 1464 2488 1506 et
2530 1451 2668 1505 Filio
2705 1465 2755 1504 et
2807 1453 3010 1517 Spiritu
3062 1463 3292 1515 sancto,
3345 1461 3438 1505 aut

1868 1544 2022 1596 aliter
2054 1543 2391 1610 interpretati
2430 1555 2556 1598 sunt
2580 1586 2595 1607 ,
2633 1555 2726 1598 aut
2755 1547 2980 1598 omnino
3014 1553 3339 1608 tacuerunt,
3377 1551 3437 1598 ut

1869 1643 1920 1684 et
1953 1633 2062 1698 regi
2097 1633 2482 1688 satisfacerent
2511 1676 2525 1700 ,
2567 1644 2619 1688 et
2651 1651 2916 1688 arcanum
2956 1635 3074 1689 ﬁdei
3114 1652 3220 1690 non
3257 1635 3438 1690 divul-

1866 1733 2074 1787 garent.
2115 1722 2174 1774 Et
2218 1723 2401 1777 ttcsrio
2440 1726 2562 1793 quis
2598 1726 2809 1792 primus
2854 1736 3046 1780 auctor
3091 1727 3433 1796 septuaginta

1866 1817 2092 1869 cellulas
2146 1815 2489 1869 Alexandria:
2549 1816 2836 1870 mendacio
2896 1832 2996 1870 suo
3051 1818 3433 1880 exstruxerit,

183 1902 298 1969 cepi
345 1905 657 1969 epistolas,
693 1905 786 1971 qui
831 1906 1072 1975 quodam
1121 1911 1384 1979 praesagio
1419 1912 1760 1973 futurorum,
1800 1906 1837 1960 Β
1870 1907 2071 1973 quibus
2101 1906 2258 1959 divisi
2306 1906 2495 1961 eadem
2540 1909 2932 1977 scriptitarint,
2986 1925 3109 1962 cum
3165 1910 3432 1968 Aristeas.

184 2010 303 2046 canui
357 1996 585 2050 Daniele
625 1997 855 2053 sortitus
905 2008 989 2053 est
1036 2014 1230 2053 nomen
1260 2040 1276 2063 ,
1327 2002 1671 2057 obsecrantis
1707 2014 1765 2056 ut

188 2089 518 2142 translatum
570 2090 622 2144 in
668 2091 908 2160 linguam
960 2089 1204 2146 Latinam
1252 2093 1321 2147 de
1374 2092 1600 2148 Hebraeo
1647 2110 1766 2150 ser-

182 2194 346 2234 mone
387 2179 824 2238 Pentateuehum
860 2194 1176 2239 nostrorum
1207 2185 1432 2238 auribus
1472 2188 1760 2241 traderem.

187 2271 572 2328 Periculosum
616 2291 757 2344 opus
805 2287 974 2343 certe,
1026 2289 1081 2331 et
1127 2277 1550 2333 obtrectatorum
1601 2280 1766 2334 latra-

181 2366 328 2422 tibus
356 2378 553 2434 patens
587 2369 606 2399 ³
639 2386 653 2430 ;
693 2369 784 2437 qui
821 2385 904 2422 me
939 2380 1190 2425 asserunt
1217 2370 1269 2424 in
1305 2370 1653 2439 Septuaginta
1680 2372 1764 2424 itt-

184 2471 490 2529 terpretum
530 2463 973 2532 suggillationem
1002 2504 1017 2528 ,
1059 2479 1199 2517 nova
1237 2479 1334 2530 pro
1365 2465 1638 2518 veteribus
1671 2480 1767 2519 eu-

182 2552 311 2605 dere
346 2573 358 2608 :
395 2554 470 2606 ita
507 2554 789 2619 ingenium
813 2592 828 2614 .
859 2557 1012 2625 quasi
1048 2557 1234 2608 vinum
1273 2556 1592 2624 probantes,
1635 2571 1760 2609 cum

181 2660 281 2714 ego
304 2645 615 2712 sapissime
638 2655 869 2700 testatus
893 2647 1020 2709 sim,
1046 2661 1131 2700 me
1165 2659 1263 2715 pro
1289 2647 1429 2701 virili
1458 2647 1478 2677 ³
1509 2648 1763 2716 portione

183 2739 235 2790 in
277 2737 640 2790 tabernaculo
673 2737 764 2790 Dei
807 2737 1004 2792 oﬂ‘errc
1037 2753 1158 2806 qua:
1200 2738 1447 2807 possint;
1490 2753 1589 2792 nec
1629 2753 1762 2808 opes

182 2828 415 2882 alterius
445 2870 460 2889 .
496 2831 728 2882 aliorum
763 2841 1087 2898 paupertate
1123 2829 1339 2885 foedari.
1378 2830 1534 2896 Quod
1573 2841 1629 2883 ut
1663 2846 1761 2884 att-

181 2922 370 2973 derem
398 2962 413 2984 ,
449 2919 710 2989 Origenis
742 2937 830 2976 me
862 2923 1100 2976 studium
1132 2923 1441 2991 provocavit
1467 2962 1480 2982 .
1528 2923 1618 2992 qui
1651 2922 1764 2975 edi-

182 3015 317 3068 tioni
352 3015 601 3081 antiqua
629 3016 1036 3070 translationem
1067 3016 1463 3070 Theodotionis
1499 3017 1758 3079 miscuit,

179 3105 449 3157 asterisco
476 3116 536 3157 -t—
567 3143 584 3165 ,
617 3113 671 3156 et
699 3104 939 3157 obelisco
974 3103 1061 3170 ‘x
1085 3145 1100 3168 ,
1130 3105 1182 3155 id
1211 3114 1312 3167 est,
1342 3105 1494 3157 stella
1524 3115 1574 3158 et
1605 3118 1756 3168 veru,

177 3209 317 3262 opus
342 3209 513 3248 omne
537 3196 913 3262 distinguens:
942 3196 1070 3249 dum
1096 3208 1189 3249 aut
1215 3197 1435 3249 illucer-e
1459 3196 1610 3255 facit,
1638 3210 1755 3263 quae

1868 1997 2108 2066 ejusdem
2171 1996 2442 2052 Ptolemaei
2479 1999 2944 2070 ὑπερασπιστὴς,
2993 2009 3048 2054 et
3099 2002 3270 2055 multo
3317 2009 3438 2071 post

1869 2097 2114 2156 tempore
2135 2085 2429 2157 Josephus,
2463 2089 2598 2142 nihil
2628 2091 2733 2144 tale
2761 2092 3090 2158 rctulerint;
3129 2094 3219 2145 sed
3245 2094 3298 2146 in
3330 2109 3437 2148 una

1867 2181 2088 2238 basilica
2150 2184 2166 2213 ⁷
2215 2191 2578 2254 congregatos
2628 2185 2927 2240 contulisse
2977 2187 3271 2249 scribant,
3327 2203 3433 2241 non

1868 2278 2240 2347 prophetasse.
2279 2278 2438 2331 Aliud
2485 2288 2569 2333 est
2605 2281 2749 2332 enim
2798 2289 2970 2333 vatem
3000 2321 3013 2344 ,
3068 2280 3219 2336 aliud
3263 2282 3436 2334 inter.

1869 2379 2071 2435 pretem
2098 2386 2242 2425 esse.
2275 2371 2351 2425 lbi
2383 2372 2610 2441 spiritus
2639 2381 2870 2426 ventura
2902 2372 3168 2441 praedicit,
3195 2373 3283 2427 hic
3312 2389 3434 2427 eru-

1865 2459 2001 2512 ditio
2031 2469 2085 2513 et
2109 2460 2398 2513 verbormn
2430 2461 2588 2530 c0pia
2620 2477 2684 2516 ea
2712 2477 2832 2530 qua:
2866 2462 3119 2530 intelligit
3154 2461 3435 2517 transfert.

1867 2549 2162 2604 Nisi-forte
2194 2553 2467 2620 putandus
2504 2562 2585 2606 est
2622 2553 2834 2607 Tullius
2861 2553 3285 2608 (Economicum
3329 2551 3436 2606 Xea

1867 2641 2179 2710 nophontis,
2211 2653 2263 2696 et
2291 2641 2534 2698 Platonis
2561 2642 2946 2714 Protagoram,
2972 2652 3026 2698 et
3057 2644 3440 2697 Demosthenis

1867 2746 1964 2800 pro
2003 2730 2361 2800 Ctesiphonte
2405 2735 2713 2788 orationem
2763 2733 2978 2788 alllatus
3018 2733 3294 2787 rhetorico
3327 2734 3438 2802 Spi-

1864 2825 1971 2878 ritu
2027 2827 2411 2891 transtulisse;
2455 2835 2510 2879 ut
2552 2827 2708 2880 aliter
2763 2824 2832 2880 de
2880 2825 3084 2880 eisdem
3147 2824 3300 2878 lihris
3342 2837 3439 2889 per

1867 2913 2218 2984 Septuaginta
2261 2918 2625 2982 interpretes,
2669 2916 2822 2969 aliter
2865 2929 2962 2986 per
2999 2914 3278 2984 apostolos
3317 2911 3438 2978 Spi-

1866 3009 2005 3060 ritus
2042 3018 2264 3062 sauctus
2298 3007 2611 3061 testimonia
2648 3010 2920 3073 texuerit;
2958 3016 3016 3060 ut
3057 3005 3199 3073 quod
3250 3004 3324 3058 illi
3360 3014 3441 3058 ta-

1865 3096 2095 3156 cuerint,
2126 3096 2178 3148 bi
2213 3097 2475 3162 scriptum
2504 3111 2623 3149 esse
2660 3095 2870 3147 mentiti
2899 3095 3030 3150 sint.
3053 3093 3194 3159 Quid
3222 3093 3383 3162 igitur
3412 3090 3438 3143 ’ἔ

1866 3185 2189 3239 damnamus
2219 3187 2470 3240 veteres?
2501 3185 2740 3239 Minime.
2769 3184 2874 3240 Sed
2904 3195 3022 3254 post
3050 3184 3293 3253 priorum
3326 3193 3442 3238 stu-

180 3287 366 3340 minus
389 3295 521 3340 ante
546 3285 777 3353 fuerant,
805 3294 899 3339 aut
927 3288 1197 3355 superflua
1221 3302 1448 3355 qumque
1472 3287 1683 3355 jugulat
1710 3295 1763 3339 et
1787 3246 1830 3307 Ο
1869 3279 1980 3340 dia,
2018 3280 2067 3331 in
2104 3279 2266 3332 domo
2304 3277 2516 3332 Domini
2565 3277 2707 3342 quod
2744 3292 3057 3346 possumus.
3100 3277 3438 3330 laboramus.

183 3376 463 3441 confodit,
501 3378 844 3446 maximeque
874 3393 994 3446 quae
1041 3377 1494 3447 evangelistarutn
1549 3386 1600 3431 et
1632 3392 1763 3445 apo-

175 3473 458 3526 stolorum
493 3473 796 3525 auctoritas
836 3472 1226 3540 promulgavit.
1267 3471 1323 3524 ltt
1357 3472 1557 3540 quibus
1595 3472 1762 3524 multa

172 3564 242 3618 de
273 3566 446 3616 reteri
482 3563 836 3617 Testamento
863 3563 1116 3633 legimus,
1143 3579 1262 3632 qua:
1297 3564 1348 3616 in
1381 3564 1584 3618 nostris
1613 3563 1764 3618 codi-

173 3656 335 3709 cibus
387 3670 498 3708 non
551 3655 841 3717 habentur,
898 3666 957 3708 ut
1005 3665 1087 3709 est
1135 3655 1311 3709 illud:
1352 3673 1369 3706 ι
1408 3653 1482 3707 Ex
1527 3654 1764 3724 Egypto

175 3748 367 3801 vocavi
400 3747 572 3800 ﬁlium
609 3763 783 3802 meum
813 3745 965 3812 (Osee
999 3764 1073 3811 st,
1107 3745 1158 3814 l)
1196 3763 1211 3813 ;
1241 3766 1259 3798 ι
1303 3756 1355 3802 et
1394 3767 1406 3801 :
1442 3767 1459 3799 ι
1495 3749 1760 3814 Quoniam

172 3837 458 3892 Νηίταις
489 3838 769 3891 vocabitur
805 3837 1021 3907 (Matth.
1065 3852 1128 3900 ll,
1161 3837 1251 3906 9.5)
1281 3857 1294 3899 ;
1338 3856 1355 3889 ι
1402 3848 1455 3890 ct
1492 3853 1507 3890 :
1544 3857 1560 3888 ι
1609 3836 1767 3891 Vide-

171 3927 308 3977 bunt
338 3922 398 3977 in
428 3939 594 3993 quem
619 3936 1060 3992 compunxerunt
1085 3922 1271 3989 (Zach.
1305 3941 1396 3988 xu,
1428 3927 1556 3992 10);
1601 3946 1618 3979 ι
1663 3939 1716 3980 et
1747 3945 1760 3980 :

176 4035 193 4063 σ
231 4013 490 4067 Flumina
528 4014 594 4068 de
623 4024 806 4068 ventre
832 4015 949 4082 ejus
975 4014 1142 4069 liuent
1173 4031 1325 4086 aqua:
1394 4018 1530 4070 vitae
1577 4016 1758 4083 (Joan.

171 4122 281 4169 ut,
317 4105 415 4174 38)
445 4122 458 4170 ;
500 4127 522 4157 ι
565 4114 619 4160 et
654 4123 669 4160 :
710 4123 728 4156 ι
771 4106 902 4172 Quae
943 4121 1042 4161 nec
1078 4109 1267 4163 oculus
1302 4109 1454 4174 vidit,
1480 4123 1580 4163 nec
1617 4113 1766 4163 auris

171 4199 412 4260 audivit,
447 4213 550 4252 nec
582 4197 636 4250 in
663 4214 756 4253 cor
787 4199 1026 4255 hominis
1056 4201 1306 4255 ascendit
1335 4201 1378 4266 ³,
1411 4217 1531 4271 qua:
1563 4216 1769 4272 prtepa-

174 4290 320 4342 rasit
355 4288 507 4342 Deus
534 4288 891 4358 diligentibus
926 4305 984 4344 se
1017 4288 1069 4360 (I
1099 4290 1222 4346 Cor.
1249 4294 1309 4354 ιε’,
1339 4290 1428 4361 9);
1461 4308 1479 4343 i
1515 4299 1569 4345 et
1599 4291 1762 4344 multa

175 4384 285 4434 alia
307 4420 323 4444 ,
354 4396 481 4449 qua
511 4383 788 4450 proprium
824 4382 1109 4450 σύνταγμα
1147 4383 1484 4438 desiderant.
1524 4383 1764 4436 Interro-

178 4484 378 4538 getuus
413 4485 554 4538 ergo
584 4485 702 4532 eos,
739 4471 827 4523 ubi
864 4472 976 4523 haec
1009 4474 1209 4539 scripta
1247 4472 1392 4537 sint;
1433 4481 1485 4524 et
1523 4488 1645 4525 cum
1680 4473 1763 4526 di-

1872 3371 1948 3424 Illi
1975 3372 2314 3439 interpretati
2344 3380 2472 3425 sunt
2494 3381 2622 3425 ante
2647 3370 2938 3424 adventum
2966 3369 3189 3435 Christi;
3221 3377 3274 3423 et
3297 3368 3438 3437 quod

1871 3463 2226 3525 nesciebant,
2271 3463 2458 3516 dubiis
2497 3464 2774 3531 protulere
2821 3462 3133 3515 sententiis.
3172 3460 3282 3514 Nos
3320 3470 3439 3530 post

1870 3555 2178 3623 passionem
2213 3563 2268 3608 et
2305 3551 2764 3609 resurrectionem
2814 3555 2969 3622 ejus,
3023 3568 3130 3606 non
3165 3561 3272 3605 tam
3318 3566 3444 3620 pro-

1871 3648 2107 3716 phetiam
2137 3691 2150 3712 ,
2187 3663 2349 3717 quam
2400 3648 2683 3702 historiam
2728 3648 3044 3702 seribimus.
3089 3647 3260 3700 Aliter
3293 3645 3438 3699 enim

1871 3742 2076 3806 audita,
2117 3741 2274 3794 aliter
2309 3741 2428 3794 visa
2467 3750 2780 3794 narrantur.
2818 3739 2974 3805 Quod
3017 3740 3209 3794 melius
3245 3739 3442 3793 intelli-

1871 3835 2052 3903 gimus
2077 3871 2093 3897 ,
2129 3831 2322 3886 tuelius
2353 3843 2405 3885 et
2438 3831 2788 3896 proferimus.
2823 3831 2957 3883 Audi
3003 3832 3166 3900 igitur
3206 3831 3398 3885 azmulc
3422 3872 3436 3893 ,

1870 3937 1920 3978 ct
1959 3927 2301 3978 obtrectator
2337 3923 2585 3977 ausculta
2618 3920 2771 3975 :Non
2815 3923 3010 3976 damno
3037 3960 3052 3986 ,
3108 3938 3215 3976 nou
3254 3939 3439 3992 repre-

1871 4017 2050 4071 hendo
2099 4019 2494 4084 Septuaginta;
2552 4015 2645 4068 sed
2683 4013 3019 4067 conlidi-uter
3068 4013 3284 4068 cunctis
3329 4013 3436 4066 illis

1869 4107 2148 4179 apostolos
2197 4107 2449 4176 prtefero.
2503 4106 2604 4160 Per
2654 4106 2879 4160 istorum
2913 4120 2975 4158 os
3024 4106 3151 4158 milii
3187 4105 3440 4160 Christus

1873 4209 2034 4254 sonat
2060 4239 2075 4261 ,
2111 4199 2268 4268 521
2300 4213 2439 4266 quos
2470 4209 2594 4250 ante
2629 4199 2922 4266 prophetas
2963 4196 3105 4251 inter
3133 4195 3437 4264 spiritualia

1868 4292 2198 4345 charismata
2244 4289 2448 4355 positos
2488 4287 2607 4357 lcgo
2643 4305 2657 4341 :
2693 4288 2746 4340 in
2780 4287 2980 4356 quibus
3016 4288 3265 4342 ultimum
3305 4303 3439 4356 pene

1869 4386 2096 4451 gradqu
2130 4381 2456 4449 interpretes
2490 4388 2694 4434 tenent.
2735 4377 2876 4444 Quid
2920 4379 3088 4433 livore
3122 4377 3440 4448 torqueris?

1870 4473 1999 4543 quid
2062 4473 2440 4541 imperitorum
2499 4470 2714 4524 animos
2769 4479 2964 4524 contra
3015 4485 3103 4526 me
3159 4469 3439 4525 concitas?

176 4579 309 4617 rere
341 4577 456 4616 non
490 4565 765 4629 potuerint
795 4605 808 4624 ,
839 4562 904 4615 de
939 4564 1090 4614 libris
1125 4561 1360 4616 Hebraeis
1396 4565 1756 4631 proferamus.
1788 4583 1838 4641 D
1869 4568 2052 4620 Sicubi
2087 4565 2181 4618 tibi
2218 4565 2269 4618 in
2303 4563 2658 4618 translatione
2690 4577 2877 4615 errare
2913 4560 3123 4622 videor,
3163 4563 3438 4629 interroga

175 4655 430 4708 Primum
483 4653 856 4707 testimonium
913 4665 996 4708 est
1048 4657 1101 4707 itt
1146 4653 1302 4707 Osee.
1351 4655 1660 4708 Secandam
1705 4657 1755 4710 in

253 4789 271 4820 ⁸
312 4787 670 4842 Martianiens
697 4789 786 4857 qui
813 4789 1038 4856 jndicet,
1071 4796 1122 4836 et
1155 4788 1421 4838 discernat
1459 4803 1476 4838 :
1507 4789 1634 4840 alibi
1665 4791 1756 4857 qui

166 4861 450 4926 judicare!
482 4875 500 4910 :
531 4863 581 4910 in
614 4860 802 4911 Graeco
831 4869 1014 4911 autem
1080 4867 1184 4920 t'Sl,
1243 4857 1601 4925 ὂ;κα;όε.ι.ει..ον
1670 4862 1762 4910 καὶ

174 4932 474 4994 summa
488 4947 604 4999 avoy
635 4930 784 4999 πάσῃ
813 4931 878 4997 τῇ
923 4930 1014 4996 γῇ.

254 5003 274 5031 ³
314 5003 369 5051 tu
411 5001 528 5066 ipsa
574 4994 788 5053 Praefai.
835 4994 1052 5052 addi—tur
1093 5012 1345 5050 meorum.
1398 4994 1502 5049 Sed
1554 4998 1606 5051 in
1661 5000 1760 5053 bac

175 5069 650 5136 quemadmodum
695 5079 748 5122 et
784 5069 1252 5137 subsequentibus
1297 5069 1641 5123 illllalltllttiis
1673 5071 1761 5123 hic

179 5156 295 5191 non
347 5141 747 5200 immorantur,
793 5144 937 5206 quod
984 5153 1086 5191 suo
1135 5139 1253 5189 itCt)
1302 5146 1426 5189 ante
1466 5139 1762 5206 Scriptura:

179 5213 337 5276 ipsos
370 5209 540 5259 libros
569 5209 942 5272 praestitimus.

253 5282 274 5312 ³
308 5278 432 5331 Duo
470 5280 707 5341 C0tiiCCS,
751 5278 959 5348 collegii
1011 5277 1168 5331 item.
1213 5293 1375 5336 unus.
1426 5276 1561 5330 alter
1606 5275 1763 5331 Pala-

174 5354 354 5407 tinus,
392 5364 486 5412 pro
523 5348 637 5401 t'ili.

246 5428 270 5450 ⁵
313 5419 460 5472 Alibi
499 5417 684 5471 obello.
720 5417 838 5471 .‘dox
875 5435 974 5486 pro
1010 5419 1258 5478 illucere.
1293 5419 1551 5473 Erasmus
1588 5429 1642 5471 et
1676 5419 1763 5472 Vi-

173 5490 394 5546 ctorius
425 5489 668 5552 legi-runt
696 5491 948 5552 illustria,
977 5501 1034 5543 ut
1058 5491 1405 5553 cuncinuius,
1433 5500 1581 5558 puto,
1617 5491 1762 5556 lege-

178 5571 308 5614 rent
330 5601 345 5619 .
392 5573 500 5610 non
533 5568 588 5608 ut
622 5560 824 5613 verius.
857 5559 984 5613 Mihi
1028 5559 1546 5628 subintelligeudum
1581 5561 1763 5628 potius

179 5633 406 5683 Videtur
447 5630 673 5680 vetbum
716 5630 951 5699 illustria
987 5638 1108 5699 post
1152 5633 1359 5698 fuerant
1388 5669 1402 5693 ,
1445 5638 1588 5683 textu
1632 5629 1762 5682 nihil

183 5704 500 5753 immutata.
539 5699 626 5752 Sic
659 5700 711 5752 in
743 5698 850 5752 l’ra
866 5699 961 5752 fat.
991 5698 1054 5751 ad
1083 5699 1318 5767 Paralip.
1347 5699 1636 5759 asteriscis,
1679 5699 1760 5751 itt-

178 5771 324 5839 quit.
356 5768 642 5836 designans
672 5785 788 5837 quit:
817 5773 990 5822 minus
1025 5781 1144 5823 ante
1178 5771 1409 5838 (iterant.

256 5840 275 5869 '
312 5839 608 5900 Vtv'turius,
648 5841 794 5907 qund
825 5842 947 5894 alibi
986 5839 1338 5909 Hieronymus
1385 5842 1621 5908 pluuium
1664 5857 1752 5892 nn-

1869 4657 2122 4711 llebraeos
2148 4696 2162 4718 ,
2207 4657 2543 4709 diversarum
2579 4653 2794 4707 urbium
2830 4651 3128 4719 magistros
3163 4653 3385 4707 consule
3420 4670 3434 4704 :

1866 4807 2018 4846 mero
2043 4790 2389 4845 ascenderunt
2423 4791 2832 4859 interpretetur,
2865 4803 2928 4843 ac
2959 4789 3120 4857 legat,
3155 4808 3221 4846 ne
3261 4795 3438 4847 varia-

1870 4876 1988 4916 It‘lll
2039 4866 2392 4930 rxctttplaria,
2439 4866 2538 4930 huc
2584 4863 2744 4912 etiam
2794 4863 2854 4930 in,
2898 4862 3016 4913 loco
3063 4864 3436 4929 ascenderunt,

1869 4934 2130 4996 restituit,
2164 4929 2380 4987 tametsi
2413 4933 2466 4984 itt
2501 4929 2691 4985 Graeco
2727 4929 2897 5000 ἀνέϐη
2937 4930 3122 4986 haberi
3156 4949 3261 4988 non
3297 4936 3439 4988 dilli-

1869 5014 2060 5056 tentur.

1935 5075 1956 5105 ⁸³
1989 5074 2122 5130 Puta
2169 5076 2537 5131 Ascensionem
2570 5069 2754 5134 Isaiir,
2803 5082 2854 5126 ct
2890 5074 3243 5142 Apocalypsin
3277 5074 3434 5138 Elius,

1866 5161 1927 5196 ex
1961 5145 2161 5209 quibus
2187 5147 2339 5199 libris
2363 5143 2956 5212 Gnosticicxpressum
2989 5143 3252 5212 putabant
3281 5147 3434 5202 Pauli

1869 5216 2046 5268 locum
2097 5218 2160 5270 ad
2214 5213 2554 5271 Corinthios,
2613 5210 2680 5262 Et
2741 5227 2832 5278 per
2881 5210 3016 5265 lianc
3076 5217 3434 5280 occasionem,

1874 5285 2254 5350 Hispaniarum
2299 5296 2347 5337 et
2397 5281 2710 5353 Lusitauiw,
2765 5281 2834 5353 ab
2888 5283 3159 5342 bwreticis
3208 5287 3435 5353 decepta:

1867 5369 1986 5407 sunt
2023 5354 2368 5416 mulierrulw,
2391 5363 2520 5413 τις..
2542 5360 2598 5424 ut
2631 5350 2746 5417 ipse
2772 5350 2925 5424 Hier.
2962 5353 3202 5420 loquitur
3228 5358 3279 5408 in
3309 5350 3431 5424 cap.

1871 5425 1969 5478 Isa.
2013 5441 2153 5485 mw,
2190 5441 2296 5494 qua
2331 5426 2494 5478 etiam
2542 5419 2608 5474 de
2646 5435 2808 5474 causa
2862 5419 3042 5476 Iberos
3098 5428 3301 5479 itania:
3349 5419 3436 5481 hic

1870 5496 1968 5547 luci
2006 5505 2180 5549 vocat.

1940 5566 1955 5594 ⁷
1997 5564 2108 5618 Non
2142 5569 2443 5632 spernenda
2476 5565 2678 5618 veteris
2707 5563 2967 5616 editionis
3003 5564 3191 5625 lectio,
3236 5563 3301 5617 Et
3333 5582 3432 5618 non

1868 5636 2030 5686 multo
2061 5647 2175 5704 post
2204 5647 2430 5703 tempore
2463 5637 2570 5702 ipse
2609 5635 2884 5704 Joscphus,
2934 5635 3062 5686 nihil
3105 5634 3210 5686 tale
3246 5636 3437 5688 retule-

1871 5707 2008 5767 rim;
2046 5701 2131 5758 {cit
2162 5709 2212 5758 in
2251 5701 2356 5759 una
2393 5701 2634 5770 basilica,
2687 5715 2791 5756 etc.
2849 5701 2959 5758 \‘ox
2996 5721 3103 5757 tum
3149 5705 3238 5759 hic
3270 5720 3436 5776 penes

1869 5777 2237 5829 .‘i'tt'ttztuzt‘ttttt
2268 5778 2474 5831 deerat.
