4202 6468
144 399 246 461 489

149 604 420 658 haereticis
451 603 641 656 addita
669 603 908 670 fuerant,
940 615 1284 675 amputasse,
1318 616 1370 659 et
1403 622 1500 673 pro
1529 607 1614 658 his
1645 620 1732 656 re-

149 698 404 767 posuisse
452 698 621 753 bona.
667 697 723 754 Si
779 699 1162 753 haereticorum
1220 701 1358 753 mala
1415 698 1691 752 abstulisti
1721 738 1735 760 ,

149 807 274 861 ergo
311 807 442 860 qua
492 792 758 848 dimisisti
801 792 886 846 vel
950 791 1254 856 addidisti,
1311 802 1405 845 aut
1467 792 1724 860 Origenis

148 895 329 949 erunt,
367 896 469 939 aut
521 895 613 940 tua
643 928 658 952 ,
695 901 818 956 qua
857 887 1046 956 utique
1079 887 1241 957 quasi
1290 889 1426 941 bona
1469 885 1725 955 posuisti.

150 981 251 1034 Sed
285 980 463 1034 multa
499 983 558 1034 in
601 982 690 1035 his
728 980 870 1035 mala
903 996 1101 1050 negare
1151 997 1256 1034 non
1288 981 1514 1049 poteris.
1548 977 1688 1044 Quid
1719 1022 1733 1044 ,

148 1075 384 1144 inquies,
418 1076 486 1129 ad
523 1077 648 1128 me?
673 1075 898 1146 Origeni
935 1077 1140 1146 imputa
1173 1095 1187 1131 :
1215 1089 1314 1146 ego
1343 1076 1487 1128 enim
1520 1090 1581 1128 ea
1620 1083 1739 1127 latt-

147 1181 258 1222 tum
302 1185 428 1237 qua:
455 1171 524 1223 ab
557 1172 832 1226 haereticis
863 1171 1046 1224 addita
1087 1170 1305 1224 fuerant
1329 1211 1344 1232 ,
1373 1168 1734 1223 commutavi.

152 1263 375 1331 Expone
428 1279 628 1318 causas
654 1304 670 1328 ,
701 1281 874 1335 quare
927 1265 1306 1318 haereticorum
1347 1264 1484 1316 mala
1522 1262 1738 1322 tuleris,

150 1370 197 1410 et
215 1356 709 1430 Origenisintegra
728 1359 1118 1428 dereliqueris?
1149 1358 1340 1412 Nonne
1374 1360 1724 1426 perspicuum

149 1459 250 1510 est,
283 1449 433 1516 quod
464 1453 602 1502 mala
635 1449 890 1519 Origeuis
913 1468 975 1505 ex
1009 1461 1163 1520 parte
1196 1451 1299 1503 sub
1339 1451 1728 1504 hmreticorum

157 1542 580 1608 nuncupatione
618 1541 999 1605 damnaveris,
1034 1553 1086 1594 et
1117 1558 1180 1595 ex
1220 1551 1372 1611 parte
1407 1541 1739 1608 susceperis,

152 1632 278 1697 quia
317 1646 430 1684 non
467 1633 634 1696 mala,
667 1633 760 1686 sed
789 1637 954 1698 bona,
988 1642 1043 1687 et
1077 1643 1181 1688 tua:
1213 1649 1336 1689 esse
1371 1634 1494 1687 lidei
1529 1633 1744 1699 judica-

153 1723 284 1776 bas?
323 1723 453 1778 Haec
503 1737 630 1780 sttnt
662 1727 728 1780 de
779 1728 982 1797 quibus
1039 1727 1268 1796 qtt:esivi
1303 1762 1319 1789 ,
1361 1735 1544 1778 utrttm
1604 1726 1744 1778 bona

151 1826 363 1882 essent,
393 1835 462 1870 an
495 1820 658 1877 mala,
691 1834 810 1886 qua:
859 1820 911 1872 in
948 1818 1276 1872 Praefatione
1311 1818 1575 1878 laudasti,
1612 1831 1737 1886 qua:

1228 407 1524 468 CONTRA
1569 404 1926 465 RUFINUM
1982 406 2130 466 ΗΒ.
2184 405 2298 465 Ill.

147 513 293 567 dero.
345 510 500 564 Dicis
533 509 680 563 enim
735 511 787 564 iu
824 511 1013 567 eodem
1039 511 1292 581 'gt’rologo
1328 524 1377 567 te
1408 530 1468 567 ea
1503 527 1623 584 quae
1659 513 1723 561 ah
1757 515 1799 568 Λ

3315 397 3417 457 490

1904 511 1984 562 lt}.
2025 510 2152 563 Dure
2176 513 2408 575 episloltc
2445 511 2710 576 Theopltiii
2740 510 2924 564 Latine
2950 527 3000 562 re
3021 510 3166 562 Mitt:
3193 508 3257 560 ab
3291 506 3419 560 Ilie-

1847 606 2420 672 ronymo.—Seribis
2477 621 2695 675 quoque
2767 622 2850 659 me
2898 606 3088 658 litteris
3152 603 3424 658 indicasse

1843 700 1989 768 quod
2045 714 2179 768 papa
2246 701 2584 771 Theophilus
2613 700 3014 769 expositionem
3071 699 3192 752 tidei
3249 712 3422 766 nuper

1845 794 2097 858 ediderit,
2134 809 2254 862 qua:
2295 797 2357 846 ad
2397 810 2489 849 vos
2525 795 2755 849 necdum
2785 793 3035 859 pervenit
3067 807 3080 842 :
3119 801 3172 846 et
3201 793 3422 860 pellit-c-

1845 887 1922 938 ris
1954 886 2096 952 quod
2134 885 2392 951 quidquid
2429 887 2524 940 illc
2574 886 2892 955 seripSerit,
2926 894 2981 938 ttt
3010 886 3276 952 sequaris.
3315 881 3422 945 ligo

1847 992 1930 1028 tne
1977 981 2075 1029 huc
2123 979 2414 1043 scripsiue
2461 995 2566 1030 nou
2618 982 2762 1039 novi,
2801 993 2897 1030 nec
2936 976 3244 1030 istiusmodi
3311 990 3416 1025 nn-

1846 1085 2005 1138 quatu
2035 1070 2246 1124 litteras
2273 1071 2560 1124 direxisse.
2594 1072 2695 1123 Sed
2754 1085 2804 1124 ιιι
2846 1073 3050 1126 idcirco
3101 1071 3164 1124 ad
3205 1070 3423 1123 incerta

1846 1167 2136 1228 censentis,
2165 1176 2216 1218 et
2245 1165 2328 1219 his
2363 1181 2481 1234 quze
2527 1165 2708 1233 qualia
2751 1165 2933 1219 futura
2969 1167 3074 1219 sint
3118 1165 3323 1226 nescis,
3365 1172 3426 1217 ut

1845 1269 1988 1310 eet-ta
2023 1258 2438 1324 declines,ctad
2470 1275 2658 1315 eorum
2695 1277 2802 1314 non
2837 1259 3077 1314 tenearis
3108 1274 3420 1314 assensum.

1847 1351 2013 1411 Duas.
2067 1356 2383 1422 synoelieam
2433 1365 2484 1407 et
2539 1356 2845 1423 paschalem
2904 1358 2939 1417 ¹,
3000 1357 3116 1425 ejus
3165 1355 3426 1422 epistolas

1846 1455 2032 1498 contra
2062 1442 2354 1512 Origcuem
2403 1446 2662 1514 illiusque
2714 1449 3032 1517 discipulos,
3065 1457 3118 1500 et
3149 1449 3285 1501 alias
3319 1449 3420 1498 ad-

1845 1553 2059 1590 versum
2118 1539 2516 1608 Apollinarium
2560 1552 2612 1594 et
2644 1542 2892 1596 eumdem
2945 1543 3233 1610 Origenem
3266 1582 3280 1603 ,
3330 1555 3428 1609 per

1847 1631 1952 1685 hoc
1989 1630 2160 1687 l‘ertnc
2188 1635 2464 1688 biennium
2510 1635 2905 1704 interpretatus
2934 1653 3093 1695 sum;
3129 1644 3182 1690 et
3219 1636 3271 1689 in
3298 1639 3429 1691 τειιὶ-

1850 1725 2153 1778 iicationem
2182 1727 2460 1794 Ecclesiae,
2491 1729 2748 1799 legendas
2782 1739 2980 1784 nostrre
3015 1730 3210 1798 linguze
3245 1729 3429 1782 homi-

1848 1817 2009 1870 nibus
2039 1818 2183 1873 dedi.
2223 1820 2380 1872 Aliud
2414 1834 2640 1889 Opernm
2680 1823 2800 1888 ejus
2834 1825 3018 1875 nescio
3054 1838 3137 1876 tuc
3185 1832 3429 1874 transtu-

152 1913 458 1978 atnputatis
490 1910 763 1978 pessimis,
801 1912 957 1979 quasi
995 1912 1198 1978 optima
1232 1913 1563 1963 remansisse
1604 1924 1735 1960 con-
1773 1894 1816 1954 Β
1851 1913 1994 1965 lisse.
2049 1911 2111 1965 Et
2157 1922 2333 1967 tamen
2367 1927 2419 1968 ttt
2469 1917 2556 1982 qui
2605 1933 2754 1984 papae
2782 1917 3068 1984 'l‘heophili
3113 1917 3252 1970 dicis
3284 1925 3335 1969 te
3369 1916 3422 1969 itt

155 2001 340 2058 lessus
369 2019 452 2064 es,
489 2014 546 2056 et
596 2014 646 2056 te
687 2004 739 2056 in
788 2019 926 2056 verte
958 2003 1449 2069 argumentationis
1499 1999 1736 2070 appendi

153 2097 414 2162 equuleo,
443 2105 500 2148 ιιι
538 2100 583 2149 si
618 2097 755 2150 bona
789 2099 1013 2156 dixeris.
1049 2097 1339 2150 ltzrreticus
1367 2095 1744 2163 comproberis

153 2187 264 2261 [AL
303 2188 855 2261 comprehendaris];
889 2190 934 2244 si
963 2191 1122 2253 mala,
1154 2189 1334 2242 statim
1364 2188 1559 2241 audias
1589 2203 1601 2238 :
1634 2187 1747 2240 Cur

151 2299 284 2355 ergo
337 2300 465 2350 qua:
511 2285 655 2336 mala
703 2291 856 2346 sunt,
907 2285 959 2335 in
997 2281 1323 2336 Przel'atione
1356 2280 1646 2333 laudasti?
1681 2280 1745 2332 Et

153 2395 263 2432 non
299 2377 441 2430 illud
492 2376 742 2447 adjunxi,
795 2376 939 2446 quod
983 2386 1037 2429 tu
1091 2376 1288 2429 callide
1321 2375 1596 2429 simulas:
1631 2371 1742 2427 Cur

153 2488 276 2541 qure
318 2473 464 2525 mala
495 2481 672 2536 erant,
704 2471 770 2522 ad
811 2465 1122 2525 Latinorum
1177 2471 1428 2524 notitiam
1489 2476 1746 2521 transtu-

157 2565 308 2620 listi?
343 2564 486 2618 Mala
519 2565 667 2618 enim
699 2565 988 2619 ostendere
1024 2563 1298 2617 interdum
1332 2578 1437 2616 non
1498 2561 1747 2614 doeentis

154 2668 258 2718 est.
297 2658 396 2712 sed
451 2658 692 2710 vetantis
736 2655 848 2728 [Αἰ.
880 2659 1128 2726 vitantis|
1167 2672 1180 2707 :
1217 2664 1277 2709 ut
1308 2664 1500 2708 caveat
1545 2656 1738 2721 lector,

155 2767 267 2807 non
307 2761 370 2802 ut
399 2759 666 2817 sequatur
693 2765 941 2814 errores;
976 2759 1031 2803 ιιι
1069 2761 1196 2805 nota
1240 2759 1582 2814 contemnat,
1626 2765 1659 2818 q
1684 2763 1749 2802 tae

155 2860 566 2914 nonnunquam
603 2844 783 2912 ignota
832 2844 1097 2897 miraculo
1146 2853 1295 2898 sunt.
1326 2841 1391 2896 Et
1426 2841 1597 2895 audes
1629 2851 1750 2910 post

155 2939 274 2992 haec
313 2940 506 2992 dicere
535 2979 550 3001 ,
591 2939 736 3005 quod
789 2953 890 3005 ego
941 2946 1136 2991 auctor
1175 2937 1364 2990 talium
1415 2938 1746 2998 scriptorum

154 3033 258 3083 sim
298 3047 312 3082 :
356 3042 410 3083 tu
462 3041 644 3083 autem
681 3039 734 3082 ut
772 3029 1061 3096 interpres,
1107 3029 1162 3082 in
1197 3030 1396 3097 quibus
1459 3029 1751 3083 emendare

154 3123 368 3190 aliquid
422 3124 697 3190 potueris.
737 3124 856 3188 plus
900 3122 1076 3188 egeris
1125 3137 1284 3190 quam
1339 3124 1642 3189 interpres,
1697 3122 1748 3172 itt

153 3219 365 3284 quibus
397 3232 508 3270 non
543 3216 808 3286 potueris,
841 3218 1018 3270 solum
1050 3218 1320 3284 interpres
1350 3216 1536 3268 lueris.
1576 3213 1746 3268 Recte
1779 3242 1822 3300 ο

154 3314 260 3366 ista
298 3313 541 3369 diceres,
580 3310 622 3364 si
656 3310 777 3362 libri
807 3309 882 3362 tui
921 3308 1047 3377 περὶ
1083 3307 1294 3378 Ἀρχῶν
1348 3306 1747 3361 Praefatiunc-u-

156 3403 264 3454 lam
299 3419 410 3456 non
452 3403 739 3454 haberent.
779 3400 932 3464 Quod
964 3409 1017 3454 et
1045 3399 1287 3453 Hilarius
1327 3400 1380 3452 in
1411 3397 1749 3453 transferen-

155 3494 244 3547 dis
279 3496 407 3561 ejus
442 3489 700 3545 Houiiliis
730 3492 876 3553 fecit,
914 3501 970 3544 ut
1005 3501 1058 3545 et
1101 3496 1237 3546 bona
1269 3506 1322 3544 et
1353 3494 1492 3545 mala
1522 3508 1630 3544 non
1667 3493 1749 3544 itt-

155 3591 417 3657 terpreti,
454 3587 552 3640 sed
599 3601 700 3640 suo
733 3589 1136 3655 imputarentur
1165 3587 1397 3641 auctori.
1431 3585 1486 3639 Si
1525 3601 1628 3638 non
1669 3587 1750 3638 di-

156 3680 370 3745 xisses,
396 3691 719 3748 amputasse
743 3687 796 3732 te
820 3681 1080 3747 pessima,
1101 3687 1156 3732 et
1190 3680 1398 3747 optima
1429 3678 1745 3745 reliquisse,

155 3782 455 3840 utcunque
491 3772 558 3824 de
618 3772 732 3826 luto
765 3771 1046 3825 evaderes.
1079 3769 1192 3826 lloc
1232 3780 1314 3824 est
1347 3771 1490 3838 quod
1520 3769 1752 3824 destruit

155 3863 426 3929 strophas
461 3863 722 3933 ingenioli
770 3864 842 3916 ttti
866 3903 882 3927 ,
927 3873 980 3916 et
1013 3871 1062 3916 te
1094 3864 1221 3916 hinc
1254 3861 1416 3932 565
1458 3863 1584 3915 inde
1618 3877 1751 3915 con-

155 3962 425 4012 strictum
461 3957 699 4011 evadere
729 3972 836 4010 non
874 3956 1027 4009 sinit.
1049 3953 1159 4009 Nec
1187 3955 1239 4007 in
1275 3965 1484 4007 tantum
1524 3953 1754 4007 abutare

155 4052 528 4119 simplicitate
564 4050 789 4104 lectoris
822 4068 836 4102 :
873 4057 928 4101 et
957 4050 1037 4101 sic
1073 4061 1263 4102 omnes
1295 4047 1390 4115 qui
1437 4056 1584 4099 tuam
1616 4046 1756 4100 scri-

157 4156 390 4213 pturam
446 4142 642 4196 lecturi
696 4150 848 4203 sunt,
906 4141 1098 4194 brutos
1137 4150 1316 4207 putes,
1383 4149 1442 4192 ιιι
1479 4152 1604 4191 cum
1641 4138 1759 4192 vul-

156 4254 300 4291 nera
349 4247 677 4306 putrescere
725 4235 901 4297 sinas,
947 4248 1084 4288 sano
1128 4247 1348 4302 corpori
1387 4239 1440 4286 te
1478 4231 1758 4300 imponere

155 4331 477 4396 emplastra
513 4342 621 4380 nou
655 4327 888 4381 rideant.

232 4424 332 4476 15.
379 4419 458 4472 De
506 4421 912 4473 resurrectione.
948 4448 1020 4461 —-
1053 4419 1326 4475 De-earnis
1352 4417 1757 4473 resurrectione

157 4515 298 4583 quid
335 4514 696 4576 sentias,jatn
723 4515 774 4562 in
805 4511 1063 4579 Apologia
1099 4521 1192 4563 tua
1219 4511 1537 4575 didicimus,
1565 4513 1757 4567 «Nullo

160 4606 432 4658 membro
477 4610 780 4668 amputato,
825 4616 924 4653 nec
958 4601 1142 4668 aliqua
1189 4609 1342 4668 parte
1374 4606 1626 4670 corporis
1658 4606 1756 4658 de-
1791 4584 1836 4639 θ

160 4713 381 4755 secta»
417 4697 547 4749 llaec
593 4705 675 4747 est
716 4705 818 4746 tua:
869 4693 1239 4762 simplicitatis
1291 4709 1421 4763 pura
1472 4704 1526 4748 et
1565 4708 1756 4765 aperta

162 4791 482 4850 confessio.
510 4804 673 4852 quam
707 4788 774 4841 ab
804 4787 1061 4839 oitinibus
1097 4787 1266 4839 Italize
1298 4787 1569 4856 episcopis
1606 4803 1755 4842 asse-

161 4883 242 4935 ris
273 4894 410 4933 esse
449 4886 782 4944 susceptam.
816 4875 1106 4929 Crederem
1143 4876 1370 4941 dicenti,
1403 4880 1506 4932 nisi
1541 4897 1625 4934 me
1650 4882 1757 4934 du-

161 4976 357 5029 tutare
396 4974 464 5026 de
506 4982 560 5024 te
595 4971 696 5023 iste
749 4971 905 5036 liber,
941 4985 1048 5024 non
1093 4968 1380 5041 Pamphili,
1427 4973 1651 5032 faceret.
1690 4978 1756 5031 Et

163 5076 359 5118 tamen
392 5065 564 5118 miror
602 5064 875 5130 quomodo
909 5061 1218 5132 probaverit
1253 5061 1427 5127 Italia,
1463 5067 1610 5134 quod
1651 5066 1756 5121 Ro-

161 5175 250 5210 ma
311 5157 687 5222 contempsit;
721 5155 963 5221 episcopi
1016 5160 1374 5224 susceperint,
1412 5157 1557 5225 quod
1597 5161 1757 5213 sedes

158 5254 485 5321 apostolica
530 5248 942 5301 condemnavit.

239 5373 256 5401 ⁸
305 5366 468 5420 Hanc
499 5381 529 5418 e
564 5365 801 5420 tenebris
848 5377 1062 5420 erutam
1113 5366 1351 5432 primum
1384 5367 1656 5421 edidimus
1697 5367 1750 5421 itt

160 5442 345 5512 priori
379 5447 719 5512 tomo,_qu:e
744 5452 1034 5512 numerum
1066 5437 1398 5512 gbtinetl92.

239 5517 259 5544 ³
299 5508 402 5560 His
434 5509 632 5559 similia
659 5508 723 5558 ad
763 5505 1025 5560 Joannem
1063 5504 1470 5576 Ilierosolymit.
1525 5509 1752 5577 ejusque

159 5583 423 5635 u—seclus
462 5591 650 5629 contra
684 5577 740 5629 S.
779 5580 1138 5647 bjttpliattittnt
1176 5580 1475 5642 scripserat
1509 5578 1752 5634 Isidorus

163 5656 492 5721 presbyter,
529 5661 816 5714 antequam
849 5645 1212 5721 ai'l‘heophiio
1257 5650 1459 5701 missus
1502 5650 1748 5713 \ettiret,

164 5716 216 5773 ζιι
256 5716 432 5781 mpra
468 5736 517 5768 ιιι
552 5736 614 5767 eo
648 5724 738 5770 ub.
775 5732 961 5770 contra
997 5716 1153 5769 Jean.
1189 5727 1432 5770 notatum
1471 5727 1572 5770 est.

238 5796 258 5820 ³
290 5790 416 5841 Non
448 5804 723 5855 integrum,
764 5801 817 5839 nt
849 5791 1116 5840 \tctot'tus
1151 5791 1402 5856 etplzeat,
1433 5795 1521 5840 sed
1552 5790 1749 5840 intelli-

165 5881 232 5933 go:
266 5873 683 5926 ι-ιυίοείωμααηι.
723 5876 833 5912 alit:
861 5875 973 5925 ipsa
1000 5859 1237 5912 auctoiis
1265 5874 1426 5911 manu
1451 5872 1747 5912 etat'utazn.

429 5959 696 6015 l’-'rttm..
759 5955 990 6018 ΧΧΗΙ.

1847 2007 2099 2059 omnibus
2131 2009 2454 2060 sententiam
2491 2011 2666 2077 sequi,
2692 2025 2822 2063 cave
2858 2027 2926 2064 uc
2963 2011 3066 2063 hoc
3105 2011 3345 2079 magistri
3379 2019 3432 2064 et

1849 2099 2206 2166 condiscipuli
2236 2102 2310 2154 ιιιί
2349 2103 2592 2163 audiant,
2627 2113 2679 2157 et
2709 2104 2952 2158 olTendas
2978 2106 3432 2174 quamplurimos.

1850 2193 1940 2259 qui
1979 2211 2006 2242 ιι
2031 2207 2061 2246 e
2092 2193 2379 2258 latronem,
2420 2205 2470 2248 te
2497 2206 2792 2264 martyrem
2823 2210 3036 2261 vocant,
3067 2215 3130 2252 ne
3162 2205 3428 2252 irascatur

1853 2284 1896 2336 is
1965 2285 2066 2338 li'ni
2106 2287 2196 2349 qui
2235 2297 2426 2342 contra
2465 2303 2656 2356 papam
2687 2290 3052 2358 Epiphanium
3087 2291 3108 2321 ¹
3137 2294 3201 2344 ad
3232 2302 3280 2346 te
3308 2293 3430 2363 epi-

1851 2381 2021 2431 stolas
2055 2381 2321 2446 dirigens.
2359 2381 2684 2434 hortabatur
2721 2393 2777 2436 ut
2812 2398 3166 2451 permaneres
3210 2384 3262 2437 iu
3303 2385 3422 2438 lidei

1851 2481 2099 2530 veritate.
2143 2482 2196 2523 et
2244 2486 2351 2523 non
2387 2481 2633 2526 mutares
2685 2473 2793 2528 ullo
2830 2483 3040 2528 terrore
3070 2477 3429 2529 sententiam.

1852 2562 1985 2628 Qua:
2022 2564 2253 2630 epistola
2293 2563 2630 2633 holographa
2661 2565 2682 2596 ³
2709 2575 2926 2620 tenetur
2956 2567 3022 2621 ab
3055 2568 3164 2632 his,
3198 2568 3263 2621 ad
3289 2584 3428 2637 quos

1853 2659 2055 2725 perlata
2091 2667 2195 2711 est.
2238 2655 2302 2711 Et
2329 2669 2452 2727 post
2504 2660 2618 2712 luec
2651 2676 2802 2713 more
2857 2670 2950 2714 ttto
2984 2660 3246 2730 loqueris,
3293 2681 3310 2713 t
3356 2662 3430 2717 Ut

1852 2751 1919 2801 de
1943 2765 2051 2817 quo
2076 2765 2238 2818 supra
2271 2751 2506 2812 dixeras,
2539 2767 2641 2819 ego
2677 2753 2772 2806 tibi
2819 2755 2982 2808 etiam
3017 2755 3222 2809 furenti
3265 2755 3430 2809 satis-

1852 2839 2044 2895 faciam
2083 2857 2096 2893 :
2129 2858 2276 2896 nunc
2327 2844 2499 2908 dicis,
2539 2844 2677 2910 Quid
2728 2847 2821 2900 tibi
2872 2847 3140 2901 videtur?
3195 2849 3435 2904 habesne

1854 2933 1991 2984 ultra
2025 2933 2252 3001 aliquid,
2303 2948 2412 3002 quo
2445 2949 2638 2989 nervos
2686 2945 2791 2990 tua:
2848 2937 3198 3006 loquacitatis
3254 2941 3432 2993 inten-

1853 3024 1988 3077 das?
2022 3041 2040 3074 ι
2076 3024 2138 3076 Et
2172 3024 2471 3094 indignaris
2505 3025 2547 3079 si
2598 3027 2785 3094 putide
2835 3040 2886 3082 te
2939 3029 3087 3099 loqui
3137 3029 3299 3103 546
3345 3048 3434 3088 ar-

1855 3133 2033 3185 guam,
2063 3133 2185 3170 cum
2227 3119 2618 3173 commdiarum
2643 3121 3010 3190 turpitudines
3041 3133 3094 3177 et
3122 3138 3427 3180 scortorum

1855 3220 2273 3282 amatorumque
2309 3212 2512 3268 ludicra
2547 3215 2951 3270 ecclesiasticus
2989 3218 3222 3286 scriptor
3259 3236 3418 3275 assu-

1857 3301 2017 3356 tnas?

1931 3395 2014 3447 l7.
2050 3393 2122 3447 De
2149 3395 2318 3448 Paulo
2351 3397 2610 3466 episcopo.
2631 3429 2704 3440 --
2730 3399 2904 3451 Porro
2935 3399 3080 3467 quod
3105 3401 3431 3473 interrogas,

1854 3493 2074 3556 quando
2100 3504 2247 3558 papa:
2277 3490 2562 3555 Theophili
2603 3494 2926 3546 sententiam
2954 3495 3108 3564 sequi
3147 3499 3432 3565 cceperim,

1856 3583 2015 3651 eique
2043 3583 2162 3637 fidei
2194 3586 2575 3639 communione
2625 3588 2869 3640 sociatus
2903 3588 3024 3650 sim,
3056 3597 3108 3641 et
3163 3589 3276 3659 ipse
3335 3589 3430 3641 tibi

1858 3677 2175 3744 respondes,
2215 3677 2400 3732 «Tunc
2443 3679 2626 3743 credo,
2663 3680 2881 3748 quando
2941 3680 3165 3734 Paulum
3192 3679 3214 3711 ⁸
3267 3695 3428 3752 quom

1860 3769 1947 3823 ille
2006 3771 2384 3831 damnaverat,
2419 3786 2635 3824 summo
2677 3771 2797 3826 nisu
2831 3782 2883 3824 et
2922 3772 3176 3825 omnibus
3237 3773 3432 3826 studiis

1858 3861 2194 3914 (leleudebas
2233 3876 2248 3916 :
2285 3863 2504 3928 quando
2534 3879 2656 3914 etttn
2691 3878 2787 3930 per
2842 3863 3124 3928 imperiale
3157 3866 3423 3932 scriptum

1861 3954 2100 4020 recipere.
2134 3952 2527 4015 sacerdotium,
2554 3954 2696 4021 quod
2729 3954 3026 4023 episcopali
3057 3956 3229 4024 judicl
3254 3974 3268 4000 ι
3298 3961 3435 4008 ami-

1862 4056 2031 4108 serat,
2069 4046 2427 4116 instigabas.»
2465 4046 2581 4101 Non
2614 4049 2771 4117 prius
2805 4064 2904 4117 pro
2945 4066 3032 4104 me
3073 4054 3433 4120 respondebo,

1861 4156 2021 4209 quam
2047 4140 2114 4193 de
2155 4141 2392 4193 altorum
2429 4139 2642 4207 injuriis
2677 4141 2890 4208 loquar.
2922 4141 3089 4206 Cujus
3123 4153 3206 4197 est
3239 4144 3433 4196 Imma-

1864 4233 2071 4294 uitatis,
2101 4234 2324 4300 cujttsve
2347 4232 2668 4297 clementiae,
2705 4234 2968 4287 insultare
2995 4236 3224 4287 aliorum
3267 4238 3433 4289 tni~e-

1861 4327 1980 4388 riis.
2013 4335 2066 4380 et
2098 4326 2318 4380 vulnera
2349 4327 2564 4379 cunctis
2600 4327 2774 4379 aliena
2816 4326 3159 4381 monstrare?
3218 4327 3435 4383 Siccine

1865 4430 1913 4474 te
1935 4421 2125 4474 docuit
2163 4419 2251 4473 ille
2279 4419 2604 4482 Samarites,
2661 4419 2990 4474 seminecem
3042 4423 3102 4470 ad
3157 4423 3433 4474 stabulum

1863 4511 2192 4580 reportare?
2254 4513 2437 4565 oleum
2495 4511 2666 4579 plagis
2741 4510 3066 4565 infundere?
3127 4511 3432 4565 mercedem

1864 4609 2159 4662 stabulario
2189 4607 2473 4677 polliceri?
2515 4608 2608 4661 Sic
2634 4614 2908 4661 revertam
2951 4623 3131 4665 ovem.
3163 4619 3429 4674 repertam

1863 4701 2203 4764 drachmam,
2241 4701 2528 4768 prodigum
2562 4698 2731 4751 lilium
2765 4699 2895 4768 legis
2919 4715 3040 4752 esse
3072 4699 3433 4767 susceptum?

1863 4795 2014 4854 Esto.
2043 4811 2141 4862 ego
2164 4805 2215 4848 te
2246 4795 2509 4859 laeseram,
2545 4805 2599 4846 et
2633 4794 2986 4862 quibusdam,
3048 4804 3103 4847 ut
3139 4796 3294 4857 dicis,
3332 4797 3432 4849 sti-

1866 4887 2031 4940 mulis
2090 4887 2152 4938 ad
2221 4886 2637 4939 maledictorum
2712 4888 2980 4940 insaniam
3021 4901 3428 4954 provocat-am:

1861 4980 1990 5050 qttid
2021 4979 2221 5033 meruit
2273 4977 2442 5032 homo
2477 4979 2671 5042 latens,
2728 4989 2787 5032 nt
2836 4979 3070 5032 nudat-es
3120 4979 3432 5034 cicatricem

1861 5073 1999 5140 ejus,
2032 5080 2086 5122 et
2112 5070 2403 5124 obductam
2441 5079 2618 5124 cutem
2677 5071 2950 5138 insperato
2995 5071 3182 5122 dolore
3214 5072 3431 5124 resein-

1861 5163 2056 5216 deres?
2121 5161 2310 5216 Nonne
2340 5164 2500 5214 etiam
2555 5161 2598 5214 si
2637 5161 2723 5214 illc
2754 5163 2947 5230 dignus
2976 5172 3120 5215 esset
3144 5172 3427 5215 eontuute-

1861 5257 1969 5320 liis,
2000 5264 2055 5308 ttt
2086 5255 2268 5309 facere
2320 5269 2426 5308 non
2487 5253 2751 5308 deberes?
2794 5257 2898 5307 Aut
2961 5271 3058 5324 ego
3111 5256 3288 5320 fallor,
3336 5268 3431 5308 aut

1863 5373 2142 5435 Sidonius,
2169 5372 2262 5423 lib.
2296 5388 2370 5431 K,
2405 5373 2567 5438 epist.
2603 5371 2692 5435 ll,
2725 5373 2825 5422 hoc
2865 5387 3024 5423 sensu
3072 5370 3425 5437 Itolograpltas

1859 5442 2186 5494 membranas
2205 5443 2362 5501 dixit.
2386 5451 2433 5494 et
2470 5441 2848 5510 holographum
2871 5451 3258 5502 testamentum,
3277 5447 3421 5508 quod

1861 5520 2088 5564 testator
2122 5514 2238 5579 ipse
2272 5513 2609 5579 perscripsit,
2643 5522 2696 5564 ιιι
2732 5527 2758 5564 a
2791 5513 3056 5579 plerisque
3081 5511 3198 5561 aliis
3233 5527 3420 5565 exem—

1863 5584 1961 5650 plis
1981 5584 2368 5635 :tbSlitteatnus.

1937 5654 1954 5682 "
1995 5652 2088 5706 llic
2125 5654 2323 5704 l’aulns
2359 5655 2445 5706 ille
2471 5655 2757 5720 episcopus
2784 5665 2886 5713 est,
2936 5668 3092 5722 quem
3138 5660 3425 5720 tantopere

1863 5722 2195 5790 Theophilus
2226 5733 2307 5776 est
2370 5734 2712 5792 persecutus.
2773 5722 3132 5790 Hieronymus
3187 5737 3313 5773 vero
3373 5724 3427 5774 in

1862 5809 2018 5845 suum
2050 5794 2441 5848 monasterium
2469 5795 2663 5847 dicitur
2699 5809 2999 5863 caepa-sv.

3048 5952 3115 6013 16
