4202 6488
769 419 867 484 491

1929 414 1988 471 S.
2033 410 2348 471 EUSEBII
2400 410 2450 468 Il
2466 406 2842 468 I'ERONYMI

3923 406 4031 469 (92

770 533 899 585 illud
955 540 1037 583 est
1094 543 1282 582 verum
1338 526 1479 597 quod
1512 526 1729 595 plurimi
1758 525 2036 593 jactitant,
2085 537 2135 579 te
2162 523 2349 592 Orige-
2376 524 2423 583 Α
2458 522 2575 578 lica:
2618 523 2922 592 sapientiae,
2952 527 3200 591 tempore
3229 533 3293 576 ac
3326 520 3491 578 rebus
3543 518 3795 591 probavit
3825 529 3878 572 ct
3934 536 4036 575 ιιο.

774 626 1042 680 uistarnm
1082 624 1269 679 hostes
1302 624 1351 675 in
1386 622 1478 673 illo
1509 621 1785 691 persequi,
1820 628 1873 673 et
1899 619 2001 672 sub
2053 619 2340 674 occasione

770 718 932 771 unius
965 718 1015 769 iu
1042 724 1335 783 utrumque
1368 714 1583 767 saevire.
1612 711 1666 766 Si
1698 726 1848 781 papa:
1902 709 2186 779 Theophili
2212 723 2341 763 sen-

770 812 948 864 tentiis
973 807 1280 872 delectaris,
1314 817 1366 861 et
1394 804 1547 861 nefas
1582 814 1737 874 putas
1771 803 2084 873 pontificum
2125 805 2340 856 decreta

763 904 1019 965 ιειιιινιιιΙί,
1056 899 1185 970 quid
1210 900 1275 954 de
1312 901 1529 954 cmteris
1561 898 1728 961 dicis,
1761 912 1897 964 quos
1939 897 2055 966 ipse
2113 896 2340 948 damna-

767 999 886 1052 vit?
913 996 1053 1063 Quid
1082 996 1147 1048 de
1186 1010 1321 1065 papa
1353 992 1664 1057 Anastasio,
1705 991 1770 1045 de
1804 1006 1913 1059 quo
1946 989 2101 1052 nulli,
2136 997 2194 1041 ut
2232 988 2338 1049 ais,

768 1110 951 1147 verunt
990 1091 1245 1151 videtur,
1282 1100 1338 1141 ut
1363 1096 1525 1141 tanta:
1549 1086 1701 1139 urbis
1750 1084 2025 1149 sacerdos,
2056 1082 2135 1135 vel
2183 1083 2341 1135 inno-

762 1184 905 1237 centi
948 1182 1043 1237 tibi
1090 1181 1341 1247 iniuriam
1404 1176 1587 1232 facere
1621 1177 1880 1247 potuerit,
1938 1175 2019 1228 vel
2083 1174 2340 1228 absenti?

763 1276 871 1332 Nec
900 1277 1005 1332 hoc
1030 1278 1174 1341 dico,
1206 1274 1350 1345 quod
1369 1273 1435 1328 de
1460 1273 1838 1343 episcoporum
1876 1269 2166 1325 sententiis
2192 1269 2340 1338 judi-

763 1387 901 1436 cem,
939 1380 1032 1424 aut
1055 1384 1240 1423 eorum
1268 1367 1481 1435 cupiam
1521 1374 1727 1420 statuta
1761 1363 1996 1418 rescindi
2024 1381 2038 1428 ;
2063 1364 2155 1416 sed
2190 1362 2336 1429 quod

767 1465 1142 1533 unusquisque
1174 1477 1274 1515 suo
1298 1460 1540 1530 periculo
1575 1458 1759 1522 iaciat,
1795 1460 1937 1527 quod
1968 1457 2068 1510 sibi
2102 1454 2337 1519 videtur,

762 1569 815 1610 et
840 1557 953 1626 ipse
987 1555 1217 1621 noverit,
1252 1554 1613 1624 quomodude
1636 1549 2339 1620 suojudiciojndicandum

764 1652 854 1705 sit.
889 1648 1059 1704 Nobis
1085 1651 1136 1703 in
1197 1648 1532 1703 monasterio
1591 1645 1942 1713 hOSpitalitas
1994 1644 2145 1699 cordi
2210 1652 2337 1698 est:

764 1734 1065 1812 omnesque
1094 1743 1159 1796 ad
1186 1758 1286 1796 nos
1314 1741 1615 1801 venientes,
1638 1740 1753 1793 lzeta
1777 1737 2140 1792 humanitatis
2162 1737 2340 1791 fronte

763 1835 1121 1903 suscipimus.
1160 1832 1419 1887 Veremur
1450 1830 1597 1885 enim
1632 1846 1697 1883 ne
1730 1829 1899 1883 Maria
1957 1846 2081 1885 curn
2136 1828 2335 1898 Joseph

783 1940 942 1979 neum
970 1939 1073 1976 non
1109 1922 1353 1976 inveniat
1386 1922 1440 1975 in
1469 1921 1795 1983 diversorio,
1835 1935 1902 1973 ne
1965 1920 2123 1975 nobis
2180 1920 2338 1975 Jesns

761 2017 907 2072 dicat
936 2015 1199 2069 exclusus
1236 2032 1249 2067 :
1293 2013 1536 2081 «Hospes
1564 2024 1741 2073 eram,
1774 2019 1829 2063 et
1858 2026 1963 2065 non
2018 2012 2342 2081 suscepistis

764 2125 850 2162 me
879 2106 1100 2178 (Matth.
1154 2104 1454 2173 nv,.45).a
1494 2103 1651 2158 Solos
1687 2102 1846 2174 547
1891 2104 2177 2159 haereticos
2232 2120 2339 2158 non

764 2200 1081 2269 recipimus,
1117 2213 1259 2268 quos
1302 2213 1401 2252 vos
1454 2195 1605 2252 solos
1657 2197 1922 2265 recipitis.
1982 2196 2337 2267 Propositum

761 2295 964 2363 quippe
1001 2292 1158 2347 nobis
1208 2301 1292 2345 est
1347 2290 1514 2360 pedes
1570 2291 1751 2345 lavare
1812 2290 2169 2354 venientium,
2231 2308 2339 2345 non

762 2386 960 2438 merita
1004 2383 1298 2438 discutere.
1362 2382 1692 2444 Recordare,
1735 2380 1921 2441 frater.
1976 2380 2340 2437 confessionis

762 2480 908 2547 ejus,
942 2486 996 2530 et
1027 2478 1266 2546 pectoris
1299 2474 1444 2544 quod
1477 2475 1685 2545 ﬂagella
1712 2484 2031 2531 secuerunt.
2062 2474 2338 2529 Memento

762 2570 1026 2633 carceris,
1052 2570 1427 2631 tenebrarum,
1464 2567 1665 2628 exsilii,
1705 2567 2081 2630 metallorum,
2136 2576 2190 2619 et
2231 2581 2337 2620 non

758 2662 1136 2731 indignaberis
1174 2660 1422 2731 hospitio
1445 2667 1817 2714 transeuntem
1839 2675 1961 2715 esse
1999 2667 2336 2729 susceptura.

760 2758 840 2807 An
871 2756 993 2809 ideo
1024 2754 1121 2808 tibi
1160 2752 1390 2807 rebelles
1423 2752 1692 2814 videmur,
1741 2752 1871 2820 quia
1905 2752 2131 2807 calicem
2185 2768 2341 2823 aqua:

760 2848 975 2908 frigidae
1011 2845 1063 2899 in
1090 2845 1310 2899 nomine
1329 2842 1535 2898 Christi
1587 2843 1901 2898 sitientibus
1970 2844 2339 2913 porrigimus?

834 2940 926 2996 18.
954 2942 1342 2993 Hernicorum
1373 2938 1539 3006 factio
1574 2936 1784 3005 fugata.
1842 2934 2164 3005 Theophilus
2215 2938 2336 2991 lau-

760 3032 943 3086 datur.
972 3060 1044 3072 —
1068 3028 1164 3084 Vis
1191 3030 1333 3083 scire
1358 3028 1501 3082 unde
1524 3027 1676 3081 illum
1707 3037 1759 3081 et
1803 3043 1902 3082 nos
1961 3030 2085 3098 plus
2134 3044 2337 3093 amare,

760 3138 814 3179 et
840 3136 892 3177 tu
929 3122 1115 3180 odisse
1149 3121 1271 3191 plus
1300 3120 1551 3175 debeas?
1588 3119 1979 3175 Hu‘reticontm
2040 3122 2206 3175 factio
2239 3138 2339 3175 nu-

760 3234 859 3288 per
889 3217 1072 3288 fugata
1103 3216 1171 3270 dc
1198 3214 1435 3285 Aigypto
1486 3222 1542 3267 et
1573 3213 1920 3275 Alexandria,
1954 3229 2012 3268 se
2078 3212 2336 3270 Hieroso-

763 3311 959 3377 Ivmam
982 3306 1238 3370 contulit,
1266 3318 1319 3360 ct
1353 3305 1478 3360 huic
1514 3305 1686 3356 voluit
1710 3304 1979 3372 capulari,
2016 3314 2073 3358 ut
2103 3322 2333 3375 quorum

766 3422 908 3460 unus
954 3413 1100 3458 esset
1124 3401 1301 3465 dolor,
1336 3415 1441 3453 una
1478 3398 1631 3451 fieret
1654 3406 1708 3450 et
1736 3398 2036 3451 accusatio.
2061 3396 2209 3462 Quos
2246 3399 2335 3452 ille

760 3498 980 3566 repulit,
1018 3495 1245 3565 sprevit,
1277 3492 1501 3559 abiecit,
1536 3492 1724 3545 dicens
1748 3506 1806 3546 se
1834 3506 1939 3543 nou
1975 3504 2099 3545 esse
2153 3492 2335 3544 inimi-

761 3606 883 3644 cum
920 3588 1068 3650 fidei,
1102 3601 1204 3641 nec
1232 3594 1423 3639 contra
1464 3583 1767 3637 Ecclesiam
1803 3582 1942 3636 bella
1994 3583 2279 3650 suscipere
2317 3600 2331 3637 :

763 3682 905 3750 quod
932 3681 1084 3749 prius
1118 3677 1366 3739 tentavit,
1390 3676 1598 3731 doloris
1661 3674 1851 3739 fuisse,
1895 3690 2001 3728 non
2040 3675 2279 3744 perlldiae
2316 3691 2329 3726 :

763 3788 864 3828 nec
890 3773 1119 3828 alterius
1151 3771 1428 3841 appetisse
1462 3768 1857 3831 innocentiam,
1902 3770 1994 3823 sed
2025 3784 2180 3824 suam
2213 3784 2336 3835 pro-

760 3866 893 3920 bare
916 3865 1174 3920 voluisse.
1198 3862 1429 3933 Impium
1466 3873 1651 3931 putas,
1676 3870 1798 3929 post
1829 3862 2130 3915 sententias
2154 3876 2332 3915 sacer-

764 3959 955 4011 dotum
986 3954 1267 4025 imperiale
1310 3954 1677 4023 rescriptum?
1705 3954 1849 4023 quod
1882 3953 2041 4018 quale
2104 3952 2197 4015 sit,
2233 3970 2333 4008 no-

763 4051 899 4103 verit
924 4050 1013 4103 ille
1054 4048 1146 4117 qui
1185 4047 1404 4101 meruit.
1443 4046 1585 4111 Quid
1617 4046 1714 4099 tibi
1758 4046 1973 4099 videtur
1996 4045 2063 4099 de
2098 4045 2203 4108 his,
2239 4045 2330 4113 qui

762 4141 1005 4195 damnati
1067 4139 1268 4206 palatia
1312 4137 1585 4201 obsident,
1625 4146 1677 4191 et
1734 4137 1875 4191 facto
1916 4152 2109 4204 cuneo,
2173 4136 2330 4192 ﬁdem

760 4232 966 4286 Christi
1003 4230 1055 4283 in
1094 4244 1204 4283 uno
1236 4228 1459 4283 homine
1492 4228 1942 4297 persequuntur?
1970 4227 2101 4283 Meae
2149 4238 2331 4283 autem

762 4326 1273 4389 i-oinmunionis,ct
1306 4339 1459 4393 papa
1512 4323 1827 4393 Theophili,
1894 4325 2105 4379 nullum
2160 4326 2326 4380 alium

764 4428 956 4473 testem
986 4418 1214 4479 vocabo,
1245 4416 1351 4470 nisi
1381 4416 1563 4483 ipsum
1586 4431 1749 4482 quem
1780 4431 1806 4468 a
1838 4432 1922 4468 ιιιιε
1944 4416 2129 4469 laesum
2162 4418 2333 4471 simn-

765 4517 865 4574 las,
904 4509 1058 4577 cujus
1088 4508 1349 4577 epistolas
1380 4510 1445 4560 ad
1507 4523 1589 4561 me
1622 4522 1838 4576 semper
1864 4508 2039 4566 datas.
2074 4508 2236 4563 etiam
2266 4526 2332 4563 eo

2364 3230 2407 3288 α
2442 3215 2767 3277 credituros,
2796 3213 2953 3268 addis

2447 626 2619 673 strum
2641 619 2694 672 in
2715 633 2773 673 se
2804 619 3072 683 animum,
3107 626 3163 673 et
3188 628 3399 672 vestras
3422 626 3615 672 contra
3642 631 3741 671 nos
3773 614 4027 672 insidias.

2449 710 2505 765 Si
2563 711 2817 780 discipuli
2856 710 2986 774 mei,
3020 720 3078 764 ut
3127 710 3346 773 scribis,
3400 709 3498 764 tibi
3540 709 3725 764 Romae
3791 710 4028 762 insidias

2446 805 2819 867 concitarunt,
2883 813 2938 858 et
2997 803 3374 859 inemendatas
3422 802 3732 867 schedulas,
3792 814 3843 857 te
3899 805 4029 850 clur-

2447 895 2672 957 miente.
2747 895 2910 950 furati
2979 906 3160 951 sunt:
3203 895 3328 965 quis
3388 910 3581 965 papam
3650 895 4022 954 Theoghilum

2444 989 2710 1044 adversus
2753 989 3060 1056 perduelles
3118 990 3172 1043 in
3221 989 3457 1061 Egypto
3508 989 3832 1045 suscitavit?
3890 988 4027 1053 Quis

2447 1096 2630 1147 regum
2662 1084 2838 1137 scita?
2862 1083 2985 1154 quis
3028 1082 3178 1138 orbis
3209 1084 3263 1137 in
3300 1086 3399 1140 hac
3424 1094 3581 1154 parte
3631 1098 3971 1137 consensum
4002 1083 4025 1133 3

2446 1176 2509 1226 lit
2543 1175 2791 1244 gloriaris
2854 1186 2904 1229 te
2964 1178 3033 1230 ab
3087 1177 3455 1232 adolescentia
3519 1175 3683 1249 548
3731 1174 4021 1245 Theophili

2445 1268 2614 1323 fuisse
2647 1269 2950 1325 auditorem
2972 1280 3024 1325 et
3058 1272 3384 1340 discipulum
3425 1288 3437 1327 :
3470 1286 3594 1325 cum
3650 1282 3704 1325 et
3738 1272 3828 1324 ille
3861 1282 4024 1323 ante-

2444 1378 2602 1429 quam
2632 1362 2923 1432 episcopus
2961 1364 3134 1430 fieret,
3170 1380 3269 1435 pro
3325 1364 3633 1418 humilitate
3663 1365 3767 1420 sibi
3827 1363 4017 1427 insita,

2446 1470 2724 1522 nunquam
2757 1457 3027 1520 docuerit,
3052 1466 3105 1510 et
3134 1467 3187 1511 tu
3225 1467 3515 1527 postquam
3578 1458 3663 1512 hic
3725 1460 4025 1526 cpiscopus

2446 1548 2622 1602 factus
2651 1556 2754 1609 est.
2802 1549 3147 1603 Alexandria:
3175 1564 3281 1603 non
3313 1549 3507 1605 fueris.
3538 1551 3601 1605 Et
3635 1551 3808 1603 audes
3842 1554 4027 1603 dicere

2442 1642 2495 1694 iu
2521 1641 2955 1710 suggillationem
2983 1644 3083 1696 mei
3112 1658 3126 1695 :
3153 1640 3441 1710 Magistros
3473 1658 3623 1698 meos
3668 1658 3767 1697 nec
3798 1658 4025 1707 accuso,

2444 1747 2539 1785 nec
2575 1744 2748 1788 muto.
2798 1732 2953 1797 Quod
3015 1735 3063 1788 si
3126 1750 3313 1788 verum
3372 1746 3476 1800 est,
3517 1746 3828 1805 suspectam
3890 1737 4022 1789 mihi

2445 1825 2577 1879 lacis
2601 1829 3076 1881 Conversationem
3119 1827 3135 1857 ⁸
3166 1836 3346 1882 tuam.
3380 1826 3488 1883 Nec
3528 1830 3673 1881 enim
3702 1830 3932 1891 damno,
3966 1838 4026 1882 ut

2446 1918 2782 1978 criminaris,
2855 1918 3197 1973 institutores
3253 1934 3429 1979 meos.
3484 1919 3577 1974 sed
3640 1931 3825 1973 metuo
3888 1919 4022 1974 illud

2450 2010 2603 2064 Isaia:
2634 2029 2647 2065 :
2688 2028 2705 2060 ι
2756 2009 2842 2063 Vae
2868 2016 2962 2079 qui
2996 2012 3185 2067 dicunt
3213 2012 3415 2065 malum
3449 2013 3675 2073 bonum,
3712 2023 3765 2066 et
3818 2011 4025 2066 bonum

2448 2100 2645 2153 malum
2680 2115 2695 2152 :
2738 2100 2828 2166 qui
2850 2110 3059 2168 ponunt
3087 2102 3338 2155 tenebras
3360 2101 3556 2165 lucem,
3575 2111 3627 2154 et
3656 2103 3838 2157 lucem
3867 2112 4025 2157 tene-

2448 2193 2576 2247 bras
2610 2206 2623 2246 :
2660 2194 2752 2261 qui
2775 2194 2969 2247 dicunt
2998 2209 3246 2248 amarum
3272 2194 3451 2257 dulce.
3484 2203 3539 2249 et
3571 2196 3731 2251 dulce
3767 2210 4020 2250 amarum

2444 2283 2584 2353 (Im.
2624 2301 2676 2350 v,
2707 2286 2799 2349 20)
2826 2288 2871 2339 li
2907 2284 2987 2340 Tu
3020 2295 3206 2341 autem
3228 2287 3381 2351 ,dum
3413 2288 3556 2341 inter
3579 2288 3815 2342 mulsum
3852 2288 4027 2357 magi-

2443 2388 2678 2433 strorum
2698 2388 2753 2431 et
2772 2394 2973 2433 venena
3009 2380 3211 2450 pariter
3228 2381 3392 2444 bibis,
3421 2396 3449 2433 a
3477 2380 3737 2450 magistro
3768 2380 4025 2449 apostolo

2445 2474 2745 2537 recessisti,
2779 2473 2872 2539 qui
2909 2473 3069 2528 docet
3093 2474 3255 2528 etiam
3294 2478 3543 2542 angelum
3575 2484 3627 2529 et
3653 2489 3733 2538 se,
3758 2475 3806 2529 si
3836 2476 3890 2530 in
3923 2476 4026 2529 (ide

2447 2569 2773 2628 erraverint,
2805 2582 2912 2620 non
2948 2568 3283 2636 sequendos.

2514 2658 2599 2713 i9.
2640 2658 2711 2712 De
2753 2658 3045 2728 Vigilantio
3076 2660 3373 2713 calumnia.
3414 2659 3561 2713 —ln
3590 2658 3879 2730 Vigilantii
3930 2676 4025 2713 no-

2446 2750 2590 2805 mine
2610 2752 2738 2819 quid
2770 2752 3038 2813 somnies,
3070 2753 3280 2807 nescio.
3318 2752 3417 2807 Ubi
3454 2752 3597 2806 enim
3630 2768 3756 2807 eum
3820 2754 4025 2821 scripsi

2447 2845 2699 2898 haeretica
2754 2844 2896 2912 apud
2928 2846 3313 2899 Alexandriam
3351 2848 3741 2901 communione
3775 2849 4023 2901 macula-

2444 2937 2608 2991 tum?
2648 2936 2721 2989 Da
2773 2937 3008 3002 librum,
3062 2938 3247 3007 profer
3301 2940 3586 3005 epistolam
3624 2942 3643 2969 ¹
3680 2955 3696 2993 :
3743 2954 4021 3007 nusquam

2439 3031 2665 3084 omnino
2694 3035 2956 3098 reperies,
2999 3038 3053 3082 et
3082 3029 3271 3084 eadem
3312 3032 3553 3095 licentia,
3586 3032 3695 3084 imo
3719 3031 4021 3100 impuden-

2445 3124 2516 3175 tia
2558 3122 2875 3182 mentiendi.
2907 3138 3013 3192 qua
3052 3133 3211 3192 putas
3241 3138 3434 3178 omnes
3494 3124 3604 3177 tuis
3659 3126 4024 3177 sermonibus

2996 3231 3012 3268 :
3051 3232 3070 3266 ι
3104 3214 3333 3281 Quando
3370 3216 3738 3269 testimonium
3770 3217 3842 3269 de
3870 3217 4024 3271 Serio

2448 3314 2622 3381 pturis
2648 3313 2703 3365 in
2740 3328 2861 3365 eum
2898 3322 3005 3364 tam
3040 3312 3307 3380 iniuriose
3343 3313 3596 3379 posuisti,
3624 3323 3681 3364 nt
3709 3328 3810 3381 ego
3842 3312 3896 3366 id
3932 3329 4018 3366 re-

2446 3414 2628 3473 petere
2660 3421 2781 3459 meo
2809 3420 2903 3459 ore
2927 3419 3031 3474 non
3064 3406 3348 3458 audeam.»
3388 3404 3498 3457 Non
3544 3406 3710 3458 audes
3745 3416 4017 3474 repetere.

2443 3496 2534 3565 qui
2569 3497 2802 3550 tacendo
2828 3498 3065 3565 amplius
3086 3496 3421 3551 criminaris.
3458 3497 3523 3551 Et
3553 3500 3680 3567 quia
3705 3515 3812 3555 non
3848 3502 4019 3556 habes

2441 3595 2589 3662 quod
2617 3593 2875 3662 objicias,
2902 3592 3128 3647 simulas
3174 3592 3581 3655 verecundiam,
3638 3604 3693 3649 ut
3744 3597 3919 3650 lector
3962 3606 4020 3651 te

2441 3696 2592 3756 putet
2622 3686 2753 3739 mihi
2784 3700 3032 3754 parcere,
3062 3684 3154 3753 qui
3188 3688 3460 3740 mentiens
3522 3702 3619 3741 nec
3655 3696 3762 3740 tua:
3815 3689 4018 3742 anima:

2442 3781 2757 3851 pepercisti.
2790 3781 2948 3843 Ouod
2981 3788 3064 3834 est
3091 3780 3223 3833 illud
3257 3781 3630 3835 testimonium
3672 3784 3739 3835 de
3766 3779 4017 3851 Scriptu-

2443 3874 2537 3933 ris.
2576 3873 2719 3940 quod
2740 3872 2803 3924 de
2833 3882 2925 3925 tuo
2959 3872 3050 3925 illo
3083 3873 3485 3940 pudentissimo
3518 3888 3610 3925 ore
3664 3889 3772 3926 non
3811 3878 4018 3930 exeat?

2440 3962 2691 4031 Autqnid
2726 3962 2776 4014 in
2818 3962 3023 4016 sanctis
3054 3962 3208 4015 libris
3245 3972 3423 4031 potest
3460 3972 3617 4029 turpe
3671 3964 4017 4016 memorari?

2443 4056 2805 4111 Sierubeseis
2838 4055 3008 4123 loqui,
3046 4054 3225 4108 scribe
3258 4053 3471 4115 saltem,
3504 4061 3557 4106 ut
3598 4069 3700 4107 nos
3764 4056 4017 4121 procaci-

2442 4150 2568 4204 tatis
2594 4150 2848 4218 proprius
2871 4162 3047 4201 sermo
3074 4148 3379 4201 convincat.
3411 4145 3483 4202 Ut
3533 4159 3728 4200 caetera
3794 4148 4016 4208 sileam,

2440 4258 2505 4297 ex
2540 4242 2642 4294 hoc
2678 4256 2785 4293 uno
2813 4238 3053 4306 capitulo
3077 4238 3470 4305 comprobabo.
3499 4236 3735 4292 ferream
3775 4249 3825 4291 te
3863 4239 4018 4291 tron-

2445 4342 2551 4385 tem
2580 4330 2859 4399 possidere
2894 4329 3138 4383 fallaciae.
3174 4325 3312 4381 Vide
3338 4337 3598 4395 quantum
3635 4331 3860 4381 timeam
3911 4332 4019 4383 cri-

2442 4425 2792 4479 minationem
2830 4431 3000 4475 tuam.
3060 4422 3116 4473 Si
3171 4421 3466 4490 protuleris
3499 4422 3642 4491 quod
3705 4422 3942 4477 minaris
3972 4423 4014 4482 ’.

2443 4531 2559 4568 mea
2583 4523 2743 4569 erunt
2770 4514 3020 4567 universa
3051 4530 3170 4582 qua:
3200 4523 3289 4566 tua
3321 4524 3471 4567 sunt.
3496 4513 3603 4582 Ego
3627 4515 3676 4567 in
3712 4513 4014 4582 Vigiianlin

766 4614 1010 4667 tempore
1044 4618 1153 4657 non
1202 4602 1442 4669 ignoras,
1480 4617 1587 4667 quo
1625 4601 1751 4653 mihi
1795 4616 1889 4655 eas
1962 4602 2113 4655 reddi
2152 4604 2335 4670 prohi-
2364 4587 2414 4647 Ῑ)
2446 4608 2538 4660 tibi
2570 4607 2845 4674 respondi.
2874 4606 3239 4658 Eadcnienim
3262 4606 3579 4661 accusabat.
3606 4620 3725 4671 qua:
3752 4621 3805 4656 ιιι
3828 4619 4011 4673 postea

770 4698 958 4755 l-ebas,
991 4702 1044 4747 et
1061 4694 1300 4762 quotidie
1334 4692 1519 4747 missis
1555 4692 1878 4757 tabellariis,
1915 4694 2193 4749 inimicum
2217 4697 2335 4765 ejus

766 4786 1004 4839 amicum
1046 4795 1294 4837 nostrum
1336 4793 1389 4837 et
1424 4782 1907 4837 familiarissimum
1937 4785 2250 4854 jactitahas,
2283 4797 2335 4842 et

764 4893 825 4929 ea
855 4892 973 4944 qua:
1016 4889 1162 4926 nunc
1205 4872 1546 4941 impudenter
1580 4875 1797 4937 scribis,
1841 4877 2217 4940 ntentiebaris,
2280 4893 2335 4933 ut

766 4967 913 5021 illius
937 4976 1126 5019 contra
1158 4978 1255 5016 nos
1285 4962 1408 5015 odia
1446 4963 1776 5024 concitares,
1805 4974 1853 5016 et
1893 4964 2111 5032 injuria!
2145 4966 2330 5031 dolor,

768 5060 889 5113 lidei
924 5060 1073 5111 ﬁeret
1107 5054 1416 5123 oppressio.
1447 5052 1554 5107 Sed
1585 5054 1667 5106 vir
1694 5054 1936 5123 prudens
1985 5065 2038 5110 et
2103 5069 2328 5127 aposto-

839 5217 853 5246 ‘
890 5214 945 5266 lu
976 5210 1095 5263 aliis
1128 5222 1258 5261 mss.
1290 5209 1649 5271 conversione,
1675 5226 1796 5277 quae
1819 5211 2117 5277 incongrua
2170 5217 2330 5267 ll'l‘iiﬂ

764 5289 876 5353 ipsa
904 5294 1120 5351 quoque
1154 5292 1258 5353 non
1285 5289 1392 5353 est,
1420 5293 1543 5330 cum
1573 5279 1714 5353 inter
1769 5298 1901 5335 suos
1946 5294 2325 5348 praeceptores,

765 5349 1150 5410 ttonnetlltnetlt
1208 5349 1805 5422 haereticquRnlinus
1873 5355 2149 5413 habuerit,
2199 5370 2324 5422 puta

768 5427 1049 5495 llidytuum
1070 5432 1229 5486 quem
1258 5419 1461 5495 audivit
1489 5418 2044 5495 Alexandritcmaque
2077 5418 2321 5491 propter,

766 5490 884 5550 nisi
904 5495 1021 5546 IIIOS
1045 5500 1349 5553 accusaret,
1383 5490 1492 5542 sive
1520 5493 1587 5544 ab
1614 5508 1801 5544 eorum
1833 5490 2201 5545 literesibusse
2234 5512 2323 5547 re-

766 5575 985 5635 raperet.
1024 5560 1437 5635 conversionem
1460 5576 1613 5614 suam
1638 5562 1702 5613 ad
1725 5561 2025 5624 Christum,
2054 5574 2107 5615 et
2138 5567 2321 5631 litium,

767 5629 937 5705 qdaur
970 5636 1022 5683 in
1076 5629 1429 5705 convers'tOne
1465 5644 1771 5699 acceperat.
1812 5645 2122 5699 suspectum
2181 5629 2324 5689 face;

768 5701 869 5757 rm.
903 5701 1353 5755 conversationis
1403 5709 1581 5753 tamen
1624 5704 1967 5765 vocabulum,
2022 5716 2074 5756 et
2124 5720 2321 5761 sensus

769 5777 967 5827 at‘t‘ldi-l
989 5787 1175 5831 tlthgls.

840 5846 857 5874 ¹
891 5842 982 5895 Fu:
1003 5855 1048 5892 te
1081 5843 1360 5907 epistolam
1388 5839 1454 5894 ad
1484 5840 1658 5908 ipsum
1683 5839 2032 5909 Vigilantiuzu
2058 5845 2107 5897 in
2133 5860 2315 5898 Il'lsttn

2440 4710 2491 4753 et
2526 4699 2732 4751 amicus
2764 4698 2973 4758 laudas,
2998 4704 3050 4749 et
3088 4696 3341 4748 inimicus
3373 4711 3617 4749 accusas.
3657 4696 3787 4749 Scio
3844 4714 3871 4749 τι
3908 4716 4015 4767 quo

2440 4792 2582 4845 illzus
2614 4800 2803 4841 contra
2838 4803 2922 4839 me
2982 4794 3161 4839 rabies
3198 4788 3469 4839 concitata
3518 4791 3609 4851 sit,
3674 4793 3799 4840 novi
3856 4795 4013 4843 cuni-

2438 4884 2589 4935 cnios
2631 4892 2771 4935 tuos.
2806 4880 3225 4948 Siiuplicitatein
3256 4878 3419 4949 549
3449 4896 3608 4947 quam
3658 4897 3851 4937 ornncs
3877 4900 4015 4952 prte-

2435 4977 2636 5037 divant,
2669 4990 2775 5027 non
2808 4974 3020 5041 ignoro.
3056 4971 3160 5024 Per
3190 4972 3339 5026 illius
3368 4972 3651 5026 stultitiam
3700 4986 3791 5025 ltm
3830 4996 3883 5026 au
3925 4994 4012 5029 me

2437 5066 2639 5117 malitia
2675 5064 3009 5117 debacchata
3033 5072 3157 5124 est;
3194 5077 3355 5129 quam
3387 5076 3489 5130 ego
3528 5066 3570 5114 si
3594 5064 3827 5131 epistola
3887 5080 4009 5120 mea

2436 5226 2753 5275 recensione
2776 5221 2833 5274 fil
2850 5263 2863 5283 ,
2904 5222 3133 5294 Rufinus
3160 5238 3265 5290 pne
3288 5221 3877 5294 oculishabuit,atque
3896 5224 4010 5280 hac

2434 5294 2487 5345 in
2512 5298 2699 5359 prunis
2721 5309 2865 5344 ιιιιιιι.
2888 5309 2899 5345 I
2925 5309 2938 5345 :
2965 5293 3075 5344 (Tu
3104 5291 3485 5345 orthmluxm?
3517 5311 3604 5347 ιιιιι
3629 5291 3823 5345 otiatur.
3845 5311 4007 5349 unua

2432 5375 2755 5416 sententiain
2785 5373 3005 5415 tuamet
3035 5364 3272 5431 linguam
3316 5364 3417 5413 πίω
3460 5366 3875 5425 praedicantem.
3914 5382 4006 5419 aut

2434 5433 2636 5485 invitus
2662 5434 3055 5497 subscripsisti,
3077 5445 3129 5485 et
3151 5437 3532 5499 praevaricator
3560 5448 3654 5487 es:
3681 5444 3771 5485 aut
3794 5437 4006 5498 \‘Ult‘llS,

2431 5512 2483 5555 et
2518 5505 2822 5557 hmrettcus.
2858 5521 2873 5553 ι
2914 5502 3084 5553 l’urm
3151 5515 3526 5555 testiinonium
3579 5514 3686 5555 tarn
3741 5508 4004 5567 uiiiuimse

2431 5588 2690 5641 posunrn.
2717 5573 2846 5625 illud
2879 5574 3034 5625 facile
3088 5573 3271 5633 fuerat,
3301 5592 3405 5639 quo
3463 5572 3683 5627 llteron.
3734 5577 3788 5627 in
3814 5576 4003 5629 eadem

2429 5657 2587 5710 epist.
2640 5664 2690 5695 ιι.
2725 5645 2774 5695 .4
2832 5646 3109 5697 diabolum
3163 5660 3255 5710 per
3301 5664 3362 5695 es
3417 5642 3689 5714 Vigilantit
3753 5646 4003 5701 loculum

2430 5716 2587 5775 tllxit,
2626 5715 2732 5767 Ero
2769 5716 2958 5766 aioiitlis
2990 5715 3278 5766 Alltssmto.

2503 5786 2522 5814 ³
2558 5788 2811 5839 \ideatur
2844 5802 2906 5837 ex
2930 5795 3185 5837 coiitestu
3216 5785 3497 5853 legendum
3529 5788 3855 5841 criruiuan‘s.
