  <div class='ocr_page' id='page_1' title='image "/cluster/home/n/w/nwhite01/storage/ocr_20150623/23/hvd.32044012674545/258.png"; bbox 0 0 4202 6474; ppageno 0'>
   <div class='ocr_carea' id='block_1_1' title="bbox 156 421 252 483">
    <p class='ocr_par' dir='ltr' id='par_1_1' title="bbox 156 421 252 483">
     <span class='ocr_line' id='line_1_1' title="bbox 156 421 252 483; baseline 0 -1"><span class='ocrx_word' id='word_1_1' title='bbox 156 421 252 483; x_wconf 68' lang='grc'><strong>493</strong></span> 
     </span>
    </p>
   </div>
   <div class='ocr_carea' id='block_1_2' title="bbox 1221 413 2290 481">
    <p class='ocr_par' dir='ltr' id='par_1_2' title="bbox 1221 413 2290 481">
     <span class='ocr_line' id='line_1_2' title="bbox 1221 413 2290 481; baseline -0.004 -2"><span class='ocrx_word' id='word_1_2' title='bbox 1221 417 1522 481; x_wconf 77' lang='lat' dir='ltr'><strong>CONTRA</strong></span> <span class='ocrx_word' id='word_1_3' title='bbox 1574 414 1932 475; x_wconf 76' lang='lat' dir='ltr'><strong>RUFINUM</strong></span> <span class='ocrx_word' id='word_1_4' title='bbox 1978 415 2105 475; x_wconf 83' lang='lat' dir='ltr'><strong>LIB</strong></span> <span class='ocrx_word' id='word_1_5' title='bbox 2178 413 2290 475; x_wconf 86' lang='lat' dir='ltr'><strong>ill.</strong></span> 
     </span>
    </p>
   </div>
   <div class='ocr_carea' id='block_1_3' title="bbox 3303 407 3407 469">
    <p class='ocr_par' dir='ltr' id='par_1_3' title="bbox 3303 407 3407 469">
     <span class='ocr_line' id='line_1_3' title="bbox 3303 407 3407 469; baseline 0 -1"><span class='ocrx_word' id='word_1_6' title='bbox 3303 407 3407 469; x_wconf 69' lang='grc'>494</span> 
     </span>
    </p>
   </div>
   <div class='ocr_carea' id='block_1_4' title="bbox 155 523 3408 601">
    <p class='ocr_par' dir='ltr' id='par_1_4' title="bbox 155 523 3408 601">
     <span class='ocr_line' id='line_1_4' title="bbox 155 523 3408 601; baseline -0.002 -17"><span class='ocrx_word' id='word_1_7' title='bbox 155 530 439 601; x_wconf 79' lang='lat' dir='ltr'><strong>repuli,ne</strong></span> <span class='ocrx_word' id='word_1_8' title='bbox 460 532 620 587; x_wconf 80' lang='lat' dir='ltr'><strong>solus</strong></span> <span class='ocrx_word' id='word_1_9' title='bbox 638 530 842 587; x_wconf 79' lang='lat' dir='ltr'><strong>habere</strong></span> <span class='ocrx_word' id='word_1_10' title='bbox 861 529 1100 587; x_wconf 85' lang='lat' dir='ltr'><strong>videaris</strong></span> <span class='ocrx_word' id='word_1_11' title='bbox 1117 530 1374 586; x_wconf 85' lang='lat' dir='ltr'><strong>baculum</strong></span> <span class='ocrx_word' id='word_1_12' title='bbox 1400 531 1728 587; x_wconf 86' lang='lat' dir='ltr'><strong>litterarum,</strong></span> <span class='ocrx_word' id='word_1_13' title='bbox 1763 533 1806 586; x_wconf 73' lang='grc' dir='ltr'><strong>Α</strong></span> <span class='ocrx_word' id='word_1_14' title='bbox 1840 529 1948 582; x_wconf 87' lang='lat' dir='ltr'><strong>luis</strong></span> <span class='ocrx_word' id='word_1_15' title='bbox 1998 530 2238 598; x_wconf 80' lang='lat' dir='ltr'><strong>prodest,</strong></span> <span class='ocrx_word' id='word_1_16' title='bbox 2297 526 2342 579; x_wconf 89' lang='lat' dir='ltr'><strong>si</strong></span> <span class='ocrx_word' id='word_1_17' title='bbox 2405 542 2503 595; x_wconf 72' lang='lat' dir='ltr'><strong>ego</strong></span> <span class='ocrx_word' id='word_1_18' title='bbox 2533 527 2686 580; x_wconf 83' lang='lat' dir='ltr'><strong>fuero</strong></span> <span class='ocrx_word' id='word_1_19' title='bbox 2719 525 3080 580; x_wconf 67' lang='lat' dir='ltr'><strong>vulneratus?</strong></span> <span class='ocrx_word' id='word_1_20' title='bbox 3132 523 3214 576; x_wconf 83' lang='lat' dir='ltr'><strong>An</strong></span> <span class='ocrx_word' id='word_1_21' title='bbox 3253 525 3408 578; x_wconf 82' lang='lat' dir='ltr'><strong>sola-</strong></span> 
     </span>
    </p>
   </div>
   <div class='ocr_carea' id='block_1_5' title="bbox 155 622 1733 692">
    <p class='ocr_par' dir='ltr' id='par_1_5' title="bbox 155 622 1733 692">
     <span class='ocr_line' id='line_1_5' title="bbox 155 622 1733 692; baseline -0.001 -18"><span class='ocrx_word' id='word_1_22' title='bbox 155 636 253 676; x_wconf 88' lang='lat' dir='ltr'><strong>non</strong></span> <span class='ocrx_word' id='word_1_23' title='bbox 281 622 456 678; x_wconf 81' lang='lat' dir='ltr'><strong>debes</strong></span> <span class='ocrx_word' id='word_1_24' title='bbox 499 623 899 692; x_wconf 89' lang='lat' dir='ltr'><strong>turpitudinem</strong></span> <span class='ocrx_word' id='word_1_25' title='bbox 932 622 1190 678; x_wconf 89' lang='lat' dir='ltr'><strong>simulare</strong></span> <span class='ocrx_word' id='word_1_26' title='bbox 1213 622 1528 682; x_wconf 86' lang='lat' dir='ltr'><strong>verborum,</strong></span> <span class='ocrx_word' id='word_1_27' title='bbox 1569 632 1733 686; x_wconf 83' lang='lat' dir='ltr'><strong>quam</strong></span> 
     </span>
    </p>
   </div>
   <div class='ocr_carea' id='block_1_6' title="bbox 155 710 1736 786">
    <p class='ocr_par' dir='ltr' id='par_1_6' title="bbox 155 710 1736 786">
     <span class='ocr_line' id='line_1_6' title="bbox 155 710 1736 786; baseline -0.004 -15"><span class='ocrx_word' id='word_1_28' title='bbox 155 735 424 786; x_wconf 89' lang='lat' dir='ltr'><strong>nusquam</strong></span> <span class='ocrx_word' id='word_1_29' title='bbox 460 719 694 773; x_wconf 89' lang='lat' dir='ltr'><strong>omnino</strong></span> <span class='ocrx_word' id='word_1_30' title='bbox 727 718 900 786; x_wconf 82' lang='lat' dir='ltr'><strong>legisti</strong></span> <span class='ocrx_word' id='word_1_31' title='bbox 929 734 943 784; x_wconf 86' lang='lat'><strong>;</strong></span> <span class='ocrx_word' id='word_1_32' title='bbox 969 717 1062 770; x_wconf 89' lang='lat' dir='ltr'><strong>sed</strong></span> <span class='ocrx_word' id='word_1_33' title='bbox 1092 716 1397 784; x_wconf 83' lang='lat' dir='ltr'><strong>intelligere</strong></span> <span class='ocrx_word' id='word_1_34' title='bbox 1421 722 1474 766; x_wconf 89' lang='lat' dir='ltr'><strong>et</strong></span> <span class='ocrx_word' id='word_1_35' title='bbox 1506 710 1736 767; x_wconf 85' lang='lat' dir='ltr'><strong>confite-</strong></span> 
     </span>
    </p>
   </div>
   <div class='ocr_carea' id='block_1_7' title="bbox 154 805 1737 881">
    <p class='ocr_par' dir='ltr' id='par_1_7' title="bbox 154 805 1737 881">
     <span class='ocr_line' id='line_1_7' title="bbox 154 805 1737 881; baseline -0.006 -17"><span class='ocrx_word' id='word_1_36' title='bbox 154 815 216 870; x_wconf 85' lang='lat' dir='ltr'><strong>ri.</strong></span> <span class='ocrx_word' id='word_1_37' title='bbox 249 827 348 881; x_wconf 90' lang='lat' dir='ltr'><strong>per</strong></span> <span class='ocrx_word' id='word_1_38' title='bbox 372 813 526 867; x_wconf 89' lang='lat' dir='ltr'><strong>illius</strong></span> <span class='ocrx_word' id='word_1_39' title='bbox 581 813 919 874; x_wconf 70' lang='lat' dir='ltr'><strong>vecordiam,</strong></span> <span class='ocrx_word' id='word_1_40' title='bbox 957 810 1067 864; x_wconf 89' lang='lat' dir='ltr'><strong>tuis</strong></span> <span class='ocrx_word' id='word_1_41' title='bbox 1105 808 1395 864; x_wconf 77' lang='lat' dir='ltr'><strong>calumniis</strong></span> <span class='ocrx_word' id='word_1_42' title='bbox 1427 805 1601 861; x_wconf 79' lang='lat' dir='ltr'><strong>fuisse</strong></span> <span class='ocrx_word' id='word_1_43' title='bbox 1653 818 1737 856; x_wconf 87' lang='lat' dir='ltr'><strong>rc-</strong></span> 
     </span>
    </p>
   </div>
   <div class='ocr_carea' id='block_1_8' title="bbox 156 921 439 976">
    <p class='ocr_par' dir='ltr' id='par_1_8' title="bbox 156 921 439 976">
     <span class='ocr_line' id='line_1_8' title="bbox 156 921 439 976; baseline -0.004 -16"><span class='ocrx_word' id='word_1_44' title='bbox 156 921 439 976; x_wconf 76' lang='lat' dir='ltr'><strong>sponsum.</strong></span> 
     </span>
    </p>
   </div>
   <div class='ocr_carea' id='block_1_9' title="bbox 219 991 1737 1070">
    <p class='ocr_par' dir='ltr' id='par_1_9' title="bbox 219 991 1737 1070">
     <span class='ocr_line' id='line_1_9' title="bbox 219 991 1737 1070; baseline -0.007 -16"><span class='ocrx_word' id='word_1_45' title='bbox 219 1001 309 1054; x_wconf 73' lang='lat'><strong>20.</strong></span> <span class='ocrx_word' id='word_1_46' title='bbox 340 999 523 1070; x_wconf 79' lang='lat' dir='ltr'><strong>Epist.</strong></span> <span class='ocrx_word' id='word_1_47' title='bbox 570 1015 724 1068; x_wconf 76' lang='lat' dir='ltr'><strong>papre</strong></span> <span class='ocrx_word' id='word_1_48' title='bbox 750 997 1024 1052; x_wconf 73' lang='lat' dir='ltr'><strong>Anastasii</strong></span> <span class='ocrx_word' id='word_1_49' title='bbox 1050 995 1120 1047; x_wconf 84' lang='lat' dir='ltr'><strong>ad</strong></span> <span class='ocrx_word' id='word_1_50' title='bbox 1151 993 1407 1048; x_wconf 81' lang='lat' dir='ltr'><strong>Joannem</strong></span> <span class='ocrx_word' id='word_1_51' title='bbox 1432 991 1639 1046; x_wconf 75' lang='lat' dir='ltr'><strong>Ilieros.</strong></span> <span class='ocrx_word' id='word_1_52' title='bbox 1673 992 1737 1043; x_wconf 87' lang='lat' dir='ltr'><strong>de</strong></span> 
     </span>
    </p>
   </div>
   <div class='ocr_carea' id='block_1_10' title="bbox 159 1085 1738 1163">
    <p class='ocr_par' dir='ltr' id='par_1_10' title="bbox 159 1085 1738 1163">
     <span class='ocr_line' id='line_1_10' title="bbox 159 1085 1738 1163; baseline -0.005 -17"><span class='ocrx_word' id='word_1_53' title='bbox 159 1093 364 1162; x_wconf 75' lang='lat' dir='ltr'><strong>Ruﬁno.</strong></span> <span class='ocrx_word' id='word_1_54' title='bbox 391 1124 458 1134; x_wconf 93' lang='lat'>—</span> <span class='ocrx_word' id='word_1_55' title='bbox 494 1093 555 1147; x_wconf 82' lang='lat' dir='ltr'><strong>in</strong></span> <span class='ocrx_word' id='word_1_56' title='bbox 599 1092 826 1163; x_wconf 85' lang='lat' dir='ltr'><strong>epistola</strong></span> <span class='ocrx_word' id='word_1_57' title='bbox 860 1091 1034 1145; x_wconf 81' lang='lat' dir='ltr'><strong>sancti</strong></span> <span class='ocrx_word' id='word_1_58' title='bbox 1071 1104 1219 1158; x_wconf 58' lang='lat' dir='ltr'><strong>papae</strong></span> <span class='ocrx_word' id='word_1_59' title='bbox 1254 1087 1526 1141; x_wconf 79' lang='lat' dir='ltr'><strong>Anastasii</strong></span> <span class='ocrx_word' id='word_1_60' title='bbox 1571 1085 1738 1139; x_wconf 88' lang='lat' dir='ltr'><strong>lubri-</strong></span> 
     </span>
    </p>
   </div>
   <div class='ocr_carea' id='block_1_11' title="bbox 158 1182 1732 1255">
    <p class='ocr_par' dir='ltr' id='par_1_11' title="bbox 158 1182 1732 1255">
     <span class='ocr_line' id='line_1_11' title="bbox 158 1182 1732 1255; baseline -0.004 -17"><span class='ocrx_word' id='word_1_61' title='bbox 158 1206 252 1242; x_wconf 73' lang='lat' dir='ltr'><strong>cus</strong></span> <span class='ocrx_word' id='word_1_62' title='bbox 292 1189 602 1254; x_wconf 74' lang='lat' dir='ltr'><strong>exstitisti;</strong></span> <span class='ocrx_word' id='word_1_63' title='bbox 635 1198 687 1242; x_wconf 91' lang='lat' dir='ltr'><strong>et</strong></span> <span class='ocrx_word' id='word_1_64' title='bbox 747 1189 1018 1247; x_wconf 84' lang='lat' dir='ltr'><strong>turbatus.</strong></span> <span class='ocrx_word' id='word_1_65' title='bbox 1058 1189 1108 1239; x_wconf 88' lang='lat' dir='ltr'><strong>in</strong></span> <span class='ocrx_word' id='word_1_66' title='bbox 1149 1200 1257 1255; x_wconf 86' lang='lat' dir='ltr'><strong>quo</strong></span> <span class='ocrx_word' id='word_1_67' title='bbox 1321 1185 1452 1251; x_wconf 80' lang='lat' dir='ltr'><strong>figas</strong></span> <span class='ocrx_word' id='word_1_68' title='bbox 1504 1182 1732 1252; x_wconf 81' lang='lat' dir='ltr'><strong>gradum</strong></span> 
     </span>
    </p>
   </div>
   <div class='ocr_carea' id='block_1_12' title="bbox 163 1274 1738 1348">
    <p class='ocr_par' dir='ltr' id='par_1_12' title="bbox 163 1274 1738 1348">
     <span class='ocr_line' id='line_1_12' title="bbox 163 1274 1738 1348; baseline -0.005 -14"><span class='ocrx_word' id='word_1_69' title='bbox 163 1297 262 1334; x_wconf 88' lang='lat' dir='ltr'><strong>non</strong></span> <span class='ocrx_word' id='word_1_70' title='bbox 293 1282 531 1348; x_wconf 76' lang='lat' dir='ltr'><strong>reperis.</strong></span> <span class='ocrx_word' id='word_1_71' title='bbox 569 1280 727 1335; x_wconf 75' lang='lat' dir='ltr'><strong>Modo</strong></span> <span class='ocrx_word' id='word_1_72' title='bbox 757 1280 901 1334; x_wconf 86' lang='lat' dir='ltr'><strong>enim</strong></span> <span class='ocrx_word' id='word_1_73' title='bbox 935 1278 1073 1333; x_wconf 77' lang='lat' dir='ltr'><strong>dicis</strong></span> <span class='ocrx_word' id='word_1_74' title='bbox 1104 1297 1130 1329; x_wconf 90' lang='lat' dir='ltr'><strong>a</strong></span> <span class='ocrx_word' id='word_1_75' title='bbox 1168 1295 1253 1329; x_wconf 86' lang='lat' dir='ltr'><strong>me</strong></span> <span class='ocrx_word' id='word_1_76' title='bbox 1303 1292 1426 1330; x_wconf 84' lang='lat' dir='ltr'><strong>esse</strong></span> <span class='ocrx_word' id='word_1_77' title='bbox 1459 1274 1738 1342; x_wconf 86' lang='lat' dir='ltr'><strong>composi-</strong></span> 
     </span>
    </p>
   </div>
   <div class='ocr_carea' id='block_1_13' title="bbox 161 1368 1734 1436">
    <p class='ocr_par' dir='ltr' id='par_1_13' title="bbox 161 1368 1734 1436">
     <span class='ocr_line' id='line_1_13' title="bbox 161 1368 1734 1436; baseline -0.003 -10"><span class='ocrx_word' id='word_1_78' title='bbox 161 1387 286 1436; x_wconf 80' lang='lat' dir='ltr'><strong>tam,</strong></span> <span class='ocrx_word' id='word_1_79' title='bbox 321 1390 474 1427; x_wconf 89' lang='lat' dir='ltr'><strong>nunc</strong></span> <span class='ocrx_word' id='word_1_80' title='bbox 505 1374 576 1427; x_wconf 87' lang='lat' dir='ltr'><strong>ab</strong></span> <span class='ocrx_word' id='word_1_81' title='bbox 625 1389 690 1427; x_wconf 89' lang='lat' dir='ltr'><strong>eo</strong></span> <span class='ocrx_word' id='word_1_82' title='bbox 725 1372 790 1424; x_wconf 84' lang='lat' dir='ltr'><strong>ad</strong></span> <span class='ocrx_word' id='word_1_83' title='bbox 845 1386 895 1426; x_wconf 83' lang='lat' dir='ltr'><strong>tc.</strong></span> <span class='ocrx_word' id='word_1_84' title='bbox 958 1371 1213 1425; x_wconf 75' lang='lat' dir='ltr'><strong>debuisse</strong></span> <span class='ocrx_word' id='word_1_85' title='bbox 1277 1368 1598 1433; x_wconf 52' lang='lat' dir='ltr'><strong>transmitti,</strong></span> <span class='ocrx_word' id='word_1_86' title='bbox 1650 1368 1734 1422; x_wconf 84' lang='lat' dir='ltr'><strong>Cui</strong></span> 
     </span>
    </p>
   </div>
   <div class='ocr_carea' id='block_1_14' title="bbox 161 1462 1734 1534">
    <p class='ocr_par' dir='ltr' id='par_1_14' title="bbox 161 1462 1734 1534">
     <span class='ocr_line' id='line_1_14' title="bbox 161 1462 1734 1534; baseline -0.003 -15"><span class='ocrx_word' id='word_1_87' title='bbox 161 1469 321 1523; x_wconf 84' lang='lat' dir='ltr'><strong>missa</strong></span> <span class='ocrx_word' id='word_1_88' title='bbox 359 1479 467 1521; x_wconf 86' lang='lat' dir='ltr'><strong>est.</strong></span> <span class='ocrx_word' id='word_1_89' title='bbox 531 1466 771 1520; x_wconf 79' lang='lat' dir='ltr'><strong>Rursum</strong></span> <span class='ocrx_word' id='word_1_90' title='bbox 827 1465 1144 1534; x_wconf 84' lang='lat' dir='ltr'><strong>injustitiam</strong></span> <span class='ocrx_word' id='word_1_91' title='bbox 1183 1463 1472 1516; x_wconf 73' lang='lat' dir='ltr'><strong>scribentis</strong></span> <span class='ocrx_word' id='word_1_92' title='bbox 1507 1462 1688 1530; x_wconf 77' lang='lat' dir='ltr'><strong>arguis</strong></span> <span class='ocrx_word' id='word_1_93' title='bbox 1720 1478 1734 1525; x_wconf 89' lang='lat'><strong>;</strong></span> 
     </span>
    </p>
   </div>
   <div class='ocr_carea' id='block_1_15' title="bbox 158 1556 1739 1628">
    <p class='ocr_par' dir='ltr' id='par_1_15' title="bbox 158 1556 1739 1628">
     <span class='ocr_line' id='line_1_15' title="bbox 158 1556 1739 1628; baseline -0.003 -14"><span class='ocrx_word' id='word_1_94' title='bbox 158 1562 318 1614; x_wconf 76' lang='lat' dir='ltr'><strong>etiam</strong></span> <span class='ocrx_word' id='word_1_95' title='bbox 351 1563 397 1617; x_wconf 91' lang='lat' dir='ltr'><strong>si</strong></span> <span class='ocrx_word' id='word_1_96' title='bbox 428 1562 639 1628; x_wconf 88' lang='lat' dir='ltr'><strong>scripta</strong></span> <span class='ocrx_word' id='word_1_97' title='bbox 668 1562 741 1613; x_wconf 81' lang='lat' dir='ltr'><strong>sit</strong></span> <span class='ocrx_word' id='word_1_98' title='bbox 773 1561 838 1613; x_wconf 83' lang='lat' dir='ltr'><strong>ab</strong></span> <span class='ocrx_word' id='word_1_99' title='bbox 865 1560 980 1620; x_wconf 91' lang='lat' dir='ltr'><strong>illo,</strong></span> <span class='ocrx_word' id='word_1_100' title='bbox 1015 1558 1130 1611; x_wconf 84' lang='lat' dir='ltr'><strong>sive</strong></span> <span class='ocrx_word' id='word_1_101' title='bbox 1168 1573 1272 1610; x_wconf 90' lang='lat' dir='ltr'><strong>non</strong></span> <span class='ocrx_word' id='word_1_102' title='bbox 1300 1559 1530 1624; x_wconf 86' lang='lat' dir='ltr'><strong>scripta,</strong></span> <span class='ocrx_word' id='word_1_103' title='bbox 1559 1556 1624 1608; x_wconf 92' lang='lat' dir='ltr'><strong>ad</strong></span> <span class='ocrx_word' id='word_1_104' title='bbox 1687 1565 1739 1609; x_wconf 90' lang='lat' dir='ltr'><strong>te</strong></span> 
     </span>
    </p>
   </div>
   <div class='ocr_carea' id='block_1_16' title="bbox 157 1648 1736 1726">
    <p class='ocr_par' dir='ltr' id='par_1_16' title="bbox 157 1648 1736 1726">
     <span class='ocr_line' id='line_1_16' title="bbox 157 1648 1736 1726; baseline -0.003 -20"><span class='ocrx_word' id='word_1_105' title='bbox 157 1655 287 1707; x_wconf 86' lang='lat' dir='ltr'><strong>nihil</strong></span> <span class='ocrx_word' id='word_1_106' title='bbox 320 1654 606 1723; x_wconf 88' lang='lat' dir='ltr'><strong>pertinere</strong></span> <span class='ocrx_word' id='word_1_107' title='bbox 627 1653 866 1710; x_wconf 85' lang='lat' dir='ltr'><strong>testaris.</strong></span> <span class='ocrx_word' id='word_1_108' title='bbox 894 1651 985 1718; x_wconf 86' lang='lat' dir='ltr'><strong>qui</strong></span> <span class='ocrx_word' id='word_1_109' title='bbox 1006 1650 1356 1719; x_wconf 77' lang='lat' dir='ltr'><strong>prrecessoris</strong></span> <span class='ocrx_word' id='word_1_110' title='bbox 1381 1648 1500 1726; x_wconf 79' lang='lat' dir='ltr'><strong>ejus</strong></span> <span class='ocrx_word' id='word_1_111' title='bbox 1527 1648 1736 1702; x_wconf 85' lang='lat' dir='ltr'><strong>habeas</strong></span> 
     </span>
    </p>
   </div>
   <div class='ocr_carea' id='block_1_17' title="bbox 156 1745 1740 1816">
    <p class='ocr_par' dir='ltr' id='par_1_17' title="bbox 156 1745 1740 1816">
     <span class='ocr_line' id='line_1_17' title="bbox 156 1745 1740 1816; baseline -0.003 -15"><span class='ocrx_word' id='word_1_112' title='bbox 156 1748 562 1810; x_wconf 69' lang='lat' dir='ltr'><strong>testimonium“,</strong></span> <span class='ocrx_word' id='word_1_113' title='bbox 586 1758 640 1800; x_wconf 91' lang='lat' dir='ltr'><strong>et</strong></span> <span class='ocrx_word' id='word_1_114' title='bbox 662 1753 940 1816; x_wconf 74' lang='lat' dir='ltr'><strong>rogantem</strong></span> <span class='ocrx_word' id='word_1_115' title='bbox 971 1747 1220 1807; x_wconf 77' lang='lat' dir='ltr'><strong>Ruinam,</strong></span> <span class='ocrx_word' id='word_1_116' title='bbox 1251 1754 1306 1796; x_wconf 93' lang='grc' dir='ltr'><strong>ιιι</strong></span> <span class='ocrx_word' id='word_1_117' title='bbox 1339 1759 1457 1797; x_wconf 90' lang='lat' dir='ltr'><strong>eam</strong></span> <span class='ocrx_word' id='word_1_118' title='bbox 1499 1745 1740 1796; x_wconf 86' lang='lat' dir='ltr'><strong>illustra-</strong></span> 
     </span>
    </p>
   </div>
   <div class='ocr_carea' id='block_1_18' title="bbox 158 1838 1738 1911">
    <p class='ocr_par' dir='ltr' id='par_1_18' title="bbox 158 1838 1738 1911">
     <span class='ocr_line' id='line_1_18' title="bbox 158 1838 1738 1911; baseline -0.001 -21"><span class='ocrx_word' id='word_1_119' title='bbox 158 1857 239 1895; x_wconf 82' lang='lat' dir='ltr'><strong>tes</strong></span> <span class='ocrx_word' id='word_1_120' title='bbox 268 1841 572 1911; x_wconf 64' lang='lat' dir='ltr'><strong>prtesentia</strong></span> <span class='ocrx_word' id='word_1_121' title='bbox 606 1851 719 1902; x_wconf 90' lang='lat' dir='ltr'><strong>tua,</strong></span> <span class='ocrx_word' id='word_1_122' title='bbox 759 1838 1004 1906; x_wconf 88' lang='lat' dir='ltr'><strong>oppiduli</strong></span> <span class='ocrx_word' id='word_1_123' title='bbox 1036 1840 1110 1891; x_wconf 90' lang='lat' dir='ltr'><strong>ttti</strong></span> <span class='ocrx_word' id='word_1_124' title='bbox 1167 1852 1354 1891; x_wconf 87' lang='lat' dir='ltr'><strong>amore</strong></span> <span class='ocrx_word' id='word_1_125' title='bbox 1394 1847 1738 1904; x_wconf 82' lang='lat' dir='ltr'><strong>contempse-</strong></span> 
     </span>
    </p>
   </div>
   <div class='ocr_carea' id='block_1_19' title="bbox 157 1930 1734 1998">
    <p class='ocr_par' dir='ltr' id='par_1_19' title="bbox 157 1930 1734 1998">
     <span class='ocr_line' id='line_1_19' title="bbox 157 1930 1734 1998; baseline -0.003 -13"><span class='ocrx_word' id='word_1_126' title='bbox 157 1934 257 1987; x_wconf 81' lang='lat' dir='ltr'><strong>ris.</strong></span> <span class='ocrx_word' id='word_1_127' title='bbox 296 1933 352 1986; x_wconf 88' lang='lat' dir='ltr'><strong>Si</strong></span> <span class='ocrx_word' id='word_1_128' title='bbox 391 1949 420 1984; x_wconf 89' lang='lat' dir='ltr'><strong>a</strong></span> <span class='ocrx_word' id='word_1_129' title='bbox 451 1946 538 1985; x_wconf 81' lang='lat' dir='ltr'><strong>me</strong></span> <span class='ocrx_word' id='word_1_130' title='bbox 573 1933 750 1984; x_wconf 83' lang='lat' dir='ltr'><strong>fictam</strong></span> <span class='ocrx_word' id='word_1_131' title='bbox 782 1930 1066 1998; x_wconf 83' lang='lat' dir='ltr'><strong>epistolam</strong></span> <span class='ocrx_word' id='word_1_132' title='bbox 1111 1930 1434 1997; x_wconf 86' lang='lat' dir='ltr'><strong>suspicaris,</strong></span> <span class='ocrx_word' id='word_1_133' title='bbox 1472 1945 1570 1980; x_wconf 89' lang='lat' dir='ltr'><strong>cur</strong></span> <span class='ocrx_word' id='word_1_134' title='bbox 1613 1944 1734 1981; x_wconf 87' lang='lat' dir='ltr'><strong>eam</strong></span> 
     </span>
    </p>
   </div>
   <div class='ocr_carea' id='block_1_20' title="bbox 155 2019 1741 2086">
    <p class='ocr_par' dir='ltr' id='par_1_20' title="bbox 155 2019 1741 2086">
     <span class='ocr_line' id='line_1_20' title="bbox 155 2019 1741 2086; baseline -0.003 -10"><span class='ocrx_word' id='word_1_135' title='bbox 155 2027 206 2077; x_wconf 89' lang='lat' dir='ltr'><strong>in</strong></span> <span class='ocrx_word' id='word_1_136' title='bbox 257 2023 528 2077; x_wconf 67' lang='lat' dir='ltr'><strong>Romana:</strong></span> <span class='ocrx_word' id='word_1_137' title='bbox 552 2023 817 2076; x_wconf 65' lang='lat' dir='ltr'><strong>Ecclesiae</strong></span> <span class='ocrx_word' id='word_1_138' title='bbox 865 2021 1144 2074; x_wconf 87' lang='lat' dir='ltr'><strong>chartar:o</strong></span> <span class='ocrx_word' id='word_1_139' title='bbox 1203 2036 1309 2073; x_wconf 94' lang='lat' dir='ltr'><strong>non</strong></span> <span class='ocrx_word' id='word_1_140' title='bbox 1367 2019 1616 2086; x_wconf 82' lang='lat' dir='ltr'><strong>requiri?</strong></span> <span class='ocrx_word' id='word_1_141' title='bbox 1681 2029 1741 2072; x_wconf 91' lang='lat' dir='ltr'><strong>ut</strong></span> 
     </span>
    </p>
   </div>
   <div class='ocr_carea' id='block_1_21' title="bbox 153 2114 1741 2185">
    <p class='ocr_par' dir='ltr' id='par_1_21' title="bbox 153 2114 1741 2185">
     <span class='ocr_line' id='line_1_21' title="bbox 153 2114 1741 2185; baseline -0.006 -13"><span class='ocrx_word' id='word_1_142' title='bbox 153 2135 276 2172; x_wconf 88' lang='lat' dir='ltr'><strong>cum</strong></span> <span class='ocrx_word' id='word_1_143' title='bbox 343 2116 785 2185; x_wconf 83' lang='lat' dir='ltr'><strong>deprehenderis</strong></span> <span class='ocrx_word' id='word_1_144' title='bbox 842 2115 910 2166; x_wconf 89' lang='lat' dir='ltr'><strong>ab</strong></span> <span class='ocrx_word' id='word_1_145' title='bbox 941 2114 1196 2182; x_wconf 82' lang='lat' dir='ltr'><strong>episeopo</strong></span> <span class='ocrx_word' id='word_1_146' title='bbox 1238 2130 1340 2166; x_wconf 90' lang='lat' dir='ltr'><strong>non</strong></span> <span class='ocrx_word' id='word_1_147' title='bbox 1385 2116 1590 2173; x_wconf 85' lang='lat' dir='ltr'><strong>datam,</strong></span> <span class='ocrx_word' id='word_1_148' title='bbox 1627 2128 1741 2166; x_wconf 82' lang='lat' dir='ltr'><strong>ma-</strong></span> 
     </span>
    </p>
   </div>
   <div class='ocr_carea' id='block_1_22' title="bbox 155 2208 1738 2273">
    <p class='ocr_par' dir='ltr' id='par_1_22' title="bbox 155 2208 1738 2273">
     <span class='ocr_line' id='line_1_22' title="bbox 155 2208 1738 2273; baseline -0.005 -9"><span class='ocrx_word' id='word_1_149' title='bbox 155 2210 520 2264; x_wconf 78' lang='lat' dir='ltr'><strong>nifestissime</strong></span> <span class='ocrx_word' id='word_1_150' title='bbox 551 2208 802 2262; x_wconf 85' lang='lat' dir='ltr'><strong>criminis</strong></span> <span class='ocrx_word' id='word_1_151' title='bbox 833 2221 982 2258; x_wconf 89' lang='lat' dir='ltr'><strong>reum</strong></span> <span class='ocrx_word' id='word_1_152' title='bbox 1020 2216 1207 2259; x_wconf 86' lang='lat' dir='ltr'><strong>teneas</strong></span> <span class='ocrx_word' id='word_1_153' title='bbox 1241 2221 1254 2257; x_wconf 93' lang='lat'><strong>:</strong></span> <span class='ocrx_word' id='word_1_154' title='bbox 1301 2214 1351 2258; x_wconf 87' lang='lat' dir='ltr'><strong>et</strong></span> <span class='ocrx_word' id='word_1_155' title='bbox 1395 2220 1738 2273; x_wconf 85' lang='lat' dir='ltr'><strong>nequaquam</strong></span> 
     </span>
    </p>
   </div>
   <div class='ocr_carea' id='block_1_23' title="bbox 157 2296 1743 2367">
    <p class='ocr_par' dir='ltr' id='par_1_23' title="bbox 157 2296 1743 2367">
     <span class='ocr_line' id='line_1_23' title="bbox 157 2296 1743 2367; baseline -0.006 -9"><span class='ocrx_word' id='word_1_156' title='bbox 157 2318 491 2358; x_wconf 86' lang='lat' dir='ltr'><strong>aranearum</strong></span> <span class='ocrx_word' id='word_1_157' title='bbox 531 2300 663 2354; x_wconf 77' lang='lat' dir='ltr'><strong>mihi</strong></span> <span class='ocrx_word' id='word_1_158' title='bbox 689 2314 933 2367; x_wconf 86' lang='lat' dir='ltr'><strong>opponas</strong></span> <span class='ocrx_word' id='word_1_159' title='bbox 967 2297 1286 2361; x_wconf 78' lang='lat' dir='ltr'><strong>cassicolos,</strong></span> <span class='ocrx_word' id='word_1_160' title='bbox 1323 2297 1413 2351; x_wconf 81' lang='lat' dir='ltr'><strong>sed</strong></span> <span class='ocrx_word' id='word_1_161' title='bbox 1446 2296 1743 2350; x_wconf 87' lang='lat' dir='ltr'><strong>fortissimo</strong></span> 
     </span>
    </p>
   </div>
   <div class='ocr_carea' id='block_1_24' title="bbox 157 2388 1744 2459">
    <p class='ocr_par' dir='ltr' id='par_1_24' title="bbox 157 2388 1744 2459">
     <span class='ocr_line' id='line_1_24' title="bbox 157 2388 1744 2459; baseline -0.008 -9"><span class='ocrx_word' id='word_1_162' title='bbox 157 2411 241 2451; x_wconf 80' lang='lat' dir='ltr'><strong>me</strong></span> <span class='ocrx_word' id='word_1_163' title='bbox 283 2408 338 2449; x_wconf 87' lang='lat' dir='ltr'><strong>et</strong></span> <span class='ocrx_word' id='word_1_164' title='bbox 371 2393 714 2448; x_wconf 75' lang='lat' dir='ltr'><strong>solidissima</strong></span> <span class='ocrx_word' id='word_1_165' title='bbox 745 2391 1088 2459; x_wconf 68' lang='lat' dir='ltr'><strong>eonstringas</strong></span> <span class='ocrx_word' id='word_1_166' title='bbox 1116 2390 1242 2444; x_wconf 82' lang='lat' dir='ltr'><strong>reti.</strong></span> <span class='ocrx_word' id='word_1_167' title='bbox 1276 2388 1330 2442; x_wconf 91' lang='lat' dir='ltr'><strong>Si</strong></span> <span class='ocrx_word' id='word_1_168' title='bbox 1397 2400 1578 2444; x_wconf 89' lang='lat' dir='ltr'><strong>autem</strong></span> <span class='ocrx_word' id='word_1_169' title='bbox 1641 2389 1744 2442; x_wconf 79' lang='lat' dir='ltr'><strong>Ro-</strong></span> 
     </span>
    </p>
   </div>
   <div class='ocr_carea' id='block_1_25' title="bbox 157 2483 1743 2553">
    <p class='ocr_par' dir='ltr' id='par_1_25' title="bbox 157 2483 1743 2553">
     <span class='ocr_line' id='line_1_25' title="bbox 157 2483 1743 2553; baseline -0.005 -11"><span class='ocrx_word' id='word_1_170' title='bbox 157 2489 306 2542; x_wconf 85' lang='lat' dir='ltr'><strong>mani</strong></span> <span class='ocrx_word' id='word_1_171' title='bbox 340 2489 590 2553; x_wconf 83' lang='lat' dir='ltr'><strong>epi5c0pi</strong></span> <span class='ocrx_word' id='word_1_172' title='bbox 627 2497 733 2548; x_wconf 76' lang='lat' dir='ltr'><strong>est,</strong></span> <span class='ocrx_word' id='word_1_173' title='bbox 791 2483 956 2537; x_wconf 88' lang='lat' dir='ltr'><strong>stulte</strong></span> <span class='ocrx_word' id='word_1_174' title='bbox 1016 2483 1152 2536; x_wconf 88' lang='lat' dir='ltr'><strong>facis</strong></span> <span class='ocrx_word' id='word_1_175' title='bbox 1221 2484 1288 2534; x_wconf 87' lang='lat' dir='ltr'><strong>ab</strong></span> <span class='ocrx_word' id='word_1_176' title='bbox 1343 2499 1408 2535; x_wconf 86' lang='lat' dir='ltr'><strong>eo</strong></span> <span class='ocrx_word' id='word_1_177' title='bbox 1465 2483 1743 2549; x_wconf 76' lang='lat' dir='ltr'><strong>exemplar</strong></span> 
     </span>
    </p>
   </div>
   <div class='ocr_carea' id='block_1_26' title="bbox 155 2577 1744 2651">
    <p class='ocr_par' dir='ltr' id='par_1_26' title="bbox 155 2577 1744 2651">
     <span class='ocr_line' id='line_1_26' title="bbox 155 2577 1744 2651; baseline -0.003 -18"><span class='ocrx_word' id='word_1_178' title='bbox 155 2582 406 2651; x_wconf 78' lang='lat' dir='ltr'><strong>epistoLe</strong></span> <span class='ocrx_word' id='word_1_179' title='bbox 439 2592 648 2647; x_wconf 83' lang='lat' dir='ltr'><strong>petere,</strong></span> <span class='ocrx_word' id='word_1_180' title='bbox 692 2577 775 2630; x_wconf 75' lang='lat' dir='ltr'><strong>cui</strong></span> <span class='ocrx_word' id='word_1_181' title='bbox 803 2578 965 2630; x_wconf 90' lang='lat' dir='ltr'><strong>missa</strong></span> <span class='ocrx_word' id='word_1_182' title='bbox 1000 2591 1104 2629; x_wconf 86' lang='lat' dir='ltr'><strong>non</strong></span> <span class='ocrx_word' id='word_1_183' title='bbox 1141 2586 1223 2629; x_wconf 82' lang='lat' dir='ltr'><strong>est</strong></span> <span class='ocrx_word' id='word_1_184' title='bbox 1261 2577 1298 2641; x_wconf 74' lang='grc' dir='ltr'><strong>ί,</strong></span> <span class='ocrx_word' id='word_1_185' title='bbox 1341 2589 1393 2630; x_wconf 90' lang='lat' dir='ltr'><strong>et</strong></span> <span class='ocrx_word' id='word_1_186' title='bbox 1431 2591 1537 2628; x_wconf 90' lang='lat' dir='ltr'><strong>non</strong></span> <span class='ocrx_word' id='word_1_187' title='bbox 1562 2577 1628 2628; x_wconf 92' lang='lat' dir='ltr'><strong>ab</strong></span> <span class='ocrx_word' id='word_1_188' title='bbox 1652 2577 1744 2628; x_wconf 88' lang='lat' dir='ltr'><strong>illo</strong></span> 
     </span>
    </p>
   </div>
   <div class='ocr_carea' id='block_1_27' title="bbox 159 2672 1741 2742">
    <p class='ocr_par' dir='ltr' id='par_1_27' title="bbox 159 2672 1741 2742">
     <span class='ocr_line' id='line_1_27' title="bbox 159 2672 1741 2742; baseline -0.005 -15"><span class='ocrx_word' id='word_1_189' title='bbox 159 2675 249 2742; x_wconf 83' lang='lat' dir='ltr'><strong>qui</strong></span> <span class='ocrx_word' id='word_1_190' title='bbox 295 2676 536 2737; x_wconf 65' lang='lat' dir='ltr'><strong>miserit,</strong></span> <span class='ocrx_word' id='word_1_191' title='bbox 575 2674 641 2726; x_wconf 88' lang='lat' dir='ltr'><strong>de</strong></span> <span class='ocrx_word' id='word_1_192' title='bbox 693 2672 915 2724; x_wconf 83' lang='lat' dir='ltr'><strong>Oriente</strong></span> <span class='ocrx_word' id='word_1_193' title='bbox 963 2681 1281 2739; x_wconf 73' lang='lat' dir='ltr'><strong>exspectare</strong></span> <span class='ocrx_word' id='word_1_194' title='bbox 1332 2672 1741 2736; x_wconf 84' lang='lat' dir='ltr'><strong>testimonium;</strong></span> 
     </span>
    </p>
   </div>
   <div class='ocr_carea' id='block_1_28' title="bbox 158 2763 1744 2832">
    <p class='ocr_par' dir='ltr' id='par_1_28' title="bbox 158 2763 1744 2832">
     <span class='ocr_line' id='line_1_28' title="bbox 158 2763 1744 2832; baseline 0 -16"><span class='ocrx_word' id='word_1_195' title='bbox 158 2766 319 2832; x_wconf 82' lang='lat' dir='ltr'><strong>cujus</strong></span> <span class='ocrx_word' id='word_1_196' title='bbox 361 2779 647 2818; x_wconf 84' lang='lat' dir='ltr'><strong>auctorem</strong></span> <span class='ocrx_word' id='word_1_197' title='bbox 676 2777 727 2815; x_wconf 89' lang='lat' dir='ltr'><strong>et</strong></span> <span class='ocrx_word' id='word_1_198' title='bbox 753 2769 947 2815; x_wconf 73' lang='lat' dir='ltr'><strong>testem</strong></span> <span class='ocrx_word' id='word_1_199' title='bbox 1005 2764 1209 2817; x_wconf 74' lang='lat' dir='ltr'><strong>habeas</strong></span> <span class='ocrx_word' id='word_1_200' title='bbox 1260 2763 1310 2815; x_wconf 94' lang='lat' dir='ltr'><strong>in</strong></span> <span class='ocrx_word' id='word_1_201' title='bbox 1345 2765 1542 2816; x_wconf 85' lang='lat' dir='ltr'><strong>vicino.</strong></span> <span class='ocrx_word' id='word_1_202' title='bbox 1600 2763 1744 2816; x_wconf 84' lang='lat' dir='ltr'><strong>Vade</strong></span> 
     </span>
    </p>
   </div>
   <div class='ocr_carea' id='block_1_29' title="bbox 160 2857 1743 2930">
    <p class='ocr_par' dir='ltr' id='par_1_29' title="bbox 160 2857 1743 2930">
     <span class='ocr_line' id='line_1_29' title="bbox 160 2857 1743 2930; baseline -0.003 -19"><span class='ocrx_word' id='word_1_203' title='bbox 160 2863 344 2927; x_wconf 84' lang='lat' dir='ltr'><strong>potius</strong></span> <span class='ocrx_word' id='word_1_204' title='bbox 380 2859 640 2924; x_wconf 72' lang='lat' dir='ltr'><strong>Romam,</strong></span> <span class='ocrx_word' id='word_1_205' title='bbox 668 2871 721 2914; x_wconf 88' lang='lat' dir='ltr'><strong>et</strong></span> <span class='ocrx_word' id='word_1_206' title='bbox 753 2877 990 2930; x_wconf 72' lang='lat' dir='ltr'><strong>pnesetts</strong></span> <span class='ocrx_word' id='word_1_207' title='bbox 1063 2859 1205 2927; x_wconf 83' lang='lat' dir='ltr'><strong>apud</strong></span> <span class='ocrx_word' id='word_1_208' title='bbox 1263 2874 1385 2910; x_wconf 86' lang='lat' dir='ltr'><strong>cum</strong></span> <span class='ocrx_word' id='word_1_209' title='bbox 1438 2857 1743 2925; x_wconf 62' lang='lat' dir='ltr'><strong>expostulo,</strong></span> 
     </span>
    </p>
   </div>
   <div class='ocr_carea' id='block_1_30' title="bbox 159 2948 1743 3005">
    <p class='ocr_par' dir='ltr' id='par_1_30' title="bbox 159 2948 1743 3005">
     <span class='ocr_line' id='line_1_30' title="bbox 159 2948 1743 3005; baseline -0.003 -1"><span class='ocrx_word' id='word_1_210' title='bbox 159 2968 256 3005; x_wconf 89' lang='lat' dir='ltr'><strong>cur</strong></span> <span class='ocrx_word' id='word_1_211' title='bbox 294 2953 392 3004; x_wconf 86' lang='lat' dir='ltr'><strong>tibi</strong></span> <span class='ocrx_word' id='word_1_212' title='bbox 441 2962 497 3004; x_wconf 89' lang='lat' dir='ltr'><strong>ct</strong></span> <span class='ocrx_word' id='word_1_213' title='bbox 529 2953 744 3004; x_wconf 81' lang='lat' dir='ltr'><strong>absenti</strong></span> <span class='ocrx_word' id='word_1_214' title='bbox 779 2960 832 3003; x_wconf 88' lang='lat' dir='ltr'><strong>et</strong></span> <span class='ocrx_word' id='word_1_215' title='bbox 870 2953 1144 3004; x_wconf 87' lang='lat' dir='ltr'><strong>innocenti</strong></span> <span class='ocrx_word' id='word_1_216' title='bbox 1207 2948 1396 3002; x_wconf 85' lang='lat' dir='ltr'><strong>fecerit</strong></span> <span class='ocrx_word' id='word_1_217' title='bbox 1455 2958 1743 3001; x_wconf 88' lang='lat' dir='ltr'><strong>contume-</strong></span> 
     </span>
    </p>
   </div>
   <div class='ocr_carea' id='block_1_31' title="bbox 158 3040 1742 3112">
    <p class='ocr_par' dir='ltr' id='par_1_31' title="bbox 158 3040 1742 3112">
     <span class='ocr_line' id='line_1_31' title="bbox 158 3040 1742 3112; baseline -0.003 -15"><span class='ocrx_word' id='word_1_218' title='bbox 158 3045 314 3098; x_wconf 87' lang='lat' dir='ltr'><strong>liam.</strong></span> <span class='ocrx_word' id='word_1_219' title='bbox 349 3044 622 3109; x_wconf 84' lang='lat' dir='ltr'><strong>Primunt,</strong></span> <span class='ocrx_word' id='word_1_220' title='bbox 657 3040 715 3097; x_wconf 76' lang='lat' dir='ltr'><strong>iit</strong></span> <span class='ocrx_word' id='word_1_221' title='bbox 739 3060 843 3096; x_wconf 90' lang='lat' dir='ltr'><strong>non</strong></span> <span class='ocrx_word' id='word_1_222' title='bbox 880 3045 1140 3112; x_wconf 82' lang='lat' dir='ltr'><strong>reciperet</strong></span> <span class='ocrx_word' id='word_1_223' title='bbox 1178 3041 1572 3110; x_wconf 69' lang='lat' dir='ltr'><strong>expositionem</strong></span> <span class='ocrx_word' id='word_1_224' title='bbox 1619 3040 1742 3093; x_wconf 77' lang='lat' dir='ltr'><strong>fidei</strong></span> 
     </span>
    </p>
   </div>
   <div class='ocr_carea' id='block_1_32' title="bbox 158 3133 1740 3206">
    <p class='ocr_par' dir='ltr' id='par_1_32' title="bbox 158 3133 1740 3206">
     <span class='ocr_line' id='line_1_32' title="bbox 158 3133 1740 3206; baseline -0.004 -16"><span class='ocrx_word' id='word_1_225' title='bbox 158 3152 284 3201; x_wconf 61' lang='lat' dir='ltr'><strong>tum,</strong></span> <span class='ocrx_word' id='word_1_226' title='bbox 313 3153 485 3206; x_wconf 87' lang='lat' dir='ltr'><strong>quam</strong></span> <span class='ocrx_word' id='word_1_227' title='bbox 518 3138 724 3198; x_wconf 82' lang='lat' dir='ltr'><strong>Omnis,</strong></span> <span class='ocrx_word' id='word_1_228' title='bbox 771 3145 830 3189; x_wconf 85' lang='grc' dir='ltr'><strong>ιιι</strong></span> <span class='ocrx_word' id='word_1_229' title='bbox 862 3136 1078 3196; x_wconf 87' lang='lat' dir='ltr'><strong>scribis,</strong></span> <span class='ocrx_word' id='word_1_230' title='bbox 1136 3135 1288 3188; x_wconf 83' lang='lat' dir='ltr'><strong>italia</strong></span> <span class='ocrx_word' id='word_1_231' title='bbox 1347 3133 1740 3202; x_wconf 74' lang='lat' dir='ltr'><strong>comprobavit,</strong></span> 
     </span>
    </p>
   </div>
   <div class='ocr_carea' id='block_1_33' title="bbox 1844 618 3415 690">
    <p class='ocr_par' dir='ltr' id='par_1_33' title="bbox 1844 618 3415 690">
     <span class='ocr_line' id='line_1_33' title="bbox 1844 618 3415 690; baseline -0.003 -14"><span class='ocrx_word' id='word_1_232' title='bbox 1844 627 1978 676; x_wconf 88' lang='lat' dir='ltr'><strong>tium</strong></span> <span class='ocrx_word' id='word_1_233' title='bbox 2014 621 2256 690; x_wconf 88' lang='lat' dir='ltr'><strong>percussi</strong></span> <span class='ocrx_word' id='word_1_234' title='bbox 2293 627 2375 674; x_wconf 86' lang='lat' dir='ltr'><strong>est</strong></span> <span class='ocrx_word' id='word_1_235' title='bbox 2433 621 2668 675; x_wconf 84' lang='lat' dir='ltr'><strong>amicum</strong></span> <span class='ocrx_word' id='word_1_236' title='bbox 2701 635 2889 674; x_wconf 85' lang='lat' dir='ltr'><strong>secum</strong></span> <span class='ocrx_word' id='word_1_237' title='bbox 2932 619 3113 673; x_wconf 86' lang='lat' dir='ltr'><strong>videre</strong></span> <span class='ocrx_word' id='word_1_238' title='bbox 3173 618 3415 672; x_wconf 87' lang='lat' dir='ltr'><strong>morien-</strong></span> 
     </span>
    </p>
   </div>
   <div class='ocr_carea' id='block_1_34' title="bbox 1842 714 1993 771">
    <p class='ocr_par' dir='ltr' id='par_1_34' title="bbox 1842 714 1993 771">
     <span class='ocr_line' id='line_1_34' title="bbox 1842 714 1993 771; baseline -0.033 0"><span class='ocrx_word' id='word_1_239' title='bbox 1842 714 1993 771; x_wconf 88' lang='lat' dir='ltr'><strong>tem?</strong></span> 
     </span>
    </p>
   </div>
   <div class='ocr_carea' id='block_1_35' title="bbox 1911 805 3414 876">
    <p class='ocr_par' dir='ltr' id='par_1_35' title="bbox 1911 805 3414 876">
     <span class='ocr_line' id='line_1_35' title="bbox 1911 805 3414 876; baseline -0.002 -13"><span class='ocrx_word' id='word_1_240' title='bbox 1911 808 2000 863; x_wconf 73' lang='lat'><strong>2|.</strong></span> <span class='ocrx_word' id='word_1_241' title='bbox 2035 807 2215 863; x_wconf 91' lang='lat' dir='ltr'><strong>Siricii</strong></span> <span class='ocrx_word' id='word_1_242' title='bbox 2270 806 2379 876; x_wconf 84' lang='lat' dir='ltr'><strong>jam</strong></span> <span class='ocrx_word' id='word_1_243' title='bbox 2422 806 2474 859; x_wconf 87' lang='lat' dir='ltr'><strong>in</strong></span> <span class='ocrx_word' id='word_1_244' title='bbox 2539 808 2764 862; x_wconf 77' lang='lat' dir='ltr'><strong>Domino</strong></span> <span class='ocrx_word' id='word_1_245' title='bbox 2819 806 3142 860; x_wconf 87' lang='lat' dir='ltr'><strong>dormientis</strong></span> <span class='ocrx_word' id='word_1_246' title='bbox 3201 805 3414 875; x_wconf 77' lang='lat' dir='ltr'><strong>profats</strong></span> 
     </span>
    </p>
   </div>
   <div class='ocr_carea' id='block_1_36' title="bbox 1841 898 3407 972">
    <p class='ocr_par' dir='ltr' id='par_1_36' title="bbox 1841 898 3407 972">
     <span class='ocr_line' id='line_1_36' title="bbox 1841 898 3407 972; baseline -0.007 -13"><span class='ocrx_word' id='word_1_247' title='bbox 1841 903 2155 972; x_wconf 85' lang='lat' dir='ltr'><strong>epistolam,</strong></span> <span class='ocrx_word' id='word_1_248' title='bbox 2191 913 2247 956; x_wconf 87' lang='lat' dir='ltr'><strong>ct</strong></span> <span class='ocrx_word' id='word_1_249' title='bbox 2284 901 2520 954; x_wconf 70' lang='lat' dir='ltr'><strong>viventis</strong></span> <span class='ocrx_word' id='word_1_250' title='bbox 2543 899 2814 954; x_wconf 71' lang='lat' dir='ltr'><strong>Anastasii</strong></span> <span class='ocrx_word' id='word_1_251' title='bbox 2869 899 3014 954; x_wconf 88' lang='lat' dir='ltr'><strong>dicta</strong></span> <span class='ocrx_word' id='word_1_252' title='bbox 3071 898 3407 952; x_wconf 80' lang='lat' dir='ltr'><strong>contemnis.</strong></span> 
     </span>
    </p>
   </div>
   <div class='ocr_carea' id='block_1_37' title="bbox 1843 994 3415 1065">
    <p class='ocr_par' dir='ltr' id='par_1_37' title="bbox 1843 994 3415 1065">
     <span class='ocr_line' id='line_1_37' title="bbox 1843 994 3415 1065; baseline -0.001 -16"><span class='ocrx_word' id='word_1_253' title='bbox 1843 997 1983 1063; x_wconf 84' lang='lat' dir='ltr'><strong>Quid</strong></span> <span class='ocrx_word' id='word_1_254' title='bbox 2041 997 2185 1050; x_wconf 82' lang='lat' dir='ltr'><strong>cnim</strong></span> <span class='ocrx_word' id='word_1_255' title='bbox 2224 996 2427 1059; x_wconf 90' lang='lat' dir='ltr'><strong>tibi,ut</strong></span> <span class='ocrx_word' id='word_1_256' title='bbox 2459 999 2559 1061; x_wconf 83' lang='lat' dir='ltr'><strong>ais,</strong></span> <span class='ocrx_word' id='word_1_257' title='bbox 2616 994 2832 1050; x_wconf 67' lang='lat' dir='ltr'><strong>allicere</strong></span> <span class='ocrx_word' id='word_1_258' title='bbox 2898 1005 3101 1065; x_wconf 78' lang='lat' dir='ltr'><strong>potest,</strong></span> <span class='ocrx_word' id='word_1_259' title='bbox 3160 996 3302 1060; x_wconf 87' lang='lat' dir='ltr'><strong>quod</strong></span> <span class='ocrx_word' id='word_1_260' title='bbox 3362 1004 3415 1048; x_wconf 83' lang='lat' dir='ltr'><strong>te</strong></span> 
     </span>
    </p>
   </div>
   <div class='ocr_carea' id='block_1_38' title="bbox 1845 1089 3416 1162">
    <p class='ocr_par' dir='ltr' id='par_1_38' title="bbox 1845 1089 3416 1162">
     <span class='ocr_line' id='line_1_38' title="bbox 1845 1089 3416 1162; baseline -0.002 -17"><span class='ocrx_word' id='word_1_261' title='bbox 1845 1091 2156 1162; x_wconf 84' lang='lat' dir='ltr'><strong>ignorante,</strong></span> <span class='ocrx_word' id='word_1_262' title='bbox 2191 1102 2282 1144; x_wconf 89' lang='lat' dir='ltr'><strong>aut</strong></span> <span class='ocrx_word' id='word_1_263' title='bbox 2309 1094 2554 1158; x_wconf 86' lang='lat' dir='ltr'><strong>seripsit,</strong></span> <span class='ocrx_word' id='word_1_264' title='bbox 2586 1101 2677 1144; x_wconf 90' lang='lat' dir='ltr'><strong>aut</strong></span> <span class='ocrx_word' id='word_1_265' title='bbox 2716 1089 2854 1143; x_wconf 85' lang='lat' dir='ltr'><strong>forte</strong></span> <span class='ocrx_word' id='word_1_266' title='bbox 2891 1108 2994 1145; x_wconf 89' lang='lat' dir='ltr'><strong>non</strong></span> <span class='ocrx_word' id='word_1_267' title='bbox 3025 1089 3288 1160; x_wconf 77' lang='lat' dir='ltr'><strong>scripsit?</strong></span> <span class='ocrx_word' id='word_1_268' title='bbox 3350 1090 3416 1143; x_wconf 83' lang='lat' dir='ltr'><strong>Et</strong></span> 
     </span>
    </p>
   </div>
   <div class='ocr_carea' id='block_1_39' title="bbox 1843 1183 3415 1254">
    <p class='ocr_par' dir='ltr' id='par_1_39' title="bbox 1843 1183 3415 1254">
     <span class='ocr_line' id='line_1_39' title="bbox 1843 1183 3415 1254; baseline -0.003 -14"><span class='ocrx_word' id='word_1_269' title='bbox 1843 1188 1888 1240; x_wconf 91' lang='lat' dir='ltr'><strong>si</strong></span> <span class='ocrx_word' id='word_1_270' title='bbox 1920 1187 2160 1254; x_wconf 84' lang='lat' dir='ltr'><strong>scripsit,</strong></span> <span class='ocrx_word' id='word_1_271' title='bbox 2191 1185 2390 1240; x_wconf 83' lang='lat' dir='ltr'><strong>suﬂicit</strong></span> <span class='ocrx_word' id='word_1_272' title='bbox 2423 1185 2519 1239; x_wconf 90' lang='lat' dir='ltr'><strong>tibi</strong></span> <span class='ocrx_word' id='word_1_273' title='bbox 2579 1186 2746 1238; x_wconf 85' lang='lat' dir='ltr'><strong>totius</strong></span> <span class='ocrx_word' id='word_1_274' title='bbox 2791 1185 2940 1238; x_wconf 87' lang='lat' dir='ltr'><strong>orbis</strong></span> <span class='ocrx_word' id='word_1_275' title='bbox 3013 1183 3415 1248; x_wconf 85' lang='lat' dir='ltr'><strong>testimonium,</strong></span> 
     </span>
    </p>
   </div>
   <div class='ocr_carea' id='block_1_40' title="bbox 1841 1277 3422 1348">
    <p class='ocr_par' dir='ltr' id='par_1_40' title="bbox 1841 1277 3422 1348">
     <span class='ocr_line' id='line_1_40' title="bbox 1841 1277 3422 1348; baseline -0.003 -16"><span class='ocrx_word' id='word_1_276' title='bbox 1841 1279 1988 1348; x_wconf 90' lang='lat' dir='ltr'><strong>quod</strong></span> <span class='ocrx_word' id='word_1_277' title='bbox 2017 1278 2146 1332; x_wconf 87' lang='lat' dir='ltr'><strong>ttttlli</strong></span> <span class='ocrx_word' id='word_1_278' title='bbox 2192 1294 2379 1334; x_wconf 83' lang='lat' dir='ltr'><strong>verum</strong></span> <span class='ocrx_word' id='word_1_279' title='bbox 2417 1278 2655 1340; x_wconf 83' lang='lat' dir='ltr'><strong>videtur,</strong></span> <span class='ocrx_word' id='word_1_280' title='bbox 2704 1285 2762 1329; x_wconf 90' lang='lat' dir='ltr'><strong>ttt</strong></span> <span class='ocrx_word' id='word_1_281' title='bbox 2797 1286 2958 1329; x_wconf 76' lang='lat' dir='ltr'><strong>tanta:</strong></span> <span class='ocrx_word' id='word_1_282' title='bbox 3010 1277 3161 1330; x_wconf 87' lang='lat' dir='ltr'><strong>urbis</strong></span> <span class='ocrx_word' id='word_1_283' title='bbox 3231 1289 3422 1329; x_wconf 86' lang='lat' dir='ltr'><strong>sacer-</strong></span> 
     </span>
    </p>
   </div>
   <div class='ocr_carea' id='block_1_41' title="bbox 1841 1367 3418 1440">
    <p class='ocr_par' dir='ltr' id='par_1_41' title="bbox 1841 1367 3418 1440">
     <span class='ocr_line' id='line_1_41' title="bbox 1841 1367 3418 1440; baseline -0.004 -13"><span class='ocrx_word' id='word_1_284' title='bbox 1841 1374 1961 1434; x_wconf 84' lang='lat' dir='ltr'><strong>dos,</strong></span> <span class='ocrx_word' id='word_1_285' title='bbox 1999 1373 2077 1426; x_wconf 85' lang='lat' dir='ltr'><strong>vel</strong></span> <span class='ocrx_word' id='word_1_286' title='bbox 2140 1373 2418 1426; x_wconf 85' lang='lat' dir='ltr'><strong>innocenti</strong></span> <span class='ocrx_word' id='word_1_287' title='bbox 2484 1372 2738 1440; x_wconf 87' lang='lat' dir='ltr'><strong>injuriant</strong></span> <span class='ocrx_word' id='word_1_288' title='bbox 2795 1367 2974 1422; x_wconf 84' lang='lat' dir='ltr'><strong>facere</strong></span> <span class='ocrx_word' id='word_1_289' title='bbox 3025 1369 3282 1437; x_wconf 87' lang='lat' dir='ltr'><strong>potuerit,</strong></span> <span class='ocrx_word' id='word_1_290' title='bbox 3335 1368 3418 1421; x_wconf 87' lang='lat' dir='ltr'><strong>vel</strong></span> 
     </span>
    </p>
   </div>
   <div class='ocr_carea' id='block_1_42' title="bbox 1844 1463 3421 1530">
    <p class='ocr_par' dir='ltr' id='par_1_42' title="bbox 1844 1463 3421 1530">
     <span class='ocr_line' id='line_1_42' title="bbox 1844 1463 3421 1530; baseline -0.001 -14"><span class='ocrx_word' id='word_1_291' title='bbox 1844 1466 2084 1518; x_wconf 80' lang='lat' dir='ltr'><strong>absenti.</strong></span> <span class='ocrx_word' id='word_1_292' title='bbox 2111 1466 2466 1518; x_wconf 86' lang='lat' dir='ltr'><strong>lnnocentem</strong></span> <span class='ocrx_word' id='word_1_293' title='bbox 2509 1477 2559 1516; x_wconf 86' lang='lat' dir='ltr'><strong>te</strong></span> <span class='ocrx_word' id='word_1_294' title='bbox 2601 1464 2873 1524; x_wconf 87' lang='lat' dir='ltr'><strong>vocas,ad</strong></span> <span class='ocrx_word' id='word_1_295' title='bbox 2909 1463 3064 1530; x_wconf 81' lang='lat' dir='ltr'><strong>cujus</strong></span> <span class='ocrx_word' id='word_1_296' title='bbox 3095 1463 3421 1530; x_wconf 87' lang='lat' dir='ltr'><strong>interpreta-</strong></span> 
     </span>
    </p>
   </div>
   <div class='ocr_carea' id='block_1_43' title="bbox 1846 1556 3418 1626">
    <p class='ocr_par' dir='ltr' id='par_1_43' title="bbox 1846 1556 3418 1626">
     <span class='ocr_line' id='line_1_43' title="bbox 1846 1556 3418 1626; baseline -0.002 -16"><span class='ocrx_word' id='word_1_297' title='bbox 1846 1558 2043 1610; x_wconf 88' lang='lat' dir='ltr'><strong>tionem</strong></span> <span class='ocrx_word' id='word_1_298' title='bbox 2083 1556 2252 1609; x_wconf 81' lang='lat' dir='ltr'><strong>lloma</strong></span> <span class='ocrx_word' id='word_1_299' title='bbox 2277 1559 2650 1621; x_wconf 84' lang='lat' dir='ltr'><strong>contremuit;</strong></span> <span class='ocrx_word' id='word_1_300' title='bbox 2682 1559 2986 1617; x_wconf 86' lang='lat' dir='ltr'><strong>absentem,</strong></span> <span class='ocrx_word' id='word_1_301' title='bbox 3038 1556 3129 1626; x_wconf 86' lang='lat' dir='ltr'><strong>qui</strong></span> <span class='ocrx_word' id='word_1_302' title='bbox 3187 1571 3418 1609; x_wconf 55' lang='lat' dir='ltr'><strong>accusa.</strong></span> 
     </span>
    </p>
   </div>
   <div class='ocr_carea' id='block_1_44' title="bbox 1843 1651 3422 1720">
    <p class='ocr_par' dir='ltr' id='par_1_44' title="bbox 1843 1651 3422 1720">
     <span class='ocr_line' id='line_1_44' title="bbox 1843 1651 3422 1720; baseline 0 -16"><span class='ocrx_word' id='word_1_303' title='bbox 1843 1662 1936 1706; x_wconf 91' lang='lat' dir='ltr'><strong>tus</strong></span> <span class='ocrx_word' id='word_1_304' title='bbox 1993 1651 2322 1720; x_wconf 83' lang='lat' dir='ltr'><strong>respondere</strong></span> <span class='ocrx_word' id='word_1_305' title='bbox 2357 1668 2462 1702; x_wconf 91' lang='lat' dir='ltr'><strong>non</strong></span> <span class='ocrx_word' id='word_1_306' title='bbox 2535 1652 2724 1704; x_wconf 80' lang='lat' dir='ltr'><strong>audes.</strong></span> <span class='ocrx_word' id='word_1_307' title='bbox 2769 1652 2832 1704; x_wconf 83' lang='lat' dir='ltr'><strong>Et</strong></span> <span class='ocrx_word' id='word_1_308' title='bbox 2891 1661 3100 1706; x_wconf 87' lang='lat' dir='ltr'><strong>tantum</strong></span> <span class='ocrx_word' id='word_1_309' title='bbox 3160 1651 3422 1706; x_wconf 75' lang='lat' dir='ltr'><strong>Romana:</strong></span> 
     </span>
    </p>
   </div>
   <div class='ocr_carea' id='block_1_45' title="bbox 1845 1739 3424 1811">
    <p class='ocr_par' dir='ltr' id='par_1_45' title="bbox 1845 1739 3424 1811">
     <span class='ocr_line' id='line_1_45' title="bbox 1845 1739 3424 1811; baseline 0.001 -18"><span class='ocrx_word' id='word_1_310' title='bbox 1845 1741 1994 1795; x_wconf 86' lang='lat' dir='ltr'><strong>urbis</strong></span> <span class='ocrx_word' id='word_1_311' title='bbox 2028 1740 2293 1803; x_wconf 87' lang='lat' dir='ltr'><strong>judicium</strong></span> <span class='ocrx_word' id='word_1_312' title='bbox 2326 1739 2486 1806; x_wconf 69' lang='lat' dir='ltr'><strong>fugis,</strong></span> <span class='ocrx_word' id='word_1_313' title='bbox 2523 1753 2579 1793; x_wconf 93' lang='lat' dir='ltr'><strong>ut</strong></span> <span class='ocrx_word' id='word_1_314' title='bbox 2636 1742 2808 1811; x_wconf 77' lang='lat' dir='ltr'><strong>magis</strong></span> <span class='ocrx_word' id='word_1_315' title='bbox 2836 1742 3178 1796; x_wconf 86' lang='lat' dir='ltr'><strong>obsidionem</strong></span> <span class='ocrx_word' id='word_1_316' title='bbox 3230 1743 3424 1796; x_wconf 85' lang='lat' dir='ltr'><strong>barba-</strong></span> 
     </span>
    </p>
   </div>
   <div class='ocr_carea' id='block_1_46' title="bbox 1849 1834 3422 1902">
    <p class='ocr_par' dir='ltr' id='par_1_46' title="bbox 1849 1834 3422 1902">
     <span class='ocr_line' id='line_1_46' title="bbox 1849 1834 3422 1902; baseline 0.003 -17"><span class='ocrx_word' id='word_1_317' title='bbox 1849 1834 2013 1887; x_wconf 87' lang='lat' dir='ltr'><strong>ricam</strong></span> <span class='ocrx_word' id='word_1_318' title='bbox 2041 1835 2086 1894; x_wconf 82' lang='grc'><strong>⁵,</strong></span> <span class='ocrx_word' id='word_1_319' title='bbox 2124 1851 2285 1901; x_wconf 84' lang='lat' dir='ltr'><strong>quam</strong></span> <span class='ocrx_word' id='word_1_320' title='bbox 2313 1845 2520 1902; x_wconf 63' lang='lat' dir='ltr'><strong>pacata:</strong></span> <span class='ocrx_word' id='word_1_321' title='bbox 2565 1836 2714 1890; x_wconf 84' lang='lat' dir='ltr'><strong>urbis</strong></span> <span class='ocrx_word' id='word_1_322' title='bbox 2742 1834 2875 1890; x_wconf 86' lang='lat' dir='ltr'><strong>velis</strong></span> <span class='ocrx_word' id='word_1_323' title='bbox 2898 1836 3223 1889; x_wconf 87' lang='lat' dir='ltr'><strong>sententiam</strong></span> <span class='ocrx_word' id='word_1_324' title='bbox 3255 1839 3422 1891; x_wconf 83' lang='lat' dir='ltr'><strong>susti-</strong></span> 
     </span>
    </p>
   </div>
   <div class='ocr_carea' id='block_1_47' title="bbox 1847 1927 3416 1998">
    <p class='ocr_par' dir='ltr' id='par_1_47' title="bbox 1847 1927 3416 1998">
     <span class='ocr_line' id='line_1_47' title="bbox 1847 1927 3416 1998; baseline 0.004 -18"><span class='ocrx_word' id='word_1_325' title='bbox 1847 1943 1994 1982; x_wconf 91' lang='lat' dir='ltr'><strong>nere.</strong></span> <span class='ocrx_word' id='word_1_326' title='bbox 2021 1928 2172 1992; x_wconf 86' lang='lat' dir='ltr'><strong>Esto,</strong></span> <span class='ocrx_word' id='word_1_327' title='bbox 2215 1927 2473 1997; x_wconf 66' lang='lat' dir='ltr'><strong>praeteriti</strong></span> <span class='ocrx_word' id='word_1_328' title='bbox 2523 1929 2649 1980; x_wconf 90' lang='lat' dir='ltr'><strong>atmi</strong></span> <span class='ocrx_word' id='word_1_329' title='bbox 2682 1945 2780 1993; x_wconf 73' lang='lat' dir='ltr'><strong>ego</strong></span> <span class='ocrx_word' id='word_1_330' title='bbox 2804 1929 3086 1998; x_wconf 84' lang='lat' dir='ltr'><strong>epistolam</strong></span> <span class='ocrx_word' id='word_1_331' title='bbox 3148 1930 3416 1986; x_wconf 80' lang='lat' dir='ltr'><strong>ﬁnxerint.</strong></span> 
     </span>
    </p>
   </div>
   <div class='ocr_carea' id='block_1_48' title="bbox 1846 2020 3422 2090">
    <p class='ocr_par' dir='ltr' id='par_1_48' title="bbox 1846 2020 3422 2090">
     <span class='ocr_line' id='line_1_48' title="bbox 1846 2020 3422 2090; baseline 0 -14"><span class='ocrx_word' id='word_1_332' title='bbox 1846 2021 2102 2076; x_wconf 79' lang='lat' dir='ltr'><strong>Recentia</strong></span> <span class='ocrx_word' id='word_1_333' title='bbox 2136 2024 2199 2074; x_wconf 90' lang='lat' dir='ltr'><strong>ad</strong></span> <span class='ocrx_word' id='word_1_334' title='bbox 2224 2020 2498 2076; x_wconf 79' lang='lat' dir='ltr'><strong>Orientem</strong></span> <span class='ocrx_word' id='word_1_335' title='bbox 2531 2021 2732 2088; x_wconf 87' lang='lat' dir='ltr'><strong>scripta</strong></span> <span class='ocrx_word' id='word_1_336' title='bbox 2766 2024 2888 2090; x_wconf 84' lang='lat' dir='ltr'><strong>quis</strong></span> <span class='ocrx_word' id='word_1_337' title='bbox 2946 2022 3137 2076; x_wconf 81' lang='lat' dir='ltr'><strong>misit?</strong></span> <span class='ocrx_word' id='word_1_338' title='bbox 3186 2023 3240 2076; x_wconf 92' lang='lat' dir='ltr'><strong>in</strong></span> <span class='ocrx_word' id='word_1_339' title='bbox 3301 2024 3422 2090; x_wconf 88' lang='lat' dir='ltr'><strong>qui-</strong></span> 
     </span>
    </p>
   </div>
   <div class='ocr_carea' id='block_1_49' title="bbox 1846 2112 3420 2181">
    <p class='ocr_par' dir='ltr' id='par_1_49' title="bbox 1846 2112 3420 2181">
     <span class='ocr_line' id='line_1_49' title="bbox 1846 2112 3420 2181; baseline -0.001 -13"><span class='ocrx_word' id='word_1_340' title='bbox 1846 2115 1947 2168; x_wconf 92' lang='lat' dir='ltr'><strong>bus</strong></span> <span class='ocrx_word' id='word_1_341' title='bbox 1985 2129 2122 2181; x_wconf 85' lang='lat' dir='ltr'><strong>papa</strong></span> <span class='ocrx_word' id='word_1_342' title='bbox 2185 2115 2508 2166; x_wconf 85' lang='lat' dir='ltr'><strong>Anastasius</strong></span> <span class='ocrx_word' id='word_1_343' title='bbox 2550 2113 2571 2144; x_wconf 82' lang='grc'><strong><em>⁶</em></strong></span> <span class='ocrx_word' id='word_1_344' title='bbox 2639 2113 2804 2166; x_wconf 89' lang='lat' dir='ltr'><strong>tantis</strong></span> <span class='ocrx_word' id='word_1_345' title='bbox 2850 2123 2898 2167; x_wconf 91' lang='lat' dir='ltr'><strong>te</strong></span> <span class='ocrx_word' id='word_1_346' title='bbox 2947 2122 3105 2167; x_wconf 90' lang='lat' dir='ltr'><strong>ornat</strong></span> <span class='ocrx_word' id='word_1_347' title='bbox 3167 2112 3420 2176; x_wconf 82' lang='lat' dir='ltr'><strong>ﬂoribus,</strong></span> 
     </span>
    </p>
   </div>
   <div class='ocr_carea' id='block_1_50' title="bbox 1847 2205 3422 2274">
    <p class='ocr_par' dir='ltr' id='par_1_50' title="bbox 1847 2205 3422 2274">
     <span class='ocr_line' id='line_1_50' title="bbox 1847 2205 3422 2274; baseline -0.001 -14"><span class='ocrx_word' id='word_1_348' title='bbox 1847 2217 2051 2260; x_wconf 89' lang='lat' dir='ltr'><strong>utcum</strong></span> <span class='ocrx_word' id='word_1_349' title='bbox 2083 2224 2144 2260; x_wconf 85' lang='lat' dir='ltr'><strong>ea</strong></span> <span class='ocrx_word' id='word_1_350' title='bbox 2206 2205 2422 2273; x_wconf 63' lang='lat' dir='ltr'><strong>legeris,</strong></span> <span class='ocrx_word' id='word_1_351' title='bbox 2457 2207 2630 2274; x_wconf 75' lang='lat' dir='ltr'><strong>magis</strong></span> <span class='ocrx_word' id='word_1_352' title='bbox 2669 2218 2719 2259; x_wconf 91' lang='lat' dir='ltr'><strong>te</strong></span> <span class='ocrx_word' id='word_1_353' title='bbox 2750 2207 2888 2259; x_wconf 87' lang='lat' dir='ltr'><strong>velle</strong></span> <span class='ocrx_word' id='word_1_354' title='bbox 2938 2207 3228 2261; x_wconf 81' lang='lat' dir='ltr'><strong>defendere</strong></span> <span class='ocrx_word' id='word_1_355' title='bbox 3283 2207 3422 2260; x_wconf 53' lang='lat' dir='ltr'><strong>inci-</strong></span> 
     </span>
    </p>
   </div>
   <div class='ocr_carea' id='block_1_51' title="bbox 1846 2299 3418 2368">
    <p class='ocr_par' dir='ltr' id='par_1_51' title="bbox 1846 2299 3418 2368">
     <span class='ocr_line' id='line_1_51' title="bbox 1846 2299 3418 2368; baseline 0 -18"><span class='ocrx_word' id='word_1_356' title='bbox 1846 2299 1982 2368; x_wconf 88' lang='lat' dir='ltr'><strong>pias.</strong></span> <span class='ocrx_word' id='word_1_357' title='bbox 2012 2314 2174 2366; x_wconf 88' lang='lat' dir='ltr'><strong>quam</strong></span> <span class='ocrx_word' id='word_1_358' title='bbox 2205 2314 2306 2353; x_wconf 93' lang='lat' dir='ltr'><strong>nos</strong></span> <span class='ocrx_word' id='word_1_359' title='bbox 2341 2314 2622 2352; x_wconf 80' lang='lat' dir='ltr'><strong>accusare.</strong></span> <span class='ocrx_word' id='word_1_360' title='bbox 2653 2299 2933 2368; x_wconf 81' lang='lat' dir='ltr'><strong>Simulque</strong></span> <span class='ocrx_word' id='word_1_361' title='bbox 2963 2300 3418 2353; x_wconf 83' lang='lat' dir='ltr'><strong>consideraillatn</strong></span> 
     </span>
    </p>
   </div>
   <div class='ocr_carea' id='block_1_52' title="bbox 1846 2392 3419 2459">
    <p class='ocr_par' dir='ltr' id='par_1_52' title="bbox 1846 2392 3419 2459">
     <span class='ocr_line' id='line_1_52' title="bbox 1846 2392 3419 2459; baseline 0 -13"><span class='ocrx_word' id='word_1_362' title='bbox 1846 2392 2222 2446; x_wconf 85' lang='lat' dir='ltr'><strong>inimitabilem</strong></span> <span class='ocrx_word' id='word_1_363' title='bbox 2270 2393 2610 2459; x_wconf 88' lang='lat' dir='ltr'><strong>prudentiam</strong></span> <span class='ocrx_word' id='word_1_364' title='bbox 2662 2401 2839 2455; x_wconf 88' lang='lat' dir='ltr'><strong>tuatn,</strong></span> <span class='ocrx_word' id='word_1_365' title='bbox 2873 2403 2926 2447; x_wconf 92' lang='lat' dir='ltr'><strong>et</strong></span> <span class='ocrx_word' id='word_1_366' title='bbox 2982 2393 3122 2446; x_wconf 83' lang='lat' dir='ltr'><strong>sales</strong></span> <span class='ocrx_word' id='word_1_367' title='bbox 3185 2394 3419 2454; x_wconf 86' lang='lat' dir='ltr'><strong>Atticos,</strong></span> 
     </span>
    </p>
   </div>
   <div class='ocr_carea' id='block_1_53' title="bbox 1843 2485 3419 2556">
    <p class='ocr_par' dir='ltr' id='par_1_53' title="bbox 1843 2485 3419 2556">
     <span class='ocr_line' id='line_1_53' title="bbox 1843 2485 3419 2556; baseline 0.001 -16"><span class='ocrx_word' id='word_1_368' title='bbox 1843 2495 1898 2540; x_wconf 85' lang='lat' dir='ltr'><strong>et</strong></span> <span class='ocrx_word' id='word_1_369' title='bbox 1923 2485 2097 2538; x_wconf 82' lang='lat' dir='ltr'><strong>sancti</strong></span> <span class='ocrx_word' id='word_1_370' title='bbox 2123 2486 2324 2553; x_wconf 85' lang='lat' dir='ltr'><strong>eloquii</strong></span> <span class='ocrx_word' id='word_1_371' title='bbox 2367 2496 2733 2540; x_wconf 87' lang='lat' dir='ltr'><strong>venustatem.</strong></span> <span class='ocrx_word' id='word_1_372' title='bbox 2786 2487 2867 2540; x_wconf 88' lang='lat' dir='ltr'><strong>Ab</strong></span> <span class='ocrx_word' id='word_1_373' title='bbox 2939 2485 3062 2539; x_wconf 90' lang='lat' dir='ltr'><strong>aliis</strong></span> <span class='ocrx_word' id='word_1_374' title='bbox 3118 2487 3419 2556; x_wconf 84' lang='lat' dir='ltr'><strong>appeteris,</strong></span> 
     </span>
    </p>
   </div>
   <div class='ocr_carea' id='block_1_54' title="bbox 1847 2577 3425 2638">
    <p class='ocr_par' dir='ltr' id='par_1_54' title="bbox 1847 2577 3425 2638">
     <span class='ocr_line' id='line_1_54' title="bbox 1847 2577 3425 2638; baseline 0 -8"><span class='ocrx_word' id='word_1_375' title='bbox 1847 2579 2079 2630; x_wconf 86' lang='lat' dir='ltr'><strong>aliorum</strong></span> <span class='ocrx_word' id='word_1_376' title='bbox 2101 2577 2484 2631; x_wconf 85' lang='lat' dir='ltr'><strong>criminatione</strong></span> <span class='ocrx_word' id='word_1_377' title='bbox 2517 2579 2849 2638; x_wconf 80' lang='lat' dir='ltr'><strong>c0ttl&#39;0tleris.</strong></span> <span class='ocrx_word' id='word_1_378' title='bbox 2872 2589 2924 2632; x_wconf 88' lang='lat' dir='ltr'><strong>et</strong></span> <span class='ocrx_word' id='word_1_379' title='bbox 2949 2590 3140 2632; x_wconf 81' lang='lat' dir='ltr'><strong>contra</strong></span> <span class='ocrx_word' id='word_1_380' title='bbox 3166 2594 3252 2633; x_wconf 85' lang='lat' dir='ltr'><strong>me</strong></span> <span class='ocrx_word' id='word_1_381' title='bbox 3289 2580 3425 2632; x_wconf 83' lang='lat' dir='ltr'><strong>furi-</strong></span> 
     </span>
    </p>
   </div>
   <div class='ocr_carea' id='block_1_55' title="bbox 1848 2669 3419 2740">
    <p class='ocr_par' dir='ltr' id='par_1_55' title="bbox 1848 2669 3419 2740">
     <span class='ocr_line' id='line_1_55' title="bbox 1848 2669 3419 2740; baseline 0.003 -18"><span class='ocrx_word' id='word_1_382' title='bbox 1848 2669 2063 2722; x_wconf 89' lang='lat' dir='ltr'><strong>bundus</strong></span> <span class='ocrx_word' id='word_1_383' title='bbox 2093 2669 2340 2738; x_wconf 85' lang='lat' dir='ltr'><strong>jactaris,</strong></span> <span class='ocrx_word' id='word_1_384' title='bbox 2379 2681 2433 2723; x_wconf 88' lang='lat' dir='ltr'><strong>et</strong></span> <span class='ocrx_word' id='word_1_385' title='bbox 2476 2669 2736 2738; x_wconf 91' lang='lat' dir='ltr'><strong>loqueris,</strong></span> <span class='ocrx_word' id='word_1_386' title='bbox 2778 2671 3060 2740; x_wconf 67' lang='lat' dir='ltr'><strong>(Nunquid</strong></span> <span class='ocrx_word' id='word_1_387' title='bbox 3084 2685 3138 2726; x_wconf 89' lang='lat' dir='ltr'><strong>et</strong></span> <span class='ocrx_word' id='word_1_388' title='bbox 3184 2688 3285 2739; x_wconf 76' lang='grc' dir='ltr'><strong>οιιο</strong></span> <span class='ocrx_word' id='word_1_389' title='bbox 3311 2687 3419 2726; x_wconf 90' lang='lat' dir='ltr'><strong>non</strong></span> 
     </span>
    </p>
   </div>
   <div class='ocr_carea' id='block_1_56' title="bbox 1848 2763 3424 2832">
    <p class='ocr_par' dir='ltr' id='par_1_56' title="bbox 1848 2763 3424 2832">
     <span class='ocr_line' id='line_1_56' title="bbox 1848 2763 3424 2832; baseline 0.007 -23"><span class='ocrx_word' id='word_1_390' title='bbox 1848 2777 2065 2831; x_wconf 83' lang='lat' dir='ltr'><strong>possum</strong></span> <span class='ocrx_word' id='word_1_391' title='bbox 2095 2774 2375 2825; x_wconf 82' lang='lat' dir='ltr'><strong>enarrare,</strong></span> <span class='ocrx_word' id='word_1_392' title='bbox 2399 2773 2452 2816; x_wconf 93' lang='lat' dir='ltr'><strong>tu</strong></span> <span class='ocrx_word' id='word_1_393' title='bbox 2486 2765 2762 2832; x_wconf 84' lang='lat' dir='ltr'><strong>quomodo</strong></span> <span class='ocrx_word' id='word_1_394' title='bbox 2793 2763 2859 2818; x_wconf 92' lang='lat' dir='ltr'><strong>de</strong></span> <span class='ocrx_word' id='word_1_395' title='bbox 2889 2764 3032 2819; x_wconf 82' lang='lat' dir='ltr'><strong>Urbe.</strong></span> <span class='ocrx_word' id='word_1_396' title='bbox 3058 2764 3424 2820; x_wconf 81' lang='lat' dir='ltr'><strong>discesseris?</strong></span> 
     </span>
    </p>
   </div>
   <div class='ocr_carea' id='block_1_57' title="bbox 1846 2854 3422 2927">
    <p class='ocr_par' dir='ltr' id='par_1_57' title="bbox 1846 2854 3422 2927">
     <span class='ocr_line' id='line_1_57' title="bbox 1846 2854 3422 2927; baseline 0.004 -20"><span class='ocrx_word' id='word_1_397' title='bbox 1846 2854 1976 2924; x_wconf 88' lang='lat' dir='ltr'><strong>quid</strong></span> <span class='ocrx_word' id='word_1_398' title='bbox 2019 2855 2085 2907; x_wconf 86' lang='lat' dir='ltr'><strong>de</strong></span> <span class='ocrx_word' id='word_1_399' title='bbox 2115 2867 2166 2908; x_wconf 88' lang='lat' dir='ltr'><strong>te</strong></span> <span class='ocrx_word' id='word_1_400' title='bbox 2220 2857 2273 2909; x_wconf 92' lang='lat' dir='ltr'><strong>in</strong></span> <span class='ocrx_word' id='word_1_401' title='bbox 2315 2859 2561 2924; x_wconf 70' lang='lat' dir='ltr'><strong>praesenti</strong></span> <span class='ocrx_word' id='word_1_402' title='bbox 2601 2857 2906 2924; x_wconf 87' lang='lat' dir='ltr'><strong>judicatum</strong></span> <span class='ocrx_word' id='word_1_403' title='bbox 2939 2857 3047 2911; x_wconf 90' lang='lat' dir='ltr'><strong>sit?</strong></span> <span class='ocrx_word' id='word_1_404' title='bbox 3081 2859 3209 2926; x_wconf 89' lang='lat' dir='ltr'><strong>quid</strong></span> <span class='ocrx_word' id='word_1_405' title='bbox 3237 2869 3422 2927; x_wconf 88' lang='lat' dir='ltr'><strong>postea</strong></span> 
     </span>
    </p>
   </div>
   <div class='ocr_carea' id='block_1_58' title="bbox 1848 2949 3420 3016">
    <p class='ocr_par' dir='ltr' id='par_1_58' title="bbox 1848 2949 3420 3016">
     <span class='ocr_line' id='line_1_58' title="bbox 1848 2949 3420 3016; baseline 0.003 -17"><span class='ocrx_word' id='word_1_406' title='bbox 1848 2949 2134 3014; x_wconf 86' lang='lat' dir='ltr'><strong>scriptum,</strong></span> <span class='ocrx_word' id='word_1_407' title='bbox 2161 2950 2289 3016; x_wconf 87' lang='lat' dir='ltr'><strong>quid</strong></span> <span class='ocrx_word' id='word_1_408' title='bbox 2318 2949 2633 3016; x_wconf 83' lang='lat' dir='ltr'><strong>jnraveris?</strong></span> <span class='ocrx_word' id='word_1_409' title='bbox 2665 2951 2752 3002; x_wconf 90' lang='lat' dir='ltr'><strong>ubi</strong></span> <span class='ocrx_word' id='word_1_410' title='bbox 2786 2951 2962 3002; x_wconf 82' lang='lat' dir='ltr'><strong>navim</strong></span> <span class='ocrx_word' id='word_1_411' title='bbox 2986 2951 3420 3007; x_wconf 83' lang='lat' dir='ltr'><strong>conscenderis?</strong></span> 
     </span>
    </p>
   </div>
   <div class='ocr_carea' id='block_1_59' title="bbox 1848 3042 3422 3114">
    <p class='ocr_par' dir='ltr' id='par_1_59' title="bbox 1848 3042 3422 3114">
     <span class='ocr_line' id='line_1_59' title="bbox 1848 3042 3422 3114; baseline 0.006 -25"><span class='ocrx_word' id='word_1_412' title='bbox 1848 3057 2010 3108; x_wconf 82' lang='lat' dir='ltr'><strong>quant</strong></span> <span class='ocrx_word' id='word_1_413' title='bbox 2035 3053 2222 3094; x_wconf 78' lang='lat' dir='ltr'><strong>sancte</strong></span> <span class='ocrx_word' id='word_1_414' title='bbox 2274 3042 2568 3111; x_wconf 87' lang='lat' dir='ltr'><strong>perjnrinm</strong></span> <span class='ocrx_word' id='word_1_415' title='bbox 2626 3043 2932 3097; x_wconf 81' lang='lat' dir='ltr'><strong>vitaveris?</strong></span> <span class='ocrx_word' id='word_1_416' title='bbox 2990 3043 3242 3099; x_wconf 89' lang='lat' dir='ltr'><strong>Poteram</strong></span> <span class='ocrx_word' id='word_1_417' title='bbox 3290 3061 3422 3114; x_wconf 87' lang='lat' dir='ltr'><strong>pan-</strong></span> 
     </span>
    </p>
   </div>
   <div class='ocr_carea' id='block_1_60' title="bbox 1847 3135 3420 3205">
    <p class='ocr_par' dir='ltr' id='par_1_60' title="bbox 1847 3135 3420 3205">
     <span class='ocr_line' id='line_1_60' title="bbox 1847 3135 3420 3205; baseline 0.003 -19"><span class='ocrx_word' id='word_1_418' title='bbox 1847 3135 1998 3196; x_wconf 81' lang='lat' dir='ltr'><strong>dere,</strong></span> <span class='ocrx_word' id='word_1_419' title='bbox 2030 3136 2123 3187; x_wconf 83' lang='lat' dir='ltr'><strong>sed</strong></span> <span class='ocrx_word' id='word_1_420' title='bbox 2149 3135 2298 3203; x_wconf 90' lang='lat' dir='ltr'><strong>plura</strong></span> <span class='ocrx_word' id='word_1_421' title='bbox 2331 3150 2552 3190; x_wconf 88' lang='lat' dir='ltr'><strong>servare</strong></span> <span class='ocrx_word' id='word_1_422' title='bbox 2585 3138 2772 3202; x_wconf 85' lang='lat' dir='ltr'><strong>statui,</strong></span> <span class='ocrx_word' id='word_1_423' title='bbox 2801 3153 2962 3205; x_wconf 89' lang='lat' dir='ltr'><strong>quam</strong></span> <span class='ocrx_word' id='word_1_424' title='bbox 2998 3138 3253 3192; x_wconf 68' lang='lat' dir='ltr'><strong>referre.»</strong></span> <span class='ocrx_word' id='word_1_425' title='bbox 3293 3137 3420 3191; x_wconf 69' lang='lat' dir='ltr'><strong>&quot;aa:</strong></span> 
     </span>
    </p>
   </div>
   <div class='ocr_carea' id='block_1_61' title="bbox 156 3225 3424 3318">
    <p class='ocr_par' dir='ltr' id='par_1_61' title="bbox 156 3225 3424 3318">
     <span class='ocr_line' id='line_1_61' title="bbox 156 3225 3424 3318; baseline 0.001 -36"><span class='ocrx_word' id='word_1_426' title='bbox 156 3241 214 3284; x_wconf 84' lang='lat' dir='ltr'><strong>et</strong></span> <span class='ocrx_word' id='word_1_427' title='bbox 242 3231 444 3285; x_wconf 82' lang='lat' dir='ltr'><strong>baculo</strong></span> <span class='ocrx_word' id='word_1_428' title='bbox 496 3239 712 3282; x_wconf 86' lang='lat' dir='ltr'><strong>tuarum</strong></span> <span class='ocrx_word' id='word_1_429' title='bbox 774 3231 851 3281; x_wconf 92' lang='lat' dir='ltr'><strong>uti</strong></span> <span class='ocrx_word' id='word_1_430' title='bbox 886 3231 1123 3282; x_wconf 76' lang='lat' dir='ltr'><strong>noluerit</strong></span> <span class='ocrx_word' id='word_1_431' title='bbox 1197 3227 1504 3280; x_wconf 84' lang='lat' dir='ltr'><strong>litterarum</strong></span> <span class='ocrx_word' id='word_1_432' title='bbox 1552 3237 1739 3280; x_wconf 83' lang='lat' dir='ltr'><strong>contra</strong></span> <span class='ocrx_word' id='word_1_433' title='bbox 1772 3264 1813 3318; x_wconf 64' lang='grc' dir='ltr'>Ο</span> <span class='ocrx_word' id='word_1_434' title='bbox 1848 3225 2005 3297; x_wconf 76' lang='grc'><strong>551</strong></span> <span class='ocrx_word' id='word_1_435' title='bbox 2034 3239 2158 3279; x_wconf 89' lang='lat' dir='ltr'><strong>suttt</strong></span> <span class='ocrx_word' id='word_1_436' title='bbox 2187 3237 2401 3280; x_wconf 88' lang='lat' dir='ltr'><strong>tuorum</strong></span> <span class='ocrx_word' id='word_1_437' title='bbox 2427 3241 2744 3282; x_wconf 87' lang='lat' dir='ltr'><strong>ornamenta</strong></span> <span class='ocrx_word' id='word_1_438' title='bbox 2805 3231 3114 3284; x_wconf 81' lang='lat' dir='ltr'><strong>verborum.</strong></span> <span class='ocrx_word' id='word_1_439' title='bbox 3174 3230 3238 3284; x_wconf 87' lang='lat' dir='ltr'><strong>Et</strong></span> <span class='ocrx_word' id='word_1_440' title='bbox 3299 3246 3424 3300; x_wconf 70' lang='lat' dir='ltr'><strong>pos:</strong></span> 
     </span>
    </p>
   </div>
   <div class='ocr_carea' id='block_1_62' title="bbox 153 3315 1743 3386">
    <p class='ocr_par' dir='ltr' id='par_1_62' title="bbox 153 3315 1743 3386">
     <span class='ocr_line' id='line_1_62' title="bbox 153 3315 1743 3386; baseline -0.006 -11"><span class='ocrx_word' id='word_1_441' title='bbox 153 3337 322 3376; x_wconf 82' lang='lat' dir='ltr'><strong>canes</strong></span> <span class='ocrx_word' id='word_1_442' title='bbox 358 3334 503 3374; x_wconf 84' lang='lat' dir='ltr'><strong>tuos.</strong></span> <span class='ocrx_word' id='word_1_443' title='bbox 543 3320 764 3381; x_wconf 79' lang='lat' dir='ltr'><strong>Deinde,</strong></span> <span class='ocrx_word' id='word_1_444' title='bbox 796 3326 851 3370; x_wconf 94' lang='lat' dir='ltr'><strong>ut</strong></span> <span class='ocrx_word' id='word_1_445' title='bbox 882 3320 1138 3386; x_wconf 81' lang='lat' dir='ltr'><strong>epistolas</strong></span> <span class='ocrx_word' id='word_1_446' title='bbox 1159 3327 1348 3369; x_wconf 85' lang='lat' dir='ltr'><strong>contra</strong></span> <span class='ocrx_word' id='word_1_447' title='bbox 1379 3325 1429 3368; x_wconf 87' lang='lat' dir='ltr'><strong>te</strong></span> <span class='ocrx_word' id='word_1_448' title='bbox 1452 3317 1517 3366; x_wconf 77' lang='lat' dir='ltr'><strong>ad</strong></span> <span class='ocrx_word' id='word_1_449' title='bbox 1551 3315 1743 3366; x_wconf 81' lang='lat' dir='ltr'><strong>Orien-</strong></span> 
     </span>
    </p>
   </div>
   <div class='ocr_carea' id='block_1_63' title="bbox 160 3407 1742 3466">
    <p class='ocr_par' dir='ltr' id='par_1_63' title="bbox 160 3407 1742 3466">
     <span class='ocr_line' id='line_1_63' title="bbox 160 3407 1742 3466; baseline -0.006 0"><span class='ocrx_word' id='word_1_450' title='bbox 160 3426 269 3466; x_wconf 85' lang='lat' dir='ltr'><strong>tem</strong></span> <span class='ocrx_word' id='word_1_451' title='bbox 303 3415 554 3466; x_wconf 85' lang='lat' dir='ltr'><strong>mitteret</strong></span> <span class='ocrx_word' id='word_1_452' title='bbox 585 3421 638 3464; x_wconf 86' lang='lat' dir='ltr'><strong>et</strong></span> <span class='ocrx_word' id='word_1_453' title='bbox 671 3410 975 3462; x_wconf 66' lang='lat' dir='ltr'><strong>cantet-inm</strong></span> <span class='ocrx_word' id='word_1_454' title='bbox 1010 3408 1101 3459; x_wconf 90' lang='lat' dir='ltr'><strong>tibi</strong></span> <span class='ocrx_word' id='word_1_455' title='bbox 1137 3407 1428 3466; x_wconf 68' lang='lat' dir='ltr'><strong>haereseos,</strong></span> <span class='ocrx_word' id='word_1_456' title='bbox 1463 3407 1589 3457; x_wconf 86' lang='lat' dir='ltr'><strong>dum</strong></span> <span class='ocrx_word' id='word_1_457' title='bbox 1649 3422 1742 3458; x_wconf 87' lang='lat' dir='ltr'><strong>tte-</strong></span> 
     </span>
    </p>
   </div>
   <div class='ocr_carea' id='block_1_64' title="bbox 157 3499 1742 3568">
    <p class='ocr_par' dir='ltr' id='par_1_64' title="bbox 157 3499 1742 3568">
     <span class='ocr_line' id='line_1_64' title="bbox 157 3499 1742 3568; baseline -0.006 -8"><span class='ocrx_word' id='word_1_458' title='bbox 157 3506 607 3566; x_wconf 79' lang='lat' dir='ltr'><strong>5cis,inuretet,</strong></span> <span class='ocrx_word' id='word_1_459' title='bbox 662 3503 978 3568; x_wconf 82' lang='lat' dir='ltr'><strong>diceretque</strong></span> <span class='ocrx_word' id='word_1_460' title='bbox 1046 3502 1213 3552; x_wconf 87' lang='lat' dir='ltr'><strong>Iibr‘os</strong></span> <span class='ocrx_word' id='word_1_461' title='bbox 1283 3499 1533 3567; x_wconf 69' lang='lat' dir='ltr'><strong>Origenis</strong></span> <span class='ocrx_word' id='word_1_462' title='bbox 1615 3499 1742 3567; x_wconf 74' lang='grc' dir='ltr'><strong>περὶ</strong></span> 
     </span>
    </p>
   </div>
   <div class='ocr_carea' id='block_1_65' title="bbox 177 3589 1744 3665">
    <p class='ocr_par' dir='ltr' id='par_1_65' title="bbox 177 3589 1744 3665">
     <span class='ocr_line' id='line_1_65' title="bbox 177 3589 1744 3665; baseline -0.003 -17"><span class='ocrx_word' id='word_1_463' title='bbox 177 3597 402 3665; x_wconf 79' lang='grc' dir='ltr'><strong>Ἀρχῶν</strong></span> <span class='ocrx_word' id='word_1_464' title='bbox 422 3613 452 3649; x_wconf 87' lang='lat' dir='ltr'><strong>a</strong></span> <span class='ocrx_word' id='word_1_465' title='bbox 490 3606 541 3648; x_wconf 90' lang='lat' dir='ltr'><strong>te</strong></span> <span class='ocrx_word' id='word_1_466' title='bbox 581 3594 898 3654; x_wconf 88' lang='lat' dir='ltr'><strong>translatos,</strong></span> <span class='ocrx_word' id='word_1_467' title='bbox 934 3602 985 3645; x_wconf 91' lang='lat' dir='ltr'><strong>et</strong></span> <span class='ocrx_word' id='word_1_468' title='bbox 1016 3592 1247 3659; x_wconf 86' lang='lat' dir='ltr'><strong>simplici</strong></span> <span class='ocrx_word' id='word_1_469' title='bbox 1278 3589 1535 3642; x_wconf 76' lang='lat' dir='ltr'><strong>llomana:</strong></span> <span class='ocrx_word' id='word_1_470' title='bbox 1561 3590 1744 3643; x_wconf 80' lang='lat' dir='ltr'><strong>Eccle-</strong></span> 
     </span>
    </p>
   </div>
   <div class='ocr_carea' id='block_1_66' title="bbox 156 3684 1743 3754">
    <p class='ocr_par' dir='ltr' id='par_1_66' title="bbox 156 3684 1743 3754">
     <span class='ocr_line' id='line_1_66' title="bbox 156 3684 1743 3754; baseline -0.005 -10"><span class='ocrx_word' id='word_1_471' title='bbox 156 3694 256 3744; x_wconf 62' lang='lat' dir='ltr'><strong>siae</strong></span> <span class='ocrx_word' id='word_1_472' title='bbox 288 3691 552 3754; x_wconf 84' lang='lat' dir='ltr'><strong>traditos,</strong></span> <span class='ocrx_word' id='word_1_473' title='bbox 588 3699 647 3740; x_wconf 90' lang='lat' dir='ltr'><strong>ut</strong></span> <span class='ocrx_word' id='word_1_474' title='bbox 677 3687 797 3739; x_wconf 84' lang='lat' dir='ltr'><strong>Iidei</strong></span> <span class='ocrx_word' id='word_1_475' title='bbox 830 3687 1111 3739; x_wconf 84' lang='lat' dir='ltr'><strong>veritatem</strong></span> <span class='ocrx_word' id='word_1_476' title='bbox 1137 3701 1299 3754; x_wconf 86' lang='lat' dir='ltr'><strong>quam</strong></span> <span class='ocrx_word' id='word_1_477' title='bbox 1350 3685 1420 3738; x_wconf 89' lang='lat' dir='ltr'><strong>ab</strong></span> <span class='ocrx_word' id='word_1_478' title='bbox 1480 3684 1743 3751; x_wconf 79' lang='lat' dir='ltr'><strong>Apostolo</strong></span> 
     </span>
    </p>
   </div>
   <div class='ocr_carea' id='block_1_67' title="bbox 159 3780 1739 3850">
    <p class='ocr_par' dir='ltr' id='par_1_67' title="bbox 159 3780 1739 3850">
     <span class='ocr_line' id='line_1_67' title="bbox 159 3780 1739 3850; baseline -0.003 -14"><span class='ocrx_word' id='word_1_479' title='bbox 159 3785 496 3844; x_wconf 86' lang='lat' dir='ltr'><strong>didicerant,</strong></span> <span class='ocrx_word' id='word_1_480' title='bbox 523 3797 621 3847; x_wconf 84' lang='lat' dir='ltr'><strong>per</strong></span> <span class='ocrx_word' id='word_1_481' title='bbox 648 3790 700 3833; x_wconf 91' lang='lat' dir='ltr'><strong>te</strong></span> <span class='ocrx_word' id='word_1_482' title='bbox 731 3783 1042 3850; x_wconf 83' lang='lat' dir='ltr'><strong>perderent,</strong></span> <span class='ocrx_word' id='word_1_483' title='bbox 1078 3789 1130 3830; x_wconf 90' lang='lat' dir='ltr'><strong>et</strong></span> <span class='ocrx_word' id='word_1_484' title='bbox 1159 3795 1268 3846; x_wconf 89' lang='lat' dir='ltr'><strong>quo</strong></span> <span class='ocrx_word' id='word_1_485' title='bbox 1292 3780 1388 3832; x_wconf 88' lang='lat' dir='ltr'><strong>tibi</strong></span> <span class='ocrx_word' id='word_1_486' title='bbox 1435 3781 1455 3810; x_wconf 86' lang='grc'>³</span> <span class='ocrx_word' id='word_1_487' title='bbox 1478 3783 1739 3847; x_wconf 67' lang='lat' dir='ltr'><strong>tnajorem</strong></span> 
     </span>
    </p>
   </div>
   <div class='ocr_carea' id='block_1_68' title="bbox 160 3870 1742 3939">
    <p class='ocr_par' dir='ltr' id='par_1_68' title="bbox 160 3870 1742 3939">
     <span class='ocr_line' id='line_1_68' title="bbox 160 3870 1742 3939; baseline -0.001 -13"><span class='ocrx_word' id='word_1_488' title='bbox 160 3874 372 3928; x_wconf 72' lang='lat' dir='ltr'><strong>faceret</strong></span> <span class='ocrx_word' id='word_1_489' title='bbox 440 3875 727 3932; x_wconf 78' lang='lat' dir='ltr'><strong>invidiam,</strong></span> <span class='ocrx_word' id='word_1_490' title='bbox 764 3886 932 3924; x_wconf 89' lang='lat' dir='ltr'><strong>ausus</strong></span> <span class='ocrx_word' id='word_1_491' title='bbox 975 3870 1048 3924; x_wconf 87' lang='lat' dir='ltr'><strong>sit</strong></span> <span class='ocrx_word' id='word_1_492' title='bbox 1087 3872 1364 3924; x_wconf 86' lang='lat' dir='ltr'><strong>criminari</strong></span> <span class='ocrx_word' id='word_1_493' title='bbox 1429 3875 1528 3925; x_wconf 89' lang='lat' dir='ltr'><strong>bos</strong></span> <span class='ocrx_word' id='word_1_494' title='bbox 1573 3873 1742 3939; x_wconf 75' lang='lat' dir='ltr'><strong>ipsos,</strong></span> 
     </span>
    </p>
   </div>
   <div class='ocr_carea' id='block_1_69' title="bbox 159 3961 1742 4021">
    <p class='ocr_par' dir='ltr' id='par_1_69' title="bbox 159 3961 1742 4021">
     <span class='ocr_line' id='line_1_69' title="bbox 159 3961 1742 4021; baseline -0.002 0"><span class='ocrx_word' id='word_1_495' title='bbox 159 3967 515 4021; x_wconf 58' lang='lat' dir='ltr'><strong>Prefatimtis</strong></span> <span class='ocrx_word' id='word_1_496' title='bbox 545 3976 652 4018; x_wconf 68' lang='lat' dir='ltr'><strong>tua:</strong></span> <span class='ocrx_word' id='word_1_497' title='bbox 679 3966 990 4018; x_wconf 83' lang='lat' dir='ltr'><strong>testimonio</strong></span> <span class='ocrx_word' id='word_1_498' title='bbox 1026 3965 1336 4017; x_wconf 84' lang='lat' dir='ltr'><strong>roboratus.</strong></span> <span class='ocrx_word' id='word_1_499' title='bbox 1363 3961 1480 4017; x_wconf 81' lang='lat' dir='ltr'><strong>Non</strong></span> <span class='ocrx_word' id='word_1_500' title='bbox 1511 3973 1594 4018; x_wconf 87' lang='lat' dir='ltr'><strong>est</strong></span> <span class='ocrx_word' id='word_1_501' title='bbox 1627 3965 1742 4018; x_wconf 84' lang='lat' dir='ltr'><strong>leve</strong></span> 
     </span>
    </p>
   </div>
   <div class='ocr_carea' id='block_1_70' title="bbox 158 4055 1738 4129">
    <p class='ocr_par' dir='ltr' id='par_1_70' title="bbox 158 4055 1738 4129">
     <span class='ocr_line' id='line_1_70' title="bbox 158 4055 1738 4129; baseline -0.001 -19"><span class='ocrx_word' id='word_1_502' title='bbox 158 4062 306 4129; x_wconf 82' lang='lat' dir='ltr'><strong>quod</strong></span> <span class='ocrx_word' id='word_1_503' title='bbox 330 4056 500 4129; x_wconf 79' lang='lat'><strong>550</strong></span> <span class='ocrx_word' id='word_1_504' title='bbox 534 4058 630 4108; x_wconf 86' lang='lat' dir='ltr'><strong>tibi</strong></span> <span class='ocrx_word' id='word_1_505' title='bbox 664 4055 921 4124; x_wconf 74' lang='lat' dir='ltr'><strong>impingit</strong></span> <span class='ocrx_word' id='word_1_506' title='bbox 949 4061 1112 4108; x_wconf 67' lang='lat' dir='ltr'><strong>tanta:</strong></span> <span class='ocrx_word' id='word_1_507' title='bbox 1147 4056 1298 4108; x_wconf 87' lang='lat' dir='ltr'><strong>urbis</strong></span> <span class='ocrx_word' id='word_1_508' title='bbox 1355 4056 1619 4123; x_wconf 75' lang='lat' dir='ltr'><strong>pontifex,</strong></span> <span class='ocrx_word' id='word_1_509' title='bbox 1659 4055 1738 4109; x_wconf 91' lang='lat' dir='ltr'><strong>vel</strong></span> 
     </span>
    </p>
   </div>
   <div class='ocr_carea' id='block_1_71' title="bbox 160 4147 1742 4217">
    <p class='ocr_par' dir='ltr' id='par_1_71' title="bbox 160 4147 1742 4217">
     <span class='ocr_line' id='line_1_71' title="bbox 160 4147 1742 4217; baseline -0.001 -12"><span class='ocrx_word' id='word_1_510' title='bbox 160 4155 231 4207; x_wconf 87' lang='lat' dir='ltr'><strong>ab</strong></span> <span class='ocrx_word' id='word_1_511' title='bbox 258 4153 373 4205; x_wconf 83' lang='lat' dir='ltr'><strong>alio</strong></span> <span class='ocrx_word' id='word_1_512' title='bbox 429 4151 707 4217; x_wconf 87' lang='lat' dir='ltr'><strong>objectum</strong></span> <span class='ocrx_word' id='word_1_513' title='bbox 741 4159 948 4202; x_wconf 75' lang='lat' dir='ltr'><strong>temere</strong></span> <span class='ocrx_word' id='word_1_514' title='bbox 1004 4150 1266 4217; x_wconf 60' lang='lat' dir='ltr'><strong>suscepit.</strong></span> <span class='ocrx_word' id='word_1_515' title='bbox 1317 4147 1632 4205; x_wconf 82' lang='lat' dir='ltr'><strong>Vocifcrare</strong></span> <span class='ocrx_word' id='word_1_516' title='bbox 1690 4159 1742 4204; x_wconf 86' lang='lat' dir='ltr'><strong>et</strong></span> 
     </span>
    </p>
   </div>
   <div class='ocr_carea' id='block_1_72' title="bbox 159 4241 1741 4313">
    <p class='ocr_par' dir='ltr' id='par_1_72' title="bbox 159 4241 1741 4313">
     <span class='ocr_line' id='line_1_72' title="bbox 159 4241 1741 4313; baseline -0.002 -12"><span class='ocrx_word' id='word_1_517' title='bbox 159 4247 383 4301; x_wconf 77' lang='lat' dir='ltr'><strong>clamita</strong></span> <span class='ocrx_word' id='word_1_518' title='bbox 413 4259 514 4313; x_wconf 90' lang='lat' dir='ltr'><strong>per</strong></span> <span class='ocrx_word' id='word_1_519' title='bbox 542 4245 800 4310; x_wconf 80' lang='lat' dir='ltr'><strong>compita,</strong></span> <span class='ocrx_word' id='word_1_520' title='bbox 830 4257 924 4310; x_wconf 90' lang='lat' dir='ltr'><strong>per</strong></span> <span class='ocrx_word' id='word_1_521' title='bbox 978 4241 1186 4310; x_wconf 82' lang='lat' dir='ltr'><strong>plateas</strong></span> <span class='ocrx_word' id='word_1_522' title='bbox 1219 4254 1234 4297; x_wconf 85' lang='lat'><strong>:</strong></span> <span class='ocrx_word' id='word_1_523' title='bbox 1290 4241 1404 4298; x_wconf 64' lang='lat' dir='ltr'><strong>Non</strong></span> <span class='ocrx_word' id='word_1_524' title='bbox 1450 4255 1534 4298; x_wconf 87' lang='lat' dir='ltr'><strong>est</strong></span> <span class='ocrx_word' id='word_1_525' title='bbox 1595 4261 1741 4298; x_wconf 78' lang='lat' dir='ltr'><strong>meus</strong></span> 
     </span>
    </p>
   </div>
   <div class='ocr_carea' id='block_1_73' title="bbox 159 4334 1738 4400">
    <p class='ocr_par' dir='ltr' id='par_1_73' title="bbox 159 4334 1738 4400">
     <span class='ocr_line' id='line_1_73' title="bbox 159 4334 1738 4400; baseline -0.001 -8"><span class='ocrx_word' id='word_1_526' title='bbox 159 4340 301 4392; x_wconf 84' lang='lat' dir='ltr'><strong>liber</strong></span> <span class='ocrx_word' id='word_1_527' title='bbox 337 4338 394 4400; x_wconf 75' lang='grc' dir='ltr'><strong>’ς</strong></span> <span class='ocrx_word' id='word_1_528' title='bbox 456 4345 513 4388; x_wconf 87' lang='lat' dir='ltr'><strong>et</strong></span> <span class='ocrx_word' id='word_1_529' title='bbox 544 4335 589 4387; x_wconf 76' lang='lat' dir='ltr'><strong>si</strong></span> <span class='ocrx_word' id='word_1_530' title='bbox 641 4348 793 4386; x_wconf 66' lang='lat' dir='ltr'><strong>tuens</strong></span> <span class='ocrx_word' id='word_1_531' title='bbox 849 4340 953 4393; x_wconf 87' lang='lat' dir='ltr'><strong>est,</strong></span> <span class='ocrx_word' id='word_1_532' title='bbox 1015 4334 1305 4386; x_wconf 77' lang='lat' dir='ltr'><strong>scin-dolos</strong></span> <span class='ocrx_word' id='word_1_533' title='bbox 1363 4335 1738 4390; x_wconf 85' lang='lat' dir='ltr'><strong>inemendatas</strong></span> 
     </span>
    </p>
   </div>
   <div class='ocr_carea' id='block_1_74' title="bbox 163 4425 1742 4496">
    <p class='ocr_par' dir='ltr' id='par_1_74' title="bbox 163 4425 1742 4496">
     <span class='ocr_line' id='line_1_74' title="bbox 163 4425 1742 4496; baseline -0.003 -12"><span class='ocrx_word' id='word_1_534' title='bbox 163 4432 440 4485; x_wconf 75' lang='lat' dir='ltr'><strong>liu=e|tius</strong></span> <span class='ocrx_word' id='word_1_535' title='bbox 471 4427 618 4480; x_wconf 89' lang='lat' dir='ltr'><strong>furto</strong></span> <span class='ocrx_word' id='word_1_536' title='bbox 652 4425 899 4479; x_wconf 89' lang='lat' dir='ltr'><strong>abstulit.</strong></span> <span class='ocrx_word' id='word_1_537' title='bbox 928 4425 1100 4478; x_wconf 79' lang='lat' dir='ltr'><strong>Aliter</strong></span> <span class='ocrx_word' id='word_1_538' title='bbox 1131 4441 1231 4496; x_wconf 79' lang='lat' dir='ltr'><strong>ego</strong></span> <span class='ocrx_word' id='word_1_539' title='bbox 1264 4426 1430 4491; x_wconf 82' lang='lat' dir='ltr'><strong>edidi,</strong></span> <span class='ocrx_word' id='word_1_540' title='bbox 1485 4427 1594 4480; x_wconf 86' lang='lat' dir='ltr'><strong>imo</strong></span> <span class='ocrx_word' id='word_1_541' title='bbox 1643 4443 1742 4480; x_wconf 88' lang='lat' dir='ltr'><strong>nec</strong></span> 
     </span>
    </p>
   </div>
   <div class='ocr_carea' id='block_1_75' title="bbox 162 4518 1737 4586">
    <p class='ocr_par' dir='ltr' id='par_1_75' title="bbox 162 4518 1737 4586">
     <span class='ocr_line' id='line_1_75' title="bbox 162 4518 1737 4586; baseline -0.001 -12"><span class='ocrx_word' id='word_1_542' title='bbox 162 4522 311 4576; x_wconf 84' lang='lat' dir='ltr'><strong>edidi</strong></span> <span class='ocrx_word' id='word_1_543' title='bbox 363 4518 510 4572; x_wconf 63' lang='lat' dir='ltr'><strong>Nulli</strong></span> <span class='ocrx_word' id='word_1_544' title='bbox 540 4533 634 4571; x_wconf 86' lang='lat' dir='ltr'><strong>cas</strong></span> <span class='ocrx_word' id='word_1_545' title='bbox 659 4518 852 4578; x_wconf 68' lang='grc' dir='ltr'>ιιι-διδ.</span> <span class='ocrx_word' id='word_1_546' title='bbox 888 4527 979 4570; x_wconf 89' lang='lat' dir='ltr'><strong>aut</strong></span> <span class='ocrx_word' id='word_1_547' title='bbox 1032 4528 1181 4570; x_wconf 89' lang='lat' dir='ltr'><strong>certe</strong></span> <span class='ocrx_word' id='word_1_548' title='bbox 1228 4520 1457 4586; x_wconf 89' lang='lat' dir='ltr'><strong>paucis;</strong></span> <span class='ocrx_word' id='word_1_549' title='bbox 1526 4527 1578 4572; x_wconf 92' lang='lat' dir='ltr'><strong>et</strong></span> <span class='ocrx_word' id='word_1_550' title='bbox 1631 4531 1737 4572; x_wconf 85' lang='lat' dir='ltr'><strong>tant</strong></span> 
     </span>
    </p>
   </div>
   <div class='ocr_carea' id='block_1_76' title="bbox 1846 3319 3417 3390">
    <p class='ocr_par' dir='ltr' id='par_1_76' title="bbox 1846 3319 3417 3390">
     <span class='ocr_line' id='line_1_76' title="bbox 1846 3319 3417 3390; baseline 0.003 -18"><span class='ocrx_word' id='word_1_551' title='bbox 1846 3319 1948 3372; x_wconf 88' lang='lat' dir='ltr'><strong>ista</strong></span> <span class='ocrx_word' id='word_1_552' title='bbox 1987 3319 2188 3388; x_wconf 90' lang='lat' dir='ltr'><strong>siquid</strong></span> <span class='ocrx_word' id='word_1_553' title='bbox 2243 3319 2297 3372; x_wconf 91' lang='lat' dir='ltr'><strong>in</strong></span> <span class='ocrx_word' id='word_1_554' title='bbox 2358 3331 2407 3374; x_wconf 89' lang='lat' dir='ltr'><strong>te</strong></span> <span class='ocrx_word' id='word_1_555' title='bbox 2459 3336 2712 3390; x_wconf 88' lang='lat' dir='ltr'><strong>asperum</strong></span> <span class='ocrx_word' id='word_1_556' title='bbox 2777 3322 2986 3387; x_wconf 71' lang='lat' dir='ltr'><strong>dixero,</strong></span> <span class='ocrx_word' id='word_1_557' title='bbox 3053 3327 3234 3378; x_wconf 81' lang='lat' dir='ltr'><strong>statim</strong></span> <span class='ocrx_word' id='word_1_558' title='bbox 3287 3324 3417 3378; x_wconf 88' lang='lat' dir='ltr'><strong>mihi</strong></span> 
     </span>
    </p>
   </div>
   <div class='ocr_carea' id='block_1_77' title="bbox 1849 3414 3416 3480">
    <p class='ocr_par' dir='ltr' id='par_1_77' title="bbox 1849 3414 3416 3480">
     <span class='ocr_line' id='line_1_77' title="bbox 1849 3414 3416 3480; baseline 0.006 -18"><span class='ocrx_word' id='word_1_559' title='bbox 1849 3414 2305 3480; x_wconf 72' lang='lat' dir='ltr'><strong>proser‘ptionent</strong></span> <span class='ocrx_word' id='word_1_560' title='bbox 2349 3422 2403 3466; x_wconf 92' lang='lat' dir='ltr'><strong>et</strong></span> <span class='ocrx_word' id='word_1_561' title='bbox 2449 3414 2658 3480; x_wconf 73' lang='lat' dir='ltr'><strong>gladios</strong></span> <span class='ocrx_word' id='word_1_562' title='bbox 2689 3415 3066 3470; x_wconf 85' lang='lat' dir='ltr'><strong>comminaris.</strong></span> <span class='ocrx_word' id='word_1_563' title='bbox 3105 3417 3171 3471; x_wconf 86' lang='lat' dir='ltr'><strong>Et</strong></span> <span class='ocrx_word' id='word_1_564' title='bbox 3200 3418 3416 3472; x_wconf 88' lang='lat' dir='ltr'><strong>interim</strong></span> 
     </span>
    </p>
   </div>
   <div class='ocr_carea' id='block_1_78' title="bbox 1849 3503 3418 3576">
    <p class='ocr_par' dir='ltr' id='par_1_78' title="bbox 1849 3503 3418 3576">
     <span class='ocr_line' id='line_1_78' title="bbox 1849 3503 3418 3576; baseline 0.007 -20"><span class='ocrx_word' id='word_1_565' title='bbox 1849 3503 2008 3557; x_wconf 83' lang='lat' dir='ltr'><strong>homo</strong></span> <span class='ocrx_word' id='word_1_566' title='bbox 2034 3507 2527 3574; x_wconf 83' lang='lat' dir='ltr'><strong>eloquentissimus</strong></span> <span class='ocrx_word' id='word_1_567' title='bbox 2559 3519 2676 3560; x_wconf 89' lang='lat' dir='ltr'><strong>arte</strong></span> <span class='ocrx_word' id='word_1_568' title='bbox 2706 3507 2850 3561; x_wconf 84' lang='lat' dir='ltr'><strong>ludis</strong></span> <span class='ocrx_word' id='word_1_569' title='bbox 2909 3515 3202 3576; x_wconf 83' lang='lat' dir='ltr'><strong>rhetorica,</strong></span> <span class='ocrx_word' id='word_1_570' title='bbox 3231 3525 3286 3566; x_wconf 91' lang='lat' dir='ltr'><strong>et</strong></span> <span class='ocrx_word' id='word_1_571' title='bbox 3339 3515 3418 3566; x_wconf 85' lang='lat' dir='ltr'><strong>si-</strong></span> 
     </span>
    </p>
   </div>
   <div class='ocr_carea' id='block_1_79' title="bbox 1848 3597 3421 3673">
    <p class='ocr_par' dir='ltr' id='par_1_79' title="bbox 1848 3597 3421 3673">
     <span class='ocr_line' id='line_1_79' title="bbox 1848 3597 3421 3673; baseline 0.009 -25"><span class='ocrx_word' id='word_1_572' title='bbox 1848 3597 2024 3649; x_wconf 86' lang='lat' dir='ltr'><strong>mulas</strong></span> <span class='ocrx_word' id='word_1_573' title='bbox 2049 3606 2100 3649; x_wconf 90' lang='lat' dir='ltr'><strong>te</strong></span> <span class='ocrx_word' id='word_1_574' title='bbox 2130 3600 2410 3666; x_wconf 82' lang='lat' dir='ltr'><strong>praeterire</strong></span> <span class='ocrx_word' id='word_1_575' title='bbox 2437 3614 2558 3667; x_wconf 78' lang='lat' dir='ltr'><strong>qua:</strong></span> <span class='ocrx_word' id='word_1_576' title='bbox 2589 3601 2753 3666; x_wconf 85' lang='lat' dir='ltr'><strong>dicis,</strong></span> <span class='ocrx_word' id='word_1_577' title='bbox 2787 3613 2845 3656; x_wconf 93' lang='lat' dir='ltr'><strong>ut</strong></span> <span class='ocrx_word' id='word_1_578' title='bbox 2876 3604 2966 3671; x_wconf 91' lang='lat' dir='ltr'><strong>qui</strong></span> <span class='ocrx_word' id='word_1_579' title='bbox 3017 3603 3228 3672; x_wconf 86' lang='lat' dir='ltr'><strong>objecta</strong></span> <span class='ocrx_word' id='word_1_580' title='bbox 3293 3622 3421 3673; x_wconf 47' lang='lat' dir='ltr'><strong>pro.</strong></span> 
     </span>
    </p>
   </div>
   <div class='ocr_carea' id='block_1_80' title="bbox 1846 3690 3417 3762">
    <p class='ocr_par' dir='ltr' id='par_1_80' title="bbox 1846 3690 3417 3762">
     <span class='ocr_line' id='line_1_80' title="bbox 1846 3690 3417 3762; baseline 0.006 -18"><span class='ocrx_word' id='word_1_581' title='bbox 1846 3690 1976 3744; x_wconf 82' lang='lat' dir='ltr'><strong>bare</strong></span> <span class='ocrx_word' id='word_1_582' title='bbox 2005 3708 2113 3744; x_wconf 88' lang='lat' dir='ltr'><strong>non</strong></span> <span class='ocrx_word' id='word_1_583' title='bbox 2143 3703 2382 3760; x_wconf 85' lang='lat' dir='ltr'><strong>poteras,</strong></span> <span class='ocrx_word' id='word_1_584' title='bbox 2409 3693 2564 3762; x_wconf 89' lang='lat' dir='ltr'><strong>quasi</strong></span> <span class='ocrx_word' id='word_1_585' title='bbox 2598 3697 2965 3760; x_wconf 71' lang='lat' dir='ltr'><strong>praetermissa</strong></span> <span class='ocrx_word' id='word_1_586' title='bbox 3021 3697 3193 3752; x_wconf 84' lang='lat' dir='ltr'><strong>facias</strong></span> <span class='ocrx_word' id='word_1_587' title='bbox 3225 3697 3417 3754; x_wconf 87' lang='lat' dir='ltr'><strong>crimi-</strong></span> 
     </span>
    </p>
   </div>
   <div class='ocr_carea' id='block_1_81' title="bbox 1846 3783 3417 3857">
    <p class='ocr_par' dir='ltr' id='par_1_81' title="bbox 1846 3783 3417 3857">
     <span class='ocr_line' id='line_1_81' title="bbox 1846 3783 3417 3857; baseline 0.006 -20"><span class='ocrx_word' id='word_1_588' title='bbox 1846 3798 2002 3838; x_wconf 83' lang='lat' dir='ltr'><strong>nosa.</strong></span> <span class='ocrx_word' id='word_1_589' title='bbox 2039 3783 2163 3839; x_wconf 75' lang='lat' dir='ltr'><strong>llaec</strong></span> <span class='ocrx_word' id='word_1_590' title='bbox 2195 3795 2278 3838; x_wconf 83' lang='lat' dir='ltr'><strong>est</strong></span> <span class='ocrx_word' id='word_1_591' title='bbox 2335 3791 2425 3838; x_wconf 90' lang='lat' dir='ltr'><strong>tua</strong></span> <span class='ocrx_word' id='word_1_592' title='bbox 2483 3785 2637 3840; x_wconf 82' lang='lat' dir='ltr'><strong>tota&#39;</strong></span> <span class='ocrx_word' id='word_1_593' title='bbox 2693 3787 3040 3857; x_wconf 87' lang='lat' dir='ltr'><strong>simplicitas,</strong></span> <span class='ocrx_word' id='word_1_594' title='bbox 3109 3790 3188 3845; x_wconf 90' lang='lat' dir='ltr'><strong>sic</strong></span> <span class='ocrx_word' id='word_1_595' title='bbox 3238 3793 3417 3848; x_wconf 86' lang='lat' dir='ltr'><strong>amico</strong></span> 
     </span>
    </p>
   </div>
   <div class='ocr_carea' id='block_1_82' title="bbox 1847 3879 3418 3951">
    <p class='ocr_par' dir='ltr' id='par_1_82' title="bbox 1847 3879 3418 3951">
     <span class='ocr_line' id='line_1_82' title="bbox 1847 3879 3418 3951; baseline 0.006 -21"><span class='ocrx_word' id='word_1_596' title='bbox 1847 3880 2053 3946; x_wconf 83' lang='lat' dir='ltr'><strong>parcis,</strong></span> <span class='ocrx_word' id='word_1_597' title='bbox 2080 3889 2134 3932; x_wconf 87' lang='lat' dir='ltr'><strong>et</strong></span> <span class='ocrx_word' id='word_1_598' title='bbox 2166 3893 2414 3932; x_wconf 82' lang='lat' dir='ltr'><strong>reservas</strong></span> <span class='ocrx_word' id='word_1_599' title='bbox 2443 3887 2493 3932; x_wconf 88' lang='lat' dir='ltr'><strong>te</strong></span> <span class='ocrx_word' id='word_1_600' title='bbox 2542 3879 2610 3934; x_wconf 87' lang='lat' dir='ltr'><strong>ad</strong></span> <span class='ocrx_word' id='word_1_601' title='bbox 2671 3881 2968 3936; x_wconf 88' lang='lat' dir='ltr'><strong>tribunalia</strong></span> <span class='ocrx_word' id='word_1_602' title='bbox 3022 3882 3293 3951; x_wconf 90' lang='lat' dir='ltr'><strong>jndicum,</strong></span> <span class='ocrx_word' id='word_1_603' title='bbox 3354 3897 3418 3941; x_wconf 87' lang='lat' dir='ltr'><strong>ut</strong></span> 
     </span>
    </p>
   </div>
   <div class='ocr_carea' id='block_1_83' title="bbox 1844 3971 3304 4044">
    <p class='ocr_par' dir='ltr' id='par_1_83' title="bbox 1844 3971 3304 4044">
     <span class='ocr_line' id='line_1_83' title="bbox 1844 3971 3304 4044; baseline 0.007 -21"><span class='ocrx_word' id='word_1_604' title='bbox 1844 3985 2096 4024; x_wconf 80' lang='lat' dir='ltr'><strong>acervum</strong></span> <span class='ocrx_word' id='word_1_605' title='bbox 2127 3971 2416 4024; x_wconf 84' lang='lat' dir='ltr'><strong>criminum</strong></span> <span class='ocrx_word' id='word_1_606' title='bbox 2443 3971 2597 4037; x_wconf 89' lang='lat' dir='ltr'><strong>ntihi,</strong></span> <span class='ocrx_word' id='word_1_607' title='bbox 2620 3979 2747 4026; x_wconf 91' lang='lat' dir='ltr'><strong>dum</strong></span> <span class='ocrx_word' id='word_1_608' title='bbox 2781 3977 2983 4042; x_wconf 89' lang='lat' dir='ltr'><strong>parcis.</strong></span> <span class='ocrx_word' id='word_1_609' title='bbox 3012 3977 3304 4044; x_wconf 83' lang='lat' dir='ltr'><strong>objeceris.</strong></span> 
     </span>
    </p>
   </div>
   <div class='ocr_carea' id='block_1_84' title="bbox 1913 4062 3418 4138">
    <p class='ocr_par' dir='ltr' id='par_1_84' title="bbox 1913 4062 3418 4138">
     <span class='ocr_line' id='line_1_84' title="bbox 1913 4062 3418 4138; baseline 0.01 -23"><span class='ocrx_word' id='word_1_610' title='bbox 1913 4063 2005 4117; x_wconf 57' lang='grc' dir='ltr'><strong>Ξῖ.</strong></span> <span class='ocrx_word' id='word_1_611' title='bbox 2035 4062 2176 4118; x_wconf 77' lang='lat' dir='ltr'><strong>Ordo</strong></span> <span class='ocrx_word' id='word_1_612' title='bbox 2194 4065 2536 4132; x_wconf 76' lang='lat' dir='ltr'><strong>profectionis</strong></span> <span class='ocrx_word' id='word_1_613' title='bbox 2597 4065 2911 4138; x_wconf 80' lang='lat' dir='ltr'><strong>Hieronymi</strong></span> <span class='ocrx_word' id='word_1_614' title='bbox 2941 4075 3004 4124; x_wconf 77' lang='lat' dir='ltr'><strong>de</strong></span> <span class='ocrx_word' id='word_1_615' title='bbox 3029 4069 3187 4125; x_wconf 78' lang='lat' dir='ltr'><strong>Urbe.</strong></span> <span class='ocrx_word' id='word_1_616' title='bbox 3218 4101 3285 4112; x_wconf 90' lang='lat'><strong>—-</strong></span> <span class='ocrx_word' id='word_1_617' title='bbox 3326 4073 3418 4130; x_wconf 77' lang='lat' dir='ltr'><strong>Vis</strong></span> 
     </span>
    </p>
   </div>
   <div class='ocr_carea' id='block_1_85' title="bbox 1845 4157 3412 4233">
    <p class='ocr_par' dir='ltr' id='par_1_85' title="bbox 1845 4157 3412 4233">
     <span class='ocr_line' id='line_1_85' title="bbox 1845 4157 3412 4233; baseline 0.004 -20"><span class='ocrx_word' id='word_1_618' title='bbox 1845 4174 2004 4233; x_wconf 87' lang='lat' dir='ltr'><strong>nosse</strong></span> <span class='ocrx_word' id='word_1_619' title='bbox 2046 4157 2402 4226; x_wconf 82' lang='lat' dir='ltr'><strong>profectionis</strong></span> <span class='ocrx_word' id='word_1_620' title='bbox 2439 4175 2568 4213; x_wconf 78' lang='lat' dir='ltr'><strong>mea:</strong></span> <span class='ocrx_word' id='word_1_621' title='bbox 2594 4160 2660 4212; x_wconf 90' lang='lat' dir='ltr'><strong>de</strong></span> <span class='ocrx_word' id='word_1_622' title='bbox 2719 4159 2864 4215; x_wconf 89' lang='lat' dir='ltr'><strong>Urbe</strong></span> <span class='ocrx_word' id='word_1_623' title='bbox 2920 4163 3210 4218; x_wconf 79' lang='lat' dir='ltr'><strong>ordinem?</strong></span> <span class='ocrx_word' id='word_1_624' title='bbox 3269 4165 3412 4220; x_wconf 64' lang='lat' dir='ltr'><strong>Nar»</strong></span> 
     </span>
    </p>
   </div>
   <div class='ocr_carea' id='block_1_86' title="bbox 1844 4248 3412 4320">
    <p class='ocr_par' dir='ltr' id='par_1_86' title="bbox 1844 4248 3412 4320">
     <span class='ocr_line' id='line_1_86' title="bbox 1844 4248 3412 4320; baseline 0.007 -18"><span class='ocrx_word' id='word_1_625' title='bbox 1844 4250 1976 4302; x_wconf 86' lang='lat' dir='ltr'><strong>rabo</strong></span> <span class='ocrx_word' id='word_1_626' title='bbox 2037 4248 2290 4303; x_wconf 80' lang='lat' dir='ltr'><strong>breviter.</strong></span> <span class='ocrx_word' id='word_1_627' title='bbox 2360 4249 2542 4305; x_wconf 81' lang='lat' dir='ltr'><strong>Mense</strong></span> <span class='ocrx_word' id='word_1_628' title='bbox 2593 4250 2860 4320; x_wconf 77' lang='lat' dir='ltr'><strong>Angusto,</strong></span> <span class='ocrx_word' id='word_1_629' title='bbox 2924 4252 3180 4308; x_wconf 83' lang='lat' dir='ltr'><strong>ﬂantibus</strong></span> <span class='ocrx_word' id='word_1_630' title='bbox 3206 4260 3412 4320; x_wconf 73' lang='lat' dir='ltr'><strong>etesiis,</strong></span> 
     </span>
    </p>
   </div>
   <div class='ocr_carea' id='block_1_87' title="bbox 1845 4339 3409 4415">
    <p class='ocr_par' dir='ltr' id='par_1_87' title="bbox 1845 4339 3409 4415">
     <span class='ocr_line' id='line_1_87' title="bbox 1845 4339 3409 4415; baseline 0.006 -19"><span class='ocrx_word' id='word_1_631' title='bbox 1845 4359 1969 4396; x_wconf 89' lang='lat' dir='ltr'><strong>cum</strong></span> <span class='ocrx_word' id='word_1_632' title='bbox 2004 4351 2189 4395; x_wconf 83' lang='lat' dir='ltr'><strong>sam-to</strong></span> <span class='ocrx_word' id='word_1_633' title='bbox 2223 4339 2513 4396; x_wconf 86' lang='lat' dir='ltr'><strong>Vincentio</strong></span> <span class='ocrx_word' id='word_1_634' title='bbox 2573 4348 2916 4415; x_wconf 79' lang='lat' dir='ltr'><strong>presbytero,</strong></span> <span class='ocrx_word' id='word_1_635' title='bbox 2953 4359 3010 4401; x_wconf 88' lang='lat' dir='ltr'><strong>et</strong></span> <span class='ocrx_word' id='word_1_636' title='bbox 3063 4351 3409 4407; x_wconf 65' lang='lat' dir='ltr'><strong>adolescente.-</strong></span> 
     </span>
    </p>
   </div>
   <div class='ocr_carea' id='block_1_88' title="bbox 1847 4436 3410 4518">
    <p class='ocr_par' dir='ltr' id='par_1_88' title="bbox 1847 4436 3410 4518">
     <span class='ocr_line' id='line_1_88' title="bbox 1847 4436 3410 4518; baseline 0.008 -29"><span class='ocrx_word' id='word_1_637' title='bbox 1847 4436 2033 4499; x_wconf 86' lang='lat' dir='ltr'><strong>fratre,</strong></span> <span class='ocrx_word' id='word_1_638' title='bbox 2065 4446 2118 4490; x_wconf 92' lang='lat' dir='ltr'><strong>et</strong></span> <span class='ocrx_word' id='word_1_639' title='bbox 2165 4438 2291 4491; x_wconf 89' lang='lat' dir='ltr'><strong>aliis</strong></span> <span class='ocrx_word' id='word_1_640' title='bbox 2343 4439 2649 4501; x_wconf 81' lang='lat' dir='ltr'><strong>monachis,</strong></span> <span class='ocrx_word' id='word_1_641' title='bbox 2700 4441 2791 4508; x_wconf 89' lang='lat' dir='ltr'><strong>qui</strong></span> <span class='ocrx_word' id='word_1_642' title='bbox 2847 4457 2992 4495; x_wconf 91' lang='lat' dir='ltr'><strong>nunc</strong></span> <span class='ocrx_word' id='word_1_643' title='bbox 3027 4442 3410 4518; x_wconf 64' lang='lat' dir='ltr'><strong>Hierosolyma:</strong></span> 
     </span>
    </p>
   </div>
   <div class='ocr_carea' id='block_1_89' title="bbox 1845 4529 3412 4604">
    <p class='ocr_par' dir='ltr' id='par_1_89' title="bbox 1845 4529 3412 4604">
     <span class='ocr_line' id='line_1_89' title="bbox 1845 4529 3412 4604; baseline 0.01 -25"><span class='ocrx_word' id='word_1_644' title='bbox 1845 4537 2272 4594; x_wconf 88' lang='lat' dir='ltr'><strong>commorantur,</strong></span> <span class='ocrx_word' id='word_1_645' title='bbox 2321 4530 2499 4582; x_wconf 81' lang='lat' dir='ltr'><strong>navim</strong></span> <span class='ocrx_word' id='word_1_646' title='bbox 2548 4531 2600 4584; x_wconf 93' lang='lat' dir='ltr'><strong>in</strong></span> <span class='ocrx_word' id='word_1_647' title='bbox 2650 4529 2899 4588; x_wconf 76' lang='lat' dir='ltr'><strong>Romano</strong></span> <span class='ocrx_word' id='word_1_648' title='bbox 2956 4547 3114 4604; x_wconf 88' lang='lat' dir='ltr'><strong>portu</strong></span> <span class='ocrx_word' id='word_1_649' title='bbox 3181 4555 3412 4600; x_wconf 86' lang='lat' dir='ltr'><strong>securus</strong></span> 
     </span>
    </p>
   </div>
   <div class='ocr_carea' id='block_1_90' title="bbox 159 4603 3416 4703">
    <p class='ocr_par' dir='ltr' id='par_1_90' title="bbox 159 4603 3416 4703">
     <span class='ocr_line' id='line_1_90' title="bbox 159 4603 3416 4703; baseline -0.002 -33"><span class='ocrx_word' id='word_1_650' title='bbox 159 4617 470 4670; x_wconf 66' lang='lat' dir='ltr'><strong>sceleratus</strong></span> <span class='ocrx_word' id='word_1_651' title='bbox 503 4603 776 4670; x_wconf 74' lang='lat' dir='ltr'><strong>inimicus,</strong></span> <span class='ocrx_word' id='word_1_652' title='bbox 806 4618 911 4661; x_wconf 86' lang='lat' dir='ltr'><strong>tam</strong></span> <span class='ocrx_word' id='word_1_653' title='bbox 947 4609 1278 4677; x_wconf 68' lang='lat' dir='ltr'><strong>negligentes</strong></span> <span class='ocrx_word' id='word_1_654' title='bbox 1307 4611 1466 4662; x_wconf 89' lang='lat' dir='ltr'><strong>amici</strong></span> <span class='ocrx_word' id='word_1_655' title='bbox 1497 4611 1737 4677; x_wconf 89' lang='lat' dir='ltr'><strong>fuerunt,</strong></span> <span class='ocrx_word' id='word_1_656' title='bbox 1775 4603 1821 4660; x_wconf 80' lang='grc' dir='ltr'><strong>Ι)</strong></span> <span class='ocrx_word' id='word_1_657' title='bbox 1848 4624 2086 4684; x_wconf 43' lang='lat' dir='ltr'><strong>“unum,</strong></span> <span class='ocrx_word' id='word_1_658' title='bbox 2154 4624 2389 4677; x_wconf 59' lang='lat' dir='ltr'><strong>maxima</strong></span> <span class='ocrx_word' id='word_1_659' title='bbox 2450 4640 2536 4678; x_wconf 69' lang='lat' dir='ltr'><strong>me</strong></span> <span class='ocrx_word' id='word_1_660' title='bbox 2585 4637 2895 4679; x_wconf 64' lang='lat' dir='ltr'><strong>sanam-um</strong></span> <span class='ocrx_word' id='word_1_661' title='bbox 2938 4603 3235 4697; x_wconf 51' lang='lat' dir='ltr'><strong>frequentia</strong></span> <span class='ocrx_word' id='word_1_662' title='bbox 3294 4654 3416 4703; x_wconf 47' lang='lat' dir='ltr'><strong>pm,</strong></span> 
     </span>
    </p>
   </div>
   <div class='ocr_carea' id='block_1_91' title="bbox 162 4699 1736 4768">
    <p class='ocr_par' dir='ltr' id='par_1_91' title="bbox 162 4699 1736 4768">
     <span class='ocr_line' id='line_1_91' title="bbox 162 4699 1736 4768; baseline -0.004 -7"><span class='ocrx_word' id='word_1_663' title='bbox 162 4721 217 4761; x_wconf 89' lang='lat' dir='ltr'><strong>ut</strong></span> <span class='ocrx_word' id='word_1_664' title='bbox 254 4706 510 4762; x_wconf 77' lang='lat' dir='ltr'><strong>omnium</strong></span> <span class='ocrx_word' id='word_1_665' title='bbox 547 4704 764 4756; x_wconf 81' lang='lat' dir='ltr'><strong>codices</strong></span> <span class='ocrx_word' id='word_1_666' title='bbox 788 4703 854 4753; x_wconf 83' lang='lat' dir='ltr'><strong>ab</strong></span> <span class='ocrx_word' id='word_1_667' title='bbox 884 4716 947 4754; x_wconf 87' lang='lat' dir='ltr'><strong>eo</strong></span> <span class='ocrx_word' id='word_1_668' title='bbox 977 4705 1178 4768; x_wconf 84' lang='lat' dir='ltr'><strong>pariter</strong></span> <span class='ocrx_word' id='word_1_669' title='bbox 1205 4699 1560 4756; x_wconf 84' lang='lat' dir='ltr'><strong>falsarentur.</strong></span> <span class='ocrx_word' id='word_1_670' title='bbox 1597 4705 1736 4768; x_wconf 66' lang='lat' dir='ltr'><strong>llaec,</strong></span> 
     </span>
    </p>
   </div>
   <div class='ocr_carea' id='block_1_92' title="bbox 161 4795 1742 4857">
    <p class='ocr_par' dir='ltr' id='par_1_92' title="bbox 161 4795 1742 4857">
     <span class='ocr_line' id='line_1_92' title="bbox 161 4795 1742 4857; baseline -0.003 -3"><span class='ocrx_word' id='word_1_671' title='bbox 161 4803 333 4855; x_wconf 77' lang='lat' dir='ltr'><strong>frater</strong></span> <span class='ocrx_word' id='word_1_672' title='bbox 358 4797 710 4857; x_wconf 71' lang='lat' dir='ltr'><strong>Cil&#39;ﬂ’iSSillte,</strong></span> <span class='ocrx_word' id='word_1_673' title='bbox 733 4796 910 4847; x_wconf 78' lang='lat' dir='ltr'><strong>facere</strong></span> <span class='ocrx_word' id='word_1_674' title='bbox 950 4795 1243 4857; x_wconf 82' lang='lat' dir='ltr'><strong>debueras,</strong></span> <span class='ocrx_word' id='word_1_675' title='bbox 1293 4803 1347 4848; x_wconf 88' lang='lat' dir='ltr'><strong>et</strong></span> <span class='ocrx_word' id='word_1_676' title='bbox 1382 4813 1484 4847; x_wconf 88' lang='lat' dir='ltr'><strong>ttott</strong></span> <span class='ocrx_word' id='word_1_677' title='bbox 1522 4797 1592 4848; x_wconf 90' lang='lat' dir='ltr'><strong>illi</strong></span> <span class='ocrx_word' id='word_1_678' title='bbox 1637 4806 1742 4850; x_wconf 89' lang='lat' dir='ltr'><strong>ter-</strong></span> 
     </span>
    </p>
   </div>
   <div class='ocr_carea' id='block_1_93' title="bbox 161 4888 1738 4964">
    <p class='ocr_par' dir='ltr' id='par_1_93' title="bbox 161 4888 1738 4964">
     <span class='ocr_line' id='line_1_93' title="bbox 161 4888 1738 4964; baseline -0.002 -17"><span class='ocrx_word' id='word_1_679' title='bbox 161 4911 288 4964; x_wconf 73' lang='lat' dir='ltr'><strong>gum</strong></span> <span class='ocrx_word' id='word_1_680' title='bbox 323 4894 649 4952; x_wconf 65' lang='lat' dir='ltr'><strong>obverti-ns,</strong></span> <span class='ocrx_word' id='word_1_681' title='bbox 677 4889 730 4940; x_wconf 90' lang='lat' dir='ltr'><strong>in</strong></span> <span class='ocrx_word' id='word_1_682' title='bbox 787 4901 868 4939; x_wconf 88' lang='lat' dir='ltr'><strong>me</strong></span> <span class='ocrx_word' id='word_1_683' title='bbox 897 4888 1292 4940; x_wconf 70' lang='lat' dir='ltr'><strong>transmarinas</strong></span> <span class='ocrx_word' id='word_1_684' title='bbox 1328 4889 1738 4944; x_wconf 87' lang='lat' dir='ltr'><strong>maledictorum</strong></span> 
     </span>
    </p>
   </div>
   <div class='ocr_carea' id='block_1_94' title="bbox 164 4978 1740 5051">
    <p class='ocr_par' dir='ltr' id='par_1_94' title="bbox 164 4978 1740 5051">
     <span class='ocr_line' id='line_1_94' title="bbox 164 4978 1740 5051; baseline -0.003 -9"><span class='ocrx_word' id='word_1_685' title='bbox 164 5002 386 5042; x_wconf 81' lang='lat' dir='ltr'><strong>tuorum</strong></span> <span class='ocrx_word' id='word_1_686' title='bbox 446 4984 677 5051; x_wconf 69' lang='lat' dir='ltr'><strong>sagittas</strong></span> <span class='ocrx_word' id='word_1_687' title='bbox 707 4981 961 5048; x_wconf 78' lang='lat' dir='ltr'><strong>dirigere.</strong></span> <span class='ocrx_word' id='word_1_688' title='bbox 1015 4978 1155 5044; x_wconf 80' lang='lat' dir='ltr'><strong>Quid</strong></span> <span class='ocrx_word' id='word_1_689' title='bbox 1220 4984 1364 5034; x_wconf 90' lang='lat' dir='ltr'><strong>enim</strong></span> <span class='ocrx_word' id='word_1_690' title='bbox 1419 4983 1740 5037; x_wconf 81' lang='lat' dir='ltr'><strong>vulneribus</strong></span> 
     </span>
    </p>
   </div>
   <div class='ocr_carea' id='block_1_95' title="bbox 238 5093 1738 5162">
    <p class='ocr_par' dir='ltr' id='par_1_95' title="bbox 238 5093 1738 5162">
     <span class='ocr_line' id='line_1_95' title="bbox 238 5093 1738 5162; baseline -0.002 -8"><span class='ocrx_word' id='word_1_691' title='bbox 238 5099 468 5154; x_wconf 71' lang='lat' dir='ltr'><strong>’itialim</strong></span> <span class='ocrx_word' id='word_1_692' title='bbox 501 5093 748 5160; x_wconf 78' lang='lat' dir='ltr'><strong>equidem</strong></span> <span class='ocrx_word' id='word_1_693' title='bbox 774 5093 978 5161; x_wconf 81' lang='lat' dir='ltr'><strong>absque</strong></span> <span class='ocrx_word' id='word_1_694' title='bbox 1024 5094 1253 5162; x_wconf 70' lang='lat' dir='ltr'><strong>negandi</strong></span> <span class='ocrx_word' id='word_1_695' title='bbox 1307 5097 1596 5161; x_wconf 88' lang='lat' dir='ltr'><strong>particula,</strong></span> <span class='ocrx_word' id='word_1_696' title='bbox 1651 5099 1738 5151; x_wconf 83' lang='lat' dir='ltr'><strong>cui</strong></span> 
     </span>
    </p>
   </div>
   <div class='ocr_carea' id='block_1_96' title="bbox 162 5163 1734 5234">
    <p class='ocr_par' dir='ltr' id='par_1_96' title="bbox 162 5163 1734 5234">
     <span class='ocr_line' id='line_1_96' title="bbox 162 5163 1734 5234; baseline -0.004 -7"><span class='ocrx_word' id='word_1_697' title='bbox 162 5177 324 5227; x_wconf 74' lang='lat' dir='ltr'><strong>missa</strong></span> <span class='ocrx_word' id='word_1_698' title='bbox 360 5179 438 5222; x_wconf 64' lang='lat' dir='ltr'><strong>est</strong></span> <span class='ocrx_word' id='word_1_699' title='bbox 482 5182 500 5219; x_wconf 90' lang='lat'><strong><em>:</em></strong></span> <span class='ocrx_word' id='word_1_700' title='bbox 529 5163 809 5234; x_wconf 68' lang='lat' dir='ltr'><strong>netnpeab</strong></span> <span class='ocrx_word' id='word_1_701' title='bbox 837 5179 916 5226; x_wconf 86' lang='lat' dir='ltr'><strong>eo,</strong></span> <span class='ocrx_word' id='word_1_702' title='bbox 953 5163 1019 5216; x_wconf 89' lang='lat' dir='ltr'><strong>ad</strong></span> <span class='ocrx_word' id='word_1_703' title='bbox 1047 5181 1099 5217; x_wconf 80' lang='lat' dir='ltr'><strong>se</strong></span> <span class='ocrx_word' id='word_1_704' title='bbox 1149 5164 1388 5218; x_wconf 66' lang='lat' dir='ltr'><strong>debuisse</strong></span> <span class='ocrx_word' id='word_1_705' title='bbox 1419 5171 1734 5232; x_wconf 81' lang='lat' dir='ltr'><strong>transmitti,</strong></span> 
     </span>
    </p>
   </div>
   <div class='ocr_carea' id='block_1_97' title="bbox 162 5233 1737 5296">
    <p class='ocr_par' dir='ltr' id='par_1_97' title="bbox 162 5233 1737 5296">
     <span class='ocr_line' id='line_1_97' title="bbox 162 5233 1737 5296; baseline 0.001 -5"><span class='ocrx_word' id='word_1_706' title='bbox 162 5247 246 5296; x_wconf 77' lang='lat' dir='ltr'><strong>cui</strong></span> <span class='ocrx_word' id='word_1_707' title='bbox 309 5243 478 5291; x_wconf 63' lang='lat' dir='ltr'><strong>missa</strong></span> <span class='ocrx_word' id='word_1_708' title='bbox 567 5233 668 5295; x_wconf 76' lang='lat' dir='ltr'><strong>est,</strong></span> <span class='ocrx_word' id='word_1_709' title='bbox 722 5233 951 5286; x_wconf 71' lang='lat' dir='ltr'><strong>I’tulinus</strong></span> <span class='ocrx_word' id='word_1_710' title='bbox 1016 5240 1398 5296; x_wconf 70' lang='lat' dir='ltr'><strong>contr-luebat,</strong></span> <span class='ocrx_word' id='word_1_711' title='bbox 1448 5241 1657 5293; x_wconf 79' lang='lat' dir='ltr'><strong>scilicet</strong></span> <span class='ocrx_word' id='word_1_712' title='bbox 1707 5257 1737 5293; x_wconf 85' lang='lat' dir='ltr'><strong>a</strong></span> 
     </span>
    </p>
   </div>
   <div class='ocr_carea' id='block_1_98' title="bbox 162 5307 1733 5373">
    <p class='ocr_par' dir='ltr' id='par_1_98' title="bbox 162 5307 1733 5373">
     <span class='ocr_line' id='line_1_98' title="bbox 162 5307 1733 5373; baseline -0.004 -6"><span class='ocrx_word' id='word_1_713' title='bbox 162 5317 398 5368; x_wconf 76' lang='lat' dir='ltr'><strong>Joanne.</strong></span> <span class='ocrx_word' id='word_1_714' title='bbox 456 5307 822 5372; x_wconf 73' lang='lat' dir='ltr'><strong>Hieronymus</strong></span> <span class='ocrx_word' id='word_1_715' title='bbox 869 5314 1081 5366; x_wconf 88' lang='lat' dir='ltr'><strong>contra,</strong></span> <span class='ocrx_word' id='word_1_716' title='bbox 1149 5307 1307 5358; x_wconf 80' lang='lat' dir='ltr'><strong>stulte</strong></span> <span class='ocrx_word' id='word_1_717' title='bbox 1359 5308 1513 5359; x_wconf 79' lang='lat' dir='ltr'><strong>illum</strong></span> <span class='ocrx_word' id='word_1_718' title='bbox 1575 5311 1733 5373; x_wconf 75' lang='lat' dir='ltr'><strong>dicit,</strong></span> 
     </span>
    </p>
   </div>
   <div class='ocr_carea' id='block_1_99' title="bbox 162 5375 1736 5450">
    <p class='ocr_par' dir='ltr' id='par_1_99' title="bbox 162 5375 1736 5450">
     <span class='ocr_line' id='line_1_99' title="bbox 162 5375 1736 5450; baseline -0.001 -16"><span class='ocrx_word' id='word_1_719' title='bbox 162 5399 335 5450; x_wconf 57' lang='lat' dir='ltr'><strong>petere</strong></span> <span class='ocrx_word' id='word_1_720' title='bbox 363 5378 636 5441; x_wconf 58' lang='lat' dir='ltr'><strong>arenter</strong></span> <span class='ocrx_word' id='word_1_721' title='bbox 659 5375 891 5450; x_wconf 64' lang='lat' dir='ltr'><strong>epistoltc</strong></span> <span class='ocrx_word' id='word_1_722' title='bbox 921 5380 984 5426; x_wconf 87' lang='lat' dir='ltr'><strong>ab</strong></span> <span class='ocrx_word' id='word_1_723' title='bbox 1019 5392 1098 5450; x_wconf 77' lang='lat' dir='ltr'><strong>eo,</strong></span> <span class='ocrx_word' id='word_1_724' title='bbox 1127 5377 1210 5427; x_wconf 86' lang='lat' dir='ltr'><strong>cui</strong></span> <span class='ocrx_word' id='word_1_725' title='bbox 1239 5393 1397 5450; x_wconf 77' lang='lat' dir='ltr'><strong>nttssa</strong></span> <span class='ocrx_word' id='word_1_726' title='bbox 1428 5379 1516 5437; x_wconf 72' lang='lat' dir='ltr'><strong>sit,</strong></span> <span class='ocrx_word' id='word_1_727' title='bbox 1553 5390 1603 5432; x_wconf 80' lang='lat' dir='ltr'><strong>et</strong></span> <span class='ocrx_word' id='word_1_728' title='bbox 1631 5398 1736 5433; x_wconf 82' lang='lat' dir='ltr'><strong>non</strong></span> 
     </span>
    </p>
   </div>
   <div class='ocr_carea' id='block_1_100' title="bbox 165 5448 1735 5517">
    <p class='ocr_par' dir='ltr' id='par_1_100' title="bbox 165 5448 1735 5517">
     <span class='ocr_line' id='line_1_100' title="bbox 165 5448 1735 5517; baseline -0.001 -12"><span class='ocrx_word' id='word_1_729' title='bbox 165 5448 227 5506; x_wconf 74' lang='lat' dir='ltr'><strong>ab</strong></span> <span class='ocrx_word' id='word_1_730' title='bbox 249 5454 370 5516; x_wconf 80' lang='lat' dir='ltr'><strong>illo,</strong></span> <span class='ocrx_word' id='word_1_731' title='bbox 399 5466 487 5517; x_wconf 84' lang='lat' dir='ltr'><strong>qut</strong></span> <span class='ocrx_word' id='word_1_732' title='bbox 521 5449 742 5506; x_wconf 78' lang='lat' dir='ltr'><strong>miserit,</strong></span> <span class='ocrx_word' id='word_1_733' title='bbox 771 5448 982 5500; x_wconf 79' lang='lat' dir='ltr'><strong>scilicet</strong></span> <span class='ocrx_word' id='word_1_734' title='bbox 1002 5448 1307 5500; x_wconf 77' lang='lat' dir='ltr'><strong>Anastasio.</strong></span> <span class='ocrx_word' id='word_1_735' title='bbox 1373 5449 1518 5502; x_wconf 68' lang='lat' dir='ltr'><strong>Mlti]</strong></span> <span class='ocrx_word' id='word_1_736' title='bbox 1553 5459 1735 5505; x_wconf 87' lang='lat' dir='ltr'><strong>tamen</strong></span> 
     </span>
    </p>
   </div>
   <div class='ocr_carea' id='block_1_101' title="bbox 167 5529 818 5590">
    <p class='ocr_par' dir='ltr' id='par_1_101' title="bbox 167 5529 818 5590">
     <span class='ocr_line' id='line_1_101' title="bbox 167 5529 818 5590; baseline -0.011 -17"><span class='ocrx_word' id='word_1_737' title='bbox 167 5533 376 5590; x_wconf 57' lang='lat' dir='ltr'><strong>alisque.</strong></span> <span class='ocrx_word' id='word_1_738' title='bbox 407 5535 538 5570; x_wconf 66' lang='lat' dir='ltr'><strong>tttSs.</strong></span> <span class='ocrx_word' id='word_1_739' title='bbox 571 5529 818 5568; x_wconf 84' lang='lat' dir='ltr'><strong>ttntntltu.</strong></span> 
     </span>
    </p>
   </div>
   <div class='ocr_carea' id='block_1_102' title="bbox 237 5586 1577 5660">
    <p class='ocr_par' dir='ltr' id='par_1_102' title="bbox 237 5586 1577 5660">
     <span class='ocr_line' id='line_1_102' title="bbox 237 5586 1577 5660; baseline 0.003 -18"><span class='ocrx_word' id='word_1_740' title='bbox 237 5599 256 5626; x_wconf 80' lang='grc' dir='ltr'>ί</span> <span class='ocrx_word' id='word_1_741' title='bbox 287 5586 648 5646; x_wconf 54' lang='lat' dir='ltr'><strong>Tomitana-us</strong></span> <span class='ocrx_word' id='word_1_742' title='bbox 676 5596 797 5654; x_wconf 79' lang='lat' dir='ltr'><strong>pust</strong></span> <span class='ocrx_word' id='word_1_743' title='bbox 825 5586 1138 5650; x_wconf 85' lang='lat' dir='ltr'><strong>Erasmunt,</strong></span> <span class='ocrx_word' id='word_1_744' title='bbox 1171 5599 1217 5642; x_wconf 83' lang='lat' dir='ltr'><strong>et</strong></span> <span class='ocrx_word' id='word_1_745' title='bbox 1249 5592 1388 5660; x_wconf 86' lang='lat' dir='ltr'><strong>quod</strong></span> <span class='ocrx_word' id='word_1_746' title='bbox 1429 5591 1522 5644; x_wconf 85' lang='lat' dir='ltr'><strong>tibi</strong></span> <span class='ocrx_word' id='word_1_747' title='bbox 1558 5609 1577 5646; x_wconf 84' lang='lat'><strong>.&#39;</strong></span> 
     </span>
    </p>
   </div>
   <div class='ocr_carea' id='block_1_103' title="bbox 168 5672 468 5720">
    <p class='ocr_par' dir='ltr' id='par_1_103' title="bbox 168 5672 468 5720">
     <span class='ocr_line' id='line_1_103' title="bbox 168 5672 468 5720; baseline -0.023 0"><span class='ocrx_word' id='word_1_748' title='bbox 168 5682 270 5720; x_wconf 72' lang='lat' dir='ltr'><strong>IIIIS</strong></span> <span class='ocrx_word' id='word_1_749' title='bbox 300 5672 468 5714; x_wconf 72' lang='lat' dir='ltr'><strong>lcClB.</strong></span> 
     </span>
    </p>
   </div>
   <div class='ocr_carea' id='block_1_104' title="bbox 245 5729 1734 5797">
    <p class='ocr_par' dir='ltr' id='par_1_104' title="bbox 245 5729 1734 5797">
     <span class='ocr_line' id='line_1_104' title="bbox 245 5729 1734 5797; baseline 0.004 -16"><span class='ocrx_word' id='word_1_750' title='bbox 245 5737 264 5766; x_wconf 75' lang='grc'>³</span> <span class='ocrx_word' id='word_1_751' title='bbox 297 5734 470 5785; x_wconf 58' lang='lat' dir='ltr'><strong>Vetus</strong></span> <span class='ocrx_word' id='word_1_752' title='bbox 494 5729 626 5782; x_wconf 87' lang='lat' dir='ltr'><strong>edit.</strong></span> <span class='ocrx_word' id='word_1_753' title='bbox 661 5738 770 5780; x_wconf 87' lang='lat' dir='ltr'><strong>tum</strong></span> <span class='ocrx_word' id='word_1_754' title='bbox 799 5729 1000 5795; x_wconf 84' lang='lat' dir='ltr'><strong>aliquot</strong></span> <span class='ocrx_word' id='word_1_755' title='bbox 1035 5744 1200 5797; x_wconf 78' lang='lat' dir='ltr'><strong>penes</strong></span> <span class='ocrx_word' id='word_1_756' title='bbox 1234 5731 1439 5792; x_wconf 85' lang='lat' dir='ltr'><strong>Victor.</strong></span> <span class='ocrx_word' id='word_1_757' title='bbox 1466 5750 1596 5787; x_wconf 88' lang='lat' dir='ltr'><strong>mss.</strong></span> <span class='ocrx_word' id='word_1_758' title='bbox 1631 5751 1734 5787; x_wconf 83' lang='lat' dir='ltr'><strong>non</strong></span> 
     </span>
    </p>
   </div>
   <div class='ocr_carea' id='block_1_105' title="bbox 171 5799 1733 5872">
    <p class='ocr_par' dir='ltr' id='par_1_105' title="bbox 171 5799 1733 5872">
     <span class='ocr_line' id='line_1_105' title="bbox 171 5799 1733 5872; baseline 0 -15"><span class='ocrx_word' id='word_1_759' title='bbox 171 5818 245 5861; x_wconf 72' lang='lat' dir='ltr'><strong>est</strong></span> <span class='ocrx_word' id='word_1_760' title='bbox 270 5821 437 5860; x_wconf 69' lang='lat' dir='ltr'><strong>utens,</strong></span> <span class='ocrx_word' id='word_1_761' title='bbox 473 5817 574 5850; x_wconf 82' lang='lat' dir='ltr'><strong>non</strong></span> <span class='ocrx_word' id='word_1_762' title='bbox 601 5809 676 5850; x_wconf 76' lang='lat' dir='ltr'><strong>est</strong></span> <span class='ocrx_word' id='word_1_763' title='bbox 708 5799 858 5872; x_wconf 76' lang='lat' dir='ltr'><strong>liber,</strong></span> <span class='ocrx_word' id='word_1_764' title='bbox 903 5809 1033 5872; x_wconf 84' lang='lat' dir='ltr'><strong>ete.,</strong></span> <span class='ocrx_word' id='word_1_765' title='bbox 1057 5819 1216 5872; x_wconf 80' lang='lat' dir='ltr'><strong>quam</strong></span> <span class='ocrx_word' id='word_1_766' title='bbox 1253 5803 1626 5872; x_wconf 81' lang='lat' dir='ltr'><strong>repetitionem</strong></span> <span class='ocrx_word' id='word_1_767' title='bbox 1663 5806 1733 5858; x_wconf 81' lang='lat' dir='ltr'><strong>oh</strong></span> 
     </span>
    </p>
   </div>
   <div class='ocr_carea' id='block_1_106' title="bbox 170 5871 1027 5945">
    <p class='ocr_par' dir='ltr' id='par_1_106' title="bbox 170 5871 1027 5945">
     <span class='ocr_line' id='line_1_106' title="bbox 170 5871 1027 5945; baseline -0.006 -14"><span class='ocrx_word' id='word_1_768' title='bbox 170 5878 472 5945; x_wconf 71' lang='lat' dir='ltr'><strong>cmpbasrm</strong></span> <span class='ocrx_word' id='word_1_769' title='bbox 515 5871 788 5937; x_wconf 78' lang='lat' dir='ltr'><strong>impendio</strong></span> <span class='ocrx_word' id='word_1_770' title='bbox 814 5871 1027 5937; x_wconf 83' lang='lat' dir='ltr'><strong>probat.</strong></span> 
     </span>
    </p>
   </div>
   <div class='ocr_carea' id='block_1_107' title="bbox 1631 5595 1734 5648">
    <p class='ocr_par' dir='ltr' id='par_1_107' title="bbox 1631 5595 1734 5648">
     <span class='ocr_line' id='line_1_107' title="bbox 1631 5595 1734 5648; baseline 0.029 -3"><span class='ocrx_word' id='word_1_771' title='bbox 1631 5595 1734 5648; x_wconf 80' lang='lat' dir='ltr'><strong>nti—</strong></span> 
     </span>
    </p>
   </div>
   <div class='ocr_carea' id='block_1_108' title="bbox 1847 4712 3412 4790">
    <p class='ocr_par' dir='ltr' id='par_1_108' title="bbox 1847 4712 3412 4790">
     <span class='ocr_line' id='line_1_108' title="bbox 1847 4712 3412 4790; baseline 0.003 -22"><span class='ocrx_word' id='word_1_772' title='bbox 1847 4727 2126 4771; x_wconf 82' lang='lat' dir='ltr'><strong>sequente.</strong></span> <span class='ocrx_word' id='word_1_773' title='bbox 2166 4713 2300 4770; x_wconf 74' lang='lat' dir='ltr'><strong>Veni</strong></span> <span class='ocrx_word' id='word_1_774' title='bbox 2361 4714 2648 4781; x_wconf 67' lang='lat' dir='ltr'><strong>llltegiutu,</strong></span> <span class='ocrx_word' id='word_1_775' title='bbox 2701 4714 2752 4766; x_wconf 90' lang='lat' dir='ltr'><strong>in</strong></span> <span class='ocrx_word' id='word_1_776' title='bbox 2803 4712 3032 4785; x_wconf 70' lang='lat' dir='ltr'><strong>Scyllam</strong></span> <span class='ocrx_word' id='word_1_777' title='bbox 3065 4719 3245 4774; x_wconf 80' lang='lat' dir='ltr'><strong>littore</strong></span> <span class='ocrx_word' id='word_1_778' title='bbox 3278 4739 3412 4790; x_wconf 84' lang='lat' dir='ltr'><strong>pau-</strong></span> 
     </span>
    </p>
   </div>
   <div class='ocr_carea' id='block_1_109' title="bbox 1845 4807 3413 4883">
    <p class='ocr_par' dir='ltr' id='par_1_109' title="bbox 1845 4807 3413 4883">
     <span class='ocr_line' id='line_1_109' title="bbox 1845 4807 3413 4883; baseline -0.007 -16"><span class='ocrx_word' id='word_1_779' title='bbox 1845 4813 2016 4867; x_wconf 89' lang='lat' dir='ltr'><strong>lulutn</strong></span> <span class='ocrx_word' id='word_1_780' title='bbox 2050 4810 2195 4871; x_wconf 87' lang='lat' dir='ltr'><strong>steti.</strong></span> <span class='ocrx_word' id='word_1_781' title='bbox 2257 4809 2348 4862; x_wconf 89' lang='lat' dir='ltr'><strong>ubi</strong></span> <span class='ocrx_word' id='word_1_782' title='bbox 2411 4820 2622 4862; x_wconf 85' lang='lat' dir='ltr'><strong>veteres</strong></span> <span class='ocrx_word' id='word_1_783' title='bbox 2677 4807 2842 4861; x_wconf 79' lang='lat' dir='ltr'><strong>didici</strong></span> <span class='ocrx_word' id='word_1_784' title='bbox 2904 4809 3134 4872; x_wconf 83' lang='lat' dir='ltr'><strong>tabulas.</strong></span> <span class='ocrx_word' id='word_1_785' title='bbox 3165 4822 3219 4866; x_wconf 91' lang='lat' dir='ltr'><strong>et</strong></span> <span class='ocrx_word' id='word_1_786' title='bbox 3271 4831 3413 4883; x_wconf 53' lang='lat' dir='ltr'><strong>pra).</strong></span> 
     </span>
    </p>
   </div>
   <div class='ocr_carea' id='block_1_110' title="bbox 1846 4899 3411 4976">
    <p class='ocr_par' dir='ltr' id='par_1_110' title="bbox 1846 4899 3411 4976">
     <span class='ocr_line' id='line_1_110' title="bbox 1846 4899 3411 4976; baseline 0.002 -14"><span class='ocrx_word' id='word_1_787' title='bbox 1846 4909 1934 4976; x_wconf 89' lang='lat' dir='ltr'><strong>cip</strong></span> <span class='ocrx_word' id='word_1_788' title='bbox 1959 4916 2063 4960; x_wconf 91' lang='lat' dir='ltr'><strong>tem</strong></span> <span class='ocrx_word' id='word_1_789' title='bbox 2102 4901 2323 4973; x_wconf 84' lang='lat' dir='ltr'><strong>pellacis</strong></span> <span class='ocrx_word' id='word_1_790' title='bbox 2374 4901 2484 4974; x_wconf 70' lang='lat' dir='ltr'><strong>[AL</strong></span> <span class='ocrx_word' id='word_1_791' title='bbox 2538 4899 2772 4972; x_wconf 76' lang='lat' dir='ltr'><strong>fallacis]</strong></span> <span class='ocrx_word' id='word_1_792' title='bbox 2825 4901 3036 4970; x_wconf 82' lang='lat' dir='ltr'><strong>Ulyssis</strong></span> <span class='ocrx_word' id='word_1_793' title='bbox 3076 4921 3319 4973; x_wconf 87' lang='lat' dir='ltr'><strong>cursum,</strong></span> <span class='ocrx_word' id='word_1_794' title='bbox 3357 4924 3411 4965; x_wconf 86' lang='lat' dir='ltr'><strong>et</strong></span> 
     </span>
    </p>
   </div>
   <div class='ocr_carea' id='block_1_111' title="bbox 1845 4976 3412 5066">
    <p class='ocr_par' dir='ltr' id='par_1_111' title="bbox 1845 4995 3412 5066">
     <span class='ocr_line' id='line_1_111' title="bbox 1845 4995 3412 5066; baseline 0.001 -12"><span class='ocrx_word' id='word_1_795' title='bbox 1845 5001 2148 5054; x_wconf 83' lang='lat' dir='ltr'><strong>sirenarum</strong></span> <span class='ocrx_word' id='word_1_796' title='bbox 2176 4997 2410 5059; x_wconf 83' lang='lat' dir='ltr'><strong>cantica,</strong></span> <span class='ocrx_word' id='word_1_797' title='bbox 2450 5004 2502 5049; x_wconf 87' lang='lat' dir='ltr'><strong>et</strong></span> <span class='ocrx_word' id='word_1_798' title='bbox 2526 4995 2883 5048; x_wconf 86' lang='lat' dir='ltr'><strong>insatiabilem</strong></span> <span class='ocrx_word' id='word_1_799' title='bbox 2924 4995 3224 5066; x_wconf 83' lang='lat' dir='ltr'><strong>Charybdis</strong></span> <span class='ocrx_word' id='word_1_800' title='bbox 3255 5017 3412 5056; x_wconf 80' lang='lat' dir='ltr'><strong>vora-</strong></span> 
     </span>
    </p>
   </div>
   <div class='ocr_carea' id='block_1_112' title="bbox 1916 5107 3412 5166">
    <p class='ocr_par' dir='ltr' id='par_1_112' title="bbox 1916 5107 3412 5166">
     <span class='ocr_line' id='line_1_112' title="bbox 1916 5107 3412 5166; baseline -0.002 -4"><span class='ocrx_word' id='word_1_801' title='bbox 1916 5111 2110 5166; x_wconf 72' lang='lat' dir='ltr'><strong>‘Falso</strong></span> <span class='ocrx_word' id='word_1_802' title='bbox 2142 5118 2196 5162; x_wconf 77' lang='lat' dir='ltr'><strong>et</strong></span> <span class='ocrx_word' id='word_1_803' title='bbox 2223 5120 2410 5164; x_wconf 84' lang='lat' dir='ltr'><strong>contra</strong></span> <span class='ocrx_word' id='word_1_804' title='bbox 2446 5107 2666 5162; x_wconf 80' lang='lat' dir='ltr'><strong>Hieron.</strong></span> <span class='ocrx_word' id='word_1_805' title='bbox 2701 5124 2762 5160; x_wconf 84' lang='lat' dir='ltr'><strong>ac</strong></span> <span class='ocrx_word' id='word_1_806' title='bbox 2793 5108 2970 5160; x_wconf 77' lang='lat' dir='ltr'><strong>llulini</strong></span> <span class='ocrx_word' id='word_1_807' title='bbox 3007 5121 3238 5162; x_wconf 87' lang='lat' dir='ltr'><strong>tuentem</strong></span> <span class='ocrx_word' id='word_1_808' title='bbox 3270 5112 3316 5165; x_wconf 82' lang='grc' dir='ltr'><strong>Μ</strong></span> <span class='ocrx_word' id='word_1_809' title='bbox 3340 5134 3412 5166; x_wconf 83' lang='lat' dir='ltr'><strong>tr-</strong></span> 
     </span>
    </p>
   </div>
   <div class='ocr_carea' id='block_1_113' title="bbox 1845 5178 3408 5248">
    <p class='ocr_par' dir='ltr' id='par_1_113' title="bbox 1845 5178 3408 5248">
     <span class='ocr_line' id='line_1_113' title="bbox 1845 5178 3408 5248; baseline 0.002 -13"><span class='ocrx_word' id='word_1_810' title='bbox 1845 5184 2072 5237; x_wconf 67' lang='lat' dir='ltr'><strong>tianarus</strong></span> <span class='ocrx_word' id='word_1_811' title='bbox 2105 5181 2198 5236; x_wconf 87' lang='lat' dir='ltr'><strong>Uni</strong></span> <span class='ocrx_word' id='word_1_812' title='bbox 2229 5198 2316 5232; x_wconf 82' lang='lat' dir='ltr'><strong>eas</strong></span> <span class='ocrx_word' id='word_1_813' title='bbox 2341 5180 2483 5238; x_wconf 85' lang='lat' dir='ltr'><strong>dedi,</strong></span> <span class='ocrx_word' id='word_1_814' title='bbox 2517 5189 2622 5232; x_wconf 88' lang='lat' dir='ltr'><strong>etc.</strong></span> <span class='ocrx_word' id='word_1_815' title='bbox 2655 5178 2765 5230; x_wconf 85' lang='lat' dir='ltr'><strong>lloc</strong></span> <span class='ocrx_word' id='word_1_816' title='bbox 2815 5181 3044 5232; x_wconf 77' lang='lat' dir='ltr'><strong>maxime</strong></span> <span class='ocrx_word' id='word_1_817' title='bbox 3101 5196 3251 5248; x_wconf 75' lang='lat' dir='ltr'><strong>urget</strong></span> <span class='ocrx_word' id='word_1_818' title='bbox 3299 5195 3408 5240; x_wconf 86' lang='lat' dir='ltr'><strong>tota</strong></span> 
     </span>
    </p>
   </div>
   <div class='ocr_carea' id='block_1_114' title="bbox 1843 5249 3410 5320">
    <p class='ocr_par' dir='ltr' id='par_1_114' title="bbox 1843 5249 3410 5320">
     <span class='ocr_line' id='line_1_114' title="bbox 1843 5249 3410 5320; baseline -0.013 -13"><span class='ocrx_word' id='word_1_819' title='bbox 1843 5270 1940 5308; x_wconf 88' lang='lat' dir='ltr'><strong>stta</strong></span> <span class='ocrx_word' id='word_1_820' title='bbox 2003 5254 2234 5320; x_wconf 73' lang='lat' dir='ltr'><strong>epistola</strong></span> <span class='ocrx_word' id='word_1_821' title='bbox 2264 5255 2547 5318; x_wconf 75' lang='lat' dir='ltr'><strong>presbyter</strong></span> <span class='ocrx_word' id='word_1_822' title='bbox 2583 5249 3140 5320; x_wconf 50' lang='lat' dir='ltr'><strong>Aqtttleietisit,_qu0.j</strong></span> <span class='ocrx_word' id='word_1_823' title='bbox 3175 5257 3410 5307; x_wconf 48' lang='lat' dir='ltr'><strong>“ped”,</strong></span> 
     </span>
    </p>
   </div>
   <div class='ocr_carea' id='block_1_115' title="bbox 1843 5318 3403 5389">
    <p class='ocr_par' dir='ltr' id='par_1_115' title="bbox 1843 5318 3403 5389">
     <span class='ocr_line' id='line_1_115' title="bbox 1843 5318 3403 5389; baseline 0 -13"><span class='ocrx_word' id='word_1_824' title='bbox 1843 5325 1923 5377; x_wconf 78' lang='lat' dir='ltr'><strong>las</strong></span> <span class='ocrx_word' id='word_1_825' title='bbox 1950 5318 2068 5376; x_wconf 81' lang='lat' dir='ltr'><strong>illas</strong></span> <span class='ocrx_word' id='word_1_826' title='bbox 2104 5337 2213 5374; x_wconf 65' lang='lat' dir='ltr'><strong>suae</strong></span> <span class='ocrx_word' id='word_1_827' title='bbox 2249 5323 2716 5388; x_wconf 80' lang='lat' dir='ltr'><strong>ittterpretationts</strong></span> <span class='ocrx_word' id='word_1_828' title='bbox 2765 5332 2853 5370; x_wconf 87' lang='lat' dir='ltr'><strong>aut</strong></span> <span class='ocrx_word' id='word_1_829' title='bbox 2894 5318 3071 5372; x_wconf 78' lang='lat' dir='ltr'><strong>nullus</strong></span> <span class='ocrx_word' id='word_1_830' title='bbox 3121 5323 3403 5389; x_wconf 74' lang='lat' dir='ltr'><strong>habuerat,</strong></span> 
     </span>
    </p>
   </div>
   <div class='ocr_carea' id='block_1_116' title="bbox 1843 5389 3410 5460">
    <p class='ocr_par' dir='ltr' id='par_1_116' title="bbox 1843 5389 3410 5460">
     <span class='ocr_line' id='line_1_116' title="bbox 1843 5389 3410 5460; baseline -0.007 -14"><span class='ocrx_word' id='word_1_831' title='bbox 1843 5408 1932 5446; x_wconf 84' lang='lat' dir='ltr'><strong>aut</strong></span> <span class='ocrx_word' id='word_1_832' title='bbox 1963 5395 2249 5447; x_wconf 81' lang='lat' dir='ltr'><strong>admodum</strong></span> <span class='ocrx_word' id='word_1_833' title='bbox 2303 5393 2482 5460; x_wconf 81' lang='lat' dir='ltr'><strong>pauci.</strong></span> <span class='ocrx_word' id='word_1_834' title='bbox 2512 5389 2644 5443; x_wconf 84' lang='lat' dir='ltr'><strong>the</strong></span> <span class='ocrx_word' id='word_1_835' title='bbox 2679 5405 2843 5458; x_wconf 82' lang='lat' dir='ltr'><strong>snpra</strong></span> <span class='ocrx_word' id='word_1_836' title='bbox 2871 5406 3022 5446; x_wconf 88' lang='lat' dir='ltr'><strong>ttnttt.</strong></span> <span class='ocrx_word' id='word_1_837' title='bbox 3055 5393 3087 5444; x_wconf 83' lang='grc'><strong>5</strong></span> <span class='ocrx_word' id='word_1_838' title='bbox 3118 5404 3168 5446; x_wconf 89' lang='lat' dir='ltr'><strong>et</strong></span> <span class='ocrx_word' id='word_1_839' title='bbox 3219 5396 3410 5447; x_wconf 47' lang='lat' dir='ltr'><strong>subsea</strong></span> 
     </span>
    </p>
   </div>
   <div class='ocr_carea' id='block_1_117' title="bbox 1841 5478 2118 5534">
    <p class='ocr_par' dir='ltr' id='par_1_117' title="bbox 1841 5478 2118 5534">
     <span class='ocr_line' id='line_1_117' title="bbox 1841 5478 2118 5534; baseline 0.004 -17"><span class='ocrx_word' id='word_1_840' title='bbox 1841 5478 2118 5534; x_wconf 78' lang='grc' dir='ltr'>(ιιιιιιιιυιιι.</span> 
     </span>
    </p>
   </div>
   <div class='ocr_carea' id='block_1_118' title="bbox 1915 5529 3409 5603">
    <p class='ocr_par' dir='ltr' id='par_1_118' title="bbox 1915 5529 3409 5603">
     <span class='ocr_line' id='line_1_118' title="bbox 1915 5529 3409 5603; baseline 0.001 -14"><span class='ocrx_word' id='word_1_841' title='bbox 1915 5537 1934 5565; x_wconf 80' lang='grc'>⁸</span> <span class='ocrx_word' id='word_1_842' title='bbox 1965 5535 2326 5603; x_wconf 86' lang='lat' dir='ltr'><strong>lrroptionem</strong></span> <span class='ocrx_word' id='word_1_843' title='bbox 2367 5529 2567 5583; x_wconf 88' lang='lat' dir='ltr'><strong>Alarici</strong></span> <span class='ocrx_word' id='word_1_844' title='bbox 2601 5545 2720 5584; x_wconf 90' lang='lat' dir='ltr'><strong>cum</strong></span> <span class='ocrx_word' id='word_1_845' title='bbox 2776 5529 2967 5583; x_wconf 79' lang='lat' dir='ltr'><strong>Gothis</strong></span> <span class='ocrx_word' id='word_1_846' title='bbox 3003 5533 3054 5587; x_wconf 85' lang='lat' dir='ltr'><strong>in</strong></span> <span class='ocrx_word' id='word_1_847' title='bbox 3087 5535 3295 5589; x_wconf 83' lang='lat' dir='ltr'><strong>italiam</strong></span> <span class='ocrx_word' id='word_1_848' title='bbox 3343 5553 3409 5591; x_wconf 74' lang='lat' dir='ltr'><strong>ex</strong></span> 
     </span>
    </p>
   </div>
   <div class='ocr_carea' id='block_1_119' title="bbox 1841 5603 3052 5674">
    <p class='ocr_par' dir='ltr' id='par_1_119' title="bbox 1841 5603 3052 5674">
     <span class='ocr_line' id='line_1_119' title="bbox 1841 5603 3052 5674; baseline -0.041 -12"><span class='ocrx_word' id='word_1_849' title='bbox 1841 5609 2089 5674; x_wconf 75' lang='lat' dir='ltr'><strong>Aquili-iu</strong></span> <span class='ocrx_word' id='word_1_850' title='bbox 2116 5611 2179 5656; x_wconf 85' lang='lat' dir='ltr'><strong>ad</strong></span> <span class='ocrx_word' id='word_1_851' title='bbox 2211 5619 2304 5655; x_wconf 87' lang='lat' dir='ltr'><strong>an.</strong></span> <span class='ocrx_word' id='word_1_852' title='bbox 2329 5603 2451 5653; x_wconf 65' lang='grc'><strong>401.</strong></span> <span class='ocrx_word' id='word_1_853' title='bbox 2518 5673 2522 5674; x_wconf 13' lang='lat'><em>7</em></span> <span class='ocrx_word' id='word_1_854' title='bbox 2592 5673 2598 5674; x_wconf 14' lang='lat'><em>7</em></span> <span class='ocrx_word' id='word_1_855' title='bbox 2778 5673 2785 5674; x_wconf 11' lang='grc' dir='ltr'><strong><em>ἰ</em></strong></span> <span class='ocrx_word' id='word_1_856' title='bbox 3046 5606 3052 5612; x_wconf 89' lang='grc'><strong>.</strong></span> 
     </span>
    </p>
   </div>
   <div class='ocr_carea' id='block_1_120' title="bbox 1913 5673 3411 5730">
    <p class='ocr_par' dir='ltr' id='par_1_120' title="bbox 1913 5673 3411 5730">
     <span class='ocr_line' id='line_1_120' title="bbox 1913 5673 3411 5730; baseline 0.001 -2"><span class='ocrx_word' id='word_1_857' title='bbox 1913 5673 1932 5706; x_wconf 70' lang='grc'>⁸</span> <span class='ocrx_word' id='word_1_858' title='bbox 1961 5676 2196 5728; x_wconf 62' lang='lat' dir='ltr'><strong>ditatem</strong></span> <span class='ocrx_word' id='word_1_859' title='bbox 2231 5690 2335 5726; x_wconf 89' lang='lat' dir='ltr'><strong>tton</strong></span> <span class='ocrx_word' id='word_1_860' title='bbox 2364 5674 2486 5724; x_wconf 67' lang='lat' dir='ltr'><strong>ttrlit</strong></span> <span class='ocrx_word' id='word_1_861' title='bbox 2516 5673 2704 5725; x_wconf 77' lang='lat' dir='ltr'><strong>istlnec</strong></span> <span class='ocrx_word' id='word_1_862' title='bbox 2759 5673 3034 5727; x_wconf 81' lang='lat' dir='ltr'><strong>Anastasii</strong></span> <span class='ocrx_word' id='word_1_863' title='bbox 3093 5674 3167 5726; x_wconf 69' lang='lat' dir='ltr'><strong>de</strong></span> <span class='ocrx_word' id='word_1_864' title='bbox 3213 5675 3411 5730; x_wconf 83' lang='lat' dir='ltr'><strong>ltutioo</strong></span> 
     </span>
    </p>
   </div>
   <div class='ocr_carea' id='block_1_121' title="bbox 1839 5749 2093 5814">
    <p class='ocr_par' dir='ltr' id='par_1_121' title="bbox 1839 5749 2093 5814">
     <span class='ocr_line' id='line_1_121' title="bbox 1839 5749 2093 5814; baseline -0.02 -14"><span class='ocrx_word' id='word_1_865' title='bbox 1839 5749 2093 5814; x_wconf 80' lang='lat' dir='ltr'><strong>cpistola.</strong></span> 
     </span>
    </p>
   </div>
   <div class='ocr_carea' id='block_1_122' title="bbox 1915 5805 3408 5886">
    <p class='ocr_par' dir='ltr' id='par_1_122' title="bbox 1915 5805 3408 5886">
     <span class='ocr_line' id='line_1_122' title="bbox 1915 5805 3408 5886; baseline 0.001 -18"><span class='ocrx_word' id='word_1_866' title='bbox 1915 5817 1930 5844; x_wconf 91' lang='grc'>⁷</span> <span class='ocrx_word' id='word_1_867' title='bbox 1965 5814 2075 5868; x_wconf 74' lang='lat' dir='ltr'><strong>Vox</strong></span> <span class='ocrx_word' id='word_1_868' title='bbox 2107 5823 2215 5868; x_wconf 85' lang='lat' dir='ltr'><strong>tota</strong></span> <span class='ocrx_word' id='word_1_869' title='bbox 2250 5831 2312 5870; x_wconf 74' lang='lat' dir='ltr'><strong>ex</strong></span> <span class='ocrx_word' id='word_1_870' title='bbox 2347 5814 2508 5868; x_wconf 74' lang='lat' dir='ltr'><strong>reteri</strong></span> <span class='ocrx_word' id='word_1_871' title='bbox 2541 5815 2669 5869; x_wconf 76' lang='lat' dir='ltr'><strong>eJit.</strong></span> <span class='ocrx_word' id='word_1_872' title='bbox 2699 5825 2754 5870; x_wconf 79' lang='lat' dir='ltr'><strong>et</strong></span> <span class='ocrx_word' id='word_1_873' title='bbox 2811 5805 3048 5871; x_wconf 69' lang='lat' dir='ltr'><strong>Victoria</strong></span> <span class='ocrx_word' id='word_1_874' title='bbox 3110 5823 3408 5886; x_wconf 73' lang='lat' dir='ltr'><strong>suppletur.</strong></span> 
     </span>
    </p>
   </div>
  </div>
