4202 6494
746 418 852 484 495

1913 410 1976 468 S.
2014 405 2328 468 EUSEBII
2375 403 2819 466 HIERONYMI

3895 386 4010 454 496

749 542 949 608 ginem.
1015 534 1264 602 (lumque
1328 529 1458 584 mibi
1508 526 1707 582 accolae
1773 524 1916 579 illius
1983 522 2084 578 loci
2147 519 2316 573 multa
2351 526 2396 581 Α
2425 516 2642 587 phites;
2679 517 2768 572 hic
2798 515 2886 587 qui
2919 528 3013 570 sex
3049 511 3216 566 millia
3271 507 3520 608 Origenia
3549 506 3745 608 libros,
3774 513 3833 608 te
3859 515 4009 606 pra.-

746 637 1050 689 narrarent,
1083 629 1381 692 darentque
1415 619 1726 682 consilium,
1787 626 1843 670 ιιι
1897 631 2004 670 non
2033 612 2100 668 ad
2133 609 2312 665 Protei

746 725 1052 784 columnas,
1080 719 1172 772 scd
1215 717 1280 770 ad
1313 715 1464 769 .lonte
1521 723 1736 782 portum
1772 711 2081 778 navigarem
2117 724 2129 759 :
2161 706 2310 787 illum

748 819 891 870 enim
944 811 1260 882 fugientium
1335 817 1390 860 et
1439 807 1780 858 turbatorum
1841 803 1884 861 ',
1939 800 2082 852 hunc
2136 791 2311 850 securi

749 908 985 967 hominis
1014 921 1134 959 esse
1158 917 1402 966 cursum,
1465 897 1623 952 malui
1690 911 1786 964 per
1818 894 2015 947 Maleas
2041 901 2088 946 et
2131 890 2320 960 Cycla-

747 1003 847 1057 das
880 1001 1114 1070 Cyprum
1151 1009 1393 1065 pergere.
1444 990 1545 1045 Ubi
1605 997 1887 1054 susceptus
1947 1000 1976 1038 a
2019 985 2316 1038 venerabili

747 1097 1002 1165 episcopo
1039 1087 1358 1159 Epiphanio,
1391 1084 1551 1151 cujus
1597 1089 1651 1133 tu
1701 1077 2012 1132 testimonio
2045 1077 2315 1142 gloriaris,

748 1191 872 1244 veni
929 1183 1294 1242 Antiochiam,
1336 1178 1422 1231 ubi
1475 1175 1674 1230 fruitus
1742 1188 1862 1228 sum
1923 1171 2308 1225 communione

753 1284 1022 1355 pontificis
1067 1274 1505 1342 confessorisque
1562 1268 1793 1330 Paulini.
1834 1275 1887 1321 et
1937 1266 2205 1320 :leductus
2255 1263 2321 1317 ab

750 1397 816 1434 eo
861 1375 1032 1430 media
1091 1371 1267 1422 hieme
1327 1377 1379 1419 et
1446 1367 1643 1432 frigore
1696 1363 2062 1430 gravissimo,
2123 1356 2318 1411 intravi

753 1470 1202 1537 Hierosolymam.
1271 1461 1391 1516 Vidi
1475 1460 1639 1512 multa
1703 1454 1964 1510 miracula
2013 1469 2028 1519 ;
2077 1455 2137 1505 'et
2201 1463 2322 1518 quae

752 1565 902 1634 prius
958 1559 1024 1614 ad
1081 1575 1165 1612 me
1215 1557 1354 1609 fama
1411 1550 1725 1617 pertulerat,
1785 1549 2069 1600 oculorum
2113 1541 2323 1610 judicio

753 1655 1124 1724 comprobavi.
1178 1649 1307 1703 lnde
1370 1644 1634 1700 contendi
1698 1640 1989 1710 Egyptum
2024 1680 2038 1697 .
2097 1635 2323 1690 lustravi

758 1749 1088 1805 monasteria
1142 1742 1368 1805 l‘itrirc,
1442 1748 1495 1793 et
1562 1740 1699 1789 inter
1752 1744 2059 1788 sanctorum
2130 1732 2324 1782 choros

755 1843 975 1912 aspides
1022 1841 1190 1893 latere
1241 1832 1513 1904 perspexi.
1570 1829 1827 1884 Protinus
1886 1826 2101 1878 concito
2155 1823 2325 1891 gradu

759 1937 1032 1992 Bethleem
1092 1946 1264 1986 meam
1332 1940 1588 1980 reversus
1623 1938 1764 1981 smn,
1802 1920 1887 1971 ubi
1931 1918 2154 1972 odnrnvi
2191 1933 2325 1984 prae-

760 2047 890 2099 sepe
921 2037 974 2081 et
1001 2021 1330 2080 incunabula
1380 2014 1697 2072 Salvatoris.
1761 2010 1878 2067 Vidi
1906 2024 2121 2079 quoque
2151 2008 2326 2062 famo-

759 2127 1034 2182 sissimum
1097 2119 1299 2178 lacum,
1349 2128 1448 2167 nec
1504 2128 1587 2164 me
1622 2108 1777 2161 inerti
1809 2105 2006 2158 tradidi
2048 2103 2180 2168 Otio;
2233 2102 2328 2156 sed

762 2221 930 2273 multa
957 2212 1143 2274 didici,
1203 2222 1324 2276 quae
1354 2215 1473 2258 ante
1516 2201 1842 2256 nesciebam.
1878 2197 2014 2262 Quid
2053 2206 2234 2249 autem
2263 2195 2329 2247 de

761 2328 847 2367 me
889 2304 1387 2370 Rommjudicatum
1417 2298 1510 2358 sit,
1541 2303 1592 2346 et
1660 2291 1785 2360 quid
1818 2299 2000 2357 postea
2033 2288 2324 2355 scviptum,

758 2403 887 2457 nolo
917 2411 1121 2458 taceas,
1173 2389 1466 2460 praesertim
1523 2399 1644 2438 cum
1704 2381 1907 2434 habeas
1960 2377 2328 2432 testimonium

761 2495 876 2569 [ΑΙ.
934 2482 1267 2563 testimonio]
1335 2482 1748 2550 scripturarum,
1800 2482 1853 2529 et
1899 2487 1997 2540 ego
2025 2487 2126 2524 non
2150 2471 2331 2524 verbis

763 2590 870 2644 tuis
922 2579 1325 2656 quae-simulare
1361 2583 1534 2643 potes.
1572 2582 1625 2624 et
1654 2569 1917 2638 imponito
1937 2569 2144 2634 jactare
2184 2579 2332 2616 men-

762 2655 948 2742 dacio,
997 2675 1089 2727 sed
1147 2665 1365 2734 scriptis
1408 2660 1567 2731 552
1599 2657 1992 2712 ecclesiasticis
2024 2655 2332 2722 arguendos

763 2773 888 2826 sim.
943 2764 1078 2818 Vide
1135 2767 1394 2830 quantum
1461 2765 1511 2807 te
1566 2753 1805 2805 limi-am.
1861 2750 1916 2804 Si
1972 2750 2052 2800 vel
2115 2764 2332 2816 parvam

763 2857 1076 2916 schedulam
1112 2859 1300 2905 contra
1339 2862 1424 2899 me
1481 2842 1717 2919 Romani
1784 2839 2047 2909 episcopi,
2078 2847 2173 2890 aut
2197 2838 2329 2890 alte-

762 2955 880 3007 rius
914 2946 1165 3003 Ecclesia:
1214 2937 1526 3010 protuleris,
1593 2933 1774 2986 omnia
1807 2948 1925 3000 quae
1957 2931 2010 2984 in
2043 2939 2098 2985 tc
2133 2931 2332 2998 scripta

765 3054 911 3107 sunt,
981 3054 1099 3094 mea
1163 3032 1391 3087 crimina
1470 3027 1788 3082 confitebor.
1846 3022 2100 3088 Nunquid
2158 3032 2212 3075 et
2237 3038 2336 3090 ego

766 3149 1108 3204 nonpossent
1164 3127 1554 3197 profectionem
1623 3131 1769 3171 tuam
1838 3113 2335 3182 dist-utere?cujus

2419 621 2615 674 senta,
2670 611 2958 672 cantavit;
3018 607 3111 678 qui
3178 605 3424 659 omnium
3493 601 3739 672 gentium
3798 594 4008 661 linguis

2422 705 2861 777 praedicationem
2918 702 3018 757 sibi
3119 708 3308 754 contra
3360 695 3634 766 Originem
3697 690 4006 760 iniunctam

2421 808 2577 870 putat
2622 816 2635 862 ;
2671 798 2760 867 qui
2799 797 2918 850 ideo
2957 810 3082 848 cum
3135 792 3237 860 legi
3291 788 3562 860 prohibet,
3624 801 3690 840 ne
3728 781 3824 838 alii
3884 778 4009 846 eius

2422 895 2566 949 furta
2653 899 3023 960 cognoscant.
3089 905 3108 939 ι
3197 885 3337 954 Lege
3417 882 3620 950 scripta
3690 889 3837 940 tua,
3952 879 4010 923 et

2421 985 2712 1054 epistolam
2745 983 2886 1051 ejus,
2921 983 3029 1034 imo
3053 978 3336 1049 epistolas,
3371 990 3402 1030 e
3437 973 3640 1044 quibus
3669 985 3843 1025 unum
3878 981 4008 1037 pro-

2424 1079 2729 1132 feramtuae
2775 1075 2897 1130 fidei
2967 1071 3367 1136 testimonium,
3433 1076 3493 1122 ut
3549 1081 3656 1120 non
3724 1060 4008 1117 immerito

2428 1187 2575 1225 nunc
2613 1186 2639 1222 a
2699 1181 2751 1224 te
2809 1170 3067 1223 laudatus
3107 1181 3230 1221 esse
3283 1165 3551 1218 videatur.
3611 1179 3630 1210 ι
3665 1156 3742 1210 Te
3793 1165 4006 1212 autem.

2427 1267 2614 1326 frater.
2670 1267 2860 1320 liberet
2907 1265 3066 1324 Deus,
3101 1271 3154 1314 et
3179 1268 3431 1315 sanctum
3477 1255 3738 1324 populum
3769 1249 4007 1310 Christi,

2425 1361 2514 1429 qui
2550 1361 2641 1413 tibi
2697 1358 2936 1411 creditus
2985 1364 3089 1416 est.
3125 1361 3183 1407 et
3247 1365 3438 1405 omnes
3468 1347 3665 1402 fratres
3690 1345 3788 1414 qui
3823 1352 4006 1396 tecum

2428 1462 2578 1514 sunt,
2609 1457 2664 1504 et
2703 1449 2940 1504 maxime
2974 1446 3230 1501 Ruﬁnum
3289 1441 3690 1511 presbyterum,
3712 1437 3781 1491 ab
3809 1432 4009 1487 haeresi

2430 1543 2705 1611 Origenia,
2731 1549 2786 1595 et
2822 1541 2945 1596 aliis
2991 1537 3316 1599 hatresibus.
3365 1544 3420 1590 et
3447 1533 3758 1603 perditione
3786 1543 4007 1582 earum.

2432 1636 2486 1689 Si
2518 1636 2663 1688 enim
2701 1645 2924 1703 propter
2951 1649 3117 1686 unum
3149 1632 3402 1692 verbum,
3431 1639 3528 1680 aut
3559 1629 3692 1689 diro,
3717 1639 3844 1694 qua!
3873 1637 4011 1676 con-

2431 1729 2597 1780 traria
2627 1726 2748 1780 fidei
2797 1735 2948 1787 sunt,
3001 1725 3186 1778 multa:
3243 1725 3478 1776 hazreses
3515 1720 3746 1788 obiectae
3775 1725 3911 1772 sunt
3945 1716 4013 1765 ab

2435 1818 2696 1882 Ecclesia,
2722 1830 2928 1887 quanto
2980 1818 3156 1886 magis
3194 1816 3282 1869 hic
3322 1815 3463 1869 inter
3507 1813 3800 1867 haereticos
3830 1810 4014 1862 babe—

2434 1915 2595 1977 bitur,
2630 1914 2721 1982 qui
2746 1921 2923 1967 tantas
2975 1911 3380 1981 perversitates,
3423 1906 3583 1978 553
3616 1916 3674 1961 et
3722 1915 3831 1958 tam
3870 1903 4015 1956 mala

2431 2006 2680 2076 dogmata
2757 2017 2943 2058 contra
3004 2004 3161 2058 tidem
3229 2001 3549 2066 adinvenit,
3597 2000 3692 2053 Dei
3748 1998 4014 2052 Ecclesia

2434 2099 2605 2152 hostis
2635 2095 2883 2150 exstitit!
2919 2115 2937 2147 ι
2969 2093 3091 2149 Haec
3152 2102 3236 2149 est
3300 2093 3395 2147 viri
3440 2093 3612 2146 sancti
3645 2091 3714 2144 de
3766 2099 3822 2142 te
3860 2090 4017 2140 testi-

2434 2191 2650 2243 ﬁcatio:
2694 2187 2774 2243 sic
2833 2189 2900 2242 ab
2965 2202 3030 2241 eo
3091 2195 3336 2248 ornatus,
3362 2185 3441 2239 sic
3490 2184 3746 2237 laudatus
3776 2180 4012 2235 incedis.

2436 2279 2510 2333 lto
2543 2290 2626 2333 est
2650 2279 2878 2348 epistola
2924 2279 2966 2345 ³,
2997 2292 3161 2348 quam
3200 2278 3268 2332 de
3298 2277 3554 2332 cubiculo
3577 2277 3764 2332 fratris
3787 2277 4017 2331 Eusebii

2435 2371 2672 2425 nummis
2716 2369 2896 2424 aureis
2950 2368 3280 2436 produxisti.
3337 2379 3396 2422 ut
3457 2369 3885 2423 calumniareris
3918 2369 4008 2423 in-

2437 2470 2750 2529 terpretem,
2776 2471 2827 2514 et
2859 2476 2944 2515 me
2961 2461 3288 2529 apertissimi
3313 2468 3530 2514 teneres
3558 2461 3810 2514 criminis
3826 2476 4015 2527 reum,

2435 2569 2607 2623 quare
2658 2569 2754 2622 pro
2822 2553 3123 2606 honorabili
3182 2552 3551 2605 charissimam
3579 2553 4016 2606 transtulissem.

2439 2643 2543 2698 Sed
2569 2645 2698 2713 quid
2725 2643 2792 2698 ad
2821 2653 2894 2708 te,
2917 2645 3008 2713 qui
3063 2643 3319 2712 prttdenti
3366 2643 3600 2697 consilio
3655 2652 3858 2697 cuncta
3901 2662 4018 2696 mo-

2438 2738 2669 2800 deraris,
2699 2749 2752 2792 et
2779 2739 2856 2792 sic
2898 2737 3391 2800 medius--incedis,
3447 2747 3506 2790 ut
3539 2738 3584 2791 si
3610 2737 3891 2792 inveneris
3923 2739 4018 2807 qui

2440 2831 2532 2884 tibi
2570 2830 2836 2894 credant,
2901 2845 3000 2884 nec
3038 2830 3364 2884 Anastasius
3397 2839 3591 2883 contra
3642 2839 3712 2891 te,
3761 2844 3868 2884 nec
3894 2832 4020 2899 Epi-

2439 2923 2675 2992 phanius
2716 2922 3033 2990 scripserint
3067 2937 3082 2975 :
3121 2922 3224 2974 nisi
3278 2922 3408 2990 ipsa
3457 2921 3703 2990 epistola:
3751 2924 4022 2976 reclama-

2441 3017 2639 3078 verint,
2678 3027 2731 3066 et
2760 3011 3018 3080 fregerint
3071 3021 3177 3066 ιιιιε
3208 3013 3405 3067 frontis
3465 3015 3776 3076 audaciam,
3828 3016 4020 3070 statim

2435 3105 2700 3174 judicium
2744 3105 3025 3173 utriusque
3086 3112 3440 3168 contemnas,
3488 3115 3544 3159 et
3572 3121 3678 3158 non
3705 3106 3772 3158 ad
3812 3116 3868 3160 te
3899 3123 4025 3173 per-

765 3196 942 3288 malis
983 3196 1365 3280 fueris,'unde’
1423 3229 1529 3281 qm,
1587 3221 1830 3278 tempore
1881 3207 2197 3277 navigaris?
2241 3207 2330 3260 ubi
2363 3211 2404 3268 (ς
2443 3198 2634 3260 tincat,
2663 3197 2774 3249 sive
2807 3197 3152 3264 scripserint,
3184 3196 3301 3250 sive
3336 3212 3443 3249 non
3500 3197 3856 3264 scripserint,
3887 3199 4020 3264 quia

768 3317 964 3373 vixeris
990 3314 1013 3366 ’ἶ
1044 3310 1242 3380 quibus
1273 3302 1584 3358 interfueris
1611 3301 1634 3352 ?
1661 3297 1763 3353 Sed
1814 3299 1975 3364 absit,
2009 3308 2066 3350 ut
2090 3298 2235 3367 quod
2272 3297 2327 3350 in

771 3427 823 3470 te
849 3403 1207 3480 reprehendo,
1257 3398 1452 3451 faciam
1493 3413 1505 3448 :
1543 3403 1597 3448 et
1663 3395 1714 3446 in
1760 3393 2124 3447 ecclesiastica
2149 3393 2337 3459 dispu-

770 3503 998 3563 tatione,
1063 3493 1295 3548 anilium
1353 3488 1658 3558 jurgiorum
1697 3484 2057 3538 deliramenta
2084 3484 2339 3551 compin-

769 3609 914 3668 gam.
943 3590 1058 3644 Hoc
1091 3587 1268 3641 solum
1334 3579 1634 3651 prudentiae
1693 3589 1797 3631 tuae
1829 3575 2033 3630 dixisse
2084 3575 2338 3636 sutliciat,

771 3666 829 3742 ut
858 3697 1052 3741 caveas
1078 3679 1132 3732 in
1163 3677 1394 3729 alterum
1424 3669 1631 3734 dicere,
1687 3666 1952 3738 quidquid
1987 3669 2042 3720 in
2073 3675 2127 3720 te
2155 3668 2337 3720 simul

772 3779 1071 3847 retorqueri
1107 3779 1305 3841 potest.

843 3869 934 3925 23.
970 3865 1253 3922 Maledicta
1309 3861 1485 3928 Ruﬁni
1537 3861 1592 3914 in
1627 3854 1994 3924 Epiphaniam.
2056 3847 2343 3918 Epipltanii

777 3965 928 4034 epist.
965 3961 1031 4013 ad
1061 3956 1348 4010 Joannem.
1373 3981 1444 3992 ——
1473 3953 1532 4005 In
1575 3949 1747 4004 sancti
1809 3941 2093 4034 Epiphanii
2128 3940 2345 3994 nomine

780 4033 919 4108 tnira
983 4060 1072 4103 tua
1123 4046 1495 4116 tergiversatio
1529 4081 1544 4106 ,
1603 4051 1662 4094 ut
1743 4048 1863 4107 post
1909 4033 2178 4093 osculum,
2232 4039 2349 4099 post

777 4146 1102 4206 orationem,
1132 4154 1295 4208 neges
1335 4151 1459 4191 eum
1497 4142 1688 4188 contra
1714 4140 1766 4184 te
1800 4129 2045 4198 potuisse
2075 4123 2346 4179 scribere:

778 4239 1056 4310 quomodo
1114 4236 1160 4289 si
1213 4231 1512 4286 contendas
1561 4241 1666 4282 non
1728 4223 2143 4310 potuisseenm
2185 4214 2346 4278 mori,

779 4307 868 4396 qui
903 4325 1062 4396 paulo
1085 4334 1212 4376 ante
1280 4321 1506 4378 vixerat,
1563 4323 1654 4366 aut
1703 4312 1906 4364 certior
1936 4309 2008 4363 sit
2070 4307 2145 4359 tui
2168 4318 2350 4396 repre-

784 4394 995 4476 hensio.
1028 4429 1188 4484 quam
1237 4419 1358 4480 post
1417 4422 1601 4475 pacem
1662 4399 2172 4458 excommunicatio.
2210 4415 2228 4447 ι
2274 4394 2348 4448 Ex

787 4511 966 4572 nobis,
992 4507 1186 4574 inquit,
1225 4502 1524 4562 exierunt,
1562 4493 1656 4549 scd
1699 4509 1806 4547 non
1861 4491 2084 4546 fuerunt
2133 4503 2199 4541 ex
2253 4500 2352 4539 uo-

2443 3289 2510 3343 de
2568 3291 2858 3343 innocente
2917 3299 2973 3342 et
3014 3289 3238 3343 absente
3277 3292 3522 3344 scribere
3573 3305 3680 3344 non
3740 3292 4027 3358 potuerint

2444 3379 2557 3453 [ΑΙ.
2592 3379 2899 3451 potuerant]
2929 3381 2952 3434 ?
2982 3381 3091 3435 Nec
3114 3382 3166 3434 in
3223 3389 3471 3436 sanctum
3505 3382 3682 3435 virum
3726 3384 3848 3436 bare
3881 3385 4024 3436 mala

2442 3475 2770 3531 conferenda
2805 3485 2953 3539 sunt,
2995 3494 3014 3526 ι
3053 3486 3112 3529 ιιι
3170 3475 3494 3530 ostendatur
3558 3489 3653 3529 ore
3710 3476 3938 3544 quidem
3966 3486 4024 3530 et

2444 3571 2633 3624 osculo
2685 3586 2869 3639 pacem
2920 3570 3155 3634 dedisse,
3197 3571 3338 3622 mala
3395 3578 3574 3623 autem
3630 3578 3685 3622 et
3738 3571 3929 3624 dolum
3960 3570 4015 3622 in

2445 3680 2545 3718 suo
2578 3662 2740 3717 corde
2765 3678 3035 3718 servasse.
3103 3680 3122 3713 ι
3164 3660 3259 3716 Sic
3313 3663 3455 3715 enim
3490 3665 3919 3731 argumentaris,
3975 3673 4030 3715 ct

2446 3755 2565 3810 haec
2620 3765 2748 3808 sunt
2819 3756 2986 3808 verba
3043 3754 3392 3808 delensionis
3442 3765 3569 3808 tuae.
3652 3753 3834 3822 Ipsius
3905 3771 4030 3810 esse

2448 3847 2739 3902 adversum
2801 3858 2854 3902 te
2912 3849 3245 3916 epistolam,
3309 3858 3363 3901 et
3427 3849 3578 3901 orbis
3629 3851 3905 3916 agnoscit,
3977 3859 4031 3900 et

2451 3941 2822 3995 authenticam
2893 3941 2947 3996 in
2975 3956 3166 3994 manus
3197 3949 3321 3996 tuas
3348 3941 3565 3994 venisse
3593 3943 3987 3995 convincimus
4013 3959 4028 3994 :

2450 4043 2506 4086 et
2547 4035 2714 4085 miror
2765 4048 2872 4099 quo
2903 4033 3134 4100 pudore,
3196 4031 3304 4085 imo
3358 4047 3469 4100 qua
3537 4031 3875 4100 impudentia
3937 4048 4030 4087 ue-

2453 4138 2565 4192 ges,
2590 4121 2736 4191 quod
2779 4138 2962 4176 verum
2989 4136 3108 4176 esse
3138 4137 3246 4176 non
3297 4121 3531 4190 ambigis
3555 4122 3578 4173 ?
3605 4121 3746 4191 Ergo
3775 4123 4026 4190 pollutus

2454 4216 2560 4268 erit
2627 4214 2986 4283 Epiphanius,
3025 4215 3115 4283 qui
3177 4213 3277 4268 tibi
3331 4229 3520 4284 pacem
3547 4214 3716 4276 dedit,
3741 4225 3796 4268 et
3829 4216 3885 4268 in
3927 4232 4033 4268 suo

2453 4307 2617 4364 corde
2670 4307 2854 4361 dolum
2910 4306 3170 4360 servavit.
3235 4304 3347 4360 Cur
3389 4321 3499 4359 non
3539 4307 3672 4359 illud
3705 4309 3900 4362 verius
3933 4311 4032 4376 sit,

2455 4399 2600 4468 quod
2632 4408 2683 4454 te
2703 4400 2942 4470 primum
3006 4398 3286 4453 monuerit
3319 4398 3342 4451 ?
3401 4399 3549 4468 quod
3579 4399 3816 4454 voluerit
3849 4418 4040 4455 einen-

2458 4491 2609 4557 dare,
2641 4502 2694 4548 et
2725 4496 2792 4546 ad
2824 4501 3030 4546 rectum
3065 4493 3171 4546 iter
3197 4491 3481 4555 reducere,
3519 4503 3579 4544 ut
3604 4490 3761 4547 Iuda:
3778 4496 4035 4548 osculum

788 4605 917 4658 bis:
976 4598 1303 4653 mansissent
1350 4592 1535 4660 utique
1593 4586 1874 4640 nobiscum
1927 4581 1996 4652 (1
2063 4578 2224 4634 Joan.
2279 4575 2568 4644 tt,Dnon
2633 4585 2913 4651 refutaret,
2966 4592 3025 4637 ut
3054 4583 3389 4653 proditorem
3453 4581 3579 4637 ﬁdei
3635 4583 3917 4651 frangeret
3943 4601 4043 4654 pa-

785 4695 849 4747 19
881 4693 938 4759 ).
1001 4709 1019 4741 ι
1071 4687 1390 4741 Haereticum
1446 4689 1571 4752 post
1627 4695 1790 4734 unam
1841 4685 1896 4732 et
1952 4679 2172 4731 alteram
2211 4692 2358 4731 com-

786 4782 1139 4838 monitionem
1194 4777 1472 4831 vitandum
1537 4774 1832 4844 Apostolus
1882 4770 2125 4839 principii
2189 4769 2350 4839 (Tit.

787 4882 833 4937 ὖ,
884 4875 997 4941 10),
1060 4872 1150 4941 qui
1199 4871 1385 4939 utique
1434 4882 1727 4936 antequam
1781 4867 1980 4918 vitetur
2019 4872 2181 4929 atque
2207 4860 2356 4913 dam-

788 4984 962 5034 netur,
1015 4962 1368 5020 ecclesiastici
1424 4961 1602 5029 gregis
1650 4959 1825 5026 portio
1900 4957 2021 5012 fuit.
2071 4954 2355 5019 Simulque

788 5063 953 5113 risum
990 5066 1176 5111 tenere
1217 5067 1324 5106 non
1381 5067 1623 5118 possum,
1683 5048 1829 5117 quod
1861 5061 1889 5098 a
1921 5046 2154 5114 quodam
2222 5061 2351 5114 pru-

786 5160 946 5203 nente
976 5146 1361 5207 commonitus,
1396 5144 1448 5195 in
1483 5141 1674 5194 laudes
1699 5139 1983 5208 Epiphauii
2017 5153 2277 5204 personas
2310 5141 2350 5189 ἐ

795 5263 810 5292 ι
854 5241 951 5296 llic
982 5250 1066 5294 est
1095 5240 1182 5292 illc
1212 5237 1418 5291 delirus
1450 5249 1637 5296 scncv,
1691 5233 1779 5290 hic
1807 5243 1890 5285 est
1926 5231 2352 5296 anthropotnor-

864 5463 877 5491 ‘
905 5459 1240 5526 Praepostcre
1268 5458 1428 5510 habet
1460 5456 1738 5515 Martian..
1777 5469 1910 5526 cum
1942 5450 2192 5526 Erasmo,
2222 5451 2355 5526 hunc

789 5533 926 5583 enim
956 5523 1244 5597 fugientium
1291 5538 1337 5579 et
1362 5529 1712 5586 turbatorum,
1744 5525 1892 5577 illum
1937 5524 2105 5576 securi
2129 5523 2355 5597 [taurinis

790 5618 898 5652 esse
931 5593 1164 5650 cur—sum.
1225 5598 1593 5650 Eruendamus
1649 5611 1748 5662 0pc.
1815 5597 2014 5646 veteris
2075 5593 2353 5645 editionis.

793 5669 1068 5723 Victorius
1109 5671 1233 5720 item
1274 5668 1351 5720 sic
1413 5665 1748 5725 restituerat,
1790 5665 1933 5730 quod
1998 5677 2197 5714 sensus
2247 5663 2358 5727 ipsi:

794 5755 889 5808 per
922 5756 977 5791 se
1008 5739 1341 5808 ostendebat.
1388 5734 1734 5808 “Notmporro
1767 5741 1888 5785 sunt
1925 5733 2098 5808 Protei
2151 5733 2359 5808 colum-

793 5801 878 5862 ine
922 5811 1070 5874 juxta
1132 5806 1441 5876 Aigyptuut,
1473 5803 1699 5876 etJona:
1726 5815 1933 5872 portus,
1958 5805 2129 5876 id‘cst
2163 5801 2358 5876 Joppe,

795 5882 859 5932 de
894 5872 997 5949 qua
1038 5877 1181 5932 llier.
1207 5872 1326 5931 ium
1356 5875 1507 5940 alibi,
1551 5886 1660 5928 tum
1693 5876 1916 5941 epistola
1982 5872 2104 5934 108,
2140 5876 2202 5924 ad
2257 5872 2361 5925 Eu-

2477 4677 2667 4732 tientia
2708 4693 2723 4731 :
2759 4686 2815 4731 et
2869 4689 3158 4747 postquam
3209 4691 3269 4731 se
3293 4677 3561 4731 intellexit
3613 4692 3776 4732 casso
3838 4681 4041 4733 sudare

2460 4770 2665 4834 labore,
2697 4785 2793 4823 nec
2822 4769 3045 4837 pardum
3075 4781 3286 4823 mutare
3315 4771 3632 4837 varietates,
3661 4785 3764 4825 uec
3801 4769 4034 4826 ﬁtbio-

2463 4877 2581 4930 pem
2635 4861 2828 4931 pellem
2880 4877 3059 4927 suam,
3122 4862 3268 4932 quod
3342 4871 3525 4918 mente
3551 4874 3908 4934 conceperat,
3944 4866 4037 4918 lit-

2461 4955 2594 5006 teris
2628 4951 2899 5007 indicasse
2923 4954 2946 5006 ?

2535 5041 2934 5097 2LCalamnia
2998 5047 3058 5098 de
3119 5046 3241 5113 ﬁcta
3300 5061 3448 5112 pace.
3503 5047 3678 5100 Amici
3710 5045 4036 5117 Hieronymi

2467 5136 2686 5186 missiiu
2725 5133 3081 5192 Occidentem.
3115 5168 3182 5180 —
3212 5136 3342 5192 Tale
3402 5137 3533 5205 quid
3579 5148 3633 5192 et
3687 5145 3888 5192 contra
3945 5157 4036 5205 pa-

2467 5242 2587 5294 pam
2661 5228 3013 5283 Anastasium
3076 5229 3346 5299 disputas,
3395 5241 3454 5285 ut
3507 5231 3636 5301 quia
3679 5230 3869 5285 Siricii
3929 5232 4044 5299 epi-

2465 5456 2639 5507 stocli.
2668 5471 2769 5576 ἰῐι.
2800 5455 2852 5520 8,
2899 5473 2918 5505 ι
2954 5453 3122 5525 Joppe
3179 5471 3340 5524 neque
3395 5456 3642 5525 fugientia
3681 5466 3898 5524 portum
3951 5456 4045 5511 Je-

2467 5541 2567 5576 ηαι.
2608 5544 2624 5572 ι
2658 5541 2682 5576 e
2715 5541 2763 5576 c.

2467 5541 2567 5586 παι,
2608 5544 2624 5572 ι
2658 5541 2763 5580 etc.

2539 5598 2556 5624 ²
2594 5593 2777 5646 Maluit
2808 5594 3077 5647 Victorius
3111 5609 3384 5664 pertonaa.

2539 5666 2559 5695 ⁸
2598 5665 2882 5731 Epiphauii
2951 5666 3013 5716 ad
3049 5665 3206 5718 Joan.
3267 5669 3318 5718 in
3377 5677 3562 5719 nostra
3592 5668 3925 5721 recensione
3959 5670 4042 5724 5|.

2468 5734 2661 5786 Recole
2715 5744 2891 5785 autem
2946 5737 3091 5788 illam
3138 5751 3354 5805 quoque
3410 5737 3722 5802 Hieronymi
3782 5740 3850 5792 ad
3884 5737 4044 5792 Pam-

2469 5806 2643 5924 nmclii
2713 5810 2775 5855 de
2824 5806 3018 5870 optimo
3061 5823 3242 5875 genere
3302 5809 3701 5873 interpretandi,
3741 5825 3863 5877 «tua
3883 5823 4036 5863 num.

2469 5888 2545 5924 Chl
2584 5893 2611 5924 Li
2656 5914 2665 5924 .

2467 5888 2545 5926 Chl
2584 5888 2665 5925 ut.
