4202 6464
202 412 308 481 897

1276 413 1579 476 CONTRA
1617 414 1973 477 RUFINUM
2008 415 2158 477 LIB.
2203 413 2319 475 IlI.

3350 399 3455 463 593

195 528 337 596 scopi
380 526 556 579 habes
580 526 887 595 epistolam,
920 525 1025 580 iste
1082 535 1272 581 contra
1295 537 1349 581 te
1380 527 1623 581 scribere
1654 541 1762 580 non
1801 538 1841 590 Α
1874 530 2000 582 tiam
2074 528 2259 584 nescio
2313 526 2437 596 quis
2489 524 2773 590 imperitus
2830 530 3013 590 posset
3060 519 3284 575 imitari.
3348 509 3453 574 i‘ibi

193 618 448 691 potuerit.
485 615 696 675 Vereor
725 634 793 674 ne
851 618 947 673 tibi
985 618 1183 673 factam
1245 620 1502 688 injuriam
1573 618 1763 687 suspio

193 712 351 767 ceris.
405 710 605 765 Nescio
635 713 907 780 quomodo
955 720 1149 766 acutus
1176 722 1228 765 et
1274 712 1531 782 prudens
1565 712 1627 762 ad
1664 712 1761 763 bas

194 806 425 875 ineptias
448 805 785 869 devolvaris,
821 806 1024 858 ntdnm
1065 806 1261 860 stultos
1320 804 1551 857 lectores
1581 814 1762 874 putas,

193 907 244 950 te
272 901 508 953 stultum
537 914 658 953 esse
695 902 1064 953 demonstres.
1094 899 1222 953 Post
1270 897 1542 966 egregiam
1606 911 1769 964 angu-

193 990 607 1058 mentationem,
670 990 828 1058 ponis
878 990 933 1044 in
984 990 1274 1046 clausula:
1333 1008 1350 1039 ι
1387 988 1542 1043 Absit
1600 987 1701 1040 hoc
1736 1002 1762 1037 a

189 1081 321 1137 viris
348 1083 605 1138 sanctis!
647 1081 723 1135 De
773 1090 952 1136 vestra
994 1081 1179 1136 schola
1226 1080 1404 1134 solent
1468 1079 1572 1135 ista
1605 1075 1768 1149 554

191 1174 510 1243 procedere.
549 1172 658 1227 Vos
691 1170 850 1227 nobis
876 1186 1067 1241 pacem
1101 1168 1581 1242 proficiscentibus
1612 1166 1765 1220 dedi-

197 1268 321 1335 stis,
352 1278 462 1323 eta
523 1276 681 1335 tergo
715 1264 897 1336 iacula
959 1264 1186 1320 venenis
1242 1272 1448 1318 armata
1473 1260 1703 1329 jecistis.
1738 1278 1757 1311 ι

189 1359 251 1415 Et
296 1362 351 1414 in
412 1360 519 1414 bac
576 1358 766 1413 eadem
820 1356 1136 1427 prudentia,
1193 1354 1303 1411 imo
1373 1353 1767 1408 declamatione

188 1453 425 1508 disertus
456 1467 579 1508 esse
614 1451 857 1505 voluisti.
891 1448 1091 1504 Pacem
1126 1447 1405 1511 dedimus,
1451 1459 1556 1499 non
1596 1445 1767 1497 luere-

186 1546 284 1599 sim
341 1545 719 1615 suscepimus.
785 1542 1069 1599 Junsimus
1129 1540 1383 1596 dexteras
1438 1556 1453 1592 :
1501 1538 1766 1591 abeuntes

186 1638 461 1707 prosecuti
491 1653 703 1699 sumus,
736 1646 795 1690 ut
817 1651 910 1690 vos
926 1634 1115 1690 essetis
1144 1633 1424 1695 catholici,
1452 1646 1560 1684 non
1586 1639 1642 1682 ut
1662 1641 1765 1681 nos

184 1747 429 1786 essemus
465 1732 727 1786 heretici.
769 1728 906 1783 Volo
949 1738 1128 1783 tamen
1196 1726 1338 1780 scire
1382 1739 1503 1792 quae
1527 1723 1635 1775 sint
1668 1720 1770 1773 ista

183 1823 360 1891 jacula
390 1834 681 1886 venenata,
714 1837 837 1892 qua
863 1830 983 1890 post
1016 1830 1222 1890 tergum
1264 1826 1506 1871 vestrum
1556 1829 1660 1868 nos
1688 1813 1771 1880 je-

1870 621 1970 673 soli
1996 621 2115 673 licet
2141 620 2518 675 hzereticorum
2565 615 2725 686 555
2781 632 2983 668 venena
3040 612 3372 677 transferre,
3404 622 3458 666 et

1870 715 1937 767 de
1968 713 2134 766 calice
2165 714 2472 781 Babylonis,
2500 710 2711 763 cunctis
2740 709 2989 777 gentibus
3010 708 3317 774 propinare.
3360 704 3441 758 'l'u

1872 806 2090 860 Latinas
2125 807 2438 873 Scripturas
2470 808 2536 859 de
2570 804 2762 859 Grzeco
2806 801 3161 866 emendabis;
3195 811 3248 853 et
3301 799 3449 852 aliud

1873 897 2135 953 Ei-cles‘is
2175 897 2354 949 trades
2413 897 2717 965 legendum.
2758 909 2921 964 quam
2975 890 3118 960 quod
3182 891 3348 945 semel
3378 890 3448 943 ab

1869 993 2133 1061 apostolis
2162 1002 2548 1057 susceperunt:
2586 990 2715 1041 mibi
2770 1003 2877 1041 nun
2930 985 3115 1040 licebit
3147 994 3269 1049 post
3356 983 3455 1038 Se-

1869 1085 2147 1153 ptuaginta
2170 1082 2460 1136 editionem
2505 1093 2666 1148 quam
2690 1079 3098 1148 diligentissime
3114 1076 3455 1132 emendatam

1870 1188 1995 1233 ante
2020 1194 2191 1232 annos
2229 1176 2491 1246 plurimos
2532 1187 2665 1227 meai
2719 1173 2914 1241 linguas
2942 1171 3255 1225 hominibus
3289 1167 3433 1235 dedi,

1872 1273 1937 1325 ad
2002 1271 2368 1327 confutandos
2423 1268 2659 1332 .ludzeos,
2711 1266 2872 1321 etiam
2939 1264 3054 1330 ipsa
3120 1264 3455 1332 exemplaria

1871 1370 2106 1422 vertere,
2124 1372 2245 1425 quae
2269 1357 2369 1425 ipsi
2392 1356 2675 1410 verissima
2699 1352 3057 1415 confitentur.
3082 1362 3142 1404 nt
3168 1358 3211 1406 si
3234 1350 3457 1420 quando

1872 1451 2159 1505 adversum
2203 1464 2298 1503 eos
2329 1447 2655 1503 Christianis
2697 1445 2996 1514 disputatio
3052 1453 3155 1505 est,
3205 1458 3311 1495 non
3348 1443 3445 1495 ha-

1872 1542 2035 1597 beant
2068 1538 2501 1607 snbterfngiendi
2534 1539 2874 1600 diverticula,
2907 1537 3000 1589 sed
3034 1545 3250 1589 suomet
3277 1535 3445 1599 potis-

1874 1638 2070 1691 simum
2144 1648 2403 1687 mucrone
2430 1632 2735 1687 feriantur?
2785 1630 3005 1683 Plenius
3046 1643 3207 1695 super
3263 1627 3367 1681 hoc
3404 1636 3460 1681 et

1874 1732 1927 1785 in
1964 1731 2146 1785 multis
2206 1729 2326 1782 aliis
2357 1730 2511 1791 locis,
2545 1730 2674 1781 etin
2725 1727 2828 1779 fine
2883 1724 3107 1779 secundi
3166 1723 3315 1786 libri,
3346 1723 3440 1776 ubi

1874 1823 2209 1878 accusationi
2242 1832 2346 1876 tua:
2395 1820 2670 1889 respondi,
2724 1819 3010 1885 scripsisse
3057 1832 3142 1871 me
3184 1815 3455 1881 memini;

184 1917 325 1969 risse
357 1916 736 1981 conquereris.
784 1912 1119 1979 Vincentius,
1179 1909 1556 1970 Paulinianus,
1592 1906 1764 1959 Euse-

1880 1928 1921 1971 ξι
1966 1917 2384 1986 popularitatem
2421 1924 2592 1977 tuam,
2651 1929 2755 1981 qua
2822 1911 2949 1965 milii
3004 1910 3260 1963 invidiam
3298 1908 3442 1975 apud

182 2011 323 2073 l-ins,
360 2007 596 2063 Rufinus
656 2008 695 2071 ⁸,
750 2008 1049 2077 presbyteri
1092 2022 1107 2061 ;
1152 2019 1385 2074 quorum
1442 1999 1763 2054 Vincentius

184 2105 355 2156 multo
379 2112 627 2170 tempore
660 2110 786 2154 ante
806 2099 1166 2155 vos‘Romam
1189 2100 1374 2161 venit;
1405 2094 1765 2148 Paulinianus

182 2202 237 2245 ιι
264 2192 544 2246 Eusebius
572 2201 690 2259 post
721 2206 924 2245 annum
958 2196 1155 2243 vestrae
1216 2188 1580 2254 navigationis
1638 2202 1763 2253 pro-

183 2286 307 2337 fecti
344 2293 508 2346 sunt;
543 2280 772 2336 Rufinus
815 2282 867 2335 in
894 2294 1055 2335 causa
1080 2279 1292 2335 Claudii
1336 2287 1457 2349 post
1489 2279 1761 2333 biennium

181 2378 421 2441 missus;
453 2391 666 2439 omnes,
696 2375 779 2429 vel
834 2389 931 2444 pro
965 2390 1023 2429 re
1085 2373 1359 2437 familiari,
1397 2373 1479 2427 vel
1533 2389 1629 2441 pro
1676 2388 1768 2439 pe-

180 2471 354 2524 riculo
424 2469 619 2537 capitis
652 2469 838 2522 alieni.
922 2468 1179 2538 Nunquid
1245 2482 1407 2521 nosse
1469 2467 1767 2535 potuimus,

181 2562 330 2628 quod
367 2563 709 2631 ingrediente
752 2569 801 2614 te
832 2561 1084 2627 Romam,
1114 2561 1196 2612 vir
1247 2561 1443 2614 nobilis
1472 2558 1769 2614 Somniarct

182 2657 366 2708 navim
430 2654 642 2722 plenam
714 2656 1020 2709 mercium’
1078 2653 1279 2708 inflatis
1336 2654 1538 2706 intrare
1596 2652 1769 2706 velis?

179 2746 329 2815 quod
363 2761 559 2801 onmes
588 2746 850 2801 adversus
879 2744 1046 2800 fatum
1067 2747 1395 2815 quaestiones
1424 2746 1465 2807 ’.
1487 2762 1593 2800 non
1625 2748 1768 2800 fatua

182 2843 428 2895 solveret
501 2838 918 2910 interpretatio?
962 2840 1107 2908 quod
1164 2840 1364 2893 librum
1404 2838 1620 2894 Eusebii
1674 2854 1771 2907 pro

182 2932 463 3000 Pamphili
486 2932 760 2986 verteres?
786 2932 926 3000 quod
958 2940 1111 2984 tuum
1144 2932 1303 2999 quasi
1336 2932 1648 2999 Opercnlutn
1685 2945 1772 2980 ve-

181 3038 400 3097 nenata
428 3024 994 3093 patellaimponeresl‘!
1023 3022 1167 3088 quod
1188 3021 1605 3075 famosissimum
1636 3034 1773 3083 opus

183 3120 318 3189 περὶ
347 3118 567 3187 ’Δρχῶν
601 3118 796 3188 eloquii
828 3118 906 3171 tui
944 3118 1226 3186 majestate
1258 3114 1617 3169 transferres?
1667 3110 1772 3164 No-

184 3227 318 3265 vum
355 3211 651 3266 calumniae
686 3226 853 3280 genus
918 3220 1045 3263 ante
1094 3217 1441 3263 accusatores
1497 3204 1769 3267 misimus,

184 3317 353 3370 quam
397 3309 456 3353 tu
511 3300 814 3354 accusanda
871 3300 1264 3353 committeres.
1320 3297 1437 3353 Non
1488 3296 1609 3358 fuit,
1664 3285 1842 3349 nonC

185 3396 316 3463 fuit,
355 3393 611 3462 inquam,
644 3392 815 3445 nostri
855 3391 1093 3454 consilii,
1128 3390 1220 3443 sed
1253 3388 1345 3443 Dei
1398 3387 1772 3457 providentiae,

185 3498 241 3538 ut
273 3485 433 3539 missi
493 3483 560 3538 ad
596 3483 738 3537 aliud
800 3494 987 3537 contra
1042 3492 1355 3537 nascentem
1410 3479 1659 3535 haeresim
1693 3480 1773 3532 di-

185 3578 491 3639 micarent;
528 3586 583 3629 et
659 3575 710 3627 in
766 3588 971 3627 morem
1025 3573 1248 3643 Josepb,
1304 3572 1499 3627 famem
1542 3571 1777 3625 futuram

189 3669 312 3723 fidei
342 3669 542 3722 ardore
571 3667 929 3721 sublevarent.

254 3761 352 3814 25.
379 3759 458 3813 De
486 3758 628 3825 falsa
686 3759 842 3826 epist.
895 3760 965 3812 ad
992 3758 1172 3826 Afros.
1222 3757 1304 3811 Ex
1337 3757 1535 3814 Grecis
1586 3756 1779 3811 Latina

194 3853 427 3921 Rufinus
464 3852 859 3906 enieiidaverat.
898 3881 965 3891 —
1003 3850 1123 3917 Quo
1182 3866 1289 3905 non
1321 3858 1575 3920 erumpat
1614 3850 1780 3905 semel

188 3944 459 3998 effrenata
501 3942 773 3995 audacia?
821 3942 1067 3995 Alienum
1106 3942 1311 3995 crimen
1336 3942 1435 3995 sibi
1465 3942 1678 4013 obiecit,
1722 3952 1783 3995 ut

190 4052 291 4089 nos
322 4037 552 4089 finxisse
589 4036 885 4089 videamur.
908 4034 1061 4100 Quod
1090 4036 1296 4103 absque
1320 4036 1543 4089 nomine
1566 4036 1775 4089 dictum

188 4150 203 4179 ι
222 4139 295 4189 st.
328 4129 386 4183 in
423 4143 487 4181 se
510 4130 711 4181 dictum
740 4126 923 4187 refert,
945 4138 999 4181 et
1023 4143 1257 4195 purgans
1278 4136 1501 4181 externa
1534 4137 1776 4195 peccata,

193 4233 410 4273 tantum
442 4219 511 4272 de
558 4234 653 4271 sua
686 4232 916 4274 securus
961 4214 1046 4272 est
1072 4218 1404 4273 innocentia.
1438 4217 1592 4273 Jurat
1634 4221 1777 4273 enim

193 4333 253 4366 si:
288 4313 582 4381 epistolam
610 4327 714 4364 non
747 4312 1033 4380 scripsisse
1078 4312 1143 4364 ad
1196 4311 1359 4365 Afros
1408 4313 1511 4365 sub
1565 4312 1781 4364 nomine

206 4420 349 4465 meo,
385 4405 441 4457 in
475 4418 584 4473 qua
615 4404 1173 4457 contitearinductum
1208 4421 1292 4457 me
1344 4420 1370 4455 a
1403 4403 1604 4458 Jttdzeis
1632 4420 1778 4457 men—

192 4502 353 4553 dacia
393 4496 793 4564 transtulisse;
836 4507 889 4551 et
939 4498 1102 4551 mittit
1147 4497 1316 4552 libros
1369 4498 1558 4552 eadem
1599 4499 1779 4552 omnia

1873 2010 2147 2077 simplices
2178 2017 2230 2062 et
2266 2008 2543 2074 imperitos
2574 2006 2761 2057 niteris
2816 2003 3116 2061 concitare,
3165 1999 3453 2069 perspicua

1871 2101 2084 2154 ratione
2116 2100 2451 2169 compescui,
2485 2098 2719 2165 illucque
2768 2098 3020 2149 lectorem
3060 2092 3441 2157 transmitten-

1870 2194 2000 2245 dum
2028 2202 2180 2261 puto.

1942 2286 2032 2340 εδ.
2072 2285 2281 2354 Martyr
2320 2296 2368 2337 et
2422 2282 2700 2353 apostolus
2757 2289 2973 2337 vocatus
3010 2278 3231 2340 Ruﬁnus
3267 2295 3297 2329 α
3330 2279 3457 2331 suis.
3516 2264 3521 2287 ζ

1872 2412 1943 2423 --
1977 2380 2085 2433 lloc
2112 2380 2374 2433 intactum
2404 2376 2667 2446 praeteriri
2717 2392 2821 2427 non
2886 2376 3083 2443 patiar,
3153 2388 3220 2427 ne
3276 2371 3464 2425 doleas

1875 2473 2184 2528 falsatorem
2219 2470 2603 2525 schedularnm
2641 2477 2853 2520 tuarum
2936 2464 3272 2517 confessoris
3311 2460 3456 2532 apud

1874 2579 1963 2617 me
1995 2562 2220 2633 gloriam
2257 2561 2553 2626 possidere,
2620 2574 2743 2611 cum
2802 2567 2854 2609 tu
2906 2554 3147 2622 ejusdem
3212 2553 3462 2609 criminis

1875 2672 2023 2715 reus.
2040 2665 2165 2723 post
2190 2654 2614 2706 Alexandrinum
2642 2651 2895 2704 exsilium
2920 2661 2969 2701 et
2988 2648 3318 2701 tenebrosos
3342 2663 3460 2701 caro

1873 2764 2045 2811 ceres,
2086 2763 2113 2799 a
2149 2746 2361 2799 cunctis
2406 2741 2651 2813 Origenis
2722 2741 3083 2795 sectatoribus
3141 2749 3349 2805 martyr
3404 2747 3461 2791 et

1873 2838 2150 2903 aposmlns
2189 2836 2504 2890 nomineris.
2540 2833 2715 2901 Super
2761 2834 3119 2887 excusatione
3166 2831 3459 2899 imperitia:

1876 2943 1979 2985 tum.
2029 2932 2137 2998 jam
2193 2931 2285 2982 tibi
2342 2929 2626 2997 respondi.
2659 2928 2766 2982 Sed
2817 2930 2944 2996 quia
2990 2927 3180 2980 eadem
3237 2926 3460 2991 repetis.

1876 3034 1929 3078 et
1956 3024 2112 3093 quasi
2140 3022 2439 3089 superioris
2472 3034 2576 3074 tum
2608 3019 2943 3073 defensionis
2976 3019 3197 3080 oblitus,
3237 3030 3455 3069 l'lll'Sllm

1874 3122 2161 3176 admones,
2198 3126 2251 3166 nt
2288 3116 2524 3167 scianms
2554 3124 2603 3165 te
2635 3130 2728 3180 ιιι-ι-
2790 3112 3012 3180 triginta
3054 3126 3227 3163 annos
3260 3108 3463 3163 Cra-cis

1874 3208 2239 3261 voluminibus
2289 3205 2603 3270 devoratis,
2651 3205 2839 3257 Latina
2884 3206 3132 3257 nescire:
3188 3200 3465 3270 paulisper

1878 3302 2113 3361 attende.
2143 3316 2229 3353 me
2259 3316 2365 3351 non
2400 3312 2568 3365 pauca
2637 3298 2687 3349 in
2718 3308 2766 3351 te
2819 3296 2981 3350 verba
3040 3294 3459 3362 repreliendereo

1879 3396 2117 3461 alioquin
2165 3394 2345 3446 omnis
2398 3394 2491 3443 tibi
2567 3393 2837 3459 scriptura
2894 3390 3121 3443 delenda
3176 3396 3308 3452 est;
3364 3387 3457 3442 sed

1881 3485 2119 3540 voluisse
2177 3485 2462 3538 ostendere
2512 3484 2797 3552 discipulis
2864 3484 3005 3541 tuis,
3073 3497 3213 3548 quos
3263 3495 3461 3547 magno

1879 3579 2058 3634 studio
2099 3578 2231 3630 nihil
2265 3580 2404 3631 scire
2438 3577 2692 3636 docuisti,
2746 3588 2803 3627 ut
2862 3575 3227 3638 intelligerent
3305 3574 3462 3636 cujus

1882 3672 2222 3725 wrecnndiaa
2256 3671 2346 3729 sit.
2372 3670 2571 3723 docere
2596 3656 3007 3737 quod'nescias.
3035 3664 3274 3718 scribare
3314 3662 3458 3730 quod
3518 3678 3521 3681 ·

1882 3769 2120 3837 ignores,
2158 3774 2211 3819 et
2244 3765 2487 3819 eamdem
2524 3763 2764 3829 magistri
2820 3760 3140 3828 sapientiam
3192 3759 3358 3811 etiam
3405 3759 3458 3811 in

1881 3859 2132 3913 sensibus
2166 3866 2494 3926 quaererent.
2523 3854 2791 3920 Quodque
2824 3854 2999 3915 addis,
3044 3869 3063 3901 ι
3104 3859 3321 3916 peccata
3357 3863 3458 3917 pu-

1880 3961 2013 4014 tere,
2048 3965 2152 4003 non
2195 3950 2378 4012 verba,
2437 3948 2799 4006 mendacium.
2848 3946 3207 4002 calumniam.
3276 3943 3458 3996 detra«

1882 4042 2357 4103 ctionem,falsuin
2393 4040 2787 4102 testimonium,
2813 4040 3142 4092 etuniversa
3193 4038 3458 4100 convicia,

1882 4149 1935 4191 et
2001 4154 2019 4185 ι
2083 4133 2158 4191 Os
2208 4134 2349 4204 quod
2395 4134 2655 4187 mentitur
2706 4132 2904 4186 occidit
2937 4133 3172 4183 animam
3221 4130 3376 4195 (δαν.
3422 4144 3459 4187 ι,

1886 4230 2010 4299 Η),
2061 4247 2079 4279 ι
2117 4243 2410 4297 monesque
2451 4246 2468 4278 ι
2510 4241 2575 4279 ne
2619 4225 2708 4280 ille
2741 4224 2875 4278 fetor
2915 4238 3076 4277 nares
3117 4236 3265 4276 meas
3302 4235 3465 4290 pene-

1886 4331 2012 4387 tret,
2052 4341 2070 4374 ι
2119 4322 2395 4375 crederem
2425 4317 2647 4378 dicenti,
2681 4316 2783 4369 nisi
2831 4315 2971 4369 facta
3029 4312 3303 4367 contraria
3367 4314 3461 4366 de-

1885 4411 2295 4481 prehenderem,
2325 4410 2479 4478 quasi
2524 4409 2567 4461 si
2603 4406 2736 4459 fullo
2776 4416 2829 4460 et
2884 4406 3149 4459 coriarius
3207 4414 3462 4456 moneant

1886 4502 2327 4572 pigmentarium,
2364 4509 2442 4566 ut,
2472 4500 2690 4553 naribus
2723 4499 3008 4559 obturatis,
3059 4501 3312 4550 tabernas
3336 4511 3462 4550 suas

191 4594 569 4652 continentes,
607 4605 726 4658 qua:
760 4588 1003 4643 nescisse
1028 4604 1085 4642 se
1111 4589 1279 4656 jurat.
1328 4589 1396 4643 Et
1431 4592 1598 4643 miror
1652 4606 1780 4658 quo-
1817 4626 1858 4681 Β
1893 4602 2193 4663 praetereat.
2232 4592 2446 4646 Faciam
2506 4608 2636 4660 ergo
2694 4592 2838 4659 quod
2896 4591 3164 4659 przt't'ipis,
3219 4589 3462 4642 claudant

194 4683 365 4737 modo
396 4681 691 4749 prudentia
722 4680 839 4749 ejus
894 4696 1014 4732 cum
1084 4680 1306 4734 alterius
1366 4680 1607 4749 nequitia
1646 4696 1784 4734 con-

201 4776 451 4835 wnerit,
496 4783 559 4825 ut
584 4772 728 4841 quod
761 4771 899 4824 alius
924 4772 977 4824 in
1027 4771 1206 4826 Africa
1242 4773 1502 4827 mentitus
1536 4783 1639 4837 est,
1697 4773 1785 4827 hic

203 4864 563 4919 concorditer
605 4878 793 4916 verum
821 4862 1045 4927 diceret,
1104 4865 1340 4933 stylique
1390 4863 1508 4934 ejus
1563 4865 1783 4933 elegan-

267 4981 287 5012 ι
332 4976 571 5049 Rufinus
607 4977 708 5030 iste
741 4974 990 5049 Ctelestii
1032 4977 1284 5049 magister
1314 4978 1529 5031 videtur
1555 5019 1569 5041 ,
1622 4994 1784 5049 quem

193 5066 325 5105 cum
369 5048 559 5102 Romae
603 5054 807 5113 ageret,
858 5047 1121 5115 originale
1171 5058 1454 5116 peccatum
1506 5064 1610 5103 non
1640 5047 1784 5105 esse

195 5120 478 5173 docuerit.

273 5191 295 5220 ³
330 5188 603 5244 llacarius
636 5191 723 5243 cui
758 5188 987 5242 Rufinus
1041 5190 1357 5258 Apologiam
1392 5189 1660 5258 Pamphili
1700 5191 1784 5241 in-

198 5261 451 5327 srripsit.
486 5270 540 5312 et
572 5260 925 5314 difficultates
952 5259 1019 5311 de
1056 5259 1187 5313 Fato
1216 5261 1536 5328 espticavit:
1578 5270 1786 5317 nou.nt

200 5338 213 5382 Ι
240 5332 349 5383 ιιδο
388 5329 632 5398 satisque
666 5332 960 5397 incongrue
989 5330 1328 5383 Martianaeus
1361 5334 1601 5393 adnotat,
1627 5330 1789 5383 Pani-

200 5400 463 5453 i.:acbius
514 5401 805 5454 indicatur.
850 5400 923 5452 De
960 5400 1050 5452 illo
1078 5402 1199 5453 vide
1246 5401 1607 5462 Gennadium,
1665 5415 1783 5467 cap.

199 5474 299 5531 23,
336 5470 629 5536 ipsumque
663 5471 1044 5540 Hieronymum
1076 5468 1215 5524 infra
1255 5473 1579 5524 nou-semel.

275 5545 299 5571 ³
330 5541 489 5604 Quod
522 5556 696 5594 omnes
728 5542 996 5603 adversus,
1029 5551 1139 5594 etc.
1170 5540 1426 5593 Erasmus
1459 5542 1607 5609 legit.
1634 5540 1787 5604 Quod

202 5613 854 5679 onmesadeersan'orum
880 5612 1214 5679 quwstiones,
1246 5622 1349 5663 etc.
1388 5610 1661 5664 Marianns
1684 5626 1785 5664 au-

203 5690 345 5751 tem,
389 5678 541 5743 Quod
571 5698 749 5735 omnes
802 5684 1080 5751 adversum
1108 5683 1273 5751 fatum
1306 5682 1641 5751 quwstioues,
1679 5690 1783 5735 etc.

204 5749 285 5803 lla
312 5766 540 5818 quoque
566 5768 673 5805 nis.
700 5756 866 5805 codex
890 5749 1265 5805 Cluniacensis
1293 5766 1307 5803 :
1343 5758 1397 5801 at
1449 5750 1536 5802 alii
1572 5764 1786 5811 omnes.

205 5822 490 5873 adversum
522 5820 688 5887 fatum
722 5821 1051 5889 narrationes,
1077 5833 1182 5875 etc.
1220 5822 1354 5873 llieit
1383 5823 1562 5886 itaque
1596 5818 1785 5873 Hiero-

209 5907 417 5959 nymus
453 5907 627 5945 Vtrum
686 5893 918 5946 nobilem
974 5904 1275 5946 somniasse
1335 5906 1511 5943 navim
1574 5894 1781 5959 plcnan:

1898 4701 2060 4739 nares
2107 4699 2278 4745 meas,
2316 4698 2385 4737 ne
2436 4682 2679 4737 veritatis
2718 4693 2772 4735 et
2822 4681 3260 4735 benedictionnm
3293 4681 3313 4713 ⁸
3337 4687 3462 4734 tua-

1895 4792 2016 4831 rum
2048 4775 2372 4831 suavissimo
2408 4775 2576 4829 odore
2603 4775 2938 4828 crucientur.

1961 4870 2052 4924 27.
2088 4866 2154 4921 In
2188 4884 2290 4921 uno
2328 4869 2533 4921 homine
2592 4868 2800 4920 diversa
2845 4867 3127 4919 laudamus
3155 4875 3203 4919 et
3238 4880 3461 4918 accusa-

1892 4983 2158 5038 mercium
2210 4982 2444 5035 intrasse
2504 4981 2757 5040 Romam,
2802 4978 3022 5048 quando
3084 4996 3201 5031 eain
3272 4979 3463 5031 urbem

1890 5056 2172 5122 ingressus
2199 5063 2286 5105 est
2314 5051 2543 5105 Rufinus
2590 5066 2711 5103 eum
2778 5050 2974 5105 sociis:
3014 5050 3159 5117 quod
3195 5049 3465 5122 somnium

1891 5120 1999 5177 non
2029 5124 2177 5176 fatua
2205 5126 2442 5175 solveret
2468 5122 2870 5187 interpretatio,
2902 5129 2955 5172 et
2981 5135 3171 5171 Omnes
3206 5120 3468 5172 adversus

1888 5195 2057 5248 fatum
2090 5193 2454 5261 quaestiones;
2486 5194 2611 5258 quia
2633 5190 2840 5244 scilicet
2872 5194 3024 5244 navis
3052 5192 3139 5243 illa
3168 5190 3319 5261 plena
3352 5201 3469 5240 erat

1889 5260 2378 5332 blasphemiarum,
2404 5272 2457 5313 ut
2491 5263 2618 5332 alibi
2638 5262 2827 5332 ducet;
2858 5272 2913 5313 et
2939 5262 3099 5325 paulo
3130 5270 3244 5327 post
3274 5260 3466 5332 lecturi

1891 5328 2121 5388 sumus:
2203 5332 2343 5397 Ergo
2385 5332 2489 5383 nisi
2549 5330 2613 5382 de
2658 5329 2872 5385 Oriente
2910 5334 3156 5389 venisses,
3220 5328 3469 5381 eruditis-

1889 5407 2055 5459 simus
2112 5404 2189 5455 vir
2246 5406 2464 5454 Iiwreret
2499 5403 2673 5453 adhuc
2726 5402 2863 5453 inter
2926 5402 3358 5455 mat/muaticos;
3418 5410 3466 5452 et

1891 5477 2122 5529 homines
2150 5472 2462 5533 Christiani,
2495 5474 2621 5541 quid
2672 5484 2857 5541 contra
2914 5474 3083 5541 fatum
3126 5471 3465 5541 dissererent.

1890 5548 2213 5615 ignorarent.
2278 5538 2543 5615 Maurus.
2588 5538 2974 5615 —_l’crperam
3033 5538 3301 5615 Victorius
3367 5540 3469 5615 adt

1890 5610 2068 5668 uersus
2098 5616 2330 5679 fatuum.
2392 5614 2628 5665 Rufinus
2681 5612 2798 5677 ipse
2853 5613 3101 5664 adversus
3164 5610 3468 5678 (manuue!

1892 5686 2173 5745 mathesin,
2198 5682 2549 5737 difficultates
2573 5681 2807 5737 Macario
2833 5699 2861 5735 a
2900 5698 2957 5735 se
2976 5684 3144 5749 iactat
3171 5680 3460 5733 enodatas.

1894 5753 2014 5807 Vid.
2047 5756 2211 5806 inl'ra.

1963 5826 1982 5855 ⁸
2012 5823 2148 5876 Num
2177 5825 2239 5874 ad
2282 5823 2691 5876 benedictioncs
2743 5822 3203 5889 patriarcharum,
3240 5825 3289 5873 in
3324 5837 3485 5888 quos.

1895 5894 2121 5948 Rufinus
2149 5894 2367 5962 scripsit
2394 5893 2851 5959 Utuntucntarios,
2873 5892 3102 5946 alludit?
