4202 6482
770 429 880 498 499

1931 438 1991 494 S.
2052 437 2363 497 EUSEBI!
2408 438 2852 502 IIIERUNYMI

3911 446 4026 507 5in

764 562 903 601 »ηυδε
932 574 999 587 -
1031 546 1087 600 ΙΙΙ
1126 548 1283 603 Ιτιυάο
1327 557 1381 601 ει
1413 547 1925 613 άθιΐπιὶοηθιιηεθο
1973 558 2101 619 quia
2158 551 2339 606 varius
2368 556 2416 616 A
2519 558 2722 613 Deinde
2753 559 2994 615 caelestia
3028 562 3306 626 deserens,
3341 573 3396 618 et
3447 562 3511 617 ad
3539 575 3749 617 terrena
3789 563 4026 617 descen-

761 640 1045 707 cxstitisti,
1098 643 1237 695 miro
1264 642 1522 697 acumine
1581 652 1993 713 argumentatus
2024 660 2105 708 es,
2134 644 2213 699 sic
2241 644 2335 699 tibi

760 736 923 791 licere
978 739 1045 792 de
1075 754 1178 801 me,
1223 736 1386 808 556
1416 747 1471 790 et
1525 740 1660 791 bene
1689 747 1741 790 ct
1771 736 1911 789 male
1941 737 2141 803 dicere,
2202 754 2337 807 quo-

758 829 923 883 modo
951 841 1004 882 et
1040 830 1168 882 mihi
1205 830 1423 884 licuerit
1467 829 1754 901 Origenem
1810 838 1864 884 et
1928 831 2213 903 Didymum
2254 849 2338 887 re-

760 926 1128 993 prehendere,
1161 941 1301 994 quos
1347 938 1471 981 ante
1502 926 1863 980 laudaverim.
1918 928 2056 981 Audi
2084 943 2237 997 ergo,
2259 928 2340 981 vir

762 1019 1193 1085 sapientissime,
1215 1028 1269 1073 et
1319 1018 1573 1075 Romana!
1623 1021 1924 1075 dialecticae
1982 1029 2167 1087 caput,
2229 1036 2337 1074 non

760 1129 881 1167 esse
912 1113 1033 1168 vitii
1090 1114 1367 1168 hominem
1420 1129 1584 1167 nmnn
1640 1116 1862 1169 laudare
1902 1114 1954 1168 in
2014 1114 2137 1165 aliis
2177 1122 2229 1167 et
2283 1116 2338 1168 in

764 1207 888 1262 aliis
914 1222 1179 1263 accusare
1206 1223 1223 1271 ;
1257 1208 1351 1262 sed
1377 1208 1624 1263 eamdem
1657 1222 1766 1262 rem
1800 1206 2032 1275 probare
2056 1217 2104 1259 et
2132 1206 2338 1273 impro-

760 1302 915 1355 bare.
954 1299 1159 1354 Ponam
1192 1300 1545 1369 exemplum:
1613 1310 1672 1354 ut
1708 1301 1852 1369 quod
1894 1316 2006 1354 non
2059 1301 2337 1371 intelligis,

762 1394 1009 1454 prudens
1062 1410 1272 1449 mecum
1317 1394 1489 1449 lector
1535 1393 1824 1463 intelligat.
1893 1394 1949 1449 In
2003 1394 2341 1449 Tertulliano

765 1488 1051 1543 laudamus
1111 1488 1410 1555 ingenium,
1461 1487 1554 1542 sed
1605 1488 1929 1543 damnamus
1974 1488 2244 1543 haresim.
2283 1489 2339 1543 in

765 1581 998 1647 Origene
1047 1582 1316 1635 miramur
1374 1581 1661 1637 scientiam
1722 1580 2232 1649 Seripturarum,et
2263 1593 2341 1634 ta-

766 1688 887 1727 men
946 1674 1260 1742 dogmatnut
1313 1689 1418 1727 non
1452 1673 1745 1741 recipimus
1803 1673 2114 1727 falsitatem.
2148 1673 2204 1726 ln
2250 1674 2340 1726 l)i-

766 1768 929 1834 itymo
956 1782 1087 1821 vero
1106 1776 1159 1821 et
1186 1767 1505 1820 memoriam
1527 1766 1907 1835 praedicamus,
1938 1775 1993 1819 et
2026 1780 2192 1835 super
2216 1765 2338 1819 Tri-

768 1860 939 1913 nitate
976 1860 1093 1913 ﬁdei
1124 1860 1456 1928 puritatem;
1509 1860 1601 1913 scd
1637 1859 1687 1912 in
1719 1858 1930 1914 caeteris
1962 1874 2084 1928 quae
2119 1857 2337 1928 Origeni

772 1954 913 2006 male
943 1953 1196 2015 credidit,
1228 1958 1329 2006 nns'
1365 1953 1434 2006 ab
1464 1967 1530 2005 eo
1570 1953 1922 2007 retrahimus.
1962 1951 2340 2022 Magistrorum

769 2047 913 2097 cnim
944 2060 1051 2100 non
1083 2046 1213 2099 vitia
1250 2044 1509 2098 imitanda
1543 2054 1690 2110 sunt,
1728 2044 1822 2098 sed
1859 2044 2126 2098 virtutes.’
2145 2043 2340 2097 Gram-

771 2138 1029 2190 maticum
1066 2137 1511 2206 quidam-Afrum
1546 2138 1731 2191 habuit
1787 2135 1973 2191 Roma:
2010 2137 2183 2189 virum
2211 2151 2343 2191 eru-

769 2232 1105 2285 ditissimum
1137 2247 1151 2295 ;
1185 2244 1237 2285 et
1268 2230 1320 2284 in
1354 2246 1419 2285 eo
1440 2246 1498 2285 se
1536 2230 1791 2283 annulum
1858 2230 2209 2297 praeceptoris
2242 2245 2344 2298 pu-

772 2324 942 2386 labat.
976 2323 1022 2377 si
1051 2323 1345 2377 stridorem
1380 2322 1577 2390 linguae
1606 2321 1725 2391 ejus
1757 2329 1812 2374 et
1839 2320 1965 2373 vitia
1999 2330 2205 2374 tantum
2237 2321 2346 2374 oris

771 2418 1123 2485 exprimeret.
1156 2414 1209 2468 ln
1244 2414 1665 2470 Priefatiuncula
1710 2416 1837 2485 περὶ
1878 2414 2092 2483 Ἀρχῶν
2122 2413 2341 2467 fratrem

777 2525 862 2562 me
895 2510 1170 2567 nominas.
1204 2518 1257 2562 et
1308 2508 1567 2577 collegam
1623 2508 1761 2563 dicis
1810 2490 2345 2575 eloqueittissimnm,

776 2604 893 2655 titlei
926 2618 1058 2655 mea:
1087 2601 1359 2671 prtrdicas
1395 2602 1699 2655 veritatem.
1736 2599 1833 2653 llis
1863 2600 2038 2651 tribus
2064 2599 2348 2652 detrahere

776 2712 878 2748 non
915 2695 1158 2765 poteris;
1188 2703 1383 2748 eastern
1414 2707 1577 2760 carpe
1612 2702 1667 2746 ut
1703 2693 1859 2757 libet,
1888 2707 1954 2745 ne
1980 2691 2217 2745 videaris
2254 2702 2347 2743 tuo

774 2790 842 2839 ile
874 2802 959 2841 me
985 2787 1297 2840 testimonio
1351 2800 1671 2855 repugnare.
1707 2785 1841 2839 Cum
1886 2783 2104 2837 fratrem
2149 2793 2201 2837 et
2235 2785 2348 2837 col-

778 2882 947 2947 legam
974 2879 1136 2939 dicis.
1169 2878 1409 2932 amicitia
1437 2890 1527 2930 tua
1561 2878 1785 2944 dignum
1837 2876 2043 2930 fateris.
2073 2876 2207 2931 Cum
2236 2878 2349 2930 eluo

777 2980 1037 3035 unentem
1093 2971 1374 3039 ptaeiticas,
1438 2969 1723 3038 imperitia:
1775 2972 1917 3021 ultra
1976 2984 2082 3021 non
2140 2967 2346 3034 arguis.

776 3065 911 3117 (tum
953 3065 1280 3117 catholicum
1323 3064 1372 3115 itt
1405 3062 1659 3116 omnibus
1714 3062 2005 3129 profiteris,
2078 3062 2350 3113 haereseos

781 3173 887 3209 run
929 3156 1132 3224 poteris
1167 3156 1301 3209 mihi
1354 3155 1565 3208 crimen
1628 3152 1950 3221 impingere.
2011 3153 2175 3206 Extra
2236 3152 2348 3204 haec

2445 652 2603 716 dens.
2640 655 2693 709 in
2730 653 3041 710 minoribus
3076 656 3495 726 philosopharis.
3530 656 3836 722 Interrogas
3872 659 4029 711 enim

2442 762 2564 799 me:
2601 766 2618 797 ε
2660 747 2752 801 Dic
2781 748 2935 802 nobis
2991 764 3113 812 qua!
3149 750 3375 804 fontimu
3431 751 3612 803 ratio?
3672 766 3791 818 qua!
3826 762 4028 803 vento-

2445 855 2563 893 rum
2583 840 2607 892 ?
2630 841 2759 907 quid
2782 842 2987 911 grando
3008 842 3177 911 ?quid
3200 843 3431 911 pluviae?
3452 843 3579 911 quid
3611 859 3755 896 mare
3776 840 4029 896 salsmtt?

2442 933 2573 1003 quid
2618 933 2843 990 ﬂumina
2875 937 3090 991 dulcia?
3136 937 3264 1005 quid
3301 937 3492 997 nubes,
3520 944 3612 988 aut
3662 936 3885 993 imbres.
3920 933 4029 987 ful-

2443 1043 2598 1098 gura,
2633 1036 2727 1081 attt
2775 1030 3042 1093 tonitrua,
3090 1038 3181 1083 aut
3235 1028 3513 1082 fulmina?
3548 1047 3565 1080 ι
3624 1027 3695 1083 Ut
3726 1040 4028 1094 postquam

2446 1136 2531 1173 me
2568 1121 2681 1174 hate
2713 1120 2928 1175 nescire
2990 1119 3347 1191 respondero.
3404 1129 3523 1173 tuto
3586 1118 3681 1172 tibi
3741 1119 3904 1171 liceat
3956 1116 4033 1171 de

2449 1214 2738 1269 animabus
2766 1215 3055 1282 ignorare;
3113 1223 3165 1267 et
3200 1212 3364 1268 unius
3418 1215 3494 1265 rei
3550 1213 3860 1276 scientiam,
3900 1224 4031 1263 tan-

2446 1313 2620 1359 tarum
2657 1321 2841 1360 rerum
2901 1305 3243 1373 ignoratione
3304 1319 3646 1373 compenSeS.
3682 1302 3762 1357 Tu
3798 1303 3889 1366 qui
3930 1316 4034 1365 per

2445 1399 2685 1469 singulas
2720 1398 2945 1468 paginas
3000 1396 3180 1452 fumos
3209 1414 3359 1452 meos
3394 1397 3644 1459 ventilas,
3696 1414 3801 1448 non
3859 1395 4032 1449 intel-

2445 1492 2569 1561 ligis
2600 1493 2787 1545 videre
2816 1507 2919 1546 nos
2954 1491 3215 1561 caligines
3245 1502 3366 1546 tuas
3395 1503 3449 1546 et
3474 1488 3759 1543 turbines?
3795 1488 3933 1541 Nam
3972 1498 4034 1541 ut

2444 1587 2537 1639 tibi
2571 1585 2772 1639 sciolus
2799 1600 2921 1639 esse
2946 1584 3199 1646 videaris,
3240 1593 3294 1637 et
3383 1583 3524 1652 apud
3566 1581 3973 1651 Calpttrnianos
4016 1580 4032 1611 ¹

2447 1678 2747 1746 discipulos
2799 1678 3059 1731 doctrina:
3108 1676 3333 1745 gloriam
3395 1684 3615 1736 teneas,
3669 1685 3834 1728 totam
3894 1674 4031 1725 mihi

2444 1772 2720 1842 physicam
2748 1770 2998 1837 opponis,
3036 1781 3091 1823 ut
3142 1770 3342 1823 ftustra
3378 1767 3626 1822 Socrates
3665 1768 3730 1819 ad
3790 1767 4033 1821 ethicam

2450 1864 2720 1918 transiens
2762 1862 3153 1929 dixeritthta:
3204 1878 3365 1931 supra
3419 1876 3536 1921 nos.
3593 1861 3724 1913 nihil
3784 1862 3849 1912 ad
3906 1874 4033 1914 nos.

2448 1952 2587 2024 Ergo
2618 1954 2722 2007 nisi
2758 1953 2851 2008 tibi
2890 1953 3156 2007 rationem
3199 1951 3520 2005 reddidero:
3578 1966 3745 2017 quare
3798 1951 4032 2001 formica

2448 2067 2671 2122 parvum
2705 2050 2927 2114 animal,
2962 2058 3014 2103 et
3039 2058 3323 2118 punctum,
3360 2060 3415 2101 ut
3474 2047 3547 2099 ita
3602 2047 3801 2108 dicam,
3837 2062 4033 2114 corpo-

2449 2149 2544 2209 ris,
2579 2159 2669 2198 scx
2698 2142 2862 2211 pedes
2891 2140 3109 2202 habeat,
3168 2154 3290 2193 cum
3333 2137 3633 2206 elephantis
3668 2146 3814 2190 tanta
3856 2138 4034 2189 moles

2446 2247 2679 2301 quatuor
2708 2234 2935 2301 pedibus
2968 2231 3226 2297 incedat;
3267 2246 3366 2285 cur
3397 2240 3676 2293 serpentes
3707 2240 3757 2281 et
3811 2229 4030 2281 colubri

2447 2341 2634 2383 ventre
2675 2327 2920 2381 labantur
2939 2336 2991 2379 et
3018 2335 3275 2391 pectore;
3350 2337 3446 2375 cur
3502 2323 3832 2375 vermiculus
3864 2337 4031 2390 quem

2448 2424 2643 2493 vulgus
2700 2420 3039 2487 tnillepedam
3095 2426 3293 2479 vocat,
3351 2424 3499 2469 tanto
3557 2415 3750 2484 pedum
3813 2417 4036 2479 agmine

2449 2524 2673 2576 scateat,
2694 2515 2760 2567 de
2786 2514 3090 2566 animarum
3120 2518 3262 2564 statu
3291 2510 3432 2563 scire
3466 2521 3571 2560 non
3596 2504 3830 2573 potero?
3875 2503 4035 2569 Quae-

2453 2612 2526 2664 ris
2558 2627 2585 2662 a
2616 2624 2699 2661 me
2728 2606 2857 2677 qttid
2898 2607 3011 2673 ipse
3051 2604 3116 2658 de
3168 2603 3454 2658 animabus
3509 2602 3772 2661 sentiam,
3815 2609 3869 2651 nt
3906 2612 4035 2651 cum

2458 2702 2738 2771 professus
2803 2700 2942 2766 (ΑΙ.
2978 2697 3308 2766 processns')
3387 2695 3562 2755 fuero,
3622 2692 3802 2746 statim
3881 2694 4037 2742 iuva-

2448 2797 2566 2850 das.
2621 2794 2753 2849 Etsi
2787 2792 2976 2845 dixero
3036 2790 3163 2843 illttd
3240 2787 3693 2843 ecclesiasticum.
3773 2782 4037 2850 Quotidi'

2451 2891 2591 2943 Deus
2624 2895 2880 2953 operatur
2931 2883 3161 2943 animas,
3205 2890 3258 2935 et
3292 2882 3345 2934 in
3397 2894 3620 2947 corpore
3654 2878 3674 2908 ’
3713 2892 3809 2931 eas
3861 2872 4035 2929 mittit

2452 2980 2816 3037 nascentium,
2843 2977 2991 3030 illico
3020 2974 3259 3043 magistri
3295 2972 3593 3025 teudieulas
3638 2970 3883 3039 proferas
3914 2984 3929 3021 ;
3984 2975 4038 3019 et

2455 3074 2541 3126 ubi
2584 3084 2665 3125 est
2693 3071 2901 3140 iustitia
2939 3068 3052 3131 Dei,
3091 3079 3149 3121 ttt
3172 3068 3237 3121 de
3262 3067 3529 3120 adulterio
3558 3046 3905 3128 'incesmqne
3940 3076 4040 3114 na-

2457 3164 2738 3219 sreutibns
2769 3164 2981 3215 annuas
3033 3157 3329 3229 largiatur?
3363 3158 3505 3226 Ergo
3562 3165 3894 3223 cooperator
3954 3164 4039 3206 est

787 3248 890 3300 tria
922 3249 966 3301 si
996 3246 1125 3315 quid
1154 3246 1206 3298 in
1236 3260 1320 3298 me
1349 3244 1789 3315 reprehenderis,
1818 3258 1922 3295 non
1955 3243 2050 3294 tibi
2082 3241 2352 3295 videberis
2379 3267 2423 3325 ς
2458 3256 2721 3307 malorum
2755 3250 3054 3310 hominum.
3081 3259 3134 3303 et
3180 3249 3438 3303 adulteris
3484 3244 3884 3300 setninantibus
3914 3260 4037 3297 cur-

780 3353 901 3392 i‘ssc
932 3339 1263 3393 contrarius.
1306 3335 1384 3389 Ex
1433 3352 1541 3404 qua
1588 3334 1972 3403 supputatione
2011 3334 2101 3388 illa
2136 3348 2350 3387 summa

784 3430 1050 3492 nascitur,
1082 3440 1211 3484 ette
1241 3443 1427 3482 errare
1484 3442 1547 3481 ea
1588 3428 1641 3479 in
1701 3441 1783 3480 me
1840 3424 2350 3493 reprehendentem,

780 3537 900 3585 «μω
941 3522 1093 3591 prius
1127 3520 1498 3585 laudaveras;
1550 3526 1604 3572 et
1638 3533 1722 3571 me
1750 3532 1857 3570 non
1909 3532 2030 3571 esse
2088 3516 2142 3570 in
2198 3516 2351 3580 vitio,

781 3619 826 3669 si
858 3616 909 3669 iu
943 3614 1151 3669 eisdem
1179 3612 1486 3667 hominibus
1536 3622 1591 3665 et
1639 3609 1909 3663 laudanda
1958 3607 2264 3677 praedicem,
2301 3617 2355 3663 et

782 3724 804 3756 ι
823 3706 1135 3776 imperanda
1168 3705 1579 3773 reprehendam.

855 3801 945 3853 “28.
979 3799 1050 3851 De
1097 3800 1399 3850 animarum
1450 3797 1753 3857 qttwstioue.
1808 3794 1964 3848 Liber
2019 3794 2237 3863 Didymi
2290 3793 2358 3845 ad

788 3892 1060 3955 Ruﬁnum,
1097 3902 1144 3946 et
1206 3886 1534 3955 Explauatio
1567 3888 1694 3943 Osee
1734 3887 1803 3939 ad
1858 3887 2261 3957 Hieronymum.
2290 3916 2360 3925 —

785 3986 1012 4039 'l‘ransis
1041 3985 1107 4038 ad
1140 3984 1450 4037 animarum
1516 3990 1743 4041 statum,
1779 3990 1834 4034 et
1886 3979 2152 4047 prolixius
2183 3978 2360 4031 fumos

789 4094 943 4134 meos
969 4080 1218 4147 inerepas
1250 4095 1263 4142 ;
1301 4087 1464 4146 atque
1491 4083 1550 4128 ut
1581 4074 1675 4125 tibi
1717 4073 1880 4126 liccat
1912 4073 2182 4142 ignorare,
2213 4071 2359 4141 quod

791 4173 1043 4227 consulto
1080 4184 1132 4227 te
1160 4172 1299 4225 scire
1339 4167 1678 4228 dissimulas,
1704 4169 1906 4234 «triatria
1938 4180 1966 4219 a
2002 4179 2085 4218 me
2115 4164 2352 4233 primum

791 4271 861 4319 ile
883 4266 1218 4325 caelestibus.
1241 4264 1511 4331 quomodo
1537 4260 1738 4330 angeli.
1758 4259 2033 4327 quomodo
2052 4257 2361 4324 archangeli

790 4357 1084 4425 sint?qnuv
1117 4356 1333 4419 eis,vel
1385 4354 1562 4423 qualis
1623 4352 1933 4405 habitatio!
1982 4363 2170 4416 quaeve
2222 4347 2363 4401 inter

789 4455 942 4520 ipsos
966 4449 1291 4510 differentia,
1326 4456 1421 4499 aut
1476 4446 1519 4499 si
1568 4446 1714 4498 nulla
1769 4442 2032 4498 omnino?
2069 4456 2187 4507 qua:
2236 4440 2364 4494 solis

790 4544 864 4595 sit
899 4542 1072 4605 ratio;
1095 4540 1238 4592 unde
1260 4545 1551 4605 augmenta
1576 4536 1736 4592 lunm.
1768 4533 1909 4586 unde
1939 4531 2182 4585 delectus
2206 4546 2220 4595 ;
2244 4531 2363 4597 quis

794 4632 876 4685 vel
914 4630 1092 4699 qualis
1152 4629 1223 4682 sit
1288 4626 1525 4681 siderum
1577 4623 1811 4678 enisus?
1865 4622 2029 4675 Miror
2081 4620 2354 4690 quomodo
2390 4619 2431 4673 D

792 4724 993 4777 oblitus
1026 4724 1100 4776 sis
1136 4720 1259 4775 il;os
1292 4718 1591 4773 versiculos
1624 4732 1862 4785 ponere:

887 4880 1028 4927 Unde
1060 4881 1248 4926 tremor
1272 4876 1435 4931 terris,
1469 4889 1563 4935 qua
1595 4873 1638 4921 vi
1673 4872 1819 4935 maria
1857 4870 1950 4918 alta
1976 4876 2269 4935 tumescant,

887 4940 1121 4992 Obicibus
1145 4944 1321 5000 ruptis.
1344 4933 1614 4997 rursusipte
1640 4935 1686 4984 in
1713 4933 1874 5000 seipsa
1914 4934 2133 4980 residant
2169 4944 2179 4977 :

890 5002 1128 5052 Defectus
1164 4995 1292 5050 solis
1322 5006 1499 5055 varios,
1522 4995 1774 5058 Lauteque
1810 4995 2033 5049 labores;

1082 5066 1222 5115 Unde
1247 5053 1493 5113 hominum
1519 5053 1771 5124 genum-et
1809 5058 2052 5134 peenrclnm
2083 5054 2257 5134 inlude
2278 5053 2366 5101 im-

1931 5117 2043 5179 [ber
2065 5123 2115 5179 et
2147 5118 2306 5179 ignes,

892 5197 925 5241 Α
938 5204 1172 5243 returum,
1201 5188 1486 5249 pluviasque
1510 5184 1707 5241 hyadas.
1734 5176 2054 5249 geminosque
2078 5176 2307 5249 Triones;

891 5239 1016 5313 Ouid
1048 5239 1232 5299 tantum
1266 5239 1743 5313 Ozteanoprimereut
1781 5245 2066 5313 sentirtgere
2100 5239 2231 5313 soles

892 5302 1121 5375 fiiberni,
1150 5313 1355 5375 velante
1382 5302 1528 5375 tardis
1554 5321 1682 5352 mora
1720 5304 1943 5375 noctibus
1970 5302 2149 5375 obstet.

1201 5359 1429 5432 (vincit,
1454 5369 1609 5428 δραι-ο
1655 5381 1707 5423 η,
1732 5366 1821 5413 ns
1838 5378 1851 5421 ;
1888 5361 2077 5411 dinei“.
2104 5378 2136 5418 ι,
2168 5359 2295 5417 7l6.)

884 5648 897 5675 ¹
957 5645 1101 5708 Apud
1150 5640 1624 5708 Culphtuniuuos.“
1664 5628 2167 5708 [tulinnmnsmpius
2205 5638 2373 5708 .voeat

813 5699 1188 5781 Cniplnirnium
1209 5750 1222 5769 .
1254 5699 1379 5761 hinc.
1411 5707 1526 5781 ejus
1576 5701 1869 5781 discipulos
1924 5699 2373 5777 (Ialplturnianos,

814 5769 1102 5839 illaearium
1155 5781 1382 5838 scilicet,
1439 5769 1849 5840 Apronianum,
1904 5780 1954 5819 et
1997 5778 2222 5821 ρέιιςιτωε
2258 5769 2375 5840 eius

814 5837 1067 5921 έγμεζτιινμ,
1126 5851 1389 5903 Μλῃτιλδ.
1434 5837 1500 5885 -έ
1546 5845 1660 5921 Una
1686 5842 2071 5921 interpretum
2107 5837 2373 5921 sententia

814 5908 1343 5992 est:Calpurnianus
1372 5933 1436 5971 ex
1464 5931 1525 5968 eo
1551 5912 1655 5968 dici
1685 5908 1864 5962 Rufini
1898 5908 2373 5977 discipttlos,qnod

2455 3362 2609 3414 pura,
2651 3346 2765 3413 ipse
2795 3342 3091 3396 fabricatur
3130 3338 3377 3394 animas?
3408 3339 3559 3406 quasi
3593 3337 3784 3391 vitium
3820 3352 4042 3389 semen—

2458 3439 2526 3491 tis
2553 3437 2603 3489 in
2630 3435 2809 3489 tritico
2839 3433 2907 3487 sit
2954 3431 3095 3501 quod
3156 3430 3302 3484 furto
3337 3430 3535 3482 dicitur
3572 3442 3693 3481 esse
3728 3426 4036 3483 sublatum,

2456 3536 2509 3579 ct
2537 3542 2641 3579 non
2681 3526 2731 3578 in
2763 3540 2829 3578 eo
2858 3521 2949 3590 qui
2981 3522 3251 3573 frumenta
3293 3517 3501 3570 furatus
3533 3527 3611 3569 est
3640 3530 3655 3579 ;
3717 3512 4041 3577 idcirco1ne

2458 3626 2603 3671 terra
2665 3631 2771 3669 non
2838 3613 3033 3667 debeat
3082 3610 3284 3680 gremio
3310 3625 3409 3662 suo
3463 3606 3666 3660 senzina
3717 3601 4039 3663 confovete,

2459 3710 2585 3779 quia
2619 3720 2770 3763 sator
2832 3706 3109 3759 immunda
3141 3719 3201 3758 ea
3235 3701 3521 3772 projecerit
3571 3712 3755 3749 manu.
3787 3693 3928 3747 llinc
3960 3704 4041 3746 est

2459 3813 2512 3858 et
2553 3803 2645 3855 illa
2696 3812 2786 3855 tua
2823 3813 3020 3851 arcana
3072 3795 3461 3862 interrogatio,
3490 3789 3653 3861 558
3692 3803 3867 3857 quare
3926 3801 4041 3836 mo-

2464 3897 2677 3949 riantur
2740 3891 2995 3950 infantes,
3042 3904 3162 3941 cum
3234 3894 3457 3954 propter
3520 3892 3736 3949 peccata
3803 3889 4041 3945 corpora

2464 3986 2793 4055 acceperint.
2832 3984 3019 4037 Exstat
3055 3980 3187 4032 liber
3222 3976 3429 4047 Didymi
3470 3976 3534 4027 ad
3564 3982 3637 4035 te,
3687 3985 3798 4041 quo
3848 3971 4042 4024 scism-

2463 4078 2601 4133 lanti
2641 4078 2734 4131 tibi
2779 4074 3056 4144 respondit
3118 4086 3226 4123 nun
3276 4084 3370 4123 eos
3412 4066 3575 4120 multa
3629 4077 3933 4133 peccasse,
3989 4071 4043 4113 et

2466 4170 2586 4225 ideo
2617 4182 2905 4236 corporum
2948 4177 3194 4218 caret-res
3244 4168 3450 4213 tantum
3501 4162 3578 4209 eis
3613 4154 3860 4225 tetigisse
3884 4153 4040 4206 snfti-

2465 4276 2614 4316 cere.
2643 4258 2893 4327 Magister
2919 4271 3067 4309 meus
3098 4263 3153 4308 et
3183 4261 3308 4305 tuus
3334 4264 3402 4304 eo
3444 4260 3703 4316 tempore.
3734 4262 3843 4311 quo
3889 4255 3946 4298 tu
3977 4244 4043 4295 ab

2466 4369 2532 4408 eo
2567 4353 2669 4405 ista
2701 4348 3003 4417 quaerebas,
3035 4356 3144 4399 tres
3175 4342 3617 4412 explanationum
3656 4341 3709 4391 in
3744 4336 3890 4392 Osee
3916 4352 4041 4405 prn-

2467 4446 2687 4515 phetam
2714 4443 2882 4496 libros
2912 4439 2975 4493 ad
3012 4453 3117 4500 me.
3148 4453 3233 4492 tne
3266 4442 3511 4503 rogante.
3541 4431 3787 4485 dictavit.
3825 4430 3901 4482 Ex
3931 4444 4041 4498 quo

2470 4546 2695 4606 apparet
2753 4534 2881 4603 quid
2913 4548 3019 4596 tne,
3055 4531 3185 4601 qttid
3217 4540 3269 4583 te
3310 4527 3577 4582 docuerit.

2537 4689 2627 4743 29.
2675 4686 2963 4741 Naturales
3014 4683 3345 4753 questiones.
3391 4678 3651 4747 —Urges
3701 4688 3761 4730 ttt
3818 4692 4046 4744 respon-

2470 4783 2627 4837 deam
2659 4781 2726 4833 de
2759 4788 2954 4831 natura
2987 4791 3191 4830 rerum.
3219 4772 3275 4827 Si
3306 4781 3450 4827 esset
3482 4772 3651 4832 locus,
3691 4786 3913 4840 possem
3948 4773 4040 4823 tibi

2471 4875 2554 4928 vel
2588 4872 2823 4927 Lucretii
2873 4870 3156 4936 opiniones
3215 4868 3365 4935 juxta
3404 4864 3736 4932 Epicurum,
3790 4864 3873 4917 ve!
3925 4865 4040 4917 Ari-

2471 4965 2684 5021 stotelis
2709 4963 2860 5031 juxta
2899 4960 3303 5029 Peripateticos,
3345 4957 3427 5011 vel
3459 4955 3699 5008 Platonis
3754 4964 3919 5023 atque
3954 4953 4045 5006 Ze-

2475 5058 2633 5111 nonis
2660 5056 2959 5109 secntuium
2992 5051 3346 5105 Academicos
3385 5058 3439 5102 et
3472 5048 3685 5101 Stoicos
3737 5047 3947 5100 dicere.
3987 5046 4041 5098 Et

2477 5158 2533 5203 ut
2556 5148 2622 5202 ad
2662 5146 2958 5200 Ecclesiam
2992 5157 3288 5205 transeam,
3326 5141 3415 5194 ubi
3442 5154 3629 5194 nornta
3660 5150 3744 5193 est
3779 5140 4043 5196 veritatis,

2477 5246 2644 5297 multa
2684 5252 2737 5297 et
2762 5241 2987 5296 Geni-sis
3011 5249 3064 5295 et
3109 5237 3497 5306 PrOpltetarntn
3564 5234 3687 5289 libri
3752 5250 3815 5287 ac
3857 5232 4043 5287 Eccle-

2477 5337 2673 5389 siastes
2724 5334 2883 5389 nobis
2935 5333 3001 5387 de
3043 5330 3417 5402 hujuscemodi
3467 5327 3862 5397 quaestionibus
3922 5340 4045 5391 sng-

2481 5633 2591 5695 inse
2621 5630 2846 5683 Rufinus
2870 5622 3197 5695 Calpurnius
3236 5619 3331 5670 abs
3365 5616 3696 5695 Hieronymo
3741 5613 3812 5667 ob
3868 5612 4044 5695 convi;

2481 5680 2983 5754 ir'ininhvocaretur:
3009 5692 3213 5747 Atvide
3244 5704 3360 5758 quite
3392 5685 3549 5755 paulo
3572 5680 3583 5683 ⁷
3603 5682 3745 5738 infra
3808 5699 3961 5736 nutu.
3983 5680 4046 5735 3‘2

2482 5770 2984 5831 animadvertimus,
3014 5772 3125 5815 not.
3160 5762 3214 5813 6.

2558 5845 2575 5872 ’
2613 5840 2977 5901 Martianzeus,
3021 5836 3071 5887 in
3105 5846 3341 5897 corpore.
