4202 6542
169 436 255 500 501

1233 441 1534 499 CONTRA
1576 440 1932 501 liUFlNUItl
1982 445 2124 505 Llll.
2177 447 2263 505 Ιῐῐ

3316 451 3425 512 592

157 567 359 621 gerunt.
387 556 496 611 Aut
528 557 573 611 si
628 556 739 611 haec
798 558 1131 627 ignoramus,
1170 557 1444 626 quomodo
1497 556 1563 606 de
1619 554 1733 604 auia
1766 558 1809 611 Α
1842 570 1969 607 nunt
2001 558 2215 610 conaris
2247 557 2430 613 lumen
2453 561 2690 616 auferre.
2715 560 3019 626 Al'islimtlls
3052 564 3059 587 ‘
3086 564 3256 616 nostri
3286 573 3425 617 tem'

159 662 355 703 marum
396 655 545 703 statu
589 647 863 704 debueras
927 651 978 703 in
1037 649 1301 721 Apologia
1345 660 1434 703 tua
1493 649 1736 702 omnium

160 756 329 796 rerum
365 742 737 811 ignorantiam
768 744 1036 813 centiteri,
1068 754 1120 798 et
1147 760 1175 797 a
1242 741 1733 796 calumniatoribus

160 848 425 901 qurere.
462 849 625 889 cura
671 844 721 889 te
780 852 943 890 unum
1000 835 1346 904 impudenter
1408 840 1736 901 expeterent

158 940 268 979 cum
311 928 419 994 ipsi
487 937 637 980 tanta
687 929 1016 984 nescirem?
1064 927 1107 984 Ο
1160 929 1430 983 triremem
1490 925 1735 993 locuple-

157 1021 420 1085 rissimum
474 1061 490 1082 ,
555 1038 677 1091 quat
724 1021 1090 1077 Orientalibus
1146 1032 1203 1079 et
1258 1021 1525 1094 [Egyptiis
1600 1036 1745 1075 mer-

159 1115 304 1169 cibus
370 1114 636 1171 Romanae
712 1116 862 1171 urbis
928 1118 1104 1171 ditare
1162 1124 1386 1172 venerat
1454 1123 1743 1186 pauperta-

159 1221 261 1262 tem
287 1211 305 1263 1

1066 1367 1138 1416 Tn
1167 1368 1407 1415 Maximus
1444 1366 1531 1416 ille
1560 1380 1617 1416 es
1648 1370 1686 1424 ¹.

249 1430 410 1490 Unus,
444 1428 531 1495 qui
567 1430 711 1480 nobis
743 1430 1006 1481 scribendo
1032 1431 1261 1480 restituis
1296 1445 1418 1479 rem.

229 1558 371 1625 Ergo
397 1558 508 1612 nisi
536 1558 603 1611 de
638 1557 860 1611 Oriente
889 1558 1158 1621 venisses,
1224 1556 1626 1610 eruditissimus
1673 1556 1755 1609 vir

163 1652 388 1705 hereret
419 1651 597 1704 adhuc
635 1649 775 1703 inter
815 1648 1250 1710 mathematicos.
1284 1657 1339 1702 et
1384 1663 1574 1702 omnes
1634 1647 1749 1719 [ΑΙ.

164 1743 441 1815 homines]
505 1742 805 1798 Christiani
870 1741 1000 1811 quid
1057 1753 1244 1797 contra
1294 1741 1463 1795 latum
1514 1742 1758 1796 dicerent

166 1844 271 1917 [ΑΙ.
312 1841 713 1915 dissererent],
762 1844 1102 1913 ignorarent.
1142 1840 1335 1895 Merito
1359 1855 1390 1895 a
1427 1854 1513 1894 me
1553 1839 1757 1909 quaeris

165 1941 229 1993 de
257 1937 582 2007 astrologia.
601 1936 793 1992 etrceli
823 1952 883 1990 ac
911 1935 1147 1991 siderum
1175 1949 1338 1990 cursu
1367 1934 1459 2004 qui
1485 1941 1756 1989 tantarum
1789 1907 1832 1963 Β

170 2034 436 2085 mercium
472 2031 686 2099 plenam
732 2042 922 2082 navem
948 2025 1209 2082 detulisti.
1248 2025 1445 2080 Fateor
1472 2031 1754 2095 pauperta-

166 2138 294 2189 tem,
322 2139 438 2178 non
472 2110 592 2176 sum
617 2123 690 2175 ita
720 2131 779 2174 ut
801 2131 854 2174 tu
886 2120 940 2175 in
984 2119 1209 2176 Oriente
1238 2118 1466 2173 ditatus.
1487 2118 1563 2170 'I‘e
1589 2116 1762 2169 multo

169 2229 415 2284 tempore
475 2212 689 2267 Pharus
725 2213 935 2275 docuit,
967 2211 1113 2281 quod
1154 2210 1331 2265 Roma
1374 2209 1605 2263 nescivit
1648 2205 1761 2279 [ΑΙ.

169 2304 434 2377 nesrireti
458 2324 473 2370 ;
501 2306 757 2361 instruxit
780 2303 1071 2376 Egyptus,
1102 2301 1250 2372 quod
1284 2300 1435 2354 Italia
1485 2301 1765 2368 hucusque

169 2416 277 2455 non
309 2400 528 2454 habuit.

237 2493 333 2547 50.
369 2490 661 2546 Sententia
694 2492 854 2545 variae
900 2490 961 2543 de
1020 2490 1221 2542 anima.
1253 2516 1322 2528 --
1349 2487 1558 2542 Scribis
1619 2487 1763 2555 apud

170 2586 710 2643 ecclesiasticostrac
734 2594 937 2636 latores
961 2590 1073 2636 tres
1086 2584 1155 2636 de
1172 2580 1458 2634 animabus
1484 2593 1609 2633 esse
1635 2595 1765 2631 sen-

174 2680 399 2732 tentias.
430 2678 636 2737 Iinam,
678 2692 840 2746 quam
888 2674 1137 2742 sequitur
1178 2674 1481 2739 Origenes;
1513 2675 1763 2735 alteram,

174 2789 338 2842 quam
389 2772 768 2826 Tertullianus
808 2779 859 2823 et
903 2770 1267 2824 Lactantins’
1323 2767 1473 2839 (licet
1528 2770 1593 2821 de
1656 2767 1759 2821 La-

179 2866 394 2922 ctantio
428 2867 774 2935 apertissime
814 2863 1155 2931 mentiaris);
1187 2862 1420 2924 tertiam,
1475 2876 1635 2929 quam
1670 2874 1769 2914 nos

180 2962 463 3029 simplices
491 2969 546 3013 et
582 2959 713 3013 l’atui
740 2958 1014 3021 homines,
1070 2959 1162 3027 qui
1219 2971 1326 3009 non
1384 2956 1762 3024 intelligimus,

178 3054 351 3124 quod,
382 3053 430 3105 si
464 3052 539 3105 ita
568 3053 661 3113 sit,
687 3050 923 3121 injustus
952 3064 981 3103 α
1027 3048 1188 3102 nobis
1216 3055 1476 3118 arguatur
1504 3045 1646 3099 Dens
1704 3045 1771 3099 Et.

177 3158 301 3217 post
333 3148 453 3200 haec
478 3146 636 3213 juras
666 3154 720 3199 te
764 3144 979 3199 nescire
999 3142 1127 3211 quid
1160 3142 1232 3195 sit
1255 3157 1467 3196 verum.
1526 3140 1641 3202 Dic,
1674 3153 1772 3192 oro

1846 650 2014 717 poris,
2043 652 2135 720 qui
2176 652 2389 723 plenam
2423 665 2738 709 cuuctarmu
2776 655 3037 710 mercium
3098 671 3287 710 navem
3321 654 3426 713 Ro-

1847 758 2010 799 mano
2069 747 2281 802 invehis
2341 750 2562 813 portui,
2619 758 2670 801 ct
2725 749 2857 804 sella
2920 748 3132 819 publice
3193 752 3367 818 posita
3404 791 3421 815 ,

1849 840 2235 909 ilermagoram
2297 842 2455 896 nobis
2517 851 2573 897 et
2623 840 2875 910 Gorgiam
2933 843 3162 898 exhibes
3212 842 3428 899 Leonti-

1852 950 1982 989 num
2010 951 2025 999 ;
2057 935 2184 988 dum
2216 936 2473 1005 navigare
2527 935 2779 997 festinas,
2815 937 2974 991 unius
3015 939 3428 1004 quaestiunculze

1850 1028 2266 1084 mercimonium
2307 1031 2359 1082 in
2394 1030 2616 1085 Oriente
2643 1031 2842 1084 oblitus
2874 1046 2951 1084 es.
2987 1031 3051 1083 Et
3104 1032 3295 1086 iterum
3322 1031 3430 1084 cla-

1854 1125 2119 1185 mitas.et
2166 1124 2427 1193 Aquileiae
2477 1137 2637 1195 atque
2688 1122 3030 1179 Alexandriae
3086 1134 3137 1180 te
3173 1125 3429 1181 didicisse

1848 1215 2041 1281 iactas,
2082 1216 2224 1284 quod
2276 1214 2347 1269 sit
2402 1213 2618 1270 Denset
2680 1216 2983 1269 animarum
3021 1223 3075 1267 ct
3138 1231 3426 1280 corporum

1854 1318 2092 1363 creator.
2130 1310 2201 1361 Ue
2236 1309 2337 1361 hoc
2392 1306 2604 1361 scilicet
2637 1307 2865 1373 quaestio
2905 1307 3217 1369 ventilatur,
3247 1322 3428 1361 utrum

1860 1400 2002 1455 Deus
2058 1417 2130 1455 an
2163 1400 2416 1453 diabolus
2464 1401 2675 1452 animas
2726 1400 2952 1467 fecerit;
2993 1409 3046 1454 et
3095 1417 3203 1454 non
3250 1410 3429 1454 utrum

1856 1494 2050 1547 anima:
2080 1500 2209 1545 ante
2243 1506 2474 1560 corpora
2540 1491 2759 1551 l'uerint,
2790 1492 2937 1557 quod
2987 1492 3101 1544 vult
3147 1490 3433 1561 Origenes.

1858 1593 1912 1639 et
1948 1584 2163 1653 egerint
2193 1583 2669 1651 aliquid,propter
2694 1580 2840 1650 quod
2903 1581 3013 1635 sint
3062 1583 3259 1636 crassis
3310 1597 3435 1637 col--

1858 1676 2083 1747 poribus
2117 1675 2348 1743 alligata:
2407 1691 2420 1726 :
2453 1690 2520 1726 an
2570 1675 2622 1728 in
2655 1689 2860 1727 morem
2897 1674 3113 1741 glirium
3164 1682 3437 1742 torpentes-

1860 1768 2276 1838 consopitaaque
2315 1765 2664 1820 dormierint.
2702 1766 2822 1819 llrec
2856 1777 3027 1832 taces,
3085 1782 3206 1835 qua:
3245 1782 3436 1820 omnes

1864 1862 2151 1933 ﬂagitant:
2190 1872 2243 1915 et
2306 1862 2369 1914 ad
2439 1860 2525 1913 illa
2575 1859 2893 1928 respondes,
2952 1875 3072 1929 qua:
3122 1858 3306 1915 nullus
3363 1858 3443 1911 in-

1862 1957 2054 2029 quirit.

1933 2048 2029 2101 3i.
2058 2044 2261 2099 Fumos
2294 2058 2511 2112 quoque
2559 2058 2708 2098 meos
2759 2042 3071 2111 frequenter
3129 2040 3347 2106 irrides,
3379 2054 3444 2094 eo

1862 2140 2007 2210 quod
2042 2137 2291 2193 simulem
2325 2151 2408 2188 me
2444 2135 2586 2188 scire
2615 2136 2760 2203 quod
2820 2135 3081 2197 nesciam,
3136 2145 3189 2187 et
3219 2148 3446 2187 enume—

1862 2235 2073 2290 ratione
2096 2232 2382 2284 doctorum
2440 2227 2575 2282 rude
2627 2227 2821 2297 vulgus
2881 2227 3102 2281 illudam
3136 2225 3247 2298 [Αι.
3291 2226 3448 2279 indu-

1862 2326 2026 2397 cam].
2066 2324 2146 2379 Tu
2181 2324 2435 2377 videlicet
2466 2322 2770 2382 ﬂammeus.
2830 2322 2938 2375 imo
2975 2320 3290 2380 fulmineus.
3355 2310 3444 2387 qui

1864 2420 1917 2474 in
1952 2418 2226 2488 loquendo
2255 2415 2510 2469 fulminas
2545 2424 2600 2468 et
2629 2412 2877 2467 ﬂammas
2903 2429 2997 2466 ore
3034 2420 3328 2479 conceptas
3371 2419 3449 2463 te-

1868 2528 2003 2570 nere
2054 2526 2161 2565 non
2218 2519 2392 2580 potes,
2435 2519 2599 2574 atque
2666 2516 2723 2561 ut
2774 2506 2864 2561 ille
2920 2504 3373 2559 Bar-Chochabas
3404 2502 3446 2569 ‘,

1866 2617 2059 2661 auctor
2089 2603 2372 2657 seditionis
2394 2599 2669 2665 Judaicaz,
2703 2601 2959 2668 stipulam
2991 2600 3045 2652 in
3077 2613 3172 2652 ore
3222 2612 3452 2653 succen-

1870 2715 1983 2753 satn
2017 2698 2257 2751 anhelitu
2321 2694 2633 2758 ventilahat,
2685 2701 2743 2746 ut
2795 2691 3045 2745 ﬂammas
3069 2703 3322 2744 evomere
3350 2704 3451 2758 pu~

1873 2789 2210 2846 taretur:ita
2258 2796 2310 2840 et
2369 2795 2423 2839 tn
2477 2783 2658 2847 nobis,
2703 2782 2842 2836 alter
2875 2781 3221 2847 Salmoneus,
3269 2781 3452 2833 omnia

1868 2900 1964 2952 per
1984 2897 2104 2950 qua:
2138 2878 2349 2933 incedis
2409 2876 2673 2937 illustres,
2701 2884 2755 2927 et
2806 2889 2904 2928 nos
2943 2874 3191 2927 fumosos
3231 2871 3438 2941 arguis,

1872 2977 1937 3029 de
1979 2974 2180 3042 quibus
2218 2972 2355 3023 forte
2411 2970 2643 3027 dicatur,
2685 2990 2702 3018 ι
2752 2966 2856 3032 Qui
2908 2967 3085 3034 tangis
3137 2976 3369 3024 montes.
3404 2974 3458 3017 ct

1871 3066 2139 3135 lumigant
2206 3060 2379 3133 (Psal.
2410 3076 2523 3122 cui.
2562 3058 2696 3127 52);
2735 3077 2752 3110 ι
2792 3073 2887 3111 nec
2924 3057 3178 3125 intelligis
3211 3056 3337 3125 quid
3368 3056 3457 3109 fn-

1874 3175 1999 3212 mus
2032 3158 2085 3209 in
2114 3157 2376 3225 prOpheta
2421 3155 2441 3184 ⁵
2485 3151 2751 3219 significet
2786 3150 2948 3219 560
3005 3150 3370 3212 locustarum;
3406 3159 3460 3203 ct

177 3254 273 3298 δεῖ
306 3250 576 3311 Putasne,
604 3248 759 3292 “"3
808 3239 922 3291 “33¢
958 3235 1122 3306 559
1152 3236 1251 3288 "ia
1301 3250 1418 3288 935"
1475 3232 1678 3302 ³¹ίίιυί⁴¹
1715 3233 1767 3284 ίη
1796 3255 1838 3313 c
1873 3250 2012 3319 quod
2046 3245 2394 3317 pulchritudo
2455 3245 2738 3297 oculorum
2776 3252 2990 3296 tuorum
3034 3242 3456 3295 amaritudinem

184 3353 291 3408 quo
356 3337 566 3390 veritas
601 3334 711 3388 sit?
749 3342 803 3388 et
836 3333 890 3386 in
924 3333 1098 3385 tribus
1127 3330 1246 3385 istis
1279 3329 1660 3384 mendacium?
1682 3328 1764 3383 An

176 3433 245 3487 de
279 3431 462 3486 tribus
498 3443 666 3481 unum
694 3442 813 3479 esse
858 3424 1004 3494 quod
1036 3439 1223 3478 verum
1284 3420 1395 3477 sit?
1428 3423 1483 3477 Si
1534 3434 1619 3477 est
1672 3422 1770 3476 ali-

179 3525 335 3591 quid.
404 3537 508 3575 cur
578 3519 970 3587 disputantium
1025 3518 1333 3571 libertatem
1382 3528 1615 3587 angusto
1666 3516 1769 3569 line

178 3616 477 3671 concludis
503 3631 518 3669 :
548 3624 599 3666 et
633 3628 754 3664 cum
786 3610 1068 3664 mendacia
1099 3610 1418 3679 protuleris,
1452 3610 1518 3663 de
1543 3608 1771 3663 veritate

182 3718 337 3762 taces
358 3708 383 3759 ?
422 3705 519 3757 Sin
546 3713 725 3756 autem
754 3720 784 3755 e
809 3701 985 3755 tribus
1021 3716 1184 3753 unum
1217 3715 1401 3754 verum
1454 3708 1557 3762 est,
1605 3711 1657 3752 et
1685 3713 1768 3752 re-

183 3801 333 3869 liqua
365 3799 475 3852 duo
533 3796 669 3849 falsa
698 3807 867 3850 sunt:
920 3809 1019 3849 cur
1057 3793 1222 3847 simili
1278 3793 1583 3861 ignorantia
1616 3792 1772 3860 igno-

183 3905 279 3943 ras
310 3887 450 3942 falsa
476 3902 601 3939 cum
654 3884 837 3937 veris?
861 3884 941 3937 An
994 3882 1200 3938 idcirco
1231 3898 1415 3937 verum
1462 3881 1774 3937 dissimulas

185 3992 251 4036 ut
284 3982 383 4035 tibi
416 3988 597 4033 tutum
630 3977 720 4042 sit,
772 3992 897 4032 cum
962 3977 1225 4040 volueris,
1268 3975 1402 4029 falsa
1434 3974 1775 4029 defendere?

186 4075 257 4130 lli
293 4074 611 4133 suntiumi,
647 4072 727 4125 hac
775 4070 1057 4138 caligines,
1088 4068 1286 4138 quibus
1310 4084 1377 4123 ex
1403 4067 1575 4123 oculis
1606 4068 1779 4122 homi-

270 4243 287 4272 ⁸
326 4243 407 4294 Tu
437 4236 711 4291 Maximus
745 4234 836 4287 ille
868 4250 946 4286 es.
982 4233 1058 4286 De
1104 4231 1275 4286 Fabio
1321 4230 1558 4285 Maximo
1587 4244 1776 4287 versus

189 4316 298 4368 iste
329 4308 622 4362 Ennianus
643 4315 750 4364 est,
783 4305 925 4360 Unus
954 4304 1041 4371 qui
1090 4304 1237 4355 nobis
1290 4302 1585 4355 cunctando
1608 4306 1780 4371 resti-

188 4384 298 4436 tuit
329 4396 463 4433 rem.
508 4376 777 4431 MARTIAN.
807 4370 973 4427 -—Er
1000 4374 1091 4427 illo
1115 4372 1273 4427 Ennii
1296 4389 1454 4429 versu
1484 4372 1551 4427 de
1584 4370 1651 4438 Q.
1681 4373 1782 4427 Fa-

190 4456 290 4509 bio
319 4450 567 4505 Maximo
599 4463 614 4499 :

293 4566 442 4616 Unus
462 4563 611 4611 homo
636 4558 777 4608 nobis
805 4560 1080 4607 cunctando
1104 4561 1331 4609 restituit
1350 4572 1474 4620 rem,

192 4681 373 4738 quem
401 4661 668 4738 Virgilius
699 4659 810 4738 fere
833 4656 1092 4737 exscribit
1120 4657 1213 4713 lib.
1243 4674 1317 4710 vr.

274 4740 298 4768 ¹
340 4733 550 4788 Recole
581 4747 702 4799 quae
726 4727 1106 4782 adnotavimus
1156 4742 1318 4797 supra
1376 4728 1471 4782 lib.
1536 4746 1592 4794 tt,
1638 4748 1787 4786 num.

276 4879 298 4907 ³
328 4875 642 4937 Aristippus
676 4869 1138 4939 nostritemporis.
1178 4868 1491 4939 Aristippus
1554 4869 1795 4928 Socratis

194 4950 433 5005 auditor
493 4938 1229 5012 Cyrena-usAfuit._primns
1289 4938 1497 5009 qua-stu
1558 4944 1797 5011 philoso-

193 5008 555 5093 phatusest:
594 5008 1088 5090 ltabuitingeuium
1120 5010 1185 5093 ad
1249 5008 1431 5093 9mm
1489 5008 1596 5091 pro
1654 5024 1794 5066 tetu-

193 5079 362 5162 pore,
408 5086 935 5162 lor-octhpersona,
995 5079 1324 5162 simulanda,
1355 5079 1578 5162 omnino
1615 5098 1797 5145 promv

190 5148 390 5233 ptum.
452 5152 932 5233 iiide‘Diogcnetn
980 5161 1029 5202 ct
1090 5148 1394 5232 “cratium.
1430 5152 1799 5233 itermagoras

193 5223 259 5285 Et
297 5228 543 5294 Gorgias
574 5224 820 5276 rhetores
864 5223 1109 5294 luerunt,
1142 5223 1340 5290 egregii
1365 5240 1384 5287 ,-
1411 5224 1610 5276 dicitur
1672 5238 1800 5277 vero

195 5292 484 5366 Gorgias,
508 5296 601 5365 qui
637 5294 845 5366 primus
878 5305 1045 5366 ausus
1070 5292 1215 5366 sitin
1251 5305 1517 5366 conventu
1580 5308 1803 5361 poscere

194 5360 433 5439 qnavde
469 5360 544 5418 rev
565 5365 796 5439 quisque
853 5363 1012 5439 vellet
1065 5360 1286 5426 audire;
1331 5378 1393 5439 ac
1425 5365 1489 5415 de
1539 5366 1682 5417 minii
1744 5379 1805 5417 re

193 5432 555 5512 rinacuuque
592 5436 645 5487 in
678 5432 1131 5512 disceptationem
1196 5434 1674 5512 qna'stiotn-mque
1702 5449 1802 5488 vo-

202 5502 478 5567 Earetur,
542 5519 601 5559 se
651 5503 875 5569 copiose
898 5502 1170 5555 dicturum
1247 5518 1368 5556 esse
1424 5506 1802 5571 proﬁtebatur.

202 5583 496 5637 Maurus.
532 5604 598 5614 —
629 5575 961 5638 Aristippum
1011 5574 1322 5640 Cyrcnmnm
1387 5572 1648 5641 intelligo,
1710 5574 1809 5628 so-

202 5651 393 5706 cratis
431 5646 776 5706 familiarem,
821 5644 982 5695 aultri
1046 5645 1245 5706 ingenii
1284 5643 1697 5713 philosophum,
1742 5645 1809 5699 de

202 5740 330 5793 σμιυ
361 5718 603 5773 8,131.:

312 5830 501 5882 Omnis
528 5827 856 5888 Artistippum
878 5823 1047 5873 decuit
1069 5826 1221 5884 color,
1248 5831 1301 5874 et
1323 5830 1481 5873 status
1502 5831 1553 5872 et
1579 5838 1678 5872 res.

214 5933 326 5987 ilic
409 5928 680 6003 siquidem
761 5926 992 5997 primus.
1057 5933 1191 5981 teste
1256 5923 1443 5989 Suida,
1505 5926 1807 5978 mercedem

1874 3342 2005 3396 ittuii
2038 3339 2220 3394 nostri
2249 3338 2392 3391 ferre
2422 3352 2529 3391 non
2560 3347 2758 3406 potest.

1950 3434 2040 3488 5'2.
2079 3432 2151 3485 De
2175 3440 2506 3485 sacramento
2538 3430 2589 3482 in
2625 3431 2849 3484 somnio.
2886 3460 2953 3470 —
2987 3429 3064 3484 De
3104 3428 3334 3481 crimine
3358 3443 3462 3480 au-

1879 3538 1987 3582 tem
2020 3524 2264 3593 periurii,
2297 3523 2427 3593 quia
2458 3537 2542 3576 me
2571 3523 2807 3577 remittis
2868 3523 2933 3575 ad
2981 3521 3225 3575 codicem
3286 3530 3460 3583 tuum,

1876 3630 1932 3674 et
1979 3634 2043 3672 ex
2100 3632 2291 3684 magna
2338 3625 2488 3683 parte
2514 3615 2565 3668 in
2612 3616 2734 3669 aliis
2794 3615 2944 3668 libris
2992 3614 3085 3666 tibi
3145 3614 3467 3682 Calpurniu—

1878 3727 1983 3782 que
2011 3712 2032 3741 ⁸
2068 3709 2320 3779 respondi
2350 3725 2363 3762 :
2403 3724 2551 3763 nunc
2605 3708 2842 3762 hrevitcr
2891 3708 3095 3761 dixisse
3126 3707 3381 3767 sufﬁciat,
3413 3714 3464 3759 te

1881 3806 2103 3874 exigere
2128 3820 2155 3855 a
2181 3803 2490 3857 dormiente
2545 3802 2689 3871 quod
2753 3817 3026 3869 nunquam
3057 3802 3287 3867 vigilans
3321 3814 3460 3868 pra:-

1883 3898 2089 3953 stitisti.
2122 3894 2299 3962 Magni
2349 3894 2599 3949 criminis
2631 3910 2755 3949 reus
2800 3910 2943 3960 sum,
2974 3893 3018 3947 si
3062 3894 3252 3961 puellis
3277 3903 3327 3945 et
3352 3892 3463 3945 vir-

1882 3990 2100 4062 ginibus
2126 3990 2325 4042 Christi
2372 3988 2487 4041 dixi
2516 3988 2804 4041 smculares
2842 3988 3015 4039 libros
3046 4004 3151 4039 non
3184 3986 3463 4055 legendos.

1884 4090 1937 4135 et
1970 4096 2054 4133 me
2082 4082 2133 4132 in
2165 4079 2373 4131 somnis
2412 4079 2803 4132 communitum
2850 4080 3168 4147 promisisse
3201 4094 3264 4131 ne
3320 4079 3461 4146 lege-

1887 4240 1958 4295 ab
1987 4236 2331 4291 auditoribus
2362 4236 2477 4289 suis
2509 4236 2709 4304 exegit.
2758 4235 3167 4300 Hermagoram,
3208 4236 3297 4296 nni
3333 4236 3464 4285 sull-

1888 4310 2155 4376 seqttitur,
2189 4306 2433 4369 Carintn,
2467 4323 2494 4355 a
2540 4322 2646 4373 quo
2680 4305 2817 4357 idem
2879 4305 3074 4358 Snidas
3134 4305 3461 4369 peculiarem

1890 4379 2191 4437 institutam
2229 4376 2390 4430 trudit
2446 4376 2657 4427 dicendi
2711 4377 3000 4438 rationem,
3064 4390 3224 4441 quam
3289 4376 3461 4428 secoti

1890 4460 2019 4505 sunt
2093 4447 2329 4515 plurimi.
2388 4445 2488 4499 Vid
2541 4444 2961 4509 Quintilianum.
3019 4443 3274 4511 Gorgiam
3341 4460 3466 4497 vero

1889 4519 2235 4577 Leontinum,
2275 4518 2368 4585 qui
2406 4516 2614 4583 primus
2645 4515 2843 4569 dicitur
2879 4516 3106 4567 Athenis
3169 4516 3220 4566 in
3254 4517 3466 4568 theatro

1897 4605 2067 4645 ausus
2124 4590 2305 4643 dicere
2352 4586 2713 4644 auditoribus.
2776 4585 3131 4653 προϐάλλετε.
3178 4589 3312 4647 sive,
3361 4601 3466 4653 qua

1820 4634 1866 4688 θ
1894 4664 1959 4713 de
1984 4675 2039 4711 re
2070 4661 2285 4727 quisque.
2326 4655 2708 4727 vultis_audit'e
2754 4634 3045 4725 proponite.
3083 4653 3176 4708 llis
3211 4634 3467 4710 omnibus

1898 4725 2149 4792 coaequat
2182 4725 2433 4780 Rnliuunt
2475 4725 2854 4794 Hieronymus.
3092 4779 3096 4784 ,

1969 4800 1990 4831 δ
2030 4799 2130 4854 Ille
2175 4795 2639 4851 Bar-Chochabas.
2677 4799 2780 4849 Bar
2813 4796 3133 4850 Chochahas
3188 4796 3325 4859 apud
3362 4797 3470 4851 Eu—

1900 4872 2108 4927 sebium
2139 4870 2231 4921 lilt.
2270 4885 2338 4926 tv.
2370 4883 2490 4933 cap.
2520 4868 2571 4930 6,
2595 4878 2651 4921 et
2681 4868 3001 4922 Salmoneus
3026 4870 3163 4934 apud
3187 4867 3467 4933 Virgilium

1901 4943 2193 4997 invenitur.
2225 4937 2647 4993 MAMIAN.——Ab
2674 4939 2926 4999 Eusebio,
2946 4953 2973 4989 a
2994 4952 3100 5005 quo
3128 4934 3349 4991 historia
3374 4940 3471 4992 ist-

1900 5014 2016 5066 hzec
2046 5012 2414 5063 narratnrlili.
2445 5025 2516 5071 Iv,
2542 5026 2603 5079 7c.
2635 5009 2687 5068 6,
2720 5007 3135 5079 llarclrocltebus.
3182 5012 3474 5079 Βαρχωχε-

1902 5084 2000 5142 ὂᾶς
2031 5081 2252 5133 dicitur.
2282 5078 2553 5131 Salutonci
2575 5080 2859 5133 notissima
2880 5078 3326 5148 apud.\'irgiliuin
3376 5082 3468 5134 lib.

1902 5167 1953 5205 vi
1988 5151 2185 5205 fabula.

1976 5224 1996 5252 ⁵
2034 5221 2293 5273 Joannem
2321 5221 2375 5272 in
2413 5219 2752 5288 Apocalypsi.
2795 5222 2950 5288 cujus
2996 5220 3186 5273 isthaec
3212 5231 3356 5286 sunt,
3398 5220 3472 5273 De

1909 5292 2052 5359 fumo
2082 5294 2222 5359 putei
2252 5294 2490 5343 exierunt
2540 5291 2755 5344 locusta:
2784 5291 2835 5342 in
2873 5303 3092 5355 terram,
3143 5304 3189 5345 et
3224 5293 3351 5345 data
3397 5301 3474 5346 est

1907 5364 2013 5415 illis
2037 5371 2286 5428 potestas,
2318 5373 2421 5413 etc.

1981 5434 2002 5464 ⁶
2026 5432 2162 5505 Hinc
2194 5433 2333 5505 licrl_
2362 5431 2661 5505 intelligere
2720 5432 2992 5505 diversum
3021 5449 3047 5485 a
3080 5434 3275 5486 Rufino
3300 5434 3475 5486 homi-

1910 5519 2031 5559 nem
2063 5501 2336 5565 Culpurnti
2362 5501 2579 5554 nomine
2615 5502 2712 5556 abs
2747 5502 3071 5572 HierOnynto
3114 5505 3313 5567 notari,
3342 5519 3477 5557 con-

1912 5586 1993 5627 tra
2026 5588 2186 5639 quam
2236 5571 2396 5643 vulgo
2435 5572 2677 5625 sentiunt
2734 5573 2967 5643 eruditi.
3010 5572 3106 5625 llic
3156 5590 3320 5643 porro
3373 5574 3475 5626 loci

1918 5643 2185 5695 Victorius
2212 5642 2295 5694 vel
2350 5643 2742 5710 Apronianum,
2786 5643 2868 5694 vel
2927 5642 3239 5707 Macariu’m,
3298 5642 3476 5696 Rnlini

1914 5714 2140 5770 amicos.
2172 5713 2251 5764 vel
2278 5712 2513 5779 demque
2536 5713 2858 5774 Palladium,
2891 5715 3032 5779 quod
3061 5716 3222 5767 etiam
3244 5717 3306 5769 P.
3334 5712 3477 5767 Mar-

1916 5788 2141 5836 tiansrus
2170 5784 2501 5851 SliSpit'alUl'.
2553 5783 2820 5851 intelligit.
2855 5782 2944 5837 Ille
3002 5786 3139 5837 idem
3171 5796 3315 5839 ciirte
3373 5793 3479 5847 est,

1915 5870 2076 5922 quem
2116 5854 2168 5905 in
2202 5855 2426 5919 epistola
2456 5854 2520 5905 ad
2559 5853 2802 5923 Magnum
2858 5854 3111 5923 suggillet
3151 5856 3476 5908 eonomine.

1923 5925 2053 5977 \idc
2087 5940 2203 5993 qum
2240 5942 2289 5977 tn
2324 5925 2472 5979 illum
2506 5925 2749 5993 cpistolx
2782 5925 2962 5981 locum
3003 5926 3404 5983 adnotavimus.
