4202 6482
739 397 843 457 503

1921 402 1979 463 S.
2019 403 2327 464 EUSEBH
2375 406 2421 463 ll
2437 409 2451 463 l
2468 407 2662 463 EllUN
2677 406 2805 465 ΥΜΙ

3881 403 4001 468 50$

722 528 854 567 rem.
887 512 1000 567 Tua
1033 520 1209 575 navis.
1249 517 1505 570 Romana:
1535 517 1654 571 tttbi
1696 516 2026 574 rchlatioue
2065 519 2293 586 promis-
2319 531 2367 586 Α
2399 521 2900 588 interpretationem
2939 535 3113 575 nteant
3191 535 3361 577 ausus
3421 537 3481 576 es
3528 521 3583 574 in
3639 520 3794 574 libris
3860 525 4002 587 περὶ

717 619 776 660 sa
808 605 848 670 ⁸,
883 607 1028 660 aliud
1060 605 1369 677 pollicetur,
1400 622 1453 664 et
1483 610 1627 663 aliud
1663 608 1848 664 eflicit.
1888 610 2299 666 Mathematicu-

719 715 839 753 rum
897 712 1120 757 venerat
1173 703 1384 758 solvere
1440 704 1788 773 qurrstiones,
1843 715 1896 760 et
1929 707 2089 760 solvit
2140 705 2298 760 fidem

715 789 1182 850 Christianorum.
1214 795 1353 861 Quae
1381 813 1474 867 per
1503 796 1713 853 Ionium
1737 809 1790 853 et
1821 798 2074 868 Egeum.
2109 799 2301 854 Adria-

715 885 885 940 ticum
914 898 1075 956 atque
1104 887 1445 959 Tyrrhenum
1507 890 1620 962 [ΑΙ.
1649 893 1866 946 additur
1899 893 2076 964 mare]
2129 894 2302 963 plenis

717 991 1038 1035 rucurrerat
1081 983 1248 1043 velis.
1309 983 1361 1036 in
1420 980 1669 1038 Romano
1737 993 1897 1053 portu
1954 987 2300 1056 naufragium

720 1071 868 1126 fecit.
913 1073 1102 1127 Nonne
1130 1086 1178 1127 Ie
1212 1077 1373 1144 pudet
1422 1076 1732 1131 istiusmodi
1765 1076 2120 1132 deliramenta
2170 1094 2302 1132 con-

722 1168 959 1234 quirere,
985 1176 1029 1220 el
1077 1169 1208 1223 tttilti
1242 1171 1439 1224 similia
1473 1171 1761 1237 objiciendi
1814 1173 2089 1240 imponere
2119 1187 2304 1226 ncces-

721 1262 977 1314 sitatetn?
1017 1263 1163 1326 Esto,
1192 1265 1329 1317 alius
1352 1265 1416 1318 de
1452 1276 1502 1318 te
1531 1267 1802 1320 somnium
1839 1266 2046 1319 viderat
2103 1267 2305 1334 glorio-

720 1368 879 1422 sum;
927 1360 1265 1412 verecundiae
1311 1371 1412 1411 tua:
1455 1359 1630 1413 fuerat
1683 1370 1736 1413 et
1789 1359 2088 1429 prudentiae
2137 1360 2307 1414 dissi-

723 1449 936 1504 mulare
992 1452 1133 1518 quod
1179 1452 1474 1514 audieras.
1545 1462 1598 1506 et
1654 1467 1806 1515 non.
1887 1452 2047 1520 quasi
2111 1468 2306 1522 magno

722 1543 1064 1607 testimonio.
1128 1543 1352 1599 alterius
1407 1546 1622 1599 somnio
1675 1543 1919 1612 gloriari.
1983 1541 2114 1598 Vide
2179 1546 2305 1613 quid

723 1633 864 1689 inter
892 1641 1043 1687 tuuut
1106 1644 1163 1690 et
1205 1652 1382 1690 meum
1438 1638 1654 1690 intersit
1703 1638 2000 1691 somnium.
2062 1636 2176 1706 Ego
2223 1652 2309 1690 me

725 1726 1005 1782 humiliter
1031 1729 1422 1798 reprehensum
1473 1729 1674 1798 refero,
1727 1738 1784 1782 tu
1815 1730 2084 1798 jactanter
2115 1730 2307 1782 lauda-

725 1830 839 1874 tttttt
870 1830 920 1874 te
942 1838 1063 1876 esse
1115 1824 1487 1891 congeminas.
1538 1822 1645 1878 Nec
1696 1824 1876 1876 dicere
1928 1831 2103 1891 potes,
2155 1820 2303 1874 Nihil

2405 613 2620 683 Ἀρχῶν
2650 613 2848 682 stylutn
2885 611 3094 682 ﬁgere?
3124 611 3263 669 Num
3291 613 3336 667 si
3371 627 3679 667 erraveram
3711 621 3770 664 ut
3801 610 3999 668 homo.

2405 705 2649 759 debuisti
2682 719 2766 756 tne
2807 703 3038 771 privatis
3078 704 3280 758 litteris
3310 703 3626 766 convenire.
3659 712 3713 757 et
3746 702 3828 756 sic
3859 695 4002 754 mihi

2407 799 2665 863 blandiri,
2688 799 2964 866 quomodo
2984 808 3036 851 et
3063 812 3164 867 ego
3198 797 3294 852 tibi
3325 812 3472 851 nunc
3497 798 3550 850 in
3573 795 3824 865 epistolis
3845 793 3994 847 meis

2405 890 2703 944 blandior?
2739 907 2756 940 ι
2791 888 2914 944 Htec
2935 899 3048 944 tota
3075 905 3194 943 mea
3225 889 3383 959 culpa
3415 899 3520 954 est,
3548 903 3716 957 quare
3742 885 4002 940 subdolis

2406 985 2658 1040 laudibus
2720 993 3006 1038 accusatus
3059 999 3296 1054 purgare
3335 999 3423 1038 me
3449 983 3618 1048 volui,
3654 991 3707 1034 et
3740 980 3848 1033 hoc
3877 978 4004 1032 sine

2407 1077 2613 1132 invidia
2647 1077 2890 1132 nominis
2922 1079 2996 1130 tui
3033 1092 3049 1130 :
3093 1085 3153 1130 ιιι
3183 1077 3328 1146 quod
3362 1085 3416 1129 tu
3436 1075 3586 1130 solus
3611 1085 4003 1132 aceusaveras,

2410 1175 2477 1226 ad
2518 1173 2722 1227 multos
2756 1173 3059 1236 referrem,
3106 1186 3214 1224 non
3258 1170 3352 1222 tibi
3401 1169 3650 1222 haeresim
3693 1166 4006 1235 objicient.

2407 1268 2496 1322 sed
2524 1282 2550 1318 a
2577 1282 2659 1320 nte
2680 1266 2969 1334 repellens.
3034 1263 3294 1332 Nunquid
3321 1261 3457 1316 scivi
3482 1261 3622 1330 quod
3655 1257 4006 1319 irascereris,

2411 1364 2454 1414 si
2487 1369 2677 1414 contra
2729 1359 3016 1414 lia-retices
3047 1359 3342 1412 scriberem
3373 1356 3397 1409 ’ἒ
3435 1355 3662 1408 Dixeras
3694 1365 3746 1405 te
3775 1350 3844 1405 de
3877 1347 4004 1404 Ori-

2416 1453 2570 1522 genis
2610 1450 2766 1505 libris
2792 1451 3049 1504 haeretica
3088 1450 3380 1502 sustulisse
3411 1463 3424 1500 :
3457 1445 3722 1499 fautorem
3756 1453 3804 1496 te
3823 1441 4006 1494 hatre-

2410 1546 2646 1599 ticorum
2677 1543 2785 1612 jam
2817 1558 2925 1596 non
2951 1558 3072 1598 esse
3099 1541 3412 1605 credebam,
3455 1548 3508 1594 et
3536 1538 3654 1591 ideo
3687 1551 3794 1590 non
3826 1534 3884 1587 in
3924 1541 4004 1598 te.

2408 1635 2500 1690 sed
2539 1636 2591 1688 itt
2617 1635 2899 1688 haereticos
2931 1633 3191 1687 invectus
3218 1645 3337 1685 sum
3363 1647 3378 1696 ;
3409 1629 3461 1683 itt
3486 1644 3594 1698 quo
3621 1629 3666 1679 si
3699 1626 4006 1678 vehemen-

2411 1728 2516 1779 tior
2552 1726 2651 1785 fui.
2687 1725 2910 1793 ignosce
2940 1722 3095 1775 tttilti.
3131 1719 3348 1782 Potavi,
3389 1717 3532 1788 quod
3571 1727 3624 1771 et
3666 1715 3762 1768 tibi
3817 1713 4008 1778 place-

2415 1835 2552 1871 rem.
2608 1817 2774 1870 Furto
2808 1826 2860 1870 et
2893 1814 3113 1868 insidiis
3158 1813 3532 1866 ministrorum
3574 1820 3821 1862 nieorum
3863 1804 4010 1857 dicis

723 1928 846 1965 mea
886 1913 1053 1968 refert
1081 1913 1208 1980 qttid
1231 1915 1371 1968 alius
1401 1915 1620 1978 viderit.
1661 1930 1787 1968 cum
1825 1914 1877 1968 in
1931 1916 2298 1970 luculentissi-
2333 1897 2372 1955 Β
2403 1911 2694 1964 scltedulas
2727 1919 2848 1962 tuas
2900 1908 2952 1960 in
2987 1905 3264 1975 publicum
3313 1903 3566 1972 prolatas
3629 1898 3800 1952 fuisse
3831 1939 3843 1960 ,
3882 1909 4012 1962 qua:

725 2007 834 2060 mis
868 2009 1019 2062 libris
1044 2008 1152 2061 tuis
1203 2008 1305 2064 hac
1332 2019 1382 2063 te
1408 2008 1473 2062 ad
1522 2010 1992 2077 interpretandum
2035 2010 2189 2064 dieas
2222 2025 2308 2063 ra-

729 2102 876 2156 tione
899 2110 1353 2167 comtnotuttt,.ne
1403 2101 1484 2154 vir
1528 2102 1755 2156 illustris
1808 2103 1872 2157 de
1929 2113 1978 2157 te
2035 2102 2305 2158 somnium

727 2195 1001 2262 perderet.
1040 2193 1138 2249 Hic
1166 2205 1248 2249 est
1292 2197 1470 2249 omnis
1518 2205 1748 2249 conatus
1781 2205 1946 2262 tuus;
1983 2194 2027 2250 si
2061 2211 2146 2248 me
2183 2208 2307 2263 per-

721 2290 927 2355 juriutn
963 2290 1235 2350 docueris.
1270 2297 1322 2340 tu
1365 2288 1655 2342 haereticus
1682 2302 1789 2340 non
1827 2287 1957 2340 eris.

795 2386 887 2440 '55.
924 2385 997 2437 Dc
1029 2384 1342 2451 inﬁdelitate
1369 2381 1659 2435 calumnia.
1691 2412 1757 2422 —
1788 2380 1957 2434 Venio
1979 2379 2043 2433 ad
2101 2379 2311 2446 gravis-

732 2483 932 2536 simum
960 2480 1195 2542 crimen,
1219 2479 1270 2532 in
1300 2493 1431 2546 quo,
1454 2483 1574 2542 post
1605 2474 1989 2528 reconciliatas
2019 2474 2312 2534 amicitias.

732 2592 818 2630 nte
852 2575 1192 2628 inﬁdelitatis
1222 2586 1474 2626 accusas.
1510 2569 1730 2631 Fateor.
1783 2569 1926 2622 inter
1975 2579 2167 2622 cuneta
2201 2582 2318 2620 ma-

726 2669 954 2732 ledicta,
997 2681 1116 2736 quae
1154 2665 1238 2718 vel
1277 2665 1512 2734 objicis,
1578 2665 1656 2716 vel
1701 2663 1950 2722 minaris.
2005 2661 2138 2714 nihil
2177 2675 2204 2712 a
2234 2675 2318 2714 nte

736 2766 814 2817 ita
846 2759 1219 2829 repellendum
1275 2769 1357 2812 est
1390 2773 1552 2826 quam
1588 2755 1761 2818 fraus,
1791 2755 1970 2816 dolus,
1999 2754 2315 2806 inﬁdelitas.

730 2853 968 2909 Peccare
1014 2852 1159 2905 ettittt
1196 2851 1433 2903 hominis
1481 2858 1564 2901 est
1602 2863 1616 2900 :
1673 2846 1899 2900 insidias
1931 2845 2176 2907 tendere,
2206 2845 2320 2897 dia-

735 2947 874 3001 boli.
916 2944 1059 3011 Ergo
1096 2945 1218 2997 ideo
1249 2945 1300 2996 in
1335 2944 1590 2995 Anastasi
1630 2941 1650 2970 ¹
1684 2938 1967 2994 immolato
2004 2952 2144 3003 agno
2195 2936 2324 2990 dex-

747 3051 894 3092 teras
958 3037 1244 3106 junxituus
1278 3075 1294 3096 .
1353 3044 1409 3086 ιιι
1449 3033 1606 3103 561
1654 3044 1772 3085 tuas
1811 3030 1996 3083 Romae
2037 3028 2324 3083 scbedulas

749 3129 1098 3183 furarenuw?
1142 3137 1200 3180 ut
1234 3125 1462 3179 immissi
1504 3121 2066 3177 canesinetnendatzts
2108 3123 2326 3174 chartu-

740 3224 826 3277 lus
856 3261 871 3287 .
925 3237 976 3276 te
1021 3221 1350 3282 dormiente,
1389 3215 1785 3271 corroderent?
1821 3215 1883 3268 Et
1937 3213 2039 3267 hoc
2072 3213 2326 3266 credibile

2412 2000 2655 2054 latebant
2707 1999 2760 2050 in
2811 1995 3067 2051 cubiculo
3125 2006 3254 2055 tuo.
3305 1993 3390 2047 vel
3452 1991 3594 2061 apud
3648 2005 3774 2042 eum
3825 1988 4009 2041 solum

2411 2100 2566 2146 erant
2610 2091 2702 2159 qui
2761 2105 2874 2142 retu
2911 2089 3012 2142 sibi
3047 2088 3159 2157 geri
3196 2085 3530 2153 iniunxerat.
3577 2081 3738 2152 562
3779 2080 3842 2133 Et
3869 2093 4012 2146 quo-

2419 2185 2580 2237 modo
2649 2199 2813 2251 supra
2865 2182 3148 2235 confiteris
3212 2179 3356 2247 quod
3398 2187 3492 2230 aut
3541 2176 3723 2230 nullus
3758 2189 3853 2226 eas
3917 2171 4014 2223 Ita-

2416 2277 2596 2330 buerit
2622 2315 2636 2338 .
2676 2285 2770 2328 aut
2822 2273 3114 2328 admodum
3170 2269 3378 2340 pauci?
3423 2269 3476 2324 Si
3515 2270 3565 2322 in
3621 2264 3879 2321 cubiculo
3918 2274 4016 2316 tuo

2421 2371 2695 2428 latebant.
2749 2384 2856 2436 qua
2901 2368 3112 2421 ratione
3145 2366 3285 2433 apud
3331 2379 3452 2417 eum
3509 2369 3664 2414 erant
3735 2357 3831 2427 qui
3904 2355 4012 2408 sibi

2419 2480 2535 2518 rem
2589 2464 2700 2529 geri
2740 2460 3096 2530 iniunxerat?
3130 2457 3226 2513 Sin
3259 2466 3439 2510 autem
3489 2470 3630 2508 unus
3663 2453 3748 2506 cui
3787 2451 4015 2517 scripta:

2419 2556 2638 2608 fuerant
2690 2551 3046 2607 occultandas
3075 2559 3416 2614 susceperat,
3451 2558 3584 2612 ergo
3610 2559 3717 2596 non
3760 2542 4016 2594 latebant

2419 2657 2634 2700 tantum
2669 2644 2722 2698 in
2775 2642 3032 2698 cubiculo
3061 2653 3175 2705 tuo,
3207 2654 3306 2693 nec
3335 2638 3644 2690 habuerunt
3677 2647 3771 2685 eas
3798 2630 3965 2700 pauci
3997 2667 4015 2691 ,

2420 2753 2559 2807 quos
2597 2737 2852 2790 habuisse
2885 2741 3114 2788 testatus
3149 2747 3230 2783 es.
3266 2727 3434 2781 Furto
3470 2727 3717 2780 sublatas
3747 2724 3940 2792 arguis
3977 2759 3994 2780 .

2425 2839 2479 2883 et
2516 2844 2735 2882 rursum
2770 2836 2981 2896 emptas
3013 2823 3202 2894 grandi
3240 2823 3469 2889 pecunia
3500 2829 3552 2872 et
3597 2817 3828 2870 inlinitis
3863 2830 4014 2866 mer-

2422 2923 2578 2976 cibus
2607 2920 2942 2974 criminaris.
2980 2918 3034 2971 ltt
3074 2931 3179 2968 una
3228 2930 3304 2972 re.
3358 2921 3412 2966 et
3463 2914 3515 2964 iu
3565 2926 3728 2976 parva
3770 2907 4012 2972 epistola

2426 3024 2632 3084 quanta
2659 3012 2901 3065 varietas
2935 3021 2988 3063 et
3019 3006 3362 3061 dissonantia
3412 3005 3712 3058 mentiendi
3741 3005 3753 3054 l
3792 3001 3917 3054 Tibi
3954 3000 4015 3052 li—

2428 3118 2515 3161 cet
2548 3120 2831 3167 accusare,
2866 3103 2998 3155 utilti
3027 3100 3327 3154 defendere
3356 3114 3460 3152 non
3504 3096 3732 3150 licebit?
3772 3094 4015 3158 Quando

2433 3200 2765 3262 criminaris,
2817 3199 3056 3249 amirunt
3095 3211 3201 3248 non
3239 3193 3466 3261 rogitas.
3501 3191 3733 3255 Quando
3777 3202 4018 3254 respon-

734 3326 819 3369 (ιιι
882 3323 1006 3368 ante
1035 3327 1135 3367 nos
1164 3320 1515 3364 accusatores
1554 3322 1794 3373 parasse.
1825 3321 1987 3374 quam
2027 3315 2084 3358 tu
2113 3304 2315 3358 critnett

2433 3291 2570 3356 deo,
2607 3301 2736 3344 tunc
2769 3289 2864 3341 tibi
2907 3288 2992 3354 ius
3025 3287 3277 3340 amicitiae
3310 3285 3362 3338 in
3411 3291 3649 3336 mentem
3685 3282 3855 3332 venit.
3889 3277 4012 3335 Dic.

737 3425 766 3460 a
795 3404 1101 3460 lmineres?
1131 3402 1352 3458 Scilicet
1385 3415 1714 3454 noveramus
1739 3399 1867 3466 quid
1901 3400 1955 3450 in
1997 3399 2178 3449 animo
2202 3397 2318 3450 vol-

738 3499 940 3553 verus?
972 3499 1100 3566 quid
1149 3497 1290 3549 alius
1322 3494 1389 3547 de
1415 3505 1467 3546 te
1499 3492 1811 3546 suntniatus
1847 3498 1991 3544 esset
2014 3489 2079 3540 ’?
2117 3497 2176 3540 ut
2218 3489 2320 3540 int-

741 3592 1054 3662 plereturin
1098 3606 1146 3644 te
1179 3604 1413 3658 graecum
1453 3586 1827 3656 proverbium.
1857 3595 1908 3636 et
1962 3581 2071 3654 [Αι.
2117 3580 2195 3653 υι]
2228 3595 2319 3633 sus

740 3691 959 3742 deceret
991 3682 1312 3736 Minervam.
1350 3678 1405 3733 Si
1443 3679 1742 3734 Eusebium
1778 3691 1880 3746 ego
1908 3678 1971 3729 ad
2009 3675 2317 3727 latrandttm

740 3783 1038 3838 miseram.
1089 3775 1214 3844 quis
1270 3772 1479 3826 Aterbii
1534 3771 1687 3843 [mss.
1727 3768 1931 3823 Atarvii
1985 3777 2034 3820 et
2085 3765 2320 3837 Atarbii]

740 3883 927 3929 contra
975 3883 1026 3925 te
1060 3879 1113 3923 rt
1143 3877 1460 3922 czcterorunt
1496 3863 1700 3916 rabiem
1737 3858 2083 3914 concitavit?
2130 3857 2322 3910 Nonne

741 3970 832 4023 ille
860 3976 943 4022 est
1006 3964 1098 4026 qui
1143 3975 1195 4016 et
1225 3977 1309 4013 mc
1347 3958 1668 4012 ltaereticum
1702 3969 1767 4006 ex
1822 3955 1930 4006 tuis
1961 3947 2324 4015 antic'itiisju-

744 4056 1006 4113 dicabat?
1029 4053 1128 4108 Cui
1191 4066 1312 4102 cum
1357 4047 1750 4103 satisfecissent
1800 4042 2156 4096 damnatione
2187 4041 2321 4110 dog-

744 4162 951 4208 utatutn
985 4146 1237 4215 Origenis
1262 4185 1276 4208 ,
1313 4154 1368 4196 tu
1419 4141 1641 4194 clausus
1671 4136 1818 4189 domi
1885 4151 2162 4201 nunquam
2199 4149 2321 4186 eum

745 4247 930 4298 videre
963 4253 1131 4294 ausus
1158 4254 1240 4301 es,
1279 4251 1346 4289 ne
1399 4244 1496 4288 aut
1530 4233 1828 4286 damnares
1873 4227 2017 4297 qnod
2059 4227 2281 4280 nolebas
2307 4267 2321 4290 ,

747 4348 839 4393 aut
876 4343 1058 4404 aperte
1085 4332 1344 4385 resistens
1409 4334 1675 4379 lucreseos
1705 4323 1964 4377 invidiam
2000 4322 2321 4374 SUSlillcreS.

747 4434 827 4485 An
868 4427 1072 4481 idcirco
1105 4425 1259 4476 testis
1293 4429 1482 4472 contra
1518 4428 1568 4469 te
1627 4431 1748 4470 esse
1801 4429 1905 4468 non
1945 4412 2165 4482 poterit.
2200 4413 2324 4479 quia

747 4530 1034 4576 accusator
1076 4517 1149 4567 ttti
1204 4512 1332 4565 est?
1366 4512 1671 4577 Antequam
1721 4514 1950 4558 sanctus
1991 4501 2327 4571 Epiphanius

750 4616 988 4667 venisset
1027 4605 1461 4674 Hierosolymam
1495 4639 1509 4663 ,
1570 4611 1622 4659 et
1654 4614 1746 4651 ore
1780 4596 2000 4667 quidem
2035 4603 2086 4647 ct
2141 4594 2327 4646 osculo

748 4708 844 4760 tibi
891 4718 1079 4768 pacem
1115 4701 1288 4760 daret,
1318 4697 1454 4746 mala
1488 4704 1670 4745 autem
1705 4702 1756 4744 et
1786 4689 1940 4742 dolos
1965 4689 2017 4740 in
2043 4701 2143 4741 Suo
2169 4685 2332 4739 corde

753 4810 996 4855 servat-et
1027 4811 1041 4860 ;
1085 4803 1381 4858 antequam
1422 4802 1520 4839 nos
1553 4787 1601 4838 ei
1633 4784 2070 4853 suggillationem
2102 4784 2179 4833 tui
2216 4778 2333 4846 epi-

751 4891 922 4960 sntlas
980 4887 1346 4951 dlictaretuus,
1385 4888 1444 4933 ut
1477 4876 1786 4931 ltazreticum
1843 4875 2105 4927 scriberet
2163 4885 2326 4940 quem

755 4958 961 5038 osculis
1018 4975 1380 5030 ortltodoxum
1431 4967 1850 5038 comprobavit.
1912 4958 2328 5032 Aterbius[Al.

758 5069 1038 5142 Atcrvius]
1071 5079 1262 5125 contra
1303 5076 1356 5120 te
1403 5064 1634 5116 latrabat
1672 5058 2100 5127 Hierosolymis;
2131 5066 2185 5107 et
2227 5055 2330 5106 nisi

758 5171 870 5223 cito
903 5165 1128 5229 abiisset
1152 5202 1167 5224 ,
1205 5161 1471 5214 sensisset
1503 5154 1756 5207 baculuut
1817 5165 1922 5204 non
1958 5150 2263 5202 litterarum
2295 5147 2337 5209 ’⁵,

758 5263 855 5317 sed
887 5260 1127 5320 dexteras
1171 5264 1273 5306 tua:
1306 5235 1482 5318 {quo
1538 5257 1591 5300 ιιι
1650 5262 1815 5298 canes
1863 5243 2078 5310 abigere
2105 5255 2339 5296 censue.

760 5353 910 5408 visti.

827 5443 917 5499 34.
951 5441 1021 5495 De
1048 5434 1312 5492 schedulis
1338 5449 1436 5485 non
1465 5428 1777 5483 emendatis.
1808 5456 1872 5466 —-
1910 5446 1926 5476 ι
1956 5425 2090 5486 Cur,
2125 5422 2299 5490 inquit
2321 5461 2334 5481 ,

771 5537 997 5593 falsatas
1057 5545 1207 5585 meas
1267 5524 1555 5579 schedulas
1616 5519 1952 5589 suscepisti?
1993 5516 2172 5582 Quare
2223 5523 2344 5582 post

840 5678 855 5707 ί
888 5674 1107 5728 Scilicet
1146 5666 1390 5724 Macarii.
1419 5660 1561 5730 quod
1591 5674 1754 5727 supra
1783 5658 2000 5730 irridet.
2035 5653 2267 5730 somnio.

839 5750 859 5780 ³
892 5723 1138 5796 l’essime
1173 5723 1538 5796 Martianaius,
1583 5733 1636 5783 in
1663 5723 1963 5787 'Auastasii,
2001 5723 2343 5796 quandoer-

768 5817 911 5874 roris
945 5793 1218 5865 Vit-torius
1264 5793 1548 5858 monuerat
1579 5842 1592 5865 ,
1656 5801 1746 5874 qui
1807 5798 1992 5874 (Eryce
2043 5793 2341 5874 dvastdse:

771 5866 1075 5952 rescripsit.
1112 5879 1249 5942 Quid
1291 5889 1449 5952 porro
1504 5882 1641 5924 esset
1677 5866 1976 5952 ﬂlnatstnsis
2007 5905 2018 5924 ,
2065 5866 2175 5913 sive
2210 5872 2344 5911 tem-

951 5937 1068 6007 [aut
1120 5937 1760 6005 locus-Resmrertioms
1797 5937 2090 5992 DOllilfllCcC
2118 5976 2129 5997 ,
2175 5948 2341 6003 supra

2425 3399 2523 3437 oro
2557 3399 2630 3446 te.
2664 3382 2920 3435 celandas
2955 3377 3244 3432 schedulas
3300 3378 3600 3444 scripseras
3624 3413 3638 3432 .
3671 3387 3738 3424 an
3772 3369 4015 3438 prodest-

2424 3477 2565 3531 das?
2596 3477 2640 3530 si
2684 3486 2743 3529 ut
2775 3476 3007 3538 celares,
3040 3487 3137 3525 cur
3189 3465 3497 3537 scripsisti?
3546 3467 3590 3521 si
3625 3475 3683 3519 ut
3716 3464 4012 3532 proderes.

2427 3585 2523 3624 cur
2562 3568 2777 3622 celabas
2800 3567 2824 3619 ἲ

2497 3661 2586 3715 35.
2623 3659 2775 3715 Cavit
2824 3660 3176 3727 suspicionem
3232 3655 3585 3725 ltypocriseos.
3608 3679 3678 3690 ——-
3713 3647 3821 3702 Sed
3852 3648 3907 3700 in
3946 3661 4016 3697 eo

2426 3753 2907 3822 reprehendendus
2932 3768 3081 3815 sum,
3137 3764 3308 3816 quare
3339 3757 3689 3801 accusatores
3721 3753 3845 3794 tuos
3874 3739 4017 3792 arni-

2427 3859 2520 3898 cos
2557 3858 2706 3897 meos
2734 3859 2841 3896 non
2882 3842 3245 3896 coercuerim.
3281 3838 3378 3893 Vis
3409 3838 3510 3890 tibi
3549 3835 3821 3904 proferam
3865 3832 4016 3884 litte-

2430 3953 2514 3990 ras
2575 3951 2762 3989 eorunt
2793 3977 2808 3999 ,
2846 3936 2899 3987 in
2958 3935 3156 4003 quibus
3189 3947 3274 3986 me
3335 3927 3690 4000 hypocriseos
3720 3933 3968 3991 arguunt
3998 3961 4014 3983 ,

2429 4027 2570 4096 quod
2609 4036 2659 4081 te
2697 4029 2878 4081 sciens
2934 4025 3276 4085 litereticum,
3318 4020 3623 4083 tacuerint;
3679 4017 3826 4084 quod
3882 4017 4014 4068 dum

2431 4131 2618 4184 pacem
2654 4117 2909 4170 ἱιιοςιιιιιιε
2943 4115 3159 4183 ιιι-σει)ρο
3186 4153 3200 4176 .
3252 4112 3508 4166 intestina
3563 4108 3822 4162 Ecclesizn
3873 4107 4014 4161 bella

2430 4212 2645 4281 suscepi
2673 4211 2695 4264 ?
2727 4210 2806 4264 Tu
2857 4209 3159 4279 discipulos
3195 4224 3394 4270 vocas,
3431 4206 3526 4274 qui
3576 4221 3660 4259 me
3689 4215 3845 4256 tuum
3881 4219 4014 4255 con—

2431 4303 2757 4370 discipulum
2792 4302 3164 4371 suspicantur.
3203 4298 3268 4351 Et
3303 4299 3430 4367 quia
3463 4296 3679 4364 parcior
3717 4294 3793 4345 lui
3839 4293 3895 4345 in
3935 4309 4018 4344 re-

2433 4396 2684 4449 fellettdis
2721 4395 2978 4447 laudibus
3011 4393 3141 4457 tuis,
3176 4401 3369 4461 putant
3404 4406 3490 4443 me
3523 4398 3678 4441 tuum
3702 4401 3823 4440 esse
3860 4400 4014 4454 sym-

2435 4496 2668 4558 ntysten.
2700 4485 2812 4539 Hoc
2846 4486 2977 4538 mihi
3026 4484 3282 4553 prastitit
3318 4484 3575 4551 prologus
3623 4491 3770 4542 tuus.
3807 4490 3866 4530 ιιι
3895 4479 4016 4544 plus

2436 4596 2522 4632 tne
2589 4579 2805 4631 anticus
2865 4579 3088 4631 laedercs
3140 4591 3301 4641 quam
3353 4575 3633 4627 inimicus.
3683 4571 3862 4625 Semel
3913 4571 4016 4624 sibi

2438 4678 2822 4738 persuaserant
2858 4669 3032 4734 (recte
3072 4681 3138 4717 au
3193 4678 3475 4732 perperam
3530 4663 3628 4731 ipsi
3667 4663 3931 4723 viderint)
3968 4672 4019 4713 te

2442 4778 2564 4816 esse
2608 4761 2944 4815 haereticum.
3004 4757 3060 4812 Si
3099 4757 3391 4810 defendere
3423 4756 3674 4812 voluero.
3708 4757 3809 4807 hoc
3836 4754 4016 4807 solum

2442 4854 2717 4924 proﬁciam
2784 4862 2840 4905 ιιι
2868 4867 2951 4904 me
2991 4860 3170 4903 tecum
3215 4848 3418 4918 pariter
3447 4857 3726 4902 accusent.
3770 4845 4020 4914 Denique

2443 4949 2575 5002 mibi
2609 4946 2879 5016 objiciunt
2923 4944 3290 4998 laudationem
3324 4951 3496 5005 tuam,
3520 4949 3576 4995 et
3607 4952 3658 4993 te
3679 4955 3788 4994 non
3819 4949 4020 5000 putant

2443 5041 2702 5095 insidiose
2724 5039 3030 5107 scripsisse.
3057 5036 3150 5090 sed
3179 5051 3332 5089 vere:
3361 5034 3573 5102 etquod
3592 5045 3646 5086 tu
3674 5032 3724 5086 in
3756 5048 3842 5086 nte
3872 5047 4020 5086 sem~

2444 5147 2540 5201 per
2572 5140 2696 5184 ante
2730 5131 3010 5192 laudabas,
3035 5127 3384 5181 vehementer
3409 5124 3748 5177 insimulant.
3773 5123 3917 5188 Quid
3937 5138 4021 5175 me

2445 5225 2532 5276 vis
2569 5221 2793 5276 facere?
2830 5229 2888 5274 ttt
2931 5220 3231 5288 discipulos
3285 5227 3636 5271 accusatores
3671 5230 3770 5284 pro
3811 5225 3863 5268 te
3922 5216 4019 5268 ha-

2444 5318 2637 5371 beam:
2673 5325 2730 5368 ιιι
2754 5324 3002 5369 contorta
3042 5314 3093 5366 itt
3125 5313 3359 5367 amicum
3399 5310 3578 5379 jacula
3604 5349 3620 5373 .
3677 5325 3799 5364 meo
3846 5310 4018 5363 susci-

2447 5410 2589 5478 piant
2626 5415 2840 5476 pectore
2865 5405 2888 5457 ?

2517 5499 2604 5552 56.
2661 5500 2731 5551 De
2785 5498 2934 5549 libris
2964 5503 3144 5549 autem
3176 5493 3308 5563 περὶ
3359 5493 3574 5561 Ἀρχῶν
3607 5491 3771 5544 debes
3806 5492 3939 5543 Inibi
3969 5499 4019 5542 et

2448 5659 2736 5710 docuimus
2773 5655 2868 5708 lib.
2922 5662 3114 5706 contra
3164 5650 3322 5706 Joan.
3352 5649 3710 5715 Hierosolym.
3743 5665 3899 5702 num.
3935 5650 4017 5712 ll,

2489 5743 2517 5774 ﬂ

2487 5739 2562 5782 ot.

2448 5744 2479 5782 η
2519 5799 2536 5827 ³
2577 5797 2738 5847 Vetus
2765 5796 2919 5852 etlit..
2953 5793 3314 5846 somniaturus
3345 5801 3499 5844 esset.

2528 5880 2539 5895 δ
2573 5867 2749 5920 Minus
2783 5867 2915 5920 bene
2951 5863 3316 5928 Mat-tiattzcus,
3351 5863 3690 5916 litterarium.
